  <div class='ocr_page' id='page_1' title='image "/cluster/home/n/w/nwhite01/storage/ocr_20150623/69/umn.31951002477362u/276.png"; bbox 0 0 3952 6398; ppageno 0'>
   <div class='ocr_carea' id='block_1_1' title="bbox 228 291 339 350">
    <p class='ocr_par' dir='ltr' id='par_1_1' title="bbox 228 291 339 350">
     <span class='ocr_line' id='line_1_1' title="bbox 228 291 339 350; baseline 0 0"><span class='ocrx_word' id='word_1_1' title='bbox 228 291 339 350; x_wconf 74' lang='lat'><strong>555</strong></span> 
     </span>
    </p>
   </div>
   <div class='ocr_carea' id='block_1_2' title="bbox 1549 274 2231 340">
    <p class='ocr_par' dir='ltr' id='par_1_2' title="bbox 1549 274 2231 340">
     <span class='ocr_line' id='line_1_2' title="bbox 1549 274 2231 340; baseline -0.012 -2"><span class='ocrx_word' id='word_1_2' title='bbox 1549 279 1910 340; x_wconf 73' lang='lat' dir='ltr'><strong>VARIARUM</strong></span> <span class='ocrx_word' id='word_1_3' title='bbox 1953 277 2154 332; x_wconf 72' lang='lat' dir='ltr'><strong>LIBER</strong></span> <span class='ocrx_word' id='word_1_4' title='bbox 2187 274 2231 330; x_wconf 94' lang='lat' dir='ltr'><strong>I.</strong></span> 
     </span>
    </p>
   </div>
   <div class='ocr_carea' id='block_1_3' title="bbox 3315 235 3522 333">
    <p class='ocr_par' dir='ltr' id='par_1_3' title="bbox 3315 235 3522 333">
     <span class='ocr_line' id='line_1_3' title="bbox 3315 235 3522 333; baseline 0 -1"><span class='ocrx_word' id='word_1_5' title='bbox 3315 235 3324 239; x_wconf 60' lang='grc'><strong>’</strong></span> <span class='ocrx_word' id='word_1_6' title='bbox 3417 275 3522 333; x_wconf 69' lang='lat' dir='ltr'><strong>sat</strong></span> 
     </span>
    </p>
   </div>
   <div class='ocr_carea' id='block_1_4' title="bbox 229 396 3526 480">
    <p class='ocr_par' dir='ltr' id='par_1_4' title="bbox 229 396 3526 480">
     <span class='ocr_line' id='line_1_4' title="bbox 229 396 3526 480; baseline -0.005 -14"><span class='ocrx_word' id='word_1_7' title='bbox 229 409 395 466; x_wconf 99' lang='lat' dir='ltr'><strong>deant</strong></span> <span class='ocrx_word' id='word_1_8' title='bbox 423 414 650 480; x_wconf 87' lang='lat' dir='ltr'><strong>paterna</strong></span> <span class='ocrx_word' id='word_1_9' title='bbox 673 406 892 464; x_wconf 87' lang='lat' dir='ltr'><strong>servitia</strong></span> <span class='ocrx_word' id='word_1_10' title='bbox 914 404 1228 463; x_wconf 77' lang='lat' dir='ltr'><strong>contulisse.</strong></span> <span class='ocrx_word' id='word_1_11' title='bbox 1260 402 1442 460; x_wconf 87' lang='lat' dir='ltr'><strong>Prosit</strong></span> <span class='ocrx_word' id='word_1_12' title='bbox 1469 403 1598 473; x_wconf 83' lang='lat' dir='ltr'><strong>ergo</strong></span> <span class='ocrx_word' id='word_1_13' title='bbox 1620 402 1826 472; x_wconf 87' lang='lat' dir='ltr'><strong>generi,</strong></span> <span class='ocrx_word' id='word_1_14' title='bbox 1857 402 1906 462; x_wconf 84' lang='lat' dir='ltr'><strong>A</strong></span> <span class='ocrx_word' id='word_1_15' title='bbox 1933 399 2089 454; x_wconf 89' lang='lat' dir='ltr'><strong>sione</strong></span> <span class='ocrx_word' id='word_1_16' title='bbox 2117 408 2465 470; x_wconf 63' lang='lat' dir='ltr'><strong>praestamus;</strong></span> <span class='ocrx_word' id='word_1_17' title='bbox 2498 406 2558 456; x_wconf 90' lang='lat' dir='ltr'><strong>ut</strong></span> <span class='ocrx_word' id='word_1_18' title='bbox 2594 414 2700 457; x_wconf 85' lang='lat' dir='ltr'><strong>nec</strong></span> <span class='ocrx_word' id='word_1_19' title='bbox 2744 397 2954 469; x_wconf 82' lang='lat' dir='ltr'><strong>legibus</strong></span> <span class='ocrx_word' id='word_1_20' title='bbox 2980 405 3036 456; x_wconf 91' lang='lat' dir='ltr'><strong>te</strong></span> <span class='ocrx_word' id='word_1_21' title='bbox 3079 396 3381 459; x_wconf 85' lang='lat' dir='ltr'><strong>subtrahat,</strong></span> <span class='ocrx_word' id='word_1_22' title='bbox 3423 409 3526 451; x_wconf 80' lang='lat' dir='ltr'><strong>nec</strong></span> 
     </span>
    </p>
   </div>
   <div class='ocr_carea' id='block_1_5' title="bbox 231 492 1828 571">
    <p class='ocr_par' dir='ltr' id='par_1_5' title="bbox 231 492 1828 571">
     <span class='ocr_line' id='line_1_5' title="bbox 231 492 1828 571; baseline -0.006 -14"><span class='ocrx_word' id='word_1_23' title='bbox 231 500 380 571; x_wconf 84' lang='lat' dir='ltr'><strong>quod</strong></span> <span class='ocrx_word' id='word_1_24' title='bbox 422 501 603 570; x_wconf 89' lang='lat' dir='ltr'><strong>potuit</strong></span> <span class='ocrx_word' id='word_1_25' title='bbox 630 501 790 556; x_wconf 88' lang='lat' dir='ltr'><strong>unius</strong></span> <span class='ocrx_word' id='word_1_26' title='bbox 815 497 1108 554; x_wconf 76' lang='lat' dir='ltr'><strong>devotione</strong></span> <span class='ocrx_word' id='word_1_27' title='bbox 1144 495 1428 568; x_wconf 67' lang='lat' dir='ltr'><strong>praestari:</strong></span> <span class='ocrx_word' id='word_1_28' title='bbox 1457 493 1583 565; x_wconf 84' lang='lat' dir='ltr'><strong>quia</strong></span> <span class='ocrx_word' id='word_1_29' title='bbox 1620 492 1828 562; x_wconf 81' lang='lat' dir='ltr'><strong>majora</strong></span> 
     </span>
    </p>
   </div>
   <div class='ocr_carea' id='block_1_6' title="bbox 233 583 1830 661">
    <p class='ocr_par' dir='ltr' id='par_1_6' title="bbox 233 583 1830 661">
     <span class='ocr_line' id='line_1_6' title="bbox 233 583 1830 661; baseline -0.006 -13"><span class='ocrx_word' id='word_1_30' title='bbox 233 609 336 650; x_wconf 88' lang='lat' dir='ltr'><strong>nos</strong></span> <span class='ocrx_word' id='word_1_31' title='bbox 379 593 542 649; x_wconf 86' lang='lat' dir='ltr'><strong>decet</strong></span> <span class='ocrx_word' id='word_1_32' title='bbox 584 592 846 661; x_wconf 89' lang='lat' dir='ltr'><strong>tribuere,</strong></span> <span class='ocrx_word' id='word_1_33' title='bbox 873 604 1038 660; x_wconf 86' lang='lat' dir='ltr'><strong>quam</strong></span> <span class='ocrx_word' id='word_1_34' title='bbox 1063 587 1346 644; x_wconf 80' lang='lat' dir='ltr'><strong>videamur</strong></span> <span class='ocrx_word' id='word_1_35' title='bbox 1391 601 1422 641; x_wconf 90' lang='lat' dir='ltr'><strong>a</strong></span> <span class='ocrx_word' id='word_1_36' title='bbox 1469 583 1830 642; x_wconf 77' lang='lat' dir='ltr'><strong>servientibus</strong></span> 
     </span>
    </p>
   </div>
   <div class='ocr_carea' id='block_1_7' title="bbox 233 677 1831 757">
    <p class='ocr_par' dir='ltr' id='par_1_7' title="bbox 233 677 1831 757">
     <span class='ocr_line' id='line_1_7' title="bbox 233 677 1831 757; baseline -0.007 -17"><span class='ocrx_word' id='word_1_37' title='bbox 233 684 532 756; x_wconf 79' lang='lat' dir='ltr'><strong>accepisse.</strong></span> <span class='ocrx_word' id='word_1_38' title='bbox 557 683 658 740; x_wconf 81' lang='lat' dir='ltr'><strong>Hic</strong></span> <span class='ocrx_word' id='word_1_39' title='bbox 681 681 852 757; x_wconf 77' lang='lat' dir='ltr'><strong>[Niv.,</strong></span> <span class='ocrx_word' id='word_1_40' title='bbox 881 679 1027 752; x_wconf 70' lang='lat' dir='ltr'><strong>Haec]</strong></span> <span class='ocrx_word' id='word_1_41' title='bbox 1048 679 1328 752; x_wconf 62' lang='lat' dir='ltr'><strong>aequalitas</strong></span> <span class='ocrx_word' id='word_1_42' title='bbox 1345 677 1570 746; x_wconf 56' lang='lat' dir='ltr'><strong>aequitas</strong></span> <span class='ocrx_word' id='word_1_43' title='bbox 1589 690 1697 732; x_wconf 91' lang='lat' dir='ltr'><strong>non</strong></span> <span class='ocrx_word' id='word_1_44' title='bbox 1723 681 1831 742; x_wconf 89' lang='lat' dir='ltr'><strong>est,</strong></span> 
     </span>
    </p>
   </div>
   <div class='ocr_carea' id='block_1_8' title="bbox 232 763 1830 846">
    <p class='ocr_par' dir='ltr' id='par_1_8' title="bbox 232 763 1830 846">
     <span class='ocr_line' id='line_1_8' title="bbox 232 763 1830 846; baseline -0.007 -16"><span class='ocrx_word' id='word_1_45' title='bbox 232 773 333 830; x_wconf 84' lang='lat' dir='ltr'><strong>sed</strong></span> <span class='ocrx_word' id='word_1_46' title='bbox 375 788 506 846; x_wconf 88' lang='lat' dir='ltr'><strong>pars</strong></span> <span class='ocrx_word' id='word_1_47' title='bbox 543 781 730 830; x_wconf 85' lang='lat' dir='ltr'><strong>nostra</strong></span> <span class='ocrx_word' id='word_1_48' title='bbox 773 771 1068 844; x_wconf 76' lang='lat' dir='ltr'><strong>justissima</strong></span> <span class='ocrx_word' id='word_1_49' title='bbox 1112 774 1326 842; x_wconf 88' lang='lat' dir='ltr'><strong>pensat,</strong></span> <span class='ocrx_word' id='word_1_50' title='bbox 1382 782 1507 824; x_wconf 84' lang='lat' dir='ltr'><strong>cum</strong></span> <span class='ocrx_word' id='word_1_51' title='bbox 1556 763 1830 822; x_wconf 86' lang='lat' dir='ltr'><strong>reddendo</strong></span> 
     </span>
    </p>
   </div>
   <div class='ocr_carea' id='block_1_9' title="bbox 234 864 825 936">
    <p class='ocr_par' dir='ltr' id='par_1_9' title="bbox 234 864 825 936">
     <span class='ocr_line' id='line_1_9' title="bbox 234 864 825 936; baseline 0.002 -17"><span class='ocrx_word' id='word_1_52' title='bbox 234 864 360 936; x_wconf 85' lang='lat' dir='ltr'><strong>plus</strong></span> <span class='ocrx_word' id='word_1_53' title='bbox 386 864 552 922; x_wconf 85' lang='lat' dir='ltr'><strong>fuerit</strong></span> <span class='ocrx_word' id='word_1_54' title='bbox 577 871 825 922; x_wconf 89' lang='lat' dir='ltr'><strong>onerata.</strong></span> 
     </span>
    </p>
   </div>
   <div class='ocr_carea' id='block_1_10' title="bbox 723 1013 1353 1072">
    <p class='ocr_par' dir='ltr' id='par_1_10' title="bbox 723 1013 1353 1072">
     <span class='ocr_line' id='line_1_10' title="bbox 723 1013 1353 1072; baseline -0.002 -1"><span class='ocrx_word' id='word_1_55' title='bbox 723 1014 1055 1072; x_wconf 82' lang='lat' dir='ltr'><strong>EPISTOLA</strong></span> <span class='ocrx_word' id='word_1_56' title='bbox 1094 1013 1353 1070; x_wconf 81' lang='lat' dir='ltr'><strong>XXXVII.</strong></span> 
     </span>
    </p>
   </div>
   <div class='ocr_carea' id='block_1_11' title="bbox 629 1122 1453 1166">
    <p class='ocr_par' dir='ltr' id='par_1_11' title="bbox 629 1122 1453 1166">
     <span class='ocr_line' id='line_1_11' title="bbox 629 1122 1453 1166; baseline -0.001 -1"><span class='ocrx_word' id='word_1_57' title='bbox 629 1125 902 1166; x_wconf 71' lang='lat' dir='ltr'><strong>CRISPILNO</strong></span> <span class='ocrx_word' id='word_1_58' title='bbox 931 1123 1298 1164; x_wconf 74' lang='lat' dir='ltr'><strong>THEODORICUS</strong></span> <span class='ocrx_word' id='word_1_59' title='bbox 1325 1122 1453 1164; x_wconf 67' lang='lat' dir='ltr'><strong>REX.</strong></span> 
     </span>
    </p>
   </div>
   <div class='ocr_carea' id='block_1_12' title="bbox 238 1195 1834 1270">
    <p class='ocr_par' dir='ltr' id='par_1_12' title="bbox 238 1195 1834 1270">
     <span class='ocr_line' id='line_1_12' title="bbox 238 1195 1834 1270; baseline -0.003 -14"><span class='ocrx_word' id='word_1_60' title='bbox 238 1199 404 1256; x_wconf 80' lang='lat' dir='ltr'><strong>Illum</strong></span> <span class='ocrx_word' id='word_1_61' title='bbox 424 1201 490 1256; x_wconf 84' lang='lat' dir='ltr'><strong>ab</strong></span> <span class='ocrx_word' id='word_1_62' title='bbox 514 1203 702 1258; x_wconf 72' lang='lat' dir='ltr'><strong>exsilio</strong></span> <span class='ocrx_word' id='word_1_63' title='bbox 724 1211 949 1270; x_wconf 72' lang='lat' dir='ltr'><strong>reuocat,</strong></span> <span class='ocrx_word' id='word_1_64' title='bbox 983 1201 1032 1256; x_wconf 80' lang='lat' dir='ltr'><strong>si</strong></span> <span class='ocrx_word' id='word_1_65' title='bbox 1059 1215 1236 1255; x_wconf 71' lang='lat' dir='ltr'><strong>revera</strong></span> <span class='ocrx_word' id='word_1_66' title='bbox 1273 1201 1328 1255; x_wconf 84' lang='lat' dir='ltr'><strong>in</strong></span> <span class='ocrx_word' id='word_1_67' title='bbox 1352 1195 1834 1270; x_wconf 26' lang='lat' dir='ltr'><strong>adulterioudepre-</strong></span> 
     </span>
    </p>
   </div>
   <div class='ocr_carea' id='block_1_13' title="bbox 311 1267 1834 1342">
    <p class='ocr_par' dir='ltr' id='par_1_13' title="bbox 311 1267 1834 1342">
     <span class='ocr_line' id='line_1_13' title="bbox 311 1267 1834 1342; baseline -0.003 -17"><span class='ocrx_word' id='word_1_68' title='bbox 311 1273 533 1327; x_wconf 77' lang='lat' dir='ltr'><strong>hensum</strong></span> <span class='ocrx_word' id='word_1_69' title='bbox 552 1273 826 1342; x_wconf 85' lang='lat' dir='ltr'><strong>occiderit,</strong></span> <span class='ocrx_word' id='word_1_70' title='bbox 857 1282 908 1326; x_wconf 86' lang='lat' dir='ltr'><strong>et</strong></span> <span class='ocrx_word' id='word_1_71' title='bbox 934 1267 1082 1342; x_wconf 70' lang='lat' dir='ltr'><strong>jubet</strong></span> <span class='ocrx_word' id='word_1_72' title='bbox 1121 1280 1176 1324; x_wconf 88' lang='lat' dir='ltr'><strong>ut</strong></span> <span class='ocrx_word' id='word_1_73' title='bbox 1202 1270 1424 1342; x_wconf 78' lang='lat' dir='ltr'><strong>pecunia</strong></span> <span class='ocrx_word' id='word_1_74' title='bbox 1462 1267 1678 1342; x_wconf 60' lang='lat' dir='ltr'><strong>{ignauo</strong></span> <span class='ocrx_word' id='word_1_75' title='bbox 1699 1267 1834 1342; x_wconf 59' lang='grc' dir='ltr'><strong>ρας-</strong></span> 
     </span>
    </p>
   </div>
   <div class='ocr_carea' id='block_1_14' title="bbox 311 1337 1832 1425">
    <p class='ocr_par' dir='ltr' id='par_1_14' title="bbox 311 1337 1832 1425">
     <span class='ocr_line' id='line_1_14' title="bbox 311 1337 1832 1425; baseline 0 0"><span class='ocrx_word' id='word_1_76' title='bbox 311 1343 506 1425; x_wconf 52' lang='lat' dir='ltr'><strong>mne</strong></span> <span class='ocrx_word' id='word_1_77' title='bbox 532 1341 796 1425; x_wconf 55' lang='lat' dir='ltr'><strong>Crimine</strong></span> <span class='ocrx_word' id='word_1_78' title='bbox 812 1337 847 1394; x_wconf 80' lang='grc' dir='ltr'><strong>·α</strong></span> <span class='ocrx_word' id='word_1_79' title='bbox 868 1337 1061 1425; x_wconf 54' lang='lat' dir='ltr'><strong>rem</strong></span> <span class='ocrx_word' id='word_1_80' title='bbox 1088 1337 1381 1425; x_wconf 65' lang='grc' dir='ltr'><strong>,ιεμνρεε</strong></span> <span class='ocrx_word' id='word_1_81' title='bbox 1403 1339 1481 1425; x_wconf 62' lang='lat' dir='ltr'><strong>vel</strong></span> <span class='ocrx_word' id='word_1_82' title='bbox 1497 1337 1637 1425; x_wconf 62' lang='lat' dir='ltr'><strong>fcie</strong></span> <span class='ocrx_word' id='word_1_83' title='bbox 1663 1337 1832 1425; x_wconf 63' lang='lat' dir='ltr'><strong>9M</strong></span> 
     </span>
    </p>
   </div>
   <div class='ocr_carea' id='block_1_15' title="bbox 308 1409 1834 1482">
    <p class='ocr_par' dir='ltr' id='par_1_15' title="bbox 308 1409 1834 1482">
     <span class='ocr_line' id='line_1_15' title="bbox 308 1409 1834 1482; baseline -0.005 -14"><span class='ocrx_word' id='word_1_84' title='bbox 308 1409 518 1468; x_wconf 71' lang='lat' dir='ltr'><strong>extorta</strong></span> <span class='ocrx_word' id='word_1_85' title='bbox 532 1409 865 1478; x_wconf 72' lang='lat' dir='ltr'><strong>restituatur;</strong></span> <span class='ocrx_word' id='word_1_86' title='bbox 890 1411 1066 1482; x_wconf 76' lang='lat' dir='ltr'><strong>illique</strong></span> <span class='ocrx_word' id='word_1_87' title='bbox 1085 1409 1344 1464; x_wconf 66' lang='lat' dir='ltr'><strong>Candoris</strong></span> <span class='ocrx_word' id='word_1_88' title='bbox 1365 1410 1631 1464; x_wconf 77' lang='lat' dir='ltr'><strong>tuitionem</strong></span> <span class='ocrx_word' id='word_1_89' title='bbox 1650 1415 1834 1463; x_wconf 86' lang='lat' dir='ltr'><strong>contra</strong></span> 
     </span>
    </p>
   </div>
   <div class='ocr_carea' id='block_1_16' title="bbox 309 1481 1056 1556">
    <p class='ocr_par' dir='ltr' id='par_1_16' title="bbox 309 1481 1056 1556">
     <span class='ocr_line' id='line_1_16' title="bbox 309 1481 1056 1556; baseline -0.003 -18"><span class='ocrx_word' id='word_1_90' title='bbox 309 1481 568 1556; x_wconf 78' lang='lat' dir='ltr'><strong>quoslibet</strong></span> <span class='ocrx_word' id='word_1_91' title='bbox 583 1483 802 1552; x_wconf 80' lang='lat' dir='ltr'><strong>impetus</strong></span> <span class='ocrx_word' id='word_1_92' title='bbox 821 1481 1056 1552; x_wconf 67' lang='lat' dir='ltr'><strong>praestat.</strong></span> 
     </span>
    </p>
   </div>
   <div class='ocr_carea' id='block_1_17' title="bbox 311 1592 1834 1664">
    <p class='ocr_par' dir='ltr' id='par_1_17' title="bbox 311 1592 1834 1664">
     <span class='ocr_line' id='line_1_17' title="bbox 311 1592 1834 1664; baseline -0.003 -15"><span class='ocrx_word' id='word_1_93' title='bbox 311 1593 572 1663; x_wconf 84' lang='lat' dir='ltr'><strong>Quamvis</strong></span> <span class='ocrx_word' id='word_1_94' title='bbox 597 1593 873 1650; x_wconf 83' lang='lat' dir='ltr'><strong>homicidii</strong></span> <span class='ocrx_word' id='word_1_95' title='bbox 905 1593 1110 1649; x_wconf 83' lang='lat' dir='ltr'><strong>facinus</strong></span> <span class='ocrx_word' id='word_1_96' title='bbox 1146 1593 1354 1664; x_wconf 87' lang='lat' dir='ltr'><strong>primus</strong></span> <span class='ocrx_word' id='word_1_97' title='bbox 1391 1592 1694 1648; x_wconf 82' lang='lat' dir='ltr'><strong>detestetur</strong></span> <span class='ocrx_word' id='word_1_98' title='bbox 1739 1605 1834 1646; x_wconf 81' lang='lat' dir='ltr'><strong>au-</strong></span> 
     </span>
    </p>
   </div>
   <div class='ocr_carea' id='block_1_18' title="bbox 238 1679 1836 1756">
    <p class='ocr_par' dir='ltr' id='par_1_18' title="bbox 238 1679 1836 1756">
     <span class='ocr_line' id='line_1_18' title="bbox 238 1679 1836 1756; baseline -0.006 -12"><span class='ocrx_word' id='word_1_99' title='bbox 238 1687 412 1756; x_wconf 88' lang='lat' dir='ltr'><strong>ditus,</strong></span> <span class='ocrx_word' id='word_1_100' title='bbox 440 1694 499 1742; x_wconf 91' lang='lat' dir='ltr'><strong>et</strong></span> <span class='ocrx_word' id='word_1_101' title='bbox 527 1693 808 1742; x_wconf 86' lang='lat' dir='ltr'><strong>cruentam</strong></span> <span class='ocrx_word' id='word_1_102' title='bbox 837 1698 1058 1739; x_wconf 90' lang='lat' dir='ltr'><strong>manum</strong></span> <span class='ocrx_word' id='word_1_103' title='bbox 1085 1682 1230 1740; x_wconf 90' lang='lat' dir='ltr'><strong>oculi</strong></span> <span class='ocrx_word' id='word_1_104' title='bbox 1273 1681 1546 1752; x_wconf 78' lang='lat' dir='ltr'><strong>refugiant</strong></span> <span class='ocrx_word' id='word_1_105' title='bbox 1581 1679 1836 1750; x_wconf 86' lang='lat' dir='ltr'><strong>judican-</strong></span> 
     </span>
    </p>
   </div>
   <div class='ocr_carea' id='block_1_19' title="bbox 1928 488 3323 564">
    <p class='ocr_par' dir='ltr' id='par_1_19' title="bbox 1928 488 3323 564">
     <span class='ocr_line' id='line_1_19' title="bbox 1928 488 3323 564; baseline 0.001 -21"><span class='ocrx_word' id='word_1_106' title='bbox 1928 488 2125 544; x_wconf 86' lang='lat' dir='ltr'><strong>iterum</strong></span> <span class='ocrx_word' id='word_1_107' title='bbox 2152 499 2342 548; x_wconf 90' lang='lat' dir='ltr'><strong>contra</strong></span> <span class='ocrx_word' id='word_1_108' title='bbox 2361 491 2486 564; x_wconf 83' lang='lat' dir='ltr'><strong>jura</strong></span> <span class='ocrx_word' id='word_1_109' title='bbox 2513 491 2728 562; x_wconf 89' lang='lat' dir='ltr'><strong>publica</strong></span> <span class='ocrx_word' id='word_1_110' title='bbox 2755 489 3004 547; x_wconf 78' lang='lat' dir='ltr'><strong>laborare</strong></span> <span class='ocrx_word' id='word_1_111' title='bbox 3030 489 3323 562; x_wconf 84' lang='lat' dir='ltr'><strong>permittat.</strong></span> 
     </span>
    </p>
   </div>
   <div class='ocr_carea' id='block_1_20' title="bbox 2402 599 3054 658">
    <p class='ocr_par' dir='ltr' id='par_1_20' title="bbox 2402 599 3054 658">
     <span class='ocr_line' id='line_1_20' title="bbox 2402 599 3054 658; baseline 0 -2"><span class='ocrx_word' id='word_1_112' title='bbox 2402 600 2735 658; x_wconf 65' lang='lat' dir='ltr'><strong>EPISTOL’A</strong></span> <span class='ocrx_word' id='word_1_113' title='bbox 2771 599 3054 657; x_wconf 76' lang='lat' dir='ltr'><strong>XXXVIII.</strong></span> 
     </span>
    </p>
   </div>
   <div class='ocr_carea' id='block_1_21' title="bbox 2003 691 3456 768">
    <p class='ocr_par' dir='ltr' id='par_1_21' title="bbox 2003 691 3456 768">
     <span class='ocr_line' id='line_1_21' title="bbox 2003 691 3456 768; baseline 0.001 -20"><span class='ocrx_word' id='word_1_114' title='bbox 2003 707 2182 750; x_wconf 71' lang='lat' dir='ltr'><strong>COIONI</strong></span> <span class='ocrx_word' id='word_1_115' title='bbox 2213 692 2348 768; x_wconf 82' lang='lat' dir='ltr'><strong>[alii,</strong></span> <span class='ocrx_word' id='word_1_116' title='bbox 2381 708 2622 762; x_wconf 75' lang='lat' dir='ltr'><strong>comem,</strong></span> <span class='ocrx_word' id='word_1_117' title='bbox 2659 693 2774 756; x_wconf 81' lang='lat' dir='ltr'><strong>alii.</strong></span> <span class='ocrx_word' id='word_1_118' title='bbox 2817 691 3018 766; x_wconf 70' lang='lat' dir='ltr'><strong>auom]</strong></span> <span class='ocrx_word' id='word_1_119' title='bbox 3045 707 3171 750; x_wconf 78' lang='lat' dir='ltr'><strong>vnto</strong></span> <span class='ocrx_word' id='word_1_120' title='bbox 3192 707 3456 749; x_wconf 70' lang='lat' dir='ltr'><strong>ssnsront</strong></span> 
     </span>
    </p>
   </div>
   <div class='ocr_carea' id='block_1_22' title="bbox 2450 778 2993 820">
    <p class='ocr_par' dir='ltr' id='par_1_22' title="bbox 2450 778 2993 820">
     <span class='ocr_line' id='line_1_22' title="bbox 2450 778 2993 820; baseline 0 -1"><span class='ocrx_word' id='word_1_121' title='bbox 2450 779 2820 820; x_wconf 73' lang='grc' dir='ltr'><strong>τιικουοιιιουε</strong></span> <span class='ocrx_word' id='word_1_122' title='bbox 2863 778 2993 819; x_wconf 67' lang='grc' dir='ltr'><strong>κει.</strong></span> 
     </span>
    </p>
   </div>
   <div class='ocr_carea' id='block_1_23' title="bbox 1937 851 3528 926">
    <p class='ocr_par' dir='ltr' id='par_1_23' title="bbox 1937 851 3528 926">
     <span class='ocr_line' id='line_1_23' title="bbox 1937 851 3528 926; baseline 0.001 -18"><span class='ocrx_word' id='word_1_123' title='bbox 1937 852 2184 923; x_wconf 77' lang='lat' dir='ltr'><strong>Pmcipit</strong></span> <span class='ocrx_word' id='word_1_124' title='bbox 2229 862 2287 926; x_wconf 68' lang='lat' dir='ltr'><strong>ut</strong></span> <span class='ocrx_word' id='word_1_125' title='bbox 2328 852 2467 926; x_wconf 70' lang='lat' dir='ltr'><strong>bona</strong></span> <span class='ocrx_word' id='word_1_126' title='bbox 2505 851 2755 926; x_wconf 54' lang='grc' dir='ltr'><strong>ἱξἱήζίαηί</strong></span> <span class='ocrx_word' id='word_1_127' title='bbox 2791 853 3018 926; x_wconf 67' lang='lat' dir='ltr'><strong>nepotis,</strong></span> <span class='ocrx_word' id='word_1_128' title='bbox 3051 869 3183 926; x_wconf 11' lang='lat' dir='ltr'><strong>quia,</strong></span> <span class='ocrx_word' id='word_1_129' title='bbox 3215 871 3346 926; x_wconf 15' lang='lat' dir='ltr'><strong>non,</strong></span> <span class='ocrx_word' id='word_1_130' title='bbox 3375 854 3528 926; x_wconf 82' lang='lat' dir='ltr'><strong>modo</strong></span> 
     </span>
    </p>
   </div>
   <div class='ocr_carea' id='block_1_24' title="bbox 2002 922 3526 994">
    <p class='ocr_par' dir='ltr' id='par_1_24' title="bbox 2002 922 3526 994">
     <span class='ocr_line' id='line_1_24' title="bbox 2002 922 3526 994; baseline 0 -16"><span class='ocrx_word' id='word_1_131' title='bbox 2002 922 2116 978; x_wconf 77' lang='lat' dir='ltr'><strong>non</strong></span> <span class='ocrx_word' id='word_1_132' title='bbox 2129 922 2440 994; x_wconf 81' lang='lat' dir='ltr'><strong>ampliandi,</strong></span> <span class='ocrx_word' id='word_1_133' title='bbox 2463 922 2556 994; x_wconf 79' lang='lat' dir='ltr'><strong>sed</strong></span> <span class='ocrx_word' id='word_1_134' title='bbox 2574 923 2733 977; x_wconf 78' lang='lat' dir='ltr'><strong>etiam</strong></span> <span class='ocrx_word' id='word_1_135' title='bbox 2752 922 3021 978; x_wconf 75' lang='lat' dir='ltr'><strong>minuendi</strong></span> <span class='ocrx_word' id='word_1_136' title='bbox 3046 922 3220 985; x_wconf 60' lang='lat' dir='ltr'><strong>studio</strong></span> <span class='ocrx_word' id='word_1_137' title='bbox 3243 923 3526 990; x_wconf 80' lang='lat' dir='ltr'><strong>detinebat,</strong></span> 
     </span>
    </p>
   </div>
   <div class='ocr_carea' id='block_1_25' title="bbox 2003 993 2666 1065">
    <p class='ocr_par' dir='ltr' id='par_1_25' title="bbox 2003 993 2666 1065">
     <span class='ocr_line' id='line_1_25' title="bbox 2003 993 2666 1065; baseline 0.003 -19"><span class='ocrx_word' id='word_1_138' title='bbox 2003 994 2384 1065; x_wconf 80' lang='lat' dir='ltr'><strong>quamprimum</strong></span> <span class='ocrx_word' id='word_1_139' title='bbox 2400 993 2666 1048; x_wconf 70' lang='lat' dir='ltr'><strong>restituat.</strong></span> 
     </span>
    </p>
   </div>
   <div class='ocr_carea' id='block_1_26' title="bbox 2003 1105 3611 1178">
    <p class='ocr_par' dir='ltr' id='par_1_26' title="bbox 2003 1105 3611 1178">
     <span class='ocr_line' id='line_1_26' title="bbox 2003 1105 3611 1178; baseline -0.001 -14"><span class='ocrx_word' id='word_1_140' title='bbox 2003 1107 2121 1165; x_wconf 84' lang='lat' dir='ltr'><strong>Non</strong></span> <span class='ocrx_word' id='word_1_141' title='bbox 2166 1115 2252 1166; x_wconf 91' lang='lat' dir='ltr'><strong>est</strong></span> <span class='ocrx_word' id='word_1_142' title='bbox 2292 1107 2634 1174; x_wconf 71' lang='lat' dir='ltr'><strong>beneﬁcium,</strong></span> <span class='ocrx_word' id='word_1_143' title='bbox 2665 1105 2814 1177; x_wconf 88' lang='lat' dir='ltr'><strong>quod</strong></span> <span class='ocrx_word' id='word_1_144' title='bbox 2841 1113 3134 1178; x_wconf 63' lang='lat' dir='ltr'><strong>prestatur</strong></span> <span class='ocrx_word' id='word_1_145' title='bbox 3161 1107 3381 1164; x_wconf 88' lang='lat' dir='ltr'><strong>invitis:</strong></span> <span class='ocrx_word' id='word_1_146' title='bbox 3425 1123 3528 1163; x_wconf 91' lang='lat' dir='ltr'><strong>nec</strong></span> <span class='ocrx_word' id='word_1_147' title='bbox 3599 1145 3611 1152; x_wconf 77' lang='lat'><strong>-</strong></span> 
     </span>
    </p>
   </div>
   <div class='ocr_carea' id='block_1_27' title="bbox 1930 1196 3532 1268">
    <p class='ocr_par' dir='ltr' id='par_1_27' title="bbox 1930 1196 3532 1268">
     <span class='ocr_line' id='line_1_27' title="bbox 1930 1196 3532 1268; baseline -0.003 -12"><span class='ocrx_word' id='word_1_148' title='bbox 1930 1199 2183 1268; x_wconf 87' lang='lat' dir='ltr'><strong>cuiquam</strong></span> <span class='ocrx_word' id='word_1_149' title='bbox 2202 1197 2418 1256; x_wconf 88' lang='lat' dir='ltr'><strong>videtur</strong></span> <span class='ocrx_word' id='word_1_150' title='bbox 2443 1198 2597 1265; x_wconf 87' lang='lat' dir='ltr'><strong>utile,</strong></span> <span class='ocrx_word' id='word_1_151' title='bbox 2627 1196 2774 1268; x_wconf 91' lang='lat' dir='ltr'><strong>quod</strong></span> <span class='ocrx_word' id='word_1_152' title='bbox 2803 1197 3031 1254; x_wconf 85' lang='lat' dir='ltr'><strong>adversa</strong></span> <span class='ocrx_word' id='word_1_153' title='bbox 3069 1197 3350 1253; x_wconf 87' lang='lat' dir='ltr'><strong>voluntate</strong></span> <span class='ocrx_word' id='word_1_154' title='bbox 3398 1213 3532 1257; x_wconf 89' lang='lat' dir='ltr'><strong>con-</strong></span> 
     </span>
    </p>
   </div>
   <div class='ocr_carea' id='block_1_28' title="bbox 1933 1283 3530 1362">
    <p class='ocr_par' dir='ltr' id='par_1_28' title="bbox 1933 1283 3530 1362">
     <span class='ocr_line' id='line_1_28' title="bbox 1933 1283 3530 1362; baseline -0.001 -17"><span class='ocrx_word' id='word_1_155' title='bbox 1933 1288 2160 1345; x_wconf 90' lang='lat' dir='ltr'><strong>ceditur.</strong></span> <span class='ocrx_word' id='word_1_156' title='bbox 2192 1287 2346 1344; x_wconf 82' lang='lat' dir='ltr'><strong>Unde</strong></span> <span class='ocrx_word' id='word_1_157' title='bbox 2374 1289 2745 1360; x_wconf 89' lang='lat' dir='ltr'><strong>spectabilitas</strong></span> <span class='ocrx_word' id='word_1_158' title='bbox 2769 1297 2861 1343; x_wconf 89' lang='lat' dir='ltr'><strong>tua</strong></span> <span class='ocrx_word' id='word_1_159' title='bbox 2889 1288 3135 1344; x_wconf 82' lang='lat' dir='ltr'><strong>Viriliani</strong></span> <span class='ocrx_word' id='word_1_160' title='bbox 3159 1283 3287 1362; x_wconf 82' lang='lat' dir='ltr'><strong>[ed.,</strong></span> <span class='ocrx_word' id='word_1_161' title='bbox 3321 1287 3530 1362; x_wconf 79' lang='lat' dir='ltr'><strong>llilariil</strong></span> 
     </span>
    </p>
   </div>
   <div class='ocr_carea' id='block_1_29' title="bbox 1933 1379 3530 1451">
    <p class='ocr_par' dir='ltr' id='par_1_29' title="bbox 1933 1379 3530 1451">
     <span class='ocr_line' id='line_1_29' title="bbox 1933 1379 3530 1451; baseline 0 -17"><span class='ocrx_word' id='word_1_162' title='bbox 1933 1379 2290 1440; x_wconf 85' lang='lat' dir='ltr'><strong>adolescentis</strong></span> <span class='ocrx_word' id='word_1_163' title='bbox 2318 1381 2533 1451; x_wconf 85' lang='lat' dir='ltr'><strong>nepotis</strong></span> <span class='ocrx_word' id='word_1_164' title='bbox 2562 1381 2639 1436; x_wconf 90' lang='lat' dir='ltr'><strong>tui</strong></span> <span class='ocrx_word' id='word_1_165' title='bbox 2668 1389 2964 1451; x_wconf 75' lang='lat' dir='ltr'><strong>cognoscat</strong></span> <span class='ocrx_word' id='word_1_166' title='bbox 3001 1395 3103 1437; x_wconf 89' lang='lat' dir='ltr'><strong>nos</strong></span> <span class='ocrx_word' id='word_1_167' title='bbox 3136 1381 3376 1450; x_wconf 86' lang='lat' dir='ltr'><strong>querelis</strong></span> <span class='ocrx_word' id='word_1_168' title='bbox 3401 1393 3530 1450; x_wconf 79' lang='lat' dir='ltr'><strong>gra-</strong></span> 
     </span>
    </p>
   </div>
   <div class='ocr_carea' id='block_1_30' title="bbox 1934 1469 3534 1542">
    <p class='ocr_par' dir='ltr' id='par_1_30' title="bbox 1934 1469 3534 1542">
     <span class='ocr_line' id='line_1_30' title="bbox 1934 1469 3534 1542; baseline 0 -16"><span class='ocrx_word' id='word_1_169' title='bbox 1934 1469 2090 1526; x_wconf 83' lang='lat' dir='ltr'><strong>vibus</strong></span> <span class='ocrx_word' id='word_1_170' title='bbox 2132 1471 2426 1541; x_wconf 82' lang='lat' dir='ltr'><strong>expetitos,</strong></span> <span class='ocrx_word' id='word_1_171' title='bbox 2480 1470 2624 1542; x_wconf 89' lang='lat' dir='ltr'><strong>quod</strong></span> <span class='ocrx_word' id='word_1_172' title='bbox 2664 1485 2754 1526; x_wconf 86' lang='lat' dir='ltr'><strong>res</strong></span> <span class='ocrx_word' id='word_1_173' title='bbox 2794 1472 2964 1541; x_wconf 81' lang='lat' dir='ltr'><strong>patris</strong></span> <span class='ocrx_word' id='word_1_174' title='bbox 3005 1471 3146 1541; x_wconf 89' lang='lat' dir='ltr'><strong>ejus,</strong></span> <span class='ocrx_word' id='word_1_175' title='bbox 3189 1487 3298 1528; x_wconf 91' lang='lat' dir='ltr'><strong>non</strong></span> <span class='ocrx_word' id='word_1_176' title='bbox 3343 1471 3534 1527; x_wconf 87' lang='lat' dir='ltr'><strong>melio-</strong></span> 
     </span>
    </p>
   </div>
   <div class='ocr_carea' id='block_1_31' title="bbox 1883 1561 3532 1628">
    <p class='ocr_par' dir='ltr' id='par_1_31' title="bbox 1883 1561 3532 1628">
     <span class='ocr_line' id='line_1_31' title="bbox 1883 1561 3532 1628; baseline 0.002 -16"><span class='ocrx_word' id='word_1_177' title='bbox 1883 1608 1887 1612; x_wconf 86' lang='lat'><strong>.</strong></span> <span class='ocrx_word' id='word_1_178' title='bbox 1935 1561 2091 1616; x_wconf 91' lang='lat' dir='ltr'><strong>randi</strong></span> <span class='ocrx_word' id='word_1_179' title='bbox 2138 1577 2330 1628; x_wconf 88' lang='lat' dir='ltr'><strong>causa,</strong></span> <span class='ocrx_word' id='word_1_180' title='bbox 2371 1561 2468 1618; x_wconf 84' lang='lat' dir='ltr'><strong>sed</strong></span> <span class='ocrx_word' id='word_1_181' title='bbox 2511 1561 2875 1621; x_wconf 87' lang='lat' dir='ltr'><strong>deteriorandi</strong></span> <span class='ocrx_word' id='word_1_182' title='bbox 2910 1569 3041 1618; x_wconf 93' lang='lat' dir='ltr'><strong>voto</strong></span> <span class='ocrx_word' id='word_1_183' title='bbox 3085 1561 3351 1618; x_wconf 86' lang='lat' dir='ltr'><strong>detineas.</strong></span> <span class='ocrx_word' id='word_1_184' title='bbox 3395 1561 3532 1628; x_wconf 85' lang='lat' dir='ltr'><strong>Qua-</strong></span> 
     </span>
    </p>
   </div>
   <div class='ocr_carea' id='block_1_32' title="bbox 1937 1651 3532 1724">
    <p class='ocr_par' dir='ltr' id='par_1_32' title="bbox 1937 1651 3532 1724">
     <span class='ocr_line' id='line_1_32' title="bbox 1937 1651 3532 1724; baseline -0.001 -16"><span class='ocrx_word' id='word_1_185' title='bbox 1937 1661 2164 1724; x_wconf 89' lang='lat' dir='ltr'><strong>propter</strong></span> <span class='ocrx_word' id='word_1_186' title='bbox 2207 1651 2472 1724; x_wconf 89' lang='lat' dir='ltr'><strong>quidquid</strong></span> <span class='ocrx_word' id='word_1_187' title='bbox 2519 1667 2589 1708; x_wconf 82' lang='lat' dir='ltr'><strong>ex</strong></span> <span class='ocrx_word' id='word_1_188' title='bbox 2629 1651 2754 1722; x_wconf 89' lang='lat' dir='ltr'><strong>jure</strong></span> <span class='ocrx_word' id='word_1_189' title='bbox 2802 1659 3107 1708; x_wconf 89' lang='lat' dir='ltr'><strong>memorato</strong></span> <span class='ocrx_word' id='word_1_190' title='bbox 3149 1659 3206 1708; x_wconf 88' lang='lat' dir='ltr'><strong>te</strong></span> <span class='ocrx_word' id='word_1_191' title='bbox 3259 1659 3532 1707; x_wconf 85' lang='lat' dir='ltr'><strong>retentare</strong></span> 
     </span>
    </p>
   </div>
   <div class='ocr_carea' id='block_1_33' title="bbox 241 1742 3533 1850">
    <p class='ocr_par' dir='ltr' id='par_1_33' title="bbox 241 1742 3533 1850">
     <span class='ocr_line' id='line_1_33' title="bbox 241 1742 3533 1850; baseline -0.001 -15"><span class='ocrx_word' id='word_1_192' title='bbox 241 1742 412 1848; x_wconf 48' lang='lat' dir='ltr'><strong>tum;</strong></span> <span class='ocrx_word' id='word_1_193' title='bbox 438 1779 566 1850; x_wconf 85' lang='lat' dir='ltr'><strong>quia</strong></span> <span class='ocrx_word' id='word_1_194' title='bbox 614 1777 909 1849; x_wconf 85' lang='lat' dir='ltr'><strong>proclivior</strong></span> <span class='ocrx_word' id='word_1_195' title='bbox 955 1775 1026 1832; x_wconf 90' lang='lat' dir='ltr'><strong>ad</strong></span> <span class='ocrx_word' id='word_1_196' title='bbox 1072 1742 1499 1832; x_wconf 66' lang='lat' dir='ltr'><strong>misericordiam</strong></span> <span class='ocrx_word' id='word_1_197' title='bbox 1544 1742 1632 1830; x_wconf 82' lang='lat' dir='ltr'><strong>via</strong></span> <span class='ocrx_word' id='word_1_198' title='bbox 1677 1772 1836 1829; x_wconf 89' lang='lat' dir='ltr'><strong>bonis</strong></span> <span class='ocrx_word' id='word_1_199' title='bbox 1869 1772 1913 1833; x_wconf 84' lang='grc' dir='ltr'><strong>Β</strong></span> <span class='ocrx_word' id='word_1_200' title='bbox 1939 1743 2244 1850; x_wconf 58' lang='grc' dir='ltr'><strong>⁰⁰8ξ¹⁰⁵⁰ίδν</strong></span> <span class='ocrx_word' id='word_1_201' title='bbox 2272 1743 2392 1848; x_wconf 49' lang='lat' dir='ltr'><strong>Si“?</strong></span> <span class='ocrx_word' id='word_1_202' title='bbox 2419 1742 2889 1850; x_wconf 54' lang='lat' dir='ltr'><strong>ali?“a_d_naufne</strong></span> <span class='ocrx_word' id='word_1_203' title='bbox 2915 1743 3256 1850; x_wconf 39' lang='lat' dir='ltr'><strong>res-mum.“</strong></span> <span class='ocrx_word' id='word_1_204' title='bbox 3298 1757 3399 1850; x_wconf 18' lang='lat' dir='ltr'><strong>res,</strong></span> 
     </span>
    </p>
   </div>
   <div class='ocr_carea' id='block_1_34' title="bbox 240 1864 1837 1940">
    <p class='ocr_par' dir='ltr' id='par_1_34' title="bbox 240 1864 1837 1940">
     <span class='ocr_line' id='line_1_34' title="bbox 240 1864 1837 1940; baseline -0.006 -13"><span class='ocrx_word' id='word_1_205' title='bbox 240 1869 518 1928; x_wconf 83' lang='lat' dir='ltr'><strong>mentibus</strong></span> <span class='ocrx_word' id='word_1_206' title='bbox 563 1883 779 1940; x_wconf 87' lang='lat' dir='ltr'><strong>semper</strong></span> <span class='ocrx_word' id='word_1_207' title='bbox 813 1875 1000 1939; x_wconf 91' lang='lat' dir='ltr'><strong>patet,</strong></span> <span class='ocrx_word' id='word_1_208' title='bbox 1044 1875 1222 1922; x_wconf 89' lang='lat' dir='ltr'><strong>tamen</strong></span> <span class='ocrx_word' id='word_1_209' title='bbox 1258 1865 1482 1936; x_wconf 76' lang='lat' dir='ltr'><strong>jnstitia:</strong></span> <span class='ocrx_word' id='word_1_210' title='bbox 1522 1864 1837 1921; x_wconf 87' lang='lat' dir='ltr'><strong>considera-</strong></span> 
     </span>
    </p>
   </div>
   <div class='ocr_carea' id='block_1_35' title="bbox 241 1955 1836 2029">
    <p class='ocr_par' dir='ltr' id='par_1_35' title="bbox 241 1955 1836 2029">
     <span class='ocr_line' id='line_1_35' title="bbox 241 1955 1836 2029; baseline -0.005 -11"><span class='ocrx_word' id='word_1_211' title='bbox 241 1963 394 2020; x_wconf 88' lang='lat' dir='ltr'><strong>tione</strong></span> <span class='ocrx_word' id='word_1_212' title='bbox 422 1961 726 2018; x_wconf 88' lang='lat' dir='ltr'><strong>Iibrandum</strong></span> <span class='ocrx_word' id='word_1_213' title='bbox 751 1967 854 2024; x_wconf 88' lang='lat' dir='ltr'><strong>est,</strong></span> <span class='ocrx_word' id='word_1_214' title='bbox 877 1973 982 2028; x_wconf 89' lang='lat' dir='ltr'><strong>qua</strong></span> <span class='ocrx_word' id='word_1_215' title='bbox 1005 1958 1204 2029; x_wconf 88' lang='lat' dir='ltr'><strong>cuique</strong></span> <span class='ocrx_word' id='word_1_216' title='bbox 1227 1958 1320 2012; x_wconf 84' lang='lat' dir='ltr'><strong>fiat</strong></span> <span class='ocrx_word' id='word_1_217' title='bbox 1346 1955 1541 2028; x_wconf 86' lang='lat' dir='ltr'><strong>injuria</strong></span> <span class='ocrx_word' id='word_1_218' title='bbox 1571 1955 1836 2012; x_wconf 88' lang='lat' dir='ltr'><strong>nefarium</strong></span> 
     </span>
    </p>
   </div>
   <div class='ocr_carea' id='block_1_36' title="bbox 240 2046 1837 2123">
    <p class='ocr_par' dir='ltr' id='par_1_36' title="bbox 240 2046 1837 2123">
     <span class='ocr_line' id='line_1_36' title="bbox 240 2046 1837 2123; baseline -0.008 -12"><span class='ocrx_word' id='word_1_219' title='bbox 240 2053 448 2119; x_wconf 81' lang='lat' dir='ltr'><strong>scelus,</strong></span> <span class='ocrx_word' id='word_1_220' title='bbox 482 2051 630 2123; x_wconf 90' lang='lat' dir='ltr'><strong>quod</strong></span> <span class='ocrx_word' id='word_1_221' title='bbox 673 2065 814 2108; x_wconf 88' lang='lat' dir='ltr'><strong>nova</strong></span> <span class='ocrx_word' id='word_1_222' title='bbox 860 2049 1177 2106; x_wconf 81' lang='lat' dir='ltr'><strong>infelicitate</strong></span> <span class='ocrx_word' id='word_1_223' title='bbox 1217 2048 1448 2104; x_wconf 79' lang='lat' dir='ltr'><strong>fortuna:</strong></span> <span class='ocrx_word' id='word_1_224' title='bbox 1490 2046 1837 2104; x_wconf 89' lang='lat' dir='ltr'><strong>commissum</strong></span> 
     </span>
    </p>
   </div>
   <div class='ocr_carea' id='block_1_37' title="bbox 241 2138 1839 2206">
    <p class='ocr_par' dir='ltr' id='par_1_37' title="bbox 241 2138 1839 2206">
     <span class='ocr_line' id='line_1_37' title="bbox 241 2138 1839 2206; baseline -0.006 -5"><span class='ocrx_word' id='word_1_225' title='bbox 241 2153 368 2202; x_wconf 85' lang='lat' dir='ltr'><strong>est:</strong></span> <span class='ocrx_word' id='word_1_226' title='bbox 401 2151 529 2200; x_wconf 92' lang='lat' dir='ltr'><strong>tunc</strong></span> <span class='ocrx_word' id='word_1_227' title='bbox 551 2143 660 2200; x_wconf 90' lang='lat' dir='ltr'><strong>erit</strong></span> <span class='ocrx_word' id='word_1_228' title='bbox 684 2141 974 2198; x_wconf 88' lang='lat' dir='ltr'><strong>detestatio</strong></span> <span class='ocrx_word' id='word_1_229' title='bbox 1002 2147 1341 2206; x_wconf 89' lang='lat' dir='ltr'><strong>cunctorum,</strong></span> <span class='ocrx_word' id='word_1_230' title='bbox 1371 2139 1416 2195; x_wconf 95' lang='lat' dir='ltr'><strong>si</strong></span> <span class='ocrx_word' id='word_1_231' title='bbox 1445 2153 1506 2196; x_wconf 89' lang='lat' dir='ltr'><strong>se</strong></span> <span class='ocrx_word' id='word_1_232' title='bbox 1533 2146 1715 2196; x_wconf 88' lang='lat' dir='ltr'><strong>servet</strong></span> <span class='ocrx_word' id='word_1_233' title='bbox 1755 2138 1839 2193; x_wconf 86' lang='lat' dir='ltr'><strong>in-</strong></span> 
     </span>
    </p>
   </div>
   <div class='ocr_carea' id='block_1_38' title="bbox 242 2228 1838 2301">
    <p class='ocr_par' dir='ltr' id='par_1_38' title="bbox 242 2228 1838 2301">
     <span class='ocr_line' id='line_1_38' title="bbox 242 2228 1838 2301; baseline -0.006 -9"><span class='ocrx_word' id='word_1_234' title='bbox 242 2235 488 2292; x_wconf 78' lang='lat' dir='ltr'><strong>noxium.</strong></span> <span class='ocrx_word' id='word_1_235' title='bbox 513 2233 645 2301; x_wconf 78' lang='lat' dir='ltr'><strong>Quis</strong></span> <span class='ocrx_word' id='word_1_236' title='bbox 663 2232 806 2290; x_wconf 89' lang='lat' dir='ltr'><strong>enim</strong></span> <span class='ocrx_word' id='word_1_237' title='bbox 847 2231 988 2288; x_wconf 89' lang='lat' dir='ltr'><strong>ferat</strong></span> <span class='ocrx_word' id='word_1_238' title='bbox 1023 2230 1298 2286; x_wconf 87' lang='lat' dir='ltr'><strong>hominem</strong></span> <span class='ocrx_word' id='word_1_239' title='bbox 1325 2228 1398 2284; x_wconf 86' lang='lat' dir='ltr'><strong>ad</strong></span> <span class='ocrx_word' id='word_1_240' title='bbox 1423 2229 1570 2298; x_wconf 86' lang='lat' dir='ltr'><strong>leges</strong></span> <span class='ocrx_word' id='word_1_241' title='bbox 1599 2229 1838 2298; x_wconf 85' lang='lat' dir='ltr'><strong>trahere,</strong></span> 
     </span>
    </p>
   </div>
   <div class='ocr_carea' id='block_1_39' title="bbox 245 2318 1840 2398">
    <p class='ocr_par' dir='ltr' id='par_1_39' title="bbox 245 2318 1840 2398">
     <span class='ocr_line' id='line_1_39' title="bbox 245 2318 1840 2398; baseline -0.006 -16"><span class='ocrx_word' id='word_1_242' title='bbox 245 2327 338 2398; x_wconf 89' lang='lat' dir='ltr'><strong>qui</strong></span> <span class='ocrx_word' id='word_1_243' title='bbox 364 2324 699 2380; x_wconf 87' lang='lat' dir='ltr'><strong>matrimonii</strong></span> <span class='ocrx_word' id='word_1_244' title='bbox 729 2322 876 2378; x_wconf 87' lang='lat' dir='ltr'><strong>nisus</strong></span> <span class='ocrx_word' id='word_1_245' title='bbox 903 2329 987 2378; x_wconf 89' lang='lat' dir='ltr'><strong>est</strong></span> <span class='ocrx_word' id='word_1_246' title='bbox 1009 2319 1134 2392; x_wconf 87' lang='lat' dir='ltr'><strong>jura</strong></span> <span class='ocrx_word' id='word_1_247' title='bbox 1160 2319 1402 2377; x_wconf 79' lang='lat' dir='ltr'><strong>violare?</strong></span> <span class='ocrx_word' id='word_1_248' title='bbox 1439 2319 1592 2375; x_wconf 84' lang='lat' dir='ltr'><strong>Feris</strong></span> <span class='ocrx_word' id='word_1_249' title='bbox 1619 2318 1840 2374; x_wconf 88' lang='lat' dir='ltr'><strong>insitum</strong></span> 
     </span>
    </p>
   </div>
   <div class='ocr_carea' id='block_1_40' title="bbox 245 2410 1836 2490">
    <p class='ocr_par' dir='ltr' id='par_1_40' title="bbox 245 2410 1836 2490">
     <span class='ocr_line' id='line_1_40' title="bbox 245 2410 1836 2490; baseline -0.007 -13"><span class='ocrx_word' id='word_1_250' title='bbox 245 2428 333 2477; x_wconf 88' lang='lat' dir='ltr'><strong>est</strong></span> <span class='ocrx_word' id='word_1_251' title='bbox 357 2417 614 2490; x_wconf 87' lang='lat' dir='ltr'><strong>c0pulam</strong></span> <span class='ocrx_word' id='word_1_252' title='bbox 640 2430 795 2472; x_wconf 86' lang='lat' dir='ltr'><strong>suam</strong></span> <span class='ocrx_word' id='word_1_253' title='bbox 814 2422 1060 2472; x_wconf 82' lang='lat' dir='ltr'><strong>extrema</strong></span> <span class='ocrx_word' id='word_1_254' title='bbox 1087 2411 1495 2470; x_wconf 89' lang='lat' dir='ltr'><strong>concertatione</strong></span> <span class='ocrx_word' id='word_1_255' title='bbox 1515 2410 1836 2468; x_wconf 89' lang='lat' dir='ltr'><strong>defendere:</strong></span> 
     </span>
    </p>
   </div>
   <div class='ocr_carea' id='block_1_41' title="bbox 247 2505 1844 2576">
    <p class='ocr_par' dir='ltr' id='par_1_41' title="bbox 247 2505 1844 2576">
     <span class='ocr_line' id='line_1_41' title="bbox 247 2505 1844 2576; baseline -0.004 -9"><span class='ocrx_word' id='word_1_256' title='bbox 247 2513 372 2567; x_wconf 85' lang='lat' dir='ltr'><strong>dum</strong></span> <span class='ocrx_word' id='word_1_257' title='bbox 403 2509 656 2566; x_wconf 88' lang='lat' dir='ltr'><strong>omnibus</strong></span> <span class='ocrx_word' id='word_1_258' title='bbox 695 2513 781 2564; x_wconf 90' lang='lat' dir='ltr'><strong>est</strong></span> <span class='ocrx_word' id='word_1_259' title='bbox 827 2505 1192 2562; x_wconf 87' lang='lat' dir='ltr'><strong>animantibus</strong></span> <span class='ocrx_word' id='word_1_260' title='bbox 1237 2505 1536 2572; x_wconf 89' lang='lat' dir='ltr'><strong>inimicum,</strong></span> <span class='ocrx_word' id='word_1_261' title='bbox 1561 2505 1708 2576; x_wconf 91' lang='lat' dir='ltr'><strong>quod</strong></span> <span class='ocrx_word' id='word_1_262' title='bbox 1751 2520 1844 2560; x_wconf 91' lang='lat' dir='ltr'><strong>na-</strong></span> 
     </span>
    </p>
   </div>
   <div class='ocr_carea' id='block_1_42' title="bbox 249 2595 1842 2670">
    <p class='ocr_par' dir='ltr' id='par_1_42' title="bbox 249 2595 1842 2670">
     <span class='ocr_line' id='line_1_42' title="bbox 249 2595 1842 2670; baseline -0.003 -14"><span class='ocrx_word' id='word_1_263' title='bbox 249 2602 410 2656; x_wconf 88' lang='lat' dir='ltr'><strong>turali</strong></span> <span class='ocrx_word' id='word_1_264' title='bbox 438 2601 558 2670; x_wconf 89' lang='lat' dir='ltr'><strong>lege</strong></span> <span class='ocrx_word' id='word_1_265' title='bbox 596 2598 903 2655; x_wconf 87' lang='lat' dir='ltr'><strong>damnatur.</strong></span> <span class='ocrx_word' id='word_1_266' title='bbox 937 2596 1192 2652; x_wconf 83' lang='lat' dir='ltr'><strong>Videmus</strong></span> <span class='ocrx_word' id='word_1_267' title='bbox 1223 2604 1406 2652; x_wconf 89' lang='lat' dir='ltr'><strong>tauros</strong></span> <span class='ocrx_word' id='word_1_268' title='bbox 1447 2595 1675 2654; x_wconf 88' lang='lat' dir='ltr'><strong>feminas</strong></span> <span class='ocrx_word' id='word_1_269' title='bbox 1716 2611 1842 2652; x_wconf 91' lang='lat' dir='ltr'><strong>suas</strong></span> 
     </span>
    </p>
   </div>
   <div class='ocr_carea' id='block_1_43' title="bbox 248 2687 1842 2759">
    <p class='ocr_par' dir='ltr' id='par_1_43' title="bbox 248 2687 1842 2759">
     <span class='ocr_line' id='line_1_43' title="bbox 248 2687 1842 2759; baseline -0.004 -9"><span class='ocrx_word' id='word_1_270' title='bbox 248 2693 497 2750; x_wconf 89' lang='lat' dir='ltr'><strong>cornuali</strong></span> <span class='ocrx_word' id='word_1_271' title='bbox 536 2690 948 2748; x_wconf 86' lang='lat' dir='ltr'><strong>concertatione</strong></span> <span class='ocrx_word' id='word_1_272' title='bbox 973 2687 1300 2756; x_wconf 86' lang='lat' dir='ltr'><strong>defendere;</strong></span> <span class='ocrx_word' id='word_1_273' title='bbox 1345 2687 1546 2744; x_wconf 90' lang='lat' dir='ltr'><strong>arietes</strong></span> <span class='ocrx_word' id='word_1_274' title='bbox 1584 2703 1684 2759; x_wconf 89' lang='lat' dir='ltr'><strong>pro</strong></span> <span class='ocrx_word' id='word_1_275' title='bbox 1730 2688 1842 2745; x_wconf 84' lang='lat' dir='ltr'><strong>suis</strong></span> 
     </span>
    </p>
   </div>
   <div class='ocr_carea' id='block_1_44' title="bbox 247 2777 1841 2854">
    <p class='ocr_par' dir='ltr' id='par_1_44' title="bbox 247 2777 1841 2854">
     <span class='ocr_line' id='line_1_44' title="bbox 247 2777 1841 2854; baseline -0.004 -13"><span class='ocrx_word' id='word_1_276' title='bbox 247 2785 444 2841; x_wconf 88' lang='lat' dir='ltr'><strong>ovibus</strong></span> <span class='ocrx_word' id='word_1_277' title='bbox 470 2782 778 2854; x_wconf 84' lang='lat' dir='ltr'><strong>capitaliter</strong></span> <span class='ocrx_word' id='word_1_278' title='bbox 804 2780 1080 2847; x_wconf 85' lang='lat' dir='ltr'><strong>insaevire;</strong></span> <span class='ocrx_word' id='word_1_279' title='bbox 1104 2793 1272 2848; x_wconf 90' lang='lat' dir='ltr'><strong>equos</strong></span> <span class='ocrx_word' id='word_1_280' title='bbox 1301 2777 1583 2848; x_wconf 89' lang='lat' dir='ltr'><strong>adjunctas</strong></span> <span class='ocrx_word' id='word_1_281' title='bbox 1611 2778 1712 2836; x_wconf 88' lang='lat' dir='ltr'><strong>sibi</strong></span> <span class='ocrx_word' id='word_1_282' title='bbox 1759 2778 1841 2835; x_wconf 86' lang='lat' dir='ltr'><strong>fe-</strong></span> 
     </span>
    </p>
   </div>
   <div class='ocr_carea' id='block_1_45' title="bbox 249 2867 1845 2944">
    <p class='ocr_par' dir='ltr' id='par_1_45' title="bbox 249 2867 1845 2944">
     <span class='ocr_line' id='line_1_45' title="bbox 249 2867 1845 2944; baseline -0.004 -13"><span class='ocrx_word' id='word_1_283' title='bbox 249 2877 429 2930; x_wconf 90' lang='lat' dir='ltr'><strong>minas</strong></span> <span class='ocrx_word' id='word_1_284' title='bbox 457 2873 700 2944; x_wconf 88' lang='lat' dir='ltr'><strong>colaphis</strong></span> <span class='ocrx_word' id='word_1_285' title='bbox 727 2886 794 2928; x_wconf 92' lang='lat' dir='ltr'><strong>ac</strong></span> <span class='ocrx_word' id='word_1_286' title='bbox 819 2869 1092 2926; x_wconf 84' lang='lat' dir='ltr'><strong>morsibus</strong></span> <span class='ocrx_word' id='word_1_287' title='bbox 1116 2869 1407 2925; x_wconf 89' lang='lat' dir='ltr'><strong>vindicare.</strong></span> <span class='ocrx_word' id='word_1_288' title='bbox 1445 2867 1521 2924; x_wconf 92' lang='lat' dir='ltr'><strong>lta</strong></span> <span class='ocrx_word' id='word_1_289' title='bbox 1549 2883 1650 2940; x_wconf 89' lang='lat' dir='ltr'><strong>pro</strong></span> <span class='ocrx_word' id='word_1_290' title='bbox 1677 2883 1845 2939; x_wconf 85' lang='lat' dir='ltr'><strong>copu-</strong></span> 
     </span>
    </p>
   </div>
   <div class='ocr_carea' id='block_1_46' title="bbox 252 2957 1848 3032">
    <p class='ocr_par' dir='ltr' id='par_1_46' title="bbox 252 2957 1848 3032">
     <span class='ocr_line' id='line_1_46' title="bbox 252 2957 1848 3032; baseline -0.006 -11"><span class='ocrx_word' id='word_1_291' title='bbox 252 2966 376 3021; x_wconf 86' lang='lat' dir='ltr'><strong>latis</strong></span> <span class='ocrx_word' id='word_1_292' title='bbox 419 2963 523 3020; x_wconf 88' lang='lat' dir='ltr'><strong>sibi</strong></span> <span class='ocrx_word' id='word_1_293' title='bbox 572 2961 778 3017; x_wconf 90' lang='lat' dir='ltr'><strong>animas</strong></span> <span class='ocrx_word' id='word_1_294' title='bbox 804 2968 1032 3032; x_wconf 90' lang='lat' dir='ltr'><strong>ponunt,</strong></span> <span class='ocrx_word' id='word_1_295' title='bbox 1064 2959 1157 3028; x_wconf 92' lang='lat' dir='ltr'><strong>qui</strong></span> <span class='ocrx_word' id='word_1_296' title='bbox 1199 2957 1526 3015; x_wconf 89' lang='lat' dir='ltr'><strong>verecundia</strong></span> <span class='ocrx_word' id='word_1_297' title='bbox 1575 2973 1683 3014; x_wconf 91' lang='lat' dir='ltr'><strong>non</strong></span> <span class='ocrx_word' id='word_1_298' title='bbox 1729 2974 1848 3012; x_wconf 85' lang='lat' dir='ltr'><strong>mo-</strong></span> 
     </span>
    </p>
   </div>
   <div class='ocr_carea' id='block_1_47' title="bbox 251 3047 1848 3120">
    <p class='ocr_par' dir='ltr' id='par_1_47' title="bbox 251 3047 1848 3120">
     <span class='ocr_line' id='line_1_47' title="bbox 251 3047 1848 3120; baseline -0.004 -12"><span class='ocrx_word' id='word_1_299' title='bbox 251 3061 468 3110; x_wconf 81' lang='lat' dir='ltr'><strong>ventur.</strong></span> <span class='ocrx_word' id='word_1_300' title='bbox 503 3050 680 3107; x_wconf 83' lang='lat' dir='ltr'><strong>Ilomo</strong></span> <span class='ocrx_word' id='word_1_301' title='bbox 708 3057 888 3106; x_wconf 89' lang='lat' dir='ltr'><strong>autem</strong></span> <span class='ocrx_word' id='word_1_302' title='bbox 918 3047 1371 3120; x_wconf 83' lang='lat' dir='ltr'><strong>quemadmodum</strong></span> <span class='ocrx_word' id='word_1_303' title='bbox 1412 3047 1649 3119; x_wconf 90' lang='lat' dir='ltr'><strong>patiatur</strong></span> <span class='ocrx_word' id='word_1_304' title='bbox 1695 3047 1848 3102; x_wconf 86' lang='lat' dir='ltr'><strong>adul-</strong></span> 
     </span>
    </p>
   </div>
   <div class='ocr_carea' id='block_1_48' title="bbox 254 3138 1922 3210">
    <p class='ocr_par' dir='ltr' id='par_1_48' title="bbox 254 3138 1922 3210">
     <span class='ocr_line' id='line_1_48' title="bbox 254 3138 1922 3210; baseline -0.007 -8"><span class='ocrx_word' id='word_1_305' title='bbox 254 3147 455 3205; x_wconf 89' lang='lat' dir='ltr'><strong>terium</strong></span> <span class='ocrx_word' id='word_1_306' title='bbox 504 3143 734 3199; x_wconf 90' lang='lat' dir='ltr'><strong>inultum</strong></span> <span class='ocrx_word' id='word_1_307' title='bbox 754 3140 1062 3210; x_wconf 89' lang='lat' dir='ltr'><strong>relinquere</strong></span> <span class='ocrx_word' id='word_1_308' title='bbox 1079 3149 1124 3206; x_wconf 72' lang='grc' dir='ltr'><strong>α,</strong></span> <span class='ocrx_word' id='word_1_309' title='bbox 1150 3138 1291 3210; x_wconf 90' lang='lat' dir='ltr'><strong>quod</strong></span> <span class='ocrx_word' id='word_1_310' title='bbox 1321 3139 1390 3194; x_wconf 86' lang='lat' dir='ltr'><strong>ad</strong></span> <span class='ocrx_word' id='word_1_311' title='bbox 1411 3146 1670 3194; x_wconf 77' lang='lat' dir='ltr'><strong>aeternum</strong></span> <span class='ocrx_word' id='word_1_312' title='bbox 1691 3154 1846 3194; x_wconf 88' lang='lat' dir='ltr'><strong>suum</strong></span> <span class='ocrx_word' id='word_1_313' title='bbox 1879 3151 1922 3209; x_wconf 69' lang='grc' dir='ltr'><strong>ρ</strong></span> 
     </span>
    </p>
   </div>
   <div class='ocr_carea' id='block_1_49' title="bbox 254 3228 1886 3305">
    <p class='ocr_par' dir='ltr' id='par_1_49' title="bbox 254 3228 1886 3305">
     <span class='ocr_line' id='line_1_49' title="bbox 254 3228 1886 3305; baseline -0.005 -13"><span class='ocrx_word' id='word_1_314' title='bbox 254 3235 492 3292; x_wconf 85' lang='lat' dir='ltr'><strong>dedecus</strong></span> <span class='ocrx_word' id='word_1_315' title='bbox 510 3233 854 3302; x_wconf 80' lang='lat' dir='ltr'><strong>cognoscitur</strong></span> <span class='ocrx_word' id='word_1_316' title='bbox 875 3231 1121 3288; x_wconf 91' lang='lat' dir='ltr'><strong>omisisse</strong></span> <span class='ocrx_word' id='word_1_317' title='bbox 1150 3231 1254 3305; x_wconf 87' lang='lat' dir='ltr'><strong>[ed.</strong></span> <span class='ocrx_word' id='word_1_318' title='bbox 1273 3228 1399 3285; x_wconf 85' lang='lat' dir='ltr'><strong>Niv.</strong></span> <span class='ocrx_word' id='word_1_319' title='bbox 1423 3239 1475 3286; x_wconf 84' lang='lat' dir='ltr'><strong>et</strong></span> <span class='ocrx_word' id='word_1_320' title='bbox 1495 3229 1671 3300; x_wconf 86' lang='lat' dir='ltr'><strong>Gam.,</strong></span> <span class='ocrx_word' id='word_1_321' title='bbox 1696 3243 1850 3286; x_wconf 85' lang='lat' dir='ltr'><strong>com-</strong></span> <span class='ocrx_word' id='word_1_322' title='bbox 1879 3259 1886 3265; x_wconf 90' lang='lat'><strong><em>-</em></strong></span> 
     </span>
    </p>
   </div>
   <div class='ocr_carea' id='block_1_50' title="bbox 256 3321 1854 3396">
    <p class='ocr_par' dir='ltr' id='par_1_50' title="bbox 256 3321 1854 3396">
     <span class='ocr_line' id='line_1_50' title="bbox 256 3321 1854 3396; baseline -0.003 -16"><span class='ocrx_word' id='word_1_323' title='bbox 256 3321 531 3396; x_wconf 80' lang='lat' dir='ltr'><strong>misisse]?</strong></span> <span class='ocrx_word' id='word_1_324' title='bbox 560 3321 627 3377; x_wconf 90' lang='lat' dir='ltr'><strong>Et</strong></span> <span class='ocrx_word' id='word_1_325' title='bbox 656 3321 782 3378; x_wconf 91' lang='lat' dir='ltr'><strong>ideo</strong></span> <span class='ocrx_word' id='word_1_326' title='bbox 810 3322 855 3378; x_wconf 91' lang='lat' dir='ltr'><strong>si</strong></span> <span class='ocrx_word' id='word_1_327' title='bbox 878 3321 1072 3378; x_wconf 70' lang='lat' dir='ltr'><strong>oblata:</strong></span> <span class='ocrx_word' id='word_1_328' title='bbox 1098 3321 1374 3392; x_wconf 89' lang='lat' dir='ltr'><strong>petitionis</strong></span> <span class='ocrx_word' id='word_1_329' title='bbox 1402 3321 1624 3377; x_wconf 90' lang='lat' dir='ltr'><strong>minimc</strong></span> <span class='ocrx_word' id='word_1_330' title='bbox 1657 3321 1732 3377; x_wconf 87' lang='lat' dir='ltr'><strong>sis</strong></span> <span class='ocrx_word' id='word_1_331' title='bbox 1759 3335 1854 3376; x_wconf 85' lang='lat' dir='ltr'><strong>ve-</strong></span> 
     </span>
    </p>
   </div>
   <div class='ocr_carea' id='block_1_51' title="bbox 261 3411 1854 3484">
    <p class='ocr_par' dir='ltr' id='par_1_51' title="bbox 261 3411 1854 3484">
     <span class='ocr_line' id='line_1_51' title="bbox 261 3411 1854 3484; baseline -0.001 -14"><span class='ocrx_word' id='word_1_332' title='bbox 261 3417 424 3470; x_wconf 88' lang='lat' dir='ltr'><strong>ritate</strong></span> <span class='ocrx_word' id='word_1_333' title='bbox 443 3413 761 3470; x_wconf 90' lang='lat' dir='ltr'><strong>fraudahllis</strong></span> <span class='ocrx_word' id='word_1_334' title='bbox 789 3412 918 3484; x_wconf 88' lang='lat' dir='ltr'><strong>[ed.,</strong></span> <span class='ocrx_word' id='word_1_335' title='bbox 943 3413 1174 3468; x_wconf 87' lang='lat' dir='ltr'><strong>veritate</strong></span> <span class='ocrx_word' id='word_1_336' title='bbox 1201 3411 1508 3484; x_wconf 88' lang='lat' dir='ltr'><strong>fraudaris],</strong></span> <span class='ocrx_word' id='word_1_337' title='bbox 1547 3420 1602 3468; x_wconf 91' lang='lat' dir='ltr'><strong>et</strong></span> <span class='ocrx_word' id='word_1_338' title='bbox 1628 3412 1854 3481; x_wconf 80' lang='lat' dir='ltr'><strong>genialis</strong></span> 
     </span>
    </p>
   </div>
   <div class='ocr_carea' id='block_1_52' title="bbox 259 3502 1853 3575">
    <p class='ocr_par' dir='ltr' id='par_1_52' title="bbox 259 3502 1853 3575">
     <span class='ocr_line' id='line_1_52' title="bbox 259 3502 1853 3575; baseline -0.003 -13"><span class='ocrx_word' id='word_1_339' title='bbox 259 3507 402 3562; x_wconf 89' lang='lat' dir='ltr'><strong>thori</strong></span> <span class='ocrx_word' id='word_1_340' title='bbox 423 3503 691 3560; x_wconf 89' lang='lat' dir='ltr'><strong>maculam</strong></span> <span class='ocrx_word' id='word_1_341' title='bbox 715 3502 1038 3575; x_wconf 85' lang='lat' dir='ltr'><strong>deprehensi</strong></span> <span class='ocrx_word' id='word_1_342' title='bbox 1068 3503 1319 3559; x_wconf 85' lang='lat' dir='ltr'><strong>adulterii</strong></span> <span class='ocrx_word' id='word_1_343' title='bbox 1347 3505 1608 3574; x_wconf 82' lang='lat' dir='ltr'><strong>sanguine</strong></span> <span class='ocrx_word' id='word_1_344' title='bbox 1628 3503 1853 3574; x_wconf 74' lang='lat' dir='ltr'><strong>diluisti,</strong></span> 
     </span>
    </p>
   </div>
   <div class='ocr_carea' id='block_1_53' title="bbox 259 3596 1851 3668">
    <p class='ocr_par' dir='ltr' id='par_1_53' title="bbox 259 3596 1851 3668">
     <span class='ocr_line' id='line_1_53' title="bbox 259 3596 1851 3668; baseline -0.001 -14"><span class='ocrx_word' id='word_1_345' title='bbox 259 3613 364 3654; x_wconf 87' lang='lat' dir='ltr'><strong>nec</strong></span> <span class='ocrx_word' id='word_1_346' title='bbox 397 3596 499 3654; x_wconf 88' lang='lat' dir='ltr'><strong>sub</strong></span> <span class='ocrx_word' id='word_1_347' title='bbox 526 3603 794 3667; x_wconf 70' lang='lat' dir='ltr'><strong>prtetextu</strong></span> <span class='ocrx_word' id='word_1_348' title='bbox 821 3603 1062 3652; x_wconf 72' lang='lat' dir='ltr'><strong>cruentce</strong></span> <span class='ocrx_word' id='word_1_349' title='bbox 1110 3597 1309 3652; x_wconf 89' lang='lat' dir='ltr'><strong>mentis</strong></span> <span class='ocrx_word' id='word_1_350' title='bbox 1358 3611 1576 3652; x_wconf 91' lang='lat' dir='ltr'><strong>causam</strong></span> <span class='ocrx_word' id='word_1_351' title='bbox 1628 3598 1851 3668; x_wconf 88' lang='lat' dir='ltr'><strong>pudoris</strong></span> 
     </span>
    </p>
   </div>
   <div class='ocr_carea' id='block_1_54' title="bbox 260 3688 1857 3760">
    <p class='ocr_par' dir='ltr' id='par_1_54' title="bbox 260 3688 1857 3760">
     <span class='ocr_line' id='line_1_54' title="bbox 260 3688 1857 3760; baseline 0.001 -14"><span class='ocrx_word' id='word_1_352' title='bbox 260 3689 528 3756; x_wconf 89' lang='lat' dir='ltr'><strong>intendis,</strong></span> <span class='ocrx_word' id='word_1_353' title='bbox 559 3689 628 3744; x_wconf 86' lang='lat' dir='ltr'><strong>ab</strong></span> <span class='ocrx_word' id='word_1_354' title='bbox 654 3689 846 3745; x_wconf 82' lang='lat' dir='ltr'><strong>exsilio</strong></span> <span class='ocrx_word' id='word_1_355' title='bbox 886 3688 1030 3760; x_wconf 91' lang='lat' dir='ltr'><strong>quod</strong></span> <span class='ocrx_word' id='word_1_356' title='bbox 1072 3688 1171 3745; x_wconf 86' lang='lat' dir='ltr'><strong>tibi</strong></span> <span class='ocrx_word' id='word_1_357' title='bbox 1216 3698 1434 3746; x_wconf 89' lang='lat' dir='ltr'><strong>constat</strong></span> <span class='ocrx_word' id='word_1_358' title='bbox 1472 3689 1751 3757; x_wconf 77' lang='lat' dir='ltr'><strong>indictum,</strong></span> <span class='ocrx_word' id='word_1_359' title='bbox 1801 3701 1857 3749; x_wconf 91' lang='lat' dir='ltr'><strong>te</strong></span> 
     </span>
    </p>
   </div>
   <div class='ocr_carea' id='block_1_55' title="bbox 261 3778 1859 3854">
    <p class='ocr_par' dir='ltr' id='par_1_55' title="bbox 261 3778 1859 3854">
     <span class='ocr_line' id='line_1_55' title="bbox 261 3778 1859 3854; baseline 0.003 -19"><span class='ocrx_word' id='word_1_360' title='bbox 261 3781 604 3853; x_wconf 57' lang='lat' dir='ltr'><strong>praecipimus</strong></span> <span class='ocrx_word' id='word_1_361' title='bbox 631 3778 865 3836; x_wconf 90' lang='lat' dir='ltr'><strong>alienum</strong></span> <span class='ocrx_word' id='word_1_362' title='bbox 891 3795 904 3834; x_wconf 89' lang='lat'><strong>:</strong></span> <span class='ocrx_word' id='word_1_363' title='bbox 948 3780 1204 3850; x_wconf 89' lang='lat' dir='ltr'><strong>quoniam</strong></span> <span class='ocrx_word' id='word_1_364' title='bbox 1232 3795 1334 3851; x_wconf 90' lang='lat' dir='ltr'><strong>pro</strong></span> <span class='ocrx_word' id='word_1_365' title='bbox 1373 3795 1560 3838; x_wconf 90' lang='lat' dir='ltr'><strong>amore</strong></span> <span class='ocrx_word' id='word_1_366' title='bbox 1589 3784 1859 3854; x_wconf 70' lang='lat' dir='ltr'><strong>pudicitia:</strong></span> 
     </span>
    </p>
   </div>
   <div class='ocr_carea' id='block_1_56' title="bbox 260 3868 1858 3941">
    <p class='ocr_par' dir='ltr' id='par_1_56' title="bbox 260 3868 1858 3941">
     <span class='ocr_line' id='line_1_56' title="bbox 260 3868 1858 3941; baseline 0.002 -16"><span class='ocrx_word' id='word_1_367' title='bbox 260 3870 544 3941; x_wconf 83' lang='lat' dir='ltr'><strong>porrigere</strong></span> <span class='ocrx_word' id='word_1_368' title='bbox 567 3869 769 3926; x_wconf 89' lang='lat' dir='ltr'><strong>ferrum</strong></span> <span class='ocrx_word' id='word_1_369' title='bbox 797 3868 1024 3936; x_wconf 89' lang='lat' dir='ltr'><strong>maritis,</strong></span> <span class='ocrx_word' id='word_1_370' title='bbox 1053 3885 1162 3925; x_wconf 91' lang='lat' dir='ltr'><strong>non</strong></span> <span class='ocrx_word' id='word_1_371' title='bbox 1191 3877 1276 3926; x_wconf 89' lang='lat' dir='ltr'><strong>est</strong></span> <span class='ocrx_word' id='word_1_372' title='bbox 1310 3869 1457 3940; x_wconf 80' lang='lat' dir='ltr'><strong>leges</strong></span> <span class='ocrx_word' id='word_1_373' title='bbox 1484 3871 1716 3940; x_wconf 90' lang='lat' dir='ltr'><strong>calcare,</strong></span> <span class='ocrx_word' id='word_1_374' title='bbox 1762 3873 1858 3928; x_wconf 87' lang='lat' dir='ltr'><strong>sed</strong></span> 
     </span>
    </p>
   </div>
   <div class='ocr_carea' id='block_1_57' title="bbox 262 3959 1860 4032">
    <p class='ocr_par' dir='ltr' id='par_1_57' title="bbox 262 3959 1860 4032">
     <span class='ocr_line' id='line_1_57' title="bbox 262 3959 1860 4032; baseline 0.003 -16"><span class='ocrx_word' id='word_1_375' title='bbox 262 3960 523 4016; x_wconf 90' lang='lat' dir='ltr'><strong>condere.</strong></span> <span class='ocrx_word' id='word_1_376' title='bbox 551 3959 633 4016; x_wconf 92' lang='lat' dir='ltr'><strong>Ita</strong></span> <span class='ocrx_word' id='word_1_377' title='bbox 658 3968 862 4028; x_wconf 88' lang='lat' dir='ltr'><strong>tamen,</strong></span> <span class='ocrx_word' id='word_1_378' title='bbox 895 3967 952 4016; x_wconf 91' lang='lat' dir='ltr'><strong>ut</strong></span> <span class='ocrx_word' id='word_1_379' title='bbox 973 3961 1018 4016; x_wconf 90' lang='lat' dir='ltr'><strong>si</strong></span> <span class='ocrx_word' id='word_1_380' title='bbox 1048 3960 1319 4032; x_wconf 87' lang='lat' dir='ltr'><strong>legitimus</strong></span> <span class='ocrx_word' id='word_1_381' title='bbox 1339 3962 1611 4018; x_wconf 78' lang='lat' dir='ltr'><strong>exstiterit</strong></span> <span class='ocrx_word' id='word_1_382' title='bbox 1638 3977 1860 4020; x_wconf 87' lang='lat' dir='ltr'><strong>accusa-</strong></span> 
     </span>
    </p>
   </div>
   <div class='ocr_carea' id='block_1_58' title="bbox 264 4051 1861 4122">
    <p class='ocr_par' dir='ltr' id='par_1_58' title="bbox 264 4051 1861 4122">
     <span class='ocr_line' id='line_1_58' title="bbox 264 4051 1861 4122; baseline -0.001 -13"><span class='ocrx_word' id='word_1_383' title='bbox 264 4061 376 4122; x_wconf 88' lang='lat' dir='ltr'><strong>tor,</strong></span> <span class='ocrx_word' id='word_1_384' title='bbox 405 4052 474 4108; x_wconf 91' lang='lat' dir='ltr'><strong>de</strong></span> <span class='ocrx_word' id='word_1_385' title='bbox 518 4051 646 4108; x_wconf 89' lang='lat' dir='ltr'><strong>facti</strong></span> <span class='ocrx_word' id='word_1_386' title='bbox 673 4053 750 4108; x_wconf 91' lang='lat' dir='ltr'><strong>tui</strong></span> <span class='ocrx_word' id='word_1_387' title='bbox 793 4052 1055 4122; x_wconf 89' lang='lat' dir='ltr'><strong>qualitate</strong></span> <span class='ocrx_word' id='word_1_388' title='bbox 1083 4060 1138 4108; x_wconf 90' lang='lat' dir='ltr'><strong>te</strong></span> <span class='ocrx_word' id='word_1_389' title='bbox 1176 4053 1393 4110; x_wconf 87' lang='lat' dir='ltr'><strong>noveris</strong></span> <span class='ocrx_word' id='word_1_390' title='bbox 1419 4052 1770 4120; x_wconf 88' lang='lat' dir='ltr'><strong>audiendum;</strong></span> <span class='ocrx_word' id='word_1_391' title='bbox 1801 4062 1861 4108; x_wconf 89' lang='lat' dir='ltr'><strong>ut</strong></span> 
     </span>
    </p>
   </div>
   <div class='ocr_carea' id='block_1_59' title="bbox 260 4143 1860 4214">
    <p class='ocr_par' dir='ltr' id='par_1_59' title="bbox 260 4143 1860 4214">
     <span class='ocr_line' id='line_1_59' title="bbox 260 4143 1860 4214; baseline 0 -14"><span class='ocrx_word' id='word_1_392' title='bbox 260 4145 309 4200; x_wconf 90' lang='lat' dir='ltr'><strong>si</strong></span> <span class='ocrx_word' id='word_1_393' title='bbox 363 4143 615 4200; x_wconf 83' lang='lat' dir='ltr'><strong>innoxios</strong></span> <span class='ocrx_word' id='word_1_394' title='bbox 659 4143 958 4214; x_wconf 88' lang='lat' dir='ltr'><strong>peremisti,</strong></span> <span class='ocrx_word' id='word_1_395' title='bbox 999 4143 1205 4199; x_wconf 89' lang='lat' dir='ltr'><strong>crimen</strong></span> <span class='ocrx_word' id='word_1_396' title='bbox 1253 4143 1466 4214; x_wconf 87' lang='lat' dir='ltr'><strong>publica</strong></span> <span class='ocrx_word' id='word_1_397' title='bbox 1523 4143 1860 4200; x_wconf 88' lang='lat' dir='ltr'><strong>districtione</strong></span> 
     </span>
    </p>
   </div>
   <div class='ocr_carea' id='block_1_60' title="bbox 261 4234 1860 4308">
    <p class='ocr_par' dir='ltr' id='par_1_60' title="bbox 261 4234 1860 4308">
     <span class='ocr_line' id='line_1_60' title="bbox 261 4234 1860 4308; baseline 0.001 -16"><span class='ocrx_word' id='word_1_398' title='bbox 261 4241 563 4292; x_wconf 88' lang='lat' dir='ltr'><strong>resecetur.</strong></span> <span class='ocrx_word' id='word_1_399' title='bbox 617 4234 676 4292; x_wconf 88' lang='lat' dir='ltr'><strong>Si</strong></span> <span class='ocrx_word' id='word_1_400' title='bbox 717 4235 859 4292; x_wconf 89' lang='lat' dir='ltr'><strong>male</strong></span> <span class='ocrx_word' id='word_1_401' title='bbox 900 4235 1066 4292; x_wconf 90' lang='lat' dir='ltr'><strong>initos</strong></span> <span class='ocrx_word' id='word_1_402' title='bbox 1117 4236 1432 4308; x_wconf 86' lang='lat' dir='ltr'><strong>complexus</strong></span> <span class='ocrx_word' id='word_1_403' title='bbox 1487 4237 1860 4294; x_wconf 88' lang='lat' dir='ltr'><strong>adulterorum</strong></span> 
     </span>
    </p>
   </div>
   <div class='ocr_carea' id='block_1_61' title="bbox 262 4325 1861 4400">
    <p class='ocr_par' dir='ltr' id='par_1_61' title="bbox 262 4325 1861 4400">
     <span class='ocr_line' id='line_1_61' title="bbox 262 4325 1861 4400; baseline 0.001 -16"><span class='ocrx_word' id='word_1_404' title='bbox 262 4336 444 4384; x_wconf 86' lang='lat' dir='ltr'><strong>morte</strong></span> <span class='ocrx_word' id='word_1_405' title='bbox 498 4325 759 4394; x_wconf 88' lang='lat' dir='ltr'><strong>divisisti,</strong></span> <span class='ocrx_word' id='word_1_406' title='bbox 807 4328 1107 4383; x_wconf 65' lang='lat' dir='ltr'><strong>aestimetur</strong></span> <span class='ocrx_word' id='word_1_407' title='bbox 1169 4328 1353 4399; x_wconf 88' lang='lat' dir='ltr'><strong>potius</strong></span> <span class='ocrx_word' id='word_1_408' title='bbox 1412 4328 1644 4386; x_wconf 81' lang='lat' dir='ltr'><strong>vindicta</strong></span> <span class='ocrx_word' id='word_1_409' title='bbox 1695 4345 1861 4400; x_wconf 89' lang='lat' dir='ltr'><strong>quam</strong></span> 
     </span>
    </p>
   </div>
   <div class='ocr_carea' id='block_1_62' title="bbox 261 4415 1863 4492">
    <p class='ocr_par' dir='ltr' id='par_1_62' title="bbox 261 4415 1863 4492">
     <span class='ocr_line' id='line_1_62' title="bbox 261 4415 1863 4492; baseline 0.003 -18"><span class='ocrx_word' id='word_1_410' title='bbox 261 4417 445 4490; x_wconf 89' lang='lat' dir='ltr'><strong>culpa.</strong></span> <span class='ocrx_word' id='word_1_411' title='bbox 482 4415 540 4473; x_wconf 90' lang='lat' dir='ltr'><strong>Si</strong></span> <span class='ocrx_word' id='word_1_412' title='bbox 567 4418 689 4489; x_wconf 90' lang='lat' dir='ltr'><strong>quis</strong></span> <span class='ocrx_word' id='word_1_413' title='bbox 716 4425 898 4474; x_wconf 89' lang='lat' dir='ltr'><strong>autem</strong></span> <span class='ocrx_word' id='word_1_414' title='bbox 937 4417 1036 4474; x_wconf 89' lang='lat' dir='ltr'><strong>tibi</strong></span> <span class='ocrx_word' id='word_1_415' title='bbox 1073 4417 1518 4475; x_wconf 89' lang='lat' dir='ltr'><strong>calumniantium</strong></span> <span class='ocrx_word' id='word_1_416' title='bbox 1547 4420 1742 4476; x_wconf 89' lang='lat' dir='ltr'><strong>damna</strong></span> <span class='ocrx_word' id='word_1_417' title='bbox 1768 4436 1863 4492; x_wconf 88' lang='lat' dir='ltr'><strong>ge-</strong></span> 
     </span>
    </p>
   </div>
   <div class='ocr_carea' id='block_1_63' title="bbox 1939 1833 3534 1908">
    <p class='ocr_par' dir='ltr' id='par_1_63' title="bbox 1939 1833 3534 1908">
     <span class='ocr_line' id='line_1_63' title="bbox 1939 1833 3534 1908; baseline -0.001 -17"><span class='ocrx_word' id='word_1_418' title='bbox 1939 1843 2155 1892; x_wconf 87' lang='lat' dir='ltr'><strong>rentum</strong></span> <span class='ocrx_word' id='word_1_419' title='bbox 2181 1835 2402 1907; x_wconf 87' lang='lat' dir='ltr'><strong>propria</strong></span> <span class='ocrx_word' id='word_1_420' title='bbox 2429 1835 2714 1892; x_wconf 87' lang='lat' dir='ltr'><strong>voluntate</strong></span> <span class='ocrx_word' id='word_1_421' title='bbox 2760 1835 3013 1908; x_wconf 85' lang='lat' dir='ltr'><strong>disponat</strong></span> <span class='ocrx_word' id='word_1_422' title='bbox 3043 1852 3058 1889; x_wconf 88' lang='lat'><strong>:</strong></span> <span class='ocrx_word' id='word_1_423' title='bbox 3093 1835 3220 1904; x_wconf 88' lang='lat' dir='ltr'><strong>quia</strong></span> <span class='ocrx_word' id='word_1_424' title='bbox 3267 1842 3324 1890; x_wconf 90' lang='lat' dir='ltr'><strong>et</strong></span> <span class='ocrx_word' id='word_1_425' title='bbox 3375 1833 3534 1890; x_wconf 87' lang='lat' dir='ltr'><strong>nobis</strong></span> 
     </span>
    </p>
   </div>
   <div class='ocr_carea' id='block_1_64' title="bbox 1941 1923 3532 1998">
    <p class='ocr_par' dir='ltr' id='par_1_64' title="bbox 1941 1923 3532 1998">
     <span class='ocr_line' id='line_1_64' title="bbox 1941 1923 3532 1998; baseline 0 -15"><span class='ocrx_word' id='word_1_426' title='bbox 1941 1939 2181 1996; x_wconf 77' lang='lat' dir='ltr'><strong>congrua</strong></span> <span class='ocrx_word' id='word_1_427' title='bbox 2206 1926 2420 1984; x_wconf 88' lang='lat' dir='ltr'><strong>videtur</strong></span> <span class='ocrx_word' id='word_1_428' title='bbox 2441 1941 2566 1982; x_wconf 90' lang='lat' dir='ltr'><strong>esse</strong></span> <span class='ocrx_word' id='word_1_429' title='bbox 2589 1941 2844 1998; x_wconf 88' lang='lat' dir='ltr'><strong>persona,</strong></span> <span class='ocrx_word' id='word_1_430' title='bbox 2875 1926 2968 1996; x_wconf 90' lang='lat' dir='ltr'><strong>qui</strong></span> <span class='ocrx_word' id='word_1_431' title='bbox 3005 1934 3282 1996; x_wconf 87' lang='lat' dir='ltr'><strong>assumpta</strong></span> <span class='ocrx_word' id='word_1_432' title='bbox 3329 1923 3532 1983; x_wconf 83' lang='lat' dir='ltr'><strong>domini</strong></span> 
     </span>
    </p>
   </div>
   <div class='ocr_carea' id='block_1_65' title="bbox 1940 2014 3533 2088">
    <p class='ocr_par' dir='ltr' id='par_1_65' title="bbox 1940 2014 3533 2088">
     <span class='ocr_line' id='line_1_65' title="bbox 1940 2014 3533 2088; baseline -0.001 -18"><span class='ocrx_word' id='word_1_433' title='bbox 1940 2016 2198 2072; x_wconf 86' lang='lat' dir='ltr'><strong>libertate</strong></span> <span class='ocrx_word' id='word_1_434' title='bbox 2222 2015 2491 2088; x_wconf 82' lang='lat' dir='ltr'><strong>proficiat.</strong></span> <span class='ocrx_word' id='word_1_435' title='bbox 2519 2016 2704 2073; x_wconf 86' lang='lat' dir='ltr'><strong>Pullos</strong></span> <span class='ocrx_word' id='word_1_436' title='bbox 2731 2031 2860 2073; x_wconf 87' lang='lat' dir='ltr'><strong>suos</strong></span> <span class='ocrx_word' id='word_1_437' title='bbox 2881 2015 3114 2073; x_wconf 87' lang='lat' dir='ltr'><strong>audaces</strong></span> <span class='ocrx_word' id='word_1_438' title='bbox 3135 2015 3326 2087; x_wconf 76' lang='lat' dir='ltr'><strong>aquilae</strong></span> <span class='ocrx_word' id='word_1_439' title='bbox 3349 2014 3533 2070; x_wconf 82' lang='lat' dir='ltr'><strong>tandiu</strong></span> 
     </span>
    </p>
   </div>
   <div class='ocr_carea' id='block_1_66' title="bbox 1940 2105 3533 2179">
    <p class='ocr_par' dir='ltr' id='par_1_66' title="bbox 1940 2105 3533 2179">
     <span class='ocr_line' id='line_1_66' title="bbox 1940 2105 3533 2179; baseline -0.003 -15"><span class='ocrx_word' id='word_1_440' title='bbox 1940 2116 2229 2179; x_wconf 85' lang='lat' dir='ltr'><strong>procurate</strong></span> <span class='ocrx_word' id='word_1_441' title='bbox 2261 2109 2386 2164; x_wconf 90' lang='lat' dir='ltr'><strong>cibo</strong></span> <span class='ocrx_word' id='word_1_442' title='bbox 2431 2107 2712 2174; x_wconf 76' lang='lat' dir='ltr'><strong>nutriunt,</strong></span> <span class='ocrx_word' id='word_1_443' title='bbox 2748 2105 2926 2164; x_wconf 84' lang='lat' dir='ltr'><strong>donec</strong></span> <span class='ocrx_word' id='word_1_444' title='bbox 2983 2107 3240 2178; x_wconf 88' lang='lat' dir='ltr'><strong>paulatim</strong></span> <span class='ocrx_word' id='word_1_445' title='bbox 3295 2121 3327 2161; x_wconf 89' lang='lat' dir='ltr'><strong>a</strong></span> <span class='ocrx_word' id='word_1_446' title='bbox 3382 2105 3533 2160; x_wconf 88' lang='lat' dir='ltr'><strong>molli</strong></span> 
     </span>
    </p>
   </div>
   <div class='ocr_carea' id='block_1_67' title="bbox 1937 2198 3534 2271">
    <p class='ocr_par' dir='ltr' id='par_1_67' title="bbox 1937 2198 3534 2271">
     <span class='ocr_line' id='line_1_67' title="bbox 1937 2198 3534 2271; baseline -0.001 -16"><span class='ocrx_word' id='word_1_447' title='bbox 1937 2199 2123 2271; x_wconf 89' lang='lat' dir='ltr'><strong>pluma</strong></span> <span class='ocrx_word' id='word_1_448' title='bbox 2169 2199 2502 2266; x_wconf 88' lang='lat' dir='ltr'><strong>recedentes,</strong></span> <span class='ocrx_word' id='word_1_449' title='bbox 2547 2199 2731 2255; x_wconf 89' lang='lat' dir='ltr'><strong>adulta</strong></span> <span class='ocrx_word' id='word_1_450' title='bbox 2757 2207 2918 2255; x_wconf 62' lang='lat' dir='ltr'><strong>aetate</strong></span> <span class='ocrx_word' id='word_1_451' title='bbox 2945 2208 3278 2269; x_wconf 84' lang='lat' dir='ltr'><strong>pennescant</strong></span> <span class='ocrx_word' id='word_1_452' title='bbox 3301 2216 3316 2252; x_wconf 89' lang='lat'><strong>:</strong></span> <span class='ocrx_word' id='word_1_453' title='bbox 3342 2198 3534 2268; x_wconf 89' lang='lat' dir='ltr'><strong>quibus</strong></span> 
     </span>
    </p>
   </div>
   <div class='ocr_carea' id='block_1_68' title="bbox 1943 2290 3534 2360">
    <p class='ocr_par' dir='ltr' id='par_1_68' title="bbox 1943 2290 3534 2360">
     <span class='ocr_line' id='line_1_68' title="bbox 1943 2290 3534 2360; baseline -0.001 -15"><span class='ocrx_word' id='word_1_454' title='bbox 1943 2298 2003 2346; x_wconf 88' lang='lat' dir='ltr'><strong>ut</strong></span> <span class='ocrx_word' id='word_1_455' title='bbox 2027 2291 2332 2348; x_wconf 85' lang='lat' dir='ltr'><strong>constiterit</strong></span> <span class='ocrx_word' id='word_1_456' title='bbox 2358 2291 2544 2347; x_wconf 84' lang='lat' dir='ltr'><strong>firmus</strong></span> <span class='ocrx_word' id='word_1_457' title='bbox 2570 2291 2801 2356; x_wconf 86' lang='lat' dir='ltr'><strong>volatus,</strong></span> <span class='ocrx_word' id='word_1_458' title='bbox 2831 2290 3074 2346; x_wconf 88' lang='lat' dir='ltr'><strong>novellos</strong></span> <span class='ocrx_word' id='word_1_459' title='bbox 3095 2303 3296 2360; x_wconf 86' lang='lat' dir='ltr'><strong>ungues</strong></span> <span class='ocrx_word' id='word_1_460' title='bbox 3317 2290 3370 2344; x_wconf 91' lang='lat' dir='ltr'><strong>in</strong></span> <span class='ocrx_word' id='word_1_461' title='bbox 3395 2303 3534 2360; x_wconf 76' lang='lat' dir='ltr'><strong>pm-</strong></span> 
     </span>
    </p>
   </div>
   <div class='ocr_carea' id='block_1_69' title="bbox 1942 2382 3532 2451">
    <p class='ocr_par' dir='ltr' id='par_1_69' title="bbox 1942 2382 3532 2451">
     <span class='ocr_line' id='line_1_69' title="bbox 1942 2382 3532 2451; baseline -0.002 -11"><span class='ocrx_word' id='word_1_462' title='bbox 1942 2385 2067 2441; x_wconf 87' lang='lat' dir='ltr'><strong>dam</strong></span> <span class='ocrx_word' id='word_1_463' title='bbox 2106 2393 2353 2440; x_wconf 87' lang='lat' dir='ltr'><strong>teneram</strong></span> <span class='ocrx_word' id='word_1_464' title='bbox 2391 2391 2782 2449; x_wconf 69' lang='lat' dir='ltr'><strong>conisuescunt;</strong></span> <span class='ocrx_word' id='word_1_465' title='bbox 2811 2382 3182 2451; x_wconf 82' lang='lat' dir='ltr'><strong>nec-indigent</strong></span> <span class='ocrx_word' id='word_1_466' title='bbox 3225 2383 3403 2438; x_wconf 89' lang='lat' dir='ltr'><strong>alieno</strong></span> <span class='ocrx_word' id='word_1_467' title='bbox 3451 2383 3532 2437; x_wconf 88' lang='lat' dir='ltr'><strong>la-</strong></span> 
     </span>
    </p>
   </div>
   <div class='ocr_carea' id='block_1_70' title="bbox 1943 2471 3537 2545">
    <p class='ocr_par' dir='ltr' id='par_1_70' title="bbox 1943 2471 3537 2545">
     <span class='ocr_line' id='line_1_70' title="bbox 1943 2471 3537 2545; baseline 0 -14"><span class='ocrx_word' id='word_1_468' title='bbox 1943 2476 2078 2532; x_wconf 90' lang='lat' dir='ltr'><strong>bore</strong></span> <span class='ocrx_word' id='word_1_469' title='bbox 2107 2476 2306 2541; x_wconf 89' lang='lat' dir='ltr'><strong>vivere,</strong></span> <span class='ocrx_word' id='word_1_470' title='bbox 2335 2489 2474 2545; x_wconf 92' lang='lat' dir='ltr'><strong>quos</strong></span> <span class='ocrx_word' id='word_1_471' title='bbox 2503 2482 2684 2544; x_wconf 86' lang='lat' dir='ltr'><strong>potest</strong></span> <span class='ocrx_word' id='word_1_472' title='bbox 2719 2475 2899 2544; x_wconf 87' lang='lat' dir='ltr'><strong>captio</strong></span> <span class='ocrx_word' id='word_1_473' title='bbox 2929 2475 3145 2544; x_wconf 88' lang='lat' dir='ltr'><strong>propria</strong></span> <span class='ocrx_word' id='word_1_474' title='bbox 3186 2475 3406 2530; x_wconf 87' lang='lat' dir='ltr'><strong>satiare.</strong></span> <span class='ocrx_word' id='word_1_475' title='bbox 3447 2471 3537 2531; x_wconf 80' lang='lat' dir='ltr'><strong>S&#39;ic</strong></span> 
     </span>
    </p>
   </div>
   <div class='ocr_carea' id='block_1_71' title="bbox 1940 2566 3535 2640">
    <p class='ocr_par' dir='ltr' id='par_1_71' title="bbox 1940 2566 3535 2640">
     <span class='ocr_line' id='line_1_71' title="bbox 1940 2566 3535 2640; baseline -0.003 -16"><span class='ocrx_word' id='word_1_476' title='bbox 1940 2570 2169 2640; x_wconf 87' lang='lat' dir='ltr'><strong>juvenes</strong></span> <span class='ocrx_word' id='word_1_477' title='bbox 2196 2567 2388 2633; x_wconf 89' lang='lat' dir='ltr'><strong>nostri,</strong></span> <span class='ocrx_word' id='word_1_478' title='bbox 2417 2568 2508 2636; x_wconf 91' lang='lat' dir='ltr'><strong>qui</strong></span> <span class='ocrx_word' id='word_1_479' title='bbox 2557 2567 2624 2621; x_wconf 92' lang='lat' dir='ltr'><strong>ad</strong></span> <span class='ocrx_word' id='word_1_480' title='bbox 2655 2567 2947 2621; x_wconf 78' lang='lat' dir='ltr'><strong>exercitum</strong></span> <span class='ocrx_word' id='word_1_481' title='bbox 2992 2567 3292 2638; x_wconf 86' lang='lat' dir='ltr'><strong>probantur</strong></span> <span class='ocrx_word' id='word_1_482' title='bbox 3339 2566 3535 2633; x_wconf 85' lang='lat' dir='ltr'><strong>idonei,</strong></span> 
     </span>
    </p>
   </div>
   <div class='ocr_carea' id='block_1_72' title="bbox 1949 2657 3538 2728">
    <p class='ocr_par' dir='ltr' id='par_1_72' title="bbox 1949 2657 3538 2728">
     <span class='ocr_line' id='line_1_72' title="bbox 1949 2657 3538 2728; baseline -0.003 -12"><span class='ocrx_word' id='word_1_483' title='bbox 1949 2660 2223 2728; x_wconf 80' lang='lat' dir='ltr'><strong>indignum</strong></span> <span class='ocrx_word' id='word_1_484' title='bbox 2245 2665 2329 2716; x_wconf 90' lang='lat' dir='ltr'><strong>est</strong></span> <span class='ocrx_word' id='word_1_485' title='bbox 2353 2666 2413 2714; x_wconf 93' lang='lat' dir='ltr'><strong>ut</strong></span> <span class='ocrx_word' id='word_1_486' title='bbox 2435 2657 2503 2712; x_wconf 91' lang='lat' dir='ltr'><strong>ad</strong></span> <span class='ocrx_word' id='word_1_487' title='bbox 2525 2659 2688 2712; x_wconf 88' lang='lat' dir='ltr'><strong>vitam</strong></span> <span class='ocrx_word' id='word_1_488' title='bbox 2709 2673 2861 2712; x_wconf 86' lang='lat' dir='ltr'><strong>suam</strong></span> <span class='ocrx_word' id='word_1_489' title='bbox 2883 2657 3265 2728; x_wconf 82' lang='lat' dir='ltr'><strong>disponendam</strong></span> <span class='ocrx_word' id='word_1_490' title='bbox 3295 2657 3538 2712; x_wconf 87' lang='lat' dir='ltr'><strong>dicantur</strong></span> 
     </span>
    </p>
   </div>
   <div class='ocr_carea' id='block_1_73' title="bbox 1949 2746 3542 2822">
    <p class='ocr_par' dir='ltr' id='par_1_73' title="bbox 1949 2746 3542 2822">
     <span class='ocr_line' id='line_1_73' title="bbox 1949 2746 3542 2822; baseline -0.003 -14"><span class='ocrx_word' id='word_1_491' title='bbox 1949 2751 2178 2819; x_wconf 76' lang='lat' dir='ltr'><strong>infirmi;</strong></span> <span class='ocrx_word' id='word_1_492' title='bbox 2208 2759 2264 2808; x_wconf 95' lang='lat' dir='ltr'><strong>et</strong></span> <span class='ocrx_word' id='word_1_493' title='bbox 2313 2757 2572 2822; x_wconf 89' lang='lat' dir='ltr'><strong>putentur</strong></span> <span class='ocrx_word' id='word_1_494' title='bbox 2604 2749 2824 2805; x_wconf 88' lang='lat' dir='ltr'><strong>domum</strong></span> <span class='ocrx_word' id='word_1_495' title='bbox 2859 2763 3011 2804; x_wconf 87' lang='lat' dir='ltr'><strong>suam</strong></span> <span class='ocrx_word' id='word_1_496' title='bbox 3061 2764 3166 2802; x_wconf 88' lang='lat' dir='ltr'><strong>non</strong></span> <span class='ocrx_word' id='word_1_497' title='bbox 3216 2762 3424 2816; x_wconf 79' lang='lat' dir='ltr'><strong>regere,</strong></span> <span class='ocrx_word' id='word_1_498' title='bbox 3451 2746 3542 2816; x_wconf 82' lang='lat' dir='ltr'><strong>qui</strong></span> 
     </span>
    </p>
   </div>
   <div class='ocr_carea' id='block_1_74' title="bbox 1951 2836 3544 2912">
    <p class='ocr_par' dir='ltr' id='par_1_74' title="bbox 1951 2836 3544 2912">
     <span class='ocr_line' id='line_1_74' title="bbox 1951 2836 3544 2912; baseline -0.004 -14"><span class='ocrx_word' id='word_1_499' title='bbox 1951 2841 2250 2898; x_wconf 88' lang='lat' dir='ltr'><strong>creduntur</strong></span> <span class='ocrx_word' id='word_1_500' title='bbox 2278 2840 2418 2897; x_wconf 88' lang='lat' dir='ltr'><strong>bella</strong></span> <span class='ocrx_word' id='word_1_501' title='bbox 2447 2855 2609 2912; x_wconf 89' lang='lat' dir='ltr'><strong>posse</strong></span> <span class='ocrx_word' id='word_1_502' title='bbox 2639 2847 2895 2894; x_wconf 87' lang='lat' dir='ltr'><strong>tractare.</strong></span> <span class='ocrx_word' id='word_1_503' title='bbox 2935 2836 3126 2892; x_wconf 86' lang='lat' dir='ltr'><strong>Gothis</strong></span> <span class='ocrx_word' id='word_1_504' title='bbox 3150 2844 3365 2892; x_wconf 73' lang='lat' dir='ltr'><strong>aetatem</strong></span> <span class='ocrx_word' id='word_1_505' title='bbox 3412 2836 3544 2906; x_wconf 84' lang='lat' dir='ltr'><strong>legi-</strong></span> 
     </span>
    </p>
   </div>
   <div class='ocr_carea' id='block_1_75' title="bbox 1951 2925 3541 2999">
    <p class='ocr_par' dir='ltr' id='par_1_75' title="bbox 1951 2925 3541 2999">
     <span class='ocr_line' id='line_1_75' title="bbox 1951 2925 3541 2999; baseline -0.003 -13"><span class='ocrx_word' id='word_1_506' title='bbox 1951 2933 2138 2988; x_wconf 90' lang='lat' dir='ltr'><strong>timam</strong></span> <span class='ocrx_word' id='word_1_507' title='bbox 2167 2931 2341 2986; x_wconf 86' lang='lat' dir='ltr'><strong>virtus</strong></span> <span class='ocrx_word' id='word_1_508' title='bbox 2379 2930 2536 2997; x_wconf 90' lang='lat' dir='ltr'><strong>facit;</strong></span> <span class='ocrx_word' id='word_1_509' title='bbox 2578 2937 2633 2985; x_wconf 87' lang='lat' dir='ltr'><strong>et</strong></span> <span class='ocrx_word' id='word_1_510' title='bbox 2659 2930 2753 2999; x_wconf 93' lang='lat' dir='ltr'><strong>qui</strong></span> <span class='ocrx_word' id='word_1_511' title='bbox 2779 2930 2926 2983; x_wconf 87' lang='lat' dir='ltr'><strong>valet</strong></span> <span class='ocrx_word' id='word_1_512' title='bbox 2971 2929 3184 2983; x_wconf 87' lang='lat' dir='ltr'><strong>hostem</strong></span> <span class='ocrx_word' id='word_1_513' title='bbox 3233 2925 3541 2992; x_wconf 86' lang='lat' dir='ltr'><strong>confodere,</strong></span> 
     </span>
    </p>
   </div>
   <div class='ocr_carea' id='block_1_76' title="bbox 1951 3017 3082 3092">
    <p class='ocr_par' dir='ltr' id='par_1_76' title="bbox 1951 3017 3082 3092">
     <span class='ocr_line' id='line_1_76' title="bbox 1951 3017 3082 3092; baseline -0.005 -14"><span class='ocrx_word' id='word_1_514' title='bbox 1951 3025 2019 3080; x_wconf 86' lang='lat' dir='ltr'><strong>ab</strong></span> <span class='ocrx_word' id='word_1_515' title='bbox 2048 3023 2197 3079; x_wconf 90' lang='lat' dir='ltr'><strong>omni</strong></span> <span class='ocrx_word' id='word_1_516' title='bbox 2225 3037 2284 3078; x_wconf 90' lang='lat' dir='ltr'><strong>se</strong></span> <span class='ocrx_word' id='word_1_517' title='bbox 2307 3022 2419 3092; x_wconf 87' lang='lat' dir='ltr'><strong>jam</strong></span> <span class='ocrx_word' id='word_1_518' title='bbox 2443 3020 2608 3076; x_wconf 89' lang='lat' dir='ltr'><strong>debet</strong></span> <span class='ocrx_word' id='word_1_519' title='bbox 2627 3021 2760 3076; x_wconf 89' lang='lat' dir='ltr'><strong>vitio</strong></span> <span class='ocrx_word' id='word_1_520' title='bbox 2788 3017 3082 3074; x_wconf 89' lang='lat' dir='ltr'><strong>vindicare.</strong></span> 
     </span>
    </p>
   </div>
   <div class='ocr_carea' id='block_1_77' title="bbox 2445 3128 3052 3186">
    <p class='ocr_par' dir='ltr' id='par_1_77' title="bbox 2445 3128 3052 3186">
     <span class='ocr_line' id='line_1_77' title="bbox 2445 3128 3052 3186; baseline 0.002 -1"><span class='ocrx_word' id='word_1_521' title='bbox 2445 3128 2782 3186; x_wconf 85' lang='lat' dir='ltr'><strong>EPISTOLA</strong></span> <span class='ocrx_word' id='word_1_522' title='bbox 2817 3129 3052 3186; x_wconf 76' lang='lat' dir='ltr'><strong>XXXIX.</strong></span> 
     </span>
    </p>
   </div>
   <div class='ocr_carea' id='block_1_78' title="bbox 2023 3233 3470 3280">
    <p class='ocr_par' dir='ltr' id='par_1_78' title="bbox 2023 3233 3470 3280">
     <span class='ocr_line' id='line_1_78' title="bbox 2023 3233 3470 3280; baseline 0.001 -3"><span class='ocrx_word' id='word_1_523' title='bbox 2023 3235 2192 3277; x_wconf 73' lang='grc' dir='ltr'><strong>ηετο</strong></span> <span class='ocrx_word' id='word_1_524' title='bbox 2230 3233 2358 3276; x_wconf 71' lang='grc' dir='ltr'><strong>νιιιο</strong></span> <span class='ocrx_word' id='word_1_525' title='bbox 2387 3235 2632 3275; x_wconf 72' lang='grc' dir='ltr'><strong>ιιιυδτιιι</strong></span> <span class='ocrx_word' id='word_1_526' title='bbox 2671 3235 2918 3274; x_wconf 76' lang='lat' dir='ltr'><strong>PATRICIO</strong></span> <span class='ocrx_word' id='word_1_527' title='bbox 2949 3235 3318 3277; x_wconf 77' lang='lat' dir='ltr'><strong>TIIEODORICU‘S</strong></span> <span class='ocrx_word' id='word_1_528' title='bbox 3345 3239 3470 3280; x_wconf 63' lang='lat' dir='ltr'><strong>REX.</strong></span> 
     </span>
    </p>
   </div>
   <div class='ocr_carea' id='block_1_79' title="bbox 1955 3309 3548 3383">
    <p class='ocr_par' dir='ltr' id='par_1_79' title="bbox 1955 3309 3548 3383">
     <span class='ocr_line' id='line_1_79' title="bbox 1955 3309 3548 3383; baseline -0.003 -15"><span class='ocrx_word' id='word_1_529' title='bbox 1955 3311 2148 3368; x_wconf 86' lang='lat' dir='ltr'><strong>Scribit</strong></span> <span class='ocrx_word' id='word_1_530' title='bbox 2181 3311 2474 3383; x_wconf 82' lang='lat' dir='ltr'><strong>Filagrium</strong></span> <span class='ocrx_word' id='word_1_531' title='bbox 2502 3328 2713 3379; x_wconf 73' lang='lat' dir='ltr'><strong>rogasse</strong></span> <span class='ocrx_word' id='word_1_532' title='bbox 2739 3320 2794 3362; x_wconf 88' lang='lat' dir='ltr'><strong>ut</strong></span> <span class='ocrx_word' id='word_1_533' title='bbox 2816 3310 2885 3383; x_wconf 72' lang='lat' dir='ltr'><strong>a_d</strong></span> <span class='ocrx_word' id='word_1_534' title='bbox 2905 3309 3041 3364; x_wconf 76' lang='lat' dir='ltr'><strong>lares</strong></span> <span class='ocrx_word' id='word_1_535' title='bbox 3063 3312 3299 3383; x_wconf 76' lang='lat' dir='ltr'><strong>proprios</strong></span> <span class='ocrx_word' id='word_1_536' title='bbox 3329 3322 3548 3364; x_wconf 73' lang='lat' dir='ltr'><strong>reverte-</strong></span> 
     </span>
    </p>
   </div>
   <div class='ocr_carea' id='block_1_80' title="bbox 2027 3379 3548 3452">
    <p class='ocr_par' dir='ltr' id='par_1_80' title="bbox 2027 3379 3548 3452">
     <span class='ocr_line' id='line_1_80' title="bbox 2027 3379 3548 3452; baseline -0.003 -14"><span class='ocrx_word' id='word_1_537' title='bbox 2027 3396 2187 3446; x_wconf 80' lang='lat' dir='ltr'><strong>retur,</strong></span> <span class='ocrx_word' id='word_1_538' title='bbox 2227 3379 2463 3452; x_wconf 72' lang='lat' dir='ltr'><strong>ﬁliosque</strong></span> <span class='ocrx_word' id='word_1_539' title='bbox 2492 3384 2674 3452; x_wconf 78' lang='lat' dir='ltr'><strong>fratris</strong></span> <span class='ocrx_word' id='word_1_540' title='bbox 2704 3383 2782 3434; x_wconf 79' lang='lat' dir='ltr'><strong>sui</strong></span> <span class='ocrx_word' id='word_1_541' title='bbox 2825 3379 3046 3452; x_wconf 74' lang='lat' dir='ltr'><strong>Romam</strong></span> <span class='ocrx_word' id='word_1_542' title='bbox 3066 3379 3360 3452; x_wconf 68' lang='lat' dir='ltr'><strong>studiorum</strong></span> <span class='ocrx_word' id='word_1_543' title='bbox 3390 3397 3548 3434; x_wconf 71' lang='lat' dir='ltr'><strong>cuum</strong></span> 
     </span>
    </p>
   </div>
   <div class='ocr_carea' id='block_1_81' title="bbox 2027 3449 3548 3522">
    <p class='ocr_par' dir='ltr' id='par_1_81' title="bbox 2027 3449 3548 3522">
     <span class='ocr_line' id='line_1_81' title="bbox 2027 3449 3548 3522; baseline -0.002 -15"><span class='ocrx_word' id='word_1_544' title='bbox 2027 3449 2251 3518; x_wconf 73' lang='lat' dir='ltr'><strong>misisse,</strong></span> <span class='ocrx_word' id='word_1_545' title='bbox 2272 3464 2323 3507; x_wconf 85' lang='lat' dir='ltr'><strong>et</strong></span> <span class='ocrx_word' id='word_1_546' title='bbox 2348 3449 2499 3507; x_wconf 72' lang='lat' dir='ltr'><strong>illum</strong></span> <span class='ocrx_word' id='word_1_547' title='bbox 2505 3449 2652 3522; x_wconf 85' lang='lat' dir='ltr'><strong>jubet</strong></span> <span class='ocrx_word' id='word_1_548' title='bbox 2679 3467 2764 3522; x_wconf 75' lang='lat' dir='ltr'><strong>eos</strong></span> <span class='ocrx_word' id='word_1_549' title='bbox 2793 3451 2866 3504; x_wconf 81' lang='lat' dir='ltr'><strong>sic</strong></span> <span class='ocrx_word' id='word_1_550' title='bbox 2895 3451 2949 3505; x_wconf 85' lang='lat' dir='ltr'><strong>in</strong></span> <span class='ocrx_word' id='word_1_551' title='bbox 2983 3449 3120 3506; x_wconf 87' lang='lat' dir='ltr'><strong>Urbe</strong></span> <span class='ocrx_word' id='word_1_552' title='bbox 3142 3452 3468 3514; x_wconf 81' lang='lat' dir='ltr'><strong>constituere,</strong></span> <span class='ocrx_word' id='word_1_553' title='bbox 3483 3458 3548 3522; x_wconf 84' lang='lat' dir='ltr'><strong>ut</strong></span> 
     </span>
    </p>
   </div>
   <div class='ocr_carea' id='block_1_82' title="bbox 2025 3521 3542 3594">
    <p class='ocr_par' dir='ltr' id='par_1_82' title="bbox 2025 3521 3542 3594">
     <span class='ocr_line' id='line_1_82' title="bbox 2025 3521 3542 3594; baseline -0.003 -16"><span class='ocrx_word' id='word_1_554' title='bbox 2025 3527 2100 3578; x_wconf 82' lang='lat' dir='ltr'><strong>eis</strong></span> <span class='ocrx_word' id='word_1_555' title='bbox 2127 3541 2230 3578; x_wconf 87' lang='lat' dir='ltr'><strong>non</strong></span> <span class='ocrx_word' id='word_1_556' title='bbox 2257 3525 2412 3577; x_wconf 86' lang='lat' dir='ltr'><strong>liceat</strong></span> <span class='ocrx_word' id='word_1_557' title='bbox 2438 3521 2560 3577; x_wconf 88' lang='lat' dir='ltr'><strong>inde</strong></span> <span class='ocrx_word' id='word_1_558' title='bbox 2580 3532 2702 3579; x_wconf 85' lang='lat' dir='ltr'><strong>ante</strong></span> <span class='ocrx_word' id='word_1_559' title='bbox 2725 3521 2989 3577; x_wconf 80' lang='lat' dir='ltr'><strong>discedere</strong></span> <span class='ocrx_word' id='word_1_560' title='bbox 3015 3537 3170 3594; x_wconf 84' lang='lat' dir='ltr'><strong>quam</strong></span> <span class='ocrx_word' id='word_1_561' title='bbox 3201 3522 3426 3575; x_wconf 81' lang='lat' dir='ltr'><strong>secunda</strong></span> <span class='ocrx_word' id='word_1_562' title='bbox 3455 3521 3542 3574; x_wconf 79' lang='lat' dir='ltr'><strong>de-</strong></span> 
     </span>
    </p>
   </div>
   <div class='ocr_carea' id='block_1_83' title="bbox 2029 3594 2886 3667">
    <p class='ocr_par' dir='ltr' id='par_1_83' title="bbox 2029 3594 2886 3667">
     <span class='ocr_line' id='line_1_83' title="bbox 2029 3594 2886 3667; baseline -0.002 -18"><span class='ocrx_word' id='word_1_563' title='bbox 2029 3604 2209 3649; x_wconf 79' lang='lat' dir='ltr'><strong>cernat</strong></span> <span class='ocrx_word' id='word_1_564' title='bbox 2226 3594 2486 3667; x_wconf 81' lang='lat' dir='ltr'><strong>jussione.</strong></span> <span class='ocrx_word' id='word_1_565' title='bbox 2875 3594 2886 3604; x_wconf 86' lang='lat'>&#39;</span> 
     </span>
    </p>
   </div>
   <div class='ocr_carea' id='block_1_84' title="bbox 2031 3704 3553 3777">
    <p class='ocr_par' dir='ltr' id='par_1_84' title="bbox 2031 3704 3553 3777">
     <span class='ocr_line' id='line_1_84' title="bbox 2031 3704 3553 3777; baseline 0 -15"><span class='ocrx_word' id='word_1_566' title='bbox 2031 3707 2402 3763; x_wconf 80' lang='lat' dir='ltr'><strong>Rationabiles</strong></span> <span class='ocrx_word' id='word_1_567' title='bbox 2412 3706 2700 3776; x_wconf 86' lang='lat' dir='ltr'><strong>petitiones</strong></span> <span class='ocrx_word' id='word_1_568' title='bbox 2715 3705 3016 3777; x_wconf 88' lang='lat' dir='ltr'><strong>supplicum</strong></span> <span class='ocrx_word' id='word_1_569' title='bbox 3029 3705 3259 3761; x_wconf 87' lang='lat' dir='ltr'><strong>libenter</strong></span> <span class='ocrx_word' id='word_1_570' title='bbox 3272 3704 3553 3776; x_wconf 82' lang='lat' dir='ltr'><strong>amplecti-</strong></span> 
     </span>
    </p>
   </div>
   <div class='ocr_carea' id='block_1_85' title="bbox 1959 3795 3551 3867">
    <p class='ocr_par' dir='ltr' id='par_1_85' title="bbox 1959 3795 3551 3867">
     <span class='ocr_line' id='line_1_85' title="bbox 1959 3795 3551 3867; baseline -0.002 -14"><span class='ocrx_word' id='word_1_571' title='bbox 1959 3813 2099 3864; x_wconf 87' lang='lat' dir='ltr'><strong>mur,</strong></span> <span class='ocrx_word' id='word_1_572' title='bbox 2147 3797 2238 3867; x_wconf 90' lang='lat' dir='ltr'><strong>qui</strong></span> <span class='ocrx_word' id='word_1_573' title='bbox 2287 3797 2450 3851; x_wconf 90' lang='lat' dir='ltr'><strong>ctiam</strong></span> <span class='ocrx_word' id='word_1_574' title='bbox 2501 3812 2607 3852; x_wconf 91' lang='lat' dir='ltr'><strong>non</strong></span> <span class='ocrx_word' id='word_1_575' title='bbox 2656 3796 2831 3865; x_wconf 81' lang='lat' dir='ltr'><strong>rogati</strong></span> <span class='ocrx_word' id='word_1_576' title='bbox 2875 3795 3019 3865; x_wconf 87' lang='lat' dir='ltr'><strong>justa</strong></span> <span class='ocrx_word' id='word_1_577' title='bbox 3067 3797 3386 3865; x_wconf 83' lang='lat' dir='ltr'><strong>cogitamus.</strong></span> <span class='ocrx_word' id='word_1_578' title='bbox 3413 3795 3551 3863; x_wconf 81' lang='lat' dir='ltr'><strong>Quid</strong></span> 
     </span>
    </p>
   </div>
   <div class='ocr_carea' id='block_1_86' title="bbox 1959 3867 3553 3960">
    <p class='ocr_par' dir='ltr' id='par_1_86' title="bbox 1959 3867 3553 3960">
     <span class='ocr_line' id='line_1_86' title="bbox 1959 3867 3553 3960; baseline -0.001 -14"><span class='ocrx_word' id='word_1_579' title='bbox 1959 3900 2044 3947; x_wconf 90' lang='lat' dir='ltr'><strong>est</strong></span> <span class='ocrx_word' id='word_1_580' title='bbox 2063 3891 2206 3946; x_wconf 86' lang='lat' dir='ltr'><strong>enim</strong></span> <span class='ocrx_word' id='word_1_581' title='bbox 2235 3889 2448 3958; x_wconf 84' lang='lat' dir='ltr'><strong>dignius</strong></span> <span class='ocrx_word' id='word_1_582' title='bbox 2489 3867 2750 3960; x_wconf 69' lang='lat' dir='ltr'><strong>quoddie</strong></span> <span class='ocrx_word' id='word_1_583' title='bbox 2780 3896 3053 3959; x_wconf 88' lang='lat' dir='ltr'><strong>noctuque</strong></span> <span class='ocrx_word' id='word_1_584' title='bbox 3091 3888 3302 3945; x_wconf 85' lang='lat' dir='ltr'><strong>assidua</strong></span> <span class='ocrx_word' id='word_1_585' title='bbox 3346 3889 3553 3945; x_wconf 82' lang='lat' dir='ltr'><strong>delibe-</strong></span> 
     </span>
    </p>
   </div>
   <div class='ocr_carea' id='block_1_87' title="bbox 1959 3978 3556 4052">
    <p class='ocr_par' dir='ltr' id='par_1_87' title="bbox 1959 3978 3556 4052">
     <span class='ocr_line' id='line_1_87' title="bbox 1959 3978 3556 4052; baseline 0 -15"><span class='ocrx_word' id='word_1_586' title='bbox 1959 3981 2172 4044; x_wconf 79' lang='lat' dir='ltr'><strong>ratione</strong></span> <span class='ocrx_word' id='word_1_587' title='bbox 2215 3980 2520 4046; x_wconf 86' lang='lat' dir='ltr'><strong>volvamus,</strong></span> <span class='ocrx_word' id='word_1_588' title='bbox 2572 3978 2673 4034; x_wconf 90' lang='lat' dir='ltr'><strong>nisi</strong></span> <span class='ocrx_word' id='word_1_589' title='bbox 2718 3988 2778 4034; x_wconf 91' lang='lat' dir='ltr'><strong>ut</strong></span> <span class='ocrx_word' id='word_1_590' title='bbox 2818 3981 3067 4052; x_wconf 90' lang='lat' dir='ltr'><strong>rempub.</strong></span> <span class='ocrx_word' id='word_1_591' title='bbox 3123 3989 3362 4036; x_wconf 88' lang='lat' dir='ltr'><strong>nostram</strong></span> <span class='ocrx_word' id='word_1_592' title='bbox 3417 3981 3556 4037; x_wconf 91' lang='lat' dir='ltr'><strong>sicut</strong></span> 
     </span>
    </p>
   </div>
   <div class='ocr_carea' id='block_1_88' title="bbox 1961 4069 3556 4141">
    <p class='ocr_par' dir='ltr' id='par_1_88' title="bbox 1961 4069 3556 4141">
     <span class='ocr_line' id='line_1_88' title="bbox 1961 4069 3556 4141; baseline 0.001 -14"><span class='ocrx_word' id='word_1_593' title='bbox 1961 4085 2114 4127; x_wconf 88' lang='lat' dir='ltr'><strong>arma</strong></span> <span class='ocrx_word' id='word_1_594' title='bbox 2143 4078 2451 4141; x_wconf 79' lang='lat' dir='ltr'><strong>protegunt,</strong></span> <span class='ocrx_word' id='word_1_595' title='bbox 2479 4069 2705 4140; x_wconf 66' lang='lat' dir='ltr'><strong>aequitas</strong></span> <span class='ocrx_word' id='word_1_596' title='bbox 2731 4083 2950 4140; x_wconf 86' lang='lat' dir='ltr'><strong>quoque</strong></span> <span class='ocrx_word' id='word_1_597' title='bbox 2971 4071 3224 4126; x_wconf 84' lang='lat' dir='ltr'><strong>inviolata</strong></span> <span class='ocrx_word' id='word_1_598' title='bbox 3256 4073 3556 4128; x_wconf 78' lang='lat' dir='ltr'><strong>custodiat?</strong></span> 
     </span>
    </p>
   </div>
   <div class='ocr_carea' id='block_1_89' title="bbox 1963 4159 3557 4234">
    <p class='ocr_par' dir='ltr' id='par_1_89' title="bbox 1963 4159 3557 4234">
     <span class='ocr_line' id='line_1_89' title="bbox 1963 4159 3557 4234; baseline 0.001 -18"><span class='ocrx_word' id='word_1_599' title='bbox 1963 4159 2284 4233; x_wconf 81' lang='lat' dir='ltr'><strong>Spectabilis</strong></span> <span class='ocrx_word' id='word_1_600' title='bbox 2313 4161 2495 4230; x_wconf 90' lang='lat' dir='ltr'><strong>itaque</strong></span> <span class='ocrx_word' id='word_1_601' title='bbox 2539 4159 2805 4228; x_wconf 84' lang='lat' dir='ltr'><strong>Filagrius</strong></span> <span class='ocrx_word' id='word_1_602' title='bbox 2853 4161 2908 4217; x_wconf 92' lang='lat' dir='ltr'><strong>in</strong></span> <span class='ocrx_word' id='word_1_603' title='bbox 2953 4161 3288 4234; x_wconf 78' lang='lat' dir='ltr'><strong>Syracusana</strong></span> <span class='ocrx_word' id='word_1_604' title='bbox 3335 4163 3557 4218; x_wconf 85' lang='lat' dir='ltr'><strong>civitate</strong></span> 
     </span>
    </p>
   </div>
   <div class='ocr_carea' id='block_1_90' title="bbox 1963 4251 3552 4322">
    <p class='ocr_par' dir='ltr' id='par_1_90' title="bbox 1963 4251 3552 4322">
     <span class='ocr_line' id='line_1_90' title="bbox 1963 4251 3552 4322; baseline -0.003 -13"><span class='ocrx_word' id='word_1_605' title='bbox 1963 4252 2288 4316; x_wconf 88' lang='lat' dir='ltr'><strong>consistens,</strong></span> <span class='ocrx_word' id='word_1_606' title='bbox 2321 4251 2508 4320; x_wconf 88' lang='lat' dir='ltr'><strong>palatii</strong></span> <span class='ocrx_word' id='word_1_607' title='bbox 2538 4253 2711 4308; x_wconf 87' lang='lat' dir='ltr'><strong>nostri</strong></span> <span class='ocrx_word' id='word_1_608' title='bbox 2741 4251 2900 4322; x_wconf 85' lang='lat' dir='ltr'><strong>longa</strong></span> <span class='ocrx_word' id='word_1_609' title='bbox 2927 4252 3309 4308; x_wconf 81' lang='lat' dir='ltr'><strong>observatione</strong></span> <span class='ocrx_word' id='word_1_610' title='bbox 3335 4253 3552 4317; x_wconf 78' lang='lat' dir='ltr'><strong>dilatus,</strong></span> 
     </span>
    </p>
   </div>
   <div class='ocr_carea' id='block_1_91' title="bbox 1963 4341 3558 4415">
    <p class='ocr_par' dir='ltr' id='par_1_91' title="bbox 1963 4341 3558 4415">
     <span class='ocr_line' id='line_1_91' title="bbox 1963 4341 3558 4415; baseline 0 -17"><span class='ocrx_word' id='word_1_611' title='bbox 1963 4341 2163 4398; x_wconf 86' lang='lat' dir='ltr'><strong>reverti</strong></span> <span class='ocrx_word' id='word_1_612' title='bbox 2189 4356 2248 4400; x_wconf 85' lang='lat' dir='ltr'><strong>se</strong></span> <span class='ocrx_word' id='word_1_613' title='bbox 2277 4341 2344 4395; x_wconf 89' lang='lat' dir='ltr'><strong>ad</strong></span> <span class='ocrx_word' id='word_1_614' title='bbox 2368 4341 2511 4396; x_wconf 88' lang='lat' dir='ltr'><strong>lares</strong></span> <span class='ocrx_word' id='word_1_615' title='bbox 2538 4342 2786 4414; x_wconf 89' lang='lat' dir='ltr'><strong>proprios</strong></span> <span class='ocrx_word' id='word_1_616' title='bbox 2829 4342 3172 4415; x_wconf 79' lang='lat' dir='ltr'><strong>supplicavit,</strong></span> <span class='ocrx_word' id='word_1_617' title='bbox 3207 4344 3300 4414; x_wconf 89' lang='lat' dir='ltr'><strong>qui</strong></span> <span class='ocrx_word' id='word_1_618' title='bbox 3347 4343 3558 4400; x_wconf 62' lang='lat' dir='ltr'><strong>studio»</strong></span> 
     </span>
    </p>
   </div>
   <div class='ocr_carea' id='block_1_92' title="bbox 1965 4429 3561 4491">
    <p class='ocr_par' dir='ltr' id='par_1_92' title="bbox 1965 4429 3561 4491">
     <span class='ocr_line' id='line_1_92' title="bbox 1965 4429 3561 4491; baseline 0.001 -3"><span class='ocrx_word' id='word_1_619' title='bbox 1965 4447 2084 4488; x_wconf 90' lang='lat' dir='ltr'><strong>rum</strong></span> <span class='ocrx_word' id='word_1_620' title='bbox 2113 4446 2273 4488; x_wconf 88' lang='lat' dir='ltr'><strong>causa</strong></span> <span class='ocrx_word' id='word_1_621' title='bbox 2297 4429 2480 4488; x_wconf 87' lang='lat' dir='ltr'><strong>fratris</strong></span> <span class='ocrx_word' id='word_1_622' title='bbox 2517 4432 2658 4488; x_wconf 82' lang='lat' dir='ltr'><strong>ﬁlios</strong></span> <span class='ocrx_word' id='word_1_623' title='bbox 2684 4433 2753 4488; x_wconf 91' lang='lat' dir='ltr'><strong>ad</strong></span> <span class='ocrx_word' id='word_1_624' title='bbox 2780 4433 3078 4490; x_wconf 83' lang='lat' dir='ltr'><strong>Romanam</strong></span> <span class='ocrx_word' id='word_1_625' title='bbox 3103 4433 3346 4491; x_wconf 71' lang='lat' dir='ltr'><strong>exhibuit</strong></span> <span class='ocrx_word' id='word_1_626' title='bbox 3373 4435 3561 4490; x_wconf 87' lang='lat' dir='ltr'><strong>civita-</strong></span> 
     </span>
    </p>
   </div>
   <div class='ocr_carea' id='block_1_93' title="bbox 261 4511 3560 4593">
    <p class='ocr_par' dir='ltr' id='par_1_93' title="bbox 261 4511 3560 4593">
     <span class='ocr_line' id='line_1_93' title="bbox 261 4511 3560 4593; baseline 0.004 -27"><span class='ocrx_word' id='word_1_627' title='bbox 261 4512 496 4576; x_wconf 88' lang='lat' dir='ltr'><strong>neravit,</strong></span> <span class='ocrx_word' id='word_1_628' title='bbox 527 4519 586 4568; x_wconf 91' lang='lat' dir='ltr'><strong>et</strong></span> <span class='ocrx_word' id='word_1_629' title='bbox 626 4511 874 4582; x_wconf 84' lang='lat' dir='ltr'><strong>Agnello,</strong></span> <span class='ocrx_word' id='word_1_630' title='bbox 918 4518 979 4566; x_wconf 92' lang='lat' dir='ltr'><strong>ut</strong></span> <span class='ocrx_word' id='word_1_631' title='bbox 1015 4512 1234 4579; x_wconf 89' lang='lat' dir='ltr'><strong>asseris,</strong></span> <span class='ocrx_word' id='word_1_632' title='bbox 1267 4511 1571 4582; x_wconf 86' lang='lat' dir='ltr'><strong>fidejussori</strong></span> <span class='ocrx_word' id='word_1_633' title='bbox 1601 4522 1695 4570; x_wconf 92' lang='lat' dir='ltr'><strong>tuo</strong></span> <span class='ocrx_word' id='word_1_634' title='bbox 1723 4530 1753 4570; x_wconf 92' lang='lat' dir='ltr'><strong>a</strong></span> <span class='ocrx_word' id='word_1_635' title='bbox 1785 4516 1861 4571; x_wconf 91' lang='lat' dir='ltr'><strong>vi-</strong></span> <span class='ocrx_word' id='word_1_636' title='bbox 1892 4527 1937 4586; x_wconf 86' lang='grc' dir='ltr'><strong>ι)</strong></span> <span class='ocrx_word' id='word_1_637' title='bbox 1965 4530 2094 4578; x_wconf 88' lang='lat' dir='ltr'><strong>tem.</strong></span> <span class='ocrx_word' id='word_1_638' title='bbox 2127 4521 2275 4588; x_wconf 85' lang='lat' dir='ltr'><strong>Quos</strong></span> <span class='ocrx_word' id='word_1_639' title='bbox 2298 4521 2518 4578; x_wconf 85' lang='lat' dir='ltr'><strong>illustris</strong></span> <span class='ocrx_word' id='word_1_640' title='bbox 2543 4523 2944 4593; x_wconf 76' lang='lat' dir='ltr'><strong>magniﬁcentia</strong></span> <span class='ocrx_word' id='word_1_641' title='bbox 2973 4532 3063 4580; x_wconf 89' lang='lat' dir='ltr'><strong>tua</strong></span> <span class='ocrx_word' id='word_1_642' title='bbox 3092 4539 3163 4582; x_wconf 78' lang='lat' dir='ltr'><strong>ex</strong></span> <span class='ocrx_word' id='word_1_643' title='bbox 3207 4532 3392 4581; x_wconf 88' lang='lat' dir='ltr'><strong>nostra</strong></span> <span class='ocrx_word' id='word_1_644' title='bbox 3430 4541 3560 4582; x_wconf 89' lang='lat' dir='ltr'><strong>con-</strong></span> 
     </span>
    </p>
   </div>
   <div class='ocr_carea' id='block_1_94' title="bbox 261 4599 1863 4678">
    <p class='ocr_par' dir='ltr' id='par_1_94' title="bbox 261 4599 1863 4678">
     <span class='ocr_line' id='line_1_94' title="bbox 261 4599 1863 4678; baseline 0.006 -23"><span class='ocrx_word' id='word_1_645' title='bbox 261 4600 418 4656; x_wconf 89' lang='lat' dir='ltr'><strong>cario</strong></span> <span class='ocrx_word' id='word_1_646' title='bbox 443 4599 532 4656; x_wconf 89' lang='lat' dir='ltr'><strong>vel</strong></span> <span class='ocrx_word' id='word_1_647' title='bbox 559 4600 678 4672; x_wconf 89' lang='lat' dir='ltr'><strong>ejus</strong></span> <span class='ocrx_word' id='word_1_648' title='bbox 703 4599 884 4658; x_wconf 83' lang='lat' dir='ltr'><strong>officio</strong></span> <span class='ocrx_word' id='word_1_649' title='bbox 919 4609 1189 4658; x_wconf 65' lang='lat' dir='ltr'><strong>extortam</strong></span> <span class='ocrx_word' id='word_1_650' title='bbox 1219 4605 1527 4660; x_wconf 90' lang='lat' dir='ltr'><strong>constiterit</strong></span> <span class='ocrx_word' id='word_1_651' title='bbox 1578 4603 1745 4662; x_wconf 88' lang='lat' dir='ltr'><strong>fuisse</strong></span> <span class='ocrx_word' id='word_1_652' title='bbox 1774 4623 1863 4678; x_wconf 75' lang='grc' dir='ltr'><strong>ρε-</strong></span> 
     </span>
    </p>
   </div>
   <div class='ocr_carea' id='block_1_95' title="bbox 259 4693 1862 4770">
    <p class='ocr_par' dir='ltr' id='par_1_95' title="bbox 259 4693 1862 4770">
     <span class='ocr_line' id='line_1_95' title="bbox 259 4693 1862 4770; baseline 0.003 -21"><span class='ocrx_word' id='word_1_653' title='bbox 259 4693 482 4749; x_wconf 88' lang='lat' dir='ltr'><strong>cnniam</strong></span> <span class='ocrx_word' id='word_1_654' title='bbox 502 4706 532 4760; x_wconf 76' lang='grc' dir='ltr'><strong>ς’</strong></span> <span class='ocrx_word' id='word_1_655' title='bbox 554 4701 736 4750; x_wconf 91' lang='lat' dir='ltr'><strong>nostra</strong></span> <span class='ocrx_word' id='word_1_656' title='bbox 760 4693 1005 4766; x_wconf 88' lang='lat' dir='ltr'><strong>jussione</strong></span> <span class='ocrx_word' id='word_1_657' title='bbox 1033 4704 1332 4752; x_wconf 89' lang='lat' dir='ltr'><strong>conventus</strong></span> <span class='ocrx_word' id='word_1_658' title='bbox 1380 4697 1615 4770; x_wconf 78' lang='lat' dir='ltr'><strong>(Accurs.</strong></span> <span class='ocrx_word' id='word_1_659' title='bbox 1638 4739 1654 4766; x_wconf 93' lang='lat'><strong>,</strong></span> <span class='ocrx_word' id='word_1_660' title='bbox 1677 4700 1862 4756; x_wconf 89' lang='lat' dir='ltr'><strong>convi-</strong></span> 
     </span>
    </p>
   </div>
   <div class='ocr_carea' id='block_1_96' title="bbox 260 4783 1862 4858">
    <p class='ocr_par' dir='ltr' id='par_1_96' title="bbox 260 4783 1862 4858">
     <span class='ocr_line' id='line_1_96' title="bbox 260 4783 1862 4858; baseline 0.003 -15"><span class='ocrx_word' id='word_1_661' title='bbox 260 4783 434 4856; x_wconf 84' lang='lat' dir='ltr'><strong>ctus],</strong></span> <span class='ocrx_word' id='word_1_662' title='bbox 460 4785 756 4842; x_wconf 87' lang='lat' dir='ltr'><strong>secundum</strong></span> <span class='ocrx_word' id='word_1_663' title='bbox 776 4787 924 4858; x_wconf 89' lang='lat' dir='ltr'><strong>leges</strong></span> <span class='ocrx_word' id='word_1_664' title='bbox 944 4788 1123 4844; x_wconf 88' lang='lat' dir='ltr'><strong>ablata</strong></span> <span class='ocrx_word' id='word_1_665' title='bbox 1145 4789 1416 4844; x_wconf 88' lang='lat' dir='ltr'><strong>restituat.</strong></span> <span class='ocrx_word' id='word_1_666' title='bbox 1444 4789 1702 4848; x_wconf 83' lang='lat' dir='ltr'><strong>Nolumus</strong></span> <span class='ocrx_word' id='word_1_667' title='bbox 1719 4793 1862 4848; x_wconf 90' lang='lat' dir='ltr'><strong>enim</strong></span> 
     </span>
    </p>
   </div>
   <div class='ocr_carea' id='block_1_97' title="bbox 260 4875 1865 4951">
    <p class='ocr_par' dir='ltr' id='par_1_97' title="bbox 260 4875 1865 4951">
     <span class='ocr_line' id='line_1_97' title="bbox 260 4875 1865 4951; baseline 0.005 -19"><span class='ocrx_word' id='word_1_668' title='bbox 260 4890 333 4933; x_wconf 85' lang='lat' dir='ltr'><strong>ea</strong></span> <span class='ocrx_word' id='word_1_669' title='bbox 353 4876 410 4932; x_wconf 90' lang='lat' dir='ltr'><strong>in</strong></span> <span class='ocrx_word' id='word_1_670' title='bbox 439 4875 753 4948; x_wconf 87' lang='lat' dir='ltr'><strong>cujusquam</strong></span> <span class='ocrx_word' id='word_1_671' title='bbox 781 4877 1015 4949; x_wconf 65' lang='lat' dir='ltr'><strong>praedam</strong></span> <span class='ocrx_word' id='word_1_672' title='bbox 1044 4879 1258 4946; x_wconf 88' lang='lat' dir='ltr'><strong>cadere,</strong></span> <span class='ocrx_word' id='word_1_673' title='bbox 1285 4895 1407 4951; x_wconf 59' lang='lat' dir='ltr'><strong>quae</strong></span> <span class='ocrx_word' id='word_1_674' title='bbox 1432 4890 1617 4937; x_wconf 89' lang='lat' dir='ltr'><strong>nostra</strong></span> <span class='ocrx_word' id='word_1_675' title='bbox 1645 4883 1758 4938; x_wconf 88' lang='lat' dir='ltr'><strong>visa</strong></span> <span class='ocrx_word' id='word_1_676' title='bbox 1781 4893 1865 4940; x_wconf 87' lang='lat' dir='ltr'><strong>est</strong></span> 
     </span>
    </p>
   </div>
   <div class='ocr_carea' id='block_1_98' title="bbox 261 4971 1862 5035">
    <p class='ocr_par' dir='ltr' id='par_1_98' title="bbox 261 4971 1862 5035">
     <span class='ocr_line' id='line_1_98' title="bbox 261 4971 1862 5035; baseline 0.002 -4"><span class='ocrx_word' id='word_1_677' title='bbox 261 4972 535 5031; x_wconf 85' lang='lat' dir='ltr'><strong>sententia</strong></span> <span class='ocrx_word' id='word_1_678' title='bbox 565 4971 818 5030; x_wconf 90' lang='lat' dir='ltr'><strong>liberare.</strong></span> <span class='ocrx_word' id='word_1_679' title='bbox 853 4972 976 5030; x_wconf 88' lang='lat' dir='ltr'><strong>Pari</strong></span> <span class='ocrx_word' id='word_1_680' title='bbox 1008 4974 1172 5031; x_wconf 89' lang='lat' dir='ltr'><strong>modo</strong></span> <span class='ocrx_word' id='word_1_681' title='bbox 1199 4983 1388 5032; x_wconf 89' lang='lat' dir='ltr'><strong>contra</strong></span> <span class='ocrx_word' id='word_1_682' title='bbox 1435 4975 1730 5032; x_wconf 86' lang='lat' dir='ltr'><strong>incivilium</strong></span> <span class='ocrx_word' id='word_1_683' title='bbox 1761 4979 1862 5035; x_wconf 89' lang='lat' dir='ltr'><strong>im-</strong></span> 
     </span>
    </p>
   </div>
   <div class='ocr_carea' id='block_1_99' title="bbox 264 5059 1862 5140">
    <p class='ocr_par' dir='ltr' id='par_1_99' title="bbox 264 5059 1862 5140">
     <span class='ocr_line' id='line_1_99' title="bbox 264 5059 1862 5140; baseline 0.004 -20"><span class='ocrx_word' id='word_1_684' title='bbox 264 5072 430 5138; x_wconf 86' lang='lat' dir='ltr'><strong>petus</strong></span> <span class='ocrx_word' id='word_1_685' title='bbox 463 5059 732 5122; x_wconf 84' lang='lat' dir='ltr'><strong>Candacis</strong></span> <span class='ocrx_word' id='word_1_686' title='bbox 759 5065 856 5122; x_wconf 88' lang='lat' dir='ltr'><strong>tibi</strong></span> <span class='ocrx_word' id='word_1_687' title='bbox 893 5065 1180 5122; x_wconf 90' lang='lat' dir='ltr'><strong>tuitionem</strong></span> <span class='ocrx_word' id='word_1_688' title='bbox 1227 5067 1330 5124; x_wconf 87' lang='lat' dir='ltr'><strong>sub</strong></span> <span class='ocrx_word' id='word_1_689' title='bbox 1373 5068 1626 5140; x_wconf 65' lang='lat' dir='ltr'><strong>atquahili</strong></span> <span class='ocrx_word' id='word_1_690' title='bbox 1673 5067 1862 5126; x_wconf 86' lang='lat' dir='ltr'><strong>defen-</strong></span> 
     </span>
    </p>
   </div>
   <div class='ocr_carea' id='block_1_100' title="bbox 345 5239 1854 5320">
    <p class='ocr_par' dir='ltr' id='par_1_100' title="bbox 345 5239 1854 5320">
     <span class='ocr_line' id='line_1_100' title="bbox 345 5239 1854 5320; baseline 0.004 -24"><span class='ocrx_word' id='word_1_691' title='bbox 345 5249 371 5320; x_wconf 57' lang='grc' dir='ltr'><strong><em>ξ</em></strong></span> <span class='ocrx_word' id='word_1_692' title='bbox 410 5239 800 5320; x_wconf 62' lang='lat' dir='ltr'><strong>@onfer_lm_ne</strong></span> <span class='ocrx_word' id='word_1_693' title='bbox 843 5243 1022 5300; x_wconf 90' lang='lat' dir='ltr'><strong>locum</strong></span> <span class='ocrx_word' id='word_1_694' title='bbox 1061 5261 1184 5302; x_wconf 90' lang='lat' dir='ltr'><strong>cum</strong></span> <span class='ocrx_word' id='word_1_695' title='bbox 1224 5247 1260 5300; x_wconf 93' lang='lat' dir='ltr'><strong>l.</strong></span> <span class='ocrx_word' id='word_1_696' title='bbox 1295 5246 1507 5304; x_wconf 79' lang='lat' dir='ltr'><strong>Marito.</strong></span> <span class='ocrx_word' id='word_1_697' title='bbox 1551 5248 1618 5304; x_wconf 82' lang='grc' dir='ltr'><strong>Ι).</strong></span> <span class='ocrx_word' id='word_1_698' title='bbox 1645 5246 1716 5304; x_wconf 90' lang='lat' dir='ltr'><strong>ad</strong></span> <span class='ocrx_word' id='word_1_699' title='bbox 1745 5247 1854 5320; x_wconf 83' lang='lat' dir='ltr'><strong>leg.</strong></span> 
     </span>
    </p>
   </div>
   <div class='ocr_carea' id='block_1_101' title="bbox 261 5311 1496 5370">
    <p class='ocr_par' dir='ltr' id='par_1_101' title="bbox 261 5311 1496 5370">
     <span class='ocr_line' id='line_1_101' title="bbox 261 5311 1496 5370; baseline 0.002 0"><span class='ocrx_word' id='word_1_700' title='bbox 261 5311 375 5370; x_wconf 81' lang='lat' dir='ltr'><strong>Jul.</strong></span> <span class='ocrx_word' id='word_1_701' title='bbox 405 5312 474 5368; x_wconf 90' lang='lat' dir='ltr'><strong>de</strong></span> <span class='ocrx_word' id='word_1_702' title='bbox 503 5312 683 5369; x_wconf 86' lang='lat' dir='ltr'><strong>Adult.</strong></span> <span class='ocrx_word' id='word_1_703' title='bbox 715 5313 954 5370; x_wconf 68' lang='lat' dir='ltr'><strong>Fonsen.</strong></span> <span class='ocrx_word' id='word_1_704' title='bbox 1450 5336 1496 5358; x_wconf 48' lang='grc' dir='ltr'><strong>κν</strong></span> 
     </span>
    </p>
   </div>
   <div class='ocr_carea' id='block_1_102' title="bbox 344 5381 1862 5460">
    <p class='ocr_par' dir='ltr' id='par_1_102' title="bbox 344 5381 1862 5460">
     <span class='ocr_line' id='line_1_102' title="bbox 344 5381 1862 5460; baseline 0.006 -24"><span class='ocrx_word' id='word_1_705' title='bbox 344 5381 514 5460; x_wconf 55' lang='grc' dir='ltr'><strong>ξιιι).</strong></span> <span class='ocrx_word' id='word_1_706' title='bbox 549 5399 587 5439; x_wconf 89' lang='grc' dir='ltr'><strong>ιι</strong></span> <span class='ocrx_word' id='word_1_707' title='bbox 623 5399 775 5460; x_wconf 87' lang='lat' dir='ltr'><strong>seq.,_</strong></span> <span class='ocrx_word' id='word_1_708' title='bbox 817 5387 982 5460; x_wconf 54' lang='lat' dir='ltr'><strong>epist.</strong></span> <span class='ocrx_word' id='word_1_709' title='bbox 1033 5386 1352 5460; x_wconf 2' lang='lat' dir='ltr'><strong>il,qiterata</strong></span> <span class='ocrx_word' id='word_1_710' title='bbox 1400 5389 1639 5460; x_wconf 75' lang='lat' dir='ltr'><strong>jussione</strong></span> <span class='ocrx_word' id='word_1_711' title='bbox 1680 5405 1698 5443; x_wconf 90' lang='lat'><strong><em>:</em></strong></span> <span class='ocrx_word' id='word_1_712' title='bbox 1740 5404 1862 5459; x_wconf 74' lang='lat' dir='ltr'><strong>qua:</strong></span> 
     </span>
    </p>
   </div>
   <div class='ocr_carea' id='block_1_103' title="bbox 263 5452 1860 5532">
    <p class='ocr_par' dir='ltr' id='par_1_103' title="bbox 263 5452 1860 5532">
     <span class='ocr_line' id='line_1_103' title="bbox 263 5452 1860 5532; baseline 0.001 -20"><span class='ocrx_word' id='word_1_713' title='bbox 263 5452 492 5532; x_wconf 73' lang='lat' dir='ltr'><strong>majoris</strong></span> <span class='ocrx_word' id='word_1_714' title='bbox 519 5452 778 5532; x_wconf 66' lang='lat' dir='ltr'><strong>momenti</strong></span> <span class='ocrx_word' id='word_1_715' title='bbox 809 5452 912 5511; x_wconf 80' lang='lat' dir='ltr'><strong>est.</strong></span> <span class='ocrx_word' id='word_1_716' title='bbox 957 5455 1244 5532; x_wconf 82' lang='lat' dir='ltr'><strong>Justinian.</strong></span> <span class='ocrx_word' id='word_1_717' title='bbox 1291 5452 1489 5514; x_wconf 73' lang='lat' dir='ltr'><strong>novell.</strong></span> <span class='ocrx_word' id='word_1_718' title='bbox 1524 5459 1592 5512; x_wconf 83' lang='lat' dir='ltr'><strong>I7</strong></span> <span class='ocrx_word' id='word_1_719' title='bbox 1618 5477 1636 5532; x_wconf 88' lang='lat'><strong>:_</strong></span> <span class='ocrx_word' id='word_1_720' title='bbox 1663 5465 1738 5516; x_wconf 75' lang='grc' dir='ltr'><strong>Οὐ</strong></span> <span class='ocrx_word' id='word_1_721' title='bbox 1760 5452 1860 5532; x_wconf 60' lang='grc' dir='ltr'><strong>μὴν</strong></span> 
     </span>
    </p>
   </div>
   <div class='ocr_carea' id='block_1_104' title="bbox 263 5525 1862 5606">
    <p class='ocr_par' dir='ltr' id='par_1_104' title="bbox 263 5525 1862 5606">
     <span class='ocr_line' id='line_1_104' title="bbox 263 5525 1862 5606; baseline 0.003 -24"><span class='ocrx_word' id='word_1_722' title='bbox 263 5549 321 5606; x_wconf 61' lang='grc' dir='ltr'><strong>τι</strong></span> <span class='ocrx_word' id='word_1_723' title='bbox 346 5526 557 5606; x_wconf 58' lang='grc' dir='ltr'><strong>πράξεις</strong></span> <span class='ocrx_word' id='word_1_724' title='bbox 578 5527 630 5590; x_wconf 77' lang='grc' dir='ltr'><strong>ἐξ</strong></span> <span class='ocrx_word' id='word_1_725' title='bbox 649 5529 809 5606; x_wconf 46' lang='lat' dir='ltr'><strong>aurci</strong></span> <span class='ocrx_word' id='word_1_726' title='bbox 839 5533 958 5602; x_wconf 63' lang='grc' dir='ltr'><strong>πρίν</strong></span> <span class='ocrx_word' id='word_1_727' title='bbox 987 5525 1047 5606; x_wconf 77' lang='grc' dir='ltr'><strong>ᾂν</strong></span> <span class='ocrx_word' id='word_1_728' title='bbox 1069 5533 1140 5606; x_wconf 55' lang='grc' dir='ltr'><strong>είς</strong></span> <span class='ocrx_word' id='word_1_729' title='bbox 1160 5531 1292 5602; x_wconf 71' lang='grc' dir='ltr'><strong>ἡμᾶς</strong></span> <span class='ocrx_word' id='word_1_730' title='bbox 1314 5531 1547 5606; x_wconf 20' lang='grc' dir='ltr'><strong>μηιέύλσρας·</strong></span> <span class='ocrx_word' id='word_1_731' title='bbox 1569 5573 1582 5596; x_wconf 85' lang='grc'><em>,</em></span> <span class='ocrx_word' id='word_1_732' title='bbox 1617 5525 1862 5606; x_wconf 42' lang='lat' dir='ltr'><strong>{sui-Epona</strong></span> 
     </span>
    </p>
   </div>
   <div class='ocr_carea' id='block_1_105' title="bbox 265 5598 1860 5675">
    <p class='ocr_par' dir='ltr' id='par_1_105' title="bbox 265 5598 1860 5675">
     <span class='ocr_line' id='line_1_105' title="bbox 265 5598 1860 5675; baseline 0.003 -23"><span class='ocrx_word' id='word_1_733' title='bbox 265 5598 403 5675; x_wconf 52' lang='lat' dir='ltr'><strong>{sitia</strong></span> <span class='ocrx_word' id='word_1_734' title='bbox 425 5598 640 5675; x_wconf 56' lang='lat' dir='ltr'><strong>_TOtIl&#39;t&#39;tD!</strong></span> <span class='ocrx_word' id='word_1_735' title='bbox 690 5598 964 5675; x_wconf 54' lang='grc' dir='ltr'><strong>ἐςιτροείςίὰν</strong></span> <span class='ocrx_word' id='word_1_736' title='bbox 983 5598 1592 5675; x_wconf 39' lang='grc' dir='ltr'><strong>ἧμετέράν-προσλέιϐοςς.</strong></span> <span class='ocrx_word' id='word_1_737' title='bbox 1626 5599 1694 5655; x_wconf 84' lang='lat' dir='ltr'><strong>Et</strong></span> <span class='ocrx_word' id='word_1_738' title='bbox 1735 5598 1860 5656; x_wconf 69' lang='lat' dir='ltr'><strong>nbv.</strong></span> 
     </span>
    </p>
   </div>
   <div class='ocr_carea' id='block_1_106' title="bbox 270 5664 1860 5745">
    <p class='ocr_par' dir='ltr' id='par_1_106' title="bbox 270 5664 1860 5745">
     <span class='ocr_line' id='line_1_106' title="bbox 270 5664 1860 5745; baseline 0.001 -23"><span class='ocrx_word' id='word_1_739' title='bbox 270 5665 404 5745; x_wconf 49' lang='grc' dir='ltr'><strong>ἓως</strong></span> <span class='ocrx_word' id='word_1_740' title='bbox 425 5664 585 5745; x_wconf 66' lang='grc' dir='ltr'><strong>Ὠστς</strong></span> <span class='ocrx_word' id='word_1_741' title='bbox 609 5664 852 5745; x_wconf 71' lang='grc' dir='ltr'><strong>δευτέρὰν</strong></span> <span class='ocrx_word' id='word_1_742' title='bbox 872 5664 1148 5745; x_wconf 43' lang='grc' dir='ltr'><strong>ἡέιῶίπερῖ</strong></span> <span class='ocrx_word' id='word_1_743' title='bbox 1168 5664 1594 5745; x_wconf 45' lang='lat' dir='ltr'><strong>Nireus/issi)“:</strong></span> <span class='ocrx_word' id='word_1_744' title='bbox 1615 5675 1860 5745; x_wconf 64' lang='grc' dir='ltr'><strong>κέλευσιν.</strong></span> 
     </span>
    </p>
   </div>
   <div class='ocr_carea' id='block_1_107' title="bbox 266 5735 1860 5822">
    <p class='ocr_par' dir='ltr' id='par_1_107' title="bbox 266 5735 1860 5822">
     <span class='ocr_line' id='line_1_107' title="bbox 266 5735 1860 5822; baseline 0.003 -29"><span class='ocrx_word' id='word_1_745' title='bbox 266 5735 641 5822; x_wconf 57' lang='lat' dir='ltr'><strong>Iterataenim</strong></span> <span class='ocrx_word' id='word_1_746' title='bbox 670 5735 859 5822; x_wconf 81' lang='lat' dir='ltr'><strong>eadem</strong></span> <span class='ocrx_word' id='word_1_747' title='bbox 884 5741 958 5820; x_wconf 76' lang='lat' dir='ltr'><strong>de</strong></span> <span class='ocrx_word' id='word_1_748' title='bbox 999 5755 1059 5795; x_wconf 88' lang='lat' dir='ltr'><strong>re</strong></span> <span class='ocrx_word' id='word_1_749' title='bbox 1087 5735 1429 5822; x_wconf 48' lang='lat' dir='ltr'><strong>:postulatio,</strong></span> <span class='ocrx_word' id='word_1_750' title='bbox 1458 5749 1514 5796; x_wconf 88' lang='lat' dir='ltr'><strong>et</strong></span> <span class='ocrx_word' id='word_1_751' title='bbox 1557 5743 1860 5822; x_wconf 61' lang='lat' dir='ltr'><strong>confessio,</strong></span> 
     </span>
    </p>
   </div>
   <div class='ocr_carea' id='block_1_108' title="bbox 267 5808 1854 5920">
    <p class='ocr_par' dir='ltr' id='par_1_108' title="bbox 267 5808 1854 5920">
     <span class='ocr_line' id='line_1_108' title="bbox 267 5808 1854 5920; baseline 0.001 -52"><span class='ocrx_word' id='word_1_752' title='bbox 267 5808 613 5920; x_wconf 48' lang='lat' dir='ltr'><strong>olfcptionis</strong></span> <span class='ocrx_word' id='word_1_753' title='bbox 640 5817 697 5865; x_wconf 89' lang='lat' dir='ltr'><strong>et</strong></span> <span class='ocrx_word' id='word_1_754' title='bbox 725 5810 925 5868; x_wconf 86' lang='lat' dir='ltr'><strong>erroris</strong></span> <span class='ocrx_word' id='word_1_755' title='bbox 953 5808 1315 5883; x_wconf 77' lang='lat' dir='ltr'><strong>su5piéiouent</strong></span> <span class='ocrx_word' id='word_1_756' title='bbox 1354 5808 1590 5870; x_wconf 83' lang='lat' dir='ltr'><strong>amovet.</strong></span> <span class='ocrx_word' id='word_1_757' title='bbox 1643 5808 1854 5870; x_wconf 58' lang='lat' dir='ltr'><strong>SecunJ</strong></span> 
     </span>
    </p>
   </div>
   <div class='ocr_carea' id='block_1_109' title="bbox 1967 4609 3660 4687">
    <p class='ocr_par' dir='ltr' id='par_1_109' title="bbox 1967 4609 3660 4687">
     <span class='ocr_line' id='line_1_109' title="bbox 1967 4609 3660 4687; baseline 0.003 -19"><span class='ocrx_word' id='word_1_758' title='bbox 1967 4615 2144 4669; x_wconf 90' lang='lat' dir='ltr'><strong>tinens</strong></span> <span class='ocrx_word' id='word_1_759' title='bbox 2173 4613 2442 4683; x_wconf 90' lang='lat' dir='ltr'><strong>jussione,</strong></span> <span class='ocrx_word' id='word_1_760' title='bbox 2482 4614 2537 4668; x_wconf 93' lang='lat' dir='ltr'><strong>in</strong></span> <span class='ocrx_word' id='word_1_761' title='bbox 2579 4615 2886 4687; x_wconf 80' lang='lat' dir='ltr'><strong>supradicta</strong></span> <span class='ocrx_word' id='word_1_762' title='bbox 2915 4613 3060 4672; x_wconf 86' lang='lat' dir='ltr'><strong>Urbe</strong></span> <span class='ocrx_word' id='word_1_763' title='bbox 3087 4616 3412 4680; x_wconf 84' lang='lat' dir='ltr'><strong>constituat;</strong></span> <span class='ocrx_word' id='word_1_764' title='bbox 3463 4632 3560 4673; x_wconf 89' lang='lat' dir='ltr'><strong>nec</strong></span> <span class='ocrx_word' id='word_1_765' title='bbox 3655 4609 3660 4621; x_wconf 83' lang='grc'><em>’</em></span> 
     </span>
    </p>
   </div>
   <div class='ocr_carea' id='block_1_110' title="bbox 1961 4700 3561 4776">
    <p class='ocr_par' dir='ltr' id='par_1_110' title="bbox 1961 4700 3561 4776">
     <span class='ocr_line' id='line_1_110' title="bbox 1961 4700 3561 4776; baseline 0.002 -15"><span class='ocrx_word' id='word_1_766' title='bbox 1961 4705 2071 4761; x_wconf 86' lang='lat' dir='ltr'><strong>illis</strong></span> <span class='ocrx_word' id='word_1_767' title='bbox 2098 4705 2258 4761; x_wconf 90' lang='lat' dir='ltr'><strong>liceat</strong></span> <span class='ocrx_word' id='word_1_768' title='bbox 2284 4712 2412 4760; x_wconf 87' lang='lat' dir='ltr'><strong>ante</strong></span> <span class='ocrx_word' id='word_1_769' title='bbox 2437 4704 2742 4776; x_wconf 84' lang='lat' dir='ltr'><strong>discedere,</strong></span> <span class='ocrx_word' id='word_1_770' title='bbox 2769 4707 2874 4763; x_wconf 91' lang='lat' dir='ltr'><strong>nisi</strong></span> <span class='ocrx_word' id='word_1_771' title='bbox 2903 4707 3008 4764; x_wconf 92' lang='lat' dir='ltr'><strong>hoc</strong></span> <span class='ocrx_word' id='word_1_772' title='bbox 3023 4700 3272 4766; x_wconf 67' lang='lat' dir='ltr'><strong>&#39;secunda</strong></span> <span class='ocrx_word' id='word_1_773' title='bbox 3297 4709 3561 4765; x_wconf 85' lang='lat' dir='ltr'><strong>decerna-</strong></span> 
     </span>
    </p>
   </div>
   <div class='ocr_carea' id='block_1_111' title="bbox 1965 4797 3560 4874">
    <p class='ocr_par' dir='ltr' id='par_1_111' title="bbox 1965 4797 3560 4874">
     <span class='ocr_line' id='line_1_111' title="bbox 1965 4797 3560 4874; baseline 0.002 -19"><span class='ocrx_word' id='word_1_774' title='bbox 1965 4814 2087 4855; x_wconf 92' lang='lat' dir='ltr'><strong>mus</strong></span> <span class='ocrx_word' id='word_1_775' title='bbox 2116 4797 2309 4853; x_wconf 89' lang='lat' dir='ltr'><strong>iterum</strong></span> <span class='ocrx_word' id='word_1_776' title='bbox 2329 4797 2576 4868; x_wconf 88' lang='lat' dir='ltr'><strong>jussione</strong></span> <span class='ocrx_word' id='word_1_777' title='bbox 2597 4797 2646 4852; x_wconf 72' lang='grc' dir='ltr'><strong>δ.</strong></span> <span class='ocrx_word' id='word_1_778' title='bbox 2679 4797 2758 4854; x_wconf 88' lang='lat' dir='ltr'><strong>Ita</strong></span> <span class='ocrx_word' id='word_1_779' title='bbox 2781 4799 2925 4856; x_wconf 89' lang='lat' dir='ltr'><strong>enim</strong></span> <span class='ocrx_word' id='word_1_780' title='bbox 2955 4808 3012 4856; x_wconf 91' lang='lat' dir='ltr'><strong>et</strong></span> <span class='ocrx_word' id='word_1_781' title='bbox 3053 4799 3159 4858; x_wconf 88' lang='lat' dir='ltr'><strong>illis</strong></span> <span class='ocrx_word' id='word_1_782' title='bbox 3195 4801 3402 4872; x_wconf 84' lang='lat' dir='ltr'><strong>ingenii</strong></span> <span class='ocrx_word' id='word_1_783' title='bbox 3430 4817 3560 4874; x_wconf 84' lang='lat' dir='ltr'><strong>pro—</strong></span> 
     </span>
    </p>
   </div>
   <div class='ocr_carea' id='block_1_112' title="bbox 1969 4887 3562 4958">
    <p class='ocr_par' dir='ltr' id='par_1_112' title="bbox 1969 4887 3562 4958">
     <span class='ocr_line' id='line_1_112' title="bbox 1969 4887 3562 4958; baseline 0.003 -13"><span class='ocrx_word' id='word_1_784' title='bbox 1969 4897 2156 4945; x_wconf 81' lang='lat' dir='ltr'><strong>vectus</strong></span> <span class='ocrx_word' id='word_1_785' title='bbox 2181 4887 2496 4958; x_wconf 88' lang='lat' dir='ltr'><strong>acquiritur,</strong></span> <span class='ocrx_word' id='word_1_786' title='bbox 2529 4897 2586 4945; x_wconf 90' lang='lat' dir='ltr'><strong>et</strong></span> <span class='ocrx_word' id='word_1_787' title='bbox 2632 4899 2833 4945; x_wconf 66' lang='lat' dir='ltr'><strong>nostra:</strong></span> <span class='ocrx_word' id='word_1_788' title='bbox 2864 4889 3110 4948; x_wconf 88' lang='lat' dir='ltr'><strong>utilitatis</strong></span> <span class='ocrx_word' id='word_1_789' title='bbox 3156 4893 3298 4949; x_wconf 89' lang='lat' dir='ltr'><strong>ratio</strong></span> <span class='ocrx_word' id='word_1_790' title='bbox 3326 4892 3562 4950; x_wconf 86' lang='lat' dir='ltr'><strong>custodi-</strong></span> 
     </span>
    </p>
   </div>
   <div class='ocr_carea' id='block_1_113' title="bbox 1965 4976 3562 5052">
    <p class='ocr_par' dir='ltr' id='par_1_113' title="bbox 1965 4976 3562 5052">
     <span class='ocr_line' id='line_1_113' title="bbox 1965 4976 3562 5052; baseline 0.003 -19"><span class='ocrx_word' id='word_1_791' title='bbox 1965 4985 2073 5034; x_wconf 91' lang='lat' dir='ltr'><strong>tur.</strong></span> <span class='ocrx_word' id='word_1_792' title='bbox 2103 4976 2221 5032; x_wconf 87' lang='lat' dir='ltr'><strong>Nou</strong></span> <span class='ocrx_word' id='word_1_793' title='bbox 2249 4991 2380 5047; x_wconf 86' lang='lat' dir='ltr'><strong>ergo</strong></span> <span class='ocrx_word' id='word_1_794' title='bbox 2402 4978 2506 5034; x_wconf 89' lang='lat' dir='ltr'><strong>sibi</strong></span> <span class='ocrx_word' id='word_1_795' title='bbox 2536 4978 2845 5052; x_wconf 87' lang='lat' dir='ltr'><strong>impositqu</strong></span> <span class='ocrx_word' id='word_1_796' title='bbox 2877 4988 3050 5052; x_wconf 91' lang='lat' dir='ltr'><strong>putet,</strong></span> <span class='ocrx_word' id='word_1_797' title='bbox 3075 4982 3221 5052; x_wconf 87' lang='lat' dir='ltr'><strong>quod</strong></span> <span class='ocrx_word' id='word_1_798' title='bbox 3240 4981 3424 5038; x_wconf 89' lang='lat' dir='ltr'><strong>debuit</strong></span> <span class='ocrx_word' id='word_1_799' title='bbox 3443 4997 3562 5038; x_wconf 84' lang='lat' dir='ltr'><strong>esse</strong></span> 
     </span>
    </p>
   </div>
   <div class='ocr_carea' id='block_1_114' title="bbox 1922 5065 3561 5158">
    <p class='ocr_par' dir='ltr' id='par_1_114' title="bbox 1922 5065 3561 5158">
     <span class='ocr_line' id='line_1_114' title="bbox 1922 5065 3561 5158; baseline 0.004 -32"><span class='ocrx_word' id='word_1_800' title='bbox 1922 5134 1948 5158; x_wconf 27' lang='grc' dir='ltr'><strong>,ἶ</strong></span> <span class='ocrx_word' id='word_1_801' title='bbox 1964 5071 2227 5127; x_wconf 87' lang='lat' dir='ltr'><strong>votivum.</strong></span> <span class='ocrx_word' id='word_1_802' title='bbox 2252 5070 2392 5126; x_wconf 82' lang='lat' dir='ltr'><strong>Nulli</strong></span> <span class='ocrx_word' id='word_1_803' title='bbox 2413 5072 2485 5128; x_wconf 85' lang='lat' dir='ltr'><strong>sit</strong></span> <span class='ocrx_word' id='word_1_804' title='bbox 2505 5072 2715 5144; x_wconf 80' lang='lat' dir='ltr'><strong>ingrata</strong></span> <span class='ocrx_word' id='word_1_805' title='bbox 2742 5065 2914 5130; x_wconf 37' lang='lat' dir='ltr'><strong>Ro&#39;tna</strong></span> <span class='ocrx_word' id='word_1_806' title='bbox 2939 5089 3059 5145; x_wconf 77' lang='lat' dir='ltr'><strong>qua:</strong></span> <span class='ocrx_word' id='word_1_807' title='bbox 3075 5086 3096 5114; x_wconf 77' lang='grc' dir='ltr'><strong>ο</strong></span> <span class='ocrx_word' id='word_1_808' title='bbox 3114 5074 3223 5132; x_wconf 88' lang='lat' dir='ltr'><strong>dici</strong></span> <span class='ocrx_word' id='word_1_809' title='bbox 3246 5093 3352 5132; x_wconf 89' lang='lat' dir='ltr'><strong>non</strong></span> <span class='ocrx_word' id='word_1_810' title='bbox 3383 5085 3561 5148; x_wconf 87' lang='lat' dir='ltr'><strong>potest</strong></span> 
     </span>
    </p>
   </div>
   <div class='ocr_carea' id='block_1_115' title="bbox 1929 5163 1953 5188">
    <p class='ocr_par' dir='ltr' id='par_1_115' title="bbox 1929 5163 1953 5188">
     <span class='ocr_line' id='line_1_115' title="bbox 1929 5163 1953 5188; baseline 0 0"><span class='ocrx_word' id='word_1_811' title='bbox 1929 5163 1953 5188; x_wconf 72' lang='grc' dir='ltr'><em>δ</em></span> 
     </span>
    </p>
   </div>
   <div class='ocr_carea' id='block_1_116' title="bbox 1965 5248 3559 5324">
    <p class='ocr_par' dir='ltr' id='par_1_116' title="bbox 1965 5248 3559 5324">
     <span class='ocr_line' id='line_1_116' title="bbox 1965 5248 3559 5324; baseline 0.006 -20"><span class='ocrx_word' id='word_1_812' title='bbox 1965 5248 2172 5324; x_wconf 81' lang='lat' dir='ltr'><strong>darium</strong></span> <span class='ocrx_word' id='word_1_813' title='bbox 2216 5261 2544 5323; x_wconf 68' lang='lat' dir='ltr'><strong>praeceptum</strong></span> <span class='ocrx_word' id='word_1_814' title='bbox 2593 5254 2790 5324; x_wconf 89' lang='lat' dir='ltr'><strong>prioris</strong></span> <span class='ocrx_word' id='word_1_815' title='bbox 2818 5254 3173 5324; x_wconf 87' lang='lat' dir='ltr'><strong>liberalitatis</strong></span> <span class='ocrx_word' id='word_1_816' title='bbox 3211 5263 3269 5310; x_wconf 90' lang='lat' dir='ltr'><strong>et</strong></span> <span class='ocrx_word' id='word_1_817' title='bbox 3314 5256 3559 5314; x_wconf 85' lang='lat' dir='ltr'><strong>iteratam</strong></span> 
     </span>
    </p>
   </div>
   <div class='ocr_carea' id='block_1_117' title="bbox 1966 5322 3560 5446">
    <p class='ocr_par' dir='ltr' id='par_1_117' title="bbox 1966 5322 3560 5446">
     <span class='ocr_line' id='line_1_117' title="bbox 1966 5322 3560 5446; baseline 0.008 -71"><span class='ocrx_word' id='word_1_818' title='bbox 1966 5322 2409 5446; x_wconf 52' lang='lat' dir='ltr'><strong>supplicationem</strong></span> <span class='ocrx_word' id='word_1_819' title='bbox 2439 5326 2542 5396; x_wconf 76' lang='lat' dir='ltr'><strong>l9</strong></span> <span class='ocrx_word' id='word_1_820' title='bbox 2561 5322 2719 5406; x_wconf 70' lang='lat' dir='ltr'><strong>vocat</strong></span> <span class='ocrx_word' id='word_1_821' title='bbox 2748 5325 2782 5378; x_wconf 92' lang='lat' dir='ltr'><strong>l.</strong></span> <span class='ocrx_word' id='word_1_822' title='bbox 2801 5323 2855 5390; x_wconf 71' lang='lat'><strong>2,</strong></span> <span class='ocrx_word' id='word_1_823' title='bbox 2882 5325 2918 5380; x_wconf 89' lang='grc' dir='ltr'><strong>Ι.</strong></span> <span class='ocrx_word' id='word_1_824' title='bbox 2937 5325 2994 5391; x_wconf 83' lang='lat'><strong>&#39;5,</strong></span> <span class='ocrx_word' id='word_1_825' title='bbox 3010 5325 3079 5382; x_wconf 89' lang='lat' dir='ltr'><strong>de</strong></span> <span class='ocrx_word' id='word_1_826' title='bbox 3099 5325 3560 5398; x_wconf 83' lang='lat' dir='ltr'><strong>ineorporationc.</strong></span> 
     </span>
     <span class='ocr_line' id='line_1_118' title="bbox 1966 5391 3012 5446; baseline 0 0"><span class='ocrx_word' id='word_1_827' title='bbox 1966 5391 2042 5446; x_wconf 88' lang='lat' dir='ltr'><strong>Co</strong></span> <span class='ocrx_word' id='word_1_828' title='bbox 2090 5435 2102 5446; x_wconf 93' lang='lat'><strong>.</strong></span> <span class='ocrx_word' id='word_1_829' title='bbox 2137 5391 2340 5446; x_wconf 86' lang='lat' dir='ltr'><strong>Theod.</strong></span> <span class='ocrx_word' id='word_1_830' title='bbox 2369 5394 2459 5446; x_wconf 80' lang='lat' dir='ltr'><strong>III).</strong></span> <span class='ocrx_word' id='word_1_831' title='bbox 2495 5412 2551 5446; x_wconf 72' lang='grc' dir='ltr'><strong>χ.</strong></span> <span class='ocrx_word' id='word_1_832' title='bbox 2585 5401 2667 5446; x_wconf 87' lang='grc' dir='ltr'><strong>ιιι.</strong></span> <span class='ocrx_word' id='word_1_833' title='bbox 2691 5395 2742 5446; x_wconf 81' lang='lat'><strong>9.</strong></span> <span class='ocrx_word' id='word_1_834' title='bbox 2772 5394 3012 5446; x_wconf 71' lang='lat' dir='ltr'><strong>Formm.</strong></span> 
     </span>
    </p>
   </div>
   <div class='ocr_carea' id='block_1_118' title="bbox 1966 5391 3012 5462">
    <p class='ocr_par' dir='ltr' id='par_1_118' title="bbox 1966 5391 3012 5462">
     <span class='ocr_line' id='line_1_119' title="bbox 1966 5391 3012 5462; baseline 0.005 -16"><span class='ocrx_word' id='word_1_835' title='bbox 1966 5391 2102 5446; x_wconf 88' lang='lat' dir='ltr'><strong>Cod.</strong></span> <span class='ocrx_word' id='word_1_836' title='bbox 2137 5391 2340 5448; x_wconf 88' lang='lat' dir='ltr'><strong>Theod.</strong></span> <span class='ocrx_word' id='word_1_837' title='bbox 2369 5391 2552 5462; x_wconf 63' lang='lat' dir='ltr'><strong>libTi,</strong></span> <span class='ocrx_word' id='word_1_838' title='bbox 2585 5395 2667 5448; x_wconf 90' lang='lat' dir='ltr'><strong>tit.</strong></span> <span class='ocrx_word' id='word_1_839' title='bbox 2691 5395 2742 5447; x_wconf 81' lang='lat'><strong>9.</strong></span> <span class='ocrx_word' id='word_1_840' title='bbox 2772 5394 3012 5451; x_wconf 69' lang='lat' dir='ltr'><strong>Fenncu.</strong></span> 
     </span>
    </p>
   </div>
   <div class='ocr_carea' id='block_1_119' title="bbox 2049 5463 3558 5525">
    <p class='ocr_par' dir='ltr' id='par_1_119' title="bbox 2049 5463 3558 5525">
     <span class='ocr_line' id='line_1_120' title="bbox 2049 5463 3558 5525; baseline 0.005 -7"><span class='ocrx_word' id='word_1_841' title='bbox 2049 5474 2070 5502; x_wconf 75' lang='grc' dir='ltr'><strong>ε</strong></span> <span class='ocrx_word' id='word_1_842' title='bbox 2091 5463 2266 5518; x_wconf 80' lang='lat' dir='ltr'><strong>Roma</strong></span> <span class='ocrx_word' id='word_1_843' title='bbox 2296 5466 2599 5520; x_wconf 85' lang='lat' dir='ltr'><strong>eonnnunis</strong></span> <span class='ocrx_word' id='word_1_844' title='bbox 2621 5465 2792 5525; x_wconf 83' lang='lat' dir='ltr'><strong>patria</strong></span> <span class='ocrx_word' id='word_1_845' title='bbox 2816 5480 2936 5520; x_wconf 83' lang='lat' dir='ltr'><strong>esse</strong></span> <span class='ocrx_word' id='word_1_846' title='bbox 2964 5464 3222 5523; x_wconf 84' lang='lat' dir='ltr'><strong>delinitur</strong></span> <span class='ocrx_word' id='word_1_847' title='bbox 3246 5467 3296 5521; x_wconf 92' lang='lat' dir='ltr'><strong>in</strong></span> <span class='ocrx_word' id='word_1_848' title='bbox 3321 5467 3466 5524; x_wconf 78' lang='lat'><strong>1.55.</strong></span> <span class='ocrx_word' id='word_1_849' title='bbox 3497 5469 3558 5525; x_wconf 77' lang='grc' dir='ltr'><strong>Ι).</strong></span> 
     </span>
    </p>
   </div>
   <div class='ocr_carea' id='block_1_120' title="bbox 1970 5534 3564 5602">
    <p class='ocr_par' dir='ltr' id='par_1_120' title="bbox 1970 5534 3564 5602">
     <span class='ocr_line' id='line_1_121' title="bbox 1970 5534 3564 5602; baseline 0.006 -15"><span class='ocrx_word' id='word_1_850' title='bbox 1970 5534 2036 5588; x_wconf 88' lang='lat' dir='ltr'><strong>ad</strong></span> <span class='ocrx_word' id='word_1_851' title='bbox 2088 5535 2312 5602; x_wconf 87' lang='lat' dir='ltr'><strong>nnmic.,</strong></span> <span class='ocrx_word' id='word_1_852' title='bbox 2343 5545 2394 5590; x_wconf 86' lang='lat' dir='ltr'><strong>et</strong></span> <span class='ocrx_word' id='word_1_853' title='bbox 2439 5536 2476 5589; x_wconf 82' lang='grc' dir='ltr'><strong>Ι.</strong></span> <span class='ocrx_word' id='word_1_854' title='bbox 2523 5535 2576 5588; x_wconf 71' lang='grc'><strong>4.</strong></span> <span class='ocrx_word' id='word_1_855' title='bbox 2611 5534 2676 5590; x_wconf 92' lang='lat' dir='ltr'><strong>D.</strong></span> <span class='ocrx_word' id='word_1_856' title='bbox 2707 5537 2774 5592; x_wconf 87' lang='lat' dir='ltr'><strong>de</strong></span> <span class='ocrx_word' id='word_1_857' title='bbox 2816 5551 2998 5592; x_wconf 62' lang='lat' dir='ltr'><strong>cacus.</strong></span> <span class='ocrx_word' id='word_1_858' title='bbox 3032 5543 3131 5592; x_wconf 89' lang='lat' dir='ltr'><strong>tut.</strong></span> <span class='ocrx_word' id='word_1_859' title='bbox 3162 5537 3291 5592; x_wconf 84' lang='lat' dir='ltr'><strong>Inde</strong></span> <span class='ocrx_word' id='word_1_860' title='bbox 3337 5548 3564 5596; x_wconf 84' lang='lat' dir='ltr'><strong>venuste</strong></span> 
     </span>
    </p>
   </div>
   <div class='ocr_carea' id='block_1_121' title="bbox 1970 5603 3564 5675">
    <p class='ocr_par' dir='ltr' id='par_1_121' title="bbox 1970 5603 3564 5675">
     <span class='ocr_line' id='line_1_122' title="bbox 1970 5603 3564 5675; baseline 0.005 -16"><span class='ocrx_word' id='word_1_861' title='bbox 1970 5603 2226 5659; x_wconf 85' lang='lat' dir='ltr'><strong>Sidonius</strong></span> <span class='ocrx_word' id='word_1_862' title='bbox 2257 5605 2584 5675; x_wconf 85' lang='lat' dir='ltr'><strong>Apollinaris</strong></span> <span class='ocrx_word' id='word_1_863' title='bbox 2613 5607 2708 5671; x_wconf 87' lang='lat' dir='ltr'><strong>ait,</strong></span> <span class='ocrx_word' id='word_1_864' title='bbox 2749 5607 2804 5662; x_wconf 91' lang='lat' dir='ltr'><strong>in</strong></span> <span class='ocrx_word' id='word_1_865' title='bbox 2859 5622 2921 5662; x_wconf 87' lang='lat' dir='ltr'><strong>ea</strong></span> <span class='ocrx_word' id='word_1_866' title='bbox 2953 5609 3119 5664; x_wconf 85' lang='lat' dir='ltr'><strong>totius</strong></span> <span class='ocrx_word' id='word_1_867' title='bbox 3147 5609 3294 5666; x_wconf 87' lang='lat' dir='ltr'><strong>orbis</strong></span> <span class='ocrx_word' id='word_1_868' title='bbox 3341 5610 3564 5667; x_wconf 85' lang='lat' dir='ltr'><strong>civitate</strong></span> 
     </span>
    </p>
   </div>
   <div class='ocr_carea' id='block_1_122' title="bbox 1972 5672 3565 5750">
    <p class='ocr_par' dir='ltr' id='par_1_122' title="bbox 1972 5672 3565 5750">
     <span class='ocr_line' id='line_1_123' title="bbox 1972 5672 3565 5750; baseline 0.006 -22"><span class='ocrx_word' id='word_1_869' title='bbox 1972 5675 2132 5750; x_wconf 67' lang='lat' dir='ltr'><strong>unica</strong></span> <span class='ocrx_word' id='word_1_870' title='bbox 2162 5672 2325 5750; x_wconf 38' lang='lat' dir='ltr'><strong>solos:</strong></span> <span class='ocrx_word' id='word_1_871' title='bbox 2348 5672 2705 5750; x_wconf 2' lang='lat' dir='ltr'><strong>barbarosque</strong></span> <span class='ocrx_word' id='word_1_872' title='bbox 2731 5694 2918 5734; x_wconf 70' lang='lat' dir='ltr'><strong>servos</strong></span> <span class='ocrx_word' id='word_1_873' title='bbox 2947 5680 3298 5750; x_wconf 78' lang='lat' dir='ltr'><strong>peregrinari.</strong></span> <span class='ocrx_word' id='word_1_874' title='bbox 3331 5681 3565 5738; x_wconf 66' lang='lat' dir='ltr'><strong>Annaeus</strong></span> 
     </span>
    </p>
   </div>
   <div class='ocr_carea' id='block_1_123' title="bbox 1973 5744 3562 5822">
    <p class='ocr_par' dir='ltr' id='par_1_123' title="bbox 1973 5744 3562 5822">
     <span class='ocr_line' id='line_1_124' title="bbox 1973 5744 3562 5822; baseline 0.007 -23"><span class='ocrx_word' id='word_1_875' title='bbox 1973 5744 2180 5800; x_wconf 80' lang='lat' dir='ltr'><strong>Seneca</strong></span> <span class='ocrx_word' id='word_1_876' title='bbox 2231 5763 2244 5822; x_wconf 69' lang='grc' dir='ltr'><strong><em>ς</em></strong></span> <span class='ocrx_word' id='word_1_877' title='bbox 2300 5746 2381 5801; x_wconf 79' lang='lat' dir='ltr'><strong>Ab</strong></span> <span class='ocrx_word' id='word_1_878' title='bbox 2431 5748 2556 5822; x_wconf 64' lang='lat' dir='ltr'><strong>hac</strong></span> <span class='ocrx_word' id='word_1_879' title='bbox 2587 5749 2810 5822; x_wconf 64' lang='lat' dir='ltr'><strong>civitate</strong></span> <span class='ocrx_word' id='word_1_880' title='bbox 2857 5744 3103 5816; x_wconf 62' lang='lat' dir='ltr'><strong>discede,</strong></span> <span class='ocrx_word' id='word_1_881' title='bbox 3125 5753 3217 5815; x_wconf 82' lang='lat' dir='ltr'><strong>ait,</strong></span> <span class='ocrx_word' id='word_1_882' title='bbox 3250 5769 3367 5822; x_wconf 71' lang='lat' dir='ltr'><strong>quae</strong></span> <span class='ocrx_word' id='word_1_883' title='bbox 3395 5754 3562 5810; x_wconf 82' lang='lat' dir='ltr'><strong>veluti</strong></span> 
     </span>
    </p>
   </div>
   <div class='ocr_carea' id='block_1_124' title="bbox 1969 5817 3560 5893">
    <p class='ocr_par' dir='ltr' id='par_1_124' title="bbox 1969 5817 3560 5893">
     <span class='ocr_line' id='line_1_125' title="bbox 1969 5817 3560 5893; baseline 0.006 -20"><span class='ocrx_word' id='word_1_884' title='bbox 1969 5817 2274 5875; x_wconf 85' lang='lat' dir='ltr'><strong>communis</strong></span> <span class='ocrx_word' id='word_1_885' title='bbox 2313 5819 2484 5890; x_wconf 81' lang='lat' dir='ltr'><strong>patria</strong></span> <span class='ocrx_word' id='word_1_886' title='bbox 2508 5819 2610 5877; x_wconf 85' lang='lat' dir='ltr'><strong>dici</strong></span> <span class='ocrx_word' id='word_1_887' title='bbox 2639 5829 2850 5893; x_wconf 87' lang='lat' dir='ltr'><strong>potest;</strong></span> <span class='ocrx_word' id='word_1_888' title='bbox 2875 5838 3062 5879; x_wconf 83' lang='lat' dir='ltr'><strong>omnes</strong></span> <span class='ocrx_word' id='word_1_889' title='bbox 3094 5817 3560 5883; x_wconf 48' lang='lat' dir='ltr'><strong>urbss&#39;circumii:</strong></span> 
     </span>
    </p>
   </div>
  </div>
