3952 6384
248 360 352 420 5δῖ

1599 343 1960 403 γΑιιιΑιιυιι
2001 340 2203 397 LIBER
2238 340 2280 396 l.

3431 341 3538 400 .538

246 481 366 537 dius
392 477 717 548 impetrasti,
744 482 801 529 ut
828 483 951 545 post
978 488 1147 529 sacra:
1176 469 1425 525 amicitia:
1453 468 1531 541 [id
1558 476 1633 521 est
1672 466 1843 534 intpe-
1875 471 1913 521 Α
1947 460 2153 530 reipub;
2187 473 2363 524 curas,
2405 454 2540 527 quas
2570 455 3175 527 emcrgentium'rerum
3211 456 3535 515 necessitate

247 567 479 643 ratoris]
523 570 740 638 genium
795 568 863 622 ad
909 567 1143 621 honores
1205 564 1451 620 ornatior
1505 558 1837 631 pervcnires.

245 662 454 720 Cuncta
480 661 770 734 siquidem,
802 660 946 715 unde
973 657 1172 712 famam
1212 662 1395 725 captat
1426 651 1754 716 humanitas,
1787 649 1842 704 in

248 766 301 813 te
329 756 711 824 cettgeminata
736 753 842 828 [ed.
878 754 995 818 Ac.,
1014 746 1322 817 congenital
1345 746 1622 811 sederunt,
1645 741 1842 813 patria,

246 860 436 914 genus,
469 844 717 901 instituta
747 843 1022 913 prmclara.
1059 840 1298 908 Quorum
1328 838 1373 894 si
1402 851 1569 892 unum
1600 834 1847 889 nobilita-

246 947 356 992 tem
378 937 648 1007 complet,
681 935 737 991 in
760 945 812 990 te
830 934 1054 991 collecta
1083 934 1205 1003 plus
1234 930 1455 997 facient,
1484 930 1574 999 qui
1604 944 1710 983 non
1743 926 1847 980 mi-

246 1041 347 1082 nus
391 1025 644 1095 genitalis
685 1025 787 1081 soli
830 1022 1047 1080 fortuna
1080 1022 1414 1093 reSplendes,
1461 1035 1626 1091 quam
1674 1018 1844 1087 gloria

246 1118 551 1173 stemmatis
597 1126 655 1173 et
702 1117 916 1173 virtutis
945 1115 1175 1172 ornaris.
1208 1112 1343 1169 Hinc
1391 1120 1478 1168 est
1516 1109 1664 1181 quod
1701 1125 1846 1167 nunc

248 1216 303 1265 te
331 1224 434 1279 per
460 1211 566 1280 20
597 1208 946 1265 indictionem
977 1207 1209 1264 feliciter
1255 1205 1473 1262 tertiam
1502 1203 1580 1277 [id
1622 1212 1722 1273 est,
1752 1219 1841 1260 an.

247 1297 376 1354 Chr.
406 1298 536 1372 510]
568 1298 636 1354 ad
664 1299 994 1370 praefecturae
1021 1298 1283 1353 urbanae“
1313 1296 1525 1352 culmen
1556 1294 1840 1363 erigimus:

249 1388 551 1447 tribuentes
584 1390 680 1445 tibi
733 1389 787 1453 in
830 1405 894 1444 ea
937 1388 1158 1445 civitate
1185 1387 1359 1444 fasces
1383 1384 1434 1453 ιι,
1459 1385 1551 1441 ubi
1596 1386 1844 1455 perpetui

247 1489 375 1536 sunt
403 1481 663 1537 honores.
712 1480 871 1548 Quod
900 1495 1018 1546 nos,
1060 1480 1153 1549 qui
1206 1492 1430 1533 munera
1469 1486 1655 1532 nostra
1691 1489 1850 1532 vere~

248 1571 479 1629 cundius
497 1572 847 1637 aestimamus,
875 1580 1023 1628 certe
1051 1570 1356 1634 fatebimur,
1385 1569 1614 1623 multum
1644 1575 1698 1622 te
1731 1581 1845 1622 me-

248 1661 426 1719 misse
453 1662 523 1719 de
550 1670 741 1719 nostro
761 1661 989 1733 judicio,
1024 1670 1082 1717 ut
1107 1661 1181 1716 illi
1209 1660 1371 1716 οωευὶ
1401 1658 1689 1730 praesidere
1718 1673 1847 1729 pos-

248 1752 326 1809 sis
350 1767 516 1823 quem
540 1751 899 1808 reverendam
925 1752 1162 1806 humano
1177 1749 1364 1820 generi
1392 1763 1512 1805 esse
1540 1749 1842 1817 cognoscis.

1945 551 2293 620 suscipimus,
2346 548 2610 604 sermonis
2656 547 2921 601 suavitate
2968 546 3240 603 deliniret.
3296 546 3538 605 Blandus

1946 641 2203 710 alloquio,
2254 639 2669 709 supplicantium
2720 637 2893 692 ﬁdelis
2939 645 3221 708 patronus,
3277 651 3536 697 aecum

1946 730 2211 797 nesciens,
2227 727 2603 783 commendare
2628 741 2975 797 praesumens.
2999 725 3099 793 Qui
3125 735 3270 782 tanta
3290 728 3538 786 διε-διίηιί

1946 823 2181 895 puritate
2201 819 2540 901 clariﬁcavit,
2560 828 2619 874 ut
2638 834 2763 875 cum
2785 818 2927 890 apud
2956 835 3053 875 nos
3076 829 3315 875 meretur-
3334 821 3541 878 aulieas

1946 917 2262 985 dignitates,
2313 914 2745 985 spectaculorum
2809 912 3155 968 ordinatione
3205 913 3535 970 lmtissimam

1946 1007 2047 1062 sibi
2078 1006 2319 1061 militiam
2348 1004 2673 1071 vindicaret;
2720 1012 2984 1075 quatenus
3029 1004 3130 1059 sub
3162 1004 3343 1075 specie
3379 1004 3537 1060 volu-

1946 1099 2109 1171 ptatis
2129 1097 2312 1153 libera:
2327 1097 2497 1171 [παθη
2514 1097 2762 1152 libenter.
2789 1093 3037 1163 Quidam,
3055 1093 3246 1168 libere]
3266 1095 3539 1153 videretur

1947 1190 2086 1246 velle
2111 1189 2336 1245 servire.
2363 1186 2411 1241 Α
2437 1187 2713 1243 laboribus
2736 1187 2952 1259 quidem
2997 1195 3330 1257 temperans,
3353 1188 3449 1243 sed
3481 1188 3538 1244 in

1948 1281 2093 1338 nulla
2120 1296 2180 1337 se
2202 1280 2360 1336 nobis
2385 1288 2539 1351 parte
2576 1279 2893 1336 dissocians.
2927 1277 3184 1348 Regalem
3213 1280 3343 1349 quin
3372 1281 3538 1336 etiam

1948 1365 2190 1428 mensam
2228 1370 2458 1425 conviva
2492 1369 2741 1438 geniatus
2770 1370 2985 1424 ornavit
3008 1368 3137 1443 [ed.,
3168 1369 3430 1443 amavit]‘:
3464 1371 3537 1426 ibi

1946 1476 2009 1518 se
2036 1460 2192 1516 nobis
2229 1457 2451 1513 studens
2474 1456 2722 1527 jungere,
2773 1457 2861 1512 ubi
2907 1467 3116 1513 certum
3139 1465 3220 1513 est
3250 1474 3350 1513 nos
3377 1474 3538 1529 posse

1946 1552 2202 1624 gaudere.
2218 1550 2326 1606 Sed
2342 1549 2472 1619 quid
2494 1548 2634 1604 ultra
2653 1548 2723 1604 de
2742 1547 2859 1618 ejus
2874 1548 3113 1605 moribus
3133 1556 3217 1604 est
3229 1548 3536 1615 dicendum,

1946 1644 2035 1700 cui
2062 1643 2131 1699 ad
2158 1640 2455 1714 perfectam
2480 1640 2860 1710 probationem
2887 1637 3097 1694 suﬁlcit-
3112 1638 3256 1709 quod
3297 1654 3539 1695 amorem

1949 1746 2192 1796 nostrum
2241 1734 2437 1806 iugiter
2482 1734 2685 1789 habere
2723 1733 3057 1804 promeruit?
3085 1732 3203 1788 Non
3231 1740 3318 1788 est
3364 1733 3540 1802 majus

249 1822 504 1914 Nunquid
528 1844 637 1899 hoc
663 1852 749 1900 est
774 1844 977 1915 palatia
1024 1856 1233 1911 regere,
1286 1849 1342 1896 et
1370 1840 1565 1896 domos
1592 1838 1843 1910 proprias

1956 1828 2220 1893 meritum,
2251 1840 2413 1897 quam
2439 1825 2671 1895 gratiam
2700 1823 2973 1880 invenisse
3016 1823 3373 1892 regnantium.
3403 1822 3541 1879 Nam

250 1932 542 1990 ordinare?
570 1933 893 2005 Plerumque
936 1933 1113 1988 honor
1137 1947 1205 1988 ex
1232 1930 1624 1986 commendatis
1651 1928 1844 1999 acqui-

250 2023 421 2089 ritur;
473 2039 573 2080 nec
603 2025 710 2079 tale
757 2033 840 2080 est
866 2024 1060 2080 cellam
1087 2022 1353 2078 vinariam
1394 2019 1651 2077 tuendam
1681 2019 1847 2076 susci-

251 2128 404 2186 pere,
433 2115 594 2185 quale
639 2116 876 2185 pretiosa
907 2112 1217 2169 diademata
1247 2111 1539 2167 custodire.
1563 2104 1660 2164 illa
1678 2150 1692 2177 ,
1723 2124 1844 2179 quas

253 2205 467 2278 potiora
512 2205 805 2273 credimus,
852 2205 921 2278 ad
950 2202 1381 2260 conservandum
1412 2201 1723 2258 melioribus
1747 2201 1842 2256 da-

251 2314 413 2367 mus;
442 2306 498 2354 et
525 2298 581 2354 in
604 2298 797 2368 quibus
824 2298 1091 2353 sustinere
1117 2296 1315 2352 damna
1341 2310 1450 2350 non
1496 2293 1749 2365 patimur,
1782 2292 1845 2346 ﬁ-

253 2387 548 2444 delioribus
588 2386 834 2460 profecto
876 2372 1151 2442 mentibus
1203 2384 1555 2455 applicamus.
1589 2383 1761 2439 Roma
1799 2383 1845 2439 si

253 2480 420 2537 habet
447 2496 657 2551 parem,
683 2480 891 2536 mstima
918 2496 1019 2536 nos
1045 2488 1102 2536 et
1145 2479 1264 2534 aliis
1286 2479 1480 2534 similia
1523 2476 1843 2544 credidisse;

252 2574 298 2632 si
326 2590 457 2631 vero
484 2574 755 2643 singulare
793 2575 998 2631 bonum
1045 2581 1158 2639 est,
1194 2572 1430 2642 judicem
1478 2578 1533 2628 te
1575 2569 1848 2644 praecipue

253 2664 335 2721 rei
351 2663 597 2733 facimus,
625 2680 787 2736 quam
819 2656 1020 2732 augere
1049 2677 1268 2734 semper
1291 2670 1556 2736 optamus.

775 2774 1108 2831 EPISTOLA
1145 2773 1333 2830 XLIIII

467 2882 696 2924 εειιλτυι
724 2883 875 2923 URBIS
902 2883 1063 2923 BOIE
1095 2883 1462 2925 THEODOBICUS
1490 2884 1618 2923 κει.

257 2959 349 3017 Ilii
377 2960 641 3032 significat
660 2976 715 3015 se
735 2960 1061 3019 Artemidore
1084 2961 1255 3032 fasces
1283 2959 1499 3032 urbem:
1523 2960 1851 3032 praefectura!

324 3029 637 3095 indulsisse,
668 3041 718 3085 et
751 3047 1062 3102 magnopere
1085 3029 1227 3084 Vrum
1282 3029 1749 3102 laudatLpetitque
1795 3038 1852 3084 ut

327 3102 493 3174 ipsius
510 3101 811 3157 electionem
840 3098 951 3155 suis
972 3102 1242 3170 confirmet
1270 3098 1557 3172 suﬁragiis.

1946 1920 2141 1992 quibus
2168 1918 2248 1975 fas
2272 1926 2359 1975 est
2381 1917 2450 1974 de
2493 1917 2708 1972 cunctis
2743 1915 2978 1986 optimos
3004 1929 3268 1984 quaerere,
3292 1914 3543 1971 videntur

1946 2025 2162 2082 semper
2203 2009 2428 2066 meritos
2469 2007 2716 2078 elegisse.
2773 2007 2951 2078 Atque
2984 2007 3106 2063 ideo
3155 2007 3371 2063 labores
3422 2007 3541 2078 ejus

1945 2101 2385 2158 remuneratione
2421 2098 2751 2171 pensantes;
2797 2097 3144 2155 Artemidore
3181 2099 3374 2155 illustri
3422 2100 3541 2155 viro

1946 2193 2166 2248 urbanae
2210 2191 2546 2262 praefecturas
2590 2190 2764 2246 fasces
2807 2188 3144 2246 indulsimus.
3194 2189 3333 2247 Huic
3381 2202 3535 2259 ergo,

1947 2286 2009 2342 P.
2027 2284 2113 2351 C.,
2137 2294 2218 2341 tot
2236 2298 2300 2340 ac
2326 2284 2522 2339 talibus
2543 2282 2750 2337 meritis
2767 2281 3101 2353 praelucenti,
3126 2281 3301 2339 favete
3322 2283 3537 2352 linguis,

1947 2376 2124 2431 favete
2168 2375 2432 2444 collegiis.
2462 2372 2577 2428 Erit
2633 2379 2830 2428 vestrm
2884 2386 3104 2442 quoque
3149 2372 3539 2431 benevolentia

1947 2466 2084 2533 laus,
2116 2474 2177 2521 ut
2201 2480 2323 2521 eum
2343 2464 2517 2534 dignis
2544 2463 2867 2521 charitatem
2892 2462 3222 2535 impenditis,
3252 2464 3323 2520 ad
3349 2480 3538 2521 exem-

1947 2557 2099 2629 plum
2124 2565 2352 2614 (meros
2380 2555 2637 2611 ineitetis.

2456 2681 2791 2740 EPISTOLA
2829 2680 3013 2739 XLIV.

2162 2794 2367 2837 POPULO
2407 2794 2553 2835 URBIS
2589 2792 2751 2834 BOIB
2790 2792 3156 2834 τιιεουοιιιουε
3190 2794 3318 2834 REX.

1952 2891 2111 2949 Illum
2124 2894 2395 2964 certiorem
2413 2893 2543 2964 facit
2563 2906 2621 2946 se
2637 2890 2969 2964 drtemidoro
2985 2893 3312 2964 perfectum
3328 2891 3545 2964 urbana

2050 2966 2194 3018 'asces
2227 2960 2431 3017 dedisse
2468 2960 2740 3034 regendos,
2766 2968 2824 3014 ut
2852 2960 3055 3034 innuatii
3079 2960 3412 3031 purissimum
3448 2962 3542 3017 Ita-

2024 2966 2194 3088 gasces
2227 2966 2431 3017 dedisse
2468 2966 2740 3034 regendos,
2766 2968 2824 3014 ut
2852 2966 3055 3017 innoxii
3079 2966 3412 3031 purissimum
3448 2966 3542 3017 Ita-

2023 3040 2432 3159 ueg’rteg'mtem,
2477 3040 2528 3086 et
2573 3038 2809 3087 errantes
2848 3030 3198 3102 justissimum
3241 3041 3543 3103 paterentur

2133 3119 2261 3157 rem.

258 3250 261 3251 ν
327 3208 514 3279 Scitis,
566 3209 752 3266 Patres
797 3208 1131 3280 Con’scripti,
1164 3218 1412 3266 nostrum
1459 3224 1581 3267 esse
1633 3209 1852 3280 genium
1878 3200 1927 3266 C
2026 3211 2359 3271 Charitatem
2382 3212 2550 3269 vestri
2585 3213 2912 3284 praecipuam
2938 3224 3041 3268 nos
3067 3211 3271 3268 habere
3309 3227 3379 3268 ex
3426 3214 3544 3285 ipsa

254 3297 434 3375 [Nio.,
468 3300 752 3369 gremium,
784 3300 932 3364 Acc.,
982 3298 1255 3369 gaudium,
1301 3297 1497 3366 Juret.,
1543 3297 1847 3372 praemium]

255 3393 490 3450 eulmina
511 3391 865 3461 dignitatum;
898 3391 1048 3446 scitis
1069 3389 1222 3446 vobis
1256 3387 1541 3461 proficere,
1570 3389 1717 3461 quod
1745 3404 1850 3447 no-

256 3487 342 3545 bis
364 3484 655 3554 contigerit
679 3484 734 3539 in
770 3483 997 3540 fascium
1036 3482 1246 3538 honore
1274 3490 1553 3553 praestare.
1585 3480 1853 3552 Quidquid

255 3579 403 3636 enim
444 3579 513 3634 ab
543 3568 871 3648 unoquoque
898 3575 1206 3646 suscipitur,
1238 3582 1460 3630 senatus
1485 3578 1591 3643 est,
1620 3573 1716 3644 qui
1737 3588 1853 3630 me-

255 3681 428 3728 retur.
457 3669 597 3738 Quid
625 3670 769 3725 enim
816 3668 886 3725 de
922 3668 1075 3725 vobis
1112 3667 1463 3732 testimemus,
1507 3666 1801 3737 agnoscitis
1832 3683 1847 3722 :

257 3762 477 3832 quando
504 3761 632 3816 viris
658 3761 819 3830 longo
871 3759 1057 3816 labore
1101 3758 1423 3833 compertis,
1465 3756 1572 3815 hoc
1617 3767 1769 3814 certe
1797 3758 1852 3813 in

257 3852 543 3924 praemium
571 3849 781 3917 damus,
830 3858 889 3905 ut
915 3849 1083 3906 vestri
1107 3848 1353 3920 corporis
1397 3850 1709 3904 mereantur
1734 3863 1853 3904 esse

259 3945 574 4016 participes.
600 3942 700 3999 llic
726 3951 810 3997 est
834 3942 978 3997 enim
1004 3938 1114 4009 vir,
1138 3942 1232 4013 qui
1258 3936 1511 4010 genitalis
1536 3940 1635 3997 soli
1664 3939 1854 3996 relicta

258 4032 564 4102 dulcedine,
592 4033 747 4088 nobis
771 4033 962 4088 maluit
986 4031 1275 4087 inhzerere.
1316 4030 1385 4085 Et
1417 4031 1545 4087 licet
1571 4039 1717 4087 esset
1744 4031 1857 4086 cla-

258 4140 355 4181 rus
380 4126 435 4181 in
463 4126 660 4195 patria,
680 4134 923 4180 nostram
947 4133 1129 4180 tamen
1157 4124 1320 4195 elegit
1346 4124 1530 4180 subire
1558 4123 1851 4191 fortunam,

259 4229 526 4286 superans
554 4216 742 4285 gratia:
781 4213 1152 4284 magnitudine
1183 4214 1289 4271 vim
1318 4223 1525 4271 natura:
1549 4231 1562 4268 :
1597 4214 1688 4286 qui
1718 4214 1858 4285 prin-

260 4308 382 4383 cipe
410 4306 645 4374 Zenone,
674 4323 780 4363 non
822 4315 929 4363 tam
958 4306 1225 4365 benevolo
1261 4323 1423 4378 quam
1466 4305 1629 4362 afﬁne
1656 4306 1860 4377 gande-

259 4400 377 4457 bat.
407 4399 476 4454 Et
494 4399 621 4469 quid
650 4400 701 4454 in
725 4400 815 4455 illa
844 4400 1033 4471 repub.
1063 4400 1235 4469 gratia
1258 4406 1376 4457 'non
1403 4400 1580 4471 potuit
1607 4388 1857 4457 obtinere

262 4490 525 4564 parentis,
556 4484 675 4560 qum
702 4492 783 4546 sic
816 4491 1070 4548 facillime
1098 4491 1242 4548 favet
1268 4491 1581 4548 extraneis?
1606 4486 1712 4547 Sed
1742 4492 1856 4548 haec

1952 3319 2083 3362 cura
2102 3319 2203 3359 vos
2221 3303 2450 3374 potestis
2478 3315 2773 3371 agnoscere
2797 3318 2812 3355 :
2841 3314 2941 3372 pro
2968 3300 3168 3373 quibus
3197 3301 3270 3357 ita
3296 3302 3547 3359 videmur

1952 3412 2075 3456 esse
2103 3397 2340 3460 solliciti,
2373 3405 2433 3452 ut
2458 3395 2593 3451 nihil
2620 3394 3008 3451 admonitionis
3037 3394 3309 3465 patiamur
3338 3394 3542 3451 omitti.

1952 3490 2176 3548 Cautela
2204 3488 2472 3561 siquidem
2498 3488 2678 3560 prodit
2700 3486 2983 3555 aﬁ'ectum;
3012 3496 3070 3544 et
3093 3503 3215 3561 quae
3246 3488 3547 3547 studiosius

1955 3582 2250 3654 diligimus,
2298 3578 2492 3650 majori
2520 3579 2693 3649 gratia
2735 3576 3093 3635 custodimus.
3120 3577 3263 3635 Hinc
3290 3585 3374 3635 est
3400 3578 3548 3653 quod

1953 3672 2073 3730 'vir'o
2096 3672 2289 3728 illustri
2310 3670 2672 3737 Artemidore,
2696 3669 2787 3726 diu
2803 3670 3005 3726 nostris
3019 3668 3295 3740 obsequiis
3312 3669 3550 3738 erudito,

1955 3765 2291 3837 praefectum
2316 3763 2538 3818 urbana:
2563 3762 2811 3818 dedimus
2829 3762 3001 3818 fasces
3020 3763 3319 3835 regendos;
3344 3770 3405 3817 ut
3426 3761 3552 3832 quia

1955 3852 2314 3926 quorumdam
2356 3853 2566 3907 illicitis
2620 3851 2977 3909 seditionibus
3012 3852 3249 3909 civilitas
3276 3852 3554 3922 turbatur,

1956 3945 2223 4001 haberent
2244 3949 2308 3999 'et
2346 3941 2553 3997 innoxii
2581 3942 2927 4013 purissimum
2958 3949 3176 4008 testem,
3218 3949 3277 3997 et
3302 3951 3558 3998 errantes

1954 4035 2307 4107 jnstissimtm
2358 4040 2673 4104 paterentur
2706 4032 2961 4088 ultorem.
2991 4030 3147 4099 Quod
3174 4046 3307 4098 nos,
3341 4032 3436 4103 qui
3464 4033 3556 4089 de-

1957 4127 2222 4184 lectamur
2243 4125 2564 4191 insontibus,
2592 4124 2649 4179 in
2675 4132 2996 4180 cunctorum
3022 4122 3272 4178 notitiam
3300 4123 3559 4179 duximus

1956 4214 2363 4291 perferenddm,
2413 4226 2483 4273 ne
2527 4215 2649 4287 quis
2686 4215 2967 4285 inopinata
3010 4213 3348 4269 districtione
3393 4212 3562 4269 solito

1958 4310 2250 4377 priesumat
2277 4307 2561 4363 excedere.
2591 4305 2859 4373 Quocirca
2897 4305 3024 4362 talia
3053 4321 3154 4363 nos
3183 4304 3407 4375 praefato
3436 4305 3560 4363 viro

1954 4399 2241 4473 delegasse
2269 4398 2551 4467 noveritis,
2568 4407 2628 4455 ut
2646 4399 2691 4457 si
2712 4395 2982 4470 quispiam
3011 4397 3243 4473 incivilis
3266 4398 3557 4463 exstiterit,

1960 4492 2355 4550 districtionem
2416 4491 2565 4549 illico
2616 4500 2818 4548 nostra:
2868 4491 3130 4562 jussionis
3181 4491 3441 4549 incurrat.
3492 4489 3559 4556 Et

236 4581 447 4645 omnia
471 4582 666 4636 nimius
684 4565 940 4651 despexit
965 4580 1222 4649 allectus;
1255 4591 1314 4637 ut
1340 4597 1438 4638 nos
1467 4582 1588 4652 ipsi,
1619 4598 1719 4652 pro
1740 4584 1856 4653 qui-
1884 4585 1939 4646 D
1962 4598 2271 4655 quanquam
2298 4582 2635 4655 praafecturze
2663 4584 2886 4638 urbanae
2924 4583 3066 4640 hanc
3110 4592 3438 4655 potestatem
3467 4583 3559 4641 dea

234 4746 239 4755 ι
262 4672 369 4730 bus
388 4673 501 4729 hzec
522 4671 711 4729 fecisse
733 4673 1098 4742 cognoscitur,
1126 4672 1319 4729 merito
1341 4681 1560 4742 stupere
1581 4670 1861 4728 videamur

232 4762 322 4847 ‘in
354 4764 512 4819 unius
537 4764 709 4833 gratia
751 4770 833 4818 tot
878 4763 1259 4820 desiderabilia
1301 4762 1467 4820 fuisse
1518 4773 1857 4836 contempta.

265 4852 373 4923 Qui
419 4869 582 4925 super
625 4855 768 4911 hanc
818 4856 1076 4912 eximiam
1126 4855 1283 4912 ﬁdem
1325 4856 1520 4913 solatia
1567 4857 1723 4911 nobis
1752 4872 1864 4913 sua:

265 4942 722 5002 confabulationis
787 4945 1032 5017 adjecit;
1087 4957 1146 5004 ut
1191 4952 1411 5020 asperas
1473 4963 1862 5019 nonnunquam

268 5146 533 5276 F0:mVide
554 5161 719 5219 supra
746 5148 905 5219 epist.
936 5145 1029 5217 δί,
1056 5157 1114 5204 et
1143 5148 1179 5204 l.
1216 5148 1265 5216 l,
1299 5149 1361 5204 Ι).
1395 5149 1508 5205 oili.
1533 5148 1688 5219 praef.
1726 5147 1853 5204 Urb.

345 5288 373 5327 δ
410 5274 548 5343 Olim
583 5287 796 5343 nonnisi
848 5286 1196 5357 magistratus
1241 5288 1423 5358 populi
1477 5288 1730 5352 Romani,
1762 5296 1859 5343 aut

268 5358 367 5432 qni
388 5374 515 5432 cum
544 5360 774 5432 imperio
813 5358 868 5414 in
916 5358 1231 5432 provinciis,
1283 5358 1518 5432 fascibus
1564 5360 1681 5432 usi;
1712 5358 1859 5427 quod

269 5427 345 5487 ib
371 5427 904 5499 Augusto’originem
923 5427 1198 5499 sumpsit,
1233 5427 1387 5499 cujus
1415 5428 1606 5484 honori
1636 5436 1860 5484 senatus

234 5554 241 5561 .
270 5495 519 5558 decrevit
543 5512 686 5554 anno
703 5495 861 5554 Urbis
887 5495 1009 5563 735,
1028 5495 1102 5551 uti
1125 5498 1394 5553 consulari
1424 5507 1693 5568 potestate
1712 5514 1857 5553 sem-

270 5585 375 5647 per
392 5577 557 5636 esset,
589 5569 823 5647 fascibus
851 5568 1136 5647 duodecim
1187 5576 1857 5647 uteretur,_eutnque_mo-

271 5637 393 5698 item
417 5647 707 5698 tenuerunt
734 5640 1025 5710 principes,
1051 5638 1123 5710 ita
1152 5646 1429 5710 ‘tamen_ut
1457 5637 1667 5693 laurum
1701 5638 1857 5710 fasci-

269 5710 381 5769 bus
406 5725 515 5767 non
543 5704 820 5774 adderent,
846 5704 947 5763 nisi
969 5708 1031 5780 in
1060 5704 1303 5780 victoria.
1328 5706 1525 5780 Postea
1555 5723 1652 5780 per
1673 5708 1860 5762 adula-

271 5782 484 5841 tionem
514 5780 728 5851 irrupit,
756 5789 817 5835 nt
837 5778 1076 5833 omnium
1116 5778 1416 5851 principum
1447 5777 1621 5851 fasces
1644 5793 1873 5851 semper

272 5852 504 5918 laureati
527 5848 729 5920 essent,
747 5852 920 5921 eaque
943 5858 1070 5905 nota
1090 5848 1325 5905 maxime
1350 5848 1632 5907 distinctus
1650 5863 1679 5906 a
1697 5848 1857 5921 vulgo

1960 4674 2140 4730 derint
2166 4674 2332 4744 leges,
2368 4688 2465 4730 nos
2494 4681 2676 4728 tamen
2715 4672 3027 4744 specialiter
3053 4674 3446 4746 delegavimus,
3496 4684 3557 4734 ut

1968 4763 2331 4822 conﬁdentius
2363 4762 2541 4827 ﬁeret,
2575 4763 2720 4834 quod
2749 4763 2951 4834 duplex
2985 4766 3323 4835 permisisset
3369 4774 3551 4822 aucto~

1938 4852 2113 4912 ‘ritas.
2136 4854 2382 4911 ‘Audebit
2408 4869 2539 4924 ergo
2569 4855 2878 4924 seditiosos,
2902 4863 2957 4911 et
2986 4870 3019 4911 a
3039 4856 3321 4930 disciplina
3347 4859 3561 4930 publica

1963 4948 2261 5016 de'viantes,
2318 4955 2505 5002 nostra
2553 4940 2880 5003 auctoritate
2932 4947 3254 5019 percellere.
3292 4948 3562 5017 .Quiescat

1962 5147 2237 5218 princeps.
2278 5145 2426 5218 Talis
2450 5154 2637 5218 autem,
2675 5154 2794 5218 erat
2814 5145 3041 5203 fascium
3068 5146 3265 5216 figura.
3289 5148 3563 5208 Detractis

1961 5233 2027 5272 ex
2053 5217 2235 5272 betula
2266 5217 2463 5273 arbore
2504 5217 2671 5285 virgis
2701 5217 2774 5271 ita
2824 5218 3205 5272 includebatur
3243 5218 3470 5283 securis,
3503 5230 3563 5280 ut

1962 5288 2115 5358 acies
2149 5287 2359 5343 ferri-in
2385 5288 2703 5342 summitate
2732 5288 3018 5358 emineret,
3051 5288 3258 5356 reliqua
3289 5303 3414 5358 pars
3434 5289 3562 5345 cir.

1962 5357 2255 5413 cumducto
2283 5358 2403 5413 loco
2436 5364 2709 5428 tegeretur
2741 5373 2752 5409 :
2782 5357 2926 5425 quod
2970 5371 3036 5410 eo
3066 5357 3303 5428 consilio
3326 5373 3357 5413 a
3389 5359 3565 5428 majo-

1965 5428 2111 5482 ribus
2158 5424 2524 5495 excogitatutn
2573 5425 2690 5489 fuit,
2743 5424 2811 5480 ut
2851 5433 3081 5481 testatur
3122 5424 3442 5484 Plutarchus
3474 5424 3554 5485 ἰη

1966 5495 2418 5563 Problematibus,
2466 5503 2525 5550 ut
2556 5496 2908 5550 ostenderent
2954 5496 3367 5565 magistratuum
3420 5498 3558 5558 iram

1965 5566 2019 5622 in
2048 5567 2309 5639 sumendo
2356 5565 2621 5639 supplicio
2652 5582 2762 5639 non
2808 5565 3011 5639 debere
3050 5568 3557 5639 esserprtecipitetn,

1966 5652 2169 5707 eosque
2198 5636 2370 5693 fasces
2399 5635 2620 5708 habere,
2643 5635 2942 5708 sedtamen
2967 5636 3178 5708 ligatos,
3204 5635 3412 5708 quique
3439 5635 3560 5698 sine

1960 5705 2104 5777 justa
2127 5723 2291 5763 causa
2320 5723 2425 5762 non
2448 5706 2683 5762 debeant
2701 5705 2947 5777 dissolvi.
2967 5705 3247 5764 Ponuntur
3268 5705 3564 5777 aliquando

1966 5775 2151 5853 fasces
2160 5790 2263 5853 pro
2288 5778 2424 5853 ipsis
2448 5777 2869 5853 magistratibus.
2903 5775 3095 5853 Yirgil.
3141 5779 3235 5834 lib.
3266 5795 3303 5836 ιι
3331 5775 3563 5853 Georg,

1968 5846 2083 5905 Liv.
2118 5846 2209 5905 lib.
2245 5846 2321 5919 tt;
2349 5846 2485 5906 Plin.
2519 5848 2614 5905 lib.
2646 5863 2740 5919 vn,
2771 5854 2903 5920 cap.‘
2927 5848 3017 5904 50.
3051 5847 3242 5908 Bnoss.
