  <div class='ocr_page' id='page_1' title='image "/cluster/home/n/w/nwhite01/storage/ocr_20150623/69/umn.31951002477362u/279.png"; bbox 0 0 3952 6388; ppageno 0'>
   <div class='ocr_carea' id='block_1_1' title="bbox 468 337 574 395">
    <p class='ocr_par' dir='ltr' id='par_1_1' title="bbox 468 337 574 395">
     <span class='ocr_line' id='line_1_1' title="bbox 468 337 574 395; baseline -0.019 0"><span class='ocrx_word' id='word_1_1' title='bbox 468 337 574 395; x_wconf 73' lang='grc'><strong>539</strong></span> 
     </span>
    </p>
   </div>
   <div class='ocr_carea' id='block_1_2' title="bbox 467 420 1832 506">
    <p class='ocr_par' dir='ltr' id='par_1_2' title="bbox 467 420 1832 506">
     <span class='ocr_line' id='line_1_2' title="bbox 467 420 1832 506; baseline -0.024 1"><span class='ocrx_word' id='word_1_2' title='bbox 467 443 885 506; x_wconf 83' lang='lat' dir='ltr'><strong>eoneertantiutn</strong></span> <span class='ocrx_word' id='word_1_3' title='bbox 937 437 1113 492; x_wconf 85' lang='lat' dir='ltr'><strong>fervor</strong></span> <span class='ocrx_word' id='word_1_4' title='bbox 1141 432 1461 487; x_wconf 86' lang='lat' dir='ltr'><strong>animorum.</strong></span> <span class='ocrx_word' id='word_1_5' title='bbox 1493 425 1640 480; x_wconf 85' lang='lat' dir='ltr'><strong>Bona</strong></span> <span class='ocrx_word' id='word_1_6' title='bbox 1681 420 1832 493; x_wconf 86' lang='lat' dir='ltr'><strong>pacis</strong></span> 
     </span>
    </p>
   </div>
   <div class='ocr_carea' id='block_1_3' title="bbox 471 504 2046 608">
    <p class='ocr_par' dir='ltr' id='par_1_3' title="bbox 471 504 2046 608">
     <span class='ocr_line' id='line_1_3' title="bbox 471 504 2046 608; baseline -0.021 -16"><span class='ocrx_word' id='word_1_7' title='bbox 471 539 584 593; x_wconf 79' lang='lat' dir='ltr'><strong>[leo</strong></span> <span class='ocrx_word' id='word_1_8' title='bbox 608 534 859 608; x_wconf 90' lang='lat' dir='ltr'><strong>pr0pitio,</strong></span> <span class='ocrx_word' id='word_1_9' title='bbox 882 536 1068 584; x_wconf 90' lang='lat' dir='ltr'><strong>nostro</strong></span> <span class='ocrx_word' id='word_1_10' title='bbox 1095 524 1282 578; x_wconf 88' lang='lat' dir='ltr'><strong>labore</strong></span> <span class='ocrx_word' id='word_1_11' title='bbox 1311 515 1603 602; x_wconf 51' lang='lat' dir='ltr'><strong>meruistis,</strong></span> <span class='ocrx_word' id='word_1_12' title='bbox 1628 528 1728 569; x_wconf 89' lang='lat' dir='ltr'><strong>cur</strong></span> <span class='ocrx_word' id='word_1_13' title='bbox 1770 504 2046 566; x_wconf 91' lang='lat' dir='ltr'><strong>seditioni-</strong></span> 
     </span>
    </p>
   </div>
   <div class='ocr_carea' id='block_1_4' title="bbox 471 596 2044 686">
    <p class='ocr_par' dir='ltr' id='par_1_4' title="bbox 471 596 2044 686">
     <span class='ocr_line' id='line_1_4' title="bbox 471 596 2044 686; baseline -0.023 -2"><span class='ocrx_word' id='word_1_14' title='bbox 471 631 572 686; x_wconf 90' lang='lat' dir='ltr'><strong>bus</strong></span> <span class='ocrx_word' id='word_1_15' title='bbox 595 596 861 682; x_wconf 59' lang='lat' dir='ltr'><strong>dedantur</strong></span> <span class='ocrx_word' id='word_1_16' title='bbox 884 616 1118 673; x_wconf 85' lang='lat' dir='ltr'><strong>illicitis?</strong></span> <span class='ocrx_word' id='word_1_17' title='bbox 1146 613 1426 679; x_wconf 82' lang='lat' dir='ltr'><strong>Nunquam</strong></span> <span class='ocrx_word' id='word_1_18' title='bbox 1449 596 1640 673; x_wconf 64' lang='lat' dir='ltr'><strong>majori</strong></span> <span class='ocrx_word' id='word_1_19' title='bbox 1680 601 1878 655; x_wconf 89' lang='lat' dir='ltr'><strong>damno</strong></span> <span class='ocrx_word' id='word_1_20' title='bbox 1909 596 2044 666; x_wconf 81' lang='lat' dir='ltr'><strong>peri-</strong></span> 
     </span>
    </p>
   </div>
   <div class='ocr_carea' id='block_1_5' title="bbox 472 683 2052 774">
    <p class='ocr_par' dir='ltr' id='par_1_5' title="bbox 472 683 2052 774">
     <span class='ocr_line' id='line_1_5' title="bbox 472 683 2052 774; baseline -0.022 -3"><span class='ocrx_word' id='word_1_21' title='bbox 472 715 645 772; x_wconf 89' lang='lat' dir='ltr'><strong>clitati</strong></span> <span class='ocrx_word' id='word_1_22' title='bbox 665 719 792 767; x_wconf 87' lang='lat' dir='ltr'><strong>sunt</strong></span> <span class='ocrx_word' id='word_1_23' title='bbox 818 721 1020 774; x_wconf 83' lang='lat' dir='ltr'><strong>mores,</strong></span> <span class='ocrx_word' id='word_1_24' title='bbox 1061 718 1220 774; x_wconf 87' lang='lat' dir='ltr'><strong>quant</strong></span> <span class='ocrx_word' id='word_1_25' title='bbox 1249 713 1372 754; x_wconf 88' lang='lat' dir='ltr'><strong>cum</strong></span> <span class='ocrx_word' id='word_1_26' title='bbox 1411 695 1647 764; x_wconf 74' lang='lat' dir='ltr'><strong>gravitas</strong></span> <span class='ocrx_word' id='word_1_27' title='bbox 1673 689 1916 744; x_wconf 79' lang='lat' dir='ltr'><strong>Romana</strong></span> <span class='ocrx_word' id='word_1_28' title='bbox 1943 683 2052 738; x_wconf 85' lang='lat' dir='ltr'><strong>cul-</strong></span> 
     </span>
    </p>
   </div>
   <div class='ocr_carea' id='block_1_6' title="bbox 452 783 2050 874">
    <p class='ocr_par' dir='ltr' id='par_1_6' title="bbox 452 783 2050 874">
     <span class='ocr_line' id='line_1_6' title="bbox 452 783 2050 874; baseline -0.018 -13"><span class='ocrx_word' id='word_1_29' title='bbox 452 819 692 868; x_wconf 78' lang='lat' dir='ltr'><strong>paretur.</strong></span> <span class='ocrx_word' id='word_1_30' title='bbox 712 801 1124 874; x_wconf 79' lang='lat' dir='ltr'><strong>Reparetitaque</strong></span> <span class='ocrx_word' id='word_1_31' title='bbox 1149 797 1374 851; x_wconf 87' lang='lat' dir='ltr'><strong>honesta</strong></span> <span class='ocrx_word' id='word_1_32' title='bbox 1405 789 1594 846; x_wconf 92' lang='lat' dir='ltr'><strong>civitas</strong></span> <span class='ocrx_word' id='word_1_33' title='bbox 1621 783 2050 841; x_wconf 76' lang='lat' dir='ltr'><strong>moderationem</strong></span> 
     </span>
    </p>
   </div>
   <div class='ocr_carea' id='block_1_7' title="bbox 477 877 2054 958">
    <p class='ocr_par' dir='ltr' id='par_1_7' title="bbox 477 877 2054 958">
     <span class='ocr_line' id='line_1_7' title="bbox 477 877 2054 958; baseline -0.017 -7"><span class='ocrx_word' id='word_1_34' title='bbox 477 909 652 951; x_wconf 85' lang='lat' dir='ltr'><strong>suam.</strong></span> <span class='ocrx_word' id='word_1_35' title='bbox 680 889 862 948; x_wconf 87' lang='lat' dir='ltr'><strong>Pudor</strong></span> <span class='ocrx_word' id='word_1_36' title='bbox 887 899 972 947; x_wconf 89' lang='lat' dir='ltr'><strong>est</strong></span> <span class='ocrx_word' id='word_1_37' title='bbox 998 889 1352 958; x_wconf 77' lang='lat' dir='ltr'><strong>degenerasse</strong></span> <span class='ocrx_word' id='word_1_38' title='bbox 1373 896 1403 936; x_wconf 90' lang='lat' dir='ltr'><strong>a</strong></span> <span class='ocrx_word' id='word_1_39' title='bbox 1425 877 1718 950; x_wconf 82' lang='lat' dir='ltr'><strong>prioribus,</strong></span> <span class='ocrx_word' id='word_1_40' title='bbox 1739 889 1806 930; x_wconf 89' lang='lat' dir='ltr'><strong>eo</strong></span> <span class='ocrx_word' id='word_1_41' title='bbox 1835 884 2054 942; x_wconf 64' lang='lat' dir='ltr'><strong>pra-ser-</strong></span> 
     </span>
    </p>
   </div>
   <div class='ocr_carea' id='block_1_8' title="bbox 478 961 2054 1053">
    <p class='ocr_par' dir='ltr' id='par_1_8' title="bbox 478 961 2054 1053">
     <span class='ocr_line' id='line_1_8' title="bbox 478 961 2054 1053; baseline -0.017 -14"><span class='ocrx_word' id='word_1_42' title='bbox 478 985 576 1040; x_wconf 86' lang='lat' dir='ltr'><strong>tim</strong></span> <span class='ocrx_word' id='word_1_43' title='bbox 603 990 847 1053; x_wconf 61' lang='lat' dir='ltr'><strong>tempore</strong></span> <span class='ocrx_word' id='word_1_44' title='bbox 874 995 995 1036; x_wconf 89' lang='lat' dir='ltr'><strong>cum</strong></span> <span class='ocrx_word' id='word_1_45' title='bbox 1037 978 1198 1034; x_wconf 90' lang='lat' dir='ltr'><strong>talem</strong></span> <span class='ocrx_word' id='word_1_46' title='bbox 1242 970 1536 1046; x_wconf 83' lang='lat' dir='ltr'><strong>principem</strong></span> <span class='ocrx_word' id='word_1_47' title='bbox 1584 961 1906 1034; x_wconf 80' lang='lat' dir='ltr'><strong>cognoscitis</strong></span> <span class='ocrx_word' id='word_1_48' title='bbox 1955 972 2054 1014; x_wconf 87' lang='lat' dir='ltr'><strong>vos</strong></span> 
     </span>
    </p>
   </div>
   <div class='ocr_carea' id='block_1_9' title="bbox 480 1049 2056 1144">
    <p class='ocr_par' dir='ltr' id='par_1_9' title="bbox 480 1049 2056 1144">
     <span class='ocr_line' id='line_1_9' title="bbox 480 1049 2056 1144; baseline -0.019 -15"><span class='ocrx_word' id='word_1_49' title='bbox 480 1074 683 1130; x_wconf 85' lang='lat' dir='ltr'><strong>habere</strong></span> <span class='ocrx_word' id='word_1_50' title='bbox 710 1049 800 1144; x_wconf 80' lang='lat' dir='ltr'><strong>qui</strong></span> <span class='ocrx_word' id='word_1_51' title='bbox 827 1068 1043 1142; x_wconf 70' lang='lat' dir='ltr'><strong>praemia</strong></span> <span class='ocrx_word' id='word_1_52' title='bbox 1071 1060 1439 1126; x_wconf 88' lang='lat' dir='ltr'><strong>benemeritis,</strong></span> <span class='ocrx_word' id='word_1_53' title='bbox 1469 1057 1728 1114; x_wconf 73' lang='lat' dir='ltr'><strong>ultionem</strong></span> <span class='ocrx_word' id='word_1_54' title='bbox 1757 1051 1958 1106; x_wconf 88' lang='lat' dir='ltr'><strong>tribuat</strong></span> <span class='ocrx_word' id='word_1_55' title='bbox 1979 1049 2056 1102; x_wconf 89' lang='lat' dir='ltr'><strong>in-</strong></span> 
     </span>
    </p>
   </div>
   <div class='ocr_carea' id='block_1_10' title="bbox 483 1165 700 1238">
    <p class='ocr_par' dir='ltr' id='par_1_10' title="bbox 483 1165 700 1238">
     <span class='ocr_line' id='line_1_10' title="bbox 483 1165 700 1238; baseline -0.014 -17"><span class='ocrx_word' id='word_1_56' title='bbox 483 1165 700 1238; x_wconf 85' lang='lat' dir='ltr'><strong>quietis.</strong></span> 
     </span>
    </p>
   </div>
   <div class='ocr_carea' id='block_1_11' title="bbox 925 1279 1596 1363">
    <p class='ocr_par' dir='ltr' id='par_1_11' title="bbox 925 1279 1596 1363">
     <span class='ocr_line' id='line_1_11' title="bbox 925 1279 1596 1363; baseline -0.016 -18"><span class='ocrx_word' id='word_1_57' title='bbox 925 1293 1028 1363; x_wconf 68' lang='lat'><strong>31</strong></span> <span class='ocrx_word' id='word_1_58' title='bbox 1065 1283 1398 1342; x_wconf 82' lang='lat' dir='ltr'><strong>EPISTOLA</strong></span> <span class='ocrx_word' id='word_1_59' title='bbox 1433 1279 1596 1336; x_wconf 72' lang='lat' dir='ltr'><strong>xcv.</strong></span> 
     </span>
    </p>
   </div>
   <div class='ocr_carea' id='block_1_12' title="bbox 568 1402 1983 1466">
    <p class='ocr_par' dir='ltr' id='par_1_12' title="bbox 568 1402 1983 1466">
     <span class='ocr_line' id='line_1_12' title="bbox 568 1402 1983 1466; baseline -0.017 -2"><span class='ocrx_word' id='word_1_60' title='bbox 568 1422 758 1466; x_wconf 74' lang='lat' dir='ltr'><strong>BOE&#39;I&#39;IO</strong></span> <span class='ocrx_word' id='word_1_61' title='bbox 775 1420 902 1462; x_wconf 75' lang='grc' dir='ltr'><strong>νιιιο</strong></span> <span class='ocrx_word' id='word_1_62' title='bbox 930 1415 1172 1458; x_wconf 68' lang='grc' dir='ltr'><strong>ιιιῠετιιι</strong></span> <span class='ocrx_word' id='word_1_63' title='bbox 1196 1411 1442 1454; x_wconf 74' lang='lat' dir='ltr'><strong>PATRICIO</strong></span> <span class='ocrx_word' id='word_1_64' title='bbox 1471 1403 1836 1450; x_wconf 71' lang='lat' dir='ltr'><strong>THEODORICUB</strong></span> <span class='ocrx_word' id='word_1_65' title='bbox 1856 1402 1983 1442; x_wconf 73' lang='lat' dir='ltr'><strong>REI.</strong></span> 
     </span>
    </p>
   </div>
   <div class='ocr_carea' id='block_1_13' title="bbox 481 1477 2057 1570">
    <p class='ocr_par' dir='ltr' id='par_1_13' title="bbox 481 1477 2057 1570">
     <span class='ocr_line' id='line_1_13' title="bbox 481 1477 2057 1570; baseline 0 0"><span class='ocrx_word' id='word_1_66' title='bbox 481 1497 624 1570; x_wconf 71' lang='grc' dir='ltr'><strong>υεςίι</strong></span> <span class='ocrx_word' id='word_1_67' title='bbox 646 1514 704 1570; x_wconf 58' lang='grc' dir='ltr'><em>με</em></span> <span class='ocrx_word' id='word_1_68' title='bbox 729 1505 965 1570; x_wconf 54' lang='lat' dir='ltr'><strong>rogatam</strong></span> <span class='ocrx_word' id='word_1_69' title='bbox 990 1507 1101 1570; x_wconf 63' lang='lat' dir='ltr'><strong>esse.</strong></span> <span class='ocrx_word' id='word_1_70' title='bbox 1127 1507 1159 1544; x_wconf 80' lang='grc' dir='ltr'><strong>ιι</strong></span> <span class='ocrx_word' id='word_1_71' title='bbox 1200 1485 1628 1570; x_wconf 56' lang='lat' dir='ltr'><strong>linendum</strong></span> <span class='ocrx_word' id='word_1_72' title='bbox 1656 1497 1774 1570; x_wconf 60' lang='lat' dir='ltr'><strong>rat?</strong></span> <span class='ocrx_word' id='word_1_73' title='bbox 1798 1486 1864 1570; x_wconf 69' lang='grc' dir='ltr'><strong>κε</strong></span> <span class='ocrx_word' id='word_1_74' title='bbox 1900 1477 2057 1570; x_wconf 62' lang='grc' dir='ltr'><strong>ἀενα-</strong></span> 
     </span>
    </p>
   </div>
   <div class='ocr_carea' id='block_1_14' title="bbox 553 1546 2059 1638">
    <p class='ocr_par' dir='ltr' id='par_1_14' title="bbox 553 1546 2059 1638">
     <span class='ocr_line' id='line_1_14' title="bbox 553 1546 2059 1638; baseline -0.017 -15"><span class='ocrx_word' id='word_1_75' title='bbox 713 1546 940 1638; x_wconf 53' lang='lat' dir='ltr'><strong>admit;</strong></span> <span class='ocrx_word' id='word_1_76' title='bbox 951 1546 1004 1617; x_wconf 74' lang='lat' dir='ltr'><strong>et</strong></span> <span class='ocrx_word' id='word_1_77' title='bbox 1023 1557 1282 1638; x_wconf 45' lang='grc' dir='ltr'><strong>σαίρω-σά</strong></span> <span class='ocrx_word' id='word_1_78' title='bbox 1306 1546 1476 1638; x_wconf 57' lang='lat' dir='ltr'><strong>ipsum</strong></span> <span class='ocrx_word' id='word_1_79' title='bbox 1498 1546 1869 1638; x_wconf 53' lang='lat' dir='ltr'><strong>transmittere!l</strong></span> <span class='ocrx_word' id='word_1_80' title='bbox 1887 1565 1902 1612; x_wconf 89' lang='lat'><strong>;</strong></span> <span class='ocrx_word' id='word_1_81' title='bbox 1930 1546 2059 1638; x_wconf 63' lang='grc' dir='ltr'><strong>βοσ-</strong></span> 
     </span>
    </p>
   </div>
   <div class='ocr_carea' id='block_1_15' title="bbox 555 1617 2056 1707">
    <p class='ocr_par' dir='ltr' id='par_1_15' title="bbox 555 1617 2056 1707">
     <span class='ocr_line' id='line_1_15' title="bbox 555 1617 2056 1707; baseline -0.015 -15"><span class='ocrx_word' id='word_1_82' title='bbox 555 1617 969 1707; x_wconf 57' lang='grc' dir='ltr'><strong>ὶῖιῗνῖᾳᾶἷόἠέὴία</strong></span> <span class='ocrx_word' id='word_1_83' title='bbox 987 1630 1230 1707; x_wconf 36' lang='lat' dir='ltr'><strong>mut-hes?</strong></span> <span class='ocrx_word' id='word_1_84' title='bbox 1249 1617 1500 1707; x_wconf 55' lang='lat' dir='ltr'><strong>miracula</strong></span> <span class='ocrx_word' id='word_1_85' title='bbox 1519 1622 1749 1693; x_wconf 78' lang='lat' dir='ltr'><strong>apprime</strong></span> <span class='ocrx_word' id='word_1_86' title='bbox 1767 1617 2056 1684; x_wconf 75' lang='lat' dir='ltr'><strong>callentem,</strong></span> 
     </span>
    </p>
   </div>
   <div class='ocr_carea' id='block_1_16' title="bbox 557 1695 1517 1775">
    <p class='ocr_par' dir='ltr' id='par_1_16' title="bbox 557 1695 1517 1775">
     <span class='ocr_line' id='line_1_16' title="bbox 557 1695 1517 1775; baseline -0.016 -13"><span class='ocrx_word' id='word_1_87' title='bbox 557 1707 627 1762; x_wconf 84' lang='lat' dir='ltr'><strong>ad</strong></span> <span class='ocrx_word' id='word_1_88' title='bbox 654 1695 746 1760; x_wconf 76' lang='lat' dir='ltr'><strong>hoc</strong></span> <span class='ocrx_word' id='word_1_89' title='bbox 769 1719 896 1775; x_wconf 76' lang='lat' dir='ltr'><strong>opus</strong></span> <span class='ocrx_word' id='word_1_90' title='bbox 922 1697 1291 1774; x_wconf 78' lang='lat' dir='ltr'><strong>perﬁciendum</strong></span> <span class='ocrx_word' id='word_1_91' title='bbox 1313 1695 1517 1750; x_wconf 80' lang='lat' dir='ltr'><strong>invitat.</strong></span> 
     </span>
    </p>
   </div>
   <div class='ocr_carea' id='block_1_17' title="bbox 557 1801 2060 1888">
    <p class='ocr_par' dir='ltr' id='par_1_17' title="bbox 557 1801 2060 1888">
     <span class='ocr_line' id='line_1_17' title="bbox 557 1801 2060 1888; baseline -0.013 -14"><span class='ocrx_word' id='word_1_92' title='bbox 557 1814 872 1888; x_wconf 90' lang='lat' dir='ltr'><strong>Spernenda</strong></span> <span class='ocrx_word' id='word_1_93' title='bbox 918 1827 1026 1868; x_wconf 89' lang='lat' dir='ltr'><strong>non</strong></span> <span class='ocrx_word' id='word_1_94' title='bbox 1070 1819 1196 1866; x_wconf 89' lang='lat' dir='ltr'><strong>sunt</strong></span> <span class='ocrx_word' id='word_1_95' title='bbox 1236 1822 1356 1878; x_wconf 64' lang='lat' dir='ltr'><strong>quae</strong></span> <span class='ocrx_word' id='word_1_96' title='bbox 1383 1822 1416 1862; x_wconf 87' lang='lat' dir='ltr'><strong>a</strong></span> <span class='ocrx_word' id='word_1_97' title='bbox 1443 1803 1636 1860; x_wconf 82' lang='lat' dir='ltr'><strong>vicinis</strong></span> <span class='ocrx_word' id='word_1_98' title='bbox 1680 1801 1894 1872; x_wconf 80' lang='lat' dir='ltr'><strong>regibus</strong></span> <span class='ocrx_word' id='word_1_99' title='bbox 1922 1815 2060 1871; x_wconf 71' lang='lat' dir='ltr'><strong>prae-</strong></span> 
     </span>
    </p>
   </div>
   <div class='ocr_carea' id='block_1_18' title="bbox 488 1894 2060 1978">
    <p class='ocr_par' dir='ltr' id='par_1_18' title="bbox 488 1894 2060 1978">
     <span class='ocr_line' id='line_1_18' title="bbox 488 1894 2060 1978; baseline -0.012 -13"><span class='ocrx_word' id='word_1_100' title='bbox 488 1905 808 1978; x_wconf 88' lang='lat' dir='ltr'><strong>tumptionis</strong></span> <span class='ocrx_word' id='word_1_101' title='bbox 852 1901 1024 1972; x_wconf 87' lang='lat' dir='ltr'><strong>gratia</strong></span> <span class='ocrx_word' id='word_1_102' title='bbox 1052 1899 1426 1972; x_wconf 81' lang='lat' dir='ltr'><strong>postulantur:</strong></span> <span class='ocrx_word' id='word_1_103' title='bbox 1459 1895 1587 1952; x_wconf 90' lang='lat' dir='ltr'><strong>dum</strong></span> <span class='ocrx_word' id='word_1_104' title='bbox 1631 1894 1946 1966; x_wconf 89' lang='lat' dir='ltr'><strong>plerumque</strong></span> <span class='ocrx_word' id='word_1_105' title='bbox 1972 1906 2060 1948; x_wconf 89' lang='lat' dir='ltr'><strong>res</strong></span> 
     </span>
    </p>
   </div>
   <div class='ocr_carea' id='block_1_19' title="bbox 485 1989 2063 2067">
    <p class='ocr_par' dir='ltr' id='par_1_19' title="bbox 485 1989 2063 2067">
     <span class='ocr_line' id='line_1_19' title="bbox 485 1989 2063 2067; baseline -0.01 -16"><span class='ocrx_word' id='word_1_106' title='bbox 485 2011 661 2067; x_wconf 74' lang='lat' dir='ltr'><strong>parva:</strong></span> <span class='ocrx_word' id='word_1_107' title='bbox 685 1993 808 2064; x_wconf 87' lang='lat' dir='ltr'><strong>plus</strong></span> <span class='ocrx_word' id='word_1_108' title='bbox 835 1991 1128 2062; x_wconf 73' lang='lat' dir='ltr'><strong>pmvalent</strong></span> <span class='ocrx_word' id='word_1_109' title='bbox 1145 1995 1400 2058; x_wconf 76' lang='lat' dir='ltr'><strong>praestare</strong></span> <span class='ocrx_word' id='word_1_110' title='bbox 1423 2001 1586 2056; x_wconf 90' lang='lat' dir='ltr'><strong>quam</strong></span> <span class='ocrx_word' id='word_1_111' title='bbox 1613 1997 1818 2053; x_wconf 72' lang='lat' dir='ltr'><strong>magna:</strong></span> <span class='ocrx_word' id='word_1_112' title='bbox 1841 1989 2063 2052; x_wconf 88' lang='lat' dir='ltr'><strong>possunt</strong></span> 
     </span>
    </p>
   </div>
   <div class='ocr_carea' id='block_1_20' title="bbox 486 2074 2064 2160">
    <p class='ocr_par' dir='ltr' id='par_1_20' title="bbox 486 2074 2064 2160">
     <span class='ocr_line' id='line_1_20' title="bbox 486 2074 2064 2160; baseline -0.011 -16"><span class='ocrx_word' id='word_1_113' title='bbox 486 2089 735 2144; x_wconf 89' lang='lat' dir='ltr'><strong>obtinere</strong></span> <span class='ocrx_word' id='word_1_114' title='bbox 785 2084 1003 2140; x_wconf 66' lang='lat' dir='ltr'><strong>divitiae.</strong></span> <span class='ocrx_word' id='word_1_115' title='bbox 1037 2081 1369 2160; x_wconf 79' lang='lat' dir='ltr'><strong>Frequepter</strong></span> <span class='ocrx_word' id='word_1_116' title='bbox 1411 2077 1556 2133; x_wconf 91' lang='lat' dir='ltr'><strong>enim</strong></span> <span class='ocrx_word' id='word_1_117' title='bbox 1596 2074 1742 2144; x_wconf 88' lang='lat' dir='ltr'><strong>quod</strong></span> <span class='ocrx_word' id='word_1_118' title='bbox 1791 2089 1942 2129; x_wconf 90' lang='lat' dir='ltr'><strong>arma</strong></span> <span class='ocrx_word' id='word_1_119' title='bbox 1966 2088 2064 2128; x_wconf 87' lang='lat' dir='ltr'><strong>ex-</strong></span> 
     </span>
    </p>
   </div>
   <div class='ocr_carea' id='block_1_21' title="bbox 484 2165 2060 2248">
    <p class='ocr_par' dir='ltr' id='par_1_21' title="bbox 484 2165 2060 2248">
     <span class='ocr_line' id='line_1_21' title="bbox 484 2165 2060 2248; baseline -0.011 -14"><span class='ocrx_word' id='word_1_120' title='bbox 484 2179 636 2248; x_wconf 89' lang='lat' dir='ltr'><strong>plere</strong></span> <span class='ocrx_word' id='word_1_121' title='bbox 677 2181 966 2245; x_wconf 89' lang='lat' dir='ltr'><strong>nequeunt,</strong></span> <span class='ocrx_word' id='word_1_122' title='bbox 997 2171 1393 2226; x_wconf 87' lang='lat' dir='ltr'><strong>oblectamenta</strong></span> <span class='ocrx_word' id='word_1_123' title='bbox 1430 2165 1712 2222; x_wconf 84' lang='lat' dir='ltr'><strong>suavitatis</strong></span> <span class='ocrx_word' id='word_1_124' title='bbox 1759 2165 2060 2234; x_wconf 90' lang='lat' dir='ltr'><strong>imponunt.</strong></span> 
     </span>
    </p>
   </div>
   <div class='ocr_carea' id='block_1_22' title="bbox 483 2253 2063 2335">
    <p class='ocr_par' dir='ltr' id='par_1_22' title="bbox 483 2253 2063 2335">
     <span class='ocr_line' id='line_1_22' title="bbox 483 2253 2063 2335; baseline -0.009 -12"><span class='ocrx_word' id='word_1_125' title='bbox 483 2267 568 2324; x_wconf 87' lang='lat' dir='ltr'><strong>Sit</strong></span> <span class='ocrx_word' id='word_1_126' title='bbox 594 2279 722 2334; x_wconf 84' lang='lat' dir='ltr'><strong>ergo</strong></span> <span class='ocrx_word' id='word_1_127' title='bbox 768 2279 868 2335; x_wconf 91' lang='lat' dir='ltr'><strong>pro</strong></span> <span class='ocrx_word' id='word_1_128' title='bbox 896 2260 1086 2333; x_wconf 91' lang='lat' dir='ltr'><strong>repub.</strong></span> <span class='ocrx_word' id='word_1_129' title='bbox 1138 2267 1194 2314; x_wconf 87' lang='lat' dir='ltr'><strong>et</strong></span> <span class='ocrx_word' id='word_1_130' title='bbox 1233 2273 1356 2314; x_wconf 91' lang='lat' dir='ltr'><strong>cum</strong></span> <span class='ocrx_word' id='word_1_131' title='bbox 1395 2257 1581 2312; x_wconf 88' lang='lat' dir='ltr'><strong>ludere</strong></span> <span class='ocrx_word' id='word_1_132' title='bbox 1629 2254 1896 2310; x_wconf 86' lang='lat' dir='ltr'><strong>videmur.</strong></span> <span class='ocrx_word' id='word_1_133' title='bbox 1929 2253 2063 2309; x_wconf 85' lang='lat' dir='ltr'><strong>Nam</strong></span> 
     </span>
    </p>
   </div>
   <div class='ocr_carea' id='block_1_23' title="bbox 483 2346 2066 2425">
    <p class='ocr_par' dir='ltr' id='par_1_23' title="bbox 483 2346 2066 2425">
     <span class='ocr_line' id='line_1_23' title="bbox 483 2346 2066 2425; baseline -0.008 -12"><span class='ocrx_word' id='word_1_134' title='bbox 483 2356 608 2414; x_wconf 86' lang='lat' dir='ltr'><strong>ideo</strong></span> <span class='ocrx_word' id='word_1_135' title='bbox 636 2355 951 2425; x_wconf 82' lang='lat' dir='ltr'><strong>voluptuosa</strong></span> <span class='ocrx_word' id='word_1_136' title='bbox 992 2351 1300 2422; x_wconf 61' lang='lat' dir='ltr'><strong>quaerimus,</strong></span> <span class='ocrx_word' id='word_1_137' title='bbox 1349 2355 1409 2402; x_wconf 92' lang='lat' dir='ltr'><strong>ut</strong></span> <span class='ocrx_word' id='word_1_138' title='bbox 1451 2361 1551 2416; x_wconf 90' lang='lat' dir='ltr'><strong>per</strong></span> <span class='ocrx_word' id='word_1_139' title='bbox 1580 2346 1693 2416; x_wconf 85' lang='lat' dir='ltr'><strong>ipsa</strong></span> <span class='ocrx_word' id='word_1_140' title='bbox 1725 2347 1865 2400; x_wconf 90' lang='lat' dir='ltr'><strong>seria</strong></span> <span class='ocrx_word' id='word_1_141' title='bbox 1911 2360 2066 2400; x_wconf 87' lang='lat' dir='ltr'><strong>com-</strong></span> 
     </span>
    </p>
   </div>
   <div class='ocr_carea' id='block_1_24' title="bbox 485 2435 2067 2518">
    <p class='ocr_par' dir='ltr' id='par_1_24' title="bbox 485 2435 2067 2518">
     <span class='ocr_line' id='line_1_24' title="bbox 485 2435 2067 2518; baseline -0.006 -18"><span class='ocrx_word' id='word_1_142' title='bbox 485 2447 746 2518; x_wconf 84' lang='lat' dir='ltr'><strong>pleatnus.</strong></span> <span class='ocrx_word' id='word_1_143' title='bbox 795 2442 1236 2512; x_wconf 77' lang='lat' dir='ltr'><strong>Burgundionum</strong></span> <span class='ocrx_word' id='word_1_144' title='bbox 1284 2438 1466 2506; x_wconf 85' lang='lat' dir='ltr'><strong>itaque</strong></span> <span class='ocrx_word' id='word_1_145' title='bbox 1525 2435 1776 2490; x_wconf 90' lang='lat' dir='ltr'><strong>dominus</strong></span> <span class='ocrx_word' id='word_1_146' title='bbox 1827 2450 1860 2489; x_wconf 91' lang='lat' dir='ltr'><strong>a</strong></span> <span class='ocrx_word' id='word_1_147' title='bbox 1912 2435 2067 2490; x_wconf 91' lang='lat' dir='ltr'><strong>nobis</strong></span> 
     </span>
    </p>
   </div>
   <div class='ocr_carea' id='block_1_25' title="bbox 487 2525 2067 2608">
    <p class='ocr_par' dir='ltr' id='par_1_25' title="bbox 487 2525 2067 2608">
     <span class='ocr_line' id='line_1_25' title="bbox 487 2525 2067 2608; baseline -0.009 -15"><span class='ocrx_word' id='word_1_148' title='bbox 487 2550 814 2608; x_wconf 74' lang='lat' dir='ltr'><strong>magnopere</strong></span> <span class='ocrx_word' id='word_1_149' title='bbox 843 2531 1212 2604; x_wconf 88' lang='lat' dir='ltr'><strong>postulavitut</strong></span> <span class='ocrx_word' id='word_1_150' title='bbox 1234 2527 1572 2597; x_wconf 80' lang='lat' dir='ltr'><strong>horologium</strong></span> <span class='ocrx_word' id='word_1_151' title='bbox 1602 2525 1746 2595; x_wconf 91' lang='lat' dir='ltr'><strong>quod</strong></span> <span class='ocrx_word' id='word_1_152' title='bbox 1787 2525 1940 2594; x_wconf 86' lang='lat' dir='ltr'><strong>aquis</strong></span> <span class='ocrx_word' id='word_1_153' title='bbox 1968 2526 2067 2580; x_wconf 89' lang='lat' dir='ltr'><strong>sub</strong></span> 
     </span>
    </p>
   </div>
   <div class='ocr_carea' id='block_1_26' title="bbox 489 2617 2068 2691">
    <p class='ocr_par' dir='ltr' id='par_1_26' title="bbox 489 2617 2068 2691">
     <span class='ocr_line' id='line_1_26' title="bbox 489 2617 2068 2691; baseline -0.008 -8"><span class='ocrx_word' id='word_1_154' title='bbox 489 2627 707 2684; x_wconf 89' lang='lat' dir='ltr'><strong>modulo</strong></span> <span class='ocrx_word' id='word_1_155' title='bbox 736 2624 1024 2682; x_wconf 82' lang='lat' dir='ltr'><strong>fluentibus</strong></span> <span class='ocrx_word' id='word_1_156' title='bbox 1045 2627 1396 2691; x_wconf 82' lang='lat' dir='ltr'><strong>temperatur,</strong></span> <span class='ocrx_word' id='word_1_157' title='bbox 1423 2626 1478 2674; x_wconf 89' lang='lat' dir='ltr'><strong>et</strong></span> <span class='ocrx_word' id='word_1_158' title='bbox 1501 2617 1646 2688; x_wconf 92' lang='lat' dir='ltr'><strong>quod</strong></span> <span class='ocrx_word' id='word_1_159' title='bbox 1665 2617 1798 2674; x_wconf 88' lang='lat' dir='ltr'><strong>solis</strong></span> <span class='ocrx_word' id='word_1_160' title='bbox 1823 2617 2068 2672; x_wconf 87' lang='lat' dir='ltr'><strong>immensi</strong></span> 
     </span>
    </p>
   </div>
   <div class='ocr_carea' id='block_1_27' title="bbox 488 2709 2072 2787">
    <p class='ocr_par' dir='ltr' id='par_1_27' title="bbox 488 2709 2072 2787">
     <span class='ocr_line' id='line_1_27' title="bbox 488 2709 2072 2787; baseline -0.006 -15"><span class='ocrx_word' id='word_1_161' title='bbox 488 2717 877 2787; x_wconf 76' lang='lat' dir='ltr'><strong>comprehensa</strong></span> <span class='ocrx_word' id='word_1_162' title='bbox 910 2713 1299 2768; x_wconf 90' lang='lat' dir='ltr'><strong>illuminatione</strong></span> <span class='ocrx_word' id='word_1_163' title='bbox 1342 2709 1708 2776; x_wconf 83' lang='lat' dir='ltr'><strong>distinguitur,</strong></span> <span class='ocrx_word' id='word_1_164' title='bbox 1738 2725 1860 2764; x_wconf 89' lang='lat' dir='ltr'><strong>cum</strong></span> <span class='ocrx_word' id='word_1_165' title='bbox 1910 2710 2072 2780; x_wconf 84' lang='lat' dir='ltr'><strong>magi-</strong></span> 
     </span>
    </p>
   </div>
   <div class='ocr_carea' id='block_1_28' title="bbox 488 2800 2070 2868">
    <p class='ocr_par' dir='ltr' id='par_1_28' title="bbox 488 2800 2070 2868">
     <span class='ocr_line' id='line_1_28' title="bbox 488 2800 2070 2868; baseline -0.004 -6"><span class='ocrx_word' id='word_1_166' title='bbox 488 2807 614 2864; x_wconf 81' lang='lat' dir='ltr'><strong>stris</strong></span> <span class='ocrx_word' id='word_1_167' title='bbox 666 2821 846 2861; x_wconf 88' lang='lat' dir='ltr'><strong>rerum</strong></span> <span class='ocrx_word' id='word_1_168' title='bbox 895 2805 945 2858; x_wconf 90' lang='lat' dir='ltr'><strong>ei</strong></span> <span class='ocrx_word' id='word_1_169' title='bbox 994 2802 1356 2858; x_wconf 86' lang='lat' dir='ltr'><strong>transmittere</strong></span> <span class='ocrx_word' id='word_1_170' title='bbox 1403 2800 1748 2854; x_wconf 88' lang='lat' dir='ltr'><strong>deberemus:</strong></span> <span class='ocrx_word' id='word_1_171' title='bbox 1806 2809 2070 2868; x_wconf 87' lang='lat' dir='ltr'><strong>quatenus</strong></span> 
     </span>
    </p>
   </div>
   <div class='ocr_carea' id='block_1_29' title="bbox 491 2888 2071 2965">
    <p class='ocr_par' dir='ltr' id='par_1_29' title="bbox 491 2888 2071 2965">
     <span class='ocr_line' id='line_1_29' title="bbox 491 2888 2071 2965; baseline -0.004 -15"><span class='ocrx_word' id='word_1_172' title='bbox 491 2894 792 2965; x_wconf 86' lang='lat' dir='ltr'><strong>impetratis</strong></span> <span class='ocrx_word' id='word_1_173' title='bbox 845 2891 1292 2948; x_wconf 86' lang='lat' dir='ltr'><strong>delectationibus</strong></span> <span class='ocrx_word' id='word_1_174' title='bbox 1339 2888 1684 2960; x_wconf 89' lang='lat' dir='ltr'><strong>perfruendo,</strong></span> <span class='ocrx_word' id='word_1_175' title='bbox 1723 2890 1868 2958; x_wconf 92' lang='lat' dir='ltr'><strong>quod</strong></span> <span class='ocrx_word' id='word_1_176' title='bbox 1915 2890 2071 2944; x_wconf 92' lang='lat' dir='ltr'><strong>nobis</strong></span> 
     </span>
    </p>
   </div>
   <div class='ocr_carea' id='block_1_30' title="bbox 491 2978 2069 3055">
    <p class='ocr_par' dir='ltr' id='par_1_30' title="bbox 491 2978 2069 3055">
     <span class='ocr_line' id='line_1_30' title="bbox 491 2978 2069 3055; baseline -0.004 -16"><span class='ocrx_word' id='word_1_177' title='bbox 491 2993 575 3040; x_wconf 87' lang='lat' dir='ltr'><strong>est</strong></span> <span class='ocrx_word' id='word_1_178' title='bbox 603 2985 1000 3055; x_wconf 86' lang='lat' dir='ltr'><strong>quotidianum,</strong></span> <span class='ocrx_word' id='word_1_179' title='bbox 1031 2981 1136 3036; x_wconf 88' lang='lat' dir='ltr'><strong>illis</strong></span> <span class='ocrx_word' id='word_1_180' title='bbox 1166 2981 1407 3037; x_wconf 87' lang='lat' dir='ltr'><strong>videatur</strong></span> <span class='ocrx_word' id='word_1_181' title='bbox 1442 2994 1562 3034; x_wconf 89' lang='lat' dir='ltr'><strong>esse</strong></span> <span class='ocrx_word' id='word_1_182' title='bbox 1588 2979 1925 3034; x_wconf 86' lang='lat' dir='ltr'><strong>miraculum.</strong></span> <span class='ocrx_word' id='word_1_183' title='bbox 1956 2978 2069 3032; x_wconf 83' lang='lat' dir='ltr'><strong>Me-</strong></span> 
     </span>
    </p>
   </div>
   <div class='ocr_carea' id='block_1_31' title="bbox 494 3069 2072 3144">
    <p class='ocr_par' dir='ltr' id='par_1_31' title="bbox 494 3069 2072 3144">
     <span class='ocr_line' id='line_1_31' title="bbox 494 3069 2072 3144; baseline -0.003 -14"><span class='ocrx_word' id='word_1_184' title='bbox 494 3079 599 3130; x_wconf 89' lang='lat' dir='ltr'><strong>rito</strong></span> <span class='ocrx_word' id='word_1_185' title='bbox 627 3074 890 3144; x_wconf 81' lang='lat' dir='ltr'><strong>siquidem</strong></span> <span class='ocrx_word' id='word_1_186' title='bbox 913 3073 1180 3142; x_wconf 85' lang='lat' dir='ltr'><strong>respicere</strong></span> <span class='ocrx_word' id='word_1_187' title='bbox 1199 3071 1436 3140; x_wconf 90' lang='lat' dir='ltr'><strong>cupiunt,</strong></span> <span class='ocrx_word' id='word_1_188' title='bbox 1458 3069 1602 3139; x_wconf 88' lang='lat' dir='ltr'><strong>quod</strong></span> <span class='ocrx_word' id='word_1_189' title='bbox 1626 3069 1924 3137; x_wconf 82' lang='lat' dir='ltr'><strong>legatorum</strong></span> <span class='ocrx_word' id='word_1_190' title='bbox 1943 3085 2072 3125; x_wconf 89' lang='lat' dir='ltr'><strong>suo-</strong></span> 
     </span>
    </p>
   </div>
   <div class='ocr_carea' id='block_1_32' title="bbox 1672 291 2501 374">
    <p class='ocr_par' dir='ltr' id='par_1_32' title="bbox 1672 291 2501 374">
     <span class='ocr_line' id='line_1_32' title="bbox 1672 291 2501 374; baseline -0.023 -9"><span class='ocrx_word' id='word_1_191' title='bbox 1672 310 1744 374; x_wconf 81' lang='lat' dir='ltr'><strong>M,</strong></span> <span class='ocrx_word' id='word_1_192' title='bbox 1787 301 2061 362; x_wconf 76' lang='lat' dir='ltr'><strong>AURELll</strong></span> <span class='ocrx_word' id='word_1_193' title='bbox 2102 291 2501 356; x_wconf 76' lang='lat' dir='ltr'><strong>CASSIODORI</strong></span> 
     </span>
    </p>
   </div>
   <div class='ocr_carea' id='block_1_33' title="bbox 1836 381 3731 487">
    <p class='ocr_par' dir='ltr' id='par_1_33' title="bbox 1836 381 3731 487">
     <span class='ocr_line' id='line_1_33' title="bbox 1836 381 3731 487; baseline -0.023 -14"><span class='ocrx_word' id='word_1_194' title='bbox 1836 461 1852 485; x_wconf 91' lang='lat'><strong>,</strong></span> <span class='ocrx_word' id='word_1_195' title='bbox 1895 430 2036 487; x_wconf 77' lang='lat' dir='ltr'><strong>qttze,</strong></span> <span class='ocrx_word' id='word_1_196' title='bbox 2067 407 2320 480; x_wconf 74' lang='lat' dir='ltr'><strong>Alibus]</strong></span> <span class='ocrx_word' id='word_1_197' title='bbox 2369 403 2765 465; x_wconf 75' lang='lat' dir='ltr'><strong>considentem,</strong></span> <span class='ocrx_word' id='word_1_198' title='bbox 2823 402 3100 450; x_wconf 88' lang='lat' dir='ltr'><strong>auctorum</strong></span> <span class='ocrx_word' id='word_1_199' title='bbox 3150 388 3300 444; x_wconf 86' lang='lat' dir='ltr'><strong>libris</strong></span> <span class='ocrx_word' id='word_1_200' title='bbox 3352 381 3731 442; x_wconf 79' lang='lat' dir='ltr'><strong>invitantibus,</strong></span> 
     </span>
    </p>
   </div>
   <div class='ocr_carea' id='block_1_34' title="bbox 3621 267 3736 324">
    <p class='ocr_par' dir='ltr' id='par_1_34' title="bbox 3621 267 3736 324">
     <span class='ocr_line' id='line_1_34' title="bbox 3621 267 3736 324; baseline -0.017 -1"><span class='ocrx_word' id='word_1_201' title='bbox 3621 267 3736 324; x_wconf 70' lang='lat' dir='ltr'><strong>5H!</strong></span> 
     </span>
    </p>
   </div>
   <div class='ocr_carea' id='block_1_35' title="bbox 2149 469 3734 560">
    <p class='ocr_par' dir='ltr' id='par_1_35' title="bbox 2149 469 3734 560">
     <span class='ocr_line' id='line_1_35' title="bbox 2149 469 3734 560; baseline -0.023 -1"><span class='ocrx_word' id='word_1_202' title='bbox 2149 500 2326 560; x_wconf 86' lang='lat' dir='ltr'><strong>cordis</strong></span> <span class='ocrx_word' id='word_1_203' title='bbox 2354 495 2554 551; x_wconf 89' lang='lat' dir='ltr'><strong>lumine</strong></span> <span class='ocrx_word' id='word_1_204' title='bbox 2581 487 2914 560; x_wconf 85' lang='lat' dir='ltr'><strong>cognovisti,</strong></span> <span class='ocrx_word' id='word_1_205' title='bbox 2945 484 3031 538; x_wconf 91' lang='lat' dir='ltr'><strong>cui</strong></span> <span class='ocrx_word' id='word_1_206' title='bbox 3079 481 3246 536; x_wconf 88' lang='lat' dir='ltr'><strong>ardua</strong></span> <span class='ocrx_word' id='word_1_207' title='bbox 3279 491 3441 532; x_wconf 88' lang='lat' dir='ltr'><strong>nosse</strong></span> <span class='ocrx_word' id='word_1_208' title='bbox 3472 488 3602 528; x_wconf 89' lang='lat' dir='ltr'><strong>usus</strong></span> <span class='ocrx_word' id='word_1_209' title='bbox 3633 469 3734 524; x_wconf 83' lang='lat' dir='ltr'><strong>nti-</strong></span> 
     </span>
    </p>
   </div>
   <div class='ocr_carea' id='block_1_36' title="bbox 2149 563 3737 657">
    <p class='ocr_par' dir='ltr' id='par_1_36' title="bbox 2149 563 3737 657">
     <span class='ocr_line' id='line_1_36' title="bbox 2149 563 3737 657; baseline -0.021 -10"><span class='ocrx_word' id='word_1_210' title='bbox 2149 589 2354 657; x_wconf 81' lang='lat' dir='ltr'><strong>racula,</strong></span> <span class='ocrx_word' id='word_1_211' title='bbox 2381 593 2683 640; x_wconf 90' lang='lat' dir='ltr'><strong>monstrare</strong></span> <span class='ocrx_word' id='word_1_212' title='bbox 2711 577 3046 650; x_wconf 80' lang='lat' dir='ltr'><strong>pmpositum</strong></span> <span class='ocrx_word' id='word_1_213' title='bbox 3085 583 3187 628; x_wconf 85' lang='lat' dir='ltr'><strong>est.</strong></span> <span class='ocrx_word' id='word_1_214' title='bbox 3230 567 3447 621; x_wconf 79' lang='lat' dir='ltr'><strong>Molitur</strong></span> <span class='ocrx_word' id='word_1_215' title='bbox 3474 563 3737 618; x_wconf 80' lang='lat' dir='ltr'><strong>ostende-</strong></span> 
     </span>
    </p>
   </div>
   <div class='ocr_carea' id='block_1_37' title="bbox 2150 655 3741 751">
    <p class='ocr_par' dir='ltr' id='par_1_37' title="bbox 2150 655 3741 751">
     <span class='ocr_line' id='line_1_37' title="bbox 2150 655 3741 751; baseline -0.021 -13"><span class='ocrx_word' id='word_1_216' title='bbox 2150 698 2229 747; x_wconf 94' lang='lat' dir='ltr'><strong>re,</strong></span> <span class='ocrx_word' id='word_1_217' title='bbox 2271 679 2412 751; x_wconf 90' lang='lat' dir='ltr'><strong>quod</strong></span> <span class='ocrx_word' id='word_1_218' title='bbox 2441 677 2824 744; x_wconf 73' lang='lat' dir='ltr'><strong>obstupescunt</strong></span> <span class='ocrx_word' id='word_1_219' title='bbox 2858 667 3106 722; x_wconf 88' lang='lat' dir='ltr'><strong>homines</strong></span> <span class='ocrx_word' id='word_1_220' title='bbox 3151 659 3434 723; x_wconf 86' lang='lat' dir='ltr'><strong>evenisse;</strong></span> <span class='ocrx_word' id='word_1_221' title='bbox 3485 655 3741 721; x_wconf 84' lang='lat' dir='ltr'><strong>miroque</strong></span> 
     </span>
    </p>
   </div>
   <div class='ocr_carea' id='block_1_38' title="bbox 2151 747 3740 826">
    <p class='ocr_par' dir='ltr' id='par_1_38' title="bbox 2151 747 3740 826">
     <span class='ocr_line' id='line_1_38' title="bbox 2151 747 3740 826; baseline -0.019 1"><span class='ocrx_word' id='word_1_222' title='bbox 2151 747 2314 826; x_wconf 84' lang='lat' dir='ltr'><strong>modo</strong></span> <span class='ocrx_word' id='word_1_223' title='bbox 2363 767 2570 824; x_wconf 91' lang='lat' dir='ltr'><strong>naturis</strong></span> <span class='ocrx_word' id='word_1_224' title='bbox 2621 760 2899 819; x_wconf 87' lang='lat' dir='ltr'><strong>conversis</strong></span> <span class='ocrx_word' id='word_1_225' title='bbox 2952 756 3082 810; x_wconf 88' lang='lat' dir='ltr'><strong>facti</strong></span> <span class='ocrx_word' id='word_1_226' title='bbox 3127 751 3362 808; x_wconf 83' lang='lat' dir='ltr'><strong>detrahit</strong></span> <span class='ocrx_word' id='word_1_227' title='bbox 3392 747 3578 809; x_wconf 82' lang='lat' dir='ltr'><strong>fidem.</strong></span> <span class='ocrx_word' id='word_1_228' title='bbox 3611 758 3740 799; x_wconf 86' lang='lat' dir='ltr'><strong>cum</strong></span> 
     </span>
    </p>
   </div>
   <div class='ocr_carea' id='block_1_39' title="bbox 2152 838 3742 918">
    <p class='ocr_par' dir='ltr' id='par_1_39' title="bbox 2152 838 3742 918">
     <span class='ocr_line' id='line_1_39' title="bbox 2152 838 3742 918; baseline -0.019 0"><span class='ocrx_word' id='word_1_229' title='bbox 2152 866 2389 918; x_wconf 89' lang='lat' dir='ltr'><strong>ostentet</strong></span> <span class='ocrx_word' id='word_1_230' title='bbox 2410 872 2480 916; x_wconf 86' lang='lat' dir='ltr'><strong>ex</strong></span> <span class='ocrx_word' id='word_1_231' title='bbox 2506 853 2679 912; x_wconf 89' lang='lat' dir='ltr'><strong>oculis</strong></span> <span class='ocrx_word' id='word_1_232' title='bbox 2695 851 2978 906; x_wconf 88' lang='lat' dir='ltr'><strong>visionem.</strong></span> <span class='ocrx_word' id='word_1_233' title='bbox 3008 845 3162 900; x_wconf 83' lang='lat' dir='ltr'><strong>Facit</strong></span> <span class='ocrx_word' id='word_1_234' title='bbox 3187 856 3354 913; x_wconf 83' lang='lat' dir='ltr'><strong>aquas</strong></span> <span class='ocrx_word' id='word_1_235' title='bbox 3373 854 3443 895; x_wconf 87' lang='lat' dir='ltr'><strong>ex</strong></span> <span class='ocrx_word' id='word_1_236' title='bbox 3471 838 3584 892; x_wconf 90' lang='lat' dir='ltr'><strong>imo</strong></span> <span class='ocrx_word' id='word_1_237' title='bbox 3611 851 3742 890; x_wconf 85' lang='lat' dir='ltr'><strong>sur-</strong></span> 
     </span>
    </p>
   </div>
   <div class='ocr_carea' id='block_1_40' title="bbox 2153 930 3738 1022">
    <p class='ocr_par' dir='ltr' id='par_1_40' title="bbox 2153 930 3738 1022">
     <span class='ocr_line' id='line_1_40' title="bbox 2153 930 3738 1022; baseline -0.019 -15"><span class='ocrx_word' id='word_1_238' title='bbox 2153 959 2360 1022; x_wconf 83' lang='lat' dir='ltr'><strong>gentes,</strong></span> <span class='ocrx_word' id='word_1_239' title='bbox 2379 944 2682 1018; x_wconf 77' lang='lat' dir='ltr'><strong>prtecipites</strong></span> <span class='ocrx_word' id='word_1_240' title='bbox 2707 939 2925 1005; x_wconf 88' lang='lat' dir='ltr'><strong>cadere,</strong></span> <span class='ocrx_word' id='word_1_241' title='bbox 2941 938 3120 1008; x_wconf 85' lang='lat' dir='ltr'><strong>ignem</strong></span> <span class='ocrx_word' id='word_1_242' title='bbox 3150 930 3479 1004; x_wconf 88' lang='lat' dir='ltr'><strong>ponderibus</strong></span> <span class='ocrx_word' id='word_1_243' title='bbox 3492 940 3738 989; x_wconf 87' lang='lat' dir='ltr'><strong>currere,</strong></span> 
     </span>
    </p>
   </div>
   <div class='ocr_carea' id='block_1_41' title="bbox 2155 1013 3740 1109">
    <p class='ocr_par' dir='ltr' id='par_1_41' title="bbox 2155 1013 3740 1109">
     <span class='ocr_line' id='line_1_41' title="bbox 2155 1013 3740 1109; baseline -0.018 -13"><span class='ocrx_word' id='word_1_244' title='bbox 2155 1013 2356 1109; x_wconf 71' lang='lat' dir='ltr'><strong>organa</strong></span> <span class='ocrx_word' id='word_1_245' title='bbox 2381 1013 2657 1093; x_wconf 75' lang='lat' dir='ltr'><strong>extraneis</strong></span> <span class='ocrx_word' id='word_1_246' title='bbox 2683 1031 2906 1089; x_wconf 89' lang='lat' dir='ltr'><strong>vocibus</strong></span> <span class='ocrx_word' id='word_1_247' title='bbox 2926 1030 3198 1090; x_wconf 88' lang='lat' dir='ltr'><strong>insonare,</strong></span> <span class='ocrx_word' id='word_1_248' title='bbox 3229 1031 3286 1078; x_wconf 92' lang='lat' dir='ltr'><strong>et</strong></span> <span class='ocrx_word' id='word_1_249' title='bbox 3310 1017 3610 1092; x_wconf 88' lang='lat' dir='ltr'><strong>peregrinis</strong></span> <span class='ocrx_word' id='word_1_250' title='bbox 3639 1013 3740 1068; x_wconf 83' lang='lat' dir='ltr'><strong>lla—</strong></span> 
     </span>
    </p>
   </div>
   <div class='ocr_carea' id='block_1_42' title="bbox 2155 1110 3743 1192">
    <p class='ocr_par' dir='ltr' id='par_1_42' title="bbox 2155 1110 3743 1192">
     <span class='ocr_line' id='line_1_42' title="bbox 2155 1110 3743 1192; baseline -0.02 -5"><span class='ocrx_word' id='word_1_251' title='bbox 2155 1131 2297 1186; x_wconf 89' lang='lat' dir='ltr'><strong>tihus</strong></span> <span class='ocrx_word' id='word_1_252' title='bbox 2319 1127 2558 1184; x_wconf 89' lang='lat' dir='ltr'><strong>calamos</strong></span> <span class='ocrx_word' id='word_1_253' title='bbox 2577 1121 2832 1192; x_wconf 90' lang='lat' dir='ltr'><strong>complet,</strong></span> <span class='ocrx_word' id='word_1_254' title='bbox 2845 1125 2905 1174; x_wconf 91' lang='lat' dir='ltr'><strong>ut</strong></span> <span class='ocrx_word' id='word_1_255' title='bbox 2924 1117 3126 1173; x_wconf 84' lang='lat' dir='ltr'><strong>musica</strong></span> <span class='ocrx_word' id='word_1_256' title='bbox 3145 1112 3271 1187; x_wconf 82' lang='lat' dir='ltr'><strong>[ed.,</strong></span> <span class='ocrx_word' id='word_1_257' title='bbox 3296 1110 3534 1180; x_wconf 74' lang='lat' dir='ltr'><strong>iniuncta</strong></span> <span class='ocrx_word' id='word_1_258' title='bbox 3551 1123 3568 1172; x_wconf 89' lang='lat'><strong>;</strong></span> <span class='ocrx_word' id='word_1_259' title='bbox 3586 1120 3743 1171; x_wconf 53' lang='lat' dir='ltr'><strong>mea,</strong></span> 
     </span>
    </p>
   </div>
   <div class='ocr_carea' id='block_1_43' title="bbox 2155 1196 3745 1288">
    <p class='ocr_par' dir='ltr' id='par_1_43' title="bbox 2155 1196 3745 1288">
     <span class='ocr_line' id='line_1_43' title="bbox 2155 1196 3745 1288; baseline -0.017 -12"><span class='ocrx_word' id='word_1_260' title='bbox 2155 1215 2383 1288; x_wconf 82' lang='lat' dir='ltr'><strong>minuta]</strong></span> <span class='ocrx_word' id='word_1_261' title='bbox 2405 1216 2612 1288; x_wconf 90' lang='lat' dir='ltr'><strong>possint</strong></span> <span class='ocrx_word' id='word_1_262' title='bbox 2649 1221 2767 1267; x_wconf 89' lang='lat' dir='ltr'><strong>arte</strong></span> <span class='ocrx_word' id='word_1_263' title='bbox 2793 1218 3032 1266; x_wconf 90' lang='lat' dir='ltr'><strong>cantare.</strong></span> <span class='ocrx_word' id='word_1_264' title='bbox 3065 1205 3320 1260; x_wconf 82' lang='lat' dir='ltr'><strong>Videmus</strong></span> <span class='ocrx_word' id='word_1_265' title='bbox 3345 1217 3444 1272; x_wconf 87' lang='lat' dir='ltr'><strong>per</strong></span> <span class='ocrx_word' id='word_1_266' title='bbox 3471 1214 3594 1254; x_wconf 90' lang='lat' dir='ltr'><strong>eam</strong></span> <span class='ocrx_word' id='word_1_267' title='bbox 3641 1196 3745 1250; x_wconf 85' lang='lat' dir='ltr'><strong>de—</strong></span> 
     </span>
    </p>
   </div>
   <div class='ocr_carea' id='block_1_44' title="bbox 2157 1285 3746 1384">
    <p class='ocr_par' dir='ltr' id='par_1_44' title="bbox 2157 1285 3746 1384">
     <span class='ocr_line' id='line_1_44' title="bbox 2157 1285 3746 1384; baseline -0.017 -20"><span class='ocrx_word' id='word_1_268' title='bbox 2157 1285 2432 1366; x_wconf 79' lang='lat' dir='ltr'><strong>fensiones</strong></span> <span class='ocrx_word' id='word_1_269' title='bbox 2455 1306 2566 1384; x_wconf 79' lang='lat' dir='ltr'><strong>jam</strong></span> <span class='ocrx_word' id='word_1_270' title='bbox 2605 1301 2906 1357; x_wconf 89' lang='lat' dir='ltr'><strong>nutantium</strong></span> <span class='ocrx_word' id='word_1_271' title='bbox 2935 1297 3214 1353; x_wconf 89' lang='lat' dir='ltr'><strong>civitatum</strong></span> <span class='ocrx_word' id='word_1_272' title='bbox 3239 1293 3418 1348; x_wconf 88' lang='lat' dir='ltr'><strong>subito</strong></span> <span class='ocrx_word' id='word_1_273' title='bbox 3448 1289 3541 1343; x_wconf 89' lang='lat' dir='ltr'><strong>tali</strong></span> <span class='ocrx_word' id='word_1_274' title='bbox 3575 1285 3746 1339; x_wconf 86' lang='lat' dir='ltr'><strong>firmi-</strong></span> 
     </span>
    </p>
   </div>
   <div class='ocr_carea' id='block_1_45' title="bbox 2159 1380 3745 1467">
    <p class='ocr_par' dir='ltr' id='par_1_45' title="bbox 2159 1380 3745 1467">
     <span class='ocr_line' id='line_1_45' title="bbox 2159 1380 3745 1467; baseline -0.019 -9"><span class='ocrx_word' id='word_1_275' title='bbox 2159 1411 2269 1457; x_wconf 90' lang='lat' dir='ltr'><strong>tate</strong></span> <span class='ocrx_word' id='word_1_276' title='bbox 2297 1380 2640 1467; x_wconf 78' lang='lat' dir='ltr'><strong>consurgere,</strong></span> <span class='ocrx_word' id='word_1_277' title='bbox 2675 1402 2735 1449; x_wconf 91' lang='lat' dir='ltr'><strong>ut</strong></span> <span class='ocrx_word' id='word_1_278' title='bbox 2753 1391 3310 1446; x_wconf 86' lang='lat' dir='ltr'><strong>machinamentorum</strong></span> <span class='ocrx_word' id='word_1_279' title='bbox 3340 1380 3556 1445; x_wconf 67' lang='lat' dir='ltr'><strong>auxiliis</strong></span> <span class='ocrx_word' id='word_1_280' title='bbox 3576 1391 3745 1446; x_wconf 88' lang='lat' dir='ltr'><strong>supe-</strong></span> 
     </span>
    </p>
   </div>
   <div class='ocr_carea' id='block_1_46' title="bbox 2158 1461 3749 1554">
    <p class='ocr_par' dir='ltr' id='par_1_46' title="bbox 2158 1461 3749 1554">
     <span class='ocr_line' id='line_1_46' title="bbox 2158 1461 3749 1554; baseline -0.019 -5"><span class='ocrx_word' id='word_1_281' title='bbox 2158 1493 2272 1550; x_wconf 90' lang='lat' dir='ltr'><strong>rior</strong></span> <span class='ocrx_word' id='word_1_282' title='bbox 2308 1461 2578 1553; x_wconf 76' lang='lat' dir='ltr'><strong>reddatur,</strong></span> <span class='ocrx_word' id='word_1_283' title='bbox 2608 1485 2700 1554; x_wconf 92' lang='lat' dir='ltr'><strong>qui</strong></span> <span class='ocrx_word' id='word_1_284' title='bbox 2745 1483 3062 1552; x_wconf 85' lang='lat' dir='ltr'><strong>desperatus</strong></span> <span class='ocrx_word' id='word_1_285' title='bbox 3109 1477 3231 1550; x_wconf 69' lang='grc' dir='ltr'><strong>[τηε.</strong></span> <span class='ocrx_word' id='word_1_286' title='bbox 3279 1472 3370 1536; x_wconf 72' lang='grc' dir='ltr'><strong>Β..</strong></span> <span class='ocrx_word' id='word_1_287' title='bbox 3418 1461 3749 1538; x_wconf 84' lang='lat' dir='ltr'><strong>desperatis]</strong></span> 
     </span>
    </p>
   </div>
   <div class='ocr_carea' id='block_1_47' title="bbox 2159 1558 3748 1640">
    <p class='ocr_par' dir='ltr' id='par_1_47' title="bbox 2159 1558 3748 1640">
     <span class='ocr_line' id='line_1_47' title="bbox 2159 1558 3748 1640; baseline -0.019 0"><span class='ocrx_word' id='word_1_288' title='bbox 2159 1585 2364 1640; x_wconf 76' lang='lat' dir='ltr'><strong>viribus</strong></span> <span class='ocrx_word' id='word_1_289' title='bbox 2411 1579 2698 1636; x_wconf 88' lang='lat' dir='ltr'><strong>invenitur.</strong></span> <span class='ocrx_word' id='word_1_290' title='bbox 2730 1574 3007 1628; x_wconf 76' lang='lat' dir='ltr'><strong>Madentes</strong></span> <span class='ocrx_word' id='word_1_291' title='bbox 3033 1567 3246 1624; x_wconf 64' lang='lat' dir='ltr'><strong>fabrica</strong></span> <span class='ocrx_word' id='word_1_292' title='bbox 3273 1565 3328 1620; x_wconf 89' lang='lat' dir='ltr'><strong>in</strong></span> <span class='ocrx_word' id='word_1_293' title='bbox 3355 1576 3496 1632; x_wconf 85' lang='lat' dir='ltr'><strong>aqua</strong></span> <span class='ocrx_word' id='word_1_294' title='bbox 3535 1558 3748 1614; x_wconf 85' lang='lat' dir='ltr'><strong>marina</strong></span> 
     </span>
    </p>
   </div>
   <div class='ocr_carea' id='block_1_48' title="bbox 2160 1649 3750 1738">
    <p class='ocr_par' dir='ltr' id='par_1_48' title="bbox 2160 1649 3750 1738">
     <span class='ocr_line' id='line_1_48' title="bbox 2160 1649 3750 1738; baseline -0.021 -6"><span class='ocrx_word' id='word_1_295' title='bbox 2160 1679 2461 1738; x_wconf 86' lang='lat' dir='ltr'><strong>siccantur;</strong></span> <span class='ocrx_word' id='word_1_296' title='bbox 2493 1670 2625 1726; x_wconf 90' lang='lat' dir='ltr'><strong>dura</strong></span> <span class='ocrx_word' id='word_1_297' title='bbox 2655 1681 2779 1722; x_wconf 89' lang='lat' dir='ltr'><strong>cum</strong></span> <span class='ocrx_word' id='word_1_298' title='bbox 2811 1663 3028 1728; x_wconf 80' lang='lat' dir='ltr'><strong>fuerint,</strong></span> <span class='ocrx_word' id='word_1_299' title='bbox 3079 1655 3358 1729; x_wconf 89' lang='lat' dir='ltr'><strong>ingeniosa</strong></span> <span class='ocrx_word' id='word_1_300' title='bbox 3386 1649 3750 1721; x_wconf 77' lang='lat' dir='ltr'><strong>diSpositione</strong></span> 
     </span>
    </p>
   </div>
   <div class='ocr_carea' id='block_1_49' title="bbox 2091 1747 3751 1838">
    <p class='ocr_par' dir='ltr' id='par_1_49' title="bbox 2091 1747 3751 1838">
     <span class='ocr_line' id='line_1_49' title="bbox 2091 1747 3751 1838; baseline -0.02 -13"><span class='ocrx_word' id='word_1_301' title='bbox 2091 1777 2136 1838; x_wconf 84' lang='grc' dir='ltr'><strong>Β</strong></span> <span class='ocrx_word' id='word_1_302' title='bbox 2164 1769 2466 1824; x_wconf 84' lang='lat' dir='ltr'><strong>solvuntur.</strong></span> <span class='ocrx_word' id='word_1_303' title='bbox 2507 1759 2722 1816; x_wconf 82' lang='lat' dir='ltr'><strong>Metalla</strong></span> <span class='ocrx_word' id='word_1_304' title='bbox 2768 1757 3028 1824; x_wconf 88' lang='lat' dir='ltr'><strong>mugiunt,</strong></span> <span class='ocrx_word' id='word_1_305' title='bbox 3051 1749 3326 1807; x_wconf 78' lang='lat' dir='ltr'><strong>Diomedis</strong></span> <span class='ocrx_word' id='word_1_306' title='bbox 3363 1747 3418 1800; x_wconf 92' lang='lat' dir='ltr'><strong>in</strong></span> <span class='ocrx_word' id='word_1_307' title='bbox 3450 1759 3560 1799; x_wconf 75' lang='lat' dir='ltr'><strong>mre</strong></span> <span class='ocrx_word' id='word_1_308' title='bbox 3585 1755 3751 1810; x_wconf 88' lang='lat' dir='ltr'><strong>grues</strong></span> 
     </span>
    </p>
   </div>
   <div class='ocr_carea' id='block_1_50' title="bbox 2163 1831 3749 1919">
    <p class='ocr_par' dir='ltr' id='par_1_50' title="bbox 2163 1831 3749 1919">
     <span class='ocr_line' id='line_1_50' title="bbox 2163 1831 3749 1919; baseline -0.021 -2"><span class='ocrx_word' id='word_1_309' title='bbox 2163 1860 2468 1919; x_wconf 89' lang='lat' dir='ltr'><strong>buccinant,</strong></span> <span class='ocrx_word' id='word_1_310' title='bbox 2500 1868 2682 1910; x_wconf 79' lang='lat' dir='ltr'><strong>amens</strong></span> <span class='ocrx_word' id='word_1_311' title='bbox 2707 1851 2895 1919; x_wconf 90' lang='lat' dir='ltr'><strong>anguis</strong></span> <span class='ocrx_word' id='word_1_312' title='bbox 2917 1845 3170 1909; x_wconf 87' lang='lat' dir='ltr'><strong>insibilat,</strong></span> <span class='ocrx_word' id='word_1_313' title='bbox 3201 1855 3329 1896; x_wconf 89' lang='lat' dir='ltr'><strong>aves</strong></span> <span class='ocrx_word' id='word_1_314' title='bbox 3353 1836 3624 1893; x_wconf 75' lang='lat' dir='ltr'><strong>simulata:</strong></span> <span class='ocrx_word' id='word_1_315' title='bbox 3653 1831 3749 1884; x_wconf 86' lang='lat' dir='ltr'><strong>fri-</strong></span> 
     </span>
    </p>
   </div>
   <div class='ocr_carea' id='block_1_51' title="bbox 2165 1925 3750 2016">
    <p class='ocr_par' dir='ltr' id='par_1_51' title="bbox 2165 1925 3750 2016">
     <span class='ocr_line' id='line_1_51' title="bbox 2165 1925 3750 2016; baseline -0.021 -8"><span class='ocrx_word' id='word_1_316' title='bbox 2165 1952 2360 2008; x_wconf 89' lang='lat' dir='ltr'><strong>tiniunt</strong></span> <span class='ocrx_word' id='word_1_317' title='bbox 2393 1954 2447 2016; x_wconf 79' lang='lat'><strong>°;</strong></span> <span class='ocrx_word' id='word_1_318' title='bbox 2477 1955 2534 2002; x_wconf 91' lang='lat' dir='ltr'><strong>et</strong></span> <span class='ocrx_word' id='word_1_319' title='bbox 2555 1958 2674 2014; x_wconf 76' lang='lat' dir='ltr'><strong>qua:</strong></span> <span class='ocrx_word' id='word_1_320' title='bbox 2717 1940 2991 2013; x_wconf 89' lang='lat' dir='ltr'><strong>propriam</strong></span> <span class='ocrx_word' id='word_1_321' title='bbox 3011 1949 3203 1992; x_wconf 86' lang='lat' dir='ltr'><strong>vocem</strong></span> <span class='ocrx_word' id='word_1_322' title='bbox 3231 1930 3483 1986; x_wconf 90' lang='lat' dir='ltr'><strong>nesciunt</strong></span> <span class='ocrx_word' id='word_1_323' title='bbox 3521 1925 3750 1984; x_wconf 87' lang='lat' dir='ltr'><strong>habere,</strong></span> 
     </span>
    </p>
   </div>
   <div class='ocr_carea' id='block_1_52' title="bbox 2164 2013 3754 2108">
    <p class='ocr_par' dir='ltr' id='par_1_52' title="bbox 2164 2013 3754 2108">
     <span class='ocr_line' id='line_1_52' title="bbox 2164 2013 3754 2108; baseline -0.021 -10"><span class='ocrx_word' id='word_1_324' title='bbox 2164 2013 2500 2098; x_wconf 78' lang='lat' dir='ltr'><strong>dulcedinem</strong></span> <span class='ocrx_word' id='word_1_325' title='bbox 2521 2013 2652 2108; x_wconf 60' lang='grc' dir='ltr'><strong>[ἀξίη</strong></span> <span class='ocrx_word' id='word_1_326' title='bbox 2677 2033 2746 2088; x_wconf 90' lang='lat' dir='ltr'><strong>ab</strong></span> <span class='ocrx_word' id='word_1_327' title='bbox 2765 2046 2876 2087; x_wconf 75' lang='lat' dir='ltr'><strong>aere</strong></span> <span class='ocrx_word' id='word_1_328' title='bbox 2895 2021 3260 2094; x_wconf 90' lang='lat' dir='ltr'><strong>dulcedinem]</strong></span> <span class='ocrx_word' id='word_1_329' title='bbox 3275 2019 3575 2092; x_wconf 87' lang='lat' dir='ltr'><strong>probantur</strong></span> <span class='ocrx_word' id='word_1_330' title='bbox 3597 2013 3754 2069; x_wconf 83' lang='lat' dir='ltr'><strong>emit—</strong></span> 
     </span>
    </p>
   </div>
   <div class='ocr_carea' id='block_1_53' title="bbox 2165 2105 3754 2190">
    <p class='ocr_par' dir='ltr' id='par_1_53' title="bbox 2165 2105 3754 2190">
     <span class='ocr_line' id='line_1_53' title="bbox 2165 2105 3754 2190; baseline -0.021 0"><span class='ocrx_word' id='word_1_331' title='bbox 2165 2144 2279 2190; x_wconf 89' lang='lat' dir='ltr'><strong>tere</strong></span> <span class='ocrx_word' id='word_1_332' title='bbox 2307 2105 2606 2188; x_wconf 58' lang='lat' dir='ltr'><strong>cantilena).</strong></span> <span class='ocrx_word' id='word_1_333' title='bbox 2639 2125 2812 2180; x_wconf 87' lang='lat' dir='ltr'><strong>Parva</strong></span> <span class='ocrx_word' id='word_1_334' title='bbox 2839 2122 2908 2177; x_wconf 91' lang='lat' dir='ltr'><strong>de</strong></span> <span class='ocrx_word' id='word_1_335' title='bbox 2947 2119 3036 2175; x_wconf 88' lang='lat' dir='ltr'><strong>illa</strong></span> <span class='ocrx_word' id='word_1_336' title='bbox 3086 2115 3389 2176; x_wconf 82' lang='lat' dir='ltr'><strong>referimus,</strong></span> <span class='ocrx_word' id='word_1_337' title='bbox 3421 2109 3510 2164; x_wconf 90' lang='lat' dir='ltr'><strong>cui</strong></span> <span class='ocrx_word' id='word_1_338' title='bbox 3549 2105 3754 2166; x_wconf 75' lang='lat' dir='ltr'><strong>coelum</strong></span> 
     </span>
    </p>
   </div>
   <div class='ocr_carea' id='block_1_54' title="bbox 2164 2197 3754 2284">
    <p class='ocr_par' dir='ltr' id='par_1_54' title="bbox 2164 2197 3754 2284">
     <span class='ocr_line' id='line_1_54' title="bbox 2164 2197 3754 2284; baseline -0.023 0"><span class='ocrx_word' id='word_1_339' title='bbox 2164 2225 2363 2284; x_wconf 89' lang='lat' dir='ltr'><strong>imitari</strong></span> <span class='ocrx_word' id='word_1_340' title='bbox 2389 2222 2470 2278; x_wconf 88' lang='lat' dir='ltr'><strong>fas</strong></span> <span class='ocrx_word' id='word_1_341' title='bbox 2516 2228 2619 2278; x_wconf 88' lang='lat' dir='ltr'><strong>est.</strong></span> <span class='ocrx_word' id='word_1_342' title='bbox 2657 2217 2786 2274; x_wconf 69' lang='lat' dir='ltr'><strong>Haac</strong></span> <span class='ocrx_word' id='word_1_343' title='bbox 2811 2213 2956 2271; x_wconf 88' lang='lat' dir='ltr'><strong>enim</strong></span> <span class='ocrx_word' id='word_1_344' title='bbox 2992 2208 3123 2266; x_wconf 88' lang='lat' dir='ltr'><strong>fecit</strong></span> <span class='ocrx_word' id='word_1_345' title='bbox 3149 2203 3444 2262; x_wconf 86' lang='lat' dir='ltr'><strong>secundum</strong></span> <span class='ocrx_word' id='word_1_346' title='bbox 3489 2197 3666 2254; x_wconf 88' lang='lat' dir='ltr'><strong>solem</strong></span> <span class='ocrx_word' id='word_1_347' title='bbox 3700 2197 3754 2249; x_wconf 89' lang='lat' dir='ltr'><strong>in</strong></span> 
     </span>
    </p>
   </div>
   <div class='ocr_carea' id='block_1_55' title="bbox 2165 2289 3753 2384">
    <p class='ocr_par' dir='ltr' id='par_1_55' title="bbox 2165 2289 3753 2384">
     <span class='ocr_line' id='line_1_55' title="bbox 2165 2289 3753 2384; baseline -0.023 -8"><span class='ocrx_word' id='word_1_348' title='bbox 2165 2315 2502 2375; x_wconf 84' lang='lat' dir='ltr'><strong>Archimedis</strong></span> <span class='ocrx_word' id='word_1_349' title='bbox 2545 2312 2754 2384; x_wconf 83' lang='lat' dir='ltr'><strong>sphaera</strong></span> <span class='ocrx_word' id='word_1_350' title='bbox 2781 2309 3100 2370; x_wconf 86' lang='lat' dir='ltr'><strong>decurrere;</strong></span> <span class='ocrx_word' id='word_1_351' title='bbox 3125 2301 3243 2357; x_wconf 81' lang='lat' dir='ltr'><strong>haec</strong></span> <span class='ocrx_word' id='word_1_352' title='bbox 3289 2297 3522 2352; x_wconf 88' lang='lat' dir='ltr'><strong>alterum</strong></span> <span class='ocrx_word' id='word_1_353' title='bbox 3560 2289 3753 2384; x_wconf 71' lang='lat' dir='ltr'><strong>andia-</strong></span> 
     </span>
    </p>
   </div>
   <div class='ocr_carea' id='block_1_56' title="bbox 2164 2383 3756 2468">
    <p class='ocr_par' dir='ltr' id='par_1_56' title="bbox 2164 2383 3756 2468">
     <span class='ocr_line' id='line_1_56' title="bbox 2164 2383 3756 2468; baseline -0.023 0"><span class='ocrx_word' id='word_1_354' title='bbox 2164 2425 2286 2468; x_wconf 90' lang='lat' dir='ltr'><strong>cum</strong></span> <span class='ocrx_word' id='word_1_355' title='bbox 2315 2383 2830 2465; x_wconf 86' lang='lat' dir='ltr'><strong>circulumhumano</strong></span> <span class='ocrx_word' id='word_1_356' title='bbox 2848 2395 3072 2454; x_wconf 89' lang='lat' dir='ltr'><strong>consilio</strong></span> <span class='ocrx_word' id='word_1_357' title='bbox 3096 2389 3396 2448; x_wconf 85' lang='lat' dir='ltr'><strong>fabricavit.</strong></span> <span class='ocrx_word' id='word_1_358' title='bbox 3412 2385 3539 2440; x_wconf 82' lang='lat' dir='ltr'><strong>Haec</strong></span> <span class='ocrx_word' id='word_1_359' title='bbox 3569 2383 3756 2436; x_wconf 85' lang='lat' dir='ltr'><strong>lunam</strong></span> 
     </span>
    </p>
   </div>
   <div class='ocr_carea' id='block_1_57' title="bbox 2165 2479 3757 2566">
    <p class='ocr_par' dir='ltr' id='par_1_57' title="bbox 2165 2479 3757 2566">
     <span class='ocr_line' id='line_1_57' title="bbox 2165 2479 3757 2566; baseline -0.023 -6"><span class='ocrx_word' id='word_1_360' title='bbox 2165 2502 2378 2560; x_wconf 89' lang='lat' dir='ltr'><strong>defectu</strong></span> <span class='ocrx_word' id='word_1_361' title='bbox 2407 2513 2507 2556; x_wconf 89' lang='lat' dir='ltr'><strong>suo</strong></span> <span class='ocrx_word' id='word_1_362' title='bbox 2534 2480 2887 2566; x_wconf 89' lang='lat' dir='ltr'><strong>reparabilem</strong></span> <span class='ocrx_word' id='word_1_363' title='bbox 2909 2488 3040 2544; x_wconf 88' lang='lat' dir='ltr'><strong>artis</strong></span> <span class='ocrx_word' id='word_1_364' title='bbox 3060 2479 3452 2540; x_wconf 89' lang='lat' dir='ltr'><strong>illuminatione</strong></span> <span class='ocrx_word' id='word_1_365' title='bbox 3479 2482 3757 2529; x_wconf 84' lang='lat' dir='ltr'><strong>monstra-</strong></span> 
     </span>
    </p>
   </div>
   <div class='ocr_carea' id='block_1_58' title="bbox 2167 2565 3758 2665">
    <p class='ocr_par' dir='ltr' id='par_1_58' title="bbox 2167 2565 3758 2665">
     <span class='ocr_line' id='line_1_58' title="bbox 2167 2565 3758 2665; baseline -0.025 -12"><span class='ocrx_word' id='word_1_366' title='bbox 2167 2597 2274 2662; x_wconf 89' lang='lat' dir='ltr'><strong>vit;</strong></span> <span class='ocrx_word' id='word_1_367' title='bbox 2296 2603 2622 2665; x_wconf 78' lang='lat' dir='ltr'><strong>parvamque</strong></span> <span class='ocrx_word' id='word_1_368' title='bbox 2646 2585 2950 2641; x_wconf 86' lang='lat' dir='ltr'><strong>machinam</strong></span> <span class='ocrx_word' id='word_1_369' title='bbox 2979 2574 3254 2648; x_wconf 90' lang='lat' dir='ltr'><strong>gravidam</strong></span> <span class='ocrx_word' id='word_1_370' title='bbox 3283 2568 3485 2626; x_wconf 91' lang='lat' dir='ltr'><strong>mundo</strong></span> <span class='ocrx_word' id='word_1_371' title='bbox 3506 2608 3522 2633; x_wconf 93' lang='lat'><strong>,</strong></span> <span class='ocrx_word' id='word_1_372' title='bbox 3551 2565 3758 2620; x_wconf 73' lang='lat' dir='ltr'><strong>cmlum</strong></span> 
     </span>
    </p>
   </div>
   <div class='ocr_carea' id='block_1_59' title="bbox 2169 2653 3760 2759">
    <p class='ocr_par' dir='ltr' id='par_1_59' title="bbox 2169 2653 3760 2759">
     <span class='ocr_line' id='line_1_59' title="bbox 2169 2653 3760 2759; baseline -0.025 -15"><span class='ocrx_word' id='word_1_373' title='bbox 2169 2685 2452 2759; x_wconf 90' lang='lat' dir='ltr'><strong>gestabile,</strong></span> <span class='ocrx_word' id='word_1_374' title='bbox 2480 2676 2856 2749; x_wconf 88' lang='lat' dir='ltr'><strong>compendium</strong></span> <span class='ocrx_word' id='word_1_375' title='bbox 2901 2683 3102 2732; x_wconf 86' lang='lat' dir='ltr'><strong>rerum,</strong></span> <span class='ocrx_word' id='word_1_376' title='bbox 3133 2661 3411 2736; x_wconf 88' lang='lat' dir='ltr'><strong>speculum</strong></span> <span class='ocrx_word' id='word_1_377' title='bbox 3443 2667 3651 2713; x_wconf 78' lang='lat' dir='ltr'><strong>natura:</strong></span> <span class='ocrx_word' id='word_1_378' title='bbox 3689 2653 3760 2705; x_wconf 87' lang='lat' dir='ltr'><strong>ad</strong></span> 
     </span>
    </p>
   </div>
   <div class='ocr_carea' id='block_1_60' title="bbox 2169 2743 3763 2848">
    <p class='ocr_par' dir='ltr' id='par_1_60' title="bbox 2169 2743 3763 2848">
     <span class='ocr_line' id='line_1_60' title="bbox 2169 2743 3763 2848; baseline -0.024 -15"><span class='ocrx_word' id='word_1_379' title='bbox 2169 2743 2402 2848; x_wconf 60' lang='lat' dir='ltr'><strong>speciem</strong></span> <span class='ocrx_word' id='word_1_380' title='bbox 2431 2743 2651 2827; x_wconf 70' lang='lat' dir='ltr'><strong>aetheris</strong></span> <span class='ocrx_word' id='word_1_381' title='bbox 2693 2749 3222 2832; x_wconf 77' lang='lat' dir='ltr'><strong>incomprehensibili</strong></span> <span class='ocrx_word' id='word_1_382' title='bbox 3263 2749 3571 2806; x_wconf 70' lang='lat' dir='ltr'><strong>mobilitate</strong></span> <span class='ocrx_word' id='word_1_383' title='bbox 3605 2743 3763 2798; x_wconf 80' lang='lat' dir='ltr'><strong>volu-</strong></span> 
     </span>
    </p>
   </div>
   <div class='ocr_carea' id='block_1_61' title="bbox 2173 2835 3763 2928">
    <p class='ocr_par' dir='ltr' id='par_1_61' title="bbox 2173 2835 3763 2928">
     <span class='ocr_line' id='line_1_61' title="bbox 2173 2835 3763 2928; baseline -0.025 -3"><span class='ocrx_word' id='word_1_384' title='bbox 2173 2835 2324 2925; x_wconf 66' lang='lat' dir='ltr'><strong>tavit.</strong></span> <span class='ocrx_word' id='word_1_385' title='bbox 2356 2865 2450 2921; x_wconf 87' lang='lat' dir='ltr'><strong>Sic</strong></span> <span class='ocrx_word' id='word_1_386' title='bbox 2495 2869 2663 2924; x_wconf 89' lang='lat' dir='ltr'><strong>astra,</strong></span> <span class='ocrx_word' id='word_1_387' title='bbox 2693 2869 2925 2928; x_wconf 88' lang='lat' dir='ltr'><strong>quorum</strong></span> <span class='ocrx_word' id='word_1_388' title='bbox 2952 2852 3079 2906; x_wconf 89' lang='lat' dir='ltr'><strong>licet</strong></span> <span class='ocrx_word' id='word_1_389' title='bbox 3119 2858 3338 2904; x_wconf 82' lang='lat' dir='ltr'><strong>cursum</strong></span> <span class='ocrx_word' id='word_1_390' title='bbox 3365 2855 3628 2902; x_wconf 81' lang='lat' dir='ltr'><strong>sciamus,</strong></span> <span class='ocrx_word' id='word_1_391' title='bbox 3658 2835 3763 2887; x_wconf 81' lang='lat' dir='ltr'><strong>ra!-</strong></span> 
     </span>
    </p>
   </div>
   <div class='ocr_carea' id='block_1_62' title="bbox 2173 2927 3764 3014">
    <p class='ocr_par' dir='ltr' id='par_1_62' title="bbox 2173 2927 3764 3014">
     <span class='ocr_line' id='line_1_62' title="bbox 2173 2927 3764 3014; baseline -0.023 0"><span class='ocrx_word' id='word_1_392' title='bbox 2173 2955 2406 3014; x_wconf 89' lang='lat' dir='ltr'><strong>lentibus</strong></span> <span class='ocrx_word' id='word_1_393' title='bbox 2436 2961 2613 3008; x_wconf 89' lang='lat' dir='ltr'><strong>tamen</strong></span> <span class='ocrx_word' id='word_1_394' title='bbox 2635 2927 2821 3013; x_wconf 90' lang='lat' dir='ltr'><strong>oculis,</strong></span> <span class='ocrx_word' id='word_1_395' title='bbox 2859 2941 3074 3014; x_wconf 90' lang='lat' dir='ltr'><strong>prodire</strong></span> <span class='ocrx_word' id='word_1_396' title='bbox 3119 2951 3229 2993; x_wconf 86' lang='lat' dir='ltr'><strong>non</strong></span> <span class='ocrx_word' id='word_1_397' title='bbox 3271 2939 3562 2990; x_wconf 89' lang='lat' dir='ltr'><strong>cernimus.</strong></span> <span class='ocrx_word' id='word_1_398' title='bbox 3593 2927 3764 2982; x_wconf 86' lang='lat' dir='ltr'><strong>Stans</strong></span> 
     </span>
    </p>
   </div>
   <div class='ocr_carea' id='block_1_63' title="bbox 2174 3023 3764 3120">
    <p class='ocr_par' dir='ltr' id='par_1_63' title="bbox 2174 3023 3764 3120">
     <span class='ocr_line' id='line_1_63' title="bbox 2174 3023 3764 3120; baseline -0.023 -15"><span class='ocrx_word' id='word_1_399' title='bbox 2174 3047 2389 3120; x_wconf 88' lang='lat' dir='ltr'><strong>quidam</strong></span> <span class='ocrx_word' id='word_1_400' title='bbox 2417 3046 2470 3100; x_wconf 89' lang='lat' dir='ltr'><strong>in</strong></span> <span class='ocrx_word' id='word_1_401' title='bbox 2497 3043 2599 3098; x_wconf 90' lang='lat' dir='ltr'><strong>illis</strong></span> <span class='ocrx_word' id='word_1_402' title='bbox 2623 3039 2876 3096; x_wconf 90' lang='lat' dir='ltr'><strong>transitus</strong></span> <span class='ocrx_word' id='word_1_403' title='bbox 2897 3043 2980 3091; x_wconf 90' lang='lat' dir='ltr'><strong>est</strong></span> <span class='ocrx_word' id='word_1_404' title='bbox 2997 3051 3012 3099; x_wconf 91' lang='lat'><strong>;</strong></span> <span class='ocrx_word' id='word_1_405' title='bbox 3036 3039 3091 3089; x_wconf 88' lang='lat' dir='ltr'><strong>et</strong></span> <span class='ocrx_word' id='word_1_406' title='bbox 3117 3043 3238 3100; x_wconf 86' lang='lat' dir='ltr'><strong>quae</strong></span> <span class='ocrx_word' id='word_1_407' title='bbox 3255 3023 3518 3081; x_wconf 86' lang='lat' dir='ltr'><strong>velociter</strong></span> <span class='ocrx_word' id='word_1_408' title='bbox 3537 3033 3764 3076; x_wconf 73' lang='lat' dir='ltr'><strong>currere</strong></span> 
     </span>
    </p>
   </div>
   <div class='ocr_carea' id='block_1_64' title="bbox 493 3109 2065 3232">
    <p class='ocr_par' dir='ltr' id='par_1_64' title="bbox 493 3109 2065 3232">
     <span class='ocr_line' id='line_1_64' title="bbox 494 3109 2065 3144; baseline -0.006 -14"><span class='ocrx_word' id='word_1_409' title='bbox 494 3109 509 3130; x_wconf 86' lang='lat'><strong>.</strong></span> <span class='ocrx_word' id='word_1_410' title='bbox 525 3109 599 3130; x_wconf 81' lang='grc' dir='ltr'><strong>..υ</strong></span> <span class='ocrx_word' id='word_1_411' title='bbox 627 3109 890 3144; x_wconf 57' lang='lat' dir='ltr'><strong>mquam...</strong></span> <span class='ocrx_word' id='word_1_412' title='bbox 913 3109 1179 3142; x_wconf 64' lang='grc' dir='ltr'><strong>,υογιιωυ</strong></span> <span class='ocrx_word' id='word_1_413' title='bbox 1199 3109 1436 3140; x_wconf 46' lang='lat' dir='ltr'><strong>cura...“</strong></span> <span class='ocrx_word' id='word_1_414' title='bbox 1459 3109 1602 3139; x_wconf 52' lang='grc' dir='ltr'>μυ..</span> <span class='ocrx_word' id='word_1_415' title='bbox 1626 3109 1823 3137; x_wconf 57' lang='grc' dir='ltr'><strong>ωορκ.</strong></span> <span class='ocrx_word' id='word_1_416' title='bbox 1839 3109 1924 3123; x_wconf 72' lang='grc' dir='ltr'><strong>υ...</strong></span> <span class='ocrx_word' id='word_1_417' title='bbox 1945 3109 2065 3125; x_wconf 16' lang='grc' dir='ltr'><strong>συν*</strong></span> 
     </span>
     <span class='ocr_line' id='line_1_65' title="bbox 493 3160 2065 3232; baseline -0.003 -13"><span class='ocrx_word' id='word_1_418' title='bbox 493 3179 613 3220; x_wconf 92' lang='lat' dir='ltr'><strong>rum</strong></span> <span class='ocrx_word' id='word_1_419' title='bbox 634 3163 980 3220; x_wconf 89' lang='lat' dir='ltr'><strong>relationibus</strong></span> <span class='ocrx_word' id='word_1_420' title='bbox 1019 3163 1420 3232; x_wconf 87' lang='lat' dir='ltr'><strong>obstupescunt.</strong></span> <span class='ocrx_word' id='word_1_421' title='bbox 1456 3161 1573 3216; x_wconf 82' lang='lat' dir='ltr'><strong>lloc</strong></span> <span class='ocrx_word' id='word_1_422' title='bbox 1601 3168 1672 3226; x_wconf 87' lang='lat' dir='ltr'><strong>te,</strong></span> <span class='ocrx_word' id='word_1_423' title='bbox 1698 3161 1862 3215; x_wconf 86' lang='lat' dir='ltr'><strong>multa</strong></span> <span class='ocrx_word' id='word_1_424' title='bbox 1893 3160 2065 3215; x_wconf 89' lang='lat' dir='ltr'><strong>erudi-</strong></span> 
     </span>
    </p>
   </div>
   <div class='ocr_carea' id='block_1_65' title="bbox 2169 3109 3765 3232">
    <p class='ocr_par' dir='ltr' id='par_1_65' title="bbox 2174 3109 3765 3232">
     <span class='ocr_line' id='line_1_66' title="bbox 2174 3109 3765 3201; baseline -0.021 -5"><span class='ocrx_word' id='word_1_425' title='bbox 2174 3153 2303 3196; x_wconf 86' lang='lat' dir='ltr'><strong>vera</strong></span> <span class='ocrx_word' id='word_1_426' title='bbox 2323 3137 2534 3193; x_wconf 85' lang='lat' dir='ltr'><strong>ratione</strong></span> <span class='ocrx_word' id='word_1_427' title='bbox 2555 3130 2854 3201; x_wconf 83' lang='lat' dir='ltr'><strong>cognoscis,</strong></span> <span class='ocrx_word' id='word_1_428' title='bbox 2873 3140 2932 3182; x_wconf 86' lang='lat' dir='ltr'><strong>se</strong></span> <span class='ocrx_word' id='word_1_429' title='bbox 2947 3135 3164 3180; x_wconf 86' lang='lat' dir='ltr'><strong>movere</strong></span> <span class='ocrx_word' id='word_1_430' title='bbox 3188 3133 3296 3174; x_wconf 91' lang='lat' dir='ltr'><strong>non</strong></span> <span class='ocrx_word' id='word_1_431' title='bbox 3326 3113 3572 3184; x_wconf 85' lang='lat' dir='ltr'><strong>respicis.</strong></span> <span class='ocrx_word' id='word_1_432' title='bbox 3590 3109 3765 3177; x_wconf 83' lang='lat' dir='ltr'><strong>Quale</strong></span> 
     </span>
     <span class='ocr_line' id='line_1_67' title="bbox 2285 3200 3765 3232; baseline -0.014 21"><span class='ocrx_word' id='word_1_433' title='bbox 2285 3229 2297 3232; x_wconf 76' lang='lat'><em>‘</em></span> <span class='ocrx_word' id='word_1_434' title='bbox 2439 3226 2452 3232; x_wconf 82' lang='grc'><strong>-</strong></span> <span class='ocrx_word' id='word_1_435' title='bbox 2572 3223 2584 3232; x_wconf 88' lang='grc'>·</span> <span class='ocrx_word' id='word_1_436' title='bbox 2629 3223 2641 3232; x_wconf 93' lang='grc'><strong>·</strong></span> <span class='ocrx_word' id='word_1_437' title='bbox 2719 3221 2750 3232; x_wconf 74' lang='grc' dir='ltr'><strong>-ο</strong></span> <span class='ocrx_word' id='word_1_438' title='bbox 2892 3214 2918 3232; x_wconf 77' lang='grc' dir='ltr'><strong>ι·</strong></span> <span class='ocrx_word' id='word_1_439' title='bbox 2958 3229 3064 3232; x_wconf 29' lang='grc' dir='ltr'><strong>αῖ-</strong></span> <span class='ocrx_word' id='word_1_440' title='bbox 3139 3209 3275 3232; x_wconf 62' lang='grc' dir='ltr'><strong>---ιηι</strong></span> <span class='ocrx_word' id='word_1_441' title='bbox 3306 3206 3388 3232; x_wconf 63' lang='grc' dir='ltr'><strong>..ΑΙ</strong></span> <span class='ocrx_word' id='word_1_442' title='bbox 3421 3200 3765 3232; x_wconf 63' lang='grc' dir='ltr'><strong>ἓηοηιιο-ιῖρεο</strong></span> 
     </span>
    </p>
   </div>
   <div class='ocr_carea' id='block_1_66' title="bbox 497 3252 2073 3323">
    <p class='ocr_par' dir='ltr' id='par_1_66' title="bbox 497 3252 2073 3323">
     <span class='ocr_line' id='line_1_68' title="bbox 497 3252 2073 3323; baseline -0.003 -14"><span class='ocrx_word' id='word_1_443' title='bbox 497 3256 645 3310; x_wconf 86' lang='lat' dir='ltr'><strong>tione</strong></span> <span class='ocrx_word' id='word_1_444' title='bbox 671 3255 990 3323; x_wconf 86' lang='lat' dir='ltr'><strong>saginatum,</strong></span> <span class='ocrx_word' id='word_1_445' title='bbox 1023 3253 1098 3308; x_wconf 92' lang='lat' dir='ltr'><strong>ita</strong></span> <span class='ocrx_word' id='word_1_446' title='bbox 1144 3268 1304 3307; x_wconf 88' lang='lat' dir='ltr'><strong>nosse</strong></span> <span class='ocrx_word' id='word_1_447' title='bbox 1332 3252 1632 3323; x_wconf 82' lang='lat' dir='ltr'><strong>didicimus,</strong></span> <span class='ocrx_word' id='word_1_448' title='bbox 1663 3258 1723 3306; x_wconf 85' lang='lat' dir='ltr'><strong>ut</strong></span> <span class='ocrx_word' id='word_1_449' title='bbox 1757 3258 1900 3306; x_wconf 87' lang='lat' dir='ltr'><strong>artes</strong></span> <span class='ocrx_word' id='word_1_450' title='bbox 1936 3265 2073 3320; x_wconf 87' lang='lat' dir='ltr'><strong>quas</strong></span> 
     </span>
    </p>
   </div>
   <div class='ocr_carea' id='block_1_67' title="bbox 491 3340 2071 3414">
    <p class='ocr_par' dir='ltr' id='par_1_67' title="bbox 491 3340 2071 3414">
     <span class='ocr_line' id='line_1_69' title="bbox 491 3340 2071 3414; baseline -0.003 -13"><span class='ocrx_word' id='word_1_451' title='bbox 491 3353 752 3401; x_wconf 87' lang='lat' dir='ltr'><strong>exercent</strong></span> <span class='ocrx_word' id='word_1_452' title='bbox 777 3343 1066 3414; x_wconf 86' lang='lat' dir='ltr'><strong>vulgariter</strong></span> <span class='ocrx_word' id='word_1_453' title='bbox 1086 3343 1412 3409; x_wconf 59' lang='lat' dir='ltr'><strong>nescientes,</strong></span> <span class='ocrx_word' id='word_1_454' title='bbox 1449 3342 1506 3396; x_wconf 91' lang='lat' dir='ltr'><strong>in</strong></span> <span class='ocrx_word' id='word_1_455' title='bbox 1534 3341 1651 3411; x_wconf 92' lang='lat' dir='ltr'><strong>ipso</strong></span> <span class='ocrx_word' id='word_1_456' title='bbox 1671 3340 2071 3410; x_wconf 88' lang='lat' dir='ltr'><strong>disciplinarum</strong></span> 
     </span>
    </p>
   </div>
   <div class='ocr_carea' id='block_1_68' title="bbox 491 3431 2074 3506">
    <p class='ocr_par' dir='ltr' id='par_1_68' title="bbox 491 3431 2074 3506">
     <span class='ocr_line' id='line_1_70' title="bbox 491 3431 2074 3506; baseline -0.005 -14"><span class='ocrx_word' id='word_1_457' title='bbox 491 3437 642 3492; x_wconf 84' lang='lat' dir='ltr'><strong>fonte</strong></span> <span class='ocrx_word' id='word_1_458' title='bbox 669 3437 963 3506; x_wconf 79' lang='lat' dir='ltr'><strong>potaveris.</strong></span> <span class='ocrx_word' id='word_1_459' title='bbox 995 3433 1087 3489; x_wconf 88' lang='lat' dir='ltr'><strong>Sic</strong></span> <span class='ocrx_word' id='word_1_460' title='bbox 1112 3434 1254 3488; x_wconf 90' lang='lat' dir='ltr'><strong>enim</strong></span> <span class='ocrx_word' id='word_1_461' title='bbox 1284 3432 1692 3488; x_wconf 88' lang='lat' dir='ltr'><strong>Atheniensium</strong></span> <span class='ocrx_word' id='word_1_462' title='bbox 1717 3431 1930 3486; x_wconf 89' lang='lat' dir='ltr'><strong>scholas</strong></span> <span class='ocrx_word' id='word_1_463' title='bbox 1955 3431 2074 3486; x_wconf 85' lang='lat' dir='ltr'><strong>lou-</strong></span> 
     </span>
    </p>
   </div>
   <div class='ocr_carea' id='block_1_69' title="bbox 490 3521 2072 3597">
    <p class='ocr_par' dir='ltr' id='par_1_69' title="bbox 490 3521 2072 3597">
     <span class='ocr_line' id='line_1_71' title="bbox 490 3521 2072 3597; baseline -0.004 -15"><span class='ocrx_word' id='word_1_464' title='bbox 490 3541 558 3597; x_wconf 87' lang='lat' dir='ltr'><strong>ge</strong></span> <span class='ocrx_word' id='word_1_465' title='bbox 579 3527 788 3596; x_wconf 90' lang='lat' dir='ltr'><strong>positus</strong></span> <span class='ocrx_word' id='word_1_466' title='bbox 815 3523 1048 3580; x_wconf 88' lang='lat' dir='ltr'><strong>introisti</strong></span> <span class='ocrx_word' id='word_1_467' title='bbox 1072 3541 1088 3591; x_wconf 89' lang='lat'><strong>;</strong></span> <span class='ocrx_word' id='word_1_468' title='bbox 1115 3525 1196 3579; x_wconf 87' lang='lat' dir='ltr'><strong>sic</strong></span> <span class='ocrx_word' id='word_1_469' title='bbox 1237 3523 1580 3592; x_wconf 85' lang='lat' dir='ltr'><strong>palliatorum</strong></span> <span class='ocrx_word' id='word_1_470' title='bbox 1611 3521 1792 3576; x_wconf 88' lang='lat' dir='ltr'><strong>choris</strong></span> <span class='ocrx_word' id='word_1_471' title='bbox 1813 3521 2072 3576; x_wconf 90' lang='lat' dir='ltr'><strong>miscuisti</strong></span> 
     </span>
    </p>
   </div>
   <div class='ocr_carea' id='block_1_70' title="bbox 492 3609 2075 3684">
    <p class='ocr_par' dir='ltr' id='par_1_70' title="bbox 492 3609 2075 3684">
     <span class='ocr_line' id='line_1_72' title="bbox 492 3609 2075 3684; baseline -0.003 -16"><span class='ocrx_word' id='word_1_472' title='bbox 492 3624 698 3684; x_wconf 86' lang='lat' dir='ltr'><strong>togam,</strong></span> <span class='ocrx_word' id='word_1_473' title='bbox 726 3622 785 3668; x_wconf 85' lang='lat' dir='ltr'><strong>ut</strong></span> <span class='ocrx_word' id='word_1_474' title='bbox 803 3612 1110 3669; x_wconf 65' lang='lat' dir='ltr'><strong>Graacorum</strong></span> <span class='ocrx_word' id='word_1_475' title='bbox 1138 3611 1390 3680; x_wconf 88' lang='lat' dir='ltr'><strong>dogmata</strong></span> <span class='ocrx_word' id='word_1_476' title='bbox 1417 3609 1714 3666; x_wconf 84' lang='lat' dir='ltr'><strong>doctrinam</strong></span> <span class='ocrx_word' id='word_1_477' title='bbox 1742 3609 1936 3664; x_wconf 81' lang='lat' dir='ltr'><strong>feceris</strong></span> <span class='ocrx_word' id='word_1_478' title='bbox 1957 3623 2075 3664; x_wconf 91' lang='lat' dir='ltr'><strong>esse</strong></span> 
     </span>
    </p>
   </div>
   <div class='ocr_carea' id='block_1_71' title="bbox 392 3699 2072 3779">
    <p class='ocr_par' dir='ltr' id='par_1_71' title="bbox 392 3699 2072 3779">
     <span class='ocr_line' id='line_1_73' title="bbox 392 3699 2072 3779; baseline -0.002 -20"><span class='ocrx_word' id='word_1_479' title='bbox 392 3768 402 3779; x_wconf 38' lang='lat'>.</span> <span class='ocrx_word' id='word_1_480' title='bbox 494 3704 816 3759; x_wconf 76' lang='lat' dir='ltr'><strong>Romanam.</strong></span> <span class='ocrx_word' id='word_1_481' title='bbox 847 3702 1089 3757; x_wconf 88' lang='lat' dir='ltr'><strong>Didicisti</strong></span> <span class='ocrx_word' id='word_1_482' title='bbox 1111 3701 1252 3757; x_wconf 89' lang='lat' dir='ltr'><strong>enim</strong></span> <span class='ocrx_word' id='word_1_483' title='bbox 1283 3717 1387 3770; x_wconf 90' lang='lat' dir='ltr'><strong>qua</strong></span> <span class='ocrx_word' id='word_1_484' title='bbox 1417 3699 1782 3771; x_wconf 83' lang='lat' dir='ltr'><strong>profunditate</strong></span> <span class='ocrx_word' id='word_1_485' title='bbox 1809 3715 1930 3754; x_wconf 90' lang='lat' dir='ltr'><strong>cum</strong></span> <span class='ocrx_word' id='word_1_486' title='bbox 1960 3699 2072 3756; x_wconf 89' lang='lat' dir='ltr'><strong>suis</strong></span> 
     </span>
    </p>
   </div>
   <div class='ocr_carea' id='block_1_72' title="bbox 491 3787 2072 3864">
    <p class='ocr_par' dir='ltr' id='par_1_72' title="bbox 491 3787 2072 3864">
     <span class='ocr_line' id='line_1_74' title="bbox 491 3787 2072 3864; baseline -0.005 -16"><span class='ocrx_word' id='word_1_487' title='bbox 491 3793 735 3864; x_wconf 88' lang='lat' dir='ltr'><strong>partibus</strong></span> <span class='ocrx_word' id='word_1_488' title='bbox 783 3789 1440 3862; x_wconf 85' lang='lat' dir='ltr'><strong>speculativa&#39;cogitetur;</strong></span> <span class='ocrx_word' id='word_1_489' title='bbox 1473 3804 1578 3859; x_wconf 88' lang='lat' dir='ltr'><strong>qua</strong></span> <span class='ocrx_word' id='word_1_490' title='bbox 1633 3789 1843 3844; x_wconf 86' lang='lat' dir='ltr'><strong>ratione</strong></span> <span class='ocrx_word' id='word_1_491' title='bbox 1897 3787 2072 3843; x_wconf 87' lang='lat' dir='ltr'><strong>activa</strong></span> 
     </span>
    </p>
   </div>
   <div class='ocr_carea' id='block_1_73' title="bbox 495 3879 2076 3939">
    <p class='ocr_par' dir='ltr' id='par_1_73' title="bbox 495 3879 2076 3939">
     <span class='ocr_line' id='line_1_75' title="bbox 495 3879 2076 3939; baseline -0.003 0"><span class='ocrx_word' id='word_1_492' title='bbox 495 3897 622 3939; x_wconf 89' lang='lat' dir='ltr'><strong>cum</strong></span> <span class='ocrx_word' id='word_1_493' title='bbox 667 3897 764 3939; x_wconf 90' lang='lat' dir='ltr'><strong>sua</strong></span> <span class='ocrx_word' id='word_1_494' title='bbox 793 3881 1057 3938; x_wconf 86' lang='lat' dir='ltr'><strong>divisione</strong></span> <span class='ocrx_word' id='word_1_495' title='bbox 1099 3881 1336 3938; x_wconf 86' lang='lat' dir='ltr'><strong>discatur</strong></span> <span class='ocrx_word' id='word_1_496' title='bbox 1361 3897 1378 3936; x_wconf 88' lang='lat'><strong>:</strong></span> <span class='ocrx_word' id='word_1_497' title='bbox 1402 3879 1669 3936; x_wconf 89' lang='lat' dir='ltr'><strong>deducens</strong></span> <span class='ocrx_word' id='word_1_498' title='bbox 1693 3879 1760 3934; x_wconf 91' lang='lat' dir='ltr'><strong>ad</strong></span> <span class='ocrx_word' id='word_1_499' title='bbox 1783 3879 2076 3935; x_wconf 83' lang='lat' dir='ltr'><strong>Romuleos</strong></span> 
     </span>
    </p>
   </div>
   <div class='ocr_carea' id='block_1_74' title="bbox 490 3969 2071 4042">
    <p class='ocr_par' dir='ltr' id='par_1_74' title="bbox 490 3969 2071 4042">
     <span class='ocr_line' id='line_1_76' title="bbox 490 3969 2071 4042; baseline -0.004 -13"><span class='ocrx_word' id='word_1_500' title='bbox 490 3981 766 4029; x_wconf 84' lang='lat' dir='ltr'><strong>senatores</strong></span> <span class='ocrx_word' id='word_1_501' title='bbox 789 3971 1046 4042; x_wconf 86' lang='lat' dir='ltr'><strong>quidquid</strong></span> <span class='ocrx_word' id='word_1_502' title='bbox 1067 3969 1380 4042; x_wconf 70' lang='lat' dir='ltr'><strong>CecrOpidm</strong></span> <span class='ocrx_word' id='word_1_503' title='bbox 1405 3970 1604 4026; x_wconf 90' lang='lat' dir='ltr'><strong>mundo</strong></span> <span class='ocrx_word' id='word_1_504' title='bbox 1624 3969 1863 4026; x_wconf 80' lang='lat' dir='ltr'><strong>fecerant</strong></span> <span class='ocrx_word' id='word_1_505' title='bbox 1884 3969 2071 4038; x_wconf 85' lang='lat' dir='ltr'><strong>singu-</strong></span> 
     </span>
    </p>
   </div>
   <div class='ocr_carea' id='block_1_75' title="bbox 490 4059 2068 4132">
    <p class='ocr_par' dir='ltr' id='par_1_75' title="bbox 490 4059 2068 4132">
     <span class='ocr_line' id='line_1_77' title="bbox 490 4059 2068 4132; baseline -0.002 -14"><span class='ocrx_word' id='word_1_506' title='bbox 490 4063 621 4119; x_wconf 89' lang='lat' dir='ltr'><strong>lare.</strong></span> <span class='ocrx_word' id='word_1_507' title='bbox 647 4062 1107 4118; x_wconf 88' lang='lat' dir='ltr'><strong>Translationibus</strong></span> <span class='ocrx_word' id='word_1_508' title='bbox 1134 4063 1276 4116; x_wconf 90' lang='lat' dir='ltr'><strong>enim</strong></span> <span class='ocrx_word' id='word_1_509' title='bbox 1312 4061 1415 4118; x_wconf 91' lang='lat' dir='ltr'><strong>tuis</strong></span> <span class='ocrx_word' id='word_1_510' title='bbox 1456 4059 1788 4132; x_wconf 80' lang='lat' dir='ltr'><strong>Pythagoras</strong></span> <span class='ocrx_word' id='word_1_511' title='bbox 1814 4059 2068 4126; x_wconf 86' lang='lat' dir='ltr'><strong>musicus,</strong></span> 
     </span>
    </p>
   </div>
   <div class='ocr_carea' id='block_1_76' title="bbox 492 4151 2070 4220">
    <p class='ocr_par' dir='ltr' id='par_1_76' title="bbox 492 4151 2070 4220">
     <span class='ocr_line' id='line_1_78' title="bbox 492 4151 2070 4220; baseline 0 -12"><span class='ocrx_word' id='word_1_512' title='bbox 492 4151 815 4209; x_wconf 66' lang='lat' dir='ltr'><strong>Ptolematus</strong></span> <span class='ocrx_word' id='word_1_513' title='bbox 859 4162 1204 4208; x_wconf 88' lang='lat' dir='ltr'><strong>astronomns</strong></span> <span class='ocrx_word' id='word_1_514' title='bbox 1243 4153 1494 4220; x_wconf 91' lang='lat' dir='ltr'><strong>leguntur</strong></span> <span class='ocrx_word' id='word_1_515' title='bbox 1536 4151 1676 4206; x_wconf 81' lang='lat' dir='ltr'><strong>Itali.</strong></span> <span class='ocrx_word' id='word_1_516' title='bbox 1715 4152 2070 4208; x_wconf 82' lang='lat' dir='ltr'><strong>Nicomachus</strong></span> 
     </span>
    </p>
   </div>
   <div class='ocr_carea' id='block_1_77' title="bbox 491 4240 2074 4312">
    <p class='ocr_par' dir='ltr' id='par_1_77' title="bbox 491 4240 2074 4312">
     <span class='ocr_line' id='line_1_79' title="bbox 491 4240 2074 4312; baseline 0 -15"><span class='ocrx_word' id='word_1_517' title='bbox 491 4243 880 4310; x_wconf 79' lang='lat' dir='ltr'><strong>arithmeticos,</strong></span> <span class='ocrx_word' id='word_1_518' title='bbox 910 4241 1273 4312; x_wconf 84' lang='lat' dir='ltr'><strong>geometricus</strong></span> <span class='ocrx_word' id='word_1_519' title='bbox 1301 4240 1548 4296; x_wconf 82' lang='lat' dir='ltr'><strong>Euclides</strong></span> <span class='ocrx_word' id='word_1_520' title='bbox 1587 4241 1875 4296; x_wconf 89' lang='lat' dir='ltr'><strong>audiuntur</strong></span> <span class='ocrx_word' id='word_1_521' title='bbox 1901 4241 2074 4297; x_wconf 88' lang='lat' dir='ltr'><strong>Auso-</strong></span> 
     </span>
    </p>
   </div>
   <div class='ocr_carea' id='block_1_78' title="bbox 494 4328 2072 4400">
    <p class='ocr_par' dir='ltr' id='par_1_78' title="bbox 494 4328 2072 4400">
     <span class='ocr_line' id='line_1_80' title="bbox 494 4328 2072 4400; baseline 0.001 -16"><span class='ocrx_word' id='word_1_522' title='bbox 494 4331 618 4385; x_wconf 81' lang='lat' dir='ltr'><strong>niis.</strong></span> <span class='ocrx_word' id='word_1_523' title='bbox 649 4329 804 4386; x_wconf 85' lang='lat' dir='ltr'><strong>Plato</strong></span> <span class='ocrx_word' id='word_1_524' title='bbox 858 4330 1173 4398; x_wconf 88' lang='lat' dir='ltr'><strong>theologus,</strong></span> <span class='ocrx_word' id='word_1_525' title='bbox 1205 4328 1524 4385; x_wconf 84' lang='lat' dir='ltr'><strong>Aristoteles</strong></span> <span class='ocrx_word' id='word_1_526' title='bbox 1569 4330 1770 4400; x_wconf 89' lang='lat' dir='ltr'><strong>logicus</strong></span> <span class='ocrx_word' id='word_1_527' title='bbox 1813 4330 2072 4398; x_wconf 84' lang='lat' dir='ltr'><strong>Quirinali</strong></span> 
     </span>
    </p>
   </div>
   <div class='ocr_carea' id='block_1_79' title="bbox 495 4418 2070 4490">
    <p class='ocr_par' dir='ltr' id='par_1_79' title="bbox 495 4418 2070 4490">
     <span class='ocr_line' id='line_1_81' title="bbox 495 4418 2070 4490; baseline 0.001 -16"><span class='ocrx_word' id='word_1_528' title='bbox 495 4434 632 4476; x_wconf 87' lang='lat' dir='ltr'><strong>voce</strong></span> <span class='ocrx_word' id='word_1_529' title='bbox 659 4418 981 4490; x_wconf 87' lang='lat' dir='ltr'><strong>disceptant.</strong></span> <span class='ocrx_word' id='word_1_530' title='bbox 1032 4419 1399 4475; x_wconf 87' lang='lat' dir='ltr'><strong>Mechanicnm</strong></span> <span class='ocrx_word' id='word_1_531' title='bbox 1428 4421 1589 4476; x_wconf 89' lang='lat' dir='ltr'><strong>etiam</strong></span> <span class='ocrx_word' id='word_1_532' title='bbox 1637 4421 2012 4477; x_wconf 87' lang='lat' dir='ltr'><strong>Archimedem</strong></span> <span class='ocrx_word' id='word_1_533' title='bbox 2045 4431 2070 4460; x_wconf 69' lang='grc' dir='ltr'><strong><em>ι</em></strong></span> 
     </span>
    </p>
   </div>
   <div class='ocr_carea' id='block_1_80' title="bbox 495 4497 2148 4604">
    <p class='ocr_par' dir='ltr' id='par_1_80' title="bbox 495 4497 2148 4604">
     <span class='ocr_line' id='line_1_82' title="bbox 495 4497 2148 4604; baseline 0 -41"><span class='ocrx_word' id='word_1_534' title='bbox 495 4497 980 4604; x_wconf 65' lang='lat' dir='ltr'><strong>LatialembSiculis</strong></span> <span class='ocrx_word' id='word_1_535' title='bbox 1005 4508 1300 4604; x_wconf 80' lang='lat' dir='ltr'><strong>reddidisti.</strong></span> <span class='ocrx_word' id='word_1_536' title='bbox 1329 4508 1414 4604; x_wconf 64' lang='grc' dir='ltr'><strong>ΔΕι</strong></span> <span class='ocrx_word' id='word_1_537' title='bbox 1439 4525 1788 4581; x_wconf 89' lang='lat' dir='ltr'><strong>quascunque</strong></span> <span class='ocrx_word' id='word_1_538' title='bbox 1828 4511 2068 4581; x_wconf 87' lang='lat' dir='ltr'><strong>discipli-</strong></span> <span class='ocrx_word' id='word_1_539' title='bbox 2099 4545 2148 4604; x_wconf 68' lang='grc' dir='ltr'><strong>υ</strong></span> 
     </span>
    </p>
   </div>
   <div class='ocr_carea' id='block_1_81' title="bbox 494 4597 2072 4672">
    <p class='ocr_par' dir='ltr' id='par_1_81' title="bbox 494 4597 2072 4672">
     <span class='ocr_line' id='line_1_83' title="bbox 494 4597 2072 4672; baseline 0.001 -18"><span class='ocrx_word' id='word_1_540' title='bbox 494 4613 591 4654; x_wconf 90' lang='lat' dir='ltr'><strong>nas</strong></span> <span class='ocrx_word' id='word_1_541' title='bbox 612 4597 697 4653; x_wconf 92' lang='lat' dir='ltr'><strong>vel</strong></span> <span class='ocrx_word' id='word_1_542' title='bbox 727 4607 871 4653; x_wconf 88' lang='lat' dir='ltr'><strong>artes</strong></span> <span class='ocrx_word' id='word_1_543' title='bbox 908 4597 1132 4652; x_wconf 87' lang='lat' dir='ltr'><strong>facunda</strong></span> <span class='ocrx_word' id='word_1_544' title='bbox 1163 4598 1293 4672; x_wconf 78' lang='lat' dir='ltr'><strong>[ed.,</strong></span> <span class='ocrx_word' id='word_1_545' title='bbox 1322 4597 1568 4671; x_wconf 89' lang='lat' dir='ltr'><strong>fecunda]</strong></span> <span class='ocrx_word' id='word_1_546' title='bbox 1609 4599 1814 4656; x_wconf 73' lang='lat' dir='ltr'><strong>Grmcia</strong></span> <span class='ocrx_word' id='word_1_547' title='bbox 1841 4616 1940 4671; x_wconf 90' lang='lat' dir='ltr'><strong>per</strong></span> <span class='ocrx_word' id='word_1_548' title='bbox 1957 4601 2072 4656; x_wconf 90' lang='lat' dir='ltr'><strong>sin-</strong></span> 
     </span>
    </p>
   </div>
   <div class='ocr_carea' id='block_1_82' title="bbox 493 4687 2070 4760">
    <p class='ocr_par' dir='ltr' id='par_1_82' title="bbox 493 4687 2070 4760">
     <span class='ocr_line' id='line_1_84' title="bbox 493 4687 2070 4760; baseline 0.003 -19"><span class='ocrx_word' id='word_1_549' title='bbox 493 4687 646 4754; x_wconf 89' lang='lat' dir='ltr'><strong>gulos</strong></span> <span class='ocrx_word' id='word_1_550' title='bbox 672 4687 819 4744; x_wconf 88' lang='lat' dir='ltr'><strong>viros</strong></span> <span class='ocrx_word' id='word_1_551' title='bbox 864 4687 1054 4756; x_wconf 90' lang='lat' dir='ltr'><strong>edidit,</strong></span> <span class='ocrx_word' id='word_1_552' title='bbox 1096 4695 1149 4743; x_wconf 85' lang='lat' dir='ltr'><strong>te</strong></span> <span class='ocrx_word' id='word_1_553' title='bbox 1189 4704 1297 4744; x_wconf 93' lang='lat' dir='ltr'><strong>uno</strong></span> <span class='ocrx_word' id='word_1_554' title='bbox 1340 4697 1583 4756; x_wconf 85' lang='lat' dir='ltr'><strong>auctore,</strong></span> <span class='ocrx_word' id='word_1_555' title='bbox 1613 4690 1790 4760; x_wconf 88' lang='lat' dir='ltr'><strong>patrio</strong></span> <span class='ocrx_word' id='word_1_556' title='bbox 1818 4705 2070 4746; x_wconf 87' lang='lat' dir='ltr'><strong>sermone</strong></span> 
     </span>
    </p>
   </div>
   <div class='ocr_carea' id='block_1_83' title="bbox 494 4779 2070 4851">
    <p class='ocr_par' dir='ltr' id='par_1_83' title="bbox 494 4779 2070 4851">
     <span class='ocr_line' id='line_1_85' title="bbox 494 4779 2070 4851; baseline 0.005 -19"><span class='ocrx_word' id='word_1_557' title='bbox 494 4779 667 4833; x_wconf 80' lang='lat' dir='ltr'><strong>Roma</strong></span> <span class='ocrx_word' id='word_1_558' title='bbox 695 4781 945 4851; x_wconf 85' lang='lat' dir='ltr'><strong>suscepit.</strong></span> <span class='ocrx_word' id='word_1_559' title='bbox 979 4781 1124 4847; x_wconf 89' lang='lat' dir='ltr'><strong>Quos</strong></span> <span class='ocrx_word' id='word_1_560' title='bbox 1153 4789 1298 4836; x_wconf 88' lang='lat' dir='ltr'><strong>tanta</strong></span> <span class='ocrx_word' id='word_1_561' title='bbox 1319 4783 1604 4838; x_wconf 85' lang='lat' dir='ltr'><strong>verborum</strong></span> <span class='ocrx_word' id='word_1_562' title='bbox 1635 4783 1925 4840; x_wconf 88' lang='lat' dir='ltr'><strong>luculentia</strong></span> <span class='ocrx_word' id='word_1_563' title='bbox 1945 4785 2070 4840; x_wconf 91' lang='lat' dir='ltr'><strong>red-</strong></span> 
     </span>
    </p>
   </div>
   <div class='ocr_carea' id='block_1_84' title="bbox 493 4868 2068 4944">
    <p class='ocr_par' dir='ltr' id='par_1_84' title="bbox 493 4868 2068 4944">
     <span class='ocr_line' id='line_1_86' title="bbox 493 4868 2068 4944; baseline 0.004 -20"><span class='ocrx_word' id='word_1_564' title='bbox 493 4868 675 4925; x_wconf 85' lang='lat' dir='ltr'><strong>didisti</strong></span> <span class='ocrx_word' id='word_1_565' title='bbox 710 4869 908 4940; x_wconf 87' lang='lat' dir='ltr'><strong>claros,</strong></span> <span class='ocrx_word' id='word_1_566' title='bbox 945 4879 1092 4934; x_wconf 81' lang='lat' dir='ltr'><strong>tanta</strong></span> <span class='ocrx_word' id='word_1_567' title='bbox 1135 4872 1328 4942; x_wconf 74' lang='lat' dir='ltr'><strong>littgum</strong></span> <span class='ocrx_word' id='word_1_568' title='bbox 1355 4874 1684 4944; x_wconf 87' lang='lat' dir='ltr'><strong>proprietate</strong></span> <span class='ocrx_word' id='word_1_569' title='bbox 1725 4875 2068 4944; x_wconf 89' lang='lat' dir='ltr'><strong>conspicuos,</strong></span> 
     </span>
    </p>
   </div>
   <div class='ocr_carea' id='block_1_85' title="bbox 494 4961 2070 5034">
    <p class='ocr_par' dir='ltr' id='par_1_85' title="bbox 494 4961 2070 5034">
     <span class='ocr_line' id='line_1_87' title="bbox 494 4961 2070 5034; baseline 0.003 -19"><span class='ocrx_word' id='word_1_570' title='bbox 494 4967 554 5016; x_wconf 88' lang='lat' dir='ltr'><strong>ut</strong></span> <span class='ocrx_word' id='word_1_571' title='bbox 575 4961 874 5031; x_wconf 89' lang='lat' dir='ltr'><strong>potuissent</strong></span> <span class='ocrx_word' id='word_1_572' title='bbox 892 4970 948 5016; x_wconf 90' lang='lat' dir='ltr'><strong>et</strong></span> <span class='ocrx_word' id='word_1_573' title='bbox 976 4963 1054 5016; x_wconf 89' lang='lat' dir='ltr'><strong>illi</strong></span> <span class='ocrx_word' id='word_1_574' title='bbox 1079 4979 1214 5034; x_wconf 89' lang='lat' dir='ltr'><strong>opus</strong></span> <span class='ocrx_word' id='word_1_575' title='bbox 1237 4971 1386 5018; x_wconf 88' lang='lat' dir='ltr'><strong>tuunt</strong></span> <span class='ocrx_word' id='word_1_576' title='bbox 1416 4963 1687 5034; x_wconf 63' lang='lat' dir='ltr'><strong>praeferre,</strong></span> <span class='ocrx_word' id='word_1_577' title='bbox 1715 4965 1758 5019; x_wconf 92' lang='lat' dir='ltr'><strong>si</strong></span> <span class='ocrx_word' id='word_1_578' title='bbox 1784 4973 2070 5032; x_wconf 89' lang='lat' dir='ltr'><strong>utrumque</strong></span> 
     </span>
    </p>
   </div>
   <div class='ocr_carea' id='block_1_86' title="bbox 497 5050 2066 5124">
    <p class='ocr_par' dir='ltr' id='par_1_86' title="bbox 497 5050 2066 5124">
     <span class='ocr_line' id='line_1_88' title="bbox 497 5050 2066 5124; baseline 0.001 -18"><span class='ocrx_word' id='word_1_579' title='bbox 497 5050 818 5106; x_wconf 84' lang='lat' dir='ltr'><strong>didicissent.</strong></span> <span class='ocrx_word' id='word_1_580' title='bbox 851 5051 932 5106; x_wconf 88' lang='lat' dir='ltr'><strong>Tu</strong></span> <span class='ocrx_word' id='word_1_581' title='bbox 955 5060 1124 5107; x_wconf 86' lang='lat' dir='ltr'><strong>artem</strong></span> <span class='ocrx_word' id='word_1_582' title='bbox 1151 5053 1483 5123; x_wconf 66' lang='lat' dir='ltr'><strong>prtedictam,</strong></span> <span class='ocrx_word' id='word_1_583' title='bbox 1511 5071 1579 5110; x_wconf 88' lang='lat' dir='ltr'><strong>ex</strong></span> <span class='ocrx_word' id='word_1_584' title='bbox 1601 5054 1896 5124; x_wconf 87' lang='lat' dir='ltr'><strong>disciplinis</strong></span> <span class='ocrx_word' id='word_1_585' title='bbox 1916 5053 2066 5108; x_wconf 87' lang='lat' dir='ltr'><strong>nobi-</strong></span> 
     </span>
    </p>
   </div>
   <div class='ocr_carea' id='block_1_87' title="bbox 495 5139 2072 5213">
    <p class='ocr_par' dir='ltr' id='par_1_87' title="bbox 495 5139 2072 5213">
     <span class='ocr_line' id='line_1_89' title="bbox 495 5139 2072 5213; baseline 0 -17"><span class='ocrx_word' id='word_1_586' title='bbox 495 5139 635 5196; x_wconf 86' lang='lat' dir='ltr'><strong>libus</strong></span> <span class='ocrx_word' id='word_1_587' title='bbox 663 5149 864 5209; x_wconf 88' lang='lat' dir='ltr'><strong>natam,</strong></span> <span class='ocrx_word' id='word_1_588' title='bbox 889 5156 987 5212; x_wconf 88' lang='lat' dir='ltr'><strong>per</strong></span> <span class='ocrx_word' id='word_1_589' title='bbox 1013 5141 1366 5213; x_wconf 87' lang='lat' dir='ltr'><strong>quadrifarias</strong></span> <span class='ocrx_word' id='word_1_590' title='bbox 1391 5144 1648 5200; x_wconf 89' lang='lat' dir='ltr'><strong>mathesis</strong></span> <span class='ocrx_word' id='word_1_591' title='bbox 1671 5143 1862 5213; x_wconf 75' lang='lat' dir='ltr'><strong>ianuas</strong></span> <span class='ocrx_word' id='word_1_592' title='bbox 1889 5142 2072 5198; x_wconf 91' lang='lat' dir='ltr'><strong>introi-</strong></span> 
     </span>
    </p>
   </div>
   <div class='ocr_carea' id='block_1_88' title="bbox 505 5231 2078 5305">
    <p class='ocr_par' dir='ltr' id='par_1_88' title="bbox 505 5231 2078 5305">
     <span class='ocr_line' id='line_1_90' title="bbox 505 5231 2078 5305; baseline -0.004 -14"><span class='ocrx_word' id='word_1_593' title='bbox 505 5234 576 5291; x_wconf 88' lang='lat' dir='ltr'><strong>sti</strong></span> <span class='ocrx_word' id='word_1_594' title='bbox 606 5231 686 5288; x_wconf 84' lang='lat' dir='ltr'><strong>Tu</strong></span> <span class='ocrx_word' id='word_1_595' title='bbox 710 5232 856 5290; x_wconf 89' lang='lat' dir='ltr'><strong>illam</strong></span> <span class='ocrx_word' id='word_1_596' title='bbox 884 5233 941 5289; x_wconf 93' lang='lat' dir='ltr'><strong>in</strong></span> <span class='ocrx_word' id='word_1_597' title='bbox 961 5241 1166 5288; x_wconf 78' lang='lat' dir='ltr'><strong>natura:</strong></span> <span class='ocrx_word' id='word_1_598' title='bbox 1187 5233 1552 5304; x_wconf 89' lang='lat' dir='ltr'><strong>penetralibus</strong></span> <span class='ocrx_word' id='word_1_599' title='bbox 1573 5231 1738 5305; x_wconf 82' lang='lat' dir='ltr'><strong>[Jur.,</strong></span> <span class='ocrx_word' id='word_1_600' title='bbox 1767 5231 2078 5304; x_wconf 89' lang='lat' dir='ltr'><strong>penetrabi-</strong></span> 
     </span>
    </p>
   </div>
   <div class='ocr_carea' id='block_1_89' title="bbox 563 5489 2055 5573">
    <p class='ocr_par' dir='ltr' id='par_1_89' title="bbox 563 5489 2055 5573">
     <span class='ocr_line' id='line_1_91' title="bbox 563 5489 2055 5573; baseline 0.001 -29"><span class='ocrx_word' id='word_1_601' title='bbox 563 5499 589 5528; x_wconf 73' lang='grc' dir='ltr'>ι</span> <span class='ocrx_word' id='word_1_602' title='bbox 609 5489 660 5573; x_wconf 80' lang='lat' dir='ltr'><strong>1s</strong></span> <span class='ocrx_word' id='word_1_603' title='bbox 685 5489 784 5573; x_wconf 81' lang='lat' dir='ltr'><strong>fuit</strong></span> <span class='ocrx_word' id='word_1_604' title='bbox 811 5489 1201 5573; x_wconf 73' lang='lat' dir='ltr'><strong>§yracusanus,</strong></span> <span class='ocrx_word' id='word_1_605' title='bbox 1247 5493 1316 5547; x_wconf 82' lang='lat' dir='ltr'><strong>de</strong></span> <span class='ocrx_word' id='word_1_606' title='bbox 1356 5507 1465 5562; x_wconf 88' lang='lat' dir='ltr'><strong>quo</strong></span> <span class='ocrx_word' id='word_1_607' title='bbox 1487 5492 1606 5573; x_wconf 61' lang='lat' dir='ltr'><strong>gic.</strong></span> <span class='ocrx_word' id='word_1_608' title='bbox 1649 5492 1744 5573; x_wconf 73' lang='lat' dir='ltr'><strong>lib.</strong></span> <span class='ocrx_word' id='word_1_609' title='bbox 1770 5489 2055 5573; x_wconf 62' lang='lat' dir='ltr'><strong>vTuscul.</strong></span> 
     </span>
    </p>
   </div>
   <div class='ocr_carea' id='block_1_90' title="bbox 493 5559 2058 5679">
    <p class='ocr_par' dir='ltr' id='par_1_90' title="bbox 493 5559 2058 5679">
     <span class='ocr_line' id='line_1_92' title="bbox 493 5559 2058 5679; baseline 0.003 -68"><span class='ocrx_word' id='word_1_610' title='bbox 493 5569 713 5679; x_wconf 47' lang='lat' dir='ltr'><strong>ausast...</strong></span> <span class='ocrx_word' id='word_1_611' title='bbox 738 5571 794 5615; x_wconf 92' lang='lat' dir='ltr'><strong>et</strong></span> <span class='ocrx_word' id='word_1_612' title='bbox 811 5559 1084 5642; x_wconf 74' lang='lat' dir='ltr'><strong>Vitruvius</strong></span> <span class='ocrx_word' id='word_1_613' title='bbox 1114 5559 1205 5616; x_wconf 85' lang='lat' dir='ltr'><strong>lib.</strong></span> <span class='ocrx_word' id='word_1_614' title='bbox 1240 5578 1312 5625; x_wconf 66' lang='grc' dir='ltr'><strong>ιιι,</strong></span> <span class='ocrx_word' id='word_1_615' title='bbox 1346 5559 1466 5630; x_wconf 81' lang='lat' dir='ltr'><strong>cap.</strong></span> <span class='ocrx_word' id='word_1_616' title='bbox 1487 5563 1540 5629; x_wconf 80' lang='lat'><strong>5,</strong></span> <span class='ocrx_word' id='word_1_617' title='bbox 1572 5563 1641 5616; x_wconf 90' lang='lat' dir='ltr'><strong>de</strong></span> <span class='ocrx_word' id='word_1_618' title='bbox 1661 5562 2058 5616; x_wconf 88' lang='lat' dir='ltr'><strong>Architectura.</strong></span> 
     </span>
     <span class='ocr_line' id='line_1_93' title="bbox 542 5629 2058 5679; baseline 0 0"><span class='ocrx_word' id='word_1_619' title='bbox 542 5644 660 5679; x_wconf 79' lang='lat' dir='ltr'><strong>ntus</strong></span> <span class='ocrx_word' id='word_1_620' title='bbox 686 5630 998 5679; x_wconf 75' lang='lat' dir='ltr'><strong>Incredibile</strong></span> <span class='ocrx_word' id='word_1_621' title='bbox 1045 5645 1144 5679; x_wconf 82' lang='lat' dir='ltr'><strong>nec</strong></span> <span class='ocrx_word' id='word_1_622' title='bbox 1172 5647 1405 5679; x_wconf 71' lang='lat' dir='ltr'><strong>minuam</strong></span> <span class='ocrx_word' id='word_1_623' title='bbox 1436 5632 1796 5679; x_wconf 78' lang='lat' dir='ltr'><strong>intermissum</strong></span> <span class='ocrx_word' id='word_1_624' title='bbox 1821 5629 2058 5679; x_wconf 80' lang='lat' dir='ltr'><strong>studium</strong></span> 
     </span>
    </p>
   </div>
   <div class='ocr_carea' id='block_1_91' title="bbox 542 5629 2060 5702">
    <p class='ocr_par' dir='ltr' id='par_1_91' title="bbox 542 5629 2060 5702">
     <span class='ocr_line' id='line_1_94' title="bbox 542 5629 2060 5702; baseline 0.001 -22"><span class='ocrx_word' id='word_1_625' title='bbox 542 5629 660 5702; x_wconf 82' lang='lat' dir='ltr'><strong>ujus</strong></span> <span class='ocrx_word' id='word_1_626' title='bbox 686 5629 998 5702; x_wconf 81' lang='lat' dir='ltr'><strong>incredibile</strong></span> <span class='ocrx_word' id='word_1_627' title='bbox 1045 5645 1144 5685; x_wconf 89' lang='lat' dir='ltr'><strong>nec</strong></span> <span class='ocrx_word' id='word_1_628' title='bbox 1172 5629 1798 5702; x_wconf 38' lang='lat' dir='ltr'><strong>unquam’intermissum</strong></span> <span class='ocrx_word' id='word_1_629' title='bbox 1821 5629 2060 5685; x_wconf 89' lang='lat' dir='ltr'><strong>studium</strong></span> 
     </span>
    </p>
   </div>
   <div class='ocr_carea' id='block_1_92' title="bbox 497 5692 2058 5772">
    <p class='ocr_par' dir='ltr' id='par_1_92' title="bbox 497 5692 2058 5772">
     <span class='ocr_line' id='line_1_95' title="bbox 497 5692 2058 5772; baseline 0.005 -26"><span class='ocrx_word' id='word_1_630' title='bbox 497 5692 811 5772; x_wconf 76' lang='lat' dir='ltr'><strong>Plutarchus</strong></span> <span class='ocrx_word' id='word_1_631' title='bbox 843 5709 1233 5772; x_wconf 69' lang='lat' dir='ltr'><strong>commemorat</strong></span> <span class='ocrx_word' id='word_1_632' title='bbox 1251 5692 1279 5767; x_wconf 85' lang='grc'><em>,’</em></span> <span class='ocrx_word' id='word_1_633' title='bbox 1312 5702 1419 5772; x_wconf 75' lang='lat'><strong>22</strong></span> <span class='ocrx_word' id='word_1_634' title='bbox 1446 5715 1512 5754; x_wconf 88' lang='lat' dir='ltr'><strong>an</strong></span> <span class='ocrx_word' id='word_1_635' title='bbox 1554 5701 1669 5756; x_wconf 88' lang='lat' dir='ltr'><strong>seni</strong></span> <span class='ocrx_word' id='word_1_636' title='bbox 1722 5701 1793 5758; x_wconf 87' lang='lat' dir='ltr'><strong>sit</strong></span> <span class='ocrx_word' id='word_1_637' title='bbox 1829 5699 2058 5756; x_wconf 86' lang='lat' dir='ltr'><strong>admini-</strong></span> 
     </span>
    </p>
   </div>
   <div class='ocr_carea' id='block_1_93' title="bbox 498 5764 1152 5838">
    <p class='ocr_par' dir='ltr' id='par_1_93' title="bbox 498 5764 1152 5838">
     <span class='ocr_line' id='line_1_96' title="bbox 498 5764 1152 5838; baseline 0.002 -19"><span class='ocrx_word' id='word_1_638' title='bbox 498 5764 714 5821; x_wconf 71' lang='lat' dir='ltr'><strong>Strtutda</strong></span> <span class='ocrx_word' id='word_1_639' title='bbox 739 5782 883 5838; x_wconf 84' lang='lat' dir='ltr'><strong>resp.</strong></span> <span class='ocrx_word' id='word_1_640' title='bbox 915 5766 1152 5826; x_wconf 70' lang='lat' dir='ltr'><strong>Fanum.</strong></span> 
     </span>
    </p>
   </div>
   <div class='ocr_carea' id='block_1_94' title="bbox 2175 3200 3765 3286">
    <p class='ocr_par' dir='ltr' id='par_1_94' title="bbox 2175 3200 3765 3286">
     <span class='ocr_line' id='line_1_97' title="bbox 2175 3200 3765 3286; baseline -0.023 0"><span class='ocrx_word' id='word_1_641' title='bbox 2175 3229 2388 3286; x_wconf 88' lang='lat' dir='ltr'><strong>esthoc</strong></span> <span class='ocrx_word' id='word_1_642' title='bbox 2438 3200 2644 3281; x_wconf 85' lang='lat' dir='ltr'><strong>homini</strong></span> <span class='ocrx_word' id='word_1_643' title='bbox 2681 3221 2844 3276; x_wconf 85' lang='lat' dir='ltr'><strong>etiam</strong></span> <span class='ocrx_word' id='word_1_644' title='bbox 2891 3214 3089 3280; x_wconf 88' lang='lat' dir='ltr'><strong>facere,</strong></span> <span class='ocrx_word' id='word_1_645' title='bbox 3134 3209 3279 3282; x_wconf 90' lang='lat' dir='ltr'><strong>quod</strong></span> <span class='ocrx_word' id='word_1_646' title='bbox 3306 3206 3392 3262; x_wconf 85' lang='lat' dir='ltr'><strong>vel</strong></span> <span class='ocrx_word' id='word_1_647' title='bbox 3421 3200 3765 3258; x_wconf 75' lang='lat' dir='ltr'><strong>intellexisse</strong></span> 
     </span>
    </p>
   </div>
   <div class='ocr_carea' id='block_1_95' title="bbox 2175 3292 3763 3396">
    <p class='ocr_par' dir='ltr' id='par_1_95' title="bbox 2175 3292 3763 3396">
     <span class='ocr_line' id='line_1_98' title="bbox 2175 3292 3763 3396; baseline -0.023 -17"><span class='ocrx_word' id='word_1_648' title='bbox 2175 3329 2354 3396; x_wconf 89' lang='lat' dir='ltr'><strong>potest</strong></span> <span class='ocrx_word' id='word_1_649' title='bbox 2381 3334 2502 3376; x_wconf 90' lang='lat' dir='ltr'><strong>esse</strong></span> <span class='ocrx_word' id='word_1_650' title='bbox 2546 3312 2822 3371; x_wconf 82' lang='lat' dir='ltr'><strong>mirabile?</strong></span> <span class='ocrx_word' id='word_1_651' title='bbox 2861 3309 3041 3376; x_wconf 87' lang='lat' dir='ltr'><strong>Quare</strong></span> <span class='ocrx_word' id='word_1_652' title='bbox 3070 3319 3193 3361; x_wconf 87' lang='lat' dir='ltr'><strong>eum</strong></span> <span class='ocrx_word' id='word_1_653' title='bbox 3240 3315 3342 3356; x_wconf 92' lang='lat' dir='ltr'><strong>vos</strong></span> <span class='ocrx_word' id='word_1_654' title='bbox 3379 3304 3541 3352; x_wconf 85' lang='lat' dir='ltr'><strong>ornet</strong></span> <span class='ocrx_word' id='word_1_655' title='bbox 3568 3292 3763 3346; x_wconf 89' lang='lat' dir='ltr'><strong>talium</strong></span> 
     </span>
    </p>
   </div>
   <div class='ocr_carea' id='block_1_96' title="bbox 2174 3384 3767 3482">
    <p class='ocr_par' dir='ltr' id='par_1_96' title="bbox 2174 3384 3767 3482">
     <span class='ocr_line' id='line_1_99' title="bbox 2174 3384 3767 3482; baseline -0.022 -12"><span class='ocrx_word' id='word_1_656' title='bbox 2174 3384 2358 3470; x_wconf 69' lang='lat' dir='ltr'><strong>rerum</strong></span> <span class='ocrx_word' id='word_1_657' title='bbox 2389 3406 2725 3482; x_wconf 72' lang='lat' dir='ltr'><strong>prmdicanda</strong></span> <span class='ocrx_word' id='word_1_658' title='bbox 2775 3401 2987 3469; x_wconf 88' lang='lat' dir='ltr'><strong>notitia,</strong></span> <span class='ocrx_word' id='word_1_659' title='bbox 3010 3394 3292 3463; x_wconf 84' lang='lat' dir='ltr'><strong>horologia</strong></span> <span class='ocrx_word' id='word_1_660' title='bbox 3324 3389 3498 3453; x_wconf 90' lang='lat' dir='ltr'><strong>nobis,</strong></span> <span class='ocrx_word' id='word_1_661' title='bbox 3530 3384 3767 3456; x_wconf 82' lang='lat' dir='ltr'><strong>publicis</strong></span> 
     </span>
    </p>
   </div>
   <div class='ocr_carea' id='block_1_97' title="bbox 2175 3479 3766 3576">
    <p class='ocr_par' dir='ltr' id='par_1_97' title="bbox 2175 3479 3766 3576">
     <span class='ocr_line' id='line_1_100' title="bbox 2175 3479 3766 3576; baseline -0.021 -14"><span class='ocrx_word' id='word_1_662' title='bbox 2175 3505 2445 3576; x_wconf 75' lang='lat' dir='ltr'><strong>expensis,</strong></span> <span class='ocrx_word' id='word_1_663' title='bbox 2491 3503 2610 3558; x_wconf 89' lang='lat' dir='ltr'><strong>sine</strong></span> <span class='ocrx_word' id='word_1_664' title='bbox 2649 3508 2832 3554; x_wconf 89' lang='lat' dir='ltr'><strong>vestro</strong></span> <span class='ocrx_word' id='word_1_665' title='bbox 2874 3490 3152 3564; x_wconf 84' lang='lat' dir='ltr'><strong>dispendio</strong></span> <span class='ocrx_word' id='word_1_666' title='bbox 3198 3485 3487 3546; x_wconf 86' lang='lat' dir='ltr'><strong>destinate.</strong></span> <span class='ocrx_word' id='word_1_667' title='bbox 3522 3479 3766 3534; x_wconf 86' lang='lat' dir='ltr'><strong>Primum</strong></span> 
     </span>
    </p>
   </div>
   <div class='ocr_carea' id='block_1_98' title="bbox 2175 3571 3769 3665">
    <p class='ocr_par' dir='ltr' id='par_1_98' title="bbox 2175 3571 3769 3665">
     <span class='ocr_line' id='line_1_101' title="bbox 2175 3571 3769 3665; baseline -0.02 -12"><span class='ocrx_word' id='word_1_668' title='bbox 2175 3598 2266 3664; x_wconf 86' lang='lat' dir='ltr'><strong>sit,</strong></span> <span class='ocrx_word' id='word_1_669' title='bbox 2287 3593 2380 3650; x_wconf 90' lang='lat' dir='ltr'><strong>ubi</strong></span> <span class='ocrx_word' id='word_1_670' title='bbox 2407 3589 2700 3665; x_wconf 74' lang='lat' dir='ltr'><strong>stylusdici</strong></span> <span class='ocrx_word' id='word_1_671' title='bbox 2722 3587 2900 3650; x_wconf 84' lang='lat' dir='ltr'><strong>index,</strong></span> <span class='ocrx_word' id='word_1_672' title='bbox 2931 3598 3029 3653; x_wconf 89' lang='lat' dir='ltr'><strong>per</strong></span> <span class='ocrx_word' id='word_1_673' title='bbox 3049 3580 3292 3635; x_wconf 90' lang='lat' dir='ltr'><strong>umbram</strong></span> <span class='ocrx_word' id='word_1_674' title='bbox 3323 3577 3573 3643; x_wconf 84' lang='lat' dir='ltr'><strong>exiguam</strong></span> <span class='ocrx_word' id='word_1_675' title='bbox 3599 3571 3769 3623; x_wconf 88' lang='lat' dir='ltr'><strong>ltoras</strong></span> 
     </span>
    </p>
   </div>
   <div class='ocr_carea' id='block_1_99' title="bbox 2177 3663 3770 3742">
    <p class='ocr_par' dir='ltr' id='par_1_99' title="bbox 2177 3663 3770 3742">
     <span class='ocr_line' id='line_1_102' title="bbox 2177 3663 3770 3742; baseline -0.018 0"><span class='ocrx_word' id='word_1_676' title='bbox 2177 3663 2472 3742; x_wconf 11' lang='lat' dir='ltr'><strong>consuevit,</strong></span> <span class='ocrx_word' id='word_1_677' title='bbox 2509 3663 2815 3738; x_wconf 85' lang='lat' dir='ltr'><strong>ostendere.</strong></span> <span class='ocrx_word' id='word_1_678' title='bbox 2871 3675 3071 3728; x_wconf 81' lang='lat' dir='ltr'><strong>Radius</strong></span> <span class='ocrx_word' id='word_1_679' title='bbox 3125 3672 3306 3740; x_wconf 88' lang='lat' dir='ltr'><strong>itaque</strong></span> <span class='ocrx_word' id='word_1_680' title='bbox 3363 3663 3677 3728; x_wconf 84' lang='lat' dir='ltr'><strong>immobilis,</strong></span> <span class='ocrx_word' id='word_1_681' title='bbox 3710 3673 3770 3714; x_wconf 77' lang='lat' dir='ltr'><strong>et</strong></span> 
     </span>
    </p>
   </div>
   <div class='ocr_carea' id='block_1_100' title="bbox 2175 3753 3771 3849">
    <p class='ocr_par' dir='ltr' id='par_1_100' title="bbox 2175 3753 3771 3849">
     <span class='ocr_line' id='line_1_103' title="bbox 2175 3753 3771 3849; baseline -0.018 -16"><span class='ocrx_word' id='word_1_682' title='bbox 2175 3791 2389 3849; x_wconf 87' lang='lat' dir='ltr'><strong>parvus,</strong></span> <span class='ocrx_word' id='word_1_683' title='bbox 2422 3785 2684 3844; x_wconf 85' lang='lat' dir='ltr'><strong>peragens</strong></span> <span class='ocrx_word' id='word_1_684' title='bbox 2704 3767 2849 3839; x_wconf 86' lang='lat' dir='ltr'><strong>quod</strong></span> <span class='ocrx_word' id='word_1_685' title='bbox 2879 3775 2988 3821; x_wconf 91' lang='lat' dir='ltr'><strong>tam</strong></span> <span class='ocrx_word' id='word_1_686' title='bbox 3018 3761 3259 3818; x_wconf 88' lang='lat' dir='ltr'><strong>miranda</strong></span> <span class='ocrx_word' id='word_1_687' title='bbox 3288 3755 3606 3828; x_wconf 86' lang='lat' dir='ltr'><strong>magnitudo</strong></span> <span class='ocrx_word' id='word_1_688' title='bbox 3633 3753 3771 3807; x_wconf 90' lang='lat' dir='ltr'><strong>solis</strong></span> 
     </span>
    </p>
   </div>
   <div class='ocr_carea' id='block_1_101' title="bbox 2175 3847 3768 3931">
    <p class='ocr_par' dir='ltr' id='par_1_101' title="bbox 2175 3847 3768 3931">
     <span class='ocr_line' id='line_1_104' title="bbox 2175 3847 3768 3931; baseline -0.019 -5"><span class='ocrx_word' id='word_1_689' title='bbox 2175 3847 2458 3928; x_wconf 83' lang='lat' dir='ltr'><strong>discurrit;</strong></span> <span class='ocrx_word' id='word_1_690' title='bbox 2509 3873 2566 3920; x_wconf 93' lang='lat' dir='ltr'><strong>et</strong></span> <span class='ocrx_word' id='word_1_691' title='bbox 2610 3863 2790 3931; x_wconf 85' lang='lat' dir='ltr'><strong>fugam</strong></span> <span class='ocrx_word' id='word_1_692' title='bbox 2837 3859 2968 3916; x_wconf 88' lang='lat' dir='ltr'><strong>solis</strong></span> <span class='ocrx_word' id='word_1_693' title='bbox 3012 3855 3346 3925; x_wconf 71' lang='lat' dir='ltr'><strong>mqttiparat,</strong></span> <span class='ocrx_word' id='word_1_694' title='bbox 3376 3847 3526 3919; x_wconf 88' lang='lat' dir='ltr'><strong>quod</strong></span> <span class='ocrx_word' id='word_1_695' title='bbox 3553 3855 3768 3900; x_wconf 87' lang='lat' dir='ltr'><strong>motum</strong></span> 
     </span>
    </p>
   </div>
   <div class='ocr_carea' id='block_1_102' title="bbox 2174 3939 3770 4032">
    <p class='ocr_par' dir='ltr' id='par_1_102' title="bbox 2174 3939 3770 4032">
     <span class='ocr_line' id='line_1_105' title="bbox 2174 3939 3770 4032; baseline -0.019 -13"><span class='ocrx_word' id='word_1_696' title='bbox 2174 3977 2386 4032; x_wconf 91' lang='lat' dir='ltr'><strong>semper</strong></span> <span class='ocrx_word' id='word_1_697' title='bbox 2399 3961 2628 4028; x_wconf 89' lang='lat' dir='ltr'><strong>ignorat.</strong></span> <span class='ocrx_word' id='word_1_698' title='bbox 2653 3954 2959 4010; x_wconf 89' lang='lat' dir='ltr'><strong>Inviderent</strong></span> <span class='ocrx_word' id='word_1_699' title='bbox 2987 3950 3202 4013; x_wconf 89' lang='lat' dir='ltr'><strong>talibus,</strong></span> <span class='ocrx_word' id='word_1_700' title='bbox 3219 3946 3264 4001; x_wconf 91' lang='lat' dir='ltr'><strong>si</strong></span> <span class='ocrx_word' id='word_1_701' title='bbox 3288 3953 3450 3999; x_wconf 83' lang='lat' dir='ltr'><strong>astra-</strong></span> <span class='ocrx_word' id='word_1_702' title='bbox 3463 3939 3770 4004; x_wconf 89' lang='lat' dir='ltr'><strong>sentirent;</strong></span> 
     </span>
    </p>
   </div>
   <div class='ocr_carea' id='block_1_103' title="bbox 2175 4027 3771 4106">
    <p class='ocr_par' dir='ltr' id='par_1_103' title="bbox 2175 4027 3771 4106">
     <span class='ocr_line' id='line_1_106' title="bbox 2175 4027 3771 4106; baseline -0.016 0"><span class='ocrx_word' id='word_1_703' title='bbox 2175 4061 2230 4106; x_wconf 88' lang='lat' dir='ltr'><strong>et</strong></span> <span class='ocrx_word' id='word_1_704' title='bbox 2259 4027 2494 4106; x_wconf 78' lang='lat' dir='ltr'><strong>meatum</strong></span> <span class='ocrx_word' id='word_1_705' title='bbox 2542 4061 2698 4102; x_wconf 88' lang='lat' dir='ltr'><strong>suum</strong></span> <span class='ocrx_word' id='word_1_706' title='bbox 2726 4042 2957 4099; x_wconf 90' lang='lat' dir='ltr'><strong>fortasse</strong></span> <span class='ocrx_word' id='word_1_707' title='bbox 2981 4038 3354 4101; x_wconf 83' lang='lat' dir='ltr'><strong>deﬂecterent,</strong></span> <span class='ocrx_word' id='word_1_708' title='bbox 3385 4047 3454 4086; x_wconf 92' lang='lat' dir='ltr'><strong>ne</strong></span> <span class='ocrx_word' id='word_1_709' title='bbox 3485 4029 3584 4084; x_wconf 90' lang='lat' dir='ltr'><strong>tali</strong></span> <span class='ocrx_word' id='word_1_710' title='bbox 3622 4027 3771 4082; x_wconf 80' lang='lat' dir='ltr'><strong>ludi-</strong></span> 
     </span>
    </p>
   </div>
   <div class='ocr_carea' id='block_1_104' title="bbox 2175 4117 3773 4205">
    <p class='ocr_par' dir='ltr' id='par_1_104' title="bbox 2175 4117 3773 4205">
     <span class='ocr_line' id='line_1_107' title="bbox 2175 4117 3773 4205; baseline -0.015 -10"><span class='ocrx_word' id='word_1_711' title='bbox 2175 4141 2294 4196; x_wconf 89' lang='lat' dir='ltr'><strong>brio</strong></span> <span class='ocrx_word' id='word_1_712' title='bbox 2342 4137 2703 4205; x_wconf 70' lang='lat' dir='ltr'><strong>subiacerent.</strong></span> <span class='ocrx_word' id='word_1_713' title='bbox 2736 4131 2839 4188; x_wconf 91' lang='lat' dir='ltr'><strong>Ubi</strong></span> <span class='ocrx_word' id='word_1_714' title='bbox 2881 4139 2964 4186; x_wconf 88' lang='lat' dir='ltr'><strong>est</strong></span> <span class='ocrx_word' id='word_1_715' title='bbox 3003 4127 3133 4183; x_wconf 91' lang='lat' dir='ltr'><strong>illud</strong></span> <span class='ocrx_word' id='word_1_716' title='bbox 3157 4128 3412 4181; x_wconf 89' lang='lat' dir='ltr'><strong>horarum</strong></span> <span class='ocrx_word' id='word_1_717' title='bbox 3443 4121 3514 4176; x_wconf 93' lang='lat' dir='ltr'><strong>de</strong></span> <span class='ocrx_word' id='word_1_718' title='bbox 3561 4117 3773 4173; x_wconf 87' lang='lat' dir='ltr'><strong>lumine</strong></span> 
     </span>
    </p>
   </div>
   <div class='ocr_carea' id='block_1_105' title="bbox 2173 4207 3772 4292">
    <p class='ocr_par' dir='ltr' id='par_1_105' title="bbox 2173 4207 3772 4292">
     <span class='ocr_line' id='line_1_108' title="bbox 2173 4207 3772 4292; baseline -0.016 -7"><span class='ocrx_word' id='word_1_719' title='bbox 2173 4228 2503 4285; x_wconf 86' lang='lat' dir='ltr'><strong>venientium</strong></span> <span class='ocrx_word' id='word_1_720' title='bbox 2550 4223 2822 4292; x_wconf 79' lang='lat' dir='ltr'><strong>singulare</strong></span> <span class='ocrx_word' id='word_1_721' title='bbox 2876 4217 3218 4283; x_wconf 88' lang='lat' dir='ltr'><strong>miraculum,</strong></span> <span class='ocrx_word' id='word_1_722' title='bbox 3248 4214 3294 4268; x_wconf 93' lang='lat' dir='ltr'><strong>si</strong></span> <span class='ocrx_word' id='word_1_723' title='bbox 3336 4213 3434 4267; x_wconf 90' lang='lat' dir='ltr'><strong>has</strong></span> <span class='ocrx_word' id='word_1_724' title='bbox 3475 4219 3533 4265; x_wconf 90' lang='lat' dir='ltr'><strong>et</strong></span> <span class='ocrx_word' id='word_1_725' title='bbox 3575 4207 3772 4264; x_wconf 87' lang='lat' dir='ltr'><strong>umbra</strong></span> 
     </span>
    </p>
   </div>
   <div class='ocr_carea' id='block_1_106' title="bbox 2172 4301 3775 4386">
    <p class='ocr_par' dir='ltr' id='par_1_106' title="bbox 2172 4301 3775 4386">
     <span class='ocr_line' id='line_1_109' title="bbox 2172 4301 3775 4386; baseline -0.014 -9"><span class='ocrx_word' id='word_1_726' title='bbox 2172 4318 2544 4378; x_wconf 88' lang='lat' dir='ltr'><strong>demonstrat?</strong></span> <span class='ocrx_word' id='word_1_727' title='bbox 2573 4315 2674 4371; x_wconf 90' lang='lat' dir='ltr'><strong>Ubi</strong></span> <span class='ocrx_word' id='word_1_728' title='bbox 2723 4311 3082 4386; x_wconf 65' lang='lat' dir='ltr'><strong>praedicabilis</strong></span> <span class='ocrx_word' id='word_1_729' title='bbox 3123 4306 3392 4364; x_wconf 81' lang='lat' dir='ltr'><strong>indefecta</strong></span> <span class='ocrx_word' id='word_1_730' title='bbox 3439 4303 3682 4368; x_wconf 85' lang='lat' dir='ltr'><strong>roratio,</strong></span> <span class='ocrx_word' id='word_1_731' title='bbox 3723 4301 3775 4355; x_wconf 87' lang='lat' dir='ltr'><strong>si</strong></span> 
     </span>
    </p>
   </div>
   <div class='ocr_carea' id='block_1_107' title="bbox 2175 4393 3773 4476">
    <p class='ocr_par' dir='ltr' id='par_1_107' title="bbox 2175 4393 3773 4476">
     <span class='ocr_line' id='line_1_110' title="bbox 2175 4393 3773 4476; baseline -0.014 -9"><span class='ocrx_word' id='word_1_732' title='bbox 2175 4411 2282 4466; x_wconf 94' lang='lat' dir='ltr'><strong>hoc</strong></span> <span class='ocrx_word' id='word_1_733' title='bbox 2327 4417 2384 4466; x_wconf 89' lang='lat' dir='ltr'><strong>et</strong></span> <span class='ocrx_word' id='word_1_734' title='bbox 2429 4407 2646 4464; x_wconf 91' lang='lat' dir='ltr'><strong>metalla</strong></span> <span class='ocrx_word' id='word_1_735' title='bbox 2675 4410 2960 4476; x_wconf 89' lang='lat' dir='ltr'><strong>peragunt,</strong></span> <span class='ocrx_word' id='word_1_736' title='bbox 2991 4415 3112 4471; x_wconf 75' lang='lat' dir='ltr'><strong>qua:</strong></span> <span class='ocrx_word' id='word_1_737' title='bbox 3140 4398 3246 4454; x_wconf 89' lang='lat' dir='ltr'><strong>situ</strong></span> <span class='ocrx_word' id='word_1_738' title='bbox 3277 4401 3543 4468; x_wconf 90' lang='lat' dir='ltr'><strong>perpetuo</strong></span> <span class='ocrx_word' id='word_1_739' title='bbox 3587 4393 3773 4449; x_wconf 81' lang='lat' dir='ltr'><strong>conti-</strong></span> 
     </span>
    </p>
   </div>
   <div class='ocr_carea' id='block_1_108' title="bbox 2177 4485 3774 4560">
    <p class='ocr_par' dir='ltr' id='par_1_108' title="bbox 2177 4485 3774 4560">
     <span class='ocr_line' id='line_1_111' title="bbox 2177 4485 3774 4560; baseline -0.015 0"><span class='ocrx_word' id='word_1_740' title='bbox 2177 4504 2405 4560; x_wconf 85' lang='lat' dir='ltr'><strong>nentur?</strong></span> <span class='ocrx_word' id='word_1_741' title='bbox 2432 4499 2478 4556; x_wconf 91' lang='grc' dir='ltr'><strong>Ο</strong></span> <span class='ocrx_word' id='word_1_742' title='bbox 2523 4499 2656 4555; x_wconf 88' lang='lat' dir='ltr'><strong>artis</strong></span> <span class='ocrx_word' id='word_1_743' title='bbox 2706 4493 3089 4552; x_wconf 71' lang='lat' dir='ltr'><strong>inrestimabilis</strong></span> <span class='ocrx_word' id='word_1_744' title='bbox 3122 4491 3312 4555; x_wconf 90' lang='lat' dir='ltr'><strong>virtus,</strong></span> <span class='ocrx_word' id='word_1_745' title='bbox 3357 4501 3479 4559; x_wconf 69' lang='lat' dir='ltr'><strong>qua:</strong></span> <span class='ocrx_word' id='word_1_746' title='bbox 3525 4485 3661 4540; x_wconf 89' lang='lat' dir='ltr'><strong>dum</strong></span> <span class='ocrx_word' id='word_1_747' title='bbox 3712 4497 3774 4538; x_wconf 89' lang='lat' dir='ltr'><strong>se</strong></span> 
     </span>
    </p>
   </div>
   <div class='ocr_carea' id='block_1_109' title="bbox 2171 4575 3774 4660">
    <p class='ocr_par' dir='ltr' id='par_1_109' title="bbox 2171 4575 3774 4660">
     <span class='ocr_line' id='line_1_112' title="bbox 2171 4575 3774 4660; baseline -0.014 -8"><span class='ocrx_word' id='word_1_748' title='bbox 2171 4597 2302 4652; x_wconf 91' lang='lat' dir='ltr'><strong>dicit</strong></span> <span class='ocrx_word' id='word_1_749' title='bbox 2321 4593 2525 4658; x_wconf 89' lang='lat' dir='ltr'><strong>ludere,</strong></span> <span class='ocrx_word' id='word_1_750' title='bbox 2553 4600 2758 4646; x_wconf 72' lang='lat' dir='ltr'><strong>natura:</strong></span> <span class='ocrx_word' id='word_1_751' title='bbox 2777 4586 3034 4660; x_wconf 70' lang='lat' dir='ltr'><strong>prmvalet</strong></span> <span class='ocrx_word' id='word_1_752' title='bbox 3054 4590 3262 4640; x_wconf 88' lang='lat' dir='ltr'><strong>secreta</strong></span> <span class='ocrx_word' id='word_1_753' title='bbox 3283 4579 3536 4649; x_wconf 84' lang='lat' dir='ltr'><strong>vulgare!</strong></span> <span class='ocrx_word' id='word_1_754' title='bbox 3559 4575 3774 4632; x_wconf 84' lang='lat' dir='ltr'><strong>Secun-</strong></span> 
     </span>
    </p>
   </div>
   <div class='ocr_carea' id='block_1_110' title="bbox 2173 4667 3771 4750">
    <p class='ocr_par' dir='ltr' id='par_1_110' title="bbox 2173 4667 3771 4750">
     <span class='ocr_line' id='line_1_113' title="bbox 2173 4667 3771 4750; baseline -0.014 -8"><span class='ocrx_word' id='word_1_755' title='bbox 2173 4686 2301 4742; x_wconf 92' lang='lat' dir='ltr'><strong>dum</strong></span> <span class='ocrx_word' id='word_1_756' title='bbox 2325 4685 2394 4740; x_wconf 89' lang='lat' dir='ltr'><strong>sit</strong></span> <span class='ocrx_word' id='word_1_757' title='bbox 2426 4686 2476 4740; x_wconf 79' lang='lat' dir='ltr'><strong>d.</strong></span> <span class='ocrx_word' id='word_1_758' title='bbox 2529 4683 2619 4736; x_wconf 90' lang='lat' dir='ltr'><strong>ubi</strong></span> <span class='ocrx_word' id='word_1_759' title='bbox 2647 4688 2842 4750; x_wconf 67' lang='lat' dir='ltr'><strong>praeter</strong></span> <span class='ocrx_word' id='word_1_760' title='bbox 2867 4677 2994 4733; x_wconf 91' lang='lat' dir='ltr'><strong>solis</strong></span> <span class='ocrx_word' id='word_1_761' title='bbox 3025 4675 3206 4730; x_wconf 87' lang='lat' dir='ltr'><strong>radios</strong></span> <span class='ocrx_word' id='word_1_762' title='bbox 3233 4673 3366 4726; x_wconf 88' lang='lat' dir='ltr'><strong>hora</strong></span> <span class='ocrx_word' id='word_1_763' title='bbox 3396 4667 3771 4738; x_wconf 85' lang='lat' dir='ltr'><strong>dignoscitur,</strong></span> 
     </span>
    </p>
   </div>
   <div class='ocr_carea' id='block_1_111' title="bbox 2174 4756 3772 4845">
    <p class='ocr_par' dir='ltr' id='par_1_111' title="bbox 2174 4756 3772 4845">
     <span class='ocr_line' id='line_1_114' title="bbox 2174 4756 3772 4845; baseline -0.014 -13"><span class='ocrx_word' id='word_1_764' title='bbox 2174 4784 2361 4832; x_wconf 91' lang='lat' dir='ltr'><strong>noctes</strong></span> <span class='ocrx_word' id='word_1_765' title='bbox 2381 4775 2434 4828; x_wconf 88' lang='lat' dir='ltr'><strong>in</strong></span> <span class='ocrx_word' id='word_1_766' title='bbox 2447 4781 2628 4845; x_wconf 77' lang='lat' dir='ltr'><strong>partes</strong></span> <span class='ocrx_word' id='word_1_767' title='bbox 2644 4769 2914 4832; x_wconf 85' lang='lat' dir='ltr'><strong>dividens;</strong></span> <span class='ocrx_word' id='word_1_768' title='bbox 2939 4764 3084 4836; x_wconf 91' lang='lat' dir='ltr'><strong>quod</strong></span> <span class='ocrx_word' id='word_1_769' title='bbox 3108 4771 3167 4818; x_wconf 88' lang='lat' dir='ltr'><strong>ut</strong></span> <span class='ocrx_word' id='word_1_770' title='bbox 3189 4761 3315 4816; x_wconf 85' lang='lat' dir='ltr'><strong>nihil</strong></span> <span class='ocrx_word' id='word_1_771' title='bbox 3337 4759 3561 4813; x_wconf 85' lang='lat' dir='ltr'><strong>deberet</strong></span> <span class='ocrx_word' id='word_1_772' title='bbox 3583 4756 3772 4819; x_wconf 86' lang='lat' dir='ltr'><strong>astris,</strong></span> 
     </span>
    </p>
   </div>
   <div class='ocr_carea' id='block_1_112' title="bbox 2176 4848 3772 4927">
    <p class='ocr_par' dir='ltr' id='par_1_112' title="bbox 2176 4848 3772 4927">
     <span class='ocr_line' id='line_1_115' title="bbox 2176 4848 3772 4927; baseline -0.013 -7"><span class='ocrx_word' id='word_1_773' title='bbox 2176 4865 2442 4920; x_wconf 89' lang='lat' dir='ltr'><strong>rationem</strong></span> <span class='ocrx_word' id='word_1_774' title='bbox 2462 4861 2584 4917; x_wconf 74' lang='grc' dir='ltr'><strong>οωιί</strong></span> <span class='ocrx_word' id='word_1_775' title='bbox 2611 4859 2680 4914; x_wconf 90' lang='lat' dir='ltr'><strong>ad</strong></span> <span class='ocrx_word' id='word_1_776' title='bbox 2709 4871 2965 4927; x_wconf 89' lang='lat' dir='ltr'><strong>aquarum</strong></span> <span class='ocrx_word' id='word_1_777' title='bbox 2995 4854 3178 4924; x_wconf 87' lang='lat' dir='ltr'><strong>potius</strong></span> <span class='ocrx_word' id='word_1_778' title='bbox 3200 4851 3400 4906; x_wconf 82' lang='lat' dir='ltr'><strong>fluenta</strong></span> <span class='ocrx_word' id='word_1_779' title='bbox 3452 4848 3772 4903; x_wconf 89' lang='lat' dir='ltr'><strong>convertit:</strong></span> 
     </span>
    </p>
   </div>
   <div class='ocr_carea' id='block_1_113' title="bbox 2177 4941 3778 5030">
    <p class='ocr_par' dir='ltr' id='par_1_113' title="bbox 2177 4941 3778 5030">
     <span class='ocr_line' id='line_1_116' title="bbox 2177 4941 3778 5030; baseline -0.012 -16"><span class='ocrx_word' id='word_1_780' title='bbox 2177 4973 2408 5030; x_wconf 89' lang='lat' dir='ltr'><strong>quorum</strong></span> <span class='ocrx_word' id='word_1_781' title='bbox 2455 4953 2691 5010; x_wconf 89' lang='lat' dir='ltr'><strong>motibus</strong></span> <span class='ocrx_word' id='word_1_782' title='bbox 2717 4949 2971 5014; x_wconf 85' lang='lat' dir='ltr'><strong>ostendtt,</strong></span> <span class='ocrx_word' id='word_1_783' title='bbox 3003 4946 3146 5016; x_wconf 91' lang='lat' dir='ltr'><strong>quod</strong></span> <span class='ocrx_word' id='word_1_784' title='bbox 3183 4943 3380 4998; x_wconf 80' lang='lat' dir='ltr'><strong>omium</strong></span> <span class='ocrx_word' id='word_1_785' title='bbox 3414 4941 3692 5004; x_wconf 81' lang='lat' dir='ltr'><strong>volvitur;</strong></span> <span class='ocrx_word' id='word_1_786' title='bbox 3722 4949 3778 4994; x_wconf 91' lang='lat' dir='ltr'><strong>et</strong></span> 
     </span>
    </p>
   </div>
   <div class='ocr_carea' id='block_1_114' title="bbox 2173 5029 3774 5116">
    <p class='ocr_par' dir='ltr' id='par_1_114' title="bbox 2173 5029 3774 5116">
     <span class='ocr_line' id='line_1_117' title="bbox 2173 5029 3774 5116; baseline -0.015 -12"><span class='ocrx_word' id='word_1_787' title='bbox 2173 5048 2363 5104; x_wconf 89' lang='lat' dir='ltr'><strong>audaci</strong></span> <span class='ocrx_word' id='word_1_788' title='bbox 2389 5043 2806 5116; x_wconf 64' lang='lat' dir='ltr'><strong>praesumptione</strong></span> <span class='ocrx_word' id='word_1_789' title='bbox 2826 5047 3108 5108; x_wconf 90' lang='lat' dir='ltr'><strong>concepta,</strong></span> <span class='ocrx_word' id='word_1_790' title='bbox 3127 5053 3215 5090; x_wconf 89' lang='lat' dir='ltr'><strong>ars</strong></span> <span class='ocrx_word' id='word_1_791' title='bbox 3229 5032 3517 5088; x_wconf 86' lang='lat' dir='ltr'><strong>elementis</strong></span> <span class='ocrx_word' id='word_1_792' title='bbox 3535 5029 3774 5092; x_wconf 88' lang='lat' dir='ltr'><strong>confert,</strong></span> 
     </span>
    </p>
   </div>
   <div class='ocr_carea' id='block_1_115' title="bbox 2175 5120 3779 5208">
    <p class='ocr_par' dir='ltr' id='par_1_115' title="bbox 2175 5120 3779 5208">
     <span class='ocr_line' id='line_1_118' title="bbox 2175 5120 3779 5208; baseline -0.014 -13"><span class='ocrx_word' id='word_1_793' title='bbox 2175 5137 2318 5208; x_wconf 89' lang='lat' dir='ltr'><strong>quod</strong></span> <span class='ocrx_word' id='word_1_794' title='bbox 2347 5134 2565 5204; x_wconf 86' lang='lat' dir='ltr'><strong>originis</strong></span> <span class='ocrx_word' id='word_1_795' title='bbox 2583 5132 2822 5189; x_wconf 87' lang='lat' dir='ltr'><strong>conditio</strong></span> <span class='ocrx_word' id='word_1_796' title='bbox 2844 5127 3150 5196; x_wconf 86' lang='lat' dir='ltr'><strong>denegavit.</strong></span> <span class='ocrx_word' id='word_1_797' title='bbox 3173 5123 3446 5179; x_wconf 74' lang='lat' dir='ltr'><strong>Universzc</strong></span> <span class='ocrx_word' id='word_1_798' title='bbox 3468 5120 3779 5191; x_wconf 72' lang='lat' dir='ltr'><strong>disciplina:</strong></span> 
     </span>
    </p>
   </div>
   <div class='ocr_carea' id='block_1_116' title="bbox 2175 5215 3774 5296">
    <p class='ocr_par' dir='ltr' id='par_1_116' title="bbox 2175 5215 3774 5296">
     <span class='ocr_line' id='line_1_119' title="bbox 2175 5215 3774 5296; baseline -0.013 -10"><span class='ocrx_word' id='word_1_799' title='bbox 2175 5237 2401 5286; x_wconf 88' lang='lat' dir='ltr'><strong>cunctus</strong></span> <span class='ocrx_word' id='word_1_800' title='bbox 2429 5223 2772 5296; x_wconf 87' lang='lat' dir='ltr'><strong>prudentium</strong></span> <span class='ocrx_word' id='word_1_801' title='bbox 2795 5220 2950 5276; x_wconf 86' lang='lat' dir='ltr'><strong>labor</strong></span> <span class='ocrx_word' id='word_1_802' title='bbox 2977 5226 3182 5274; x_wconf 73' lang='lat' dir='ltr'><strong>natura:</strong></span> <span class='ocrx_word' id='word_1_803' title='bbox 3205 5215 3529 5288; x_wconf 86' lang='lat' dir='ltr'><strong>potentiam,</strong></span> <span class='ocrx_word' id='word_1_804' title='bbox 3563 5221 3626 5268; x_wconf 91' lang='lat' dir='ltr'><strong>ut</strong></span> <span class='ocrx_word' id='word_1_805' title='bbox 3648 5221 3774 5267; x_wconf 83' lang='lat' dir='ltr'><strong>tan—</strong></span> 
     </span>
    </p>
   </div>
   <div class='ocr_carea' id='block_1_117' title="bbox 2199 5473 3768 5554">
    <p class='ocr_par' dir='ltr' id='par_1_117' title="bbox 2199 5473 3768 5554">
     <span class='ocr_line' id='line_1_120' title="bbox 2199 5473 3768 5554; baseline -0.009 -13"><span class='ocrx_word' id='word_1_806' title='bbox 2199 5485 2452 5541; x_wconf 54' lang='lat' dir='ltr'><strong>ltluretus</strong></span> <span class='ocrx_word' id='word_1_807' title='bbox 2483 5498 2582 5554; x_wconf 88' lang='lat' dir='ltr'><strong>pro</strong></span> <span class='ocrx_word' id='word_1_808' title='bbox 2619 5480 3110 5554; x_wconf 64' lang='lat' dir='ltr'><strong>Latialetn_,_puta_t</strong></span> <span class='ocrx_word' id='word_1_809' title='bbox 3141 5473 3430 5554; x_wconf 74' lang='lat' dir='ltr'><strong>legendum</strong></span> <span class='ocrx_word' id='word_1_810' title='bbox 3457 5473 3768 5554; x_wconf 50' lang='lat' dir='ltr'><strong>Latiarem.</strong></span> 
     </span>
    </p>
   </div>
   <div class='ocr_carea' id='block_1_118' title="bbox 2243 5545 3772 5622">
    <p class='ocr_par' dir='ltr' id='par_1_118' title="bbox 2243 5545 3772 5622">
     <span class='ocr_line' id='line_1_121' title="bbox 2243 5545 3772 5622; baseline -0.009 -13"><span class='ocrx_word' id='word_1_811' title='bbox 2243 5560 2268 5589; x_wconf 78' lang='lat'><strong><em>°</em></strong></span> <span class='ocrx_word' id='word_1_812' title='bbox 2291 5554 2460 5609; x_wconf 82' lang='lat' dir='ltr'><strong>Juret.</strong></span> <span class='ocrx_word' id='word_1_813' title='bbox 2484 5545 2634 5622; x_wconf 75' lang='lat' dir='ltr'><strong>putat</strong></span> <span class='ocrx_word' id='word_1_814' title='bbox 2653 5567 2751 5621; x_wconf 88' lang='lat' dir='ltr'><strong>pro</strong></span> <span class='ocrx_word' id='word_1_815' title='bbox 2776 5545 3057 5622; x_wconf 62' lang='lat' dir='ltr'><strong>fritipirint,</strong></span> <span class='ocrx_word' id='word_1_816' title='bbox 3081 5545 3368 5622; x_wconf 63' lang='lat' dir='ltr'><strong>legentium</strong></span> <span class='ocrx_word' id='word_1_817' title='bbox 3397 5546 3772 5616; x_wconf 76' lang='lat' dir='ltr'><strong>fringultiunt,</strong></span> 
     </span>
    </p>
   </div>
   <div class='ocr_carea' id='block_1_119' title="bbox 2167 5614 3771 5694">
    <p class='ocr_par' dir='ltr' id='par_1_119' title="bbox 2167 5614 3771 5694">
     <span class='ocr_line' id='line_1_122' title="bbox 2167 5614 3771 5694; baseline -0.01 -10"><span class='ocrx_word' id='word_1_818' title='bbox 2167 5637 2224 5685; x_wconf 90' lang='lat' dir='ltr'><strong>ut</strong></span> <span class='ocrx_word' id='word_1_819' title='bbox 2248 5625 2388 5694; x_wconf 89' lang='lat' dir='ltr'><strong>apud</strong></span> <span class='ocrx_word' id='word_1_820' title='bbox 2411 5614 2694 5693; x_wconf 77' lang='lat' dir='ltr'><strong>Apuleium</strong></span> <span class='ocrx_word' id='word_1_821' title='bbox 2726 5614 2846 5690; x_wconf 82' lang='lat' dir='ltr'><strong>pag.</strong></span> <span class='ocrx_word' id='word_1_822' title='bbox 2874 5617 2980 5672; x_wconf 58' lang='grc'><strong>250</strong></span> <span class='ocrx_word' id='word_1_823' title='bbox 3008 5633 3021 5669; x_wconf 91' lang='lat'>:</span> <span class='ocrx_word' id='word_1_824' title='bbox 3047 5635 3064 5668; x_wconf 77' lang='grc' dir='ltr'>ι</span> <span class='ocrx_word' id='word_1_825' title='bbox 3086 5614 3302 5669; x_wconf 76' lang='lat' dir='ltr'><strong>Merulae</strong></span> <span class='ocrx_word' id='word_1_826' title='bbox 3326 5614 3378 5668; x_wconf 88' lang='lat' dir='ltr'><strong>in</strong></span> <span class='ocrx_word' id='word_1_827' title='bbox 3406 5614 3641 5672; x_wconf 85' lang='lat' dir='ltr'><strong>remotis</strong></span> <span class='ocrx_word' id='word_1_828' title='bbox 3663 5623 3771 5670; x_wconf 64' lang='grc' dir='ltr'><strong>ωε.</strong></span> 
     </span>
    </p>
   </div>
   <div class='ocr_carea' id='block_1_120' title="bbox 2165 5693 2701 5768">
    <p class='ocr_par' dir='ltr' id='par_1_120' title="bbox 2165 5693 2701 5768">
     <span class='ocr_line' id='line_1_123' title="bbox 2165 5693 2701 5768; baseline -0.021 -15"><span class='ocrx_word' id='word_1_829' title='bbox 2165 5693 2658 5768; x_wconf 68' lang='lat' dir='ltr'><strong>quisfringultiunt.</strong></span> <span class='ocrx_word' id='word_1_830' title='bbox 2682 5711 2701 5768; x_wconf 56' lang='grc' dir='ltr'><strong>ξ</strong></span> 
     </span>
    </p>
   </div>
   <div class='ocr_carea' id='block_1_121' title="bbox 2240 5749 3584 5832">
    <p class='ocr_par' dir='ltr' id='par_1_121' title="bbox 2240 5749 3584 5832">
     <span class='ocr_line' id='line_1_124' title="bbox 2240 5749 3584 5832; baseline -0.004 -14"><span class='ocrx_word' id='word_1_831' title='bbox 2240 5749 2276 5802; x_wconf 67' lang='grc' dir='ltr'>ἆ</span> <span class='ocrx_word' id='word_1_832' title='bbox 2295 5764 2370 5818; x_wconf 91' lang='lat' dir='ltr'><strong>De</strong></span> <span class='ocrx_word' id='word_1_833' title='bbox 2390 5749 2670 5828; x_wconf 67' lang='lat' dir='ltr'><strong>horologia</strong></span> <span class='ocrx_word' id='word_1_834' title='bbox 2694 5755 3003 5832; x_wconf 76' lang='lat' dir='ltr'><strong>hydraulica</strong></span> <span class='ocrx_word' id='word_1_835' title='bbox 3025 5751 3243 5824; x_wconf 86' lang='lat' dir='ltr'><strong>scripsit</strong></span> <span class='ocrx_word' id='word_1_836' title='bbox 3263 5749 3584 5812; x_wconf 74' lang='lat' dir='ltr'><strong>Athenaeus.</strong></span> 
     </span>
    </p>
   </div>
  </div>
