3952 6380
256 338 357 398 5M

1566 339 1919 393 VAlllAl‘tlITtl
1963 341 2164 394 Ulli-At
2204 343 2266 394 ll.

3415 347 3523 396 ti!“

253 466 370 511 tum
399 453 630 525 possint,
655 469 814 510 nosse
844 455 1122 527 perquirit.
1151 455 1508 510 Mecltamsma
1533 457 1709 511 solum
1737 466 1838 521 est,
1875 469 1920 518 Α
1949 469 2120 512 monts
2162 459 2398 527 espetita
2433 477 2444 510 :
2484 459 2696 527 quando
2754 475 2859 516 non
2917 469 2999 516 est
3043 461 3332 532 abiectum,
3383 466 3526 536 quod

254 547 403 618 quod
431 547 580 600 illam
606 562 673 602 ex
701 547 990 602 contrariis
1017 549 1223 618 appetit
1251 549 1475 615 imitari;
1504 559 1558 604 et
1584 550 1629 604 si
1663 549 1740 604 fas
1763 559 1845 606 cst

254 638 462 705 dicere,
489 640 546 694 in
581 639 904 709 quibusdam
943 641 1106 696 etiam
1163 642 1350 696 nititur
1381 643 1518 698 velle
1563 659 1841 713 superare.

257 727 376 784 Hoc
403 729 546 784 enim
569 728 760 786 fecisse
780 729 1114 800 dignoscitur
1143 731 1410 788 Dxdalum
1432 733 1616 788 volare
1649 743 1672 768 ι
1699 752 1712 786 :
1741 733 1846 789 hoc

255 821 492 877 ferreum
513 821 831 894 Cupidinem
863 825 915 878 in
948 825 1126 880 Diana:
1153 825 1356 896 templo
1379 826 1494 880 sine
1521 827 1697 896 aliqua
1727 826 1848 880 alli-

255 914 477 984 gatione
507 915 761 984 pendere.
810 915 924 972 lloc
972 917 1136 972 hodie
1165 917 1291 972 facit
1318 925 1465 972 muta
1493 925 1732 983 cantare,
1765 919 1846 972 itt-

253 1011 474 1060 scnsata
496 1007 698 1070 vivere,
731 1007 1024 1062 immobilia
1053 1009 1278 1063 moveri.
1311 1009 1674 1068 Mechanicus.
1699 1009 1744 1063 si
1767 1008 1846 1062 fas

257 1104 344 1149 est
369 1095 568 1160 dicere,
604 1111 743 1166 pene
769 1097 948 1153 socius
975 1105 1060 1152 est
1084 1105 1306 1162 naturae,
1339 1098 1551 1153 occulta
1575 1113 1844 1166 reserans,

257 1185 542 1241 manifesta
567 1195 912 1259 convertens,
959 1187 1231 1244 miraculis
1257 1187 1447 1243 ludens
1477 1206 1489 1240 :
1523 1189 1597 1242 ita
1625 1188 1846 1258 pulchre

255 1273 538 1339 simulans,
564 1275 790 1346 utquod
815 1277 1172 1346 compositum
1194 1291 1302 1332 non
1323 1270 1626 1346 ambigitur",
1647 1278 1846 1333 veritas

253 1366 574 1421 aestimetur.
618 1366 770 1436 llaec,
808 1369 933 1438 quia
961 1368 1253 1424 studiosius
1281 1376 1334 1423 te
1363 1368 1557 1438 legisse
1583 1371 1842 1438 cognovi-

255 1472 402 1541 mus,
423 1457 683 1528 praedicta
713 1460 870 1514 nobis
893 1459 1174 1528 horologia
1216 1460 1541 1531 quantocius
1566 1461 1844 1516 transmit-

255 1557 374 1604 tere
403 1549 718 1616 maturabis,
742 1558 801 1604 ut
829 1558 882 1606 te
929 1561 1117 1607 notum
1146 1551 1198 1606 in
1239 1551 1327 1606 illa
1357 1559 1509 1622 parte
1547 1551 1735 1606 mundi
1762 1551 1844 1606 fa-

254 1641 391 1705 cias,
416 1641 506 1695 ubi
535 1642 693 1697 aliter
713 1643 997 1713 perv‘enire
1023 1660 1129 1700 non
1152 1653 1389 1716 poteras.
1417 1644 1722 1713 Agnoseant
1746 1659 1842 1716 per

255 1750 310 1787 te
334 1743 534 1788 extera:
581 1743 792 1804 gentes,
821 1735 957 1790 tales
1002 1750 1102 1790 nos
1142 1735 1343 1791 nabere
1392 1709 1621 1800 nobiles,
1653 1709 1843 1804 quales

1950 558 2127 620 potest
2148 550 2364 618 explere
2386 551 2723 605 desiderium.
2755 553 2888 608 Nam
2913 569 3011 625 per
3036 557 3302 628 quaslibet
3323 560 3527 630 pretio-

1948 654 2038 697 sas
2067 657 2154 696 res
2181 642 2246 695 ad
2274 641 2404 696 illud
2431 651 2635 697 tantum
2657 644 2915 713 tenditur,
2939 654 2998 702 ut
3025 649 3292 718 cupientis
3317 650 3530 708 animus

1950 731 2250 800 expleatur.
2291 731 2632 802 Quapropter
2677 733 2978 790 salutantes
3025 737 3198 804 gratia
3245 749 3524 809 consueta,

1950 824 2253 895 peritarum
2284 825 2570 894 portitores
2599 825 2748 880 illum
2794 834 2848 881 ct
2873 827 3022 882 illum
3055 838 3104 892 ε,
3133 828 3528 889 oblectamenta

1949 916 2250 985 pnesenlim
2281 914 2372 987 [Β.
2411 915 2530 970 Jur.
2550 917 2672 988 legit
2701 919 3042 998 [inestantizc]
3066 931 3280 988 vestrae,
3309 923 3526 978 horolo-

1947 1006 2034 1074 gia
2061 1021 2182 1060 cum
2211 1009 2326 1062 suis
2353 1006 2764 1075 dispositoribus
2791 1008 3116 1066 credidimus
3155 1009 3475 1066 destinanda
3511 1029 3524 1066 :

1950 1111 2137 1165 unum,
2164 1097 2217 1152 in
2259 1111 2368 1166 quo
2414 1098 2645 1154 humana
2675 1100 2894 1154 solertia
2927 1101 3136 1156 videtur
3156 1103 3358 1172 colligi,
3384 1104 3526 1173 quod

1950 1187 2113 1243 totius
2139 1188 2261 1244 οωιί
2285 1188 2524 1245 noscitur
2537 1190 2708 1261 spatia
2739 1192 3017 1260 pervagari
3041 1210 3056 1260 ;
3081 1192 3251 1262 aliud,
3281 1195 3370 1249 ubi
3399 1195 3525 1250 solis

1947 1287 2156 1335 meatus
2182 1279 2300 1334 sine
2339 1279 2454 1336 sole
2481 1282 2822 1349 cognoscitur
2851 1280 2904 1349 δ,
2931 1292 2986 1338 et
3012 1283 3169 1354 aquis
3195 1286 3525 1353 guttantibus

1947 1371 2200 1426 horarum
2229 1372 2402 1440 spatia
2431 1380 2806 1426 terminantur.
2834 1372 3099 1429 llabetote
3143 1374 3196 1429 in
3225 1385 3404 1430 vestra
3432 1391 3524 1447 pa.

1948 1460 2069 1524 tria,
2101 1459 2242 1528 quod
2293 1459 2580 1529 aliquando
2629 1461 2837 1518 vidistis
2885 1463 2940 1518 in
2992 1464 3213 1521 civitate
3257 1463 3522 1522 Romana.

1947 1547 2173 1644 Dignum
2199 1558 2284 1605 est
2301 1558 2361 1604 ut
2385 1549 2542 1606 bonis
2571 1551 2770 1608 nostris
2787 1560 2967 1608 vestra
2993 1553 3164 1622 gratia
3193 1553 3520 1626 perfruatur,

1945 1654 2066 1710 qua:
2094 1639 2248 1695 nobis
2274 1639 2437 1695 etiam
2475 1639 2736 1696 afﬁnitate
2763 1641 3106 1712 coniungitur
3143 1651 3190 1697 ο.
3224 1643 3407 1700 Discat
3423 1646 3523 1702 sub

1945 1730 2100 1786 vobis
2126 1730 2429 1800 Burgltndia
2471 1745 2560 1786 res
2598 1731 2972 1788 subtilissimas
2994 1733 3282 1804 inspicere,
3311 1742 3367 1790 et
3386 1736 3520 1790 anti-

255 1823 508 1891 leguntur
553 1833 822 1880 auctores.
852 1824 1075 1892 Quoties
1103 1839 1213 1881 non
1235 1833 1363 1882 sunt
1409 1823 1666 1882 credituri
1695 1823 1838 1894 quod
1873 1825 1914 1884 Β
1941 1837 2172 1893 quorum
2200 1822 2416 1878 inventa
2459 1821 2680 1878 laudare
2709 1841 2724 1878 :
2774 1837 2872 1893 per
2897 1838 3033 1893 quos
3065 1822 3086 1864 τ
3123 1824 3259 1898 [ed.,
3287 1841 3386 1897 per
3403 1823 3521 1897 vos]

253 1916 512 1978 viderint.
537 1917 752 1986 quoties
781 1917 920 1973 hanc
946 1917 1232 1973 veritatem
1269 1918 1470 1974 lusoria
1499 1919 1707 1973 somnia
1735 1933 1840 1988 pu-
1944 1914 2280 1984 propositum
2309 1912 2512 1982 gentile
2539 1913 2792 1983 deponit;
2827 1921 2884 1969 ct
2905 1913 3033 1969 dum
3074 1914 3411 1985 prudentiam
3439 1930 3520 1970 re-

253 2007 484 2062 tabunt?
507 2006 576 2063 Et
603 2007 824 2078 quando
863 2009 1063 2065 fuerint
1087 2024 1118 2065 a
1145 2018 1366 2080 stupore
1407 2007 1688 2076 conversi,
1731 2023 1840 2065 non
1941 2004 2025 2075 gis
2047 2004 2132 2061 sui
2178 2003 2418 2074 respicit,
2437 2003 2562 2073 jure
2611 2003 2753 2058 facta
2797 2003 3122 2073 sapientium
3169 2005 3519 2076 concupiscit.

251 2097 532 2153 audebunt
573 2113 634 2154 se
671 2099 908 2169 aequales
935 2098 1094 2156 nobis
1118 2097 1316 2168 dicere,
1339 2097 1481 2170 apud
1500 2112 1640 2169 quos
1663 2097 1842 2156 sciunt

251 2189 526 2258 sapientes
546 2189 671 2245 talia
697 2191 982 2260 cogitasse.

768 2301 1099 2358 EPISTOLA
1133 2300 1314 2358 XLVI.

251 2401 544 2446 summano
591 2389 617 2429 δ
666 2407 788 2449 sset
845 2407 1252 2450 nuncusntonmt
1300 2405 1665 2449 rusonontcus
1709 2378 1862 2448 uss.-

249 2476 547 2552 Horoloyia
588 2483 776 2548 solare,
809 2491 858 2536 et
887 2483 1116 2555 aquatile
1141 2501 1173 2537 a
1203 2482 1388 2555 Baetici
1421 2481 1681 2554 fabricata
1722 2497 1840 2537 cum

587 2569 764 2608 eorum
795 2552 1192 2624 dispositoribus
1221 2553 1299 2608 illi
1319 2552 1498 2608 mittit.

326 2644 710 2713 Amplectenda
748 2653 875 2701 sunt
903 2659 1128 2702 munera
1175 2659 1295 2716 qua:
1333 2644 1632 2716 probantur
1659 2641 1840 2700 omni-

1940 2097 2246 2164 Distinguat
2263 2095 2438 2166 Spatia
2451 2093 2556 2149 diei
2579 2094 2787 2150 actibus
2811 2093 2940 2161 suis,
2965 2093 3218 2150 horarum
3245 2095 3521 2166 aptissime

1943 2193 2216 2242 momenta
2262 2185 2573 2240 constituat.
2623 2179 2772 2238 Ordo
2819 2183 2943 2238 vita:
2969 2181 3223 2240 confusus
3249 2184 3444 2254 agitur,
3473 2183 3521 2240 si

1945 2278 2066 2334 talis
2089 2277 2340 2337 discretio
2361 2277 2462 2334 sub
2481 2275 2710 2332 veritate
2729 2275 2982 2332 nescitur.
2998 2275 3301 2332 Belluarum
3323 2276 3520 2348 quippe

1941 2370 2078 2428 ritus
2120 2377 2205 2426 est
2231 2377 2258 2418 ε
2306 2383 2373 2424 ex
2423 2367 2627 2424 ventris
2674 2365 2851 2421 esurie
2889 2365 3052 2420 horas
3078 2365 3299 2433 sentire,
3328 2372 3518 2424 etnon

1942 2463 2146 2520 habere
2185 2471 2416 2532 certum,
2443 2457 2589 2530 quod
2615 2465 2832 2515 constat
2859 2456 3107 2514 humanis
3149 2457 3334 2520 usibus
3379 2471 3517 2515 con-

1943 2555 2226 2612 tributum.

327 2817 356 2847 ιι
379 2799 567 2857 Simile
593 2814 747 2855 exem
789 2799 901 2854 lum
925 2807 1103 2856 exstat
1129 2799 1271 2870 apud
1310 2797 1374 2854 D.
1408 2796 1544 2854 Pros
1581 2811 1732 2854 erum
1759 2796 1829 2854 de

327 2873 512 2923 nmiss.
538 2879 595 2923 et
617 2814 864 2923 Praedia.
908 2869 1025 2923 Dei.
1052 2879 1205 2923 parte
1231 2870 1308 2923 tti.
1334 2883 1457 2923 can.
1489 2813 1588 2923 38p:
1613 2875 1669 2922 et
1690 2867 1832 2923 apud

1953 2797 2208 2866 maniam.
2259 2787 2322 2850 ϐ.
2358 2793 2458 2848 Th.
2500 2793 2570 2849 de
2601 2805 2777 2915 appet.
2813 2791 2853 2846 l.
2895 2805 2934 2846 ι.
2960 2788 3021 2846 C.
3051 2788 3152 2843 Th.
3194 2799 3261 2869 ne
3287 2783 3415 2866 quid
3435 2798 3532 2854 pu-

1953 2867 2064 2922 Jlic.
2094 2868 2244 2922 lattit.
2276 2863 2576 2918 Portitores
2603 2878 2632 2916 a
2660 2861 2805 2923 ioqui
2835 2868 2960 2914 sunt
2983 2859 3251 2921 telonartt,
3274 2869 3366 2923 qut
3397 2869 3520 2923 por.

253 2873 512 2934 Promiss.
538 2879 596 2939 et
617 2869 864 2925 Praedict.
908 2869 1025 2936 Dei,
1052 2869 1205 2939 parte
1231 2870 1308 2935 ni,
1334 2883 1457 2939 cap.

255 2945 528 3002 Bullinum
553 2937 755 2996 ﬂistor.
781 2936 1081 2996 ecclesiast.
1105 2941 1198 2996 lib.
1225 2956 1316 3002 vn,
1345 2936 1466 3008 cap.
1493 2937 1592 3004 εἴη
1618 2946 1676 3008 et
1693 2936 1832 3008 apud

255 3014 565 3080 [amnicum
601 3011 670 3065 de
723 3009 931 3080 chub.
962 3009 1252 3064 Mahomcti
1298 3009 1390 3064 lib.
1415 3006 1505 3064 'ttt
1555 3007 1624 3064 de
1651 3006 1834 3062 Rebus

253 3083 516 3143 Turcicis.
541 3079 662 3136 Jun.

326 3157 354 3196 δ
407 3153 526 3215 AL,
573 3149 935 3215 Gtmdibaldo;
983 3148 1054 3204 al.
1096 3149 1234 3220 apud
1275 3147 1834 3220 AdonemMViennen—

253 3241 392 3283 sem.
417 3222 469 3278 ls
493 3220 861 3290 Gundibaldus
908 3220 1094 3290 paucis
1132 3217 1268 3288 post
1304 3217 1636 3290 temporibus
1656 3217 1836 3290 victus

255 3307 340 3352 est
367 3311 397 3351 a
426 3293 698 3348 Clodoveo
720 3283 1050 3359 Francorum
1087 3283 1242 3359 rege,
1275 3283 1604 3359 apud'Greg.
1655 3283 1832 3359 Turo-

255 3383 384 3422 nen.
417 3363 510 3420 lib.
542 3377 604 3431 ιι,
633 3375 754 3430 cap.
787 3359 876 3412 52.
921 3357 1061 3431 Huic
1085 3355 1511 3431 Theodfmittit
1539 3355 1646 3412 duo
1674 3355 1840 3431 horo-

256 3436 420 3504 logia,
453 3425 616 3504 unuiu
647 3425 812 3485 totius
839 3429 1094 3485 motionis
1132 3429 1388 3498 omlestis,
1415 3429 1647 3483 alterum
1675 3425 1840 3482 hora-

255 3500 376 3562 rum
410 3503 496 3558 46.
529 3500 770 3556 Ροιιιεεῐι.

333 3587 356 3614 ο
391 3573 618 3630 Nuntios
662 3585 802 3640 saepe
831 3570 934 3626 hoc
961 3568 1180 3640 nomine
1208 3567 1474 3640 significat
1514 3574 1570 3622 et
1595 3565 1692 3622 lib.
1719 3580 1836 3640 vat,

257 3647 420 3715 epist.
453 3642 516 3710 8;
545 3642 638 3715 lib.
671 3635 1017 3715 x,_ep_i_st.___8.
1050 3635 1336 3715 Namantc
1377 3638 1576 3715 charta;
1601 3651 1760 3715 usum
1785 3635 1840 3689 in

255 3705 455 3771 dolatis
476 3705 539 3768 ex
572 3705 719 3778 ligno
739 3705 999 3766 codicillis
1019 3708 1368 3778 epistolarum
1395 3707 1609 3778 eloquia
1637 3705 1843 3762 scribe-

259 3785 477 3840 bantur.
511 3776 664 3838 Unde
689 3789 744 3836 et
773 3776 1068 3840 portitores
1106 3794 1293 3834 earum
1338 3776 1648 3833 tabellarios
1673 3791 1842 3831 voca-

259 3864 476 3922 verunt,
507 3852 680 3922 inquit
697 3845 888 3906 Isidor.
919 3851 1012 3922 lib.
1037 3865 1110 3922 vt,
1135 3865 1255 3920 cap.
1287 3848 1341 3913 8,
1375 3845 1608 3922 Etymol.
1636 3845 1840 3922 l._7._C_.

259 3919 364 3980 Th.
403 3915 473 3980 Si
501 3915 635 3980 cert.
664 3929 900 3992 petatur.
930 3920 997 3975 de
1018 3915 1576 3992 chirogr._portit'ores
1603 3924 1658 3971 et
1678 3915 1843 3992 baj_u_li

261 3995 523 4068 pecuniae,
547 4001 606 4050 et
628 3985 845 4062 gerulus
865 3985 1234 4056 litterarumﬂ.
1250 3985 1339 4054 23,
1367 4003 1578 4053 omnes,
1601 3994 1658 4042 et
1683 3985 1722 4041 l.
1752 3985 1840 4052 5t,

264 4122 2062 4149 W—

1613 2875 1669 2922 et
1690 2867 1832 2936 apud
1937 2855 2064 2922 blic.
2094 2868 2244 2922 lauit.
2276 2855 2960 2936 Portitoresalioquisunt
2983 2857 3251 2936 telonarii,
3274 2855 3366 2924 qui
3397 2869 3520 2923 por-

1936 2943 2048 2990 tum
2089 2936 2431 2998 obsidentes,
2461 2932 2643 2987 omnia
2672 2931 3103 2998 sciscitarentur,
3135 2934 3400 2998 ut‘ex_eo
3439 2936 3519 2977 ve-

1937 3005 2067 3076 tjgal
2119 2992 2448 3076 acciperent.
2505 3001 2646 3056 Non.
2695 2999 2916 3054 Marcel.
2975 2992 3170 3054 Donat.
3202 2995 3257 3050 in
3300 2992 3521 3049 Terent.

1940 3072 2252 3132 Phormioni
2284 3072 2525 3127 FORNER.

2009 3142 2035 3181 ἀ
2069 3144 2330 3214 Loquitur
2353 3142 2422 3196 de
2436 3139 2747 3214 clepsydra,
2767 3151 2928 3214 quam
2953 3135 3147 3214 Nasica
3174 3149 3368 3214 censor
3388 3213 3395 3214 ί
3413 3134 3522 3203 pri-

1935 3227 2055 3337 r'nus
2077 3203 2204 3270 fecit
2223 3210 2480 3269 Romanis
2509 3203 2646 3268 teste
2663 3203 2964 3267 Censorino
2995 3207 3063 3262 de
3083 3205 3273 3261 Divina
3300 3203 3522 3260 Natura.

1971 3299 2060 3337 un.

1971 3299 2060 3338 UB.

2011 3364 2036 3392 ο
2080 3353 2214 3408 Nam
2266 3351 2631 3408 Gundibaldus
2686 3349 2915 3404 duxerat
2961 3345 3127 3400 tiliam
3171 3340 3515 3398 Theoderici.

1937 3421 2166 3490 Gregor.
2199 3422 2404 3478 Toron.
2437 3422 2532 3476 lib.
2562 3435 2638 3486 ut,
2669 3433 2788 3490 cap.
2821 3416 2875 3472 5.
2905 3416 3144 3473 FORNEB.

2017 3493 2037 3532 τ
2071 3492 2240 3549 Plane
2269 3494 2355 3547 hic
2381 3491 2590 3547 restitui
2612 3491 2772 3545 debet
2800 3505 2892 3558 per
2916 3501 3068 3558 quos,
3091 3500 3198 3538 non
3229 3490 3408 3558 autem
3437 3496 3521 3551 per

2017 3504 2032 3532 ι
2071 3504 2240 3549 Plane
2269 3504 2355 3547 hic
2381 3504 2590 3547 restltm
2612 3504 2772 3545 debet
2800 3505 2892 3558 per
2916 3504 3068 3608 quos,
3091 3504 3198 3538 non
3229 3504 3408 3537 autem
3437 3504 3520 3551 per

1941 3581 2050 3619 vos.
2078 3562 2150 3619 Ut
2190 3563 2394 3618 scilicet
2421 3561 2487 3615 ad
2513 3576 2701 3615 vocem
2741 3564 3155 3628 prtecetenteut,
3183 3552 3524 3628 antiquarunt
3617 3599 3624 3606 .

1944 3617 2165 3689 referat.
2198 3617 2314 3686 Alia
2356 3631 2588 3684 lectione
2616 3645 2709 3701 per
2736 3617 3081 3701 nosvidetur
3107 3617 3286 3701 lapsus
3315 3617 3411 3701 per
3437 3617 3524 3698 Pi-

1951 3706 2134 3758 theum
2164 3703 2214 3756 in
2245 3717 2338 3758 sua
2362 3689 2678 3769 prmfatione
2708 3699 2776 3752 ad
2800 3698 2970 3769 libros
2992 3689 3229 3769 Salvia’ni
3251 3689 3520 3769 de’Provi:

1948 3774 2129 3828 dentia
2153 3772 2268 3838 Dei,
2293 3761 2385 3840 qui
2413 3770 2800 3840 interpretatur
2836 3765 2904 3821 de
2931 3761 3271 3840 Gundibaldo
3300 3773 3446 3840 rege,
3471 3763 3526 3840 et

1988 3829 2283 3911 repositum
2312 3829 2490 3911 gentis
2512 3829 2581 3893 de
2609 3836 2812 3891 foedere
2836 3842 2906 3911 _et
2951 3833 3210 3911 societate
3233 3829 3384 3911 tinita
3407 3839 3528 3883 cum

2001 3896 2208 3966 omanis
2227 3896 2528 3969 Gothisque
2550 3903 2954 3962 successoribus
2980 3900 3192 3969 accipit.
3222 3896 3418 3969 Ignes.

2023 3990 2050 4030 ις
2091 3980 2405 4035 Ammianus
2429 3965 2772 4034 Marcellinus
2799 3973 2896 4030 lib.
2927 3985 3078 4036 xxm,
3100 3965 3232 4039 'pag.
3261 3965 3387 4022 502.

2069 4100 3526 4132 Μ-

1353 4210 1704 4293 LIBER
1777 4199 2436 4290 SECUNDUS.

1711 4337 2119 4358 -Ψ

692 4427 796 4498 23
825 4418 1158 4478 EPISTULA
1194 4415 1427 4473 PRIMA.

324 4532 542 4576 PBSSIIO
577 4529 863 4572 ANAS'I'ASIO
900 4523 1226 4568 ικρειυτοιιι
1255 4515 1622 4561 τηεουοωουε
1661 4513 1790 4554 REX.

269 4610 550 4668 licuuntiat
575 4607 806 4664 Felicem
833 4604 1044 4659 Gallum
1071 4617 1164 4673 pro
1207 4597 1400 4654 meritis
1420 4595 1517 4650 Itoc
1545 4609 1685 4649 anno
1719 4607 1847 4647 con-

747 4678 908 4732 sulem
935 4675 1095 4746 fuisse
1120 4678 1368 4726 creatum.

339 4789 609 4846 Admonet
631 4803 731 4844 nos
751 4783 1086 4844 consuetudo
1114 4778 1372 4838 solemnis
1399 4776 1530 4833 dare
1550 4773 1729 4830 Fastis
1757 4785 1851 4827 no-

268 4894 419 4947 men,
441 4889 689 4936 ornatum
713 4877 986 4950 proprium
1016 4873 1222 4936 Romae,
1253 4880 1521 4927 terrenam
1540 4865 1705 4922 curiae
1733 4862 1850 4918 cla-

268 4972 522 5040 ritatem;
569 4978 628 5025 ut
651 4985 749 5040 per
792 4981 1056 5024 annorum
1083 4975 1366 5020 numerum
1405 4957 1660 5014 decurrat
1676 4952 1850 5024 gratia

347 5135 374 5165 ι
403 5124 653 5182 Formula
675 5124 702 5180 1
734 5122 827 5178 lib.
853 5137 924 5186 vt,
949 5122 1076 5178 anni
1099 5135 1194 5193 per
1219 5115 1468 5174 consules
1493 5109 1854 5168 numeraban-

271 5205 506 5326 tm‘IE'elia:
530 5281 564 5318 α
589 5263 800 5319 consule
825 5269 996 5317 sumat
1043 5269 1212 5326 annus
1260 5250 1593 5324 auspicium]
1625 5249 1853 5326 Constat

274 5353 345 5396 ex
394 5337 498 5390 hoc
547 5333 670 5390 loco
715 5332 992 5388 consulum
1042 5325 1511 5396 fuisseginchoare
1557 5325 1854 5396 annumct

319 5386 842 5473 audereiuvt—liqttet
870 5416 935 5456 ex
977 5400 1014 5454 l.
1047 5395 1070 5473 ξ
1119 5393 1184 5473 C_1
1211 5393 1522 5473 Th-epd._'ne
1548 5386 1849 5473 quid‘publ.

297 5459 466 5541 tetih;
495 5459 748 5530 Salviano
790 5472 884 5526 lib.
932 5469 1108 5541 Vthde
1147 5463 1514 5541 Providentia,
1563 5459 1854 5538 multisque

281 5528 430 5604 aliis.
453 5528 548 5601 Sic
572 5558 742 5599 novus
772 5557 944 5596 annus
975 5537 1272 5600 dicebatur,
1296 5528 1506 5608 primus
1546 5544 1722 5608 annus
1754 5528 1856 5580 im-

284 5599 692 5690 perii_al_i_cujtts
719 5609 1083 5690 imperatoris.
1137 5615 1195 5660 ut
1211 5683 1224 5690 _
1245 5599 1547 5690 ei_Setteea
1572 5599 1858 5690 negligere

282 5667 562 5752 (rash-Quid
579 5667 762 5739 actum
791 5667 861 5752 sit
890 5681 942 5734 in
972 5667 1110 5752 ctelo
1130 5683 1262 5752 ante
1310 5673 1464 5752 diem
1487 5669 1702 5724 tertium
1724 5667 1858 5752 idus

283 5741 558 5818 Qetobris,
590 5752 774 5809 Asinio
813 5749 1089 5821 Marcello,
1115 5741 1502 5821 Acillo_Aviola
1541 5753 1686 5821 coss.
1713 5749 1858 5821 anno

288 5805 850 5895 Kaibj'iiitib'saeuu
877 5805 1188 5880 felicissimi,
1216 5813 1341 5872 volo
1371 5809 1646 5868 memoria:
1673 5805 1854 5864 trade~

1884 4413 1939 4473 Ι)
1963 4408 2281 4478 dignitatum
2296 4446 2313 4475 ,
2335 4412 2392 4461 et
2416 4400 2693 4460 beneﬁciis
2733 4398 3037 4472 principum
3064 4406 3307 4455 sacretur
3331 4413 3528 4456 memo-

1952 4500 2034 4556 ria
2083 4497 2424 4556 steculorum.
2450 4493 2606 4550 Felix
2635 4506 2667 4548 a
2694 4490 2919 4548 consule
2945 4497 3125 4547 sumat
3153 4504 3326 4546 annus
3357 4490 3528 4560 auspi-

1955 4590 2098 4646 cium
2123 4598 2176 4658 ⁸,
2205 4594 2525 4658 portamque
2544 4583 2754 4638 dierum
2775 4581 2870 4638 tali
2887 4579 3109 4637 nomine
3133 4578 3342 4635 dicatus
3364 4593 3539 4636 annus
3621 4648 3633 4659 .

1954 4682 2210 4744 introeat,
2250 4677 2536 4746 faveatque
2561 4674 2784 4743 reliqum
2828 4671 2969 4744 parti
3013 4669 3225 4726 fortuna
3266 4670 3530 4743 principii.

1956 4769 2094 4838 Quid
2121 4768 2266 4824 enim
2287 4765 2440 4822 vobis
2459 4763 2606 4820 credi
2633 4763 2806 4834 possit
2827 4761 3064 4833 optatius
3089 4775 3249 4831 quam
3281 4769 3338 4815 ut
3363 4761 3533 4814 alum-

1957 4875 2058 4918 nos
2083 4858 2332 4930 proprios
2355 4855 2423 4910 ad
2443 4855 2610 4911 ubera
2638 4867 2735 4910 sua
2757 4851 2928 4908 Roma
2957 4849 3256 4919 recolligat,
3287 4849 3416 4904 etin
3443 4865 3533 4905 ve-

1957 4949 2200 5008 erando
2222 4946 2455 5004 nominis
2480 4952 2626 5003 cmtu
2651 4951 2901 5001 senatum
2945 4949 3266 4998 annutneret
3301 4939 3534 4996 Gallica-

1951 5121 2033 5160 re.
2082 5102 2178 5158 Est
2226 5111 2285 5158 et
2335 5107 2508 5163 uo‘vus
2547 5113 2721 5156 annus
2745 5112 2873 5169 pars
2895 5097 3003 5169 _illa
3034 5097 3186 5169 anni,
3217 5111 3337 5167 qua:
3365 5109 3532 5155 novas

1953 5175 2150 5245 fruges,
2176 5185 2454 5242 novosque
2471 5170 2677 5228 fructus
2703 5167 2865 5240 parit.
2893 5167 3136 5223 Tibullus
3165 5185 3179 5220 :

2044 5285 2104 5335 Et
2127 5284 2452 5348 quodcunque
2470 5282 2589 5333 mihi
2613 5293 2805 5343 pomum
2834 5291 2988 5330 novus
3015 5279 3197 5328 educat
3214 5287 3386 5325 anuus.

1953 5392 2044 5450 Sic
2068 5400 2310 5446 aestatem
2337 5389 2460 5444 novi
2488 5387 2613 5442 anni
2653 5385 2855 5440 dixisse
2883 5381 3097 5438 videtur
3121 5379 3346 5452 Gellius,
3381 5379 3532 5452 quod

1953 5472 2112 5521 testas
2139 5475 2306 5516 novas
2335 5459 2510 5528 fruges
2532 5455 2744 5528 afferat.
2769 5451 3155 5522 Saepenumero
3176 5450 3342 5506 etiam
3375 5450 3532 5506 usur-

1958 5542 2253 5606 patur_pro_
2275 5527 2400 5606 anni
2428 5527 2608 5606 initio,
2633 5535 2694 5582 ut
2719 5537 2918 5580 novum
2961 5535 3078 5578 ver.
3106 5534 3246 5578 nova
3271 5527 3437 5578 testas
3485 5530 3541 5577 et

1959 5596 2163 5659 {astatis
2181 5600 2412 5656 initium.
2446 5596 2668 5654 Ovidius
2693 5613 2711 5652 :

2088 5716 2315 5780 Dic,age,
2335 5713 2602 5784 frigoribus
2625 5723 2780 5775 quare
2805 5722 2959 5763 novus
2984 5683 3340 5826 incipitﬂgtsgs.

3179 5785 3326 5827 ⁸088.
