3952 6400
428 307 536 367 διδ

1648 299 1719 354 Μ.
1761 289 2039 353 ΑυιιΕιιι
2075 288 2466 348 CASSIODORi

3593 277 3702 335 5H

442 442 574 494 num
597 427 660 482 ⁸2
689 426 959 497 Agnoscat
979 421 1132 479 .curia
1162 413 1503 486 Transalpini
1527 411 1802 482 sanguinis
1827 410 2011 475 dedus,
2042 411 2088 468 Α
2119 405 2496 478 prmdicantur.
2519 402 2712 460 Currat
2733 399 2971 470 quiaimo
2999 398 3264 452 honorum
3294 394 3465 465 gratia
3489 408 3590 497 per
3615 407 3712 464 pa-

431 535 554 587 qnae
577 533 686 580 non
713 515 880 574 semel
909 527 1165 568 coronam
1205 524 1356 564 suam
1403 505 1700 562 nobilitatis
1745 501 1861 572 ejus
1880 500 2016 572 ﬁore

436 609 676 664 vestivit.
702 607 860 662 Novit
881 591 1021 670 inter
1038 602 1280 669 reliquos
1297 597 1474 660 fasces
1494 597 1640 652 viros
1661 594 1784 650 inde
1805 605 2018 648 sumere

435 698 766 764 consulares,
797 695 902 764 qui.
935 694 1096 763 longo
1127 699 1409 746 stemmate
1447 688 1610 744 ducto
1636 701 1736 756 per
1780 684 2018 749 trabeas,

437 791 558 858 lege
601 799 910 858 temporum
948 783 1273 854 originarius
1317 790 1402 837 cst
1428 779 1716 834 honorum.
1741 775 1873 831 Nam
1901 774 2020 846 quis

437 877 702 935 honorum
732 875 968 930 indolem
1009 873 1218 928 nesciat
1247 885 1365 926 esse
1405 867 1664 933 Felicem,
1713 866 1804 936 qui
1837 864 2022 934 primis

439 963 690 1035 auspiciis
731 963 858 1035 hinc
909 959 1144 1034 prodidit
1171 960 1442 1026 meritum,
1485 957 1629 1028 quod
1679 956 1748 1010 ad
1793 955 2022 1025 patriam

439 1055 589 1110 visus
631 1062 716 1112 est
743 1054 1000 1110 festinare
1030 1053 1304 1108 virtutum.
1348 1051 1555 1106 Bonum
1599 1047 1860 1118 judicium
1917 1055 2020 1114 est,

443 1141 990 1214 secutaprosperitas
1022 1158 1036 1194 :
1065 1141 1239 1198 crevit
1283 1155 1404 1196 cum
1431 1137 1680 1194 libertate
1702 1143 2023 1208 provectus;

447 1247 550 1290 nec
575 1231 719 1303 passi
758 1247 943 1290 sumus
989 1247 1111 1288 eum
1141 1230 1428 1301 inglorium
1467 1230 1793 1299 relinquere,
1825 1227 1918 1297 qui
1961 1225 2028 1282 ad

445 1323 712 1378 honorem
757 1322 966 1393 reipub.
1009 1321 1207 1378 meruit
1255 1321 1559 1392 pervenire.
1618 1319 1818 1388 Dignus
1869 1317 2031 1388 plane

448 1409 786 1486 largitatibus
813 1413 1028 1476 nostris,
1059 1412 1151 1482 qui
1181 1412 1235 1466 in
1274 1411 1392 1480 ipso
1419 1409 1666 1480 pueritia:
1695 1407 1828 1463 ﬂore
1857 1415 2034 1462 matu-

452 1501 530 1557 ris
554 1501 794 1576 moribus
815 1501 1080 1574 lubricam,
1093 1499 1578 1568 frenavittetatem;
1601 1507 1672 1565 et,
1689 1497 1833 1568 quod
1853 1513 2031 1552 rarum

453 1593 801 1658 continentia:
845 1592 1048 1666 bonum
1101 1600 1219 1661 est,
1248 1601 1404 1663 patre
1455 1591 1714 1662 privatus,
1758 1588 2036 1660 gravitatis

456 1678 631 1749 factus
682 1689 766 1738 est
817 1681 958 1736 ﬁlius
997 1699 1011 1735 :
1049 1677 1397 1754 cupiditatem
1447 1680 1718 1748 inimicam
1759 1669 2036 1748 sapientiae

2115 507 2314 566 rentes,
2364 499 2464 555 sub
2493 497 2717 568 imperio
2755 495 2881 551 boni
2926 493 3186 564 principis
3213 490 3454 546 omnium
3485 488 3706 544 fortuna

2115 589 2382 662 proﬁciat.
2407 587 2541 642 Nam
2580 587 2699 656 quis
2735 586 2988 654 desperet
3015 590 3382 651 augmentum.
3413 580 3507 635 ubi
3536 585 3622 634 est
3651 577 3708 632 in

2117 695 2305 736 amore
2349 677 2568 743 donum,
2602 685 2658 730 et
2685 686 2941 746 praestare
2973 671 3356 744 propositum?
3399 665 3577 738 Hujus
3622 683 3716 723 ex-

2117 769 2416 841 perimenta
2431 765 2728 822 clementiae
2745 775 2797 818 te
2815 764 3013 818 retines
3035 754 3554 832 approbasselmsm,
3559 768 3716 813 tenes

2120 877 2210 918 me
2249 854 2618 931 approbasse],
2651 871 2771 910 cum
2817 854 2918 909 soli
2947 853 3194 923 genitalis
3237 851 3448 906 fortuna
3497 849 3715 914 relicta,

2127 951 2277 1006 velut
2301 948 2536 1021 quodam
2563 945 2891 1017 postliminio
2914 944 2966 999 in
2995 945 3271 1014 antiquam
3301 940 3531 1012 patriam
3561 954 3718 994 com-

2126 1037 2619 1109 measses.Excepit
2638 1046 2691 1091 te
2711 1046 2894 1091 noster
2913 1034 3160 1102 affectus,
3178 1033 3418 1104 implevit
3437 1029 3720 1086 beneﬁciis

2127 1147 2338 1198 manus,
2366 1129 2596 1198 fecitque
2623 1143 2742 1182 esse
2763 1135 2968 1192 votum,
3000 1124 3145 1194 quod
3170 1134 3413 1178 nostrum
3453 1121 3720 1192 expetiis-

2127 1243 2216 1284 ses
2244 1225 2546 1296 imperium.
2576 1221 2666 1278 Sic
2694 1222 2836 1276 enim
2879 1219 3104 1274 decebat
3150 1209 3422 1281 crescere,
3455 1215 3552 1286 qui
3603 1231 3722 1268 me-

2130 1317 2265 1373 liora
2292 1315 2438 1370 visus
2465 1321 2546 1368 est
2574 1310 2822 1381 elegisse.
2847 1307 3084 1362 Mutatur
3132 1306 3274 1362 enim
3325 1306 3543 1361 fortuna
3595 1319 3724 1358 eum

2132 1405 2390 1472 dominis;
2420 1411 2477 1460 et
2511 1403 2564 1458 in
2593 1400 2751 1456 laude
2775 1398 3050 1468 regnantis
3079 1395 3321 1466 proﬁcit,
3362 1395 3510 1466 quod
3539 1393 3728 1464 subje-

2133 1506 2256 1554 ctus
2293 1495 2539 1564 acquirit.
2572 1493 2642 1546 At
2666 1499 2722 1544 tu
2749 1505 2932 1560 parem
2963 1496 3016 1543 te
3045 1488 3170 1543 huic
3196 1487 3544 1558 indulgentia:
3587 1499 3722 1555 prte-

2135 1584 2338 1644 stitisti.
2371 1584 2564 1640 lllustri
2611 1583 2756 1638 enim
2786 1581 2994 1636 honore
3024 1579 3252 1642 ditatus,
3287 1586 3434 1632 tanta
3465 1585 3521 1632 te
3549 1584 3731 1630 matu-

2137 1679 2298 1734 ritate
2325 1674 2613 1740 tractabas,
2646 1681 2707 1728 ut
2754 1686 2926 1726 annos
2973 1670 3122 1725 leves
3167 1668 3435 1740 patereris
3463 1683 3588 1723 esse
3627 1666 3731 1723 sub

455 1770 784 1842 subjugavit.
815 1771 1072 1846 vitiorum
1120 1769 1314 1826 blanda
1369 1768 1721 1844 contempsit,
1775 1767 2040 1838 superbiae
2073 1761 2116 1820 Β
2141 1765 2400 1842 pondere,
2432 1779 2592 1834 quem
2622 1778 2731 1818 non
2758 1760 2936 1833 potuit
2975 1759 3028 1814 in
3076 1759 3248 1828 prima
3295 1765 3458 1812 aetate
3504 1757 3732 1813 vincere

457 1873 598 1914 vana
626 1859 876 1932 calcavit.
907 1859 984 1914 fta
1003 1860 1268 1931 superatis
1296 1859 1604 1935 excessibus
1629 1866 1754 1914 ante
1795 1858 1924 1930 dare
1956 1858 2038 1912 vi-

459 1965 552 2018 sus
579 1959 662 2007 est
688 1951 756 2007 de
783 1952 1406 2020 moribusconsulatum.
1433 1950 1544 2007 Nos
1575 1959 1754 2007 autem
1777 1951 1868 2022 qui
1891 1951 2044 2008 bonis

461 2043 776 2106 redimimur
796 2043 1068 2116 institutis,
1095 2058 1232 2114 quos
1253 2042 1494 2114 probitas
1515 2043 1754 2119 inspecta
1770 2039 2023 2099 conciliat

462 2133 677 2202 curules
705 2132 900 2206 infulas
929 2133 956 2172 ι’
987 2133 1329 2210 pmstitimus
1359 2133 1664 2202 candidato,
1697 2141 1766 2203 ut,
1783 2132 2043 2213 virtutum

463 2223 729 2297 desideria
752 2225 1018 2298 possimus
1039 2241 1336 2302 provocare
1357 2241 1454 2302 per
1483 2241 1705 2299 munera
1735 2243 1749 2278 :
1781 2215 2043 2302 quianon

462 2289 648 2370 deficit
675 2288 1184 2386 reiwstudiuquuze
1204 2288 1480 2386 praemium
1508 2288 1707 2384 largius
1746 2288 1926 2370 habet.

466 2417 573 2472 que
599 2378 866 2474 ideovos,
896 2406 988 2475 qui
1018 2378 1296 2478 utriusque
1322 2378 1532 2476 reipnb.
1555 2378 1716 2462 bonis
1757 2378 2048 2490 indiscret§a

467 2493 694 2564 potestis
739 2494 910 2564 gratia
955 2494 1236 2563 delectari,
1283 2495 1496 2566 jungite
1525 2495 1785 2560 favorem,
1815 2495 2048 2576 adunate

471 2583 816 2640 sententiam.
845 2585 1140 2641 Amborum
1179 2585 1386 2656 judicio
1415 2587 1610 2656 dignus
1655 2583 1755 2642 est'
1779 2587 1925 2656 eligi,
1957 2579 2049 2656 qui

475 2673 644 2729 tantis
665 2671 896 2730 fascibus
917 2687 1154 2729 meretur
1181 2675 1384 2744 augeri.

1049 2805 1381 2874 EPISTOLA
1417 2806 1482 2863 11.

478 2911 653 2960 nunt
681 2913 804 2962 ἫΒο
842 2913 1087 2957 ιιιυετιιι
1128 2913 1345 2956 CONSULI
1382 2912 1664 2955 ORDINABIO
1692 2913 2054 2972 TBEQDOBICUS

1202 2984 1331 3024 REX.

2142 1856 2428 1915 fortissima
2454 1855 2536 1909 vis
2565 1861 2788 1908 naturaz.
2824 1851 3049 1906 Paterna
3078 1849 3222 1904 enim
3249 1847 3553 1904 substantia
3579 1846 3734 1901 locu-

2142 1926 2397 2021 pletatus,
2422 1959 2541 2016 quae
2557 1957 2770 2014 semper
2789 1955 2961 1996 novos
2987 1937 3475 1998 extollithteredes,
3501 1951 3734 1992 conser-

2145 2039 2286 2096 vasti
2302 2036 2532 2110 divitias,
2565 2049 2689 2090 cum
2717 2031 2785 2086 ad
2811 2046 2904 2086 eas
2930 2037 3126 2101 prmter
3147 2027 3353 2083 laboris
3379 2025 3562 2082 studia
3605 2041 3735 2096 per-

2145 2111 2402 2184 venisses.
2431 2123 2739 2181 Soletenim
2759 2121 2918 2177 facile
2943 2119 3072 2183 labi,
3100 2117 3248 2188 quod
3273 2117 3392 2172 sine
3414 2113 3737 2170 difficultate

2147 2221 2322 2292 potuit
2351 2217 2597 2273 inveniri.
2623 2213 2832 2295 Auxisti
2858 2211 3242 2282 patrimonium
3266 2208 3576 2264 vivacitatis
3597 2205 3617 2280 [
3639 2205 3737 2264 Gr.

2146 2319 2196 2364 et
2217 2307 2359 2379 Cuj.,
2389 2301 2714 2374 vicinitatis]
2741 2301 3012 2358 instantia.
3043 2299 3177 2354 Nam
3201 2299 3346 2369 quod
3375 2299 3590 2366 signum
3619 2312 3740 2352 ma-

2147 2398 2229 2468 gis
2246 2398 2404 2454 bona:
2430 2394 2851 2470 dispensationis
2879 2393 2984 2468 [σά.
3015 2392 3133 2458 Ac.,
3158 2389 3552 2461 dispositionis]
3584 2405 3739 2460 qum-

2148 2499 2316 2555 ratur,
2365 2487 2456 2544 ubi
2483 2486 2638 2542 testis
2683 2494 2765 2542 est
2789 2485 3135 2542 consulatus?
3182 2481 3240 2538 ln
3287 2486 3438 2537 tanta
3479 2482 3744 2537 facultate

2149 2578 2412 2656 meruisti,
2441 2575 2511 2632 ad
2535 2576 2680 2646 quod
2705 2576 2794 2652 vix
2813 2574 3015 2630 eversis
3038 2572 3377 2644 patrimoniis
3397 2573 3743 2643 pervenitur.

2152 2646 2374 2726 I5r'ivatat
2417 2663 2652 2738 parcitas
2697 2650 3055 2722 liberalitates
3098 2664 3344 2736 publicas
3389 2675 3411 2701 ε
3459 2664 3745 2719 enutrivit.

2152 2761 2432 2820 'l'rattsiisti
2461 2759 2690 2830 gloriam
2737 2758 2906 2831 patris
2948 2757 3302 2827 dispositione
3353 2755 3646 2822 laudabili;
3691 2766 3748 2812 et

2153 2855 2299 2926 quod
2339 2855 2430 2910 ille
2457 2867 2730 2910 assumere
2755 2834 2865 2907 non
2905 2850 3096 2914 valuit,
3125 2849 3192 2905 de
3221 2847 3343 2938 ejus
3367 2847 3566 2918 opibus
3613 2847 3750 2938 effe-

2156 2945 2296 3004 cisti.
2323 2945 2514 3004 Celsos
2538 2959 2730 3000 currus
2777 2942 2878 2998 nisi
2930 2940 3258 2997 confidentia
3288 2933 3482 3009 magna
3515 2954 3627 2994 non
3658 2933 3751 3008 ap-

478 3056 757 3130 Confertur
781 3057 860 3112 illi
886 3057 1168 3132 indictione
1194 3075 1260 3132 _t_v
1287 3061 1510 3132 consulis
1550 3059 1781 3132 dignitas
1802 3100 1818 3127 ,
1851 3061 2056 3117 mltis-
2089 3120 2126 3132 _
2157 3039 2316 3132 Pe‘i‘g
2337 3037 2464 3132 ὼξω
2483 3031 2846 3132 εθηξτίξδί-θδι
2870 3027 3252 3132 ξίηίῐηίηο-Ρίῆτθ
3289 3029 3434 3132 q_“°d
3473 3045 3754 3132 _s“"'m“"‘

959 3145 1054 3200 que
1079 3128 1317 3189 laudibus
1343 3129 1574 3198 effertur.

553 3212 804 3273 Amemus
845 3214 1108 3274 beneﬁcia
1152 3225 1336 3275 nostra
1386 3219 1692 3289 geminare,
1747 3229 1852 3276 nco
1886 3219 2056 3278 semel

481 3314 700 3377 praestat
747 3306 966 3380 largitas
1019 3308 1219 3368 collata
1270 3308 1584 3377 fastidium;
1631 3311 1910 3382 magisque
1953 3327 2056 3368 nos

481 3405 780 3466 provocant
805 3397 876 3453 ad
919 3399 1174 3468 frequens
1219 3400 1521 3470 praemium,
1549 3401 1639 3470 qui
1669 3401 1821 3457 initia
1857 3412 2057 3460 nostrae

482 3487 668 3556 gratiae
709 3487 984 3560 suscipere
1034 3497 1368 3544 meruerunt.
1411 3489 1576 3546 Novis
1621 3491 1763 3546 enim
1797 3489 2057 3560 judicium

484 3575 829 3645 lmpenditur,
860 3577 1016 3636 favor
1039 3588 1220 3642 autem
1271 3581 1442 3654 semel
1495 3581 1705 3658 placitis
1752 3583 2054 3640 exhibetur.

484 3667 754 3725 Decorum
782 3677 866 3725 est
891 3683 1122 3738 namque
1145 3669 1408 3742 principis
1433 3671 1656 3728 arbitria
1694 3687 1804 3728 non
1831 3671 2058 3738 hrercre,

488 3761 614 3831 quia
641 3760 1084 3818 commendantur
1127 3762 1308 3834 priora
1353 3763 1743 3834 posterioribus
1786 3763 1962 3830 donis,
2006 3773 2065 3820 et

490 3849 734 3928 ﬁrmatur
774 3852 949 3930 omnis
975 3850 1272 3912 indubitata
1317 3852 1388 3912 de
1421 3855 1744 3926 repetitione
1772 3855 2061 3923 sententia.

489 3939 706 3999 Pridem
737 3940 832 3998 tibi
852 3941 1118 4012 honorum
1163 3942 1450 4008 tribuimus
1472 3943 1716 4014 gradum,
1745 3959 1890 4010 nunc
1913 3943 2066 4000 fasti-

481 4031 635 4100 gium
665 4032 1010 4100 concedimus
1052 4031 1408 4105 dignitatum;
1455 4041 1516 4106 ut
1552 4041 1610 4089 et
1659 4034 1930 4090 anteriora
1971 4035 2069 4090 tibi

489 4125 690 4182 merito
726 4127 1020 4183 contulisse
1057 4125 1352 4192 videamur,
1389 4134 1445 4182 et
1482 4125 1536 4180 in
1564 4125 1915 4198 sequentibus
1939 4141 2070 4182 con-

488 4216 748 4272 stantiam
791 4223 979 4271 tenere
1021 4222 1205 4270 nostra
1242 4209 1554 4282 benignitas
1595 4215 1906 4271 aestimetur.
1953 4215 2072 4270 Non

488 4303 641 4360 enim
661 4302 892 4373 relinqui
913 4301 1174 4386 inglorios
1183 4301 1440 4371 patimur,
1468 4303 1561 4372 qui
1589 4303 1801 4372 generis
1827 4303 2076 4360 claritate

2079 3120 2128 3186 Ο
2157 3135 2262 3186 est.
2288 3126 2560 3184 Audentes
2585 3125 2713 3182 facit
2740 3125 2988 3180 homines
3033 3123 3228 3180 fiducia
3257 3123 3360 3188 sui,
3394 3123 3524 3193 quia
3545 3136 3608 3176 se
3636 3135 3754 3174 non

2155 3219 2359 3292 patitur
2397 3217 2662 3283 occulere,
2703 3231 2864 3286 quem
2914 3215 3218 3286 prtecipitat
3262 3209 3465 3269 natura
3489 3213 3739 3282 prodire.

2159 3307 2340 3385 Rediit
2378 3324 2477 3384 per
2530 3317 2582 3364 te
2633 3306 3000 3378 Transalpina:
3043 3305 3260 3361 familiae
3311 3304 3652 3385 consulatus,
3696 3311 3757 3360 et

2159 3381 2386 3459 arentes
2423 3400 2609 3456 laurus
2658 3399 2817 3455 viridi
2871 3399 3115 3468 germine
3162 3381 3488 3453 renovasti.‘
3525 3389 3758 3452 Sacram

2165 3490 2362 3566 Urbem
2384 3489 2564 3566 aspice
2585 3488 2692 3544 tuis
2721 3487 2862 3544 votis
2883 3486 3242 3542 candidatam.
3275 3482 3463 3540 Tende
3492 3485 3661 3554 igitur
3679 3485 3753 3540 ad

2159 3564 2380 3638 laudum
2407 3564 2553 3634 celsa
2578 3577 2834 3648 vestigia;
2876 3585 2936 3633 ut
2964 3575 3175 3647 priores
3203 3581 3346 3639 tuus,
3379 3581 3520 3646 quos
3547 3577 3762 3632 honore

2159 3659 2402 3745 reparas,
2434 3670 2633 3726 virtute
2665 3665 3036 3724 transcendas.
3087 3665 3252 3722 Sume
3282 3666 3446 3735 igitur
3484 3681 3584 3736 per
3613 3665 3762 3721 indi-

2161 3765 2398 3821 ctionem
2423 3768 2672 3832 quartam
2699 3757 2775 3832 [id
2793 3767 2871 3814 est
2891 3773 2981 3812 an.
3012 3755 3140 3812 Chr.
3167 3755 3264 3814 5H
3286 3755 3649 3828 ]consulatus
3677 3757 3762 3812 in-

2163 3854 2354 3924 signia,
2385 3851 2713 3921 dignumque
2759 3845 2824 3904 te‘
2853 3856 3130 3903 tantorum
3167 3847 3452 3904 desideriis
3498 3846 3766 3917 presenti

2163 3942 2455 4014 comproba
2477 3940 2746 4014 largitate.
2769 3937 2870 4020 llic
2897 3935 3142 4012 profecto
3173 3936 3327 3991 locus
3355 3943 3462 3998 est,
3505 3938 3596 3991 ubi
3623 3951 3767 4006 prae-

2169 4033 2386 4089 conium
2414 4039 2652 4086 meretur
2679 4027 2900 4095 effusio;
2929 4035 2986 4082 et
3023 4027 3239 4082 virtutis
3265 4040 3438 4094 genus
3492 4035 3597 4092 est,
3636 4043 3768 4096 pro-

2169 4123 2342 4196 priam
2371 4121 2725 4178 substantiam
2751 4135 2862 4175 non
2889 4133 3093 4184 amare,
3127 4118 3218 4174 ubi
3246 4126 3457 4172 tantum
3485 4120 3768 4188 opinionis

2173 4211 2485 4282 acquiritur,
2515 4218 2776 4280 quantum
2819 4209 3164 4265 facultatibus
3185 4208 3498 4277 abrogatur.
3531 4210 3715 4279 fit-spis
3738 4227 3768 4264 e

2176 4311 2234 4360 te
2259 4318 2425 4374 supra
2444 4301 2685 4358 omnium
2728 4302 2988 4357 humeros
3041 4308 3206 4370 atque
3255 4315 3352 4354 ora
3385 4301 3654 4366 volitare;
3688 4312 3770 4354 la-

565 4508 602 4538 α
631 4497 694 4570 D.
726 4497 876 4555 Grai.
907 4507 966 4556 et
992 4498 1156 4570 Cujas
1192 4505 1386 4570 putant
1427 4497 1730 4570 legendum,
1761 4506 1810 4552 et
1836 4499 1891 4552 in
1918 4514 2068 4570 pgne-
2097 4503 2150 4565 ι)
2171 4499 2321 4570 signa
2359 4497 2554 4569 quibus
2592 4497 2937 4570 distinguitur
2961 4496 3100 4570 liber
3142 4511 3175 4550 a
3198 4511 3380 4570 servo,
3404 4496 3445 4570 _l.
3473 4496 3760 4566 iubemus.

493 4569 658 4628 randi
683 4571 906 4625 nominis
953 4567 1132 4624 emtum
1183 4567 1501 4624 (innumerali
1523 4568 1877 4636 Gallicanum.
1917 4567 2068 4636 Μελ,

495 4637 576 4698 Et
607 4641 663 4698 in
701 4641 996 4706 perterenda
1019 4641 1262 4710 .nontinis
1309 4649 1438 4702 coetu
1483 4649 1784 4717 annumeret
1837 4635 2074 4707 Gallica?

575 4777 606 4818 1³
633 4776 804 4848 infula
831 4776 993 4848 fascia
1020 4779 1180 4848 estin
1233 4779 1448 4836 modum
1497 4778 1845 4843 diadematis,
1895 4791 2074 4848 aqquo

500 4847 816 4920 dependent
838 4847 984 4920 vittae
1011 4847 1080 4904 ab
1126 4857 1371 4920 utraque
1395 4848 1570 4920 parte.
1590 4847 1828 4920 Quidam
1878 4847 2074 4920 infulas

484 4915 847 4972 .sacerdotum
877 4917 1206 4974 ﬁlamentum
1229 4915 1509 4974 vocabant.
1537 4919 1644 4973 Alii
1663 4917 1907 4973 scribunt
1935 4915 2072 4972 infu-

506 4986 591 5068 las
620 4986 890 5068 filameuta
931 4987 1051 5068 alba
1087 4989 1428 5068 essepqnibus
1470 4987 1668 5057 templa
1715 4985 2075 5068 ornabantur;

502 5065 566 5128 et
588 5056 758 5128 moris
775 5055 937 5114 fuisse
960 5063 1020 5128 ut
1035 5055 1316 5128 nubentes,
1335 5055 1642 5128 priusquam
1668 5055 1846 5128 mariti
1860 5055 2079 5128 domum

507 5121 938 5197 ingrederentur,
969 5125 1149 5197 infulis
1175 5121 1358 5197 postes
1381 5121 1656 5185 ornarent.
1691 5121 1826 5197 Hinc
1854 5121 2076 5197 factum,

510 5193 657 5250 ut’ad
681 5209 896 5251 omnem
920 5193 1231 5262 dignitatem
1253 5196 1536 5260 referatur,
1557 5196 1810 5264 quoniam
1831 5193 2084 5264 quaelibet

511 5264 958 5337 dignitas__habui_t
982 5266 1208 5337 insignia
1256 5264 1538 5337 sua._Erat
1563 5263 1620 5337 et
1670 5263 1834 5319 infula
1856 5263 2079 5337 corona

513 5329 824 5408 imperialis.
850 5334 1008 5408 Lﬁfl.
1039 5329 1262 5408 jn'ﬁne.
1286 5335 1348 5390 C.
1380 5335 1449 5392 de
1485 5335 1646 5408 quad.
1671 5329 1974 5408 praesulioc
1999 5339 2084 5408 est

513 5397 762 5480 diadema
789 5397 934 5478 quod
957 5397 1202 5480 Valerius
1228 5413 1389 5480 vocat
1415 5397 1702 5480 nobilem:
1717 5401 1887 5480 magis
1916 5407 2080 5480 quam

514 5466 730 5546 felicem
742 5466 1011 5546 pannum,
1032 5475 1214 5546 multis
1240 5466 1404 5546 curis,
1415 5466 1886 5546 sollicitudinibus,
1919 5466 2083 5546 misce

518 5539 720 5612 riisque
751 5539 1038 5598 refertum.
1068 5539 1206 5598 sum
1250 5543 1412 5598 etiam
1458 5542 1636 5598 infulae
1663 5541 1992 5602 consulares,
2025 5545 2084 5593 et

520 5611 762 5668 praefecti
789 5613 1059 5668 praetorio.
1099 5621 1160 5666 ut
1187 5613 1224 5668 l.
1253 5611 1283 5665 Ι
1310 5611 1370 5667 C.
1401 5613 1470 5668 de
1495 5607 1716 5668 Consul.
1744 5608 1784 5663 l.
1817 5609 1907 5662 ﬁn.
1963 5609 1990 5668 ξ
2027 5608 2078 5663 1.

559 5609 762 5666 πεῖθοιί
789 5613 1059 5681 praetorio,
1099 5621 1160 5666 ut
1187 5613 1224 5668 l.
1253 5611 1283 5665 Ι
1310 5611 1370 5667 C.
1401 5613 1470 5668 de
1495 5609 1716 5668 Co‘nsul.
1744 5609 1784 5663 l.
1817 5609 1907 5662 ﬁn.
1963 5609 1990 5679 §
2027 5609 2078 5663 Ι.

605 5679 699 5759 .de
721 5680 906 5768 decur.
917 5680 1044 5809 μ
1067 5680 1198 5763 item
1227 5680 1404 5736 infula:
1423 5681 1663 5762 magistri
1685 5679 2008 5744 ofﬁciorum,
2038 5677 2075 5731 l.

559 5779 564 5798 ι
603 5763 660 5804 ω
687 5746 781 5806 ﬁn.
809 5751 870 5808 ί...
953 5766 986 5809 e
1012 5765 1280 5809 primicer.
1309 5750 1442 5808 Item
1485 5759 1610 5808 sunt
1635 5747 1812 5808 infula:
1838 5746 2078 5809 quaedam

521 5743 564 5800 2
603 5746 660 5804 in
687 5746 781 5806 ﬁn.
809 5751 870 5808 C.
917 5743 986 5809 de
1009 5743 1280 5818 primicer.
1309 5750 1442 5808 Item
1485 5743 1610 5808 sunt
1635 5747 1812 5808 infula:
1838 5743 2079 5818 quaedam

2179 4566 2242 4625 CI
2273 4569 2341 4626 de
2359 4566 2524 4639 praep.
2552 4583 2694 4625 sacr.
2725 4568 2850 4639 cub.
2878 4566 2970 4622 Sic
2986 4567 3257 4639 honorum
3285 4566 3466 4639 infulae
3485 4571 3542 4639 in
3566 4571 3603 4622 Ι.
3643 4571 3667 4622 1
3697 4573 3761 4627 C.

2179 4639 2248 4708 de
2275 4633 2560 4708 temporib.
2587 4637 2764 4708 appel.
2811 4635 3134 4708 Imperiales
3173 4633 3354 4708 infulae
3381 4637 3435 4691 in
3483 4637 3520 4708 ly.
3566 4641 3666 4694 ult.
3699 4642 3763 4697 (Σ.

2179 4705 2476 4779 dequadri.
2503 4705 2718 4779 praescr.
2749 4705 2970 4779 majoris
2996 4705 3477 4761 administrationis
3493 4707 3682 4765 infula:
3713 4713 3767 4766 in

2177 4778 2217 4833 ι.
2247 4775 2360 4833 1⁷0.
2395 4787 2454 4832 ut
2474 4775 2663 4834 omnes
2682 4775 3123 4844 iudices..Baoss.

2255 4860 2277 4887 ο
2303 4847 2470 4918 Paulo
2499 4845 2956 4918 post'eﬂusionem
2996 4846 3242 4901 nominat
3263 4848 3360 4908 τὰς
3406 4849 3690 4915 ὑπατείας,
3713 4857 3770 4906 et

2181 4917 2400 4974 missilia
2427 4915 2708 4974 consulum
2733 4915 3003 4980 intelligit,
3034 4923 3092 4970 et
3129 4930 3353 4970 munera
3382 4931 3575 4972 eorum
3615 4935 3770 4974 suin-

2180 4987 2559 5058 ptuheduntur
2598 4986 2817 5058 populo,
2850 4982 2988 5058 infra
3019 4984 3110 5058 lib.
3143 5001 3219 5049 vt,
3267 4982 3428 5058 form_.
3481 4987 3537 5058 1Ἷ
3585 4987 3623 5042 l.
3671 4987 3764 5044 36.

2183 5053 2702 5127 Publicitus,AD.'de
2736 5053 2903 5127 cond.
2939 5062 3006 5127 et
3041 5055 3343 5127 demonstr.
3373 5055 3544 5127 Quod
3569 5067 3766 5127 postea

2180 5125 2378 5182 Leonis
2397 5135 2454 5182 et
2481 5123 2711 5181 Zenonis
2731 5124 3208 5180 constitutionibus
3227 5123 3590 5194 prohibitum,
3611 5136 3667 5181 et
3697 5127 3766 5181 ad

2180 5197 2588 5268 aqnmductuum
2605 5195 3046 5277 instaurationem
3070 5195 3388 5276 translatum
3414 5205 3520 5262 est,
3547 5196 3587 5253 l.
3618 5195 3676 5258 2,
3709 5196 3765 5264 ὃ,

2182 5266 2236 5332 4,
2259 5263 2323 5321 C.
2351 5264 2419 5321 de
2443 5263 2664 5321 Consul.
2697 5265 2792 5320 lib.
2832 5279 2928 5320 xu.
2957 5263 3248 5318 Martianns
3274 5277 3496 5335 quoque
3523 5267 3765 5335 imperari-

2184 5281 2236 5332 4,
2259 5281 2323 5321 υ.
2351 5281 2419 5321 ue
2443 5281 2664 5321 υοιιειιι.
2698 5281 2792 5320 nn.
2832 5281 2928 5320 xu.
2957 5281 3248 5318 maruanns
3274 5281 3496 5335 quoque
3523 5281 3765 5338 tmpera-

2184 5345 2272 5391 tor
2290 5335 2467 5426 spargi
2505 5335 2762 5426 pee‘u‘nia‘s
2787 5349 2819 5388 a
2840 5335 3158 5390 consulibus
3199 5336 3388 5402 vetuit,
3419 5335 3605 5392 novel.
3639 5334 3765 5391 105.

2182 5410 2303 5480 περὶ
2324 5405 2554 5460 exaret.
2585 5405 2752 5460 Fonn.

2201 5544 2216 5556 ‘
2254 5477 2280 5514 ιι
2411 5475 2821 5556 εζοεεξιίοειίιιιιξΔ
2839 5481 2894 5528 et
2920 5473 3220 5556 sumptibus
3263 5476 3554 5556 capsulam
3578 5478 3640 5556 _in
3658 5478 3770 5556 Ju-

2184 5544 2285 5627 dps
2305 5552 2366 5618 et
2387 5544 2610 5627 missilia
2659 5544 2893 5627 loquitur
2922 5552 3145 5627 auctor;
3167 5559 3303 5627 qua“
3317 5544 3386 5601 de
3413 5561 3476 5602 re
3503 5547 3637 5627 vide
3658 5545 3768 5627 yo-

2183 5611 2389 5740 pliscurn
2417 5613 2471 5668 in
2497 5611 2786 5694 _Aureliani
2813 5611 2962 5694 Yita;
2991 5611 3220 5669 Dionem
3249 5614 3343 5670 lib.
3387 5631 3556 5686 Lvut,
3583 5617 3680 5676 ubi
3701 5617 3769 5674 de

2231 5685 2398 5740 alerto
2419 5683 2656 5740 AStattco
2686 5683 2943 5740 louuttur.
2973 5681 3161 5739 Bnoss.
3588 5699 3596 5704 ·

2163 5681 2398 5744 .Valerio
2419 5683 2656 5740 Asiatico
2686 5683 2943 5760 loquitur.
2973 5681 3161 5739 Bnoss.
3538 5681 3551 5686 ⁷
3588 5699 3596 5704 ·
