3952 6380
260 321 369 380 545

1556 323 1919 388 ΥΑΒΙΑΒῸΒΞ
1959 323 2164 383 LIBER
2199 327 2264 383 ll.

3429 324 3551 380 '516

261 435 478 507 lemque
535 444 589 491 te
635 438 834 508 praebe,
863 447 924 496 ut
967 439 1158 513 dignus
1182 456 1412 512 genere,
1463 442 1658 512 dignus
1684 441 1851 508 Urbe,
1885 445 1931 506 Α
1957 441 2064 504 σά..
2095 439 2502 513 constantiam].
2528 440 2601 496 Et
2620 445 2930 514 quanquam
2952 440 3192 497 carnium
3215 439 3450 513 gratiam
3471 442 3550 497 in-

259 527 457 596 dignus
485 536 673 584 nostro
689 527 916 599 judicio,
947 529 1141 600 dignus
1169 529 1369 588 trabeis
1407 529 1715 588 :estimeris.

837 636 1170 696 EPISTULA
1196 639 1285 698 Ill.

479 742 708 784 SENATUI
737 744 887 786 UBBIS
922 746 1079 788 BOIE
1110 748 1478 791 τιιεουοιιιευδ
1515 749 1643 790 REX.

265 813 425 894 Felix
453 815 640 894 Gallus
663 835 770 873 una
813 837 924 894 cum
955 831 1106 890 patre
1142 823 1421 894 plurimm
1448 824 1856 892 commendatur,

317 887 528 960 ejusque
568 889 640 942 ad
659 887 983 945 consulatum
1003 887 1257 964 proniotio
1279 895 1482 948 senatui
1511 887 1858 950 renuntiatur;

335 977 601 1046 Gaudete,
631 978 822 1038 Patres
847 979 1172 1055 Conscripti,
1218 984 1374 1040 vobis
1402 985 1626 1041 rediisse
1655 986 1864 1056 stipen-

265 1067 357 1124 dia
398 1069 754 1138 dignitatum:
787 1073 1016 1142 gaudete
1047 1075 1354 1145 provincias
1381 1076 1540 1143 longa
1565 1082 1724 1129 :etate
1763 1073 1860 1129 de-

265 1167 454 1222 suetas
480 1159 630 1216 viros
653 1161 808 1218 vobis
837 1163 1072 1232 pendere
1105 1165 1443 1234 consulares,
1473 1173 1529 1220 et
1549 1163 1618 1219 de
1645 1163 1738 1218 tali
1762 1179 1862 1218 au-

267 1249 444 1320 spicio
471 1250 677 1320 maiora
706 1251 1026 1322 promittite.
1055 1251 1247 1317 Solent
1275 1255 1418 1310 enim
1458 1253 1608 1308 initia
1639 1264 1864 1326 porten—

267 1341 402 1396 dere
428 1341 678 1408 meliora,
708 1341 836 1398 dum
855 1345 1078 1426 aparvis
1107 1345 1384 1422 inclinant,
1407 1359 1529 1414 qua:
1557 1345 1610 1400 in
1636 1359 1868 1416 sequen-

273 1433 420 1490 tibus
447 1447 644 1502 magna
688 1450 750 1492 se
778 1435 1133 1492 admiratione
1171 1435 1484 1492 sublimant.
1514 1434 1737 1493 Iacebat
1762 1451 1865 1491 no-

269 1525 399 1581 bilis
425 1525 580 1595 origo
607 1526 708 1583 sub
728 1525 1008 1602 Gallicano
1031 1525 1247 1598 iustitio
1271 1537 1320 1595 ι,
1351 1536 1406 1582 et
1433 1525 1728 1582 honoribus
1755 1527 1868 1582 suis

271 1615 507 1688 privata,
539 1617 985 1692 peregrinabatur
1027 1617 1080 1672 in
1121 1618 1316 1692 patria.
1364 1613 1600 1672 Tandem
1648 1631 1870 1687 pressos

271 1703 453 1761 divina
493 1694 829 1773 levaverunt,
862 1705 1092 1762 Romam
1132 1701 1391 1778 recepere
1418 1723 1540 1762 cum
1589 1707 1782 1775 gloria.
1812 1719 1868 1761 et

1961 531 2193 588 discreta
2224 529 2388 587 fuerit
2433 530 2699 586 electione
2746 537 2984 586 sectatus
3013 529 3188 600 (quod
3233 529 3305 586 de
3339 529 3551 600 magnis

1945 639 2091 702 raro
2119 622 2242 692 eligi
2273 623 2500 692 potest),
2535 619 2741 676 tantum
2770 633 2830 676 se
2857 618 3312 690 ornavit'patricii
3339 615 3548 674 Paulini

1963 712 2188 776 affectu,
2221 721 2277 767 ut
2323 713 2448 767 hinc
2476 709 2629 767 daret
2659 711 2918 766 mirabilis
2945 710 3546 782 conscientiae-signati,

1963 801 2110 873 quod
2133 801 2200 857 ad
2224 802 2399 858 virum
2419 802 2568 858 visus
2594 811 2677 856 est
2706 801 2960 856 festinare
3006 801 3352 871 praecipuum.
3399 798 3551 856 Plu:-

1964 900 2074 948 stat
2095 892 2239 946 enim
2279 893 2444 947 decus
2474 891 2710 950 amicitia
2739 890 3038 946 desiderata
3066 892 3356 960 potiorum,
3385 904 3548 960 quam

1963 983 2196 1039 societas
2220 982 2487 1038 bonorum
2511 995 2720 1035 morum
2751 981 2912 1036 callet
2933 979 3234 1048 infundere,
3264 981 3392 1037 dum
3419 978 3550 1036 sde-

1963 1075 2145 1130 ctione
2174 1073 2431 1130 concordi
2461 1065 2645 1144 parem
2661 1072 2762 1128 sibi
2791 1071 2972 1127 studet
2998 1086 3136 1136 esse,
3167 1086 3330 1140 quem
3357 1070 3549 1140 diligit.

1963 1162 2102 1220 Huic
2123 1177 2270 1233 ergo,
2307 1161 2369 1218 P.
2401 1160 2492 1231 C.,
2521 1163 2680 1216 avitis
2696 1159 2864 1217 bonis
2876 1161 3011 1216 'cunt
3039 1159 3152 1215 suis
3173 1161 3381 1216 meritis
3405 1160 3551 1215 relu-

1964 1253 2132 1318 centi,
2166 1261 2358 1308 vestrae
2401 1251 2586 1321 gratim
2630 1259 2880 1322 prmstate
2917 1250 3203 1319 fulgorem.
3233 1248 3352 1305 Non
3377 1249 3552 1320 impar

1965 1346 2034 1401 ad
2079 1345 2364 1401 curialium
2393 1344 2620 1413 insignia
2656 1344 2821 1409 venit,
2853 1341 2942 1412 qui
2997 1342 3068 1398 de
3095 1341 3338 1412 speciosa
3383 1341 3552 1412 stirpe

1967 1433 2268 1490 descendit.
2310 1432 2467 1502 Legit
2517 1433 2662 1486 enim
2711 1431 2882 1485 Roma
2934 1428 3244 1500 frequenter
3269 1427 3444 1486 fasces
3479 1430 3550 1485 de

1967 1522 2235 1584 mmnibus
2254 1526 2542 1582 Gallicanis
2564 1524 2622 1578 h:
2646 1540 2714 1579 ne
2735 1527 2828 1578 aut
2855 1525 2909 1579 in
2937 1523 3133 1578 damno
3157 1537 3256 1579 suo
3283 1507 3551 1594 p'mcipua

1967 1627 2363 1685 contemneret,
2389 1625 2482 1673 aut
2503 1617 2727 1688 probata
2740 1617 2908 1672 virtus
2927 1615 3190 1672 inhonora
3213 1623 3358 1672 esset
3377 1614 3550 1688 [mss.,

1970 1711 2460 1786 inbonorasceret].
2491 1712 2784 1783 lmpleatur
2810 1711 2974 1782 igitur
2999 1711 3196 1767 nobilis
3239 1713 3389 1768 curia
3419 1727 3552 1784 pro-

273 1811 501 1870 avorum
527 1799 778 1869 antiquas
823 1798 1012 1876 laurus
1037 1799 1106 1874 ab
1133 1807 1326 1854 ornata
1365 1798 1530 1854 curia:
1558 1798 1692 1853 silva
1722 1797 1869 1868 lege-
1902 1806 1948 1865 Β
1975 1802 2291 1858 vincialibus
2341 1802 2528 1867 bonis,
2585 1800 2740 1870 cujus
2767 1811 2851 1855 est
2881 1799 3159 1870 proprium
3195 1800 3554 1871 (modumque

276 1865 436 1949 runt.
477 1865 612 1974 Nam
643 1865 763 1966 quis
791 1865 962 1974 possit
1001 1865 1201 1974 negare
1227 1889 1412 1959 generi
1447 1903 1660 1956 munus,
1709 1865 1866 1958 cuius
1969 1893 2182 1948 videtur
2201 1909 2321 1948 esse
2347 1865 2698 1964 praecipuum.
2730 1891 2850 1962 Ipse
2877 1865 3097 1962 quoque
3121 1865 3316 1958 annus,
3343 1865 3556 1962 sempo-

274 1984 524 2042 habeatis
547 1972 692 2057 velut
717 1981 774 2055 in
795 1972 931 2056 arce
959 1972 1308 2054 depositum?
1337 1979 1397 2034 ln
1425 1993 1521 2036 ore
1543 1979 1743 2051 quippe
1770 1994 1866 2034 ru-

273 2075 450 2134 moris
478 2070 888 2148 esttquondam
917 2059 1134 2148 felicis
1181 2069 1358 2127 adhuc
1386 2071 1570 2126 vivere
1616 2069 1869 2126 consula-

278 2173 396 2232 lum
411 2181 429 2218 :
451 2163 578 2238 quia
599 2163 740 2238 bona
760 2162 956 2245 durare
974 2169 1176 2236 norunt
1188 2167 1310 2231 post
1329 2161 1600 2218 hominem
1615 2176 1631 2228 ;
1649 2169 1704 2216 et
1724 2159 1868 2232 quod

209 2321 216 2328 _
278 2253 517 2324 gloriose
543 2251 766 2329 geritur,
793 2249 1188 2330 ﬁnetctnporis
1214 2264 1323 2304 non
1344 2257 1576 2305 tenetur.
1617 2247 1785 2316 Cuius
1813 2255 1871 2302 ut

278 2337 558 2421 antiquam
587 2343 922 2426 prosapiam,
947 2341 1129 2400 satiati
1150 2348 1394 2398 veterum
1423 2342 1597 2412 copia,
1629 2349 1873 2398 transea-

209 2498 218 2504 ,
280 2452 406 2516 mus
426 2444 573 2514 tuest
599 2435 777 2514 adhuc
805 2435 858 2492 in
890 2435 1062 2510 oculis
1085 2434 1328 2510 omnium
1356 2433 1627 2492 candidati
1649 2433 1874 2489 nobilis-

281 2529 458 2604 simus
494 2537 670 2606 pater,
697 2528 790 2600 qui
835 2527 1136 2608 prudentia:
1175 2525 1388 2601 facibus
1424 2526 1500 2583 ita
1547 2527 1798 2599 praeluxit
1819 2527 1876 2584 in

214 2671 224 2696 ,
275 2619 558 2696 ,οιιιὶαμηιιι
585 2619 1113 2695 habereturmerito
1141 2618 1320 2675 clarus
1371 2618 1516 2674 inter
1562 2626 1644 2674 tot
1671 2619 1876 2674 lumina
1921 2647 1927 2653 -

217 2779 224 2784 ν
286 2708 1012 2786 ιϋειιᾰιιιιιιιιιηαίιίιιεμινιιω
1067 2708 1270 2780 quippe
1323 2707 1519 2765 studiis
1566 2707 1874 2771 dedicatus,

269 2809 618 2878 perpetuam.
631 2798 956 2878 doctissimis
975 2795 1276 2875 disciplinis
1287 2796 1614 2870 mancipavit
1639 2804 1876 2876 aetatem.

289 2889 409 2966 Non
439 2873 648 2962 primis,
680 2873 740 2946 ut
765 2873 1507 2966 aiunt-,labriseloquentiam
1535 2873 1878 2953 consecutus,

291 2963 412 3060 toto
442 2979 698 3060 senonii
721 2963 870 3054 fonte
889 2963 1127 3058 satiavit.
1159 2963 1473 3032 Vehemens
1494 2975 1799 3060 disputator
1826 2975 1880 3029 in

295 3053 466 3139 libris,
489 3053 736 3127 amoenus
763 3053 1100 3131 declamator
1127 3069 1179 3136 in
1211 3069 1423 3134 fabulis,
1466 3053 1756 3124 verborum
1784 3084 1884 3124 no-

1970 1999 2089 2039 rum
2117 1992 2294 2054 pater,
2325 1982 2652 2056 quadrifaria
2677 1997 2738 2039 se
2761 1981 3074 2046 diversitate
3093 1981 3408 2052 componit;
3454 1996 3555 2039 nes

1971 2074 2293 2131 desiderium
2319 2083 2562 2146 caperet,
2602 2075 2648 2130 si
2678 2073 2934 2128 novitatis
2960 2073 3190 2144 gratiam
3243 2073 3556 2128 ndn'bsbe-

1971 2172 2074 2220 ret.
2112 2163 2314 2220 Favete
2345 2178 2524 2234 ergo,
2562 2163 2625 2220 P.
2665 2163 2750 2225 (3..
2781 2172 3073 2232 augmento
3109 2169 3327 2231 'vestro,
3368 2173 3558 2220 nostro

1967 2253 2193 2325 judicio.
2223 2255 2356 2310 Nam
2384 2255 2432 2311 si
2457 2254 2772 2310 candidatus
2797 2255 3096 2322 ornabitur,
3121 2253 3236 2325 jam
3256 2253 3410 2311 vobis
3429 2269 3556 2327 pre-

1975 2343 2086 2402 ﬁcit
2115 2343 2259 2416 quod
2285 2333 2544 2400 meretur.
2985 2343 3010 2357 ‘

2453 2479 2462 2488 ο
2533 2457 2864 2533 EPlSTOLA‘
2899 2475 2988 2534 iV.

1978 2584 2187 2625 εειιοιο
2215 2567 2319 2643 [εά.
2348 2567 2472 2624 Niu.
2502 2579 2551 2624 et
2579 2567 2752 2633 (iam,
2801 2566 3119 2641 sensolcro]
3159 2585 3283 2625 vnto
3307 2586 3552 2629 nosssro

2508 2654 2876 2694 TBEODORICUS
2911 2655 3038 2694 Ill-3X.

1979 2729 2192 2802 Confert
2221 2728 2502 2802 siliquatici
2526 2728 2606 2802 vel
2632 2729 2934 2802 mone‘pojii,
2955 2738 3083 2802 quos
3111 2731 3266 2802 (lutea
3291 2731 3562 2802 exercebat

2123 2798 2426 2863 Antiochus,
2458 2798 2655 2863 titulos,
2683 2815 2798 2854 cum
2827 2798 3041 2854 Saionis'
3068 2800 3416 2857 adminiculis.

2059 2891 2398 2948 Delectamur
2443 2889 2726 2946 vetustatis
2762 2891 3001 2956 invento,
3057 2898 3114 2947 et
3161 2893 3314 2963 sequi
3338 2893 3565 2964 'regulas

1983 2983 2307 3040 constitutas
2335 2981 2570 3036 libenter
2597 2981 3006 3050 amplectimur:
3035 2983 3162 3051 quia
3201 2983 3352 3039 locus
3375 2983 3566 3042 subre-

1985 3074 2262 3147 ptionibus
2285 3088 2393 3128 non
2418 3071 2754 3140 relinquitur,
2786 3071 3000 3142 quoties
3025 3071 3421 3128 rationabiliter
3437 3088 3569 3130 cono

293 3161 468 3218 vellus
502 3167 672 3229 sator,
721 3160 1148 3240 aequiparaverat
1191 3172 1413 3230 prorsus
1466 3159 1695 3228 meritis,
1748 3174 1883 3229 quos
1910 3175 1957 3238 ο
1986 3168 2175 3223 stituta
2223 3172 2528 3220 servantur.
2579 3160 2649 3217 Et
2693 3161 2816 3217 ideo
2859 3161 3314 3232 supplicationum
3356 3170 3569 3220 tuarum

295 3255 568 3330 lectitaret
613 3262 884 3330 auctores.
914 3249 1326 3330 commendavit
1371 3250 1534 3307 etiam
1581 3251 1880 3306 studiorum

295 3327 442 3400 bona
487 3359 587 3415 per
621 3327 969 3413 benignitatis
1019 3341 1250 3424 insignia
1282 3359 1312 3424 ε’
1338 3343 1515 3396 sciens
1564 3341 1885 3412 imperitiam

211 3493 218 3498 .
296 3438 469 3506 magis
494 3437 668 3492 inﬂari
700 3450 831 3492 aura
877 3419 1164 3506 superbire,
1187 3419 1316 3506 qua:
1346 3435 1551 3490 levibus
1583 3433 1765 3490 ﬂabris
1793 3451 1890 3490 ex-

205 3597 218 3604 _
293 3513 540 3600 ponitur,
585 3527 712 3598 quia
741 3527 1006 3610 virtutum
1045 3525 1311 3610 radicibus
1340 3541 1448 3580 non
1494 3534 1723 3608 tenetur.
1767 3524 1890 3578 Fuit

1992 3266 2182 3313 tenore
2209 3263 2508 3326 comperto,
2535 3253 2784 3324 praesenti
2823 3253 3146 3308 auctoritate
3172 3251 3478 3323 deﬁnimus,
3508 3261 3572 3310 ut

1990 3347 2252 3418 quidquid
2302 3347 2368 3400 ad
2414 3345 2756 3400 Antiochum.
2805 3343 3091 3412 siliquatici
3140 3343 3226 3399 vel
3275 3346 3573 3417 monopolii

1991 3439 2176 3494 titulos
2207 3447 2570 3500 exercentem,
2602 3441 2782 3490 nostra
2807 3435 3050 3505 jussione
3077 3435 3355 3504 pertinuit,
3407 3435 3475 3490 ad
3517 3445 3574 3492 te

1991 3531 2200 3587 ratione
2245 3529 2406 3584 simili
2452 3526 2823 3594 transferatur,
2876 3534 3064 3581 contra
3099 3527 3336 3582 omnium
3366 3527 3578 3584 calum-

233 3685 260 3694 η
297 3614 515 3692 quidam
565 3603 876 3684 nostrorum
910 3603 1211 3696 temporum
1243 3614 1400 3680 Cato,
1449 3616 1539 3684 qui
1571 3603 1889 3670 abstinendo

211 3781 218 3786 _
301 3708 467 3780 vitiis,
495 3707 630 3762 alios
655 3705 915 3761 formaret
945 3707 1226 3784 exemplis.
1261 3697 1457 3759 Rerum
1485 3721 1698 3776 quoque
1729 3713 1890 3759 natu-

205 3859 220 3869 η
301 3799 520 3864 ralium_
558 3812 752 3876 causas
795 3797 1145 3876 subtilissime
1195 3805 1592 3876 perscrutatus,
1642 3794 1891 3866 Cecropii

302 3887 572 3958 dogmatis
586 3867 774 3944 'Attico
794 3867 854 3942 se
873 3885 1031 3958 melle
1047 3869 1328 3954 saginavit.
1354 3869 1522 3956 Digna
1545 3887 1701 3956 plane
1721 3886 1896 3941 scicn-

207 4026 213 4034 .
304 3979 412 4046 tia,
445 3980 497 4034 in
553 3994 659 4050 qua
713 3977 1298 4038 mens-honestissima
1347 3977 1736 4046 conquiescat;
1777 3989 1878 4046 qua

2000 3987 2218 4042 minime
2258 3985 2492 4054 negotiis
2539 3985 2830 4039 misceatur
2851 3982 3094 4062 defensio
3119 3990 3232 4039 tua.
3279 3982 3411 4039 Nam
3439 3984 3586 4055 quod

287 4071 500 4154 animo.
537 4085 754 4153 semper
807 4067 1010 4140 aliquid
1062 4068 1300 4158 salutare
1355 4065 1777 4137 complectitur:
1809 4080 1876 4120 cu

2001 4079 2068 4134 ad
2098 4077 2353 4134 auxilium
2381 4076 2644 4141 dedimus,
2676 4077 3005 4132 contrarium
3048 4075 3196 4132 nullo
3241 4076 3406 4132 modo
3428 4076 3587 4148 justi-

205 4160 218 4241 :
291 4163 418 4239 ’25
443 4145 692 4234 ali-cidere
720 4145 864 4218 ιίυηθ
899 4145 1122 4233 Possm!"
1170 4145 1402 4230 illgralil,
1433 4159 1558 4239 dum
1605 4155 1705 4212 Sibi
1745 4173 1899 4213 εοιη·
2005 4171 2093 4226 tia:
2143 4170 2454 4224 sentiatur:
2499 4168 2625 4238 quia
2669 4167 3061 4222 rationabiliter
3106 4167 3280 4224 aliena
3326 4145 3484 4240 Culpa
3531 4176 3588 4228 te

308 4257 533 4321 mendat
569 4256 751 4312 omnia
776 4254 1166 4310 mundanarum
1197 4268 1377 4308 rerum
1409 4271 1422 4306 :
1459 4252 1575 4308 sola
1613 4250 1700 4307 cui
1729 4249 1904 4313 labilis
2005 4259 2241 4329 respicit,
2275 4258 2317 4314 si
2341 4272 2500 4327 quem
2525 4258 2619 4312 tibi
2645 4258 2784 4328 petis
2815 4257 3088 4328 prodesse,
3117 4273 3216 4330 per
3235 4266 3288 4314 te
3312 4259 3415 4316 sibi
3455 4259 3590 4317 alter

309 4348 552 4405 Fortuna
575 4363 683 4404 non
705 4347 956 4418 imperat.
985 4345 1194 4402 Caztera
1225 4345 1292 4423 de
1322 4345 1440 4415 ipso
1469 4341 1779 4398 meminisse
1807 4357 1905 4397 vos
2007 4349 2206 4404 sentiat
2235 4346 2358 4402 obfu
2383 4362 2488 4402 sse.

311 4437 532 4505 sufﬁcit,
563 4437 782 4516 quando
822 4438 964 4493 bona
993 4431 1270 4506 explicare
1300 4433 1435 4488 tanti
1466 4433 1565 4488 viri
1615 4446 1721 4486 non
1752 4438 1908 4485 vacat

309 4531 590 4602 occupatis
632 4531 798 4603 [mam
837 4540 888 4585 et
915 4530 997 4584 ed.
1032 4528 1197 4597 Nim,
1231 4535 1280 4582 et
1309 4525 1442 4620 (iam
1473 4567 1490 4594 ,
1532 4527 1646 4581 otio
1693 4521 1901 4595 patris].
1935 4559 1987 4620 υ

309 4621 466 4678 Nunc
495 4621 562 4676 ad
604 4623 950 4689 candidatum
981 4637 1086 4690 ora,
1105 4619 1429 4684 convertite,
1467 4625 1525 4672 ut
1553 4625 1922 4687 paternarum

313 4711 536 4768 laudum
585 4712 640 4768 in
669 4712 816 4768 hunc
859 4692 1264 4791 iecogni'oscatis
1301 4723 1422 4765 esse
1467 4707 1772 4776 vestigium,
1803 4722 1902 4763 nec

312 4814 428 4858 tam
457 4809 610 4872 pater
633 4802 923 4871 imaginem
969 4802 1180 4858 dedisse
1227 4799 1492 4870 corporis,
1541 4812 1704 4868 quam
1749 4797 1902 4866 signa

312 4891 583 4966 iudicetur
609 4890 960 4949 transfudisse
989 4892 1219 4948 virtutis.
1252 4891 1399 4946 Vixit
1427 4891 1571 4947 enim
1614 4890 1756 4946 inter
1779 4905 1901 4959 vos,
2075 4887 2210 4944 Cum
2238 4887 2760 4956 nostraihumanitas
2785 4888 2966 4944 locum
3008 4889 3390 4947 muniﬁcentiae
3419 4891 3598 4948 videa-

314 4995 377 5040 ιιι
403 4985 570 5053 scitis,
603 5001 708 5040 non
736 4985 1124 5042 consuetudine
1151 4983 1456 5057 peregrina,
1499 4981 1593 5039 sed
1635 4981 1924 5064 gravitate.
2007 4989 2098 5038 tur
2117 4982 2490 5052 exquirere,et
2507 4981 2779 5036 interdum
2802 4983 3048 5052 personis
3063 4985 3238 5040 minus
3255 4985 3599 5052 necessariis,

313 5079 581 5134 Romana.
607 5078 688 5134 Ab
715 5069 1089 5148 ipsis'quippe
1136 5069 1444 5148 primordiis
1483 5073 1778 5131 honoribus
1805 5087 1894 5143 εει
2000 5090 2187 5132 amore
2229 5074 2560 5139 clementiae,
2607 5087 2702 5128 sua
2750 5072 3016 5129 desideria
3062 5075 3348 5144 largiatur,
3389 5086 3599 5145 quanto

309 5178 588 5238 gregatus,
611 5169 899 5240 pueritiam
945 5184 1100 5224 suam
1129 5167 1294 5240 (quod
1323 5175 1406 5222 est
1433 5166 1747 5222 certissima:
1777 5179 1892 5236 pro-
2003 5165 2174 5234 magis
2195 5164 2246 5218 in
2275 5163 2509 5217 utilitate
2534 5161 2746 5232 reipub.
2776 5162 3112 5218 delectamur
3147 5161 3471 5232 expendere,
3505 5163 3600 5219 ubi

311 5259 502 5316 bitatis
543 5256 824 5330 indicium)
871 5243 1271 5329 gloriosissimis
1318 5257 1446 5312 viris
1473 5256 1663 5311 :emula
1690 5269 1905 5325 semper
2005 5253 2264 5326 quidquid
2289 5253 2558 5320 tribuitur,
2588 5251 2842 5308 donantis
2865 5253 3070 5308 utilitas
3093 5252 3440 5323 duplicatur!“
3459 5253 3602 5322 Qua-

313 5353 580 5421 gravitate
602 5351 924 5424 sociavit,ut
946 5357 1073 5421 post
1095 5347 1404 5404 domesticae
1424 5349 1637 5403 virtutis
1659 5347 1907 5418 exempla
2009 5353 2234 5418 propter
2261 5341 2524 5398 illustrem
2554 5339 3005 5412 magnificentiam
3038 5349 3182 5396 tuam
3213 5343 3465 5412 praesenti
3508 5359 3604 5401 au-

311 5449 554 5499 sutneret
575 5440 644 5496 de
671 5441 884 5512 publica
913 5441 1235 5496 auctoritate
1259 5438 1578 5494 sententiam
1620 5436 1739 5512 [ms.
1771 5436 1840 5492 R.
1861 5448 1911 5493 et
2012 5437 2264 5493 ctoritate
2292 5435 2648 5507 praecipimus,
2672 5433 2951 5504 sexaginta
2971 5435 3230 5491 militibus
3254 5435 3313 5490 in
3339 5434 3606 5532 Διιιιιεῑει-

1993 3623 2254 3678 niantium
2282 3620 2522 3686 insidias,
2570 3619 2715 3674 salva
2743 3619 3017 3688 equitate,
3048 3618 3300 3690 praesenti
3345 3619 3578 3674 auctori-

1997 3725 2105 3769 tate
2131 3714 2426 3777 munitum;
2459 3711 2770 3768 habiturum
2800 3713 2962 3766 etiam
2992 3710 3314 3766 adminicula
3341 3709 3576 3776 Saionis,

1995 3821 2114 3876 qum
2135 3821 2234 3875 pro
2265 3803 2598 3858 vindicandis
2629 3802 2796 3858 titulis
2823 3800 3076 3859 antelatis
3117 3812 3302 3859 nostra
3339 3803 3437 3859 tibi
3487 3819 3582 3861 so-

2581 4455 2906 4510 EPlSTOl.A
2947 4455 3008 4511 V.

2103 4561 2308 4602 IAUa‘l‘O
2340 4563 2397 4601 ιἰξ
2409 4561 2630 4602 λετ-είςτο
2660 4561 2942 4603 ΡΒΕΤΟΒΙΟ
2970 4561 3338 4604 τιιεοιιοιιιευς
3365 4565 3494 4605 Ill-IX.

1981 4639 2228 4713 Ρηεείρὶι
2245 4650 2300 4696 ut
2315 4635 2590 4713 sexaginta
2623 4637 2872 4713 militibus
2912 4639 2966 4694 in
3007 4639 3325 4713 Augustauis
3373 4642 3593 4698 cluseris

2075 4707 2388 4767 constitutis.
2429 4707 2682 4762 'enuonas
2729 4710 2936 4764 easdem
2974 4707 3112 4766 σαφ’
3127 4711 3247 4766 aliis
3301 4715 3596 4768 tribuuntur

2076 4789 2302 4851 praestet.

393 5675 420 5703 ι
448 5665 670 5720 Videtur
696 5666 965 5736 respicere
1014 5667 1362 5736 aditem‘pora
1405 5661 1600 5730 quibus
1641 5661 1906 5720 Maximus
2010 5662 2306 5736 nemoribus
2335 5663 2643 5730 Gallicanis,
2666 5671 2752 5736 ut
2787 5663 3046 5734 ﬁguratus
3087 5665 3156 5722 sit
3206 5683 3407 5732 sermo,
3461 5668 3606 5722 velut

317 5737 609 5807 occupavit
636 5731 971 5807 tyrannidem
1001 5737 1054 5790 in
1077 5731 1504 5807 Galliis._.loncr.
1549 5802 1562 5807 _
1637 5803 1648 5807 _
1694 5802 1708 5807 _
1747 5804 1758 5807 _
1881 5803 1891 5807 _
2006 5731 2160 5791 initio
2188 5733 2347 5804 hujus
2374 5737 2558 5804 cpist.,
2591 5735 2678 5790 ubi
2706 5731 2859 5790 dixit.
2898 5737 3060 5792 curiae
3089 5737 3240 5791 silva.
3275 5731 3478 5796 Junrr.

392 5805 418 5844 δ
449 5801 611 5861 Vetus
639 5801 783 5868 c'od.,
814 5805 880 5860 de
899 5807 1150 5860 mentibus
1179 5801 1318 5858 σου.
1335 5819 1352 5868 ;
1386 5801 1521 5857 forte
1547 5802 1650 5868 legi
1678 5802 1837 5858 debet
1855 5803 1920 5857 de

1997 3897 2247 3952 lemniter
2271 3895 2563 3950 auctoritas
2591 3894 2906 3963 deputavit:
2942 3895 3014 3948 ita
3057 3901 3238 3950 tamen
3278 3903 3340 3949 nt
3364 3895 3586 3966 privatis
3675 3884 3678 3888 ’
