3952 6374
161 309 270 404 553

1449 342 1806 398 YARIARL'M
1852 343 2050 401 LIBER
2091 345 2164 401 ll.‘

3345 357 3459 411 55H

154 475 306 515 nem.
340 455 472 526 Quia
505 457 626 514 ideo
652 455 914 525 elegimus
938 473 1118 513 mores
1153 467 1383 522 vestros,
1417 457 1541 528 quia
1573 457 1766 513 crudc-
1796 462 1840 520 Α
1872 459 2187 514 accendere.
2235 461 2487 518 Nutriunt
2529 465 2670 520 enim
2705 481 3046 536 prazmmrum
3079 475 3327 546 exempla
3359 478 3477 531 vir.

155 549 301 604 liiim
323 565 540 620 parcere
563 563 670 601 non
705 559 931 617 potestis
957 563 968 600 :
995 549 1212 617 quando
1235 563 1404 618 genus
1433 549 1650 618 pietatis
1681 557 1764 603 οτι

155 640 212 696 in
241 641 365 697 illos
389 641 710 710 distringere
743 641 831 712 qui
861 650 1049 696 contra
1081 650 1286 695 natura:
1315 640 1560 696 ordinem
1595 641 1765 696 scele-

154 733 296 789 ratis
326 749 386 790 se
415 734 680 789 docentur
708 733 1010 788 actionibus
1040 733 1342 788 miscuisse.

718 866 1064 923 EPISTOLA.
1088 867 1204 923 XV.

326 975 599 1016 YENAN‘I‘IO
629 976 752 1016 νιιιο
780 975 1028 1016 ιιιῑιετιιι
1057 976 1430 1018 τηεουοιιευε
1460 978 1588 1017 REX.

153 1050 374 1123 Confert
411 1053 492 1106 illi
532 1053 828 1106 comitium
875 1051 1275 1107 domesticorum
1325 1062 1430 1106 tum
1469 1053 1534 1108 ob
1574 1056 1764 1108 merita

229 1125 426 1195 patria,
462 1123 560 1195 qui
578 1124 826 1176 laudatur
859 1123 1137 1195 plut-intum
1159 1163 1174 1187 ,
1219 1134 1346 1195 (uni
1367 1123 1429 1177 ob
1471 1125 1761 1177 litterarum

225 1193 428 1260 studia,
453 1192 634 1264 quibus
656 1209 712 1247 se
743 1192 906 1248 totum
929 1193 1144 1246 dederat
1168 1195 1277 1264 ipse
1311 1193 1614 1248 Venantisrs.

230 1282 596 1339 Providentize
627 1291 826 1340 nostrie
851 1283 991 1338 ratio
1023 1293 1124 1348 est,
1157 1285 1211 1338 in
1244 1292 1428 1338 tenera
1457 1294 1618 1339 aetate
1644 1301 1762 1338 me-

155 1373 259 1430 rita
289 1371 468 1428 futura
503 1381 768 1440 tractare,
799 1382 853 1429 et
881 1390 948 1428 ex
980 1383 1264 1445 parentum
1303 1375 1589 1430 virtutibus
1614 1383 1634 1406 υ
1657 1375 1764 1446 29

157 1465 335 1537 prolis
350 1465 597 1535 judicare
623 1481 904 1520 successus
931 1483 943 1519 :
973 1466 1099 1537 quia
1123 1465 1263 1520 bona
1291 1473 1441 1521 ccrta
1469 1475 1612 1531 sunt,
1643 1482 1762 1535 qua:

157 1553 324 1610 ﬁdem
364 1555 432 1610 ab
473 1555 695 1610 exordio
747 1557 992 1621 trahunt;
1028 1556 1153 1612 dum
1211 1557 1364 1626 origo
1406 1558 1576 1612 nescit
1625 1557 1760 1613 dell-

154 1663 306 1714 cere,
331 1663 452 1716 quae
477 1649 760 1704 consuevit
783 1649 1040 1706 radicitus
1071 1650 1354 1721 pullulare.
1384 1650 1574 1706 Fertur
1598 1652 1760 1706 etiam

155 1752 321 1792 cursu
351 1741 574 1810 perenni
601 1739 826 1795 fontium
859 1757 996 1795 vena
1018 1741 1223 1808 vitalis;
1255 1751 1310 1797 et
1333 1743 1472 1797 hanc
1501 1743 1760 1797 con-litin-

1869 559 2032 615 tutes,
2060 567 2159 607 nec
2187 554 2472 624 quisquam
2515 565 2597 611 est
2634 559 2722 628 qui
2767 575 2870 614 non
2911 562 2976 615 ad
3016 579 3226 619 morum
3255 582 3466 624 summa

1867 641 2072 695 nitatur
2091 644 2403 711 ascendere,
2435 648 2654 717 quando
2676 649 3130 710 irremuneratum
3161 673 3268 713 non
3297 659 3466 715 relin-

1865 733 2049 802 quitur
2067 735 2211 803 quod
2234 739 2568 794 conscientia
2600 747 2736 795 teste
2763 743 3030 802 laudatur.
3060 745 3197 804 [line
3215 759 3298 805 est
3319 751 3467 821 quod

1866 825 2131 880 illustrem
2165 826 2492 884 Venantium
2513 872 2526 894 ,
2563 838 2672 886 tam
2703 834 2812 889 suis
2841 850 3000 906 quam
3032 841 3274 909 paternis
3300 843 3465 897 meri-

1867 915 1934 969 tis
1963 917 2255 984 lucentem,
2287 921 2556 977 comitivte
2578 922 2996 984 domesticorum
3019 933 3263 988 vacantis
3283 934 3460 1004 digni-

1865 1015 1977 1062 tate
2005 1009 2384 1075 subveximus;
2415 1020 2469 1066 ut.
2499 1015 2755 1069 natalium
2785 1019 3043 1088 splendor
3077 1023 3268 1078 insitus
3297 1041 3464 1082 orna-

1867 1095 1972 1151 tior
1998 1100 2210 1154 collatis
2251 1101 2572 1159 redderetur
2619 1105 2937 1164 honoribus.
2992 1109 3256 1172 Retinetis
3295 1117 3460 1183 enim,

1865 1185 1927 1240 Ρ.
1957 1186 2042 1252 C.,
2075 1191 2358 1258 patricium
2408 1193 2676 1250 Liberium
2717 1207 2772 1252 ct
2813 1200 2866 1254 in
2909 1201 3238 1260 adversitate
3278 1217 3463 1264 nostra

1867 1277 2028 1334 fuisse
2061 1280 2416 1350 laudabilem;
2444 1287 2535 1354 qui
2563 1289 2640 1344 sic
2665 1286 2923 1347 Odoacris
2961 1294 3322 1364 integerrimis
3366 1315 3464 1372 pa-

1865 1373 2017 1426 rebat
2044 1375 2341 1466 obsequiis,
2374 1387 2432 1432 ut
2460 1387 2646 1435 nostra
2672 1391 2796 1452 post
2823 1383 2983 1441 fuerit
3009 1387 3300 1446 dilectione
3330 1392 3462 1466 [ed.,

1863 1465 2152 1538 electione]
2201 1467 2578 1538 dignissimus,
2630 1485 2822 1532 contra
2872 1495 3011 1548 quos
3059 1483 3225 1539 multa
3270 1465 3466 1543 fecisse

1863 1556 2426 1617 vidcbaturinimicus.
2457 1563 2573 1619 Non
2603 1567 2744 1622 enim
2767 1569 2835 1624 ad
2863 1587 2962 1627 nos
2985 1574 3244 1630 vilissima
3279 1585 3460 1634 trans-

1861 1649 1998 1720 fuga:
2061 1651 2372 1709 conditione
2422 1654 2594 1728 [ims.,
2644 1662 2976 1735 cognitione]
3027 1667 3305 1735 migravit,
3357 1687 3464 1727 nec

1863 1741 2067 1811 proprii
2096 1743 2300 1799 domini
2335 1744 2488 1802 ﬁnxit
2515 1749 2722 1818 odium,
2749 1761 2809 1808 ut
2833 1753 3058 1811 alterius
3079 1759 3179 1814 sibi
3211 1776 3466 1830 procura-

153 1844 282 1882 nem
305 1831 571 1884 sustinent
593 1841 789 1886 cuncta
809 1833 1098 1897 manantia,
1130 1840 1186 1886 ut
1207 1849 1390 1902 sapor,
1418 1834 1509 1902 qui
1532 1849 1758 1889 conces-
1795 1842 1839 1901 Β
1867 1841 1950 1886 ret
1977 1831 2250 1888 allectum.
2287 1835 2632 1908 Exspectavit
2661 1842 2870 1912 integer
2887 1845 3066 1902 divina
3096 1848 3295 1919 judicia
3313 1891 3330 1921 ,
3361 1869 3464 1910 nec

152 1933 248 1972 sus-
280 1928 364 1972 est
393 1921 589 1987 origini
619 1921 743 1990 (nisi
774 1938 872 1992 per
899 1922 1198 1977 accidentia
1235 1923 1396 1978 fuerit
1425 1924 1564 1978 forte
1603 1925 1761 1980 vitia-

156 2018 244 2063 tus
269 2011 311 2078 ),
345 2012 550 2064 nesciat
591 2012 774 2066 rivulis
815 1995 1090 2080 ab’negari.
1159 2013 1295 2068 llinc
1341 2024 1468 2080 est,
1509 2017 1654 2086 quod
1708 2027 1761 2072 te

152 2100 430 2169 magniﬁci
473 2099 640 2171 patris
669 2103 876 2157 meritis
906 2105 1228 2162 aestimatum
1271 2105 1542 2160 comitiva:
1569 2107 1759 2162 dome-

151 2195 418 2248 sticorum
465 2195 710 2249 vacantis
752 2195 959 2250 honore
1011 2195 1400 2266 proveliimus;
1455 2205 1514 2250 ut
1562 2198 1653 2266 qui
1699 2213 1760 2252 es

151 2285 336 2340 clarus
365 2294 651 2340 stemmate
676 2329 691 2353 ,
723 2286 1010 2359 splendens
1039 2287 1318 2356 dignitate.
1361 2285 1493 2353 Quis
1533 2289 1675 2342 enim
1703 2288 1755 2342 in

151 2385 211 2434 te
261 2377 366 2450 [σά.
392 2420 408 2444 ,
449 2377 632 2449 VlliC],
681 2380 926 2448 quamvis
976 2377 1191 2446 futura,
1235 2387 1418 2434 tamen
1461 2388 1607 2434 certa
1648 2395 1755 2433 non

155 2479 360 2536 teneat,
391 2472 514 2526 dum
537 2471 760 2540 gloriosi
791 2470 959 2540 patris
988 2471 1193 2525 recolat
1214 2469 1488 2526 olliciosos
1510 2471 1757 2528 labores?

153 2563 259 2630 Qui
303 2563 602 2636 prudentia:
634 2563 842 2617 ratione
873 2560 1196 2627 flammatus,
1228 2561 1306 2617 sic
1333 2563 1430 2617 luit
1459 2563 1524 2617 ad
1555 2578 1753 2632 repen-

155 2665 268 2710 tina
299 2655 560 2710 sollicitus
584 2696 598 2720 ,
641 2655 794 2725 quasi
838 2670 936 2726 per
963 2669 1168 2709 moram
1200 2654 1514 2710 crederetur
1554 2655 1756 2712 instru-

151 2757 295 2803 ctus.
373 2745 753 2802 Prasl'ecluram
819 2747 1002 2814 enim,
1045 2746 1464 2801 sollicitudinum
1513 2748 1751 2804 omnium

149 2839 550 2896 nobilissimum
590 2839 803 2910 pondus
825 2881 840 2905 ,
871 2840 1016 2909 quod
1051 2839 1132 2894 vel
1166 2839 1342 2896 solum
1371 2839 1558 2894 ruisset
1587 2856 1754 2910 enipe-

149 2931 272 2987 dire
298 2931 584 2996 laudabile,
605 2929 789 3000 juncta
813 2930 1087 2986 exercitus
1112 2930 1280 2987 nostri
1305 2946 1432 2986 cura
1454 2930 1748 3002 diSposuit;

149 3031 214 3079 ut
240 3039 343 3078 nec
369 3022 665 3094 provinciis
695 3022 964 3078 ordinatio
1003 3023 1244 3086 deesset,
1276 3037 1379 3077 nec
1403 3023 1663 3078 exercitui
1693 3038 1752 3078 se

147 3113 378 3186 provida
427 3111 736 3168 sollicitudo
790 3113 1152 3168 subtraheret.
1213 3113 1501 3183 Superavit
1553 3123 1746 3168 cuncta

1863 1938 2057 1994 passus
2087 1937 2169 1981 est
2197 1929 2296 1982 sibi
2324 1943 2507 1997 regem
2535 1949 2800 2003 quaerere,
2836 1937 2938 1993 nisi
2979 1949 3247 1997 rectorem
3275 1945 3463 2016 primi-

1863 2022 1950 2071 tus
1977 2017 2317 2086 perdidisset.
2355 2019 2506 2076 Unde
2547 2023 2627 2080 sic
2662 2025 2862 2082 factum
2891 2043 2922 2084 e
2947 2037 2992 2095 .t,
3043 2038 3103 2085 ut
3141 2033 3189 2088 ei
3231 2033 3465 2091 liberator

1861 2107 2114 2163 daremus
2145 2110 2446 2181 preemium,
2491 2115 2617 2183 quia
2660 2127 2904 2174 nostrum
2945 2121 3179 2179 fideliter
3194 2124 3334 2195 juvit
3359 2127 3463 2182 ini-

1859 2199 2092 2264 micum;
2151 2201 2244 2268 qui
2303 2219 2432 2258 casu
2482 2209 2862 2275 patrocinante
2916 2217 3193 2272 contrario
3246 2225 3455 2274 tantum

1860 2291 2016 2346 nobis
2065 2293 2391 2350 reddebatur
2436 2309 2718 2370 acceptus,
2770 2313 2974 2372 quanto
3025 2315 3154 2362 tunc
3201 2313 3459 2379 cognosci

1859 2393 2073 2452 poterat
2102 2386 2406 2445 indevotus.
2440 2390 2606 2449 Flexo
2635 2393 2745 2464 jam
2778 2412 2916 2467 pene
2945 2399 3166 2457 domino
3194 2403 3354 2460 nullis
3374 2413 3460 2461 est

1859 2478 2157 2532 terroribus
2206 2480 2494 2538 inclinatus
2547 2502 2560 2537 :
2603 2487 2860 2543 sustinuit
2911 2490 3204 2548 immobilis
3242 2494 3454 2551 ruinam

1858 2566 2114 2636 principis
2135 2569 2251 2635 sui;
2285 2586 2385 2624 nec
2413 2574 2626 2631 novitas
2652 2575 2798 2630 illum
2832 2578 3048 2634 turbare
3070 2582 3264 2654 potuit,
3289 2599 3452 2655 quam

1859 2655 1985 2728 [ed.,
2019 2658 2203 2732 quem]
2233 2662 2393 2715 etiam
2417 2663 2672 2722 ferocitas
2697 2669 2913 2735 gentilis
2941 2673 3180 2741 expavit.
3213 2673 3457 2732 Pruden-

1857 2758 1940 2802 ter
1964 2757 2046 2802 cst
2067 2763 2285 2805 sccums
2313 2767 2628 2810 communes
2657 2771 2842 2824 casus;
2868 2768 2927 2815 ut
2954 2777 3074 2817 cum
3105 2763 3286 2821 divina
3309 2766 3456 2838 judi-

1853 2839 1936 2892 cia
1961 2837 2065 2894 lixe
2093 2843 2381 2899 sustineret
2400 2887 2414 2908 ,
2449 2846 2738 2902 humanam
2769 2852 2997 2920 gratiam
3027 2837 3456 2916 commendatior

1855 2929 2139 2986 inveniret.
2167 2931 2518 2991 Probavimus
2542 2939 2774 2997 hominis
2804 2943 2966 3000 tidem
2994 2963 3009 2999 :
3041 2948 3208 3004 tristis
3237 2951 3304 3007 ad
3329 2952 3451 3022 jura

1855 3032 2038 3075 nostra
2090 3025 2357 3090 transivit,
2409 3028 2500 3098 qui
2543 3041 2832 3100 superatus
2879 3038 3118 3093 animum
3161 3047 3448 3115 convertit,

1856 3127 1963 3166 non
1994 3121 2175 3168 autem
2208 3125 2264 3169 ut
2296 3118 2622 3187 vinceretur,
2655 3122 2852 3182 eﬂ‘ecit.
2883 3126 2983 3184 Cui
3012 3145 3136 3186 mox
3168 3142 3226 3190 ut
3255 3138 3452 3205 priete-

146 3202 502 3272 int'atigabilis
529 3211 584 3258 et
613 3203 860 3273 expedita
885 3203 1191 3272 prudentia,
1225 3203 1386 3256 traxit
1415 3217 1598 3258 mores
1625 3204 1749 3258 bar-
1777 3214 1822 3276 ρ
1852 3211 2018 3256 etiam
2064 3206 2402 3273 praetoriam:
2439 3211 2806 3268 concessimus
2851 3214 3201 3286 dignitatem,
3242 3202 3450 3282 credita

145 3299 315 3354 baros
343 3295 408 3351 ad
437 3297 704 3366 quietem,
738 3296 791 3350 in
831 3305 1015 3351 votum
1065 3303 1306 3351 nostrum
1335 3303 1529 3350 cuncta
1555 3295 1746 3352 mode-

145 3399 302 3446 ratus
326 3397 432 3454 est,
459 3399 517 3444 ut
544 3391 620 3444 sic
647 3389 1035 3460 accipientibus
1073 3387 1428 3454 satisfaceret,
1458 3404 1526 3444 ne
1553 3389 1748 3446 dantes

143 3483 330 3540 locum
363 3482 716 3554 querimoniis
745 3482 1032 3537 inveniret.
1064 3480 1262 3537 Verum
1295 3488 1356 3536 ut
1388 3481 1456 3538 dc
1500 3481 1746 3552 plurimis

141 3590 320 3649 pauca
350 3574 642 3642 sufficiant,
682 3575 932 3646 probavit
968 3574 1035 3629 de
1062 3589 1121 3630 se
1150 3582 1319 3640 tanta,
1359 3583 1417 3628 ut
1456 3575 1748 3643 eligeretur

141 3667 265 3738 ejus
295 3667 629 3736 inexplorata
662 3666 971 3736 posteritas.
1005 3665 1150 3720 lnter
1179 3666 1294 3720 lucc
1323 3676 1501 3721 tamen
1532 3666 1746 3734 generis

140 3769 488 3828 ornamenta,
523 3759 666 3831 quod
697 3760 990 3814 maximum
1037 3759 1414 3829 pulcherrimae
1445 3760 1744 3816 nobilitatis

139 3851 422 3908 indicium
447 3859 552 3919 est,
584 3867 684 3906 nec
715 3860 931 3905 tuorum
972 3849 1180 3918 indiges
1208 3849 1476 3920 sullragiis
1515 3851 1740 3906 merito-

135 3959 285 4000 rum.
320 3942 640 3997 Litterarum
669 3943 929 4014 siquidem
957 3943 1150 4006 studia,
1182 3957 1302 4014 qnie
1331 3944 1540 3999 cunctis
1570 3943 1742 3997 hono-

135 4035 296 4088 ribus
324 4049 422 4087 suo
451 4043 576 4088 sunt
605 4031 766 4102 digna
803 4032 1088 4102 sull'ragio,
1121 4034 1342 4089 sedulus
1372 4044 1742 4106 perscrutator

133 4123 469 4192 assequeris,
493 4123 698 4177 addens
717 4122 945 4177 claritati
972 4125 1186 4192 generis
1210 4124 1480 4192 ingenium
1503 4127 1742 4180 suaviter

134 4215 471 4286 eloquentis.
502 4215 756 4270 lacuml‘ic
777 4230 909 4283 ergo
937 4217 1134 4271 talibus
1161 4217 1370 4283 studiis,
1395 4232 1516 4271 ama
1543 4233 1664 4286 quin
1686 4217 1736 4272 in

134 4319 194 4362 te
223 4317 567 4363 remunerata
610 4308 930 4376 cognoscis;
983 4315 1040 4360 ut
1073 4316 1254 4362 nostra
1295 4323 1512 4376 quoque
1537 4308 1740 4377 judicia

131 4414 265 4454 cuin
300 4399 405 4452 tuis
432 4399 777 4469 prnvectibus
817 4399 1025 4454 lendas.
1083 4397 1314 4452 Tantum
1347 4399 1490 4454 enim
1521 4415 1550 4454 a
1583 4397 1740 4456 nobis

129 4491 332 4562 exigis,
357 4502 616 4560 quantum
641 4489 692 4545 te
716 4493 870 4547 bouis
895 4492 1108 4546 actibus
1129 4491 1411 4546 imminere
1431 4493 1734 4562 cognoscis.

679 4625 1012 4682 EPISTOLA
1050 4625 1189 4681 XVI.

361 4735 585 4774 SENATUI
616 4735 764 4776 llRBlS
793 4735 951 4772 IN)le
983 4732 1352 4772 THEODOBICUS
1378 4733 1506 4772 REX.

123 4811 342 4868 Εἰσί-εἰσ
382 4809 623 4864 γρηηηιὲἰ
661 4810 730 4863 ad
771 4810 1065 4864 comitivam
1102 4810 1501 4863 domesticorum
1545 4825 1736 4862 vacari-

107 4931 118 4940 .
209 4893 310 4936 tem
337 4882 594 4934 indicatur
614 4883 833 4942 senatui,
862 4890 968 4933 tum
990 4881 1240 4950 patricius
1263 4878 1496 4934 Liberius
1528 4878 1737 4933 Venari--

207 4955 272 5006 tii
298 4963 444 5022 pater
472 4954 645 5004 multis
675 4951 916 5005 laudibus
946 4952 1182 5020 effertur.

204 5043 383 5099 Studii
417 5041 584 5096 nostri
615 5051 727 5106 est,
763 5041 950 5096 Patres
974 5040 1306 5110 Conscripti,
1339 5042 1738 5096 remuneratio-

125 5155 261 5195 nem
294 5145 446 5190 recto
477 5133 726 5189 conferre
755 5134 1057 5204 proposito,
1089 5141 1144 5187 et
1171 5132 1331 5188 bonae
1359 5133 1554 5188 indolis
1589 5134 1736 5188 viros

124 5233 199 5288 ad
257 5229 503 5285 instituta
555 5227 782 5281 meliora
835 5226 1015 5280 fructu
1077 5224 1333 5294 impenstc
1387 5225 1734 5294 benignitatis

207 5383 235 5412 ι
281 5370 572 5425 Parent-im
627 5367 916 5422 virtutibus
967 5365 1318 5434 aestimantur.
1375 5363 1511 5418 Vide
1561 5377 1724 5434 supra

125 5448 224 5502 lib.
259 5457 319 5516 ιι,
342 5455 440 5516 ep.
466 5438 522 5502 '5,
551 5446 606 5493 et
628 5437 722 5493 lib.
752 5453 829 5496 ιιι.
861 5453 947 5506 ep.
981 5435 1069 5490 12.
1100 5433 1295 5516 June'r.
1384 5504 1396 5516 .
1447 5513 1454 5516 Α
1633 5433 1660 5514 '-

204 5516 231 5554 δ’
263 5512 474 5568 Scitum
521 5517 604 5563 ρει
639 5523 708 5562 ex
741 5523 922 5562 rerum
967 5512 1350 5562 communione
1383 5512 1524 5559 inter
1549 5512 1730 5558 SOCiOS

125 5583 441 5656 discordias
489 5579 749 5656 excitari,
806 5577 1004 5656 l.__77_,
1061 5591 1184 5656 cuin
1223 5584 1408 5656 pater,
1532 5574 1730 5656 dulcis-

129 5657 301 5728 simis.
331 5651 398 5707 de
429 5651 530 5718 leg.
558 5649 612 5701 2.
637 5647 977 5728 Theophil._§
1002 5646 1258 5728 quietiam.
1285 5645 1359 5728 De
1383 5645 1686 5722 actionibus
1713 5662 1726 5696 :

126 5727 262 5784 Ideo
289 5737 413 5778 esse
439 5717 752 5789 comparata
779 5717 979 5786 judicia
1007 5717 1280 5782 divisoria,
1305 5724 1364 5770 ut
1394 5717 1728 5789 communio,

131 5812 203 5852 ex
231 5809 339 5864 qua
368 5793 492 5846 lites
527 5787 659 5864 oriri
699 5789 930 5853 soleant,
973 5789 1392 5864 tolleretur,_i1ri
1422 5787 1591 5864 τούτῳ
1629 5788 1730 5858 γὰρ

131 5857 464 5942 cru-pipere?“
495 5863 562 5918 τὰ
593 5859 894 5934 δικαστήρια
928 5867 1110 5919 ταῦτα.
1134 5861 1220 5912 ἐπὶ
1247 5860 1305 5912 τὸ
1339 5864 1428 5917 τήν
1467 5857 1732 5912 κοινὸτὴτκ

589 5957 856 6018 ΡΔτιωι..
898 5953 1030 6012 LXI
1049 5953 1091 6010 Κ
1109 5995 1123 6012 .

1850 3295 1950 3348 sibi
1983 3303 2129 3348 tanta
2162 3297 2468 3365 integritate
2499 3301 2795 3371 disposuit,
2831 3314 2889 3360 ut
2930 3307 3216 3368 miraretur
3253 3315 3447 3385 aliquis

1848 3385 1928 3440 sic
1953 3386 2269 3456 simpliciter
2295 3389 2570 3457 devotum,
2615 3385 2774 3464 quem
2808 3404 2915 3450 tam
2941 3399 3112 3455 calide
3135 3401 3306 3473 intra"
3331 3407 3449 3460 eal-

1848 3477 1977 3550 lidc]
2016 3490 2240 3536 noverat
2278 3483 2440 3539 fuisse
2468 3488 2819 3544 contrarium.
2851 3488 2899 3544 ls
2929 3491 3089 3560 igitur
3129 3494 3442 3566 iiiﬁitigabili

1845 3586 1997 3634 cura,
2021 3573 2164 3641 quod
2190 3574 2564 3630 difﬁcillimum
2596 3579 2812 3634 virtutis
2841 3592 2925 3636 est
2947 3598 3139 3651 genus,
3160 3587 3262 3641 sub
3281 3603 3447 3659 gene-

1845 3662 2078 3719 ralitatis
2128 3667 2298 3732 gratia
2348 3667 2558 3736 publica
2601 3670 2814 3726 videtur
2840 3687 3160 3742 procurasse
3189 3694 3447 3751 compen-

1846 3752 1933 3807 dia
1968 3771 1980 3806 :
2015 3770 2113 3808 cen
2149 3772 2235 3809 nm
2265 3772 2370 3810 non
2401 3758 2666 3824 addendo,
2698 3761 2793 3816 sed
2823 3767 3194 3822 conservando
3223 3781 3448 3840 proten-

1844 3843 2010 3910 dens;
2041 3847 2170 3900 dum
2195 3847 2282 3901 illa
2304 3863 2424 3914 qua:
2445 3862 2842 3912 consueverant
2863 3855 3006 3910 male
3027 3857 3280 3929 dispergi,
3306 3863 3447 3920 bene

1845 3937 2105 3994 industria
2149 3939 2467 4008 providente
2511 3942 2751 4012 collegit.
2797 3943 3075 4001 Sensimus
3105 3960 3292 4006 auctas
3320 3954 3442 4010 illa-

1846 4029 2044 4096 tiones,
2093 4045 2190 4088 vos
2234 4029 2414 4086 addita
2467 4033 2669 4088 tributa
2715 4037 2982 4092 nescistis.
3033 4037 3112 4094 lla
3157 4050 3444 4114 utrumque

1843 4121 1944 4177 sub
1973 4121 2333 4177 admiratione
2366 4124 2662 4192 perfectum
2692 4137 2794 4191 est,
2831 4138 2890 4184 ut
2926 4138 2982 4185 et
3031 4131 3190 4188 liscus
3229 4151 3443 4192 cresce-

1843 4221 1947 4280 ret,
1987 4222 2044 4267 et
2088 4214 2296 4283 privata
2329 4215 2534 4271 utilitas
2562 4218 2705 4272 nulla
2735 4219 2928 4276 damna
2972 4225 3254 4292 perferret.
3284 4225 3444 4282 Juvat

1843 4319 1944 4358 nos
1995 4303 2199 4359 referre
2257 4306 2716 4373 quemadmodum
2773 4309 2828 4364 in
2882 4316 3162 4369 tertiarum
3214 4315 3439 4389 [Juret.,

1845 4394 2221 4466 thermarum,']
2244 4397 2612 4468 dcputatione,
2636 4397 2938 4458 Gothorum
2967 4403 3444 4479 Romanorumque

1843 4496 1899 4542 et
1933 4489 2304 4558 possessiones
2345 4488 2587 4558 junxcrit
2633 4501 2690 4546 et
2735 4494 2964 4550 animos.
3015 4495 3147 4552 Nam
3173 4497 3200 4536 δ
3225 4514 3348 4554 cum
3382 4517 3443 4556 se

1762 4595 1818 4656 Β
1843 4579 2089 4635 homines
2117 4580 2328 4635 soleant
2357 4583 2424 4636 de
2453 4583 2730 4640 vicinitate
2759 4587 3033 4654 collidere,
3066 4589 3184 4644 istis
3213 4591 3444 4661 priedio-

1841 4687 1960 4725 rum
1991 4671 2300 4726 communio
2335 4687 2554 4726 causam
2597 4677 2837 4730 nosritur
2875 4681 3189 4748 praestitisse
3217 4697 3446 4738 concor-

1843 4762 1965 4817 dize.
2007 4762 2098 4818 Sic
2143 4763 2284 4817 enim
2329 4765 2556 4834 contigit
2580 4773 2638 4819 ut
2667 4777 2895 4837 utraque
2923 4772 3100 4839 natio,
3130 4773 3256 4828 dum
3287 4790 3444 4830 com-

1845 4856 2080 4910 inaniter
2111 4856 2261 4920 vivit,
2305 4855 2373 4911 ad
2409 4873 2572 4912 unum
2596 4859 2734 4914 velle
2765 4866 3103 4920 convenerit.
3135 4865 3212 4920 En
3243 4865 3444 4922 factum

1845 4962 2043 5002 novum
2092 4956 2149 5002 et
2193 4947 2416 5001 omnino
2462 4947 2751 5015 laudabile,
2792 4953 2964 5020 gratia
2994 4953 3338 5010 dominorum
3369 4956 3443 5011 de

1843 5041 2062 5110 cespitis
2107 5039 2370 5094 divisione
2417 5041 2705 5110 conjuncta
2753 5053 2884 5099 est.-
2929 5047 3177 5102 amicitia:
3227 5050 3452 5120 populis.

1844 5149 1940 5202 per
1969 5133 2161 5188 damna
2191 5148 2443 5200 crevere;
2477 5143 2532 5189 et
2554 5150 2620 5190 ex
2649 5146 2805 5206 parte
2835 5139 2946 5206 agri
2975 5137 3228 5194 defensor
3255 5143 3444 5210 acqui-

1840 5226 1974 5281 situs
2003 5235 2105 5292 est,
2145 5235 2204 5280 ut
2230 5227 2546 5281 substantiae
2585 5230 2843 5285 securitas
2873 5229 3078 5300 integra
3105 5243 3440 5288 servaretur.

1833 5371 2164 5442 κᾳτατταῦσαι
2191 5368 2272 5420 καὶ
2303 5370 2392 5442 τήν
2420 5367 2642 5442 ianuas»;
2689 5369 3003 5442 ἐγειρομένην
3054 5371 3362 5440 “inveniam
3402 5371 3441 5426 Ι.

1835 5437 1929 5509 ult.
1951 5475 1965 5496 ,
1999 5450 2047 5489 c.
2079 5451 2308 5509 _comin._
2330 5435 2492 5490 divid.
2516 5478 2544 5509 ,_
2564 5437 2657 5490 lib.
2707 5435 2939 5504 txixiv,
2981 5435 3103 5493 cum
3171 5441 3442 5509 amplius,

1835 5505 1903 5579 de
1929 5520 2040 5579 reg.
2069 5505 2178 5579 jur_.
2219 5505 2256 5579 l.
2286 5506 2570 5579 2,»quand.
2601 5514 2657 5561 et
2684 5509 2878 5579 quibus
2914 5517 3092 5578 quart.
3135 5505 3276 5579 pars
3305 5505 3436 5567 deli.

1835 5574 1898 5630 C.
1933 5575 2023 5628 Ιιι).
2059 5592 2111 5629 x.
2147 5576 2314 5630 Arist.
2349 5574 2439 5631 lib.
2469 5593 2535 5643 ιι,
2567 5574 2786 5646 οειρζὸ,
2833 5574 3446 5636 Politicrtin.‘Mamerti-

1837 5662 1938 5699 nus
1969 5646 2020 5698 in
2055 5646 2370 5718 Panegyric.
2405 5663 2569 5718 quem
2609 5647 2935 5704 Maximiano
2975 5651 3110 5704 dixit
3151 5652 3446 5718 elegantis-

1837 5718 1971 5791 sime
1999 5717 2124 5791 :_Aubi
2140 5717 2325 5791 obiter
2347 5717 2446 5791 pro
2466 5719 2660 5791 romula
2667 5720 2826 5775 tionis
2847 5721 3080 5791 stipulis,
3105 5717 3443 5790 emendabis,

1837 5785 2458 5912 ipiiiuliis.FPlutarc'hus
2508 5788 2576 5846 de
2617 5785 2967 5848 Tuberonum
3010 5791 3210 5848 familia
3248 5793 3304 5848 in
3332 5785 3446 5868 vita:

1839 5897 1854 5908 .
1895 5873 2016 5912 ,περ
2044 5899 2056 5911 υ
2135 5873 2330 5912 ΟΒΧΕΒ.

1839 5873 2056 5912 Mdl'CCl.
2093 5873 2120 5910 ι⁴
2135 5873 2330 5914 OBSER.

3441 6015 3486 6042 Ῥ
