3952 6426
212 358 319 411 357

1525 343 1886 399 V'AI'tIARI'M
1931 339 2127 398 LIBER
2166 341 2228 396 Il.

3405 325 3512 384 558

290 467 562 540 pacalibus
611 477 855 522 oneratus
902 463 1172 540 invenerit,
1215 461 1282 513 ad
1327 457 1592 529 Liguriam
1645 457 1820 518 inopia
1855 474 1893 524 Α
1927 463 2232 508 eoiisortem
2287 450 2552 514 beneﬁcii,
2607 449 2833 519 gloriam
2863 445 3033 503 nostri
3083 442 3341 516 temporis
3387 455 3520 512 por-

293 535 500 611 l'rngnm
529 538 886 603 laborantem,
917 545 965 590 et
995 535 1050 588 in
1079 550 1181 603 qua
1212 541 1333 584 tunc
1359 537 1470 584 erat
1521 545 1633 591 rex,
1659 538 1824 579 trans-

295 613 490 664 mittat.

293 723 499 778 Omnes
519 721 680 778 decet
706 729 988 790 gratanter
1014 715 1358 788 impendere,
1403 713 1548 783 quod
1587 713 1830 783 publicas

225 814 418 869 vident
439 812 700 868 utilitates
728 825 888 882 posse
907 809 1180 880 respicere
1204 823 1216 858 :
1241 805 1346 877 31
1368 802 1584 873 quando
1605 817 1832 857 necesse
1854 823 1866 833 -

229 915 316 958 est
345 905 453 958 hoc
479 902 724 958 membra
751 901 990 966 sentire,
1020 896 1164 968 quod
1193 895 1440 964 corporis
1468 907 1677 948 summa
1706 906 1834 947 sen-

233 995 386 1049 titur.
416 991 595 1061 Atque
635 991 759 1048 ideo
796 988 1046 1061 praesenti
1087 985 1431 1042 decernimus
1468 982 1732 1052 iussione,
1777 989 1838 1035 ut

232 1093 471 1155 quantas
495 1084 550 1138 in
582 1082 884 1138 Ravennati
911 1079 1045 1136 urbe
1071 1076 1394 1134 sulcatorias
1417 1073 1659 1144 potueris
1683 1085 1837 1141 repe-

235 1179 378 1240 rire,
428 1175 710 1230 frumentis
773 1172 1044 1229 ﬁscalibus
1088 1177 1344 1226 oneratas
1407 1165 1476 1221 ad
1520 1181 1622 1220 nos
1670 1178 1840 1233 usque

237 1271 539 1342 perducas;
567 1275 838 1338 quatenus
863 1265 1119 1322 alimonia
1155 1262 1367 1335 publica
1400 1262 1492 1316 tali
1531 1261 1841 1332 provisione

239 1361 504 1424 relevata,
532 1358 912 1414 necessitatem
943 1357 1140 1427 inopiae
1168 1370 1276 1410 non
1313 1354 1510 1409 debeat
1547 1353 1838 1407 sustinere.

245 1452 458 1506 ltcddat
484 1451 742 1505 Ravenna
767 1449 982 1520 copiam
1011 1447 1262 1517 Liguriae,
1289 1461 1452 1516 quam
1472 1461 1538 1500 ex
1571 1444 1684 1515 ipsa
1706 1458 1842 1498 con-
1885 1472 1891 1476 -

245 1543 430 1599 suevit
447 1543 714 1612 accipere.
745 1539 878 1596 Nam
899 1553 1020 1609 qua:
1043 1538 1385 1610 praesentiam
1408 1544 1648 1591 nostram
1677 1533 1844 1590 susti-

251 1642 371 1701 net,
401 1632 691 1686 multorum
729 1629 894 1686 debet
927 1629 1119 1685 solatia
1165 1627 1427 1699 reperire.
1473 1624 1662 1680 Trahit
1702 1624 1845 1680 enim

244 1724 650 1781 observantium
678 1732 925 1779 catervas
953 1721 1247 1777 comitatus
1277 1728 1496 1783 noster;
1527 1724 1585 1770 et
1611 1716 1737 1771 dum
1778 1713 1847 1769 ad

1933 549 2110 600 mittat
2135 545 2380 614 implere.

2458 651 2790 710 EPISTOLA
2826 651 2991 706 XXII.

2004 767 2174 808 γεετο
2199 767 2324 806 τικο
2353 765 2596 804 ιιιυετιιι
2635 762 2882 803 PATRICIO
2918 750 3284 798 TIIEODOIIICUS
3322 749 3451 789 REX.

1939 843 2185 913 Prwcipit
2211 849 2267 896 ut
2289 839 2488 894 Ecdicii
2516 840 2654 911 ﬁlios
2675 855 2740 893 ea:
2773 835 2910 891 Urbe
2937 831 3262 913 (td-patriam
3277 825 3527 899 genitoris

2256 904 2536 982 sepeliendi
2565 925 2724 965 causa
2747 921 2976 962 remeare
2995 904 3196 974 jnbeat.

2015 1001 2252 1073 Equum
2265 1011 2351 1058 est
2379 1010 2439 1056 ut
2453 999 2762 1056 commodet
2791 1013 2850 1052 se
2866 996 3061 1066 regalis
3077 995 3252 1066 pietas
3266 999 3290 1028 ιι
3306 989 3401 1045 fati
3415 987 3533 1042 vul-

1937 1109 2068 1151 nere
2097 1093 2352 1149 sauciatis
2377 1109 2390 1144 :
2419 1091 2544 1161 quia
2572 1090 2704 1160 erigi
2729 1089 2850 1160 plus
2869 1095 3168 1150 merentur,
3199 1098 3338 1154 quos
3363 1080 3531 1136 sortis

1939 1200 2051 1240 suae
2098 1185 2323 1240 adversa
2370 1188 2706 1253 presserunt.
2753 1180 2928 1250 Atque
2957 1177 3080 1232 ideo
3120 1169 3532 1244 magniﬁcentia:

1941 1287 2047 1332 tua:
2074 1275 2324 1348 prmsenti
2350 1273 2676 1329 auctoritate
2696 1271 3058 1337 declaramus,
3073 1275 3134 1323 ut
3148 1263 3351 1320 Ecdicii
3373 1261 3530 1324 lilios,

1941 1385 2078 1438 quos
2105 1370 2157 1422 in
2184 1366 2330 1422 Urbe
2348 1365 2594 1437 primitus
2617 1365 2854 1420 residere
2873 1363 3201 1426 censuimus,
3223 1356 3292 1413 ad
3303 1354 3534 1428 patriam

1943 1473 2064 1514 cum
2087 1457 2348 1528 genitoris
2374 1457 2456 1512 sui
2485 1453 2693 1518 funere,
2727 1455 2910 1510 votivo
2944 1452 3162 1524 quidem
3197 1448 3410 1512 reditu,
3437 1447 3537 1502 sed

1945 1548 2141 1602 acerbo
2162 1563 2289 1602 casu
2313 1587 2330 1612 ,
2361 1560 2607 1602 remeare
2629 1545 2898 1615 jubeatis:
2931 1557 2998 1598 ne
3026 1556 3214 1598 eorum
3253 1535 3537 1594 desideriis

1947 1637 2250 1706 abnegatis,
2264 1637 2458 1692 vulnus
2486 1638 2790 1706 geminctur
2819 1633 3092 1699 afﬂictis”;
3117 1641 3193 1696 et,
3219 1629 3364 1701 quod
3385 1625 3538 1684 nefas

1946 1729 2096 1784 dictu
2125 1737 2227 1790 est,
2257 1727 2354 1798 qui
2381 1727 2630 1783 dolorum
2659 1725 2841 1782 nubila
2873 1735 3056 1780 nostra
3079 1737 3294 1793 semper
3331 1719 3538 1776 sereni-

245 1815 513 1874 beneﬁcia
538 1815 840 1888 praestanda
871 1813 1128 1876 curritur,
1165 1810 1476 1868 necessario
1506 1808 1720 1878 populis
1758 1821 1847 1862 co-

1995 1831 2062 1876 ite
2084 1820 2432 1888 detergimus,
2463 1835 2607 1875 nunc
2627 1819 2837 1874 miseris
2859 1817 2974 1888 pias
2999 1816 3262 1887 lacrymas
3272 1813 3541 1880 denegare

249 1907 340 1978 pia
369 1906 689 1976 postulatur.

794 2081 1126 2138 EPISTULA
1155 2078 1296 2135 XXI.

506 2209 688 2250 JOANSI
717 2209 1035 2250 APPARITORI
1065 2205 1432 2248 'I'IIEODOIIICUS
1461 2203 1588 2244 REX.

255 2309 386 2379 Spei
415 2317 466 2363 et
493 2308 724 2363 Domitio
751 2307 966 2379 paludes
995 2309 1050 2362 in
1082 2305 1354 2378 Spoletina
1379 2303 1644 2358 territorio
1674 2319 1736 2379 ea
1763 2317 1854 2356 rex

335 2389 659 2435 concesserat
685 2372 1016 2442 conditione,
1040 2388 1103 2430 ut
1126 2372 1176 2430 ἐἰ
1205 2392 1384 2430 eorum
1427 2390 1587 2443 opera
1616 2372 1825 2427 exsicca
1850 2404 1854 2443 ί

333 2458 478 2506 retur
520 2451 741 2512 illuvies,
772 2449 994 2502 liberata
1021 2464 1147 2501 rura
1192 2448 1320 2516 ipsis
1371 2441 1720 2516 proﬁcerent;
1765 2441 1861 2496 sed

336 2537 454 2574 cum
481 2519 694 2574 Domitii
719 2520 842 2573 vitio
864 2519 1044 2571 irritus
1069 2515 1379 2589 foret'labor
1407 2516 1678 2584 increpitis,
1707 2528 1860 2566 man-

338 2591 427 2644 dat
457 2589 676 2653 Joanni,
723 2589 896 2660 ipsum
923 2589 1212 2660 conveniat,
1239 2596 1294 2660 ut
1343 2593 1432 2638 aut
1485 2595 1704 2660 coeptam
1754 2598 1862 2636 rem

336 2661 594 2731 perﬁciat,
627 2667 718 2712 aut
744 2655 873 2730 Spei
905 2659 1176 2730 propriam
1199 2655 1348 2710 cedat
1369 2655 1681 2726 portionem.
1743 2663 1756 2672 ‘

343 2772 525 2830 Grave
555 2773 714 2828 nimis
743 2779 825 2828 est
851 2778 911 2826 ut
939 2768 1116 2825 fructu
1143 2767 1344 2824 laboris
1367 2767 1450 2824 sui
1477 2766 1754 2821 fraudetur
1784 2766 1869 2822 in-

269 2863 541 2930 dustrius;
571 2871 628 2918 et
655 2863 742 2918 cui
771 2861 936 2917 debet
979 2875 1081 2932 pro
1109 2859 1398 2916 sedulitate
1443 2855 1678 2914 conferri
1707 2867 1867 2928 ’βπε-

279 2957 473 3025 mium,
504 2955 844 3028 dispendium
865 2954 1103 3026 patiatur
1133 2953 1427 3023 iniustum;
1472 2951 1526 3006 in
1555 2966 1621 3007 ea
1647 2965 1873 3022 prteser-

283 3053 380 3105 tim
411 3063 490 3116 re,
549 3063 670 3119 qua:
713 3047 781 3103 ad
836 3057 1078 3103 nostram
1128 3045 1348 3116 respicit
1385 3044 1688 3114 largitatem
1728 3061 1741 3098 :
1781 3044 1876 3100 ubi

279 3141 417 3196 nihil
470 3139 634 3196 debet
677 3137 846 3194 licere
896 3137 1257 3206 negligentiae,
1290 3150 1360 3191 ne
1386 3133 1673 3190 videamur
1698 3133 1876 3190 minus

278 3231 560 3304 profutura
589 3230 854 3286 sanxisse.
885 3228 1094 3285 Dudum
1115 3227 1382 3297 siquidem
1410 3224 1538 3297 Spei
1565 3233 1622 3280 et
1642 3223 1879 3280 Domitio
1905 3234 1952 3295 ο

285 3321 674 3394 spectabilibus
700 3320 832 3375 viris
860 3319 981 3376 loca
1032 3320 1085 3374 in
1113 3317 1397 3388 Spoletino
1447 3315 1740 3378 territorio,
1772 3330 1884 3372 cm-

282 3414 437 3470 nosis
485 3410 776 3468 ﬂuentibus
803 3409 1065 3466 inutiliter
1102 3417 1366 3481 occupata
1389 3449 1405 3476 ,
1450 3407 1669 3477 largitas
1698 3416 1884 3463 nostra

281 3513 657 3564 concesserat:
689 3503 780 3558 ubi
801 3517 1063 3572 aquarum
1093 3510 1243 3556 vasta
1268 3498 1601 3571 profunditas
1613 3505 1885 3554 terrenam

283 3596 517 3666 gratiam
547 3593 600 3648 in
640 3593 818 3648 nullos
847 3608 977 3647 usus
1012 3593 1348 3662 profuturam
1383 3589 1520 3664 (ed.,
1551 3587 1884 3660 profuturos)

291 3685 668 3741 absorbuerat.
697 3682 925 3740 Iacebat
943 3683 1101 3738 tellus
1125 3679 1403 3751 naufraga,
1427 3680 1655 3751 palustri
1670 3689 1892 3752 torpore

289 3777 541 3842 confusa,
569 3783 626 3830 et
653 3775 752 3832 sub
781 3782 1012 3844 utroque
1035 3773 1240 3842 jactata
1269 3771 1572 3842 dispendio,
1597 3786 1698 3826 nec
1723 3785 1893 3841 aqua-

291 3881 414 3922 rum
441 3880 610 3936 puros
639 3864 878 3935 liquores
909 3870 1200 3928 meruerat,
1233 3870 1289 3916 et
1312 3863 1478 3918 decus
1507 3869 1733 3917 terrena:
1758 3861 1892 3916 soli-

291 3957 484 4014 ditatis
507 3957 782 4012 amiserat.
809 3954 924 4012 Iloc
951 3971 1074 4024 nos,
1103 3955 1301 4027 quibus
1329 3955 1482 4010 cordi
1509 3963 1593 4010 est
1623 3955 1678 4010 in
1701 3953 1894 4010 melius

293 4057 493 4106 cuncta
541 4057 771 4115 mutare,
821 4063 985 4120 supra
1043 4048 1359 4104 memoratis
1407 4048 1501 4103 tali
1581 4047 1895 4104 conditione

295 4141 696 4206 concessimus;
727 4149 787 4196 ut
804 4141 849 4196 si
877 4157 1064 4197 eorum
1096 4156 1263 4212 opera
1295 4141 1376 4196 vel
1403 4139 1590 4200 labore
1604 4139 1776 4210 turpis
1794 4139 1896 4195 de-

297 4233 603 4290 siccaretur
655 4232 886 4298 illuvies,
938 4231 1069 4303 ipsis
1118 4231 1344 4288 liberata
1391 4247 1518 4286 rura
1549 4229 1894 4302 proficerent.

296 4321 410 4378 Sed
430 4330 688 4392 quantum
719 4330 962 4377 actorum
988 4324 1162 4395 (mss.,
1176 4322 1482 4393 auctorum)
1507 4321 1635 4392 Spei
1657 4320 1898 4390 loquitur

301 4413 516 4482 ingesta
545 4413 756 4483 petitio,
789 4411 1010 4468 Domitii
1055 4413 1157 4468 viri
1202 4413 1513 4484 spectabilis
1565 4413 1718 4478 vitio,
1768 4411 1897 4467 dum

303 4506 594 4560 immernor
613 4503 872 4572 jussionis
901 4504 1163 4558 tenaciter
1184 4503 1357 4574 parcit
1376 4502 1654 4573 expensis,
1685 4501 1753 4556 ad
1796 4501 1896 4556 ini-

1953 1914 2254 1969 videamur.
2283 1911 2608 1967 Insatiabilis
2621 1911 2822 1983 quippe
2841 1911 2998 1966 ﬂetus
3016 1915 3122 1977 est,
3145 1907 3235 1978 qui
3256 1902 3542 1961 humandis

1957 2018 2066 2058 non
2095 2003 2292 2058 sinitur
2319 2001 2641 2072 corporibus
2695 2001 2997 2056 interesse:
3034 1997 3159 2052 dum
3212 2008 3426 2065 semper
3478 2007 3543 2047 se

1955 2109 2108 2150 reum
2133 2093 2363 2164 judicat,
2385 2093 2479 2162 qui
2497 2093 2770 2148 cineribus
2793 2090 2940 2159 justa
2972 2104 3081 2144 non
3117 2093 3356 2158 prazstat.
3391 2082 3542 2138 Pria-

1957 2201 2078 2240 mus
2096 2191 2298 2254 quanto
2323 2183 2501 2252 pretio
2529 2181 2898 2253 sepeliendum
2936 2177 3226 2235 Hectorem
3270 2171 3542 2230 redemit?

1959 2278 2190 2347 ltogavit
2233 2275 2532 2340 furentem,
2589 2272 2914 2344 supplicavit
2955 2278 3194 2336 armato,
3266 2267 3544 2335 vitamque

1958 2383 2110 2422 suam
2133 2380 2407 2436 exponere
2425 2364 2632 2432 maluit,
2662 2373 2722 2420 ut
2744 2362 2994 2420 cadaveri
3020 2361 3200 2417 debtta
3229 2374 3336 2414 non
3367 2370 3540 2425 nega-

1961 2470 2065 2516 ret.
2108 2459 2176 2514 Et
2221 2459 2478 2529 quoniam
2526 2458 2580 2512 in
2611 2457 2691 2512 his
2719 2456 2965 2528 personis
2991 2463 3178 2510 mutu.
3216 2460 3343 2508 sunt
3368 2444 3548 2507 cilicia

1966 2554 2206 2626 pietatis,
2237 2551 2478 2621 iniquum
2502 2558 2586 2605 est
2611 2549 2774 2604 tilium
2801 2547 3033 2618 genitori
3053 2545 3290 2618 gratuito
3311 2558 3418 2600 non
3448 2541 3552 2598 im-

1968 2642 2222 2714 pendere,
2247 2639 2392 2712 quod
2423 2649 2631 2712 patrem
2671 2639 2880 2708 magnis
2909 2637 3128 2694 talentis
3153 2633 3398 2692 constitit
3422 2630 3561 2689 etle-

1969 2734 2129 2790 cisse.

2484 2841 2816 2900 EPISTOLA
2845 2839 3033 2898 XXIII.
3095 2861 3106 2870 ·

1973 2956 2227 3008 Λινειιο,
2265 2954 2525 2996 DBSPO'I'IO
2578 2954 2647 2994 B'I'
2693 2951 2979 2992 τηεουυιο
3027 2950 3166 2991 “IIIS
3200 2943 3563 2990 εεκλτοιιιυι

2503 3043 2867 3086 τηεουοιιαυε
2888 3042 3016 3082 REX.

1979 3140 2242 3215 Figulinat
2281 3158 2316 3224 a_
2343 3157 2459 3224 rege
2501 3141 2630 3224 ipsis
2657 3137 3026 3224 conceduntur,
3055 3147 3104 3191 et
3143 3137 3288 3224 regia
3314 3135 3568 3206 proiectio

2199 3222 2381 3268 contra
2399 3208 2660 3283 improbos
2689 3220 2739 3264 et
2769 3208 2980 3264 dolosas
3009 3208 3346 3279 promittitur.

2058 3322 2228 3380 Decet
2250 3321 2421 3378 nostri
2447 3319 2707 3390 temporis
2733 3319 3070 3389 disciplinam
3088 3357 3104 3383 ,
3133 3318 3309 3387 utqui
3338 3317 3570 3389 publicis

1987 3416 2310 3471 utilitatibus
2358 3414 2620 3481 serviunt,
2675 3411 2961 3484 superﬂuis
3009 3411 3266 3468 oneribus
3311 3427 3420 3467 non
3448 3425 3572 3482 gra-

1989 3514 2200 3562 ventur.
2233 3505 2346 3562 Nec
2371 3505 2592 3576 dignum
2615 3514 2699 3562 est
2727 3513 2788 3560 ut
2831 3504 3148 3575 cujusquam
3177 3502 3339 3559 laedat
3377 3501 3574 3557 invidia

1988 3597 2191 3654 nostris
2217 3597 2459 3654 moribus
2478 3597 2743 3652 ordinata.
2773 3595 3116 3668 Quapropter
3144 3593 3376 3664 figulinis
3409 3593 3577 3662 Regia

1992 3689 2145 3744 vobis
2166 3689 2497 3745 auctoritate
2522 3688 2798 3745 concessis
2833 3702 3055 3759 operam
3086 3695 3350 3742 navanter
3370 3686 3580 3757 impeno

1993 3778 2136 3844 dite;
2163 3793 2268 3834 nec
2296 3778 2589 3834 vereamini
2621 3777 2688 3833 ad
2710 3777 2843 3832 alias
2869 3793 2965 3833 vos
2992 3777 3234 3834 actiones
3274 3791 3434 3848 posse
3462 3786 3578 3831 tra-

1993 3866 2138 3934 duci,
2164 3881 2197 3921 a
2219 3867 2416 3937 quibus
2463 3867 2702 3937 iniuncta
2730 3867 3016 3937 pratsentia
3045 3867 3135 3922 vix
3183 3867 3454 3922 credimus
3479 3881 3581 3920 ex-

1994 3958 2206 4030 plicari.
2235 3957 2486 4014 Ccssabit
2509 3973 2640 4029 ergo
2667 3958 2814 4014 circa
2840 3973 2938 4014 vos
2961 3957 3328 4029 improborum
3353 3955 3582 4013 nefanda

1995 4054 2362 4125 praesumptio,
2393 4061 2451 4108 et
2491 4053 2736 4110 obscuris
2766 4052 2906 4110 dolis
2935 4051 3186 4110 effectum
3227 4059 3410 4108 nostra
3441 4049 3585 4105 tollit

1999 4145 2316 4200 auctoritas.
2345 4143 2622 4201 Incassum
2652 4144 2795 4200 enim
2824 4144 2958 4208 odit,
3017 4143 3104 4198 cui
3158 4156 3221 4198 se
3273 4139 3584 4212 principalis

1999 4237 2288 4293 clementia
2313 4237 2593 4308 objecerit.
3535 4237 3542 4246 '

2512 4374 2846 4431 EPIS'IOLA
2881 4370 3072 4431 XXIV.

2226 4481 2454 4522 εεΝΑτυι
2477 4481 2626 4520 υιιιςιε
2653 4481 2811 4520 [IGNE
2842 4477 3208 4521 TIIEODORICUS
3235 4477 3364 4518 REX.

916 4595 1070 4651 nam»
1109 4596 1473 4665 ορεηιιιίυηι,
1525 4610 1650 4650 cum
1688 4593 1803 4664 iam
1840 4595 1897 4650 ίη
1924 4611 1972 4669 υ
2003 4555 3592 4669 D'Z‘..ﬁ.’.-’I°ii-Iffﬁf‘l'13:33:21?'ié’f‘ii’ﬁiid.’liiilf.‘§$§iﬁt

306 4685 411 4741 soli
465 4683 656 4741 faciem
706 4687 964 4756 paulatim
994 4687 1249 4742 mollities
1299 4687 1504 4742 siccata
1554 4687 1898 4754 duresceret,

301 4775 648 4846 celatamque
701 4777 859 4845 longa
889 4779 1187 4834 voracitate
1237 4777 1488 4833 tellurem
1521 4779 1603 4834 sol
1657 4779 1904 4835 insuetus

306 4865 539 4922 aﬂlaret.
573 4865 727 4934 Quod
751 4883 851 4922 nos
867 4878 1204 4940 nequaquam
1223 4868 1419 4938 negligi
1443 4883 1604 4938 posse
1615 4871 1901 4940 patiemur,

304 4965 370 5014 ut
391 4958 529 5013 bene
567 4968 745 5029 ccepta
777 4959 956 5014 invida
998 4960 1349 5016 destruantur
1388 4961 1617 5030 ignavia.
1673 4961 1907 5020 Proinde

303 5048 530 5104 devotio
557 5057 648 5104 tua
699 5050 982 5120 prtefatum
1011 5049 1301 5106 Domitium
1353 5054 1632 5108 moderata
1678 5067 1907 5108 exsecu-

306 5140 461 5195 tione
485 5141 790 5205 conveniat,
823 5149 882 5196 ut
927 5151 1020 5196 aut
1047 5151 1237 5213 emptae
1265 5143 1344 5198 rei
1383 5145 1600 5200 sedulus
1651 5153 1907 5216 operator

307 5231 610 5295 immineat,
641 5242 734 5288 aut
772 5235 816 5290 si
839 5234 944 5290 hoc
969 5235 1071 5289 sibi
1102 5244 1476 5304 sumptuosum
1507 5253 1628 5294 esse
1655 5236 1902 5292 credide-

309 5323 409 5391 rit,
439 5325 714 5394 propriam
757 5325 918 5380 cedat
955 5325 1280 5395 supplicanti
1313 5329 1642 5396 portionem.
1674 5327 1906 5398 Oportet

307 5413 482 5482 enim,
539 5423 600 5469 ut
636 5415 682 5468 si
733 5413 849 5484 ipse
895 5430 1063 5487 opera
1103 5416 1376 5484 postulata
1414 5417 1602 5488 nequit
1647 5417 1898 5482 efﬁcere,

391 5633 418 5662 ι
459 5621 803 5680 Conveniunt
827 5639 946 5694 quae
976 5639 1006 5679 a
1029 5622 1412 5694 iureconsultis
1441 5623 1509 5678 de
1541 5623 1900 5680 cadaveribus

312 5695 696 5750 damnatorum
767 5693 1088 5762 sepeliendis
1151 5693 1494 5763 disputantur
1580 5695 1669 5748 lib.
1740 5711 1903 5750 xcvm

317 5764 579 5828 Pandecl,
610 5763 692 5816 tit.
717 5763 819 5834 ult.
851 5764 1082 5820 Arianus
1102 5764 1154 5817 in
1182 5764 1479 5834 Epictetum
1511 5764 1612 5834 lib.
1637 5779 1672 5826 ι,
1697 5779 1816 5834 cap.
1846 5765 1900 5821 9.

313 5835 398 5893 De
420 5848 551 5890 cura
577 5833 868 5902 sepulturae
896 5835 1118 5900 huiusce
1141 5833 1237 5888 lib.
1263 5834 1420 5904 epist.
1457 5833 1542 5887 {9.
1578 5833 1813 5890 Fanni-zu.

2071 4625 2315 4699 prartorio
2343 4629 2542 4682 direrta
2569 4625 2880 4699 comperisse
2896 4667 2910 4689 ,
2953 4629 3029 4682 εἰ·
3056 4625 3239 4696 prima:
3265 4625 3594 4696 vectigalium

2075 4697 2328 4754 illatiouis
2359 4711 2556 4768 tempus
2579 4697 2833 4766 elapsum.
2863 4709 2918 4751 ut
2957 4699 3090 4752 nihil
3121 4708 3208 4751 aut
3235 4712 3420 4768 parum
3443 4711 3475 4748 a
3505 4711 3594 4748 se-

2077 4772 2296 4823 natoriis
2325 4767 2562 4822 domibus
2582 4778 2780 4822 constet
2803 4769 3038 4839 illatum;
3087 4777 3236 4839 atqtte
3271 4767 3390 4839 ideo
3422 4774 3597 4819 tenues

2078 4856 2371 4908 oppressos,
2397 4855 2524 4911 quos
2544 4839 2787 4911 decuerat
2814 4837 3096 4911 sublevari.
3152 4837 3457 4911 Quareh32
3485 4850 3599 4888 mo-

2079 4907 2163 4963 net
2209 4907 2464 4976 senatuin,
2522 4909 2597 4963 sic
2649 4910 2824 4978 omnia
2877 4910 3198 4978 mquabiliter
3251 4907 3490 4972 ordinet,
3534 4911 3599 4978 at

2079 4979 2324 5049 quidquid
2343 4975 2662 5049 ttnaqutvqne
2693 4977 2876 5032 domus
2897 4975 3160 5032 senatoria
3179 4979 3492 5049 proﬁtetur,
3509 4975 3600 5028 ἀει

2081 5051 2289 5104 stinatis
2319 5048 2738 5118 procuratoribus
2759 5065 2853 5120 per
2879 5050 3171 5120 provincias
3203 5049 3340 5100 trina
3363 5048 3600 5100 illationc

2081 5121 2358 5190 persolvat.

2087 5235 2312 5290 Constat
2357 5243 2602 5288 senatum
2632 5233 2845 5304 populis
2871 5231 3083 5286 vivendi
3123 5230 3362 5300 regulam
3389 5230 3604 5300 praesti-

2014 5327 2162 5381 tisse.
2187 5325 2318 5380 Nam
2346 5325 2487 5395 quod
2513 5334 2672 5378 ornat
2701 5339 2896 5379 nomen
2927 5323 3252 5387 Romanum,
3280 5337 3311 5377 a
3337 5322 3491 5377 vobis
3519 5322 3603 5376 le«

2011 5417 2153 5484 gitur
2181 5417 2502 5471 institutum.
2537 5415 2618 5470 Ad
2653 5415 2758 5471 hoc
2787 5414 2976 5471 Patres
3004 5417 3055 5468 in
3088 5414 3178 5470 illo
3209 5416 3476 5487 principio
3501 5427 3602 5469 no-

2078 5624 2108 5664 δ
2148 5625 2386 5680 Adversa
2413 5625 2625 5679 fortuna
2648 5623 2924 5679 utentibus
2953 5639 3060 5679 non
3083 5632 3166 5680 est
3190 5625 3469 5683 calamitas
3499 5646 3602 5684 no-

2014 5713 2084 5749 vo
2116 5698 2305 5751 dolore
2343 5695 2686 5752 cumulauda.
2741 5693 2797 5748 In
2825 5695 3070 5750 eamdem
3097 5697 3423 5751 sententiam
3467 5700 3503 5753 l.
3545 5700 3598 5764 ϐ.

2013 5769 2078 5821 de
2102 5767 2223 5836 jure
2252 5769 2366 5824 dot.
2399 5767 2436 5821 l.
2462 5765 2545 5820 Η,
2581 5765 2762 5820 Divus.
2791 5764 2860 5822 de
2887 5763 2978 5820 οΙῐ.
3012 5765 3225 5836 prmsid.
3253 5766 3494 5826 Fossam
