3952 6420
357 303 461 360 559

1596 302 1662 354 Μ.
1707 303 1746 354 Α
1758 300 1794 353 l"
1807 299 1980 354 lllilJl
2021 297 2415 355 C.\SSlODOilI

3532 299 3642 356 50

357 423 567 489 minati,
597 431 652 476 ut
677 419 830 489 quasi
851 416 1076 471 filiorum
1109 431 1204 485 per
1223 430 1317 466 vos
1338 412 1508 483 possit
1532 413 1636 466 vita
1663 411 1936 481 componi.
1971 418 2016 472 Α
2047 425 2144 480 per
2167 409 2516 464 mediocrium
2549 411 2743 464 damna
2765 409 3042 464 sentimus.
3075 411 3256 482 Nuper
3287 409 3471 480 itaque
3511 425 3645 481 pro~

360 511 470 568 Vos
494 511 636 566 enim
657 507 996 565 devotionem
1027 503 1339 570 provinciis,
1359 518 1450 555 vos
1475 501 1828 571 privatisjura
1861 501 1947 554 dc-

359 600 643 664 crevistis,
703 606 760 652 et
804 595 872 650 ad
928 609 1116 647 omnes
1170 591 1393 660 justitim
1461 603 1646 660 partes
1705 589 1948 645 subditos

357 705 554 765 parcre
619 691 848 743 libenter
903 685 1180 740 docuistis.
1273 681 1342 734 Et
1413 681 1536 735 ideo
1610 696 1718 734 non
1791 680 1950 734 decet

361 783 485 838 inde
513 781 722 848 signum
752 775 1122 830 resultationis
1150 772 1318 836 exire,
1347 770 1486 824 unde
1513 771 1816 838 exemplum
1855 783 1950 837 po—

360 873 462 926 tuit
493 867 868 925 exsultationis
890 864 1006 938 [Gn
1026 873 1073 916 ct
1098 863 1214 932 an.
1236 857 1644 930 moderationis]
1673 858 1943 925 eliulgere.

363 961 517 1028 Quod
547 969 733 1015 nostra
762 958 1068 1020 clementia,
1096 957 1181 1010 cui
1211 953 1360 1008 cordi
1390 961 1473 1006 est
1505 967 1686 1005 rerum
1713 949 1949 1003 omnium

367 1061 550 1107 tenere
579 1064 910 1114 mensuram,
939 1049 990 1102 in
1022 1056 1256 1101 vestram
1293 1043 1537 1098 notitiam
1569 1042 1797 1096 credidit
1823 1056 1951 1111 pcr—

365 1143 648 1199 l'crendum
681 1160 695 1196 :
731 1156 800 1196 ne
830 1141 1000 1208 magis
1035 1136 1336 1206 ignorantia
1373 1137 1641 1189 nutriatur
1681 1123 1950 1196 excessus,

365 1236 466 1291 sub
486 1250 716 1304 quorum
740 1232 1066 1288 conscientia
1097 1245 1249 1284 error
1274 1245 1379 1282 non
1408 1235 1588 1296 potest
1615 1240 1734 1280 esse
1765 1239 1942 1294 perpe-

377 1335 527 1381 tuus.
557 1325 728 1393 Igitur
763 1321 1170 1393 provincialium
1205 1319 1353 1393 [mss.
1380 1329 1429 1371 et
1467 1317 1549 1370 ed.
1589 1317 1682 1368 Ac.
1739 1315 1956 1386 provin-

369 1415 597 1488 ciarum]
642 1416 880 1486 judicnm
935 1413 1227 1473 relatione,
1262 1411 1327 1464 ad
1386 1409 1726 1479 magniﬁcum
1783 1407 1955 1462 virum

369 1507 683 1580 pncfcctum
705 1503 946 1576 prmtorii
977 1503 1214 1568 directa,
1244 1500 1637 1570 comperimus,
1664 1497 1741 1552 sic
1771 1497 1955 1567 primm

368 1596 792 1653 transmissionis
821 1603 1034 1663 tempus
1062 1599 1398 1662 exemptum,
1421 1587 1623 1643 utniltil
1652 1595 1743 1641 aut
1772 1601 1958 1657 parum

373 1711 404 1748 a
426 1690 715 1748 senatoriis
742 1688 990 1744 domibus
1017 1693 1227 1741 constet
1257 1684 1464 1739 illatum
1491 1701 1504 1736 :
1536 1681 1836 1751 allegantes
1864 1695 1960 1750 per

2050 499 2352 554 vincialium
2378 499 2617 568 judicum
2644 498 2910 554 relatione
2938 503 3305 571 comperimus
3324 506 3520 556 domos
3543 502 3646 557 ali-
3713 507 3719 512 '

2049 603 2184 657 quas
2225 587 2639 657 pmpotcittium
2687 603 2812 642 suas
2840 604 2948 643 non
2995 588 3224 660 implere
3267 605 3365 660 per
3393 589 3646 644 ordinem

2049 679 2374 732 functiones.
2432 677 2570 734 liinc
2612 676 2748 744 ﬁeri,
2784 687 2845 734 ut
2885 678 3012 733 dum
3063 679 3322 737 illationis
3367 681 3652 749 quantitas

2055 768 2330 838 procurari
2359 769 2636 837 quaeritur,
2673 783 2702 821 a
2735 769 2986 830 tenuibus
3019 787 3225 826 summa
3255 769 3440 841 potior
3461 771 3656 840 exiga-

2052 870 2159 911 tur.
2193 857 2455 928 Superbia
2481 857 2674 912 deinde
2699 859 3093 921 conductorum
3124 861 3422 916 canonicos
3442 859 3656 916 solidos

2053 964 2160 1004 non
2186 949 2376 1003 ordine
2405 948 2654 1016 traditos,
2684 949 2779 1003 sed
2821 952 2922 1004 sub
2952 953 3138 1022 iniquo
3182 953 3350 1022 pondt
3363 968 3426 1008 re
3471 953 3660 1008 inzmi-

2053 1040 2306 1094 nentibus
2363 1038 2530 1094 fuisse
2560 1040 2852 1108 projectos,
2885 1057 2986 1098 nec
3015 1042 3321 1097 universam
3369 1043 3653 1111 siliquam,

2054 1148 2216 1202 quam
2255 1132 2484 1188 reddere
2531 1143 2959 1195 consueverant,
3010 1135 3328 1190 solemniler
3378 1136 3654 1190 intulisse.

2059 1223 2294 1279 Proinde
2316 1223 2514 1280 factum
2561 1233 2644 1278 est
2669 1231 2726 1278 ut
2760 1225 3022 1292 curiales,
3049 1226 3246 1295 quibus
3272 1242 3373 1280 nos
3399 1226 3659 1280 Volumus

2059 1329 2180 1370 esse
2219 1321 2598 1384 prospectum,
2627 1313 3026 1370 imminentium
3055 1317 3422 1372 sollicitudine
3450 1317 3658 1384 coacti,

2060 1407 2243 1476 gravia
2265 1407 2459 1460 damna
2486 1406 2782 1474 sentirent,
2805 1417 2888 1473 et,
2919 1409 2962 1462 si
2991 1408 3098 1464 dici
3128 1409 3209 1463 fas
3237 1419 3338 1474 est,
3367 1425 3493 1464 cum
3524 1408 3662 1463 alie-

2064 1501 2148 1554 nis
2171 1498 2365 1554 debitis
2385 1498 2484 1554 sub
2515 1499 2834 1554 truculentis
2855 1500 3288 1570 compulsoribus
3313 1500 3420 1573 [cd.
3455 1497 3586 1553 Niu.
3610 1509 3662 1552 et

2062 1587 2191 1652 0a.,
2233 1587 2716 1658 compulsionibus)
2741 1597 3078 1658 urgertntur,
3096 1590 3502 1660 possessionum
3517 1603 3663 1659 quo-

2063 1693 2170 1749 que
2198 1693 2416 1734 suarum
2461 1679 2751 1734 amissione
2802 1679 2992 1749 privati
3022 1687 3166 1736 sunt.
3199 1679 3360 1746 Quod
3388 1681 3573 1736 scelus
3601 1689 3663 1732 ut

376 1785 516 1838 lianc
543 1779 917 1836 difﬁcultatem
955 1787 1146 1832 tenues
1187 1775 1448 1845 deprimi.
1493 1787 1631 1842 quos
1674 1771 1843 1839 magis
1869 1771 1961 1825 de-
1992 1808 2039 1867 Β
2064 1771 2259 1826 debeat
2279 1771 2567 1842 amputari,
2601 1771 2668 1828 ad
2697 1773 3196 1829 reverentissimum
3233 1788 3456 1843 quoque
3497 1787 3664 1826 sena-

379 1879 562 1928 cucrat
583 1868 870 1928 sublevari.
933 1867 1054 1922 Fiet
1080 1866 1223 1922 enim
1252 1873 1310 1920 ut
1343 1875 1652 1920 cxactorum
1689 1863 1956 1928 nimietas,

373 1969 502 2018 dum
533 1977 564 2015 a
595 1959 904 2031 potentibus
933 1957 1326 2020 contemnitur,
1361 1955 1413 2008 in
1465 1962 1652 2009 tenues
1701 1967 1960 2007 conversa

374 2060 670 2122 grassetur,
705 2057 759 2104 et
789 2048 876 2104 ille
904 2047 1082 2118 potius
1128 2047 1304 2102 solvat
1331 2045 1524 2106 aliena,
1557 2043 1647 2112 qui
1682 2050 1764 2097 est
1792 2041 1961 2096 devo-

380 2156 466 2199 tus
491 2143 556 2198 ad
585 2141 805 2214 propria
838 2157 852 2194 :
885 2149 1144 2208 prmterea
1174 2137 1342 2190 multo
1355 2134 1632 2190 acerbiora
1655 2134 1958 2203 jungentes,

379 2233 525 2304 quod
554 2248 653 2303 pro
681 2245 778 2285 sua
807 2231 1036 2299 quisque
1081 2227 1360 2282 voluntate
1399 2223 1597 2294 aliquid
1627 2221 1964 2292 exigentibus

377 2329 629 2394 dignetur
667 2323 922 2392 objicere.
955 2320 1082 2388 Qnrc
1108 2328 1285 2374 tamen
1313 2318 1490 2373 omnia
1518 2317 1839 2371 detrimenta
1870 2329 1963 2368 cu-

381 2417 601 2473 rialibus
621 2415 872 2470 dicuntur
900 2410 1093 2484 inlligi;
1124 2419 1181 2466 ut
1211 2410 1300 2480 qui
1343 2409 1396 2463 in
1428 2424 1555 2463 usus
1585 2407 1826 2477 publicos
1850 2403 1964 2459 fne-

381 2514 504 2562 rant
530 2514 710 2560 nostra
727 2503 1033 2573 provisione
1063 2501 1295 2570 reparati
1317 2497 1442 2572 [Ed.
1461 2499 1578 2564 Ac.,
1593 2495 1815 2567 reperti]
1841 2510 1966 2550 con-

378 2596 678 2652 tumacibus
722 2593 1088 2648 distrahantur
1135 2590 1360 2658 injuriis.
1391 2588 1564 2656 Atque
1594 2587 1737 2653 ideo,
1766 2584 1827 2639 P.
1860 2583 1922 2640 C.
1947 2627 1960 2650 ,

383 2691 474 2760 qui
507 2702 694 2759 parem
727 2685 1006 2740 nobiscum
1038 2683 1248 2752 rcipub.
1301 2681 1510 2736 debetis
1559 2680 1802 2734 adnisum
1828 2720 1842 2744 ,
1886 2679 1966 2734 sic

386 2779 722 2850 tequabilitcr
753 2777 1018 2839 ordinate,
1053 2781 1114 2828 ut
1137 2773 1394 2842 quidun
1425 2786 1754 2841 unaquaeque
1777 2771 1966 2824 domus

383 2853 656 2927 s‘eaatoria
687 2866 993 2938 protitctur,
1041 2863 1325 2918 destinatis
1371 2861 1817 2932 procuratoribus
1871 2875 1967 2929 per

383 2957 693 3030 provincias
723 2955 864 3010 trina
889 2954 1130 3008 antione
1162 2951 1454 3022 persolvat.
1489 2950 1596 3004 Aut
1624 2965 1704 3005 ce:
1719 2958 1789 3014 te,
1821 2947 1966 3018 quod

381 3051 433 3102 in
483 3047 660 3101 locmn
709 3043 953 3100 beneticii
1001 3043 1258 3098 solebatis
1306 3049 1595 3111 expetere,
1648 3054 1786 3095 arca:
1815 3039 1964 3093 vica-

381 3138 547 3198 riana:
575 3135 736 3201 sedis,
761 3135 806 3190 si
828 3135 880 3189 id
901 3135 1139 3202 diligitis,
1171 3133 1417 3188 universa
1449 3131 1737 3203 complete,
1774 3145 1842 3186 ne
1870 3144 1964 3184 ne-

381 3243 532 3286 cesse
552 3229 620 3282 sit
645 3227 833 3284 curiali
867 3241 964 3296 per
999 3225 1354 3294 multiplicem
1383 3230 1437 3278 et
1468 3222 1803 3279 inefﬁcacem
1831 3236 1965 3276 con-

383 3319 652 3376 ventionis
684 3318 923 3389 laborem
951 3317 1005 3388 in
1035 3315 1247 3385 exiguis
1287 3315 1486 3370 vestris
1514 3311 1846 3369 illationibus
1871 3325 1968 3366 sua

387 3409 568 3478 potius
593 3407 786 3478 damna
816 3405 1126 3476 suscipere;
1166 3402 1488 3472 eveniatque
1521 3399 1856 3465 detestabilis
1880 3414 1972 3455 ca-

389 3513 500 3562 sus,
534 3505 592 3552 ut
620 3496 716 3566 qui
751 3495 1084 3558 [unctionem
1114 3492 1392 3562 propriam
1422 3491 1510 3545 vix
1543 3498 1757 3560 poterat
1805 3489 1971 3546 susti-

387 3603 518 3642 nere
562 3586 812 3652 devotus,
863 3584 1055 3638 alienis
1103 3581 1360 3638 oneribus
1401 3587 1682 3652 prematur
1709 3577 1970 3636 inﬁrmus.

384 3677 539 3747 Quod
593 3692 715 3746 nos,
772 3675 919 3734 salva
950 3674 1211 3730 civilitate
1233 3713 1249 3740 ,
1279 3671 1620 3738 dissimulare
1646 3687 1754 3734 non
1785 3687 1976 3742 possu-

382 3785 536 3840 mus;
568 3779 624 3827 ut
649 3770 765 3825 sine
787 3769 1080 3824 acerbitate
1105 3767 1232 3835 belli
1257 3768 1419 3822 rebus
1446 3767 1558 3822 suis
1585 3773 1856 3822 exuantur
1875 3779 1974 3834 op-

391 3861 586 3934 pressi,
617 3869 673 3916 et
701 3859 776 3916 illi
803 3859 974 3929 magis
1001 3867 1226 3930 pereant
1252 3859 1343 3928 qui
1373 3859 1584 3932 reipttb.
1606 3862 1798 3928 parere
1825 3857 1976 3916 festi-

387 3958 538 4004 nant.
563 3947 680 4005 lloc
708 3949 871 4005 etiam
910 3965 1009 4004 nos
1037 3948 1250 4006 edictali
1279 3957 1678 4020 programmate
1709 3949 1762 4006 in
1807 3964 1974 4005 cunc—

388 4049 564 4098 torum
595 4039 852 4101 noveritis
871 4040 1281 4111 provincialium
1310 4039 1559 4098 notitiam
1585 4040 1888 4110 pertulisse,
1915 4048 1990 4102 ιιι,

385 4131 555 4187 libere
578 4139 892 4202 prorumpat
921 4133 974 4185 in
1005 4131 1297 4200 publicum,
1323 4130 1416 4200 qui
1442 4145 1502 4185 se
1525 4131 1714 4190 alienae
1736 4131 1973 4186 functio—

385 4221 472 4279 nis
512 4223 752 4292 pondere
789 4223 939 4276 novit
967 4236 1284 4290 oppressum
1317 4238 1330 4273 :
1375 4220 1594 4274 relaturi
1621 4221 1836 4296 anobis
1859 4220 1976 4290 jus—

386 4309 516 4366 titia:
544 4309 796 4376 fructum,
829 4310 918 4380 qui
946 4309 1100 4365 fessis
1124 4310 1373 4366 novimus
1393 4310 1522 4364 dare
1548 4311 1873 4379 pncsidium.

383 4440 721 4498 EPISTOLA
777 4440 940 4501 XXV.
1010 4442 1132 4496 Sive
1196 4439 1496 4497 EDICTUM
1566 4439 1976 4497 TllEODORlCl

657 4529 664 4532 ’
1077 4531 1295 4587 REGIS.

383 4627 730 4698 Conqueritur
755 4643 855 4709 rex.
877 4625 1330 4709 possessoresst've
1367 4626 1589 4680 curiales
1610 4642 1721 4680 esse
1755 4643 1970 4709 oppres-

461 4695 566 4762 sos,
593 4714 652 4750 eo
679 4698 813 4766 quod
841 4697 1088 4752 indictum
1117 4695 1216 4748 sibi
1267 4712 1518 4750 summam
1542 4713 1664 4766 non
1702 4695 1974 4751 solt't'ssent

464 4765 712 4837 primates
734 4767 754 4820 ἔ
801 4766 1002 4838 deinde
1018 4767 1064 4821 si
1087 4766 1355 4838 quisquam
1381 4767 1478 4820 hac
1514 4765 1578 4819 de
1599 4783 1756 4838 causa
1782 4783 1973 4837 grava-

466 4835 572 4904 tum
592 4853 646 4892 se
665 4839 900 4901 senserit,
919 4835 1065 4907 jubet
1100 4835 1160 4889 at
1187 4835 1256 4890 ad
1279 4853 1452 4908 regem
1485 4836 1718 4908 querelas
1751 4835 1970 4907 deferat.

459 4945 716 5014 Quamvis
743 4945 814 5002 sit
842 4945 1066 5016 querula
1088 4961 1195 5001 vox
1223 4944 1445 5010 doloris,
1479 4960 1577 5000 nec
1595 4945 1980 5000 secontineaut

390 5039 685 5106 imminuti,
717 5047 774 5096 et
813 5038 973 5096 ltesus
1012 5040 1224 5094 animus
1275 5038 1665 5096 vociferatione
1703 5049 1975 5112 pascatur,

387 5139 570 5186 tamen
600 5128 821 5184 liberior
857 5144 1036 5184 sermo
1059 5129 1346 5201 promitur,
1381 5129 1471 5198 qui
1499 5128 1671 5202 [edit.,
1693 5130 1764 5204 si]
1794 5139 1977 5188 nostra

383 5217 711 5276 auctoritate
737 5218 969 5274 laxatur.
991 5219 1331 5286 Detestamur
1357 5219 1500 5274 enim
1533 5221 1758 5276 miseros
1785 5222 1973 5291 premi,

393 5324 802 5366 commovemur
829 5317 885 5365 et
913 5325 1020 5366 non
1051 5311 1392 5379 querentium
1414 5310 1599 5378 malis,
1629 5311 1977 5380 velociusque

391 5399 460 5456 ad
481 5416 581 5457 nos
611 5402 860 5470 pervenit
899 5401 1044 5470 quod
1073 5402 1428 5458 dissimulatio
1457 5402 1714 5472 patientis
1741 5403 2023 5481 absenti-1'

392 5490 492 5543 dit.
524 5487 738 5557 Merito,
770 5491 986 5560 quando
1015 5502 1330 5547 cunctorum
1362 5509 1460 5549 nos
1489 5495 1784 5564 respiciunt
1813 5495 1978 5548 laesio-

393 5596 516 5648 ncs;
540 5579 665 5636 dum
691 5582 820 5638 illud
845 5583 1034 5654 pietati
1057 5593 1253 5640 nostra:
1279 5586 1455 5656 perire
1496 5586 1762 5642 credimus
1782 5627 1798 5654 ,
1831 5587 1977 5657 quod

2008 4546 2051 4604 υ

2067 1869 2178 1916 tum
2208 1872 2471 1932 prtccepta
2513 1862 2928 1928 transmisimus,
2961 1871 3016 1918 ct
3069 1879 3212 1918 nunc
3261 1863 3478 1918 cdictali
3526 1877 3662 1932 pro-

2065 1961 2362 2022 grammate
2401 1951 2706 2019 delinimus,
2759 1962 2820 2008 ut
2854 1954 3097 2022 quisquis
3127 1968 3504 2024 possessorum
3547 1953 3667 2008 sive

2065 2045 2345 2102 curialium
2367 2055 2649 2116 gravatum
2672 2062 2731 2101 se
2751 2047 2982 2102 senserit
3002 2047 3054 2101 in
3083 2047 3257 2101 aliena
3284 2046 3480 2102 calculi
3505 2045 3666 2100 func—

2068 2139 2230 2200 tione,
2265 2137 2330 2192 ad
2363 2147 2558 2194 nostra:
2611 2138 2918 2194 serenitatis
2958 2137 3286 2194 audientiam
3323 2138 3513 2194 venire
3570 2136 3670 2192 de-

2066 2239 2362 2300 properet:
2409 2231 2662 2295 sciturus,
2693 2231 2850 2286 nobis
2894 2230 3105 2301 priores
3143 2246 3396 2286 excessus
3439 2229 3672 2285 omnino

2067 2323 2423 2394 displicuisse,
2455 2340 2578 2380 cum
2599 2324 2796 2379 viderit
2823 2321 3105 2394 profutura
3132 2323 3448 2379 succedere.
3484 2320 3672 2376 Patuit

2067 2428 2197 2484 ergo
2225 2415 2377 2470 vobis
2398 2415 2680 2470 arbitrium
2701 2414 2830 2484 justi
2872 2415 3133 2484 principis
3157 2455 3172 2480 ,
3196 2413 3443 2483 quamvis
3481 2411 3674 2466 multis

2067 2521 2284 2576 semper
2303 2507 2609 2562 declaretur
2635 2506 2863 2561 indiciis.
2911 2505 3064 2560 Nunc
3095 2513 3275 2558 autem
3305 2503 3406 2560 sub
3439 2502 3672 2560 silentio

2065 2599 2380 2668 patientiam
2427 2598 2632 2654 doloris
2686 2597 2958 2662 obducite,
3016 2604 3109 2651 aut
3147 2596 3247 2651 sub
3288 2593 3501 2665 justitia
3553 2593 3667 2648 iter

2066 2690 2214 2744 vocis
2241 2690 2464 2758 aperite.
2498 2688 2616 2743 Jam
2645 2691 2696 2745 in
2731 2690 2882 2744 vobis
2907 2690 3012 2744 erit
3053 2688 3212 2758 hujus
3259 2701 3474 2740 summa
3522 2699 3660 2740 con-

2068 2781 2192 2846 silii,
2223 2781 2418 2852 quibus
2443 2781 2657 2852 adjacct
2695 2782 2915 2851 eligere,
2969 2780 3117 2852 quod
3161 2779 3319 2835 vobis
3358 2775 3678 2850 prospicitis

2069 2872 2346 2942 expedire.

2565 3000 2899 3068 EPISTULA
2944 2998 3129 3055 XXVI.

2161 3111 2363 3152 FAUSTO
2394 3109 2684 3150 PREFECTO
2715 3107 2998 3148 Ριιιετοιιιο
3042 3103 3415 3146 TIIEODORICUS
3439 3103 3574 3142 REX.

1995 3179 2040 3242 C
2079 3185 2232 3242 Vetat
2273 3187 2541 3260 quominus
2571 3181 3130 3260 Apul-ire_e_t_Catabt-ir_e
3159 3181 3510 3260 negotiatores
3543 3195 3648 3260 grtt
3661 3209 3678 3219 -

2145 3249 2324 3312 rentur
2353 3257 2420 3310 im
2431 3249 2685 3322 posterum
2711 3293 2727 3318 ,
2757 3252 3056 3322 debilesque
3087 3251 3151 3304 iis
3180 3249 3266 3322 qui
3291 3251 3388 3322 lia:
3416 3249 3682 3322 principis

2136 3317 2754 3398 jussiouesinfregerit“,
2790 3317 2982 3378 multas
3019 3317 3260 3392 imponit.
3288 3317 3682 3390 Tum‘sequitnr

2143 3395 2366 3450 edictum
2387 3395 2450 3449 de
2471 3395 2722 3448 aurariis.

2146 3505 2354 3560 Nullius
2375 3503 2709 3574 compendiis
2729 3503 3062 3558 delectamur
3091 3501 3320 3570 injustis,
3347 3515 3450 3555 nec
3471 3497 3538 3552 ad
3560 3497 3684 3554 ani-

2079 3611 2225 3652 mum
2257 3603 2453 3650 nostra:
2481 3592 2694 3663 pietatis
2718 3591 3037 3662 perveniunt
3064 3605 3183 3660 quac
3212 3589 3502 3660 probitatis
3547 3601 3685 3657 gra-

2081 3687 2155 3741 tia
2211 3692 2555 3740 deseruntur.
2600 3683 2922 3753 Respublica
2973 3681 3238 3752 siquidem
3281 3681 3404 3750 jure
3450 3694 3683 3750 semper

2075 3777 2344 3848 aequitatis
2371 3789 2624 3845 augetur;
2655 3785 2710 3830 ct
2751 3790 2871 3830 cum
2904 3775 3261 3846 temperantia
3290 3773 3550 3843 diligitur,
3586 3788 3688 3829 ve-

2077 3867 2272 3923 lociter
2323 3865 2602 3938 profutura
2651 3865 2967 3921 succedunt.
2999 3867 3176 3934 Atque
3217 3861 3346 3919 ideo
3400 3865 3684 3918 illustrem

2076 3958 2530 4031 magniﬁcentiam
2564 3967 2728 4024 tuam,
2757 3959 3152 4028 negotiatorum
3183 3957 3392 4030 Apulia:
3415 3959 3536 4014 sive
3563 3959 3686 4014 Ca-

2079 4050 2264 4105 labria!
2285 4049 2677 4122 supplicatione
2707 4049 2960 4119 permoti,
2989 4049 3238 4106 duximus
3267 4049 3676 4118 instruendam;

2078 4148 2134 4194 ut
2166 4137 2454 4206 frumenta,
2497 4153 2616 4209 quae
2663 4155 2759 4210 per
2799 4141 3138 4210 supradictas
3165 4141 3538 4208 negotiatores
3569 4157 3686 4211 pu-

2076 4231 2218 4288 blico
2249 4240 2653 4301 comparantur,
2680 4247 2785 4286 non
2803 4232 2994 4286 iterum
3014 4233 3079 4287 ab
3094 4232 3296 4289 eisdem
3327 4235 3687 4305 interpretii‘

2077 4322 2300 4376 nomine
2331 4322 2624 4376 solidorum
2649 4324 2920 4392 quantitas
2949 4325 3214 4394 exigatur.
3245 4323 3381 4379 Nam
3407 4326 3452 4380 si
3481 4341 3688 4381 coem-

2078 4419 2225 4482 ptam
2275 4411 2512 4481 speciem
2556 4413 2808 4482 expensis
2855 4413 3086 4483 publicis
3141 4415 3508 4469 necessariam
3563 4431 3686 4472 non

2082 4502 2310 4566 habetis,
2343 4502 2410 4556 ab
2441 4501 2620 4558 oliicio
2647 4512 2826 4558 vestro
2855 4513 3102 4574 suscepta
3131 4505 3391 4560 modiatio
3409 4505 3518 4580 [εᾶ.
3545 4505 3686 4562 Niu.

2075 4602 2126 4647 et
2155 4591 2281 4668 ϐέῃ,
2360 4592 2686 4666 moderatio]
2727 4592 2954 4652 ﬁdeliter
2989 4595 3355 4652 distrahatur:
3407 4605 3684 4670 eventum

2077 4685 2155 4738 rei
2181 4684 2320 4739 ratio
2349 4682 2546 4740 ﬂscalis
2603 4685 2851 4740 habitura
2903 4694 3024 4754 est,
3074 4703 3193 4758 qua:
3223 4687 3421 4758 injuste
3459 4689 3690 4746 videtur

2081 4775 2397 4844 imposuisse
2417 4777 2559 4844 quol
2591 4778 3008 4849 respuit._Nimis
3037 4781 3181 4834 enim
3207 4780 3452 4850 iniquum
3484 4789 3594 4846 est,
3623 4791 3690 4837 ut

2081 4865 2171 4922 ille
2201 4867 2439 4936 patiatur
2489 4867 2852 4938 dispendium,
2908 4872 3000 4940 qni
3057 4872 3343 4943 imperium
3389 4874 3519 4928 fecit
3543 4876 3688 4931 alie-

2080 4971 2232 5012 num.
2269 4958 2386 5011 l‘ari
2419 4957 2732 5015 conditione
2754 4971 3038 5017 censentes
3067 4962 3134 5018 de
3162 4963 3404 5018 sextario
3425 4979 3684 5034 quoque,

2079 5062 2241 5116 quem
2275 5050 2580 5117 negotiator
2607 5049 2724 5120 ejus
2751 5053 3042 5121 provincia:
3074 5053 3285 5108 videtur
3315 5053 3522 5109 inferre
3547 5073 3572 5108 ς
3610 5073 3688 5112 ne

2078 5140 2200 5208 quis
2211 5140 2583 5196 audeatdamn
2605 5150 2674 5196 :ta
2700 5159 2912 5214 semper
2933 5146 3105 5215 pretia
3127 5155 3415 5216 protervus
3427 5148 3684 5217 exigere.

2077 5230 2143 5284 Et
2171 5240 2231 5285 ut
2252 5231 2476 5287 validius
2501 5234 2852 5289 retundamus
2881 5251 3168 5302 excessus,
3199 5252 3413 5306 [mnam
3446 5239 3681 5306 triginta

2077 5318 2330 5373 librarum
2353 5321 2465 5374 auri
2495 5321 2636 5377 sedis
2652 5331 2840 5378 vestrae
2856 5325 2960 5395 33
2973 5324 3240 5395 pncfectis
3260 5327 3620 5396 imponimus,
3633 5329 3686 5383 si

2080 5411 2198 5478 quis
2241 5421 2429 5465 contra
2460 5413 2575 5467 lucc
2615 5414 2964 5470 saluberrima
2988 5402 3282 5470 constituta
3315 5433 3448 5471 ausu
3501 5426 3682 5473 teme-

2079 5499 2222 5554 rario
2267 5501 2451 5556 venire
2481 5505 2788 5557 tentavcrit.
2817 5502 3063 5562 Oﬂicium
3093 5521 3223 5561 vero
3271 5505 3463 5562 decem
3516 5507 3685 5579 libra-

2080 5605 2198 5644 rutn
2236 5591 2352 5644 auri
2381 5591 2662 5662 dispendio
2691 5609 2748 5652 se
2773 5595 2984 5650 noverit
3013 5611 3136 5653 esse
3161 5595 3488 5666 feriendum,
3513 5599 3562 5653 si
3593 5599 3683 5652 in-

469 5790 498 5822 ι
525 5779 603 5840 Ea
627 5782 788 5843 dictio
814 5795 991 5844 exstat
1015 5787 1178 5844 etiam
1201 5788 1254 5846 in
1283 5787 1778 5868 Cornelio‘Valcnti
1801 5790 1869 5846 de
1897 5787 2122 5858 Suariis,
2154 5790 2294 5846 edita
2319 5805 2348 5846 a
2380 5790 2603 5858 I‘itbmo,
2639 5808 2758 5864 pag.
2793 5793 2880 5849 '29.
2905 5793 3024 5848 Jun.
