  <div class='ocr_page' id='page_1' title='image "/cluster/home/n/w/nwhite01/storage/ocr_20150623/69/umn.31951002477362u/291.png"; bbox 0 0 3952 6420; ppageno 0'>
   <div class='ocr_carea' id='block_1_1' title="bbox 431 352 532 407">
    <p class='ocr_par' dir='ltr' id='par_1_1' title="bbox 431 352 532 407">
     <span class='ocr_line' id='line_1_1' title="bbox 431 352 532 407; baseline 0.01 -1"><span class='ocrx_word' id='word_1_1' title='bbox 431 352 532 407; x_wconf 74' lang='lat'><strong><em>565</em></strong></span> 
     </span>
    </p>
   </div>
   <div class='ocr_carea' id='block_1_2' title="bbox 522 565 1916 614">
    <p class='ocr_par' dir='ltr' id='par_1_2' title="bbox 522 565 1916 614">
     <span class='ocr_line' id='line_1_2' title="bbox 522 565 1916 614; baseline -0.006 -2"><span class='ocrx_word' id='word_1_2' title='bbox 522 571 694 612; x_wconf 74' lang='lat' dir='ltr'><strong><em>ADII..£</em></strong></span> <span class='ocrx_word' id='word_1_3' title='bbox 725 569 847 608; x_wconf 70' lang='lat' dir='ltr'><strong><em>&quot;Ilio</em></strong></span> <span class='ocrx_word' id='word_1_4' title='bbox 876 567 1154 614; x_wconf 70' lang='lat' dir='ltr'><strong><em>SENATUBI,</em></strong></span> <span class='ocrx_word' id='word_1_5' title='bbox 1187 565 1370 606; x_wconf 65' lang='lat' dir='ltr'><strong><em>COIITI</em></strong></span> <span class='ocrx_word' id='word_1_6' title='bbox 1400 566 1762 606; x_wconf 74' lang='lat' dir='ltr'><strong><em>THEODORICUS</em></strong></span> <span class='ocrx_word' id='word_1_7' title='bbox 1793 568 1916 606; x_wconf 76' lang='lat' dir='ltr'><strong>REX.</strong></span> 
     </span>
    </p>
   </div>
   <div class='ocr_carea' id='block_1_3' title="bbox 430 643 2020 712">
    <p class='ocr_par' dir='ltr' id='par_1_3' title="bbox 430 643 2020 712">
     <span class='ocr_line' id='line_1_3' title="bbox 430 643 2020 712; baseline -0.006 -6"><span class='ocrx_word' id='word_1_8' title='bbox 430 649 664 712; x_wconf 79' lang='lat' dir='ltr'><strong><em>Imperat</em></strong></span> <span class='ocrx_word' id='word_1_9' title='bbox 689 653 746 699; x_wconf 86' lang='lat' dir='ltr'><strong><em>ut</em></strong></span> <span class='ocrx_word' id='word_1_10' title='bbox 775 654 976 698; x_wconf 86' lang='lat' dir='ltr'><strong><em>tueatur</em></strong></span> <span class='ocrx_word' id='word_1_11' title='bbox 1013 643 1212 712; x_wconf 74' lang='lat' dir='ltr'><strong><em>pr-t&#39;dia</em></strong></span> <span class='ocrx_word' id='word_1_12' title='bbox 1266 653 1316 698; x_wconf 88' lang='lat' dir='ltr'><strong><em>et</em></strong></span> <span class='ocrx_word' id='word_1_13' title='bbox 1355 643 1586 698; x_wconf 75' lang='lat' dir='ltr'><strong><em>homines</em></strong></span> <span class='ocrx_word' id='word_1_14' title='bbox 1612 643 2020 698; x_wconf 72' lang='lat' dir='ltr'><strong><em>Mediolanensis</em></strong></span> 
     </span>
    </p>
   </div>
   <div class='ocr_carea' id='block_1_4' title="bbox 537 712 2022 779">
    <p class='ocr_par' dir='ltr' id='par_1_4' title="bbox 537 712 2022 779">
     <span class='ocr_line' id='line_1_4' title="bbox 537 712 2022 779; baseline -0.003 -8"><span class='ocrx_word' id='word_1_15' title='bbox 537 717 756 772; x_wconf 67' lang='lat' dir='ltr'><strong><em>Ecclesia:</em></strong></span> <span class='ocrx_word' id='word_1_16' title='bbox 777 715 918 768; x_wconf 84' lang='lat' dir='ltr'><strong><em>intra</em></strong></span> <span class='ocrx_word' id='word_1_17' title='bbox 949 712 1188 768; x_wconf 88' lang='lat' dir='ltr'><strong><em>Siciliam</em></strong></span> <span class='ocrx_word' id='word_1_18' title='bbox 1223 715 1566 779; x_wconf 86' lang='lat' dir='ltr'><strong><em>constitutos;</em></strong></span> <span class='ocrx_word' id='word_1_19' title='bbox 1601 714 1707 768; x_wconf 78' lang='lat' dir='ltr'><strong><em>vult</em></strong></span> <span class='ocrx_word' id='word_1_20' title='bbox 1749 724 1919 767; x_wconf 88' lang='lat' dir='ltr'><strong><em>tamen</em></strong></span> <span class='ocrx_word' id='word_1_21' title='bbox 1965 724 2022 767; x_wconf 91' lang='lat' dir='ltr'><strong><em>ut</em></strong></span> 
     </span>
    </p>
   </div>
   <div class='ocr_carea' id='block_1_5' title="bbox 500 783 2020 856">
    <p class='ocr_par' dir='ltr' id='par_1_5' title="bbox 500 783 2020 856">
     <span class='ocr_line' id='line_1_5' title="bbox 500 783 2020 856; baseline -0.003 -15"><span class='ocrx_word' id='word_1_22' title='bbox 500 787 672 841; x_wconf 86' lang='lat' dir='ltr'><strong><em>causis</em></strong></span> <span class='ocrx_word' id='word_1_23' title='bbox 691 783 908 856; x_wconf 75' lang='lat' dir='ltr'><strong><em>publicis</em></strong></span> <span class='ocrx_word' id='word_1_24' title='bbox 928 796 977 856; x_wconf 80' lang='lat' dir='ltr'><strong><em>et</em></strong></span> <span class='ocrx_word' id='word_1_25' title='bbox 996 785 1212 854; x_wconf 74' lang='lat' dir='ltr'><strong><em>privatis</em></strong></span> <span class='ocrx_word' id='word_1_26' title='bbox 1229 795 1409 838; x_wconf 80' lang='lat' dir='ltr'><strong><em>contra</em></strong></span> <span class='ocrx_word' id='word_1_27' title='bbox 1429 800 1516 837; x_wconf 91' lang='lat' dir='ltr'><strong><em>eos</em></strong></span> <span class='ocrx_word' id='word_1_28' title='bbox 1541 785 1818 855; x_wconf 76' lang='lat' dir='ltr'><strong><em>propositis</em></strong></span> <span class='ocrx_word' id='word_1_29' title='bbox 1839 801 2020 855; x_wconf 86' lang='lat' dir='ltr'><strong><em>quam-</em></strong></span> 
     </span>
    </p>
   </div>
   <div class='ocr_carea' id='block_1_6' title="bbox 497 854 1111 927">
    <p class='ocr_par' dir='ltr' id='par_1_6' title="bbox 497 854 1111 927">
     <span class='ocr_line' id='line_1_6' title="bbox 497 854 1111 927; baseline -0.005 -17"><span class='ocrx_word' id='word_1_30' title='bbox 497 854 720 927; x_wconf 77' lang='lat' dir='ltr'><strong><em>primum</em></strong></span> <span class='ocrx_word' id='word_1_31' title='bbox 745 854 1111 924; x_wconf 83' lang='lat' dir='ltr'><strong><em>respondeant.</em></strong></span> 
     </span>
    </p>
   </div>
   <div class='ocr_carea' id='block_1_7' title="bbox 501 967 2018 1039">
    <p class='ocr_par' dir='ltr' id='par_1_7' title="bbox 501 967 2018 1039">
     <span class='ocr_line' id='line_1_7' title="bbox 501 967 2018 1039; baseline -0.003 -12"><span class='ocrx_word' id='word_1_32' title='bbox 501 971 757 1039; x_wconf 81' lang='lat' dir='ltr'><strong><em>Quamvis</em></strong></span> <span class='ocrx_word' id='word_1_33' title='bbox 786 970 963 1025; x_wconf 90' lang='lat' dir='ltr'><strong><em>nullos</em></strong></span> <span class='ocrx_word' id='word_1_34' title='bbox 1015 969 1239 1024; x_wconf 76' lang='lat' dir='ltr'><strong><em>velimus</em></strong></span> <span class='ocrx_word' id='word_1_35' title='bbox 1265 982 1554 1038; x_wconf 81' lang='lat' dir='ltr'><strong><em>gravamen</em></strong></span> <span class='ocrx_word' id='word_1_36' title='bbox 1585 968 1800 1039; x_wconf 85' lang='lat' dir='ltr'><strong><em>aliquod</em></strong></span> <span class='ocrx_word' id='word_1_37' title='bbox 1855 967 2018 1024; x_wconf 88' lang='lat' dir='ltr'><strong><em>susti-</em></strong></span> 
     </span>
    </p>
   </div>
   <div class='ocr_carea' id='block_1_8' title="bbox 429 1062 2015 1133">
    <p class='ocr_par' dir='ltr' id='par_1_8' title="bbox 429 1062 2015 1133">
     <span class='ocr_line' id='line_1_8' title="bbox 429 1062 2015 1133; baseline -0.001 -15"><span class='ocrx_word' id='word_1_38' title='bbox 429 1079 580 1130; x_wconf 87' lang='lat' dir='ltr'><strong><em>nere,</em></strong></span> <span class='ocrx_word' id='word_1_39' title='bbox 603 1078 742 1133; x_wconf 87' lang='lat' dir='ltr'><strong><em>quos</em></strong></span> <span class='ocrx_word' id='word_1_40' title='bbox 761 1062 973 1118; x_wconf 89' lang='lat' dir='ltr'><strong><em>videtur</em></strong></span> <span class='ocrx_word' id='word_1_41' title='bbox 1000 1062 1171 1132; x_wconf 89' lang='lat' dir='ltr'><strong><em>pietas</em></strong></span> <span class='ocrx_word' id='word_1_42' title='bbox 1202 1070 1382 1116; x_wconf 89' lang='lat' dir='ltr'><strong><em>nostra</em></strong></span> <span class='ocrx_word' id='word_1_43' title='bbox 1415 1071 1700 1130; x_wconf 73' lang='lat' dir='ltr'><strong><em>protegere</em></strong></span> <span class='ocrx_word' id='word_1_44' title='bbox 1725 1063 1870 1132; x_wconf 84' lang='lat' dir='ltr'><strong><em>(quia</em></strong></span> <span class='ocrx_word' id='word_1_45' title='bbox 1923 1077 2015 1116; x_wconf 89' lang='lat' dir='ltr'><strong><em>re-</em></strong></span> 
     </span>
    </p>
   </div>
   <div class='ocr_carea' id='block_1_9' title="bbox 427 1149 2017 1221">
    <p class='ocr_par' dir='ltr' id='par_1_9' title="bbox 427 1149 2017 1221">
     <span class='ocr_line' id='line_1_9' title="bbox 427 1149 2017 1221; baseline -0.003 -13"><span class='ocrx_word' id='word_1_46' title='bbox 427 1153 641 1221; x_wconf 77' lang='lat' dir='ltr'><strong><em>gnantis</em></strong></span> <span class='ocrx_word' id='word_1_47' title='bbox 666 1158 750 1208; x_wconf 88' lang='lat' dir='ltr'><strong><em>est</em></strong></span> <span class='ocrx_word' id='word_1_48' title='bbox 776 1150 966 1221; x_wconf 78' lang='lat' dir='ltr'><strong><em>gloria,</em></strong></span> <span class='ocrx_word' id='word_1_49' title='bbox 994 1149 1360 1218; x_wconf 87' lang='lat' dir='ltr'><strong><em>subjectorum</em></strong></span> <span class='ocrx_word' id='word_1_50' title='bbox 1389 1149 1561 1204; x_wconf 89' lang='lat' dir='ltr'><strong><em>otiosa</em></strong></span> <span class='ocrx_word' id='word_1_51' title='bbox 1611 1151 2017 1220; x_wconf 76' lang='lat' dir='ltr'><strong><em>tranquillitas),</em></strong></span> 
     </span>
    </p>
   </div>
   <div class='ocr_carea' id='block_1_10' title="bbox 431 1240 2022 1312">
    <p class='ocr_par' dir='ltr' id='par_1_10' title="bbox 431 1240 2022 1312">
     <span class='ocr_line' id='line_1_10' title="bbox 431 1240 2022 1312; baseline 0 -16"><span class='ocrx_word' id='word_1_52' title='bbox 431 1252 610 1300; x_wconf 89' lang='lat' dir='ltr'><strong><em>tamen</em></strong></span> <span class='ocrx_word' id='word_1_53' title='bbox 633 1242 944 1312; x_wconf 75' lang='lat' dir='ltr'><strong><em>specialiter</em></strong></span> <span class='ocrx_word' id='word_1_54' title='bbox 968 1240 1238 1296; x_wconf 69' lang='lat' dir='ltr'><strong><em>Ecclesiae</em></strong></span> <span class='ocrx_word' id='word_1_55' title='bbox 1260 1241 1328 1296; x_wconf 86' lang='lat' dir='ltr'><strong><em>ab</em></strong></span> <span class='ocrx_word' id='word_1_56' title='bbox 1358 1242 1504 1295; x_wconf 89' lang='lat' dir='ltr'><strong><em>omni</em></strong></span> <span class='ocrx_word' id='word_1_57' title='bbox 1526 1241 1720 1310; x_wconf 85' lang='lat' dir='ltr'><strong><em>injuria</em></strong></span> <span class='ocrx_word' id='word_1_58' title='bbox 1743 1241 1894 1296; x_wconf 83' lang='lat' dir='ltr'><strong><em>reddi</em></strong></span> <span class='ocrx_word' id='word_1_59' title='bbox 1922 1258 2022 1297; x_wconf 90' lang='lat' dir='ltr'><strong><em>eu-</em></strong></span> 
     </span>
    </p>
   </div>
   <div class='ocr_carea' id='block_1_11' title="bbox 429 1331 2020 1402">
    <p class='ocr_par' dir='ltr' id='par_1_11' title="bbox 429 1331 2020 1402">
     <span class='ocr_line' id='line_1_11' title="bbox 429 1331 2020 1402; baseline -0.002 -13"><span class='ocrx_word' id='word_1_60' title='bbox 429 1334 608 1402; x_wconf 80' lang='lat' dir='ltr'><strong><em>pimus</em></strong></span> <span class='ocrx_word' id='word_1_61' title='bbox 653 1334 886 1398; x_wconf 91' lang='lat' dir='ltr'><strong><em>alienas;</em></strong></span> <span class='ocrx_word' id='word_1_62' title='bbox 935 1332 1131 1402; x_wconf 83' lang='lat' dir='ltr'><strong><em>quibus</em></strong></span> <span class='ocrx_word' id='word_1_63' title='bbox 1185 1332 1314 1386; x_wconf 92' lang='lat' dir='ltr'><strong><em>dum</em></strong></span> <span class='ocrx_word' id='word_1_64' title='bbox 1367 1331 1650 1400; x_wconf 65' lang='lat' dir='ltr'><strong><em>aequabilia</em></strong></span> <span class='ocrx_word' id='word_1_65' title='bbox 1677 1341 2020 1402; x_wconf 69' lang='lat' dir='ltr'><strong><em>prazstantur,</em></strong></span> 
     </span>
    </p>
   </div>
   <div class='ocr_carea' id='block_1_12' title="bbox 433 1423 2021 1492">
    <p class='ocr_par' dir='ltr' id='par_1_12' title="bbox 433 1423 2021 1492">
     <span class='ocr_line' id='line_1_12' title="bbox 433 1423 2021 1492; baseline 0.001 -14"><span class='ocrx_word' id='word_1_66' title='bbox 433 1423 802 1481; x_wconf 90' lang='lat' dir='ltr'><strong><em>misericordia</em></strong></span> <span class='ocrx_word' id='word_1_67' title='bbox 853 1424 1153 1480; x_wconf 87' lang='lat' dir='ltr'><strong><em>Divinitatis</em></strong></span> <span class='ocrx_word' id='word_1_68' title='bbox 1207 1425 1522 1492; x_wconf 81' lang='lat' dir='ltr'><strong><em>acquiritur.</em></strong></span> <span class='ocrx_word' id='word_1_69' title='bbox 1574 1423 1641 1478; x_wconf 87' lang='lat' dir='ltr'><strong><em>Et</em></strong></span> <span class='ocrx_word' id='word_1_70' title='bbox 1671 1425 1794 1478; x_wconf 91' lang='lat' dir='ltr'><strong><em>ideo</em></strong></span> <span class='ocrx_word' id='word_1_71' title='bbox 1817 1426 2021 1480; x_wconf 80' lang='lat' dir='ltr'><strong><em>beatis-</em></strong></span> 
     </span>
    </p>
   </div>
   <div class='ocr_carea' id='block_1_13' title="bbox 433 1513 2022 1586">
    <p class='ocr_par' dir='ltr' id='par_1_13' title="bbox 433 1513 2022 1586">
     <span class='ocr_line' id='line_1_13' title="bbox 433 1513 2022 1586; baseline 0 -16"><span class='ocrx_word' id='word_1_72' title='bbox 433 1515 555 1571; x_wconf 89' lang='lat' dir='ltr'><strong><em>simi</em></strong></span> <span class='ocrx_word' id='word_1_73' title='bbox 583 1515 685 1570; x_wconf 88' lang='lat' dir='ltr'><strong><em>viri</em></strong></span> <span class='ocrx_word' id='word_1_74' title='bbox 739 1513 1010 1586; x_wconf 87' lang='lat' dir='ltr'><strong><em>Eustorgii</em></strong></span> <span class='ocrx_word' id='word_1_75' title='bbox 1059 1515 1300 1586; x_wconf 89' lang='lat' dir='ltr'><strong><em>episc0pi</em></strong></span> <span class='ocrx_word' id='word_1_76' title='bbox 1349 1523 1554 1570; x_wconf 69' lang='lat' dir='ltr'><strong><em>sancta&#39;.</em></strong></span> <span class='ocrx_word' id='word_1_77' title='bbox 1608 1515 2022 1570; x_wconf 85' lang='lat' dir='ltr'><strong><em>Mediolanensis</em></strong></span> 
     </span>
    </p>
   </div>
   <div class='ocr_carea' id='block_1_14' title="bbox 431 1603 2022 1675">
    <p class='ocr_par' dir='ltr' id='par_1_14' title="bbox 431 1603 2022 1675">
     <span class='ocr_line' id='line_1_14' title="bbox 431 1603 2022 1675; baseline 0.001 -17"><span class='ocrx_word' id='word_1_78' title='bbox 431 1603 689 1661; x_wconf 66' lang='lat' dir='ltr'><strong><em>Ecclesiae</em></strong></span> <span class='ocrx_word' id='word_1_79' title='bbox 711 1605 972 1675; x_wconf 71' lang='lat' dir='ltr'><strong><em>petitione</em></strong></span> <span class='ocrx_word' id='word_1_80' title='bbox 999 1605 1256 1674; x_wconf 91' lang='lat' dir='ltr'><strong><em>permoti,</em></strong></span> <span class='ocrx_word' id='word_1_81' title='bbox 1308 1604 1661 1674; x_wconf 66' lang='lat' dir='ltr'><strong><em>praesentibus</em></strong></span> <span class='ocrx_word' id='word_1_82' title='bbox 1693 1613 1746 1659; x_wconf 90' lang='lat' dir='ltr'><strong><em>te</em></strong></span> <span class='ocrx_word' id='word_1_83' title='bbox 1773 1604 2022 1660; x_wconf 80' lang='lat' dir='ltr'><strong><em>alfatibus</em></strong></span> 
     </span>
    </p>
   </div>
   <div class='ocr_carea' id='block_1_15' title="bbox 430 1696 2022 1772">
    <p class='ocr_par' dir='ltr' id='par_1_15' title="bbox 430 1696 2022 1772">
     <span class='ocr_line' id='line_1_15' title="bbox 430 1696 2022 1772; baseline 0.001 -22"><span class='ocrx_word' id='word_1_84' title='bbox 430 1697 804 1759; x_wconf 86' lang='lat' dir='ltr'><strong><em>admonemus,</em></strong></span> <span class='ocrx_word' id='word_1_85' title='bbox 835 1703 892 1751; x_wconf 89' lang='lat' dir='ltr'><strong><em>ut</em></strong></span> <span class='ocrx_word' id='word_1_86' title='bbox 917 1697 1132 1767; x_wconf 65' lang='lat' dir='ltr'><strong><em>pratdiis</em></strong></span> <span class='ocrx_word' id='word_1_87' title='bbox 1159 1697 1243 1752; x_wconf 87' lang='lat' dir='ltr'><strong><em>vel</em></strong></span> <span class='ocrx_word' id='word_1_88' title='bbox 1273 1696 1581 1752; x_wconf 87' lang='lat' dir='ltr'><strong><em>hominibus</em></strong></span> <span class='ocrx_word' id='word_1_89' title='bbox 1623 1697 1738 1772; x_wconf 89' lang='lat' dir='ltr'><strong><em>[ed.</em></strong></span> <span class='ocrx_word' id='word_1_90' title='bbox 1791 1697 1915 1752; x_wconf 70' lang='lat' dir='ltr'><strong><em>Nic.</em></strong></span> <span class='ocrx_word' id='word_1_91' title='bbox 1971 1708 2022 1752; x_wconf 86' lang='lat' dir='ltr'><strong><em>et</em></strong></span> 
     </span>
    </p>
   </div>
   <div class='ocr_carea' id='block_1_16' title="bbox 433 1785 2022 1860">
    <p class='ocr_par' dir='ltr' id='par_1_16' title="bbox 433 1785 2022 1860">
     <span class='ocr_line' id='line_1_16' title="bbox 433 1785 2022 1860; baseline 0.003 -20"><span class='ocrx_word' id='word_1_92' title='bbox 433 1785 556 1853; x_wconf 77' lang='grc' dir='ltr'><strong><em>ϐα..</em></strong></span> <span class='ocrx_word' id='word_1_93' title='bbox 589 1787 910 1860; x_wconf 85' lang='lat' dir='ltr'><strong><em>honoribus]</em></strong></span> <span class='ocrx_word' id='word_1_94' title='bbox 933 1787 1076 1844; x_wconf 91' lang='lat' dir='ltr'><strong><em>illius</em></strong></span> <span class='ocrx_word' id='word_1_95' title='bbox 1100 1787 1354 1842; x_wconf 71' lang='lat' dir='ltr'><strong><em>Ecclesia:</em></strong></span> <span class='ocrx_word' id='word_1_96' title='bbox 1381 1788 1520 1843; x_wconf 91' lang='lat' dir='ltr'><strong><em>intra</em></strong></span> <span class='ocrx_word' id='word_1_97' title='bbox 1549 1788 1786 1844; x_wconf 89' lang='lat' dir='ltr'><strong><em>Siciliam</em></strong></span> <span class='ocrx_word' id='word_1_98' title='bbox 1815 1791 2022 1846; x_wconf 88' lang='lat' dir='ltr'><strong><em>consti-</em></strong></span> 
     </span>
    </p>
   </div>
   <div class='ocr_carea' id='block_1_17' title="bbox 433 1877 2018 1950">
    <p class='ocr_par' dir='ltr' id='par_1_17' title="bbox 433 1877 2018 1950">
     <span class='ocr_line' id='line_1_17' title="bbox 433 1877 2018 1950; baseline 0.002 -17"><span class='ocrx_word' id='word_1_99' title='bbox 433 1877 586 1947; x_wconf 89' lang='lat' dir='ltr'><strong><em>tutis,</em></strong></span> <span class='ocrx_word' id='word_1_100' title='bbox 639 1879 924 1934; x_wconf 83' lang='lat' dir='ltr'><strong><em>tuitionem</em></strong></span> <span class='ocrx_word' id='word_1_101' title='bbox 976 1879 1194 1935; x_wconf 81' lang='lat' dir='ltr'><strong><em>studeas</em></strong></span> <span class='ocrx_word' id='word_1_102' title='bbox 1248 1879 1397 1934; x_wconf 80' lang='lat' dir='ltr'><strong><em>salva</em></strong></span> <span class='ocrx_word' id='word_1_103' title='bbox 1447 1880 1704 1935; x_wconf 90' lang='lat' dir='ltr'><strong><em>civilitate</em></strong></span> <span class='ocrx_word' id='word_1_104' title='bbox 1729 1891 2018 1950; x_wconf 59' lang='lat' dir='ltr'><strong><em>praestare;</em></strong></span> 
     </span>
    </p>
   </div>
   <div class='ocr_carea' id='block_1_18' title="bbox 433 1968 2024 2039">
    <p class='ocr_par' dir='ltr' id='par_1_18' title="bbox 433 1968 2024 2039">
     <span class='ocr_line' id='line_1_18' title="bbox 433 1968 2024 2039; baseline 0.003 -17"><span class='ocrx_word' id='word_1_105' title='bbox 433 1983 536 2024; x_wconf 89' lang='lat' dir='ltr'><strong><em>nec</em></strong></span> <span class='ocrx_word' id='word_1_106' title='bbox 561 1983 592 2023; x_wconf 93' lang='lat' dir='ltr'><strong><em>a</em></strong></span> <span class='ocrx_word' id='word_1_107' title='bbox 615 1983 885 2039; x_wconf 84' lang='lat' dir='ltr'><strong><em>quoquam</em></strong></span> <span class='ocrx_word' id='word_1_108' title='bbox 915 1968 1199 2038; x_wconf 83' lang='lat' dir='ltr'><strong><em>cujuslibet</em></strong></span> <span class='ocrx_word' id='word_1_109' title='bbox 1224 1969 1457 2024; x_wconf 84' lang='lat' dir='ltr'><strong><em>nationis</em></strong></span> <span class='ocrx_word' id='word_1_110' title='bbox 1481 1970 1698 2025; x_wconf 87' lang='lat' dir='ltr'><strong><em>homine</em></strong></span> <span class='ocrx_word' id='word_1_111' title='bbox 1719 1971 1910 2026; x_wconf 74' lang='lat' dir='ltr'><strong><em>contra“</em></strong></span> <span class='ocrx_word' id='word_1_112' title='bbox 1942 1971 2024 2026; x_wconf 83' lang='lat' dir='ltr'><strong><em>fas</em></strong></span> 
     </span>
    </p>
   </div>
   <div class='ocr_carea' id='block_1_19' title="bbox 433 2059 2025 2130">
    <p class='ocr_par' dir='ltr' id='par_1_19' title="bbox 433 2059 2025 2130">
     <span class='ocr_line' id='line_1_19' title="bbox 433 2059 2025 2130; baseline 0.003 -16"><span class='ocrx_word' id='word_1_113' title='bbox 433 2059 657 2128; x_wconf 86' lang='lat' dir='ltr'><strong><em>patiaris</em></strong></span> <span class='ocrx_word' id='word_1_114' title='bbox 703 2059 958 2130; x_wconf 82' lang='lat' dir='ltr'><strong><em>opprimi,</em></strong></span> <span class='ocrx_word' id='word_1_115' title='bbox 997 2075 1134 2130; x_wconf 92' lang='lat' dir='ltr'><strong><em>quos</em></strong></span> <span class='ocrx_word' id='word_1_116' title='bbox 1159 2059 1316 2115; x_wconf 87' lang='lat' dir='ltr'><strong><em>decet</em></strong></span> <span class='ocrx_word' id='word_1_117' title='bbox 1344 2061 1645 2116; x_wconf 89' lang='lat' dir='ltr'><strong><em>Divinitatis</em></strong></span> <span class='ocrx_word' id='word_1_118' title='bbox 1685 2061 1879 2117; x_wconf 89' lang='lat' dir='ltr'><strong><em>intuitu</em></strong></span> <span class='ocrx_word' id='word_1_119' title='bbox 1932 2078 2025 2118; x_wconf 87' lang='lat' dir='ltr'><strong><em>su-</em></strong></span> 
     </span>
    </p>
   </div>
   <div class='ocr_carea' id='block_1_20' title="bbox 435 2147 2023 2220">
    <p class='ocr_par' dir='ltr' id='par_1_20' title="bbox 435 2147 2023 2220">
     <span class='ocr_line' id='line_1_20' title="bbox 435 2147 2023 2220; baseline 0.001 -17"><span class='ocrx_word' id='word_1_120' title='bbox 435 2147 662 2203; x_wconf 87' lang='lat' dir='ltr'><strong><em>blevari.</em></strong></span> <span class='ocrx_word' id='word_1_121' title='bbox 689 2147 767 2203; x_wconf 80' lang='lat' dir='ltr'><strong><em>Ita</em></strong></span> <span class='ocrx_word' id='word_1_122' title='bbox 789 2157 992 2215; x_wconf 86' lang='lat' dir='ltr'><strong><em>tamen,</em></strong></span> <span class='ocrx_word' id='word_1_123' title='bbox 1017 2157 1075 2203; x_wconf 91' lang='lat' dir='ltr'><strong><em>ut</em></strong></span> <span class='ocrx_word' id='word_1_124' title='bbox 1094 2149 1272 2204; x_wconf 86' lang='lat' dir='ltr'><strong><em>causis</em></strong></span> <span class='ocrx_word' id='word_1_125' title='bbox 1302 2149 1531 2218; x_wconf 89' lang='lat' dir='ltr'><strong><em>publicis</em></strong></span> <span class='ocrx_word' id='word_1_126' title='bbox 1560 2157 1616 2204; x_wconf 90' lang='lat' dir='ltr'><strong><em>et</em></strong></span> <span class='ocrx_word' id='word_1_127' title='bbox 1640 2150 1883 2218; x_wconf 83' lang='lat' dir='ltr'><strong><em>privatis,</em></strong></span> <span class='ocrx_word' id='word_1_128' title='bbox 1903 2166 2023 2220; x_wconf 74' lang='lat' dir='ltr'><strong><em>qum</em></strong></span> 
     </span>
    </p>
   </div>
   <div class='ocr_carea' id='block_1_21' title="bbox 438 2241 2024 2312">
    <p class='ocr_par' dir='ltr' id='par_1_21' title="bbox 438 2241 2024 2312">
     <span class='ocr_line' id='line_1_21' title="bbox 438 2241 2024 2312; baseline 0.003 -18"><span class='ocrx_word' id='word_1_129' title='bbox 438 2247 632 2296; x_wconf 91' lang='lat' dir='ltr'><strong><em>contra</em></strong></span> <span class='ocrx_word' id='word_1_130' title='bbox 673 2255 770 2296; x_wconf 92' lang='lat' dir='ltr'><strong><em>eos</em></strong></span> <span class='ocrx_word' id='word_1_131' title='bbox 815 2241 1211 2296; x_wconf 84' lang='lat' dir='ltr'><strong><em>rationabiliter</em></strong></span> <span class='ocrx_word' id='word_1_132' title='bbox 1257 2248 1664 2310; x_wconf 90' lang='lat' dir='ltr'><strong><em>proponuntur,</em></strong></span> <span class='ocrx_word' id='word_1_133' title='bbox 1694 2243 2024 2312; x_wconf 89' lang='lat' dir='ltr'><strong><em>respondere</em></strong></span> 
     </span>
    </p>
   </div>
   <div class='ocr_carea' id='block_1_22' title="bbox 436 2328 2024 2403">
    <p class='ocr_par' dir='ltr' id='par_1_22' title="bbox 436 2328 2024 2403">
     <span class='ocr_line' id='line_1_22' title="bbox 436 2328 2024 2403; baseline 0.003 -19"><span class='ocrx_word' id='word_1_134' title='bbox 436 2345 550 2386; x_wconf 89' lang='lat' dir='ltr'><strong><em>non</em></strong></span> <span class='ocrx_word' id='word_1_135' title='bbox 592 2328 888 2386; x_wconf 71' lang='lat' dir='ltr'><strong><em>differant:</em></strong></span> <span class='ocrx_word' id='word_1_136' title='bbox 931 2331 1055 2401; x_wconf 86' lang='lat' dir='ltr'><strong><em>quia</em></strong></span> <span class='ocrx_word' id='word_1_137' title='bbox 1087 2331 1226 2386; x_wconf 88' lang='lat' dir='ltr'><strong><em>sicut</em></strong></span> <span class='ocrx_word' id='word_1_138' title='bbox 1280 2331 1532 2388; x_wconf 90' lang='lat' dir='ltr'><strong><em>nolumus</em></strong></span> <span class='ocrx_word' id='word_1_139' title='bbox 1585 2346 1681 2388; x_wconf 88' lang='lat' dir='ltr'><strong><em>eos</em></strong></span> <span class='ocrx_word' id='word_1_140' title='bbox 1728 2332 1798 2386; x_wconf 85' lang='lat' dir='ltr'><strong><em>ab</em></strong></span> <span class='ocrx_word' id='word_1_141' title='bbox 1843 2332 2024 2403; x_wconf 90' lang='lat' dir='ltr'><strong><em>aliquo</em></strong></span> 
     </span>
    </p>
   </div>
   <div class='ocr_carea' id='block_1_23' title="bbox 435 2419 2022 2493">
    <p class='ocr_par' dir='ltr' id='par_1_23' title="bbox 435 2419 2022 2493">
     <span class='ocr_line' id='line_1_23' title="bbox 435 2419 2022 2493; baseline 0.003 -19"><span class='ocrx_word' id='word_1_142' title='bbox 435 2421 794 2490; x_wconf 68' lang='lat' dir='ltr'><strong><em>pratgravari;</em></strong></span> <span class='ocrx_word' id='word_1_143' title='bbox 843 2420 918 2476; x_wconf 87' lang='lat' dir='ltr'><strong><em>ita</em></strong></span> <span class='ocrx_word' id='word_1_144' title='bbox 945 2430 1206 2492; x_wconf 76' lang='lat' dir='ltr'><strong><em>exceptos</em></strong></span> <span class='ocrx_word' id='word_1_145' title='bbox 1247 2436 1278 2475; x_wconf 90' lang='lat' dir='ltr'><strong><em>a</em></strong></span> <span class='ocrx_word' id='word_1_146' title='bbox 1310 2422 1525 2476; x_wconf 87' lang='lat' dir='ltr'><strong><em>tramite</em></strong></span> <span class='ocrx_word' id='word_1_147' title='bbox 1547 2419 1769 2491; x_wconf 78' lang='lat' dir='ltr'><strong><em>justitia:</em></strong></span> <span class='ocrx_word' id='word_1_148' title='bbox 1797 2437 1902 2478; x_wconf 94' lang='lat' dir='ltr'><strong><em>non</em></strong></span> <span class='ocrx_word' id='word_1_149' title='bbox 1931 2438 2022 2493; x_wconf 86' lang='lat' dir='ltr'><strong><em>pa-</em></strong></span> 
     </span>
    </p>
   </div>
   <div class='ocr_carea' id='block_1_24' title="bbox 432 2514 876 2572">
    <p class='ocr_par' dir='ltr' id='par_1_24' title="bbox 432 2514 876 2572">
     <span class='ocr_line' id='line_1_24' title="bbox 432 2514 876 2572; baseline 0.009 -4"><span class='ocrx_word' id='word_1_150' title='bbox 432 2514 600 2572; x_wconf 88' lang='lat' dir='ltr'><strong><em>timur</em></strong></span> <span class='ocrx_word' id='word_1_151' title='bbox 624 2516 876 2572; x_wconf 80' lang='lat' dir='ltr'><strong><em>inveniri.</em></strong></span> 
     </span>
    </p>
   </div>
   <div class='ocr_carea' id='block_1_25' title="bbox 963 2671 1502 2728">
    <p class='ocr_par' dir='ltr' id='par_1_25' title="bbox 963 2671 1502 2728">
     <span class='ocr_line' id='line_1_25' title="bbox 963 2671 1502 2728; baseline 0 -2"><span class='ocrx_word' id='word_1_152' title='bbox 963 2671 1298 2728; x_wconf 78' lang='lat' dir='ltr'><strong><em>EPlSTOLA</em></strong></span> <span class='ocrx_word' id='word_1_153' title='bbox 1333 2671 1502 2727; x_wconf 88' lang='lat' dir='ltr'><strong>XXX.</strong></span> 
     </span>
    </p>
   </div>
   <div class='ocr_carea' id='block_1_26' title="bbox 542 2797 1914 2840">
    <p class='ocr_par' dir='ltr' id='par_1_26' title="bbox 542 2797 1914 2840">
     <span class='ocr_line' id='line_1_26' title="bbox 542 2797 1914 2840; baseline 0.001 -2"><span class='ocrx_word' id='word_1_154' title='bbox 542 2797 748 2840; x_wconf 74' lang='grc' dir='ltr'>ηυετο</span> <span class='ocrx_word' id='word_1_155' title='bbox 777 2797 1070 2840; x_wconf 65' lang='grc' dir='ltr'><strong>1³88Ρεῦτο</strong></span> <span class='ocrx_word' id='word_1_156' title='bbox 1094 2797 1374 2840; x_wconf 64' lang='grc' dir='ltr'><strong><em>ριιιι-ῖτοιιιο</em></strong></span> <span class='ocrx_word' id='word_1_157' title='bbox 1397 2797 1762 2840; x_wconf 69' lang='grc' dir='ltr'><strong><em>τηεουοιυευε</em></strong></span> <span class='ocrx_word' id='word_1_158' title='bbox 1788 2801 1914 2840; x_wconf 70' lang='lat' dir='ltr'><strong><em>REX.</em></strong></span> 
     </span>
    </p>
   </div>
   <div class='ocr_carea' id='block_1_27' title="bbox 434 2889 2025 2963">
    <p class='ocr_par' dir='ltr' id='par_1_27' title="bbox 434 2889 2025 2963">
     <span class='ocr_line' id='line_1_27' title="bbox 434 2889 2025 2963; baseline 0.001 -17"><span class='ocrx_word' id='word_1_159' title='bbox 434 2889 704 2963; x_wconf 51' lang='lat' dir='ltr'><strong><em>Enimitur</em></strong></span> <span class='ocrx_word' id='word_1_160' title='bbox 741 2889 807 2963; x_wconf 77' lang='lat' dir='ltr'><strong><em>ab</em></strong></span> <span class='ocrx_word' id='word_1_161' title='bbox 844 2891 1421 2963; x_wconf 82' lang='lat' dir='ltr'><strong><em>illatione_trilmtorum</em></strong></span> <span class='ocrx_word' id='word_1_162' title='bbox 1445 2907 1577 2963; x_wconf 88' lang='lat' dir='ltr'><strong><em>unus</em></strong></span> <span class='ocrx_word' id='word_1_163' title='bbox 1597 2908 1665 2946; x_wconf 80' lang='lat' dir='ltr'><strong><em>ex</em></strong></span> <span class='ocrx_word' id='word_1_164' title='bbox 1695 2893 2025 2963; x_wconf 87' lang='lat' dir='ltr'><strong><em>negotiatori-</em></strong></span> 
     </span>
    </p>
   </div>
   <div class='ocr_carea' id='block_1_28' title="bbox 508 2959 2024 3032">
    <p class='ocr_par' dir='ltr' id='par_1_28' title="bbox 508 2959 2024 3032">
     <span class='ocr_line' id='line_1_28' title="bbox 508 2959 2024 3032; baseline 0.003 -18"><span class='ocrx_word' id='word_1_165' title='bbox 508 2961 600 3032; x_wconf 76' lang='lat' dir='ltr'><strong><em>bus</em></strong></span> <span class='ocrx_word' id='word_1_166' title='bbox 629 2960 1040 3032; x_wconf 81' lang='lat' dir='ltr'><strong><em>Mediolanensis</em></strong></span> <span class='ocrx_word' id='word_1_167' title='bbox 1070 2959 1322 3016; x_wconf 78' lang='lat' dir='ltr'><strong><em>Ecclesia:</em></strong></span> <span class='ocrx_word' id='word_1_168' title='bbox 1344 3002 1360 3026; x_wconf 91' lang='lat'><strong><em>,</em></strong></span> <span class='ocrx_word' id='word_1_169' title='bbox 1391 2962 1490 3032; x_wconf 65' lang='lat' dir='ltr'><strong><em>qui</em></strong></span> <span class='ocrx_word' id='word_1_170' title='bbox 1503 2959 1789 3032; x_wconf 76' lang='lat' dir='ltr'><strong><em>pauperum</em></strong></span> <span class='ocrx_word' id='word_1_171' title='bbox 1808 2965 2024 3032; x_wconf 72' lang='lat' dir='ltr'><strong><em>servitio</em></strong></span> 
     </span>
    </p>
   </div>
   <div class='ocr_carea' id='block_1_29' title="bbox 507 3028 2022 3104">
    <p class='ocr_par' dir='ltr' id='par_1_29' title="bbox 507 3028 2022 3104">
     <span class='ocr_line' id='line_1_29' title="bbox 507 3028 2022 3104; baseline 0.003 -20"><span class='ocrx_word' id='word_1_172' title='bbox 507 3031 835 3102; x_wconf 84' lang='lat' dir='ltr'><strong><em>deputandus</em></strong></span> <span class='ocrx_word' id='word_1_173' title='bbox 881 3040 1034 3104; x_wconf 81' lang='lat' dir='ltr'><strong><em>erat;</em></strong></span> <span class='ocrx_word' id='word_1_174' title='bbox 1073 3047 1190 3102; x_wconf 72' lang='lat' dir='ltr'><strong><em>qua:</em></strong></span> <span class='ocrx_word' id='word_1_175' title='bbox 1231 3028 1414 3104; x_wconf 76' lang='lat' dir='ltr'><strong><em>gratia</em></strong></span> <span class='ocrx_word' id='word_1_176' title='bbox 1449 3028 1742 3086; x_wconf 81' lang='lat' dir='ltr'><strong><em>Ravennati</em></strong></span> <span class='ocrx_word' id='word_1_177' title='bbox 1773 3031 2022 3089; x_wconf 72' lang='lat' dir='ltr'><strong><em>Ecclesia:</em></strong></span> 
     </span>
    </p>
   </div>
   <div class='ocr_carea' id='block_1_30' title="bbox 507 3103 1150 3172">
    <p class='ocr_par' dir='ltr' id='par_1_30' title="bbox 507 3103 1150 3172">
     <span class='ocr_line' id='line_1_30' title="bbox 507 3103 1150 3172; baseline 0.002 -17"><span class='ocrx_word' id='word_1_178' title='bbox 507 3111 662 3156; x_wconf 83' lang='lat' dir='ltr'><strong><em>antea</em></strong></span> <span class='ocrx_word' id='word_1_179' title='bbox 689 3117 935 3157; x_wconf 87' lang='lat' dir='ltr'><strong><em>concessa</em></strong></span> <span class='ocrx_word' id='word_1_180' title='bbox 960 3103 1150 3172; x_wconf 75' lang='lat' dir='ltr'><strong><em>fuerat.</em></strong></span> 
     </span>
    </p>
   </div>
   <div class='ocr_carea' id='block_1_31' title="bbox 1648 345 2483 402">
    <p class='ocr_par' dir='ltr' id='par_1_31' title="bbox 1648 345 2483 402">
     <span class='ocr_line' id='line_1_31' title="bbox 1648 345 2483 402; baseline -0.001 -2"><span class='ocrx_word' id='word_1_181' title='bbox 1648 346 1719 401; x_wconf 86' lang='grc' dir='ltr'><strong><em>Μ.</em></strong></span> <span class='ocrx_word' id='word_1_182' title='bbox 1763 346 2042 402; x_wconf 68' lang='grc' dir='ltr'><strong><em>Λυῑιειιι</em></strong></span> <span class='ocrx_word' id='word_1_183' title='bbox 2084 345 2483 401; x_wconf 73' lang='lat' dir='ltr'><strong><em>CASSIODORI</em></strong></span> 
     </span>
    </p>
   </div>
   <div class='ocr_carea' id='block_1_32' title="bbox 921 458 2099 519">
    <p class='ocr_par' dir='ltr' id='par_1_32' title="bbox 921 458 2099 519">
     <span class='ocr_line' id='line_1_32' title="bbox 921 458 2099 519; baseline -0.004 -4"><span class='ocrx_word' id='word_1_184' title='bbox 921 458 1252 516; x_wconf 80' lang='lat' dir='ltr'><strong><em>EPISTOLA</em></strong></span> <span class='ocrx_word' id='word_1_185' title='bbox 1274 459 1443 513; x_wconf 76' lang='lat' dir='ltr'><strong>XXIX</strong></span> <span class='ocrx_word' id='word_1_186' title='bbox 1470 470 1514 513; x_wconf 68' lang='grc' dir='ltr'><strong><em>κ.</em></strong></span> <span class='ocrx_word' id='word_1_187' title='bbox 2055 466 2099 519; x_wconf 77' lang='grc' dir='ltr'>Α</span> 
     </span>
    </p>
   </div>
   <div class='ocr_carea' id='block_1_33' title="bbox 2052 1831 2100 1890">
    <p class='ocr_par' dir='ltr' id='par_1_33' title="bbox 2052 1831 2100 1890">
     <span class='ocr_line' id='line_1_33' title="bbox 2052 1831 2100 1890; baseline 0 0"><span class='ocrx_word' id='word_1_188' title='bbox 2052 1831 2100 1890; x_wconf 88' lang='grc' dir='ltr'>Β</span> 
     </span>
    </p>
   </div>
   <div class='ocr_carea' id='block_1_34' title="bbox 2646 456 3199 512">
    <p class='ocr_par' dir='ltr' id='par_1_34' title="bbox 2646 456 3199 512">
     <span class='ocr_line' id='line_1_34' title="bbox 2646 456 3199 512; baseline 0 0"><span class='ocrx_word' id='word_1_189' title='bbox 2646 456 2970 512; x_wconf 62' lang='lat' dir='ltr'><strong><em>EPISTULA</em></strong></span> <span class='ocrx_word' id='word_1_190' title='bbox 3013 457 3199 512; x_wconf 79' lang='lat' dir='ltr'><strong>XXXI.</strong></span> 
     </span>
    </p>
   </div>
   <div class='ocr_carea' id='block_1_35' title="bbox 2469 568 3374 608">
    <p class='ocr_par' dir='ltr' id='par_1_35' title="bbox 2469 568 3374 608">
     <span class='ocr_line' id='line_1_35' title="bbox 2469 568 3374 608; baseline 0 0"><span class='ocrx_word' id='word_1_191' title='bbox 2469 568 2820 608; x_wconf 67' lang='lat' dir='ltr'><strong><em>DROIONARIIS</em></strong></span> <span class='ocrx_word' id='word_1_192' title='bbox 2853 568 3217 608; x_wconf 72' lang='lat' dir='ltr'><strong><em>THEODOBICUS</em></strong></span> <span class='ocrx_word' id='word_1_193' title='bbox 3245 570 3349 608; x_wconf 67' lang='lat' dir='ltr'><strong><em>REX</em></strong></span> <span class='ocrx_word' id='word_1_194' title='bbox 3359 594 3374 607; x_wconf 81' lang='lat'><em>.</em></span> 
     </span>
    </p>
   </div>
   <div class='ocr_carea' id='block_1_36' title="bbox 2126 644 3723 718">
    <p class='ocr_par' dir='ltr' id='par_1_36' title="bbox 2126 644 3723 718">
     <span class='ocr_line' id='line_1_36' title="bbox 2126 644 3723 718; baseline 0.002 -19"><span class='ocrx_word' id='word_1_195' title='bbox 2126 644 2366 718; x_wconf 74' lang='lat' dir='ltr'><strong><em>Insinnnt</em></strong></span> <span class='ocrx_word' id='word_1_196' title='bbox 2394 663 2451 718; x_wconf 84' lang='lat' dir='ltr'><strong><em>se</em></strong></span> <span class='ocrx_word' id='word_1_197' title='bbox 2478 647 2650 718; x_wconf 88' lang='lat' dir='ltr'><strong><em>comiti</em></strong></span> <span class='ocrx_word' id='word_1_198' title='bbox 2669 663 2936 718; x_wconf 70' lang='lat' dir='ltr'><strong><em>sacrarum</em></strong></span> <span class='ocrx_word' id='word_1_199' title='bbox 2966 647 3298 716; x_wconf 79' lang='lat' dir='ltr'><strong><em>largitionum</em></strong></span> <span class='ocrx_word' id='word_1_200' title='bbox 3329 648 3646 718; x_wconf 66' lang='lat' dir='ltr'><strong><em>praecepisse</em></strong></span> <span class='ocrx_word' id='word_1_201' title='bbox 3664 656 3723 702; x_wconf 81' lang='lat' dir='ltr'><strong><em>ut</em></strong></span> 
     </span>
    </p>
   </div>
   <div class='ocr_carea' id='block_1_37' title="bbox 2194 715 3727 790">
    <p class='ocr_par' dir='ltr' id='par_1_37' title="bbox 2194 715 3727 790">
     <span class='ocr_line' id='line_1_37' title="bbox 2194 715 3727 790; baseline -0.001 -22"><span class='ocrx_word' id='word_1_202' title='bbox 2194 718 2250 790; x_wconf 74' lang='lat' dir='ltr'><strong><em>in</em></strong></span> <span class='ocrx_word' id='word_1_203' title='bbox 2277 715 2587 790; x_wconf 73' lang='lat' dir='ltr'><strong><em>Hostiliensi</em></strong></span> <span class='ocrx_word' id='word_1_204' title='bbox 2614 717 2726 790; x_wconf 86' lang='lat' dir='ltr'><strong><em>loco</em></strong></span> <span class='ocrx_word' id='word_1_205' title='bbox 2747 715 3070 790; x_wconf 74' lang='lat' dir='ltr'><strong><em>dromonarii</em></strong></span> <span class='ocrx_word' id='word_1_206' title='bbox 3100 715 3507 790; x_wconf 70' lang='lat' dir='ltr'><strong><em>constituantur,</em></strong></span> <span class='ocrx_word' id='word_1_207' title='bbox 3535 717 3727 790; x_wconf 70' lang='lat' dir='ltr'><strong><em>quibus</em></strong></span> 
     </span>
    </p>
   </div>
   <div class='ocr_carea' id='block_1_38' title="bbox 2194 787 3735 856">
    <p class='ocr_par' dir='ltr' id='par_1_38' title="bbox 2194 787 3735 856">
     <span class='ocr_line' id='line_1_38' title="bbox 2194 787 3735 856; baseline 0.003 -18"><span class='ocrx_word' id='word_1_208' title='bbox 2194 787 2425 856; x_wconf 82' lang='lat' dir='ltr'><strong><em>ﬁscalem</em></strong></span> <span class='ocrx_word' id='word_1_209' title='bbox 2468 788 2738 853; x_wconf 81' lang='lat' dir='ltr'><strong><em>pecuniam</em></strong></span> <span class='ocrx_word' id='word_1_210' title='bbox 2779 787 3016 856; x_wconf 70' lang='lat' dir='ltr'><strong><em>attribuit</em></strong></span> <span class='ocrx_word' id='word_1_211' title='bbox 3051 803 3144 854; x_wconf 89' lang='lat' dir='ltr'><strong><em>pro</em></strong></span> <span class='ocrx_word' id='word_1_212' title='bbox 3173 788 3480 842; x_wconf 71' lang='lat' dir='ltr'><strong><em>excursibus</em></strong></span> <span class='ocrx_word' id='word_1_213' title='bbox 3505 787 3625 842; x_wconf 83' lang='lat' dir='ltr'><strong><em>cum</em></strong></span> <span class='ocrx_word' id='word_1_214' title='bbox 3645 806 3735 844; x_wconf 75' lang='lat' dir='ltr'><strong><em>re-</em></strong></span> 
     </span>
    </p>
   </div>
   <div class='ocr_carea' id='block_1_39' title="bbox 2196 854 3574 928">
    <p class='ocr_par' dir='ltr' id='par_1_39' title="bbox 2196 854 3574 928">
     <span class='ocr_line' id='line_1_39' title="bbox 2196 854 3574 928; baseline 0.003 -20"><span class='ocrx_word' id='word_1_215' title='bbox 2196 854 2415 910; x_wconf 82' lang='lat' dir='ltr'><strong><em>redariis</em></strong></span> <span class='ocrx_word' id='word_1_216' title='bbox 2437 872 2530 925; x_wconf 83' lang='lat' dir='ltr'><strong><em>per</em></strong></span> <span class='ocrx_word' id='word_1_217' title='bbox 2554 857 2751 910; x_wconf 86' lang='lat' dir='ltr'><strong><em>alveum</em></strong></span> <span class='ocrx_word' id='word_1_218' title='bbox 2772 854 2911 910; x_wconf 82' lang='lat' dir='ltr'><strong><em>Padi</em></strong></span> <span class='ocrx_word' id='word_1_219' title='bbox 2931 873 3074 910; x_wconf 83' lang='lat' dir='ltr'><strong><em>more</em></strong></span> <span class='ocrx_word' id='word_1_220' title='bbox 3108 857 3262 912; x_wconf 87' lang='lat' dir='ltr'><strong><em>solito</em></strong></span> <span class='ocrx_word' id='word_1_221' title='bbox 3292 858 3574 928; x_wconf 77' lang='lat' dir='ltr'><strong><em>faciendis.</em></strong></span> 
     </span>
    </p>
   </div>
   <div class='ocr_carea' id='block_1_40' title="bbox 2197 967 3724 1042">
    <p class='ocr_par' dir='ltr' id='par_1_40' title="bbox 2197 967 3724 1042">
     <span class='ocr_line' id='line_1_40' title="bbox 2197 967 3724 1042; baseline 0.004 -22"><span class='ocrx_word' id='word_1_222' title='bbox 2197 967 2429 1024; x_wconf 80' lang='lat' dir='ltr'><strong><em>Publicis</em></strong></span> <span class='ocrx_word' id='word_1_223' title='bbox 2473 969 2675 1024; x_wconf 87' lang='lat' dir='ltr'><strong><em>debent</em></strong></span> <span class='ocrx_word' id='word_1_224' title='bbox 2719 969 3044 1026; x_wconf 89' lang='lat' dir='ltr'><strong><em>utilitatibus</em></strong></span> <span class='ocrx_word' id='word_1_225' title='bbox 3089 971 3346 1026; x_wconf 88' lang='lat' dir='ltr'><strong><em>insudare</em></strong></span> <span class='ocrx_word' id='word_1_226' title='bbox 3391 972 3488 1042; x_wconf 86' lang='lat' dir='ltr'><strong><em>qui</em></strong></span> <span class='ocrx_word' id='word_1_227' title='bbox 3517 987 3724 1027; x_wconf 84' lang='lat' dir='ltr'><strong><em>nomen</em></strong></span> 
     </span>
    </p>
   </div>
   <div class='ocr_carea' id='block_1_41' title="bbox 2125 1058 3724 1134">
    <p class='ocr_par' dir='ltr' id='par_1_41' title="bbox 2125 1058 3724 1134">
     <span class='ocr_line' id='line_1_41' title="bbox 2125 1058 3724 1134; baseline 0.004 -20"><span class='ocrx_word' id='word_1_228' title='bbox 2125 1061 2322 1115; x_wconf 86' lang='lat' dir='ltr'><strong><em>dedere</em></strong></span> <span class='ocrx_word' id='word_1_229' title='bbox 2350 1061 2570 1116; x_wconf 63' lang='lat' dir='ltr'><strong><em>militiae.</em></strong></span> <span class='ocrx_word' id='word_1_230' title='bbox 2632 1062 2770 1128; x_wconf 84' lang='lat' dir='ltr'><strong><em>Quid</em></strong></span> <span class='ocrx_word' id='word_1_231' title='bbox 2818 1063 2962 1117; x_wconf 87' lang='lat' dir='ltr'><strong><em>enim</em></strong></span> <span class='ocrx_word' id='word_1_232' title='bbox 2993 1058 3120 1130; x_wconf 85' lang='lat' dir='ltr'><strong><em>agat</em></strong></span> <span class='ocrx_word' id='word_1_233' title='bbox 3167 1065 3363 1128; x_wconf 90' lang='lat' dir='ltr'><strong><em>homo,</em></strong></span> <span class='ocrx_word' id='word_1_234' title='bbox 3393 1065 3440 1120; x_wconf 89' lang='lat' dir='ltr'><strong><em>si</em></strong></span> <span class='ocrx_word' id='word_1_235' title='bbox 3469 1063 3724 1134; x_wconf 85' lang='lat' dir='ltr'><strong><em>professo</em></strong></span> 
     </span>
    </p>
   </div>
   <div class='ocr_carea' id='block_1_42' title="bbox 2123 1148 3724 1224">
    <p class='ocr_par' dir='ltr' id='par_1_42' title="bbox 2123 1148 3724 1224">
     <span class='ocr_line' id='line_1_42' title="bbox 2123 1148 3724 1224; baseline 0.004 -21"><span class='ocrx_word' id='word_1_236' title='bbox 2123 1148 2262 1204; x_wconf 85' lang='lat' dir='ltr'><strong><em>desit</em></strong></span> <span class='ocrx_word' id='word_1_237' title='bbox 2291 1151 2552 1218; x_wconf 83' lang='lat' dir='ltr'><strong><em>obsequio</em></strong></span> <span class='ocrx_word' id='word_1_238' title='bbox 2576 1192 2592 1219; x_wconf 94' lang='lat'><strong><em>,</em></strong></span> <span class='ocrx_word' id='word_1_239' title='bbox 2640 1158 2700 1206; x_wconf 92' lang='lat' dir='ltr'><strong><em>ut</em></strong></span> <span class='ocrx_word' id='word_1_240' title='bbox 2737 1166 2838 1206; x_wconf 89' lang='lat' dir='ltr'><strong><em>nec</em></strong></span> <span class='ocrx_word' id='word_1_241' title='bbox 2864 1152 3152 1206; x_wconf 87' lang='lat' dir='ltr'><strong><em>commoda</em></strong></span> <span class='ocrx_word' id='word_1_242' title='bbox 3191 1153 3404 1222; x_wconf 87' lang='lat' dir='ltr'><strong><em>privata</em></strong></span> <span class='ocrx_word' id='word_1_243' title='bbox 3444 1155 3724 1224; x_wconf 86' lang='lat' dir='ltr'><strong><em>reperiat,</em></strong></span> 
     </span>
    </p>
   </div>
   <div class='ocr_carea' id='block_1_43' title="bbox 2126 1238 3725 1310">
    <p class='ocr_par' dir='ltr' id='par_1_43' title="bbox 2126 1238 3725 1310">
     <span class='ocr_line' id='line_1_43' title="bbox 2126 1238 3725 1310; baseline 0.005 -18"><span class='ocrx_word' id='word_1_244' title='bbox 2126 1254 2226 1293; x_wconf 89' lang='lat' dir='ltr'><strong><em>nec</em></strong></span> <span class='ocrx_word' id='word_1_245' title='bbox 2253 1238 2477 1307; x_wconf 78' lang='lat' dir='ltr'><strong><em>gloriam</em></strong></span> <span class='ocrx_word' id='word_1_246' title='bbox 2498 1241 2834 1296; x_wconf 87' lang='lat' dir='ltr'><strong><em>strenuitatis</em></strong></span> <span class='ocrx_word' id='word_1_247' title='bbox 2859 1241 3142 1310; x_wconf 82' lang='lat' dir='ltr'><strong><em>acquirat?</em></strong></span> <span class='ocrx_word' id='word_1_248' title='bbox 3161 1241 3228 1296; x_wconf 81' lang='lat' dir='ltr'><strong><em>Et</em></strong></span> <span class='ocrx_word' id='word_1_249' title='bbox 3265 1243 3388 1298; x_wconf 87' lang='lat' dir='ltr'><strong><em>ideo</em></strong></span> <span class='ocrx_word' id='word_1_250' title='bbox 3414 1245 3607 1300; x_wconf 87' lang='lat' dir='ltr'><strong><em>comiti</em></strong></span> <span class='ocrx_word' id='word_1_251' title='bbox 3635 1260 3725 1300; x_wconf 81' lang='lat' dir='ltr'><strong><em>sa-</em></strong></span> 
     </span>
    </p>
   </div>
   <div class='ocr_carea' id='block_1_44' title="bbox 2125 1330 3724 1402">
    <p class='ocr_par' dir='ltr' id='par_1_44' title="bbox 2125 1330 3724 1402">
     <span class='ocr_line' id='line_1_44' title="bbox 2125 1330 3724 1402; baseline 0.005 -20"><span class='ocrx_word' id='word_1_252' title='bbox 2125 1344 2339 1384; x_wconf 89' lang='lat' dir='ltr'><strong><em>crarum</em></strong></span> <span class='ocrx_word' id='word_1_253' title='bbox 2391 1330 2736 1400; x_wconf 79' lang='lat' dir='ltr'><strong><em>largitionum</em></strong></span> <span class='ocrx_word' id='word_1_254' title='bbox 2767 1340 2954 1387; x_wconf 88' lang='lat' dir='ltr'><strong><em>nostra</em></strong></span> <span class='ocrx_word' id='word_1_255' title='bbox 2996 1334 3254 1402; x_wconf 69' lang='lat' dir='ltr'><strong><em>prtecepit</em></strong></span> <span class='ocrx_word' id='word_1_256' title='bbox 3287 1335 3594 1390; x_wconf 85' lang='lat' dir='ltr'><strong><em>auctoritas</em></strong></span> <span class='ocrx_word' id='word_1_257' title='bbox 3615 1375 3633 1400; x_wconf 92' lang='lat'><strong><em>,</em></strong></span> <span class='ocrx_word' id='word_1_258' title='bbox 3666 1347 3724 1390; x_wconf 92' lang='lat' dir='ltr'><strong><em>ut</em></strong></span> 
     </span>
    </p>
   </div>
   <div class='ocr_carea' id='block_1_45' title="bbox 2125 1417 3727 1494">
    <p class='ocr_par' dir='ltr' id='par_1_45' title="bbox 2125 1417 3727 1494">
     <span class='ocr_line' id='line_1_45' title="bbox 2125 1417 3727 1494; baseline 0.004 -22"><span class='ocrx_word' id='word_1_259' title='bbox 2125 1419 2179 1473; x_wconf 91' lang='lat' dir='ltr'><strong><em>in</em></strong></span> <span class='ocrx_word' id='word_1_260' title='bbox 2229 1417 2540 1475; x_wconf 88' lang='lat' dir='ltr'><strong><em>Hostiliensi</em></strong></span> <span class='ocrx_word' id='word_1_261' title='bbox 2603 1421 2725 1476; x_wconf 92' lang='lat' dir='ltr'><strong><em>loco</em></strong></span> <span class='ocrx_word' id='word_1_262' title='bbox 2788 1423 3043 1477; x_wconf 85' lang='lat' dir='ltr'><strong><em>constitui</em></strong></span> <span class='ocrx_word' id='word_1_263' title='bbox 3099 1422 3390 1490; x_wconf 84' lang='lat' dir='ltr'><strong><em>debeatis;</em></strong></span> <span class='ocrx_word' id='word_1_264' title='bbox 3447 1433 3727 1494; x_wconf 82' lang='lat' dir='ltr'><strong><em>quatenus</em></strong></span> 
     </span>
    </p>
   </div>
   <div class='ocr_carea' id='block_1_46' title="bbox 2127 1507 3728 1576">
    <p class='ocr_par' dir='ltr' id='par_1_46' title="bbox 2127 1507 3728 1576">
     <span class='ocr_line' id='line_1_46' title="bbox 2127 1507 3728 1576; baseline 0.005 -16"><span class='ocrx_word' id='word_1_265' title='bbox 2127 1507 2296 1562; x_wconf 82' lang='lat' dir='ltr'><strong><em>liscali</em></strong></span> <span class='ocrx_word' id='word_1_266' title='bbox 2324 1507 2659 1565; x_wconf 85' lang='lat' dir='ltr'><strong><em>humanitate</em></strong></span> <span class='ocrx_word' id='word_1_267' title='bbox 2682 1509 2940 1576; x_wconf 88' lang='lat' dir='ltr'><strong><em>recreati,</em></strong></span> <span class='ocrx_word' id='word_1_268' title='bbox 2975 1526 3237 1567; x_wconf 81' lang='lat' dir='ltr'><strong><em>excursus</em></strong></span> <span class='ocrx_word' id='word_1_269' title='bbox 3266 1529 3388 1568; x_wconf 90' lang='lat' dir='ltr'><strong><em>cum</em></strong></span> <span class='ocrx_word' id='word_1_270' title='bbox 3419 1513 3728 1569; x_wconf 87' lang='lat' dir='ltr'><strong><em>veredariis</em></strong></span> 
     </span>
    </p>
   </div>
   <div class='ocr_carea' id='block_1_47' title="bbox 2125 1598 3728 1668">
    <p class='ocr_par' dir='ltr' id='par_1_47' title="bbox 2125 1598 3728 1668">
     <span class='ocr_line' id='line_1_47' title="bbox 2125 1598 3728 1668; baseline 0.007 -19"><span class='ocrx_word' id='word_1_271' title='bbox 2125 1613 2224 1666; x_wconf 87' lang='lat' dir='ltr'><strong><em>per</em></strong></span> <span class='ocrx_word' id='word_1_272' title='bbox 2243 1598 2453 1654; x_wconf 86' lang='lat' dir='ltr'><strong><em>alveum</em></strong></span> <span class='ocrx_word' id='word_1_273' title='bbox 2481 1599 2612 1655; x_wconf 91' lang='lat' dir='ltr'><strong><em>Padi</em></strong></span> <span class='ocrx_word' id='word_1_274' title='bbox 2635 1615 2788 1656; x_wconf 89' lang='lat' dir='ltr'><strong><em>more</em></strong></span> <span class='ocrx_word' id='word_1_275' title='bbox 2808 1601 2971 1658; x_wconf 89' lang='lat' dir='ltr'><strong><em>solito</em></strong></span> <span class='ocrx_word' id='word_1_276' title='bbox 2994 1601 3222 1668; x_wconf 75' lang='lat' dir='ltr'><strong><em>faciatis,</em></strong></span> <span class='ocrx_word' id='word_1_277' title='bbox 3251 1611 3312 1659; x_wconf 92' lang='lat' dir='ltr'><strong><em>ut</em></strong></span> <span class='ocrx_word' id='word_1_278' title='bbox 3333 1603 3506 1660; x_wconf 87' lang='lat' dir='ltr'><strong><em>diviso</em></strong></span> <span class='ocrx_word' id='word_1_279' title='bbox 3533 1605 3728 1661; x_wconf 86' lang='lat' dir='ltr'><strong><em>labore</em></strong></span> 
     </span>
    </p>
   </div>
   <div class='ocr_carea' id='block_1_48' title="bbox 2124 1688 3730 1762">
    <p class='ocr_par' dir='ltr' id='par_1_48' title="bbox 2124 1688 3730 1762">
     <span class='ocr_line' id='line_1_48' title="bbox 2124 1688 3730 1762; baseline 0.005 -20"><span class='ocrx_word' id='word_1_280' title='bbox 2124 1688 2278 1756; x_wconf 90' lang='lat' dir='ltr'><strong><em>equis</em></strong></span> <span class='ocrx_word' id='word_1_281' title='bbox 2299 1689 2526 1758; x_wconf 90' lang='lat' dir='ltr'><strong><em>publicis</em></strong></span> <span class='ocrx_word' id='word_1_282' title='bbox 2544 1689 2738 1746; x_wconf 87' lang='lat' dir='ltr'><strong><em>debeat</em></strong></span> <span class='ocrx_word' id='word_1_283' title='bbox 2757 1692 3050 1755; x_wconf 89' lang='lat' dir='ltr'><strong><em>subveniri,</em></strong></span> <span class='ocrx_word' id='word_1_284' title='bbox 3081 1692 3300 1762; x_wconf 82' lang='lat' dir='ltr'><strong><em>quando</em></strong></span> <span class='ocrx_word' id='word_1_285' title='bbox 3327 1709 3518 1749; x_wconf 86' lang='lat' dir='ltr'><strong><em>cursus</em></strong></span> <span class='ocrx_word' id='word_1_286' title='bbox 3541 1706 3730 1751; x_wconf 77' lang='lat' dir='ltr'><strong><em>vester</em></strong></span> 
     </span>
    </p>
   </div>
   <div class='ocr_carea' id='block_1_49' title="bbox 2124 1781 3726 1856">
    <p class='ocr_par' dir='ltr' id='par_1_49' title="bbox 2124 1781 3726 1856">
     <span class='ocr_line' id='line_1_49' title="bbox 2124 1781 3726 1856; baseline 0.007 -24"><span class='ocrx_word' id='word_1_287' title='bbox 2124 1794 2230 1832; x_wconf 87' lang='lat' dir='ltr'><strong><em>non</em></strong></span> <span class='ocrx_word' id='word_1_288' title='bbox 2252 1781 2501 1835; x_wconf 87' lang='lat' dir='ltr'><strong><em>atteritur</em></strong></span> <span class='ocrx_word' id='word_1_289' title='bbox 2533 1793 2586 1848; x_wconf 76' lang='grc' dir='ltr'><strong><em>ο,</em></strong></span> <span class='ocrx_word' id='word_1_290' title='bbox 2611 1783 2702 1852; x_wconf 87' lang='lat' dir='ltr'><strong><em>qui</em></strong></span> <span class='ocrx_word' id='word_1_291' title='bbox 2729 1798 2826 1852; x_wconf 91' lang='lat' dir='ltr'><strong><em>per</em></strong></span> <span class='ocrx_word' id='word_1_292' title='bbox 2853 1783 2966 1840; x_wconf 89' lang='lat' dir='ltr'><strong><em>vias</em></strong></span> <span class='ocrx_word' id='word_1_293' title='bbox 2996 1783 3226 1854; x_wconf 87' lang='lat' dir='ltr'><strong><em>liquidas</em></strong></span> <span class='ocrx_word' id='word_1_294' title='bbox 3256 1786 3570 1856; x_wconf 83' lang='lat' dir='ltr'><strong><em>expeditur.</em></strong></span> <span class='ocrx_word' id='word_1_295' title='bbox 3601 1786 3726 1844; x_wconf 83' lang='lat' dir='ltr'><strong><em>Non</em></strong></span> 
     </span>
    </p>
   </div>
   <div class='ocr_carea' id='block_1_50' title="bbox 2125 1873 3724 1950">
    <p class='ocr_par' dir='ltr' id='par_1_50' title="bbox 2125 1873 3724 1950">
     <span class='ocr_line' id='line_1_50' title="bbox 2125 1873 3724 1950; baseline 0.004 -23"><span class='ocrx_word' id='word_1_296' title='bbox 2125 1873 2268 1927; x_wconf 89' lang='lat' dir='ltr'><strong><em>enim</em></strong></span> <span class='ocrx_word' id='word_1_297' title='bbox 2322 1873 2476 1939; x_wconf 85' lang='lat' dir='ltr'><strong><em>vobis</em></strong></span> <span class='ocrx_word' id='word_1_298' title='bbox 2523 1873 2691 1930; x_wconf 89' lang='lat' dir='ltr'><strong><em>nimio</em></strong></span> <span class='ocrx_word' id='word_1_299' title='bbox 2740 1875 2926 1932; x_wconf 89' lang='lat' dir='ltr'><strong><em>labore</em></strong></span> <span class='ocrx_word' id='word_1_300' title='bbox 2965 1875 3271 1932; x_wconf 87' lang='lat' dir='ltr'><strong><em>claudicare</em></strong></span> <span class='ocrx_word' id='word_1_301' title='bbox 3297 1878 3600 1947; x_wconf 88' lang='lat' dir='ltr'><strong><em>contingit,</em></strong></span> <span class='ocrx_word' id='word_1_302' title='bbox 3629 1881 3724 1950; x_wconf 90' lang='lat' dir='ltr'><strong><em>qui</em></strong></span> 
     </span>
    </p>
   </div>
   <div class='ocr_carea' id='block_1_51' title="bbox 2125 1963 3721 2025">
    <p class='ocr_par' dir='ltr' id='par_1_51' title="bbox 2125 1963 3721 2025">
     <span class='ocr_line' id='line_1_51' title="bbox 2125 1963 3721 2025; baseline 0.006 -9"><span class='ocrx_word' id='word_1_303' title='bbox 2125 1963 2373 2019; x_wconf 85' lang='lat' dir='ltr'><strong><em>manibus</em></strong></span> <span class='ocrx_word' id='word_1_304' title='bbox 2417 1965 2725 2020; x_wconf 88' lang='lat' dir='ltr'><strong><em>ambulatis.</em></strong></span> <span class='ocrx_word' id='word_1_305' title='bbox 2749 1965 3067 2022; x_wconf 81' lang='lat' dir='ltr'><strong><em>Vehiculum</em></strong></span> <span class='ocrx_word' id='word_1_306' title='bbox 3109 1979 3348 2022; x_wconf 88' lang='lat' dir='ltr'><strong><em>vestrum</em></strong></span> <span class='ocrx_word' id='word_1_307' title='bbox 3397 1984 3510 2024; x_wconf 89' lang='lat' dir='ltr'><strong><em>non</em></strong></span> <span class='ocrx_word' id='word_1_308' title='bbox 3556 1973 3721 2025; x_wconf 87' lang='lat' dir='ltr'><strong><em>sentit</em></strong></span> 
     </span>
    </p>
   </div>
   <div class='ocr_carea' id='block_1_52' title="bbox 2125 2055 3724 2133">
    <p class='ocr_par' dir='ltr' id='par_1_52' title="bbox 2125 2055 3724 2133">
     <span class='ocr_line' id='line_1_52' title="bbox 2125 2055 3724 2133; baseline 0.006 -23"><span class='ocrx_word' id='word_1_309' title='bbox 2125 2055 2402 2124; x_wconf 73' lang='lat' dir='ltr'><strong><em>iujuriam,</em></strong></span> <span class='ocrx_word' id='word_1_310' title='bbox 2433 2073 2534 2112; x_wconf 91' lang='lat' dir='ltr'><strong><em>nec</em></strong></span> <span class='ocrx_word' id='word_1_311' title='bbox 2561 2057 2830 2114; x_wconf 87' lang='lat' dir='ltr'><strong><em>defectum</em></strong></span> <span class='ocrx_word' id='word_1_312' title='bbox 2863 2061 3066 2131; x_wconf 85' lang='lat' dir='ltr'><strong><em>patitur</em></strong></span> <span class='ocrx_word' id='word_1_313' title='bbox 3087 2100 3105 2127; x_wconf 94' lang='lat'><strong><em>,</em></strong></span> <span class='ocrx_word' id='word_1_314' title='bbox 3153 2061 3298 2132; x_wconf 90' lang='lat' dir='ltr'><strong><em>quod</em></strong></span> <span class='ocrx_word' id='word_1_315' title='bbox 3341 2061 3487 2116; x_wconf 88' lang='lat' dir='ltr'><strong><em>unda</em></strong></span> <span class='ocrx_word' id='word_1_316' title='bbox 3539 2063 3724 2133; x_wconf 74' lang='lat' dir='ltr'><strong><em>potius</em></strong></span> 
     </span>
    </p>
   </div>
   <div class='ocr_carea' id='block_1_53' title="bbox 2125 2156 2680 2219">
    <p class='ocr_par' dir='ltr' id='par_1_53' title="bbox 2125 2156 2680 2219">
     <span class='ocr_line' id='line_1_53' title="bbox 2125 2156 2680 2219; baseline 0.007 -19"><span class='ocrx_word' id='word_1_317' title='bbox 2125 2156 2376 2203; x_wconf 87' lang='lat' dir='ltr'><strong><em>currente</em></strong></span> <span class='ocrx_word' id='word_1_318' title='bbox 2415 2158 2680 2219; x_wconf 89' lang='lat' dir='ltr'><strong><em>portatur.</em></strong></span> 
     </span>
    </p>
   </div>
   <div class='ocr_carea' id='block_1_54' title="bbox 2626 2283 3211 2342">
    <p class='ocr_par' dir='ltr' id='par_1_54' title="bbox 2626 2283 3211 2342">
     <span class='ocr_line' id='line_1_54' title="bbox 2626 2283 3211 2342; baseline 0.01 -6"><span class='ocrx_word' id='word_1_319' title='bbox 2626 2283 2956 2340; x_wconf 78' lang='lat' dir='ltr'><strong><em>EPISTULA</em></strong></span> <span class='ocrx_word' id='word_1_320' title='bbox 2997 2285 3211 2342; x_wconf 80' lang='lat' dir='ltr'><strong><em>XXXII.</em></strong></span> 
     </span>
    </p>
   </div>
   <div class='ocr_carea' id='block_1_55' title="bbox 2355 2413 3486 2458">
    <p class='ocr_par' dir='ltr' id='par_1_55' title="bbox 2355 2413 3486 2458">
     <span class='ocr_line' id='line_1_55' title="bbox 2355 2413 3486 2458; baseline 0.004 -6"><span class='ocrx_word' id='word_1_321' title='bbox 2355 2413 2579 2454; x_wconf 70' lang='lat' dir='ltr'><strong><em>SENATCI</em></strong></span> <span class='ocrx_word' id='word_1_322' title='bbox 2606 2415 2750 2454; x_wconf 72' lang='lat' dir='ltr'><strong><em>UBBIS</em></strong></span> <span class='ocrx_word' id='word_1_323' title='bbox 2774 2415 2933 2455; x_wconf 64' lang='grc' dir='ltr'><strong><em>ΒΟΜΕ</em></strong></span> <span class='ocrx_word' id='word_1_324' title='bbox 2962 2416 3328 2458; x_wconf 70' lang='grc' dir='ltr'><strong><em>τιιεουοιιιευδ</em></strong></span> <span class='ocrx_word' id='word_1_325' title='bbox 3355 2419 3486 2457; x_wconf 70' lang='lat' dir='ltr'><strong>REX.</strong></span> 
     </span>
    </p>
   </div>
   <div class='ocr_carea' id='block_1_56' title="bbox 2127 2505 3726 2586">
    <p class='ocr_par' dir='ltr' id='par_1_56' title="bbox 2127 2505 3726 2586">
     <span class='ocr_line' id='line_1_56' title="bbox 2127 2505 3726 2586; baseline 0.008 -25"><span class='ocrx_word' id='word_1_326' title='bbox 2127 2505 2370 2586; x_wconf 57' lang='lat' dir='ltr'><strong><em>Deseruit</em></strong></span> <span class='ocrx_word' id='word_1_327' title='bbox 2413 2519 2472 2563; x_wconf 87' lang='lat' dir='ltr'><strong><em>ut</em></strong></span> <span class='ocrx_word' id='word_1_328' title='bbox 2507 2510 2584 2586; x_wconf 86' lang='lat' dir='ltr'><strong><em>_ad</em></strong></span> <span class='ocrx_word' id='word_1_329' title='bbox 2613 2511 2858 2586; x_wconf 76' lang='lat' dir='ltr'><strong><em>paludem</em></strong></span> <span class='ocrx_word' id='word_1_330' title='bbox 2885 2511 3208 2586; x_wconf 78' lang='lat' dir='ltr'><strong><em>Decenttonii</em></strong></span> <span class='ocrx_word' id='word_1_331' title='bbox 3233 2554 3250 2580; x_wconf 94' lang='lat'><strong><em>,</em></strong></span> <span class='ocrx_word' id='word_1_332' title='bbox 3278 2531 3436 2584; x_wconf 80' lang='lat' dir='ltr'><strong><em>quam</em></strong></span> <span class='ocrx_word' id='word_1_333' title='bbox 3463 2518 3726 2586; x_wconf 81' lang='lat' dir='ltr'><strong><em>patricius</em></strong></span> 
     </span>
    </p>
   </div>
   <div class='ocr_carea' id='block_1_57' title="bbox 2195 2577 3726 2651">
    <p class='ocr_par' dir='ltr' id='par_1_57' title="bbox 2195 2577 3726 2651">
     <span class='ocr_line' id='line_1_57' title="bbox 2195 2577 3726 2651; baseline 0.007 -20"><span class='ocrx_word' id='word_1_334' title='bbox 2195 2577 2384 2634; x_wconf 75' lang='lat' dir='ltr'><strong><em>Decius</em></strong></span> <span class='ocrx_word' id='word_1_335' title='bbox 2405 2577 2771 2635; x_wconf 60' lang='lat' dir='ltr'><strong><em>“siccandam</em></strong></span> <span class='ocrx_word' id='word_1_336' title='bbox 2800 2583 3127 2651; x_wconf 87' lang='lat' dir='ltr'><strong><em>postulabat,</em></strong></span> <span class='ocrx_word' id='word_1_337' title='bbox 3167 2577 3270 2637; x_wconf 83' lang='lat' dir='ltr'><strong><em>duo</em></strong></span> <span class='ocrx_word' id='word_1_338' title='bbox 3291 2577 3570 2641; x_wconf 73' lang='lat' dir='ltr'><strong><em>senatores</em></strong></span> <span class='ocrx_word' id='word_1_339' title='bbox 3597 2589 3726 2641; x_wconf 83' lang='lat' dir='ltr'><strong><em>mit-</em></strong></span> 
     </span>
    </p>
   </div>
   <div class='ocr_carea' id='block_1_58' title="bbox 2198 2651 3727 2733">
    <p class='ocr_par' dir='ltr' id='par_1_58' title="bbox 2198 2651 3727 2733">
     <span class='ocr_line' id='line_1_58' title="bbox 2198 2651 3727 2733; baseline 0.007 -32"><span class='ocrx_word' id='word_1_340' title='bbox 2198 2651 2520 2732; x_wconf 29' lang='lat' dir='ltr'><strong><em>tanturnqui</em></strong></span> <span class='ocrx_word' id='word_1_341' title='bbox 2561 2651 3030 2733; x_wconf 43' lang='lat' dir='ltr'><strong><em>spatiumnp‘alu&#39;dis</em></strong></span> <span class='ocrx_word' id='word_1_342' title='bbox 3058 2653 3180 2724; x_wconf 74' lang='lat' dir='ltr'><strong><em>ﬁxis</em></strong></span> <span class='ocrx_word' id='word_1_343' title='bbox 3207 2653 3514 2710; x_wconf 86' lang='lat' dir='ltr'><strong><em>adnotatum</em></strong></span> <span class='ocrx_word' id='word_1_344' title='bbox 3536 2657 3727 2712; x_wconf 70' lang='lat' dir='ltr'><strong><em>termi-</em></strong></span> 
     </span>
    </p>
   </div>
   <div class='ocr_carea' id='block_1_59' title="bbox 2197 2719 3061 2793">
    <p class='ocr_par' dir='ltr' id='par_1_59' title="bbox 2197 2719 3061 2793">
     <span class='ocr_line' id='line_1_59' title="bbox 2197 2719 3061 2793; baseline 0.006 -21"><span class='ocrx_word' id='word_1_345' title='bbox 2197 2719 2298 2784; x_wconf 87' lang='lat' dir='ltr'><strong><em>nis,</em></strong></span> <span class='ocrx_word' id='word_1_346' title='bbox 2318 2719 2458 2790; x_wconf 86' lang='lat' dir='ltr'><strong><em>juris</em></strong></span> <span class='ocrx_word' id='word_1_347' title='bbox 2484 2721 2646 2791; x_wconf 84' lang='lat' dir='ltr'><strong><em>ipsius</em></strong></span> <span class='ocrx_word' id='word_1_348' title='bbox 2672 2719 2832 2775; x_wconf 76' lang='lat' dir='ltr'><strong><em>Decii</em></strong></span> <span class='ocrx_word' id='word_1_349' title='bbox 2841 2719 3061 2793; x_wconf 80' lang='lat' dir='ltr'><strong><em>faciant.</em></strong></span> 
     </span>
    </p>
   </div>
   <div class='ocr_carea' id='block_1_60' title="bbox 2197 2831 3731 2910">
    <p class='ocr_par' dir='ltr' id='par_1_60' title="bbox 2197 2831 3731 2910">
     <span class='ocr_line' id='line_1_60' title="bbox 2197 2831 3731 2910; baseline 0.006 -19"><span class='ocrx_word' id='word_1_350' title='bbox 2197 2831 2362 2891; x_wconf 85' lang='lat' dir='ltr'><strong><em>Grata</em></strong></span> <span class='ocrx_word' id='word_1_351' title='bbox 2385 2833 2542 2890; x_wconf 91' lang='lat' dir='ltr'><strong><em>nobis</em></strong></span> <span class='ocrx_word' id='word_1_352' title='bbox 2575 2843 2677 2900; x_wconf 86' lang='lat' dir='ltr'><strong><em>est,</em></strong></span> <span class='ocrx_word' id='word_1_353' title='bbox 2709 2833 2896 2893; x_wconf 86' lang='lat' dir='ltr'><strong><em>Patres</em></strong></span> <span class='ocrx_word' id='word_1_354' title='bbox 2921 2836 3248 2910; x_wconf 86' lang='lat' dir='ltr'><strong><em>Conscripti,</em></strong></span> <span class='ocrx_word' id='word_1_355' title='bbox 3281 2841 3426 2898; x_wconf 87' lang='lat' dir='ltr'><strong><em>circa</em></strong></span> <span class='ocrx_word' id='word_1_356' title='bbox 3457 2842 3731 2900; x_wconf 85' lang='lat' dir='ltr'><strong><em>utilitates</em></strong></span> 
     </span>
    </p>
   </div>
   <div class='ocr_carea' id='block_1_61' title="bbox 2125 2925 3726 3001">
    <p class='ocr_par' dir='ltr' id='par_1_61' title="bbox 2125 2925 3726 3001">
     <span class='ocr_line' id='line_1_61' title="bbox 2125 2925 3726 3001; baseline 0.007 -21"><span class='ocrx_word' id='word_1_357' title='bbox 2125 2925 2367 2996; x_wconf 85' lang='lat' dir='ltr'><strong><em>publicas</em></strong></span> <span class='ocrx_word' id='word_1_358' title='bbox 2395 2927 2633 2998; x_wconf 78' lang='lat' dir='ltr'><strong><em>impensa</em></strong></span> <span class='ocrx_word' id='word_1_359' title='bbox 2663 2928 2881 2986; x_wconf 87' lang='lat' dir='ltr'><strong><em>devotio</em></strong></span> <span class='ocrx_word' id='word_1_360' title='bbox 2913 2948 2927 2986; x_wconf 92' lang='lat'><strong>:</strong></span> <span class='ocrx_word' id='word_1_361' title='bbox 2959 2933 3085 3001; x_wconf 88' lang='lat' dir='ltr'><strong><em>quia</em></strong></span> <span class='ocrx_word' id='word_1_362' title='bbox 3127 2933 3252 2988; x_wconf 85' lang='lat' dir='ltr'><strong><em>dum</em></strong></span> <span class='ocrx_word' id='word_1_363' title='bbox 3292 2934 3494 2990; x_wconf 89' lang='lat' dir='ltr'><strong><em>civium</em></strong></span> <span class='ocrx_word' id='word_1_364' title='bbox 3524 2935 3726 2991; x_wconf 85' lang='lat' dir='ltr'><strong><em>lauda-</em></strong></span> 
     </span>
    </p>
   </div>
   <div class='ocr_carea' id='block_1_62' title="bbox 2123 3018 3729 3095">
    <p class='ocr_par' dir='ltr' id='par_1_62' title="bbox 2123 3018 3729 3095">
     <span class='ocr_line' id='line_1_62' title="bbox 2123 3018 3729 3095; baseline 0.007 -21"><span class='ocrx_word' id='word_1_365' title='bbox 2123 3018 2260 3075; x_wconf 90' lang='lat' dir='ltr'><strong><em>biles</em></strong></span> <span class='ocrx_word' id='word_1_366' title='bbox 2287 3021 2498 3076; x_wconf 89' lang='lat' dir='ltr'><strong><em>animos</em></strong></span> <span class='ocrx_word' id='word_1_367' title='bbox 2541 3021 2955 3092; x_wconf 88' lang='lat' dir='ltr'><strong><em>comprobamus</em></strong></span> <span class='ocrx_word' id='word_1_368' title='bbox 2977 3064 2992 3090; x_wconf 96' lang='lat'><strong><em>,</em></strong></span> <span class='ocrx_word' id='word_1_369' title='bbox 3021 3023 3196 3079; x_wconf 87' lang='lat' dir='ltr'><strong><em>locum</em></strong></span> <span class='ocrx_word' id='word_1_370' title='bbox 3233 3024 3396 3095; x_wconf 82' lang='lat' dir='ltr'><strong><em>justis</em></strong></span> <span class='ocrx_word' id='word_1_371' title='bbox 3431 3025 3729 3086; x_wconf 83' lang='lat' dir='ltr'><strong><em>beneﬁciis</em></strong></span> 
     </span>
    </p>
   </div>
   <div class='ocr_carea' id='block_1_63' title="bbox 2125 3111 3728 3187">
    <p class='ocr_par' dir='ltr' id='par_1_63' title="bbox 2125 3111 3728 3187">
     <span class='ocr_line' id='line_1_63' title="bbox 2125 3111 3728 3187; baseline 0.004 -20"><span class='ocrx_word' id='word_1_372' title='bbox 2125 3112 2442 3184; x_wconf 90' lang='lat' dir='ltr'><strong><em>reperimus.</em></strong></span> <span class='ocrx_word' id='word_1_373' title='bbox 2489 3111 2624 3178; x_wconf 87' lang='lat' dir='ltr'><strong><em>Quid</em></strong></span> <span class='ocrx_word' id='word_1_374' title='bbox 2651 3121 2733 3166; x_wconf 90' lang='lat' dir='ltr'><strong><em>est</em></strong></span> <span class='ocrx_word' id='word_1_375' title='bbox 2771 3114 2914 3167; x_wconf 90' lang='lat' dir='ltr'><strong><em>enim</em></strong></span> <span class='ocrx_word' id='word_1_376' title='bbox 2939 3122 3046 3168; x_wconf 88' lang='lat' dir='ltr'><strong><em>tam</em></strong></span> <span class='ocrx_word' id='word_1_377' title='bbox 3071 3117 3404 3171; x_wconf 90' lang='lat' dir='ltr'><strong><em>senatorium</em></strong></span> <span class='ocrx_word' id='word_1_378' title='bbox 3427 3157 3443 3183; x_wconf 97' lang='lat'><strong><em>,</em></strong></span> <span class='ocrx_word' id='word_1_379' title='bbox 3476 3131 3642 3187; x_wconf 89' lang='lat' dir='ltr'><strong><em>quam</em></strong></span> <span class='ocrx_word' id='word_1_380' title='bbox 3675 3119 3728 3175; x_wconf 88' lang='lat' dir='ltr'><strong><em>si</em></strong></span> 
     </span>
    </p>
   </div>
   <div class='ocr_carea' id='block_1_64' title="bbox 507 3203 3732 3283">
    <p class='ocr_par' dir='ltr' id='par_1_64' title="bbox 507 3203 3732 3283">
     <span class='ocr_line' id='line_1_64' title="bbox 507 3203 3732 3283; baseline -0.001 -15"><span class='ocrx_word' id='word_1_381' title='bbox 507 3211 625 3268; x_wconf 86' lang='lat' dir='ltr'><strong><em>Non</em></strong></span> <span class='ocrx_word' id='word_1_382' title='bbox 673 3211 988 3283; x_wconf 71' lang='lat' dir='ltr'><strong><em>prmjudicat</em></strong></span> <span class='ocrx_word' id='word_1_383' title='bbox 1004 3210 1115 3282; x_wconf 87' lang='lat' dir='ltr'><strong><em>juri</em></strong></span> <span class='ocrx_word' id='word_1_384' title='bbox 1159 3210 1380 3282; x_wconf 91' lang='lat' dir='ltr'><strong><em>publico</em></strong></span> <span class='ocrx_word' id='word_1_385' title='bbox 1408 3211 1714 3280; x_wconf 89' lang='lat' dir='ltr'><strong><em>personalis</em></strong></span> <span class='ocrx_word' id='word_1_386' title='bbox 1743 3212 2014 3282; x_wconf 83' lang='lat' dir='ltr'><strong><em>exceptio,</em></strong></span> <span class='ocrx_word' id='word_1_387' title='bbox 2046 3203 2094 3268; x_wconf 86' lang='lat' dir='ltr'><strong><em>C</em></strong></span> <span class='ocrx_word' id='word_1_388' title='bbox 2126 3204 2444 3260; x_wconf 76' lang='lat' dir='ltr'><strong><em>utilitatibus</em></strong></span> <span class='ocrx_word' id='word_1_389' title='bbox 2469 3203 2694 3273; x_wconf 87' lang='lat' dir='ltr'><strong><em>publicis</em></strong></span> <span class='ocrx_word' id='word_1_390' title='bbox 2715 3203 2991 3274; x_wconf 84' lang='lat' dir='ltr'><strong><em>impendat</em></strong></span> <span class='ocrx_word' id='word_1_391' title='bbox 3009 3204 3283 3272; x_wconf 70' lang='lat' dir='ltr'><strong><em>allectum,</em></strong></span> <span class='ocrx_word' id='word_1_392' title='bbox 3312 3215 3374 3260; x_wconf 92' lang='lat' dir='ltr'><strong><em>ut</em></strong></span> <span class='ocrx_word' id='word_1_393' title='bbox 3400 3207 3576 3277; x_wconf 90' lang='lat' dir='ltr'><strong><em>possit</em></strong></span> <span class='ocrx_word' id='word_1_394' title='bbox 3601 3223 3732 3278; x_wconf 89' lang='lat' dir='ltr'><strong><em>pro-</em></strong></span> 
     </span>
    </p>
   </div>
   <div class='ocr_carea' id='block_1_65' title="bbox 435 3299 2020 3374">
    <p class='ocr_par' dir='ltr' id='par_1_65' title="bbox 435 3299 2020 3374">
     <span class='ocr_line' id='line_1_65' title="bbox 435 3299 2020 3374; baseline 0.002 -19"><span class='ocrx_word' id='word_1_395' title='bbox 435 3301 562 3374; x_wconf 88' lang='lat' dir='ltr'><strong><em>quia</em></strong></span> <span class='ocrx_word' id='word_1_396' title='bbox 583 3299 954 3360; x_wconf 78' lang='lat' dir='ltr'><strong><em>beneficialem</em></strong></span> <span class='ocrx_word' id='word_1_397' title='bbox 985 3316 1107 3358; x_wconf 88' lang='lat' dir='ltr'><strong><em>esse</em></strong></span> <span class='ocrx_word' id='word_1_398' title='bbox 1142 3299 1442 3372; x_wconf 88' lang='lat' dir='ltr'><strong><em>principem</em></strong></span> <span class='ocrx_word' id='word_1_399' title='bbox 1467 3300 1613 3368; x_wconf 90' lang='lat' dir='ltr'><strong><em>licet,</em></strong></span> <span class='ocrx_word' id='word_1_400' title='bbox 1644 3317 1744 3358; x_wconf 90' lang='lat' dir='ltr'><strong><em>nec</em></strong></span> <span class='ocrx_word' id='word_1_401' title='bbox 1771 3303 1910 3357; x_wconf 90' lang='lat' dir='ltr'><strong><em>intra</em></strong></span> <span class='ocrx_word' id='word_1_402' title='bbox 1934 3319 2020 3358; x_wconf 88' lang='lat' dir='ltr'><strong><em>re-</em></strong></span> 
     </span>
    </p>
   </div>
   <div class='ocr_carea' id='block_1_66' title="bbox 435 3389 2014 3464">
    <p class='ocr_par' dir='ltr' id='par_1_66' title="bbox 435 3389 2014 3464">
     <span class='ocr_line' id='line_1_66' title="bbox 435 3389 2014 3464; baseline -0.001 -16"><span class='ocrx_word' id='word_1_403' title='bbox 435 3393 594 3464; x_wconf 88' lang='lat' dir='ltr'><strong><em>gulas</em></strong></span> <span class='ocrx_word' id='word_1_404' title='bbox 621 3393 899 3450; x_wconf 91' lang='lat' dir='ltr'><strong><em>constituti</em></strong></span> <span class='ocrx_word' id='word_1_405' title='bbox 946 3398 1128 3464; x_wconf 87' lang='lat' dir='ltr'><strong><em>potest</em></strong></span> <span class='ocrx_word' id='word_1_406' title='bbox 1155 3389 1520 3446; x_wconf 77' lang='lat' dir='ltr'><strong><em>munificentia</em></strong></span> <span class='ocrx_word' id='word_1_407' title='bbox 1565 3392 1762 3460; x_wconf 83' lang='lat' dir='ltr'><strong><em>regalis</em></strong></span> <span class='ocrx_word' id='word_1_408' title='bbox 1797 3393 2014 3448; x_wconf 89' lang='lat' dir='ltr'><strong><em>aretari.</em></strong></span> 
     </span>
    </p>
   </div>
   <div class='ocr_carea' id='block_1_67' title="bbox 432 3481 2022 3554">
    <p class='ocr_par' dir='ltr' id='par_1_67' title="bbox 432 3481 2022 3554">
     <span class='ocr_line' id='line_1_67' title="bbox 432 3481 2022 3554; baseline 0 -15"><span class='ocrx_word' id='word_1_409' title='bbox 432 3483 517 3539; x_wconf 89' lang='lat' dir='ltr'><strong><em>Ira</em></strong></span> <span class='ocrx_word' id='word_1_410' title='bbox 545 3483 684 3541; x_wconf 88' lang='lat' dir='ltr'><strong><em>levia</em></strong></span> <span class='ocrx_word' id='word_1_411' title='bbox 712 3492 1030 3540; x_wconf 89' lang='lat' dir='ltr'><strong><em>coerceatur</em></strong></span> <span class='ocrx_word' id='word_1_412' title='bbox 1058 3483 1388 3552; x_wconf 80' lang='lat' dir='ltr'><strong><em>gravissimis</em></strong></span> <span class='ocrx_word' id='word_1_413' title='bbox 1419 3483 1702 3549; x_wconf 87' lang='lat' dir='ltr'><strong><em>institutis;</em></strong></span> <span class='ocrx_word' id='word_1_414' title='bbox 1735 3481 2022 3554; x_wconf 87' lang='lat' dir='ltr'><strong><em>impatiens</em></strong></span> 
     </span>
    </p>
   </div>
   <div class='ocr_carea' id='block_1_68' title="bbox 434 3574 2016 3646">
    <p class='ocr_par' dir='ltr' id='par_1_68' title="bbox 434 3574 2016 3646">
     <span class='ocr_line' id='line_1_68' title="bbox 434 3574 2016 3646; baseline -0.002 -13"><span class='ocrx_word' id='word_1_415' title='bbox 434 3577 661 3634; x_wconf 85' lang='lat' dir='ltr'><strong><em>ambitio</em></strong></span> <span class='ocrx_word' id='word_1_416' title='bbox 671 3575 796 3646; x_wconf 90' lang='lat' dir='ltr'><strong><em>jure</em></strong></span> <span class='ocrx_word' id='word_1_417' title='bbox 820 3574 1166 3632; x_wconf 87' lang='lat' dir='ltr'><strong><em>refrenetur:</em></strong></span> <span class='ocrx_word' id='word_1_418' title='bbox 1193 3575 1478 3631; x_wconf 89' lang='lat' dir='ltr'><strong><em>clementia</em></strong></span> <span class='ocrx_word' id='word_1_419' title='bbox 1509 3590 1615 3630; x_wconf 92' lang='lat' dir='ltr'><strong><em>non</em></strong></span> <span class='ocrx_word' id='word_1_420' title='bbox 1646 3575 1808 3631; x_wconf 91' lang='lat' dir='ltr'><strong><em>habet</em></strong></span> <span class='ocrx_word' id='word_1_421' title='bbox 1824 3576 2016 3645; x_wconf 85' lang='lat' dir='ltr'><strong><em>legem;</em></strong></span> 
     </span>
    </p>
   </div>
   <div class='ocr_carea' id='block_1_69' title="bbox 435 3665 2018 3736">
    <p class='ocr_par' dir='ltr' id='par_1_69' title="bbox 435 3665 2018 3736">
     <span class='ocr_line' id='line_1_69' title="bbox 435 3665 2018 3736; baseline -0.001 -13"><span class='ocrx_word' id='word_1_422' title='bbox 435 3682 540 3723; x_wconf 89' lang='lat' dir='ltr'><strong><em>nec</em></strong></span> <span class='ocrx_word' id='word_1_423' title='bbox 567 3665 731 3722; x_wconf 90' lang='lat' dir='ltr'><strong><em>debet</em></strong></span> <span class='ocrx_word' id='word_1_424' title='bbox 749 3667 851 3723; x_wconf 89' lang='lat' dir='ltr'><strong><em>sub</em></strong></span> <span class='ocrx_word' id='word_1_425' title='bbox 880 3666 1120 3736; x_wconf 83' lang='lat' dir='ltr'><strong><em>angustis</em></strong></span> <span class='ocrx_word' id='word_1_426' title='bbox 1135 3665 1377 3722; x_wconf 86' lang='lat' dir='ltr'><strong><em>terminis</em></strong></span> <span class='ocrx_word' id='word_1_427' title='bbox 1405 3666 1634 3734; x_wconf 83' lang='lat' dir='ltr'><strong><em>benigna</em></strong></span> <span class='ocrx_word' id='word_1_428' title='bbox 1676 3667 1827 3736; x_wconf 90' lang='lat' dir='ltr'><strong><em>sequi</em></strong></span> <span class='ocrx_word' id='word_1_429' title='bbox 1857 3682 2018 3736; x_wconf 91' lang='lat' dir='ltr'><strong><em>quam</em></strong></span> 
     </span>
    </p>
   </div>
   <div class='ocr_carea' id='block_1_70' title="bbox 437 3755 2021 3832">
    <p class='ocr_par' dir='ltr' id='par_1_70' title="bbox 437 3755 2021 3832">
     <span class='ocr_line' id='line_1_70' title="bbox 437 3755 2021 3832; baseline 0.001 -20"><span class='ocrx_word' id='word_1_430' title='bbox 437 3756 767 3832; x_wconf 85' lang='lat' dir='ltr'><strong><em>[ed.,quem]</em></strong></span> <span class='ocrx_word' id='word_1_431' title='bbox 796 3757 954 3814; x_wconf 91' lang='lat' dir='ltr'><strong><em>decet</em></strong></span> <span class='ocrx_word' id='word_1_432' title='bbox 978 3759 1096 3814; x_wconf 87' lang='lat' dir='ltr'><strong><em>sine</em></strong></span> <span class='ocrx_word' id='word_1_433' title='bbox 1116 3755 1222 3814; x_wconf 88' lang='lat' dir='ltr'><strong><em>line</em></strong></span> <span class='ocrx_word' id='word_1_434' title='bbox 1244 3757 1468 3812; x_wconf 87' lang='lat' dir='ltr'><strong><em>laudari.</em></strong></span> <span class='ocrx_word' id='word_1_435' title='bbox 1492 3757 1813 3814; x_wconf 82' lang='lat' dir='ltr'><strong><em>Defensores</em></strong></span> <span class='ocrx_word' id='word_1_436' title='bbox 1841 3758 2021 3828; x_wconf 88' lang='lat' dir='ltr'><strong><em>itaque</em></strong></span> 
     </span>
    </p>
   </div>
   <div class='ocr_carea' id='block_1_71' title="bbox 434 3847 2022 3926">
    <p class='ocr_par' dir='ltr' id='par_1_71' title="bbox 434 3847 2022 3926">
     <span class='ocr_line' id='line_1_71' title="bbox 434 3847 2022 3926; baseline 0.001 -23"><span class='ocrx_word' id='word_1_437' title='bbox 434 3856 797 3904; x_wconf 67' lang='lat' dir='ltr'><strong><em>sacrosanctae</em></strong></span> <span class='ocrx_word' id='word_1_438' title='bbox 812 3848 1230 3906; x_wconf 85' lang='lat' dir='ltr'><strong><em>Mediolanensis</em></strong></span> <span class='ocrx_word' id='word_1_439' title='bbox 1243 3847 1496 3905; x_wconf 80' lang='lat' dir='ltr'><strong><em>Ecclesia.-</em></strong></span> <span class='ocrx_word' id='word_1_440' title='bbox 1509 3865 1606 3920; x_wconf 89' lang='lat' dir='ltr'><strong><em>pro</em></strong></span> <span class='ocrx_word' id='word_1_441' title='bbox 1623 3851 1872 3926; x_wconf 77' lang='lat' dir='ltr'><strong><em>expensis</em></strong></span> <span class='ocrx_word' id='word_1_442' title='bbox 1889 3865 2022 3919; x_wconf 91' lang='lat' dir='ltr'><strong><em>pau-</em></strong></span> 
     </span>
    </p>
   </div>
   <div class='ocr_carea' id='block_1_72' title="bbox 436 3937 2016 4008">
    <p class='ocr_par' dir='ltr' id='par_1_72' title="bbox 436 3937 2016 4008">
     <span class='ocr_line' id='line_1_72' title="bbox 436 3937 2016 4008; baseline 0.002 -17"><span class='ocrx_word' id='word_1_443' title='bbox 436 3951 660 4006; x_wconf 87' lang='lat' dir='ltr'><strong><em>perum,</em></strong></span> <span class='ocrx_word' id='word_1_444' title='bbox 712 3952 832 4008; x_wconf 69' lang='lat' dir='ltr'><strong><em>quaa</em></strong></span> <span class='ocrx_word' id='word_1_445' title='bbox 875 3937 976 3994; x_wconf 91' lang='lat' dir='ltr'><strong><em>sub</em></strong></span> <span class='ocrx_word' id='word_1_446' title='bbox 1027 3938 1164 3994; x_wconf 89' lang='lat' dir='ltr'><strong><em>lucri</em></strong></span> <span class='ocrx_word' id='word_1_447' title='bbox 1219 3939 1638 4008; x_wconf 82' lang='lat' dir='ltr'><strong><em>exaggeratione</em></strong></span> <span class='ocrx_word' id='word_1_448' title='bbox 1680 3938 2016 4005; x_wconf 89' lang='lat' dir='ltr'><strong><em>funduntur,</em></strong></span> 
     </span>
    </p>
   </div>
   <div class='ocr_carea' id='block_1_73' title="bbox 439 4027 2020 4100">
    <p class='ocr_par' dir='ltr' id='par_1_73' title="bbox 439 4027 2020 4100">
     <span class='ocr_line' id='line_1_73' title="bbox 439 4027 2020 4100; baseline 0.001 -17"><span class='ocrx_word' id='word_1_449' title='bbox 439 4040 602 4084; x_wconf 88' lang='lat' dir='ltr'><strong><em>unum</em></strong></span> <span class='ocrx_word' id='word_1_450' title='bbox 653 4029 756 4085; x_wconf 85' lang='lat' dir='ltr'><strong><em>sibi</em></strong></span> <span class='ocrx_word' id='word_1_451' title='bbox 803 4044 871 4085; x_wconf 81' lang='lat' dir='ltr'><strong><em>ex</em></strong></span> <span class='ocrx_word' id='word_1_452' title='bbox 923 4029 1359 4100; x_wconf 78' lang='lat' dir='ltr'><strong><em>negotiatoribus</em></strong></span> <span class='ocrx_word' id='word_1_453' title='bbox 1383 4029 1532 4084; x_wconf 88' lang='lat' dir='ltr'><strong><em>urbis</em></strong></span> <span class='ocrx_word' id='word_1_454' title='bbox 1555 4043 1666 4084; x_wconf 61' lang='lat' dir='ltr'><strong><em>suae</em></strong></span> <span class='ocrx_word' id='word_1_455' title='bbox 1704 4027 2020 4086; x_wconf 89' lang='lat' dir='ltr'><strong><em>desiderant</em></strong></span> 
     </span>
    </p>
   </div>
   <div class='ocr_carea' id='block_1_74' title="bbox 434 4117 2019 4192">
    <p class='ocr_par' dir='ltr' id='par_1_74' title="bbox 434 4117 2019 4192">
     <span class='ocr_line' id='line_1_74' title="bbox 434 4117 2019 4192; baseline -0.001 -18"><span class='ocrx_word' id='word_1_456' title='bbox 434 4127 688 4190; x_wconf 89' lang='lat' dir='ltr'><strong><em>oportere</em></strong></span> <span class='ocrx_word' id='word_1_457' title='bbox 715 4120 959 4190; x_wconf 69' lang='lat' dir='ltr'><strong><em>praestari</em></strong></span> <span class='ocrx_word' id='word_1_458' title='bbox 987 4137 1001 4172; x_wconf 88' lang='lat'><strong>:</strong></span> <span class='ocrx_word' id='word_1_459' title='bbox 1028 4120 1121 4192; x_wconf 91' lang='lat' dir='ltr'><strong><em>qui</em></strong></span> <span class='ocrx_word' id='word_1_460' title='bbox 1162 4119 1427 4188; x_wconf 90' lang='lat' dir='ltr'><strong><em>emptoris</em></strong></span> <span class='ocrx_word' id='word_1_461' title='bbox 1453 4119 1672 4174; x_wconf 83' lang='lat' dir='ltr'><strong><em>functus</em></strong></span> <span class='ocrx_word' id='word_1_462' title='bbox 1691 4117 1888 4185; x_wconf 89' lang='lat' dir='ltr'><strong><em>oflicio,</em></strong></span> <span class='ocrx_word' id='word_1_463' title='bbox 1917 4133 2019 4172; x_wconf 81' lang='lat' dir='ltr'><strong><em>ex-</em></strong></span> 
     </span>
    </p>
   </div>
   <div class='ocr_carea' id='block_1_75' title="bbox 433 4207 2020 4282">
    <p class='ocr_par' dir='ltr' id='par_1_75' title="bbox 433 4207 2020 4282">
     <span class='ocr_line' id='line_1_75' title="bbox 433 4207 2020 4282; baseline -0.003 -15"><span class='ocrx_word' id='word_1_464' title='bbox 433 4211 606 4282; x_wconf 89' lang='lat' dir='ltr'><strong><em>ceptis</em></strong></span> <span class='ocrx_word' id='word_1_465' title='bbox 651 4209 1035 4280; x_wconf 82' lang='lat' dir='ltr'><strong><em>negotiationis</em></strong></span> <span class='ocrx_word' id='word_1_466' title='bbox 1075 4209 1333 4264; x_wconf 90' lang='lat' dir='ltr'><strong><em>oneribus</em></strong></span> <span class='ocrx_word' id='word_1_467' title='bbox 1382 4207 1576 4263; x_wconf 89' lang='lat' dir='ltr'><strong><em>debeat</em></strong></span> <span class='ocrx_word' id='word_1_468' title='bbox 1624 4207 1849 4277; x_wconf 89' lang='lat' dir='ltr'><strong><em>implere</em></strong></span> <span class='ocrx_word' id='word_1_469' title='bbox 1875 4208 2020 4278; x_wconf 90' lang='lat' dir='ltr'><strong><em>quod</em></strong></span> 
     </span>
    </p>
   </div>
   <div class='ocr_carea' id='block_1_76' title="bbox 433 4297 2020 4374">
    <p class='ocr_par' dir='ltr' id='par_1_76' title="bbox 433 4297 2020 4374">
     <span class='ocr_line' id='line_1_76' title="bbox 433 4297 2020 4374; baseline -0.003 -15"><span class='ocrx_word' id='word_1_470' title='bbox 433 4303 678 4374; x_wconf 80' lang='lat' dir='ltr'><strong><em>suscipit.</em></strong></span> <span class='ocrx_word' id='word_1_471' title='bbox 722 4301 851 4358; x_wconf 63' lang='lat' dir='ltr'><strong><em>Haec</em></strong></span> <span class='ocrx_word' id='word_1_472' title='bbox 881 4301 1024 4356; x_wconf 90' lang='lat' dir='ltr'><strong><em>enim</em></strong></span> <span class='ocrx_word' id='word_1_473' title='bbox 1056 4314 1156 4355; x_wconf 90' lang='lat' dir='ltr'><strong><em>nos</em></strong></span> <span class='ocrx_word' id='word_1_474' title='bbox 1181 4309 1237 4354; x_wconf 89' lang='lat' dir='ltr'><strong><em>et</em></strong></span> <span class='ocrx_word' id='word_1_475' title='bbox 1265 4298 1565 4354; x_wconf 81' lang='lat' dir='ltr'><strong><em>Ravennati</em></strong></span> <span class='ocrx_word' id='word_1_476' title='bbox 1587 4297 1843 4354; x_wconf 77' lang='lat' dir='ltr'><strong><em>Ecclesia:</em></strong></span> <span class='ocrx_word' id='word_1_477' title='bbox 1870 4315 2020 4356; x_wconf 87' lang='lat' dir='ltr'><strong><em>com-</em></strong></span> 
     </span>
    </p>
   </div>
   <div class='ocr_carea' id='block_1_77' title="bbox 433 4389 2014 4460">
    <p class='ocr_par' dir='ltr' id='par_1_77' title="bbox 433 4389 2014 4460">
     <span class='ocr_line' id='line_1_77' title="bbox 433 4389 2014 4460; baseline -0.002 -11"><span class='ocrx_word' id='word_1_478' title='bbox 433 4402 759 4459; x_wconf 87' lang='lat' dir='ltr'><strong><em>memorant,</em></strong></span> <span class='ocrx_word' id='word_1_479' title='bbox 796 4400 977 4447; x_wconf 89' lang='lat' dir='ltr'><strong><em>motos</em></strong></span> <span class='ocrx_word' id='word_1_480' title='bbox 1003 4389 1314 4445; x_wconf 82' lang='lat' dir='ltr'><strong><em>rationabili</em></strong></span> <span class='ocrx_word' id='word_1_481' title='bbox 1341 4389 1682 4460; x_wconf 84' lang='lat' dir='ltr'><strong><em>allegatione,</em></strong></span> <span class='ocrx_word' id='word_1_482' title='bbox 1716 4391 1970 4447; x_wconf 88' lang='lat' dir='ltr'><strong><em>tribuisse</em></strong></span> <span class='ocrx_word' id='word_1_483' title='bbox 2001 4411 2014 4446; x_wconf 89' lang='lat'><strong>:</strong></span> 
     </span>
    </p>
   </div>
   <div class='ocr_carea' id='block_1_78' title="bbox 434 4479 2019 4555">
    <p class='ocr_par' dir='ltr' id='par_1_78' title="bbox 434 4479 2019 4555">
     <span class='ocr_line' id='line_1_78' title="bbox 434 4479 2019 4555; baseline -0.001 -18"><span class='ocrx_word' id='word_1_484' title='bbox 434 4484 582 4555; x_wconf 90' lang='lat' dir='ltr'><strong><em>quod</em></strong></span> <span class='ocrx_word' id='word_1_485' title='bbox 610 4482 828 4554; x_wconf 89' lang='lat' dir='ltr'><strong><em>pietatis</em></strong></span> <span class='ocrx_word' id='word_1_486' title='bbox 857 4481 1164 4550; x_wconf 76' lang='lat' dir='ltr'><strong><em>exemplum</em></strong></span> <span class='ocrx_word' id='word_1_487' title='bbox 1186 4520 1202 4546; x_wconf 91' lang='lat'><strong><em>,</em></strong></span> <span class='ocrx_word' id='word_1_488' title='bbox 1236 4479 1305 4534; x_wconf 91' lang='lat' dir='ltr'><strong><em>ad</em></strong></span> <span class='ocrx_word' id='word_1_489' title='bbox 1351 4495 1507 4534; x_wconf 88' lang='lat' dir='ltr'><strong><em>suum</em></strong></span> <span class='ocrx_word' id='word_1_490' title='bbox 1535 4494 1750 4550; x_wconf 89' lang='lat' dir='ltr'><strong><em>quoque</em></strong></span> <span class='ocrx_word' id='word_1_491' title='bbox 1775 4495 2019 4536; x_wconf 89' lang='lat' dir='ltr'><strong><em>commo-</em></strong></span> 
     </span>
    </p>
   </div>
   <div class='ocr_carea' id='block_1_79' title="bbox 2124 3295 3729 3367">
    <p class='ocr_par' dir='ltr' id='par_1_79' title="bbox 2124 3295 3729 3367">
     <span class='ocr_line' id='line_1_79' title="bbox 2124 3295 3729 3367; baseline 0.002 -15"><span class='ocrx_word' id='word_1_492' title='bbox 2124 3295 2280 3352; x_wconf 89' lang='lat' dir='ltr'><strong><em>desse</em></strong></span> <span class='ocrx_word' id='word_1_493' title='bbox 2303 3295 2488 3367; x_wconf 77' lang='lat' dir='ltr'><strong><em>patria:</em></strong></span> <span class='ocrx_word' id='word_1_494' title='bbox 2511 3335 2525 3359; x_wconf 84' lang='lat'><strong><em>,</em></strong></span> <span class='ocrx_word' id='word_1_495' title='bbox 2557 3295 2642 3350; x_wconf 89' lang='lat' dir='ltr'><strong><em>cui</em></strong></span> <span class='ocrx_word' id='word_1_496' title='bbox 2673 3302 2830 3350; x_wconf 90' lang='lat' dir='ltr'><strong><em>natus</em></strong></span> <span class='ocrx_word' id='word_1_497' title='bbox 2874 3296 3004 3350; x_wconf 62' lang='lat' dir='ltr'><strong><em>cst?</em></strong></span> <span class='ocrx_word' id='word_1_498' title='bbox 3031 3296 3124 3352; x_wconf 83' lang='lat' dir='ltr'><strong><em>Vir</em></strong></span> <span class='ocrx_word' id='word_1_499' title='bbox 3161 3297 3343 3366; x_wconf 90' lang='lat' dir='ltr'><strong><em>itaque</em></strong></span> <span class='ocrx_word' id='word_1_500' title='bbox 3395 3299 3729 3367; x_wconf 79' lang='lat' dir='ltr'><strong><em>magnificus</em></strong></span> 
     </span>
    </p>
   </div>
   <div class='ocr_carea' id='block_1_80' title="bbox 2123 3386 3728 3461">
    <p class='ocr_par' dir='ltr' id='par_1_80' title="bbox 2123 3386 3728 3461">
     <span class='ocr_line' id='line_1_80' title="bbox 2123 3386 3728 3461; baseline 0.002 -18"><span class='ocrx_word' id='word_1_501' title='bbox 2123 3397 2285 3457; x_wconf 87' lang='lat' dir='ltr'><strong><em>atque</em></strong></span> <span class='ocrx_word' id='word_1_502' title='bbox 2334 3387 2594 3458; x_wconf 89' lang='lat' dir='ltr'><strong><em>patricius</em></strong></span> <span class='ocrx_word' id='word_1_503' title='bbox 2661 3386 2894 3456; x_wconf 87' lang='lat' dir='ltr'><strong><em>Decius,</em></strong></span> <span class='ocrx_word' id='word_1_504' title='bbox 2945 3387 3184 3456; x_wconf 84' lang='lat' dir='ltr'><strong><em>glorioso</em></strong></span> <span class='ocrx_word' id='word_1_505' title='bbox 3245 3389 3394 3444; x_wconf 89' lang='lat' dir='ltr'><strong><em>circa</em></strong></span> <span class='ocrx_word' id='word_1_506' title='bbox 3460 3392 3728 3461; x_wconf 88' lang='lat' dir='ltr'><strong><em>rempub.</em></strong></span> 
     </span>
    </p>
   </div>
   <div class='ocr_carea' id='block_1_81' title="bbox 2122 3477 3727 3552">
    <p class='ocr_par' dir='ltr' id='par_1_81' title="bbox 2122 3477 3727 3552">
     <span class='ocr_line' id='line_1_81' title="bbox 2122 3477 3727 3552; baseline 0.003 -19"><span class='ocrx_word' id='word_1_507' title='bbox 2122 3493 2308 3534; x_wconf 87' lang='lat' dir='ltr'><strong><em>amore</em></strong></span> <span class='ocrx_word' id='word_1_508' title='bbox 2335 3477 2632 3543; x_wconf 89' lang='lat' dir='ltr'><strong><em>devinctus,</em></strong></span> <span class='ocrx_word' id='word_1_509' title='bbox 2649 3477 2789 3531; x_wconf 86' lang='lat' dir='ltr'><strong><em>ultro</em></strong></span> <span class='ocrx_word' id='word_1_510' title='bbox 2811 3477 3104 3548; x_wconf 87' lang='lat' dir='ltr'><strong><em>postulavit</em></strong></span> <span class='ocrx_word' id='word_1_511' title='bbox 3132 3488 3262 3534; x_wconf 86' lang='lat' dir='ltr'><strong><em>voto</em></strong></span> <span class='ocrx_word' id='word_1_512' title='bbox 3292 3479 3548 3546; x_wconf 89' lang='lat' dir='ltr'><strong><em>mirabili,</em></strong></span> <span class='ocrx_word' id='word_1_513' title='bbox 3569 3482 3727 3552; x_wconf 85' lang='lat' dir='ltr'><strong><em>quod</em></strong></span> 
     </span>
    </p>
   </div>
   <div class='ocr_carea' id='block_1_82' title="bbox 2122 3569 3729 3644">
    <p class='ocr_par' dir='ltr' id='par_1_82' title="bbox 2122 3569 3729 3644">
     <span class='ocr_line' id='line_1_82' title="bbox 2122 3569 3729 3644; baseline 0.002 -18"><span class='ocrx_word' id='word_1_514' title='bbox 2122 3572 2211 3627; x_wconf 78' lang='lat' dir='ltr'><strong><em>vix</em></strong></span> <span class='ocrx_word' id='word_1_515' title='bbox 2259 3570 2522 3641; x_wconf 87' lang='lat' dir='ltr'><strong><em>potuisset</em></strong></span> <span class='ocrx_word' id='word_1_516' title='bbox 2569 3569 2668 3624; x_wconf 91' lang='lat' dir='ltr'><strong><em>sub</em></strong></span> <span class='ocrx_word' id='word_1_517' title='bbox 2697 3569 2922 3626; x_wconf 89' lang='lat' dir='ltr'><strong><em>consilio</em></strong></span> <span class='ocrx_word' id='word_1_518' title='bbox 2980 3578 3180 3627; x_wconf 68' lang='lat' dir='ltr'><strong><em>nostra:</em></strong></span> <span class='ocrx_word' id='word_1_519' title='bbox 3215 3571 3435 3641; x_wconf 86' lang='lat' dir='ltr'><strong><em>pietatis</em></strong></span> <span class='ocrx_word' id='word_1_520' title='bbox 3484 3573 3729 3644; x_wconf 88' lang='lat' dir='ltr'><strong><em>imponi.</em></strong></span> 
     </span>
    </p>
   </div>
   <div class='ocr_carea' id='block_1_83' title="bbox 2128 3661 3731 3726">
    <p class='ocr_par' dir='ltr' id='par_1_83' title="bbox 2128 3661 3731 3726">
     <span class='ocr_line' id='line_1_83' title="bbox 2128 3661 3731 3726; baseline 0.001 -8"><span class='ocrx_word' id='word_1_521' title='bbox 2128 3663 2381 3720; x_wconf 87' lang='lat' dir='ltr'><strong><em>Paludem</em></strong></span> <span class='ocrx_word' id='word_1_522' title='bbox 2413 3662 2760 3726; x_wconf 83' lang='lat' dir='ltr'><strong><em>Decennonii,</em></strong></span> <span class='ocrx_word' id='word_1_523' title='bbox 2794 3661 2847 3716; x_wconf 90' lang='lat' dir='ltr'><strong><em>in</em></strong></span> <span class='ocrx_word' id='word_1_524' title='bbox 2901 3662 3075 3718; x_wconf 89' lang='lat' dir='ltr'><strong><em>hostis</em></strong></span> <span class='ocrx_word' id='word_1_525' title='bbox 3124 3662 3348 3717; x_wconf 90' lang='lat' dir='ltr'><strong><em>modum</em></strong></span> <span class='ocrx_word' id='word_1_526' title='bbox 3379 3664 3562 3719; x_wconf 90' lang='lat' dir='ltr'><strong><em>vicina</em></strong></span> <span class='ocrx_word' id='word_1_527' title='bbox 3589 3681 3731 3721; x_wconf 81' lang='lat' dir='ltr'><strong><em>vas-</em></strong></span> 
     </span>
    </p>
   </div>
   <div class='ocr_carea' id='block_1_84' title="bbox 2123 3752 3728 3824">
    <p class='ocr_par' dir='ltr' id='par_1_84' title="bbox 2123 3752 3728 3824">
     <span class='ocr_line' id='line_1_84' title="bbox 2123 3752 3728 3824; baseline 0 -12"><span class='ocrx_word' id='word_1_528' title='bbox 2123 3765 2346 3822; x_wconf 85' lang='lat' dir='ltr'><strong><em>tantem,</em></strong></span> <span class='ocrx_word' id='word_1_529' title='bbox 2379 3755 2655 3811; x_wconf 85' lang='lat' dir='ltr'><strong><em>fovearum</em></strong></span> <span class='ocrx_word' id='word_1_530' title='bbox 2677 3769 2773 3809; x_wconf 90' lang='lat' dir='ltr'><strong><em>ore</em></strong></span> <span class='ocrx_word' id='word_1_531' title='bbox 2803 3752 3074 3824; x_wconf 85' lang='lat' dir='ltr'><strong><em>patefacto</em></strong></span> <span class='ocrx_word' id='word_1_532' title='bbox 3098 3753 3348 3824; x_wconf 88' lang='lat' dir='ltr'><strong><em>promisit</em></strong></span> <span class='ocrx_word' id='word_1_533' title='bbox 3367 3753 3673 3812; x_wconf 84' lang='lat' dir='ltr'><strong><em>absorbere</em></strong></span> <span class='ocrx_word' id='word_1_534' title='bbox 3711 3776 3728 3812; x_wconf 91' lang='lat'><strong>:</strong></span> 
     </span>
    </p>
   </div>
   <div class='ocr_carea' id='block_1_85' title="bbox 2122 3845 3733 3916">
    <p class='ocr_par' dir='ltr' id='par_1_85' title="bbox 2122 3845 3733 3916">
     <span class='ocr_line' id='line_1_85' title="bbox 2122 3845 3733 3916; baseline 0 -13"><span class='ocrx_word' id='word_1_535' title='bbox 2122 3849 2268 3904; x_wconf 88' lang='lat' dir='ltr'><strong><em>illam</em></strong></span> <span class='ocrx_word' id='word_1_536' title='bbox 2299 3845 2558 3902; x_wconf 89' lang='lat' dir='ltr'><strong><em>famosam</em></strong></span> <span class='ocrx_word' id='word_1_537' title='bbox 2589 3845 2768 3901; x_wconf 59' lang='lat' dir='ltr'><strong><em>surculi</em></strong></span> <span class='ocrx_word' id='word_1_538' title='bbox 2811 3846 3146 3912; x_wconf 83' lang='lat' dir='ltr'><strong><em>vastitatem,</em></strong></span> <span class='ocrx_word' id='word_1_539' title='bbox 3175 3861 3338 3916; x_wconf 88' lang='lat' dir='ltr'><strong><em>quam</em></strong></span> <span class='ocrx_word' id='word_1_540' title='bbox 3374 3847 3477 3903; x_wconf 91' lang='lat' dir='ltr'><strong><em>sub</em></strong></span> <span class='ocrx_word' id='word_1_541' title='bbox 3504 3847 3733 3904; x_wconf 87' lang='lat' dir='ltr'><strong><em>diutur-</em></strong></span> 
     </span>
    </p>
   </div>
   <div class='ocr_carea' id='block_1_86' title="bbox 2124 3939 3734 4012">
    <p class='ocr_par' dir='ltr' id='par_1_86' title="bbox 2124 3939 3734 4012">
     <span class='ocr_line' id='line_1_86' title="bbox 2124 3939 3734 4012; baseline 0.003 -17"><span class='ocrx_word' id='word_1_542' title='bbox 2124 3942 2292 3996; x_wconf 87' lang='lat' dir='ltr'><strong><em>nitate</em></strong></span> <span class='ocrx_word' id='word_1_543' title='bbox 2331 3939 2565 3995; x_wconf 72' lang='lat' dir='ltr'><strong><em>licentia:</em></strong></span> <span class='ocrx_word' id='word_1_544' title='bbox 2611 3939 2882 4009; x_wconf 91' lang='lat' dir='ltr'><strong><em>quondam</em></strong></span> <span class='ocrx_word' id='word_1_545' title='bbox 2920 3955 3070 3994; x_wconf 89' lang='lat' dir='ltr'><strong><em>mare</em></strong></span> <span class='ocrx_word' id='word_1_546' title='bbox 3109 3939 3418 4010; x_wconf 89' lang='lat' dir='ltr'><strong><em>paludcstre</em></strong></span> <span class='ocrx_word' id='word_1_547' title='bbox 3466 3942 3734 4012; x_wconf 81' lang='lat' dir='ltr'><strong><em>possedit</em></strong></span> 
     </span>
    </p>
   </div>
   <div class='ocr_carea' id='block_1_87' title="bbox 2125 4029 3834 4105">
    <p class='ocr_par' dir='ltr' id='par_1_87' title="bbox 2125 4029 3834 4105">
     <span class='ocr_line' id='line_1_87' title="bbox 2125 4029 3834 4105; baseline 0.004 -19"><span class='ocrx_word' id='word_1_548' title='bbox 2125 4032 2247 4105; x_wconf 65' lang='lat' dir='ltr'><strong><em>ints.</em></strong></span> <span class='ocrx_word' id='word_1_549' title='bbox 2290 4029 2440 4086; x_wconf 80' lang='lat' dir='ltr'><strong><em>Rem.</em></strong></span> <span class='ocrx_word' id='word_1_550' title='bbox 2459 4041 2510 4086; x_wconf 84' lang='lat' dir='ltr'><strong><em>et</em></strong></span> <span class='ocrx_word' id='word_1_551' title='bbox 2547 4032 2630 4085; x_wconf 87' lang='lat' dir='ltr'><strong><em>ed.</em></strong></span> <span class='ocrx_word' id='word_1_552' title='bbox 2679 4030 2800 4097; x_wconf 70' lang='grc' dir='ltr'><strong><em>Λα..</em></strong></span> <span class='ocrx_word' id='word_1_553' title='bbox 2825 4030 3118 4104; x_wconf 85' lang='lat' dir='ltr'><strong><em>consedit],</em></strong></span> <span class='ocrx_word' id='word_1_554' title='bbox 3151 4033 3420 4102; x_wconf 88' lang='lat' dir='ltr'><strong><em>cultisque</em></strong></span> <span class='ocrx_word' id='word_1_555' title='bbox 3445 4033 3585 4090; x_wconf 86' lang='lat' dir='ltr'><strong><em>locis</em></strong></span> <span class='ocrx_word' id='word_1_556' title='bbox 3613 4036 3734 4092; x_wconf 80' lang='lat' dir='ltr'><strong><em>ini—</em></strong></span> <span class='ocrx_word' id='word_1_557' title='bbox 3827 4067 3834 4072; x_wconf 95' lang='lat'><em>-</em></span> 
     </span>
    </p>
   </div>
   <div class='ocr_carea' id='block_1_88' title="bbox 2123 4120 3733 4192">
    <p class='ocr_par' dir='ltr' id='par_1_88' title="bbox 2123 4120 3733 4192">
     <span class='ocr_line' id='line_1_88' title="bbox 2123 4120 3733 4192; baseline 0.003 -16"><span class='ocrx_word' id='word_1_558' title='bbox 2123 4121 2319 4176; x_wconf 87' lang='lat' dir='ltr'><strong><em>micum</em></strong></span> <span class='ocrx_word' id='word_1_559' title='bbox 2348 4120 2740 4190; x_wconf 87' lang='lat' dir='ltr'><strong><em>superfundens</em></strong></span> <span class='ocrx_word' id='word_1_560' title='bbox 2771 4121 2910 4176; x_wconf 89' lang='lat' dir='ltr'><strong><em>unda</em></strong></span> <span class='ocrx_word' id='word_1_561' title='bbox 2958 4121 3065 4192; x_wconf 78' lang='lat'><strong><em>35</em></strong></span> <span class='ocrx_word' id='word_1_562' title='bbox 3095 4121 3388 4190; x_wconf 87' lang='lat' dir='ltr'><strong><em>diluvium,</em></strong></span> <span class='ocrx_word' id='word_1_563' title='bbox 3437 4131 3733 4181; x_wconf 86' lang='lat' dir='ltr'><strong><em>terrenam</em></strong></span> 
     </span>
    </p>
   </div>
   <div class='ocr_carea' id='block_1_89' title="bbox 2120 4209 3734 4280">
    <p class='ocr_par' dir='ltr' id='par_1_89' title="bbox 2120 4209 3734 4280">
     <span class='ocr_line' id='line_1_89' title="bbox 2120 4209 3734 4280; baseline 0.004 -15"><span class='ocrx_word' id='word_1_564' title='bbox 2120 4211 2350 4280; x_wconf 80' lang='lat' dir='ltr'><strong><em>gratiam</em></strong></span> <span class='ocrx_word' id='word_1_565' title='bbox 2379 4209 2608 4266; x_wconf 89' lang='lat' dir='ltr'><strong><em>silvestri</em></strong></span> <span class='ocrx_word' id='word_1_566' title='bbox 2627 4210 2831 4280; x_wconf 88' lang='lat' dir='ltr'><strong><em>pariter</em></strong></span> <span class='ocrx_word' id='word_1_567' title='bbox 2853 4210 3081 4266; x_wconf 86' lang='lat' dir='ltr'><strong><em>horrore</em></strong></span> <span class='ocrx_word' id='word_1_568' title='bbox 3122 4211 3397 4268; x_wconf 88' lang='lat' dir='ltr'><strong><em>confudit:</em></strong></span> <span class='ocrx_word' id='word_1_569' title='bbox 3417 4213 3555 4269; x_wconf 87' lang='lat' dir='ltr'><strong><em>nihil</em></strong></span> <span class='ocrx_word' id='word_1_570' title='bbox 3588 4216 3734 4272; x_wconf 88' lang='lat' dir='ltr'><strong><em>uti&#39;e</em></strong></span> 
     </span>
    </p>
   </div>
   <div class='ocr_carea' id='block_1_90' title="bbox 2119 4301 3732 4374">
    <p class='ocr_par' dir='ltr' id='par_1_90' title="bbox 2119 4301 3732 4374">
     <span class='ocr_line' id='line_1_90' title="bbox 2119 4301 3732 4374; baseline 0.002 -16"><span class='ocrx_word' id='word_1_571' title='bbox 2119 4303 2398 4368; x_wconf 88' lang='lat' dir='ltr'><strong><em>nutriens,</em></strong></span> <span class='ocrx_word' id='word_1_572' title='bbox 2429 4302 2530 4358; x_wconf 90' lang='lat' dir='ltr'><strong><em>sub</em></strong></span> <span class='ocrx_word' id='word_1_573' title='bbox 2561 4301 2773 4371; x_wconf 89' lang='lat' dir='ltr'><strong><em>liquore</em></strong></span> <span class='ocrx_word' id='word_1_574' title='bbox 2807 4302 3096 4372; x_wconf 89' lang='lat' dir='ltr'><strong><em>spoliatum</em></strong></span> <span class='ocrx_word' id='word_1_575' title='bbox 3121 4301 3382 4358; x_wconf 88' lang='lat' dir='ltr'><strong><em>fructibus</em></strong></span> <span class='ocrx_word' id='word_1_576' title='bbox 3403 4311 3488 4361; x_wconf 89' lang='lat' dir='ltr'><strong><em>est</em></strong></span> <span class='ocrx_word' id='word_1_577' title='bbox 3515 4305 3732 4374; x_wconf 90' lang='lat' dir='ltr'><strong><em>solum,</em></strong></span> 
     </span>
    </p>
   </div>
   <div class='ocr_carea' id='block_1_91' title="bbox 2123 4394 3735 4466">
    <p class='ocr_par' dir='ltr' id='par_1_91' title="bbox 2123 4394 3735 4466">
     <span class='ocr_line' id='line_1_91' title="bbox 2123 4394 3735 4466; baseline 0.001 -15"><span class='ocrx_word' id='word_1_578' title='bbox 2123 4405 2410 4466; x_wconf 89' lang='lat' dir='ltr'><strong><em>postquam</em></strong></span> <span class='ocrx_word' id='word_1_579' title='bbox 2457 4395 2748 4450; x_wconf 78' lang='lat' dir='ltr'><strong><em>obnoxium</em></strong></span> <span class='ocrx_word' id='word_1_580' title='bbox 2794 4395 2962 4464; x_wconf 73' lang='lat' dir='ltr'><strong><em>cmpit</em></strong></span> <span class='ocrx_word' id='word_1_581' title='bbox 3001 4409 3120 4449; x_wconf 85' lang='lat' dir='ltr'><strong><em>esse</em></strong></span> <span class='ocrx_word' id='word_1_582' title='bbox 3147 4394 3452 4464; x_wconf 84' lang='lat' dir='ltr'><strong><em>paludibus.</em></strong></span> <span class='ocrx_word' id='word_1_583' title='bbox 3498 4394 3569 4450; x_wconf 84' lang='lat' dir='ltr'><strong><em>Et</em></strong></span> <span class='ocrx_word' id='word_1_584' title='bbox 3597 4397 3735 4453; x_wconf 90' lang='lat' dir='ltr'><strong><em>ideo</em></strong></span> 
     </span>
    </p>
   </div>
   <div class='ocr_carea' id='block_1_92' title="bbox 2119 4482 3737 4556">
    <p class='ocr_par' dir='ltr' id='par_1_92' title="bbox 2119 4482 3737 4556">
     <span class='ocr_line' id='line_1_92' title="bbox 2119 4482 3737 4556; baseline 0 -14"><span class='ocrx_word' id='word_1_585' title='bbox 2119 4487 2378 4542; x_wconf 88' lang='lat' dir='ltr'><strong><em>miramur</em></strong></span> <span class='ocrx_word' id='word_1_586' title='bbox 2406 4486 2594 4556; x_wconf 81' lang='lat' dir='ltr'><strong><em>pristh</em></strong></span> <span class='ocrx_word' id='word_1_587' title='bbox 2627 4482 2966 4540; x_wconf 66' lang='lat' dir='ltr'><strong><em>conﬁdentiae</em></strong></span> <span class='ocrx_word' id='word_1_588' title='bbox 2995 4486 3205 4552; x_wconf 91' lang='lat' dir='ltr'><strong><em>virum,</em></strong></span> <span class='ocrx_word' id='word_1_589' title='bbox 3239 4493 3295 4539; x_wconf 92' lang='lat' dir='ltr'><strong><em>ut</em></strong></span> <span class='ocrx_word' id='word_1_590' title='bbox 3322 4485 3470 4554; x_wconf 90' lang='lat' dir='ltr'><strong><em>quod</em></strong></span> <span class='ocrx_word' id='word_1_591' title='bbox 3492 4485 3588 4541; x_wconf 91' lang='lat' dir='ltr'><strong><em>diu</em></strong></span> <span class='ocrx_word' id='word_1_592' title='bbox 3612 4489 3737 4542; x_wconf 83' lang='lat' dir='ltr'><strong><em>vir-</em></strong></span> 
     </span>
    </p>
   </div>
   <div class='ocr_carea' id='block_1_93' title="bbox 434 4569 3738 4650">
    <p class='ocr_par' dir='ltr' id='par_1_93' title="bbox 434 4569 3738 4650">
     <span class='ocr_line' id='line_1_93' title="bbox 434 4569 3738 4650; baseline 0.001 -19"><span class='ocrx_word' id='word_1_593' title='bbox 434 4576 564 4631; x_wconf 89' lang='lat' dir='ltr'><strong><em>dum</em></strong></span> <span class='ocrx_word' id='word_1_594' title='bbox 592 4572 900 4644; x_wconf 88' lang='lat' dir='ltr'><strong><em>supplicant</em></strong></span> <span class='ocrx_word' id='word_1_595' title='bbox 929 4569 1377 4628; x_wconf 82' lang='lat' dir='ltr'><strong><em>transferendum.</em></strong></span> <span class='ocrx_word' id='word_1_596' title='bbox 1406 4571 1532 4627; x_wconf 89' lang='lat' dir='ltr'><strong><em>Ideo</em></strong></span> <span class='ocrx_word' id='word_1_597' title='bbox 1556 4571 1778 4629; x_wconf 90' lang='lat' dir='ltr'><strong><em>illustris</em></strong></span> <span class='ocrx_word' id='word_1_598' title='bbox 1803 4582 1858 4628; x_wconf 92' lang='lat' dir='ltr'><strong><em>et</em></strong></span> <span class='ocrx_word' id='word_1_599' title='bbox 1882 4588 2020 4643; x_wconf 77' lang='lat' dir='ltr'><strong><em>prte-</em></strong></span> <span class='ocrx_word' id='word_1_600' title='bbox 2043 4577 2095 4638; x_wconf 91' lang='lat' dir='ltr'><strong>D</strong></span> <span class='ocrx_word' id='word_1_601' title='bbox 2123 4589 2208 4636; x_wconf 91' lang='lat' dir='ltr'><strong><em>tus</em></strong></span> <span class='ocrx_word' id='word_1_602' title='bbox 2237 4578 2451 4650; x_wconf 89' lang='lat' dir='ltr'><strong><em>publica</em></strong></span> <span class='ocrx_word' id='word_1_603' title='bbox 2479 4577 2718 4645; x_wconf 78' lang='lat' dir='ltr'><strong><em>refugit,</em></strong></span> <span class='ocrx_word' id='word_1_604' title='bbox 2750 4591 2940 4630; x_wconf 89' lang='lat' dir='ltr'><strong><em>manus</em></strong></span> <span class='ocrx_word' id='word_1_605' title='bbox 2967 4576 3177 4647; x_wconf 87' lang='lat' dir='ltr'><strong><em>privata</em></strong></span> <span class='ocrx_word' id='word_1_606' title='bbox 3208 4577 3530 4646; x_wconf 88' lang='lat' dir='ltr'><strong><em>susceperit.</em></strong></span> <span class='ocrx_word' id='word_1_607' title='bbox 3563 4577 3738 4636; x_wconf 85' lang='lat' dir='ltr'><strong><em>Hunc</em></strong></span> 
     </span>
    </p>
   </div>
   <div class='ocr_carea' id='block_1_94' title="bbox 431 4663 2017 4734">
    <p class='ocr_par' dir='ltr' id='par_1_94' title="bbox 431 4663 2017 4734">
     <span class='ocr_line' id='line_1_94' title="bbox 431 4663 2017 4734; baseline 0 -12"><span class='ocrx_word' id='word_1_608' title='bbox 431 4665 579 4722; x_wconf 86' lang='lat' dir='ltr'><strong><em>celsa</em></strong></span> <span class='ocrx_word' id='word_1_609' title='bbox 606 4663 1002 4733; x_wconf 84' lang='lat' dir='ltr'><strong><em>magnificentia</em></strong></span> <span class='ocrx_word' id='word_1_610' title='bbox 1030 4671 1119 4717; x_wconf 91' lang='lat' dir='ltr'><strong><em>tua</em></strong></span> <span class='ocrx_word' id='word_1_611' title='bbox 1143 4663 1310 4734; x_wconf 90' lang='lat' dir='ltr'><strong><em>(salva</em></strong></span> <span class='ocrx_word' id='word_1_612' title='bbox 1334 4663 1389 4718; x_wconf 90' lang='lat' dir='ltr'><strong><em>in</em></strong></span> <span class='ocrx_word' id='word_1_613' title='bbox 1415 4663 1534 4718; x_wconf 90' lang='lat' dir='ltr'><strong><em>aliis</em></strong></span> <span class='ocrx_word' id='word_1_614' title='bbox 1561 4664 2017 4733; x_wconf 78' lang='lat' dir='ltr'><strong><em>negotiationibus</em></strong></span> 
     </span>
    </p>
   </div>
   <div class='ocr_carea' id='block_1_95' title="bbox 433 4755 2015 4831">
    <p class='ocr_par' dir='ltr' id='par_1_95' title="bbox 433 4755 2015 4831">
     <span class='ocr_line' id='line_1_95' title="bbox 433 4755 2015 4831; baseline -0.001 -17"><span class='ocrx_word' id='word_1_615' title='bbox 433 4755 821 4814; x_wconf 86' lang='lat' dir='ltr'><strong><em>commoditate</em></strong></span> <span class='ocrx_word' id='word_1_616' title='bbox 842 4755 1054 4826; x_wconf 89' lang='lat' dir='ltr'><strong><em>publica</em></strong></span> <span class='ocrx_word' id='word_1_617' title='bbox 1072 4798 1086 4824; x_wconf 93' lang='lat'><strong><em>,</em></strong></span> <span class='ocrx_word' id='word_1_618' title='bbox 1111 4770 1232 4825; x_wconf 72' lang='lat' dir='ltr'><strong><em>quae</em></strong></span> <span class='ocrx_word' id='word_1_619' title='bbox 1253 4755 1321 4810; x_wconf 91' lang='lat' dir='ltr'><strong><em>ab</em></strong></span> <span class='ocrx_word' id='word_1_620' title='bbox 1349 4756 1600 4831; x_wconf 70' lang='lat' dir='ltr'><strong><em>universo</em></strong></span> <span class='ocrx_word' id='word_1_621' title='bbox 1631 4771 1862 4827; x_wconf 88' lang='lat' dir='ltr'><strong><em>corpore</em></strong></span> <span class='ocrx_word' id='word_1_622' title='bbox 1881 4772 2015 4813; x_wconf 88' lang='lat' dir='ltr'><strong><em>con-</em></strong></span> 
     </span>
    </p>
   </div>
   <div class='ocr_carea' id='block_1_96' title="bbox 435 4843 2014 4918">
    <p class='ocr_par' dir='ltr' id='par_1_96' title="bbox 435 4843 2014 4918">
     <span class='ocr_line' id='line_1_96' title="bbox 435 4843 2014 4918; baseline 0 -15"><span class='ocrx_word' id='word_1_623' title='bbox 435 4846 614 4903; x_wconf 90' lang='lat' dir='ltr'><strong><em>suevit</em></strong></span> <span class='ocrx_word' id='word_1_624' title='bbox 636 4843 844 4918; x_wconf 87' lang='lat' dir='ltr'><strong><em>inferri)</em></strong></span> <span class='ocrx_word' id='word_1_625' title='bbox 868 4861 1032 4900; x_wconf 87' lang='lat' dir='ltr'><strong><em>unum</em></strong></span> <span class='ocrx_word' id='word_1_626' title='bbox 1054 4847 1152 4914; x_wconf 90' lang='lat' dir='ltr'><strong><em>eis,</em></strong></span> <span class='ocrx_word' id='word_1_627' title='bbox 1170 4861 1331 4917; x_wconf 89' lang='lat' dir='ltr'><strong><em>quem</em></strong></span> <span class='ocrx_word' id='word_1_628' title='bbox 1345 4847 1446 4900; x_wconf 90' lang='lat' dir='ltr'><strong><em>sibi</em></strong></span> <span class='ocrx_word' id='word_1_629' title='bbox 1461 4847 1559 4901; x_wconf 91' lang='lat' dir='ltr'><strong><em>visi</em></strong></span> <span class='ocrx_word' id='word_1_630' title='bbox 1573 4845 1772 4901; x_wconf 88' lang='lat' dir='ltr'><strong><em>fuerint</em></strong></span> <span class='ocrx_word' id='word_1_631' title='bbox 1790 4847 2014 4917; x_wconf 80' lang='lat' dir='ltr'><strong><em>eligere,</em></strong></span> 
     </span>
    </p>
   </div>
   <div class='ocr_carea' id='block_1_97' title="bbox 431 4939 2018 5012">
    <p class='ocr_par' dir='ltr' id='par_1_97' title="bbox 431 4939 2018 5012">
     <span class='ocr_line' id='line_1_97' title="bbox 431 4939 2018 5012; baseline -0.001 -15"><span class='ocrx_word' id='word_1_632' title='bbox 431 4941 742 5012; x_wconf 88' lang='lat' dir='ltr'><strong><em>deputabit;</em></strong></span> <span class='ocrx_word' id='word_1_633' title='bbox 773 4940 868 5010; x_wconf 82' lang='lat' dir='ltr'><strong><em>qui</em></strong></span> <span class='ocrx_word' id='word_1_634' title='bbox 904 4941 978 4996; x_wconf 88' lang='lat' dir='ltr'><strong><em>ita</em></strong></span> <span class='ocrx_word' id='word_1_635' title='bbox 1024 4940 1407 4996; x_wconf 89' lang='lat' dir='ltr'><strong><em>commercium</em></strong></span> <span class='ocrx_word' id='word_1_636' title='bbox 1456 4939 1837 5008; x_wconf 84' lang='lat' dir='ltr'><strong><em>negotiationis</em></strong></span> <span class='ocrx_word' id='word_1_637' title='bbox 1862 4955 2018 4995; x_wconf 78' lang='lat' dir='ltr'><strong><em>exer-</em></strong></span> 
     </span>
    </p>
   </div>
   <div class='ocr_carea' id='block_1_98' title="bbox 433 5029 2019 5104">
    <p class='ocr_par' dir='ltr' id='par_1_98' title="bbox 433 5029 2019 5104">
     <span class='ocr_line' id='line_1_98' title="bbox 433 5029 2019 5104; baseline -0.008 -13"><span class='ocrx_word' id='word_1_638' title='bbox 433 5041 562 5091; x_wconf 87' lang='lat' dir='ltr'><strong><em>ceat</em></strong></span> <span class='ocrx_word' id='word_1_639' title='bbox 581 5074 598 5102; x_wconf 93' lang='lat'><strong><em>,</em></strong></span> <span class='ocrx_word' id='word_1_640' title='bbox 629 5042 896 5104; x_wconf 89' lang='lat' dir='ltr'><strong><em>quatenus</em></strong></span> <span class='ocrx_word' id='word_1_641' title='bbox 923 5047 1024 5088; x_wconf 82' lang='lat' dir='ltr'><strong><em>nec</em></strong></span> <span class='ocrx_word' id='word_1_642' title='bbox 1051 5031 1348 5102; x_wconf 88' lang='lat' dir='ltr'><strong><em>monopolii</em></strong></span> <span class='ocrx_word' id='word_1_643' title='bbox 1376 5045 1478 5086; x_wconf 90' lang='lat' dir='ltr'><strong><em>nec</em></strong></span> <span class='ocrx_word' id='word_1_644' title='bbox 1503 5030 1792 5100; x_wconf 86' lang='lat' dir='ltr'><strong><em>siliquatici</em></strong></span> <span class='ocrx_word' id='word_1_645' title='bbox 1819 5029 1866 5097; x_wconf 74' lang='grc' dir='ltr'><strong><em>δ,</em></strong></span> <span class='ocrx_word' id='word_1_646' title='bbox 1918 5046 2019 5088; x_wconf 80' lang='lat' dir='ltr'><strong><em>nec</em></strong></span> 
     </span>
    </p>
   </div>
   <div class='ocr_carea' id='block_1_99' title="bbox 437 5119 2025 5194">
    <p class='ocr_par' dir='ltr' id='par_1_99' title="bbox 437 5119 2025 5194">
     <span class='ocr_line' id='line_1_99' title="bbox 437 5119 2025 5194; baseline -0.003 -14"><span class='ocrx_word' id='word_1_647' title='bbox 437 5123 666 5180; x_wconf 71' lang='lat' dir='ltr'><strong><em>aurarite</em></strong></span> <span class='ocrx_word' id='word_1_648' title='bbox 679 5121 881 5193; x_wconf 89' lang='lat' dir='ltr'><strong><em>aliquid</em></strong></span> <span class='ocrx_word' id='word_1_649' title='bbox 900 5121 1178 5194; x_wconf 88' lang='lat' dir='ltr'><strong><em>pensionis</em></strong></span> <span class='ocrx_word' id='word_1_650' title='bbox 1195 5120 1489 5191; x_wconf 88' lang='lat' dir='ltr'><strong><em>impendat,</em></strong></span> <span class='ocrx_word' id='word_1_651' title='bbox 1517 5120 1602 5176; x_wconf 87' lang='lat' dir='ltr'><strong><em>vel</em></strong></span> <span class='ocrx_word' id='word_1_652' title='bbox 1617 5119 1898 5190; x_wconf 90' lang='lat' dir='ltr'><strong><em>quodlibet</em></strong></span> <span class='ocrx_word' id='word_1_653' title='bbox 1911 5135 2025 5190; x_wconf 85' lang='lat' dir='ltr'><strong><em>gra-</em></strong></span> 
     </span>
    </p>
   </div>
   <div class='ocr_carea' id='block_1_100' title="bbox 434 5211 2020 5287">
    <p class='ocr_par' dir='ltr' id='par_1_100' title="bbox 434 5211 2020 5287">
     <span class='ocr_line' id='line_1_100' title="bbox 434 5211 2020 5287; baseline -0.004 -15"><span class='ocrx_word' id='word_1_654' title='bbox 434 5232 631 5273; x_wconf 78' lang='lat' dir='ltr'><strong><em>vamen</em></strong></span> <span class='ocrx_word' id='word_1_655' title='bbox 657 5232 725 5272; x_wconf 83' lang='lat' dir='ltr'><strong><em>ex</em></strong></span> <span class='ocrx_word' id='word_1_656' title='bbox 753 5216 1015 5287; x_wconf 89' lang='lat' dir='ltr'><strong><em>permissa</em></strong></span> <span class='ocrx_word' id='word_1_657' title='bbox 1038 5213 1427 5268; x_wconf 88' lang='lat' dir='ltr'><strong><em>nundinatione</em></strong></span> <span class='ocrx_word' id='word_1_658' title='bbox 1445 5213 1726 5268; x_wconf 88' lang='lat' dir='ltr'><strong><em>sustineat.</em></strong></span> <span class='ocrx_word' id='word_1_659' title='bbox 1745 5211 1856 5267; x_wconf 87' lang='lat' dir='ltr'><strong><em>Cur</em></strong></span> <span class='ocrx_word' id='word_1_660' title='bbox 1876 5213 2020 5268; x_wconf 90' lang='lat' dir='ltr'><strong><em>enim</em></strong></span> 
     </span>
    </p>
   </div>
   <div class='ocr_carea' id='block_1_101' title="bbox 433 5303 2022 5376">
    <p class='ocr_par' dir='ltr' id='par_1_101' title="bbox 433 5303 2022 5376">
     <span class='ocr_line' id='line_1_101' title="bbox 433 5303 2022 5376; baseline -0.004 -10"><span class='ocrx_word' id='word_1_661' title='bbox 433 5309 571 5366; x_wconf 86' lang='lat' dir='ltr'><strong><em>illud</em></strong></span> <span class='ocrx_word' id='word_1_662' title='bbox 593 5307 866 5364; x_wconf 88' lang='lat' dir='ltr'><strong><em>tardemus</em></strong></span> <span class='ocrx_word' id='word_1_663' title='bbox 895 5320 1153 5370; x_wconf 88' lang='lat' dir='ltr'><strong><em>annuere,</em></strong></span> <span class='ocrx_word' id='word_1_664' title='bbox 1178 5304 1320 5359; x_wconf 91' lang='lat' dir='ltr'><strong><em>unde</em></strong></span> <span class='ocrx_word' id='word_1_665' title='bbox 1347 5304 1490 5360; x_wconf 90' lang='lat' dir='ltr'><strong><em>nulla</em></strong></span> <span class='ocrx_word' id='word_1_666' title='bbox 1513 5317 1800 5376; x_wconf 83' lang='lat' dir='ltr'><strong><em>possumus</em></strong></span> <span class='ocrx_word' id='word_1_667' title='bbox 1825 5303 2022 5360; x_wconf 85' lang='lat' dir='ltr'><strong><em>damna</em></strong></span> 
     </span>
    </p>
   </div>
   <div class='ocr_carea' id='block_1_102' title="bbox 435 5401 676 5460">
    <p class='ocr_par' dir='ltr' id='par_1_102' title="bbox 435 5401 676 5460">
     <span class='ocr_line' id='line_1_102' title="bbox 435 5401 676 5460; baseline -0.008 0"><span class='ocrx_word' id='word_1_668' title='bbox 435 5401 638 5460; x_wconf 82' lang='lat' dir='ltr'><strong><em>sentire</em></strong></span> <span class='ocrx_word' id='word_1_669' title='bbox 651 5403 676 5457; x_wconf 80' lang='lat' dir='ltr'><strong><em>‘l</em></strong></span> 
     </span>
    </p>
   </div>
   <div class='ocr_carea' id='block_1_103' title="bbox 507 5557 2072 5634">
    <p class='ocr_par' dir='ltr' id='par_1_103' title="bbox 507 5557 2072 5634">
     <span class='ocr_line' id='line_1_103' title="bbox 507 5557 2072 5634; baseline -0.003 -16"><span class='ocrx_word' id='word_1_670' title='bbox 507 5574 534 5601; x_wconf 79' lang='grc' dir='ltr'>ι</span> <span class='ocrx_word' id='word_1_671' title='bbox 557 5562 702 5634; x_wconf 70' lang='lat' dir='ltr'><strong><em>(litat</em></strong></span> <span class='ocrx_word' id='word_1_672' title='bbox 721 5563 868 5634; x_wconf 68' lang='lat' dir='ltr'><strong><em>hanc</em></strong></span> <span class='ocrx_word' id='word_1_673' title='bbox 889 5561 1172 5634; x_wconf 84' lang='lat' dir='ltr'><strong><em>epistolam</em></strong></span> <span class='ocrx_word' id='word_1_674' title='bbox 1195 5559 1458 5616; x_wconf 83' lang='lat' dir='ltr'><strong><em>Baronius</em></strong></span> <span class='ocrx_word' id='word_1_675' title='bbox 1476 5559 1681 5615; x_wconf 66' lang='lat' dir='ltr'><strong><em>tum.“</em></strong></span> <span class='ocrx_word' id='word_1_676' title='bbox 1710 5557 1927 5624; x_wconf 66' lang='lat' dir='ltr'><strong><em>Annal,</em></strong></span> <span class='ocrx_word' id='word_1_677' title='bbox 1945 5557 2014 5614; x_wconf 87' lang='lat' dir='ltr'><strong><em>ad</em></strong></span> <span class='ocrx_word' id='word_1_678' title='bbox 2064 5571 2072 5589; x_wconf 70' lang='grc' dir='ltr'><em>ν</em></span> 
     </span>
    </p>
   </div>
   <div class='ocr_carea' id='block_1_104' title="bbox 440 5629 2012 5767">
    <p class='ocr_par' dir='ltr' id='par_1_104' title="bbox 440 5629 2012 5767">
     <span class='ocr_line' id='line_1_104' title="bbox 440 5629 2012 5767; baseline -0.003 -12"><span class='ocrx_word' id='word_1_679' title='bbox 440 5651 536 5742; x_wconf 39' lang='lat' dir='ltr'><strong><em>ani</em></strong></span> <span class='ocrx_word' id='word_1_680' title='bbox 980 5710 1035 5756; x_wconf 90' lang='lat' dir='ltr'><strong><em>et</em></strong></span> <span class='ocrx_word' id='word_1_681' title='bbox 1078 5707 1446 5766; x_wconf 75' lang='lat' dir='ltr'><strong><em>monopolium</em></strong></span> <span class='ocrx_word' id='word_1_682' title='bbox 1495 5708 1613 5753; x_wconf 87' lang='lat' dir='ltr'><strong><em>erat</em></strong></span> <span class='ocrx_word' id='word_1_683' title='bbox 1651 5705 2012 5753; x_wconf 85' lang='lat' dir='ltr'><strong><em>mercatorum</em></strong></span> 
     </span>
    </p>
   </div>
   <div class='ocr_carea' id='block_1_105' title="bbox 437 5767 2013 5838">
    <p class='ocr_par' dir='ltr' id='par_1_105' title="bbox 437 5767 2013 5838">
     <span class='ocr_line' id='line_1_105' title="bbox 437 5767 2013 5838; baseline -0.003 -16"><span class='ocrx_word' id='word_1_684' title='bbox 437 5787 622 5823; x_wconf 84' lang='lat' dir='ltr'><strong><em>onera.</em></strong></span> <span class='ocrx_word' id='word_1_685' title='bbox 647 5771 1019 5838; x_wconf 82' lang='lat' dir='ltr'><strong><em>Siliquaticum</em></strong></span> <span class='ocrx_word' id='word_1_686' title='bbox 1041 5769 1093 5822; x_wconf 89' lang='lat' dir='ltr'><strong><em>in</em></strong></span> <span class='ocrx_word' id='word_1_687' title='bbox 1125 5769 1374 5822; x_wconf 81' lang='lat' dir='ltr'><strong><em>nundinis</em></strong></span> <span class='ocrx_word' id='word_1_688' title='bbox 1395 5771 1629 5834; x_wconf 71' lang='lat' dir='ltr'><strong><em>exigitur</em></strong></span> <span class='ocrx_word' id='word_1_689' title='bbox 1651 5769 1720 5822; x_wconf 90' lang='lat' dir='ltr'><strong><em>ob</em></strong></span> <span class='ocrx_word' id='word_1_690' title='bbox 1749 5767 2013 5838; x_wconf 49' lang='lat' dir='ltr'><strong><em>venditiof</em></strong></span> 
     </span>
    </p>
   </div>
   <div class='ocr_carea' id='block_1_106' title="bbox 437 5836 2013 5910">
    <p class='ocr_par' dir='ltr' id='par_1_106' title="bbox 437 5836 2013 5910">
     <span class='ocr_line' id='line_1_106' title="bbox 437 5836 2013 5910; baseline -0.003 -15"><span class='ocrx_word' id='word_1_691' title='bbox 437 5853 561 5895; x_wconf 81' lang='lat' dir='ltr'><strong><em>netu</em></strong></span> <span class='ocrx_word' id='word_1_692' title='bbox 603 5836 1037 5910; x_wconf 79' lang='lat' dir='ltr'><strong><em>propouendam,</em></strong></span> <span class='ocrx_word' id='word_1_693' title='bbox 1070 5839 1438 5907; x_wconf 78' lang='lat' dir='ltr'><strong><em>monopolium</em></strong></span> <span class='ocrx_word' id='word_1_694' title='bbox 1470 5841 1536 5894; x_wconf 83' lang='lat' dir='ltr'><strong><em>ab</em></strong></span> <span class='ocrx_word' id='word_1_695' title='bbox 1568 5854 1633 5893; x_wconf 91' lang='lat' dir='ltr'><strong><em>co</em></strong></span> <span class='ocrx_word' id='word_1_696' title='bbox 1664 5838 1893 5906; x_wconf 76' lang='lat' dir='ltr'><strong><em>exigitur</em></strong></span> <span class='ocrx_word' id='word_1_697' title='bbox 1921 5836 2013 5905; x_wconf 87' lang='lat' dir='ltr'><strong><em>qui</em></strong></span> 
     </span>
    </p>
   </div>
   <div class='ocr_carea' id='block_1_107' title="bbox 2122 4666 3734 4737">
    <p class='ocr_par' dir='ltr' id='par_1_107' title="bbox 2122 4666 3734 4737">
     <span class='ocr_line' id='line_1_107' title="bbox 2122 4666 3734 4737; baseline 0.001 -13"><span class='ocrx_word' id='word_1_698' title='bbox 2122 4682 2252 4737; x_wconf 86' lang='lat' dir='ltr'><strong><em>ergo</em></strong></span> <span class='ocrx_word' id='word_1_699' title='bbox 2303 4667 2562 4723; x_wconf 90' lang='lat' dir='ltr'><strong><em>audacem</em></strong></span> <span class='ocrx_word' id='word_1_700' title='bbox 2612 4666 2852 4722; x_wconf 87' lang='lat' dir='ltr'><strong><em>laborem</em></strong></span> <span class='ocrx_word' id='word_1_701' title='bbox 2912 4679 3292 4734; x_wconf 83' lang='lat' dir='ltr'><strong><em>aggressurum</em></strong></span> <span class='ocrx_word' id='word_1_702' title='bbox 3347 4681 3410 4722; x_wconf 89' lang='lat' dir='ltr'><strong><em>se</em></strong></span> <span class='ocrx_word' id='word_1_703' title='bbox 3458 4668 3734 4728; x_wconf 86' lang='lat' dir='ltr'><strong><em>laudabili</em></strong></span> 
     </span>
    </p>
   </div>
   <div class='ocr_carea' id='block_1_108' title="bbox 2121 4757 3741 4833">
    <p class='ocr_par' dir='ltr' id='par_1_108' title="bbox 2121 4757 3741 4833">
     <span class='ocr_line' id='line_1_108' title="bbox 2121 4757 3741 4833; baseline -0.001 -16"><span class='ocrx_word' id='word_1_704' title='bbox 2121 4761 2454 4833; x_wconf 88' lang='lat' dir='ltr'><strong><em>perfectione</em></strong></span> <span class='ocrx_word' id='word_1_705' title='bbox 2477 4759 2746 4830; x_wconf 88' lang='lat' dir='ltr'><strong><em>pollicitus</em></strong></span> <span class='ocrx_word' id='word_1_706' title='bbox 2773 4767 2884 4824; x_wconf 88' lang='lat' dir='ltr'><strong><em>est;</em></strong></span> <span class='ocrx_word' id='word_1_707' title='bbox 2916 4765 2975 4812; x_wconf 89' lang='lat' dir='ltr'><strong><em>ut</em></strong></span> <span class='ocrx_word' id='word_1_708' title='bbox 3003 4765 3265 4828; x_wconf 90' lang='lat' dir='ltr'><strong><em>pereunte</em></strong></span> <span class='ocrx_word' id='word_1_709' title='bbox 3296 4757 3566 4816; x_wconf 86' lang='lat' dir='ltr'><strong><em>damnoso</em></strong></span> <span class='ocrx_word' id='word_1_710' title='bbox 3599 4776 3741 4830; x_wconf 85' lang='lat' dir='ltr'><strong><em>gur-</em></strong></span> 
     </span>
    </p>
   </div>
   <div class='ocr_carea' id='block_1_109' title="bbox 2121 4849 3739 4925">
    <p class='ocr_par' dir='ltr' id='par_1_109' title="bbox 2121 4849 3739 4925">
     <span class='ocr_line' id='line_1_109' title="bbox 2121 4849 3739 4925; baseline 0.001 -17"><span class='ocrx_word' id='word_1_711' title='bbox 2121 4855 2253 4925; x_wconf 81' lang='lat' dir='ltr'><strong><em>gite,</em></strong></span> <span class='ocrx_word' id='word_1_712' title='bbox 2274 4867 2394 4924; x_wconf 61' lang='lat' dir='ltr'><strong><em>quae</em></strong></span> <span class='ocrx_word' id='word_1_713' title='bbox 2423 4851 2637 4906; x_wconf 89' lang='lat' dir='ltr'><strong><em>fuerant</em></strong></span> <span class='ocrx_word' id='word_1_714' title='bbox 2655 4851 2872 4916; x_wconf 89' lang='lat' dir='ltr'><strong><em>amissa,</em></strong></span> <span class='ocrx_word' id='word_1_715' title='bbox 2898 4849 3124 4906; x_wconf 89' lang='lat' dir='ltr'><strong><em>ulterius</em></strong></span> <span class='ocrx_word' id='word_1_716' title='bbox 3146 4867 3253 4906; x_wconf 90' lang='lat' dir='ltr'><strong><em>non</em></strong></span> <span class='ocrx_word' id='word_1_717' title='bbox 3280 4849 3538 4921; x_wconf 79' lang='lat' dir='ltr'><strong><em>perirent.</em></strong></span> <span class='ocrx_word' id='word_1_718' title='bbox 3565 4851 3739 4912; x_wconf 82' lang='lat' dir='ltr'><strong><em>Unde</em></strong></span> 
     </span>
    </p>
   </div>
   <div class='ocr_carea' id='block_1_110' title="bbox 2122 4942 3736 5014">
    <p class='ocr_par' dir='ltr' id='par_1_110' title="bbox 2122 4942 3736 5014">
     <span class='ocr_line' id='line_1_110' title="bbox 2122 4942 3736 5014; baseline -0.001 -12"><span class='ocrx_word' id='word_1_719' title='bbox 2122 4953 2322 5002; x_wconf 69' lang='lat' dir='ltr'><strong><em>nostra:</em></strong></span> <span class='ocrx_word' id='word_1_720' title='bbox 2350 4959 2513 5014; x_wconf 89' lang='lat' dir='ltr'><strong><em>super</em></strong></span> <span class='ocrx_word' id='word_1_721' title='bbox 2532 4944 2637 4998; x_wconf 84' lang='lat' dir='ltr'><strong><em>hac</em></strong></span> <span class='ocrx_word' id='word_1_722' title='bbox 2657 4951 2808 5012; x_wconf 86' lang='lat' dir='ltr'><strong><em>parte</em></strong></span> <span class='ocrx_word' id='word_1_723' title='bbox 2826 4942 3136 4998; x_wconf 88' lang='lat' dir='ltr'><strong><em>serenitatis</em></strong></span> <span class='ocrx_word' id='word_1_724' title='bbox 3162 4943 3402 5012; x_wconf 88' lang='lat' dir='ltr'><strong><em>postulat</em></strong></span> <span class='ocrx_word' id='word_1_725' title='bbox 3416 4943 3736 5014; x_wconf 74' lang='lat' dir='ltr'><strong><em>jussiones,</em></strong></span> 
     </span>
    </p>
   </div>
   <div class='ocr_carea' id='block_1_111' title="bbox 2125 5033 3738 5108">
    <p class='ocr_par' dir='ltr' id='par_1_111' title="bbox 2125 5033 3738 5108">
     <span class='ocr_line' id='line_1_111' title="bbox 2125 5033 3738 5108; baseline -0.001 -15"><span class='ocrx_word' id='word_1_726' title='bbox 2125 5046 2187 5094; x_wconf 88' lang='lat' dir='ltr'><strong><em>ut</em></strong></span> <span class='ocrx_word' id='word_1_727' title='bbox 2213 5036 2535 5092; x_wconf 82' lang='lat' dir='ltr'><strong><em>auctoritate</em></strong></span> <span class='ocrx_word' id='word_1_728' title='bbox 2588 5033 2798 5104; x_wconf 88' lang='lat' dir='ltr'><strong><em>publica</em></strong></span> <span class='ocrx_word' id='word_1_729' title='bbox 2830 5033 3022 5088; x_wconf 89' lang='lat' dir='ltr'><strong><em>subeat</em></strong></span> <span class='ocrx_word' id='word_1_730' title='bbox 3061 5048 3198 5103; x_wconf 90' lang='lat' dir='ltr'><strong><em>opus</em></strong></span> <span class='ocrx_word' id='word_1_731' title='bbox 3238 5034 3496 5088; x_wconf 80' lang='lat' dir='ltr'><strong><em>eximium</em></strong></span> <span class='ocrx_word' id='word_1_732' title='bbox 3523 5077 3540 5102; x_wconf 95' lang='lat'><strong><em>,</em></strong></span> <span class='ocrx_word' id='word_1_733' title='bbox 3574 5043 3738 5108; x_wconf 68' lang='lat' dir='ltr'><strong><em>quod</em></strong></span> 
     </span>
    </p>
   </div>
   <div class='ocr_carea' id='block_1_112' title="bbox 2123 5125 3737 5196">
    <p class='ocr_par' dir='ltr' id='par_1_112' title="bbox 2123 5125 3737 5196">
     <span class='ocr_line' id='line_1_112' title="bbox 2123 5125 3737 5196; baseline 0.001 -12"><span class='ocrx_word' id='word_1_734' title='bbox 2123 5129 2230 5185; x_wconf 89' lang='lat' dir='ltr'><strong><em>erit</em></strong></span> <span class='ocrx_word' id='word_1_735' title='bbox 2275 5127 2482 5184; x_wconf 89' lang='lat' dir='ltr'><strong><em>cunctis</em></strong></span> <span class='ocrx_word' id='word_1_736' title='bbox 2529 5125 2798 5184; x_wconf 89' lang='lat' dir='ltr'><strong><em>viantibus</em></strong></span> <span class='ocrx_word' id='word_1_737' title='bbox 2821 5125 3182 5196; x_wconf 88' lang='lat' dir='ltr'><strong><em>profuturum.</em></strong></span> <span class='ocrx_word' id='word_1_738' title='bbox 3226 5125 3333 5180; x_wconf 89' lang='lat' dir='ltr'><strong><em>Sed</em></strong></span> <span class='ocrx_word' id='word_1_739' title='bbox 3366 5143 3498 5192; x_wconf 90' lang='lat' dir='ltr'><strong><em>nos,</em></strong></span> <span class='ocrx_word' id='word_1_740' title='bbox 3533 5127 3602 5184; x_wconf 84' lang='lat' dir='ltr'><strong><em>P.</em></strong></span> <span class='ocrx_word' id='word_1_741' title='bbox 3637 5130 3737 5194; x_wconf 87' lang='lat' dir='ltr'><strong><em>C.,</em></strong></span> 
     </span>
    </p>
   </div>
   <div class='ocr_carea' id='block_1_113' title="bbox 2123 5214 3737 5290">
    <p class='ocr_par' dir='ltr' id='par_1_113' title="bbox 2123 5214 3737 5290">
     <span class='ocr_line' id='line_1_113' title="bbox 2123 5214 3737 5290; baseline 0.001 -17"><span class='ocrx_word' id='word_1_742' title='bbox 2123 5217 2319 5290; x_wconf 85' lang='lat' dir='ltr'><strong><em>quibus</em></strong></span> <span class='ocrx_word' id='word_1_743' title='bbox 2355 5216 2504 5272; x_wconf 91' lang='lat' dir='ltr'><strong><em>cordi</em></strong></span> <span class='ocrx_word' id='word_1_744' title='bbox 2530 5223 2613 5271; x_wconf 91' lang='lat' dir='ltr'><strong><em>est</em></strong></span> <span class='ocrx_word' id='word_1_745' title='bbox 2637 5215 2836 5270; x_wconf 85' lang='lat' dir='ltr'><strong><em>bonum</em></strong></span> <span class='ocrx_word' id='word_1_746' title='bbox 2863 5214 3190 5270; x_wconf 88' lang='lat' dir='ltr'><strong><em>desiderium</em></strong></span> <span class='ocrx_word' id='word_1_747' title='bbox 3213 5215 3406 5284; x_wconf 86' lang='lat' dir='ltr'><strong><em>juvare</em></strong></span> <span class='ocrx_word' id='word_1_748' title='bbox 3432 5219 3737 5274; x_wconf 80' lang='lat' dir='ltr'><strong><em>auxiliari-</em></strong></span> 
     </span>
    </p>
   </div>
   <div class='ocr_carea' id='block_1_114' title="bbox 2123 5299 3740 5374">
    <p class='ocr_par' dir='ltr' id='par_1_114' title="bbox 2123 5299 3740 5374">
     <span class='ocr_line' id='line_1_114' title="bbox 2123 5299 3740 5374; baseline 0.001 -11"><span class='ocrx_word' id='word_1_749' title='bbox 2123 5308 2223 5363; x_wconf 91' lang='lat' dir='ltr'><strong><em>bus</em></strong></span> <span class='ocrx_word' id='word_1_750' title='bbox 2243 5306 2573 5369; x_wconf 83' lang='lat' dir='ltr'><strong><em>constitutis,</em></strong></span> <span class='ocrx_word' id='word_1_751' title='bbox 2595 5299 2946 5374; x_wconf 70' lang='lat' dir='ltr'><strong><em>prtc&#39;sentibus</em></strong></span> <span class='ocrx_word' id='word_1_752' title='bbox 2967 5303 3200 5358; x_wconf 87' lang='lat' dir='ltr'><strong><em>decretis</em></strong></span> <span class='ocrx_word' id='word_1_753' title='bbox 3223 5305 3536 5368; x_wconf 85' lang='lat' dir='ltr'><strong><em>annuimus,</em></strong></span> <span class='ocrx_word' id='word_1_754' title='bbox 3576 5317 3642 5362; x_wconf 85' lang='lat' dir='ltr'><strong><em>ut</em></strong></span> <span class='ocrx_word' id='word_1_755' title='bbox 3664 5311 3740 5364; x_wconf 79' lang='lat' dir='ltr'><strong><em>ad</em></strong></span> 
     </span>
    </p>
   </div>
   <div class='ocr_carea' id='block_1_115' title="bbox 2123 5394 3742 5469">
    <p class='ocr_par' dir='ltr' id='par_1_115' title="bbox 2123 5394 3742 5469">
     <span class='ocr_line' id='line_1_115' title="bbox 2123 5394 3742 5469; baseline -0.002 -15"><span class='ocrx_word' id='word_1_756' title='bbox 2123 5399 2241 5455; x_wconf 92' lang='lat' dir='ltr'><strong><em>loca</em></strong></span> <span class='ocrx_word' id='word_1_757' title='bbox 2267 5397 2380 5468; x_wconf 88' lang='lat' dir='ltr'><strong><em>ipsa</em></strong></span> <span class='ocrx_word' id='word_1_758' title='bbox 2431 5395 2760 5451; x_wconf 88' lang='lat' dir='ltr'><strong><em>Decennonii</em></strong></span> <span class='ocrx_word' id='word_1_759' title='bbox 2789 5394 2925 5450; x_wconf 91' lang='lat' dir='ltr'><strong><em>duos</em></strong></span> <span class='ocrx_word' id='word_1_760' title='bbox 2953 5409 3023 5450; x_wconf 80' lang='lat' dir='ltr'><strong><em>ex</em></strong></span> <span class='ocrx_word' id='word_1_761' title='bbox 3048 5402 3232 5451; x_wconf 90' lang='lat' dir='ltr'><strong><em>vestro</em></strong></span> <span class='ocrx_word' id='word_1_762' title='bbox 3259 5411 3494 5467; x_wconf 86' lang='lat' dir='ltr'><strong><em>corpore</em></strong></span> <span class='ocrx_word' id='word_1_763' title='bbox 3522 5397 3742 5469; x_wconf 63' lang='lat' dir='ltr'><strong><em>diriga-</em></strong></span> 
     </span>
    </p>
   </div>
   <div class='ocr_carea' id='block_1_116' title="bbox 2125 5555 3742 5628">
    <p class='ocr_par' dir='ltr' id='par_1_116' title="bbox 2125 5555 3742 5628">
     <span class='ocr_line' id='line_1_116' title="bbox 2125 5555 3742 5628; baseline 0.001 -15"><span class='ocrx_word' id='word_1_764' title='bbox 2125 5558 2493 5628; x_wconf 88' lang='lat' dir='ltr'><strong><em>monopolium</em></strong></span> <span class='ocrx_word' id='word_1_765' title='bbox 2539 5555 2799 5614; x_wconf 82' lang='lat' dir='ltr'><strong><em>beneflcio</em></strong></span> <span class='ocrx_word' id='word_1_766' title='bbox 2825 5557 3082 5628; x_wconf 89' lang='lat' dir='ltr'><strong><em>principis</em></strong></span> <span class='ocrx_word' id='word_1_767' title='bbox 3109 5567 3370 5622; x_wconf 81' lang='lat' dir='ltr'><strong><em>exercet,</em></strong></span> <span class='ocrx_word' id='word_1_768' title='bbox 3393 5573 3506 5627; x_wconf 89' lang='lat' dir='ltr'><strong><em>quo</em></strong></span> <span class='ocrx_word' id='word_1_769' title='bbox 3535 5566 3742 5614; x_wconf 79' lang='lat' dir='ltr'><strong><em>tamen</em></strong></span> 
     </span>
    </p>
   </div>
   <div class='ocr_carea' id='block_1_117' title="bbox 2123 5628 3553 5697">
    <p class='ocr_par' dir='ltr' id='par_1_117' title="bbox 2123 5628 3553 5697">
     <span class='ocr_line' id='line_1_117' title="bbox 2123 5628 3553 5697; baseline 0.001 -16"><span class='ocrx_word' id='word_1_770' title='bbox 2123 5629 2198 5684; x_wconf 87' lang='lat' dir='ltr'><strong><em>nti</em></strong></span> <span class='ocrx_word' id='word_1_771' title='bbox 2227 5630 2387 5684; x_wconf 88' lang='lat' dir='ltr'><strong><em>hodie</em></strong></span> <span class='ocrx_word' id='word_1_772' title='bbox 2417 5645 2523 5683; x_wconf 92' lang='lat' dir='ltr'><strong><em>non</em></strong></span> <span class='ocrx_word' id='word_1_773' title='bbox 2553 5628 2680 5684; x_wconf 79' lang='lat' dir='ltr'><strong><em>licet</em></strong></span> <span class='ocrx_word' id='word_1_774' title='bbox 2707 5643 2771 5682; x_wconf 78' lang='lat' dir='ltr'><strong><em>ex</em></strong></span> <span class='ocrx_word' id='word_1_775' title='bbox 2795 5628 2831 5683; x_wconf 93' lang='lat' dir='ltr'><strong><em>l.</em></strong></span> <span class='ocrx_word' id='word_1_776' title='bbox 2865 5628 2916 5693; x_wconf 82' lang='lat' dir='ltr'><strong><em>l,</em></strong></span> <span class='ocrx_word' id='word_1_777' title='bbox 2947 5643 2995 5682; x_wconf 91' lang='lat' dir='ltr'><strong><em>c.</em></strong></span> <span class='ocrx_word' id='word_1_778' title='bbox 3027 5629 3092 5682; x_wconf 80' lang='lat' dir='ltr'><strong><em>de</em></strong></span> <span class='ocrx_word' id='word_1_779' title='bbox 3114 5645 3324 5697; x_wconf 87' lang='lat' dir='ltr'><strong><em>monop.</em></strong></span> <span class='ocrx_word' id='word_1_780' title='bbox 3361 5628 3553 5683; x_wconf 82' lang='lat' dir='ltr'><strong><em>Bnoss.</em></strong></span> 
     </span>
    </p>
   </div>
   <div class='ocr_carea' id='block_1_118' title="bbox 2195 5697 3745 5768">
    <p class='ocr_par' dir='ltr' id='par_1_118' title="bbox 2195 5697 3745 5768">
     <span class='ocr_line' id='line_1_118' title="bbox 2195 5697 3745 5768; baseline -0.001 -15"><span class='ocrx_word' id='word_1_781' title='bbox 2195 5709 2218 5738; x_wconf 72' lang='grc' dir='ltr'><strong><em>ο</em></strong></span> <span class='ocrx_word' id='word_1_782' title='bbox 2262 5699 2431 5753; x_wconf 86' lang='lat' dir='ltr'><strong><em>.luret.</em></strong></span> <span class='ocrx_word' id='word_1_783' title='bbox 2481 5707 2636 5766; x_wconf 84' lang='lat' dir='ltr'><strong><em>putat</em></strong></span> <span class='ocrx_word' id='word_1_784' title='bbox 2687 5699 2791 5754; x_wconf 92' lang='lat' dir='ltr'><strong><em>hoc</em></strong></span> <span class='ocrx_word' id='word_1_785' title='bbox 2847 5713 2964 5754; x_wconf 82' lang='lat' dir='ltr'><strong><em>esse</em></strong></span> <span class='ocrx_word' id='word_1_786' title='bbox 3006 5697 3153 5768; x_wconf 87' lang='lat' dir='ltr'><strong><em>quod</em></strong></span> <span class='ocrx_word' id='word_1_787' title='bbox 3206 5709 3432 5754; x_wconf 84' lang='lat' dir='ltr'><strong><em>vocatur</em></strong></span> <span class='ocrx_word' id='word_1_788' title='bbox 3481 5699 3550 5752; x_wconf 87' lang='lat' dir='ltr'><strong><em>ab</em></strong></span> <span class='ocrx_word' id='word_1_789' title='bbox 3612 5699 3745 5760; x_wconf 70' lang='lat' dir='ltr'><strong><em>aliis</em></strong></span> 
     </span>
    </p>
   </div>
   <div class='ocr_carea' id='block_1_119' title="bbox 2123 5769 2581 5824">
    <p class='ocr_par' dir='ltr' id='par_1_119' title="bbox 2123 5769 2581 5824">
     <span class='ocr_line' id='line_1_119' title="bbox 2123 5769 2581 5824; baseline -0.004 -1"><span class='ocrx_word' id='word_1_790' title='bbox 2123 5771 2328 5824; x_wconf 84' lang='lat' dir='ltr'><strong><em>evectio</em></strong></span> <span class='ocrx_word' id='word_1_791' title='bbox 2360 5769 2581 5822; x_wconf 84' lang='lat' dir='ltr'><strong><em>navalis.</em></strong></span> 
     </span>
    </p>
   </div>
  </div>
