3952 6382
249 315 354 371 5’35

1529 328 1897 388 VARIARUM
1940 327 2141 382 LIBER
2181 327 2242 383 π.

3404 337 3529 395 εἰϐίῖ

217 441 312 509 tis,
343 440 540 511 quibus
563 443 986 512 arbitrantibns,
1017 457 1280 518 quantum
1315 448 1477 520 spatii
1500 449 1825 520 restagnatis
1856 447 1903 506 Α
1932 443 2150 512 dignum
2181 439 2462 512 praesulem
2485 449 2537 496 te
2565 438 2820 496 Romanis
2846 439 3061 496 arcibus
3104 438 3395 509 exstitisse,
3422 442 3515 512 qui

219 532 352 601 (Ed.
385 535 502 600 Αι..
535 535 769 610 negatis]
803 539 1107 600 incursibus
1133 541 1461 612 paludestris
1488 542 1700 598 illuvies
1727 558 1822 599 oc-

215 625 462 697 cupavit,
496 623 618 684 fixis
658 629 906 686 terminis
931 630 1252 699 adnotetur;
1285 641 1344 688 ut
1373 649 1498 689 cum
1525 633 1594 689 ad
1623 633 1824 704 perfec-

218 717 429 773 tionem
455 718 780 790 promissam
810 722 1138 790 pervenerit,
1170 721 1451 778 liberatori
1483 738 1582 778 suo
1614 723 1823 779 reddita

220 815 368 864 terra
398 807 680 880 proficiat;
712 825 814 865 nec
843 811 1129 881 quisquam
1152 811 1277 868 inde
1306 811 1510 884 aliquid
1535 820 1826 883 pricsumat

220 901 515 970 attingere,
536 901 680 972 quod
703 900 888 958 tandiu
915 901 1296 959 invadentibus
1325 904 1484 974 aquis
1515 918 1623 959 non
1649 904 1828 974 potuit

218 990 522 1048 vindicare.

718 1123 1054 1182 EPISTOLA
1091 1125 1328 1182 XXXIII.

279 1231 442 1272 DECIO
467 1231 595 1270 V130
622 1231 873 1272 ILLUS'I'RI
890 1260 906 1284 ,
939 1235 1216 1288 PATRICIO,
1247 1235 1614 1276 TBEODORICUS
1643 1236 1771 1275 REX.

229 1307 484 1378 Concedit
527 1306 692 1364 Decio
737 1309 945 1378 paludis
995 1309 1314 1366 Decennonii
1355 1313 1679 1375 dominium;
1719 1321 1830 1367 tum

304 1377 558 1462 decernit,
578 1387 643 1462 ,ιιι
681 1377 870 1462 siquis
895 1381 1030 1462 hunc
1075 1381 1307 1462 laborem
1334 1399 1441 1462 una
1464 1400 1582 1462 cum
1623 1399 1683 1462 eo
1704 1383 1830 1462 sub-

305 1448 528 1520 eundum
556 1448 820 1516 delegerit,
849 1450 1028 1504 habita
1049 1453 1221 1520 operis
1251 1454 1610 1516 mtimatione,
1646 1453 1832 1507 habeat

295 1519 442 1590 juris
459 1521 657 1590 proprii
675 1522 848 1591 spatia
873 1537 968 1592 pro
997 1519 1145 1594 parte
1171 1539 1327 1596 quam
1345 1525 1649 1595 susceperit.

305 1624 536 1682 Iustitiae
563 1626 702 1682 ratio
723 1636 828 1695 est,
857 1637 919 1684 ut
939 1628 1210 1687 laudabile
1227 1631 1554 1688 desiderium
1577 1644 1836 1706 sequatur

233 1720 574 1792 prosperitas
607 1719 948 1790 jussionum;
996 1730 1053 1779 et
1076 1723 1220 1794 quod
1249 1723 1394 1780 bona
1414 1726 1692 1783 voluntate
1716 1743 1842 1784 sus-

1925 533 2206 603 generosis
2244 533 2437 588 animis
2485 533 2716 587 anticum
2761 529 3037 588 fraudibus
3083 547 3189 586 non
3235 524 3430 602 passus
3457 547 3518 587 es

1923 626 2104 682 velare
2133 635 2398 681 secretum
2425 643 2438 680 :
2471 640 2538 680 ne
2566 641 2662 681 vos
2691 634 2783 680 aut
2831 625 3026 681 delicta
3053 625 3345 697 complices
3375 627 3520 683 face-

1925 724 2068 785 rent,
2091 723 2186 771 aut
2221 717 2483 772 securitas
2504 715 2570 770 ad
2601 716 2804 786 majora
2833 717 3016 787 potius
3037 716 3312 773 incitaret.
3341 717 3519 786 Atque

1926 808 2050 864 ideo
2079 809 2332 864 universa
2371 810 2624 880 pecunia,
2647 824 2768 879 qua:
2815 807 2992 864 fuerat
3019 809 3236 866 fabricis
3263 809 3511 880 deputata

1926 901 2214 969 Romanis,
2257 911 2312 958 et
2354 919 2498 958 nunc
2554 900 2934 972 magnitudinis
2971 909 3076 956 tua:
3120 901 3455 960 discussione
3491 911 3512 937 ο

1925 993 2170 1049 constitit
2222 992 2522 1064 abjuratam
2569 993 2748 1067 [mss.,
2781 991 3112 1062 adjuratam;
3143 992 3258 1057 alii,
3291 991 3518 1047 abdica-

1928 1079 2081 1154 tam],
2113 1098 2236 1139 cum
2266 1098 2367 1139 nec
2394 1083 2600 1139 reddita
2629 1100 2730 1140 suo
2757 1091 3023 1154 tempore,
3049 1098 3148 1138 nec
3174 1081 3400 1137 docetur
3425 1099 3524 1138 cx-

1927 1190 2116 1246 pcnsa,
2159 1175 2278 1230 sine
2311 1175 2490 1243 aliqua
2518 1175 2777 1230 dilatione
2803 1183 3131 1240 resumatur,
3162 1182 3218 1230 et
3244 1173 3401 1230 vobis
3431 1190 3520 1227 or-

1927 1266 2236 1321 dinantibus
2266 1265 2456 1319 iterum
2489 1263 2745 1320 Romanis
2773 1263 3044 1322 mmnibus
3067 1263 3390 1334 applicetur.
3422 1263 3518 1318 Ne-

1931 1358 2011 1416 fas
2037 1368 2120 1414 est
2146 1359 2288 1414 enim
2315 1358 2447 1414 utin
2477 1359 2614 1414 alios
2635 1373 2762 1415 usus
2792 1365 3071 1414 transeant
3098 1373 3220 1428 quae
3260 1357 3366 1413 sibi
3389 1356 3524 1411 sub-

1931 1457 2106 1505 tracta
2137 1465 2246 1504 non
2275 1449 2546 1504 immerito
2577 1448 2749 1504 Roma
2779 1449 3034 1519 suspirat.
3067 1448 3401 1504 Deberemus
3426 1449 3528 1502 ita-

1933 1555 2042 1611 que
2065 1541 2330 1597 celatores
2353 1540 2622 1611 deputata:
2644 1541 2884 1611 pecunia:
2907 1540 3196 1597 immodica
3219 1555 3378 1611 pmna
3409 1557 3539 1610 per-

1935 1634 2170 1702 cellere,
2222 1631 2314 1702 qui
2365 1632 2418 1686 in
2459 1631 2551 1686 tali
2599 1647 2763 1687 causa
2814 1641 3053 1688 nostram
3101 1629 3527 1687 munificentiam

1941 1723 2334 1780 fraudaverunt
2361 1722 2465 1779 Sed
2488 1719 2657 1778 adfuit
2677 1722 3026 1790 moderatrix,
3053 1737 3266 1792 semper
3291 1737 3409 1792 qua:
3435 1737 3530 1776 no-

233 1810 466 1880 cipitur,
511 1809 782 1880 regalibus
805 1825 1025 1882 quoque
1053 1812 1482 1870 ordinationibus
1525 1815 1830 1888 impleatur.
1867 1813 1914 1874 B
1939 1816 2023 1872 bis
2061 1824 2145 1872 est
2180 1815 2388 1886 juncta,
2421 1813 2735 1881 clementia,
2768 1828 2836 1870 ne
2865 1813 3116 1868 indecore
3145 1811 3284 1867 facta
3323 1811 3525 1882 plecta-

237 1901 413 1958 Yobis
457 1903 639 1974 itaque
667 1902 938 1960 desideria
984 1903 1130 1976 justa
1170 1907 1538 1977 poscentibus,
1588 1910 1839 1980 prazsenti

237 1995 568 2051 auctoritate
594 1996 962 2064 concedimus,
1009 2005 1067 2052 nt
1093 1999 1297 2068 stagnis
1324 1998 1656 2056 Decennonii
1686 2001 1841 2072 palu-

243 2087 516 2157 dibusque
541 2087 783 2156 siccatis,
811 2088 930 2144 sine
959 2087 1090 2145 iisco
1118 2089 1399 2159 possideas
1428 2091 1482 2146 in
1510 2091 1686 2148 solum
1715 2108 1840 2148 rura

242 2187 536 2244 revocata;
564 2193 666 2234 nec
695 2177 862 2234 ullam
883 2185 1098 2234 metuas
1127 2179 1367 2235 liberatis
1391 2181 1554 2236 rebus
1573 2181 1842 2238 exhibere

241 2270 540 2338 culturam,
560 2285 697 2341 quas
722 2271 821 2328 sub
846 2271 1216 2340 generalitatis
1262 2272 1576 2330 testimonio
1605 2273 1842 2330 absolvi-

245 2377 390 2416 mus.
420 2359 557 2416 Iliae
589 2361 753 2418 etiam
781 2361 850 2416 ad
875 2362 1262 2433 amplissimum
1283 2371 1534 2420 senatum
1570 2374 1843 2436 przecepta

247 2451 525 2507 transmisi
547 2465 669 2516 nus,
701 2459 762 2506 ut
787 2450 1011 2508 definito
1058 2467 1202 2508 nunc
1243 2453 1422 2524 spatio
1450 2453 1518 2508 ad
1542 2461 1693 2509 tuum
1721 2453 1844 2524 pul-

246 2543 383 2598 chre
410 2551 658 2598 transeat
697 2543 1024 2612 dominium,
1073 2543 1333 2614 quodest
1368 2561 1400 2600 a
1442 2543 1598 2601 fmdis
1620 2545 1846 2616 gurgiti-

249 2633 354 2688 bus
382 2632 734 2690 vindicatum.
764 2632 1005 2704 Equum
1025 2643 1110 2690 est
1137 2635 1281 2690 enim
1302 2642 1362 2690 ut
1403 2635 1692 2707 unicuique
1713 2651 1844 2708 pro»

253 2723 402 2780 ticiat
427 2723 583 2779 labor
607 2739 737 2782 suus
758 2733 806 2790 ις
837 2732 895 2779 et
915 2724 1056 2780 sicut
1079 2724 1437 2796 expendenda
1457 2727 1735 2797 cognoscit
1763 2727 1846 2782 in-

249 2815 564 2884 commoda,
593 2815 666 2870 ita
690 2815 852 2872 rebus
875 2815 1131 2888 perfectis
1151 2827 1518 2888 consequatur
1537 2830 1846 2889 augmenta.

181 2953 206 2989 ι.
253 2905 393 2964 Illud
421 2907 610 2974 etiam,
639 2908 732 2978 qui
774 2909 954 2965 studio
998 2909 1210 2980 reipub.
1241 2925 1459 2981 semper
1487 2911 1847 2982 invigilamus,

253 2999 600 3069 aspeximus;
631 3006 694 3054 ut
718 2999 764 3055 si
801 3000 925 3070 quis
965 3000 1110 3058 hunc
1159 3001 1399 3057 laborem
1442 3002 1628 3072 juncta
1671 3012 1849 3058 tecum

250 3090 519 3147 societate
547 3092 730 3148 subire
757 3091 1034 3162 delegerit,
1058 3091 1244 3148 habita
1271 3095 1453 3163 operis
1469 3093 1846 3162 aestimatione,

1939 1922 2060 1962 mus
2081 1907 2318 1976 graviter
2341 1907 2600 1963 incitante
2623 1903 2852 1977 iustitia.
2883 1901 3310 1970 bufliciatnobis
3332 1900 3539 1974 cupidi-

1942 2007 2108 2053 tatem
2147 2013 2255 2052 non
2306 1999 2586 2069 implesse,
2618 1997 2764 2068 quod
2795 1995 2982 2052 voluit.
3015 1995 3126 2052 Nec
3153 1998 3329 2066 major
3355 2003 3530 2068 potest

1940 2089 2231 2162 provenire
2284 2089 2522 2144 vindicta
2549 2131 2567 2158 ,
2614 2087 2831 2161 quando
2879 2088 3026 2144 velut
3068 2088 3288 2158 propria
3324 2086 3527 2142 videtur

1942 2179 2189 2250 perdere,
2221 2179 2315 2250 qui
2352 2195 2412 2235 se
2453 2193 2740 2250 suppressa
2770 2179 3000 2250 turpiter
3036 2177 3375 2249 iudicaverat
3403 2176 3530 2250 [ed.,

1940 2268 2330 2342 vindicaverat]
2357 2270 2656 2342 possidere.

2445 2403 2781 2462 EPISTOLA
2818 2403 3048 2463 XXXV.

2118 2516 2360 2556 τΑιηςιιδε
2391 2515 2514 2556 νιιιο
2541 2513 2803 2554 8311131081
2832 2511 3196 2553 τηεουοιιιευδ
3221 2513 3349 2552 κεί.

1945 2595 2202 2649 Admonet
2238 2602 2296 2647 ut
2337 2593 2602 2664 perquirat
2628 2600 3084 2664 statuantameam
3112 2589 3176 2642 de
3217 2591 3421 2643 civitate
3444 2586 3555 2664 Co:-

2015 2665 2182 2720 mensi
2227 2661 2367 2736 furto
2401 2661 2648 2736 ereptum,
2696 2661 3003 2731 promittens
3045 2670 3245 2714 centum
3275 2675 3463 2714 aureos
3489 2661 3547 2713 ei

2020 2738 2107 2808 qui
2138 2731 2279 2807 furta
2304 2731 2613 2805 prodiderit.

2019 2827 2288 2882 Acerbum
2319 2824 2476 2879 nimis
2503 2831 2587 2878 est
2613 2822 2812 2901 nostris
2839 2822 3173 2892 temporibus
3197 2822 3540 2892 antiquorum

1949 2918 2091 2974 facta
2117 2916 2462 2979 decrescere,
2493 2913 2584 2982 qui
2613 2921 2863 2969 ornatum
2894 2913 3104 2967 urbium
3135 2913 3374 2982 quotidie
3403 2913 3545 2968 desi-

1949 3009 2204 3065 deramus
2233 3019 2447 3074 angere.
2475 3004 2740 3070 Quocirca
2767 3004 3123 3074 prmsentibus
3145 3011 3198 3058 te
3215 3003 3546 3072 jussionibus

1951 3097 2325 3160 admonemus,
2354 3102 2414 3150 ut
2437 3093 2506 3150 de
2527 3092 2781 3149 Comensi
2809 3093 3031 3149 civitate
3057 3109 3262 3149 amcam
3290 3102 3544 3160 statuam,

253 3183 456 3240 habeat
479 3182 620 3254 juris
643 3184 852 3254 praprii
880 3186 1058 3256 spatia
1081 3200 1186 3256 pro
1208 3193 1364 3256 parte
1394 3199 1556 3254 quam
1580 3185 1803 3255 suscipit
1833 3203 1847 3239 :
1878 3177 1928 3242 C
1956 3201 2076 3257 qua:
2095 3185 2320 3256 periisse
2341 3183 2666 3254 suggeritur,
2694 3183 2840 3240 omni
2865 3183 3208 3240 animositate
3237 3186 3544 3256 perquiras:

255 3282 320 3330 ιιι
355 3289 458 3331 nec
481 3274 630 3331 solus
650 3275 926 3332 immensis
951 3276 1209 3332 oneribus
1238 3277 1606 3346 prmgraveris,
1636 3287 1692 3331 et
1735 3276 1855 3331 ani-

255 3366 467 3422 mosius
510 3374 825 3436 peragatur,
879 3366 1024 3436 quod
1063 3366 1164 3423 sub
1192 3367 1406 3436 collegii
1449 3366 1794 3436 adjuvatione
1825 3366 1851 3406 δ

254 3455 572 3528 suscipitur.
598 3453 678 3511 Ita
703 3455 798 3513 tiet
824 3466 882 3512 ut
906 3465 980 3523 et,
1004 3473 1124 3528 quae
1146 3458 1308 3514 rebus
1334 3458 1581 3514 maximis
1605 3467 1690 3514 est
1714 3461 1853 3514 anti-

257 3564 352 3618 ca,
389 3549 614 3605 molesta
659 3558 910 3606 careatur
944 3550 1164 3606 invidia.
1211 3549 1554 3622 Quapropter
1605 3551 1855 3621 gloriosis

255 3639 546 3697 desideriis
589 3649 867 3711 gratanter
907 3641 1040 3715 (ed.,
1069 3644 1354 3714 navanter)
1386 3643 1604 3711 insiste,
1639 3659 1708 3699 ne
1737 3645 1855 3714 opi-

255 3733 410 3789 nioni
439 3741 545 3788 tute
571 3747 736 3802 grave
777 3734 849 3789 sit
885 3735 939 3789 in
968 3735 1260 3805 assumptis
1287 3735 1571 3791 conatibus
1592 3737 1854 3792 marcuis—

255 3840 342 3880 se.
372 3823 588 3880 Intuere
639 3825 840 3896 quippe
868 3825 1107 3880 omnium
1137 3840 1254 3889 ora,
1307 3833 1470 3895 atque
1500 3825 1688 3881 oculos
1718 3825 1772 3881 in
1803 3834 1857 3882 te

257 3933 385 3974 esse
413 3933 746 3983 conversos;
791 3919 1338 3989 respice'serenitatis
1367 3926 1565 3972 nostra:
1595 3933 1854 3989 suspensa

251 4007 461 4080 judicia
513 4008 582 4063 ad
631 4007 884 4064 effectum
931 4011 1114 4080 operis
1162 4009 1414 4064 instituti.
1445 4011 1657 4074 Quanta
1707 4009 1856 4063 vales

259 4099 611 4154 animositate
639 4100 857 4166 festina,
901 4111 960 4154 ut
986 4099 1177 4169 dignus
1207 4108 1355 4154 tanta
1381 4114 1438 4154 re
1459 4099 1746 4154 emersisse
1770 4099 1860 4168 ju—

258 4193 503 4262 dieeris,
549 4194 642 4264 qui
677 4195 789 4264 jam
844 4207 991 4248 nunc
1037 4193 1276 4248 omnium
1333 4191 1695 4247 admiratione
1742 4191 1858 4246 lan-

259 4283 434 4340 daris.

753 4417 1087 4475 EPISTOLA
1125 4414 1363 4472 XXXIV.

371 4526 714 4568 Λιιτειιιυοιιο
735 4521 1029 4567 Ριιεηετο
1057 4525 1203 4566 υιωιε
1233 4522 1595 4564 τιιεουοιιιςυε
1623 4525 1748 4564 REX.

263 4623 468 4680 Statuit
512 4633 566 4678 ut
625 4625 842 4696 pecunia
884 4624 1096 4696 fabricis
1139 4621 1393 4678 Romanis
1441 4618 1718 4696 deputata,
1769 4639 1861 4678 nec

338 4710 588 4765 expensa,
625 4692 730 4750 'sed
755 4692 1036 4765 subtracto,
1078 4702 1387 4765 resumatur,
1416 4698 1464 4745 et
1497 4692 1745 4748 manibus
1775 4711 1856 4765 re-

338 4763 583 4834 ﬁciendis
629 4769 934 4836 applicetur.
968 4764 1232 4820 Celatores
1280 4763 1435 4834 hujus
1472 4767 1703 4836 pecunia:
1751 4764 1862 4836 ple-

339 4836 553 4959 ἓιεῖιάοε
579 4835 787 4909 quidem
824 4839 1036 4909 fatetur,
1089 4837 1218 4907 ipsis
1249 4844 1422 4889 tamen
1459 4835 1736 4891 clementer
1772 4835 1859 4888 in-

379 4922 407 4957 u
435 4920 538 4959 aet.

379 4920 538 4978 utget.

339 5003 650 5062 Gaudemus
676 5001 730 5057 in
760 5009 814 5058 te
865 5010 1049 5059 nostra
1079 5001 1326 5061 ﬂoruisse
1348 5003 1582 5076 judicia;
1613 5001 1862 5060 laztamur

343 5193 369 5223 ι
395 5183 756 5253 Augmentum
807 5181 1120 5253 patrimonii
1150 5198 1257 5239 non
1286 5181 1404 5238 sine
1453 5180 1640 5253 labore
1666 5180 1864 5253 quarri-

265 5268 378 5314 tur.
409 5250 544 5309 Ι».ἐί
575 5250 880 5320 defunctus,
909 5269 962 5308 c.
993 5252 1149 5307 arbit.
1209 5254 1292 5307 tit.
1324 5250 1777 5322 quemadmodum
1808 5257 1866 5306 et

309 5325 520 5382 eennia.
548 5323 607 5378 L.
639 5323 783 5393 quod
810 5324 857 5380 si
889 5325 1082 5390 minor,
1113 5339 1160 5378 s.
1183 5320 1447 5393 Scaevola,
1471 5321 1534 5376 D.
1565 5320 1858 5393 de_minor.

311 5396 537 5476 enelicia
565 5390 950 5476 ecclesiastica.
967 5409 1092 5476 cap.
1100 5408 1283 5476 super.
1297 5392 1366 5448 de
1394 5399 1610 5476 renuat.
1623 5390 1865 5476 .bonoris

269 5409 537 5455 beneucta
565 5409 950 5451 ecclesiastica.
1100 5409 1283 5464 super.
1297 5409 1366 5448 ue
1394 5409 1610 5448 renum.
1642 5409 1865 5446 nonorts

267 5474 582 5536 augmenta.
642 5464 705 5520 L.
735 5475 929 5520 contra
967 5481 1036 5536 pu
1060 5465 1259 5528 dicam,
1299 5479 1348 5518 c.
1380 5462 1448 5518 de
1474 5477 1536 5517 re
1566 5459 1720 5515 milit.
1767 5463 1867 5516 sti-

269 5536 470 5607 pendia
523 5536 684 5607 longo
721 5533 938 5590 sudore.
986 5533 1050 5590 L.
1089 5535 1184 5590 tiu.
1225 5549 1276 5590 c.
1305 5532 1375 5589 de
1417 5547 1566 5589 omn.
1596 5544 1715 5601 agr.
1742 5531 1858 5588 des.

313 5552 470 5591 endta
523 5552 684 5591 1011αο
721 5552 938 5590 811001⁸8.
986 5552 1050 5590 la.
1089 5552 1184 5590 un.
1225 5552 1276 5590 C.
1305 5552 1375 5589 αθ
1417 5552 1566 5589 omn.
1596 5552 1715 5591 agr.
1742 5552 1858 5588 nes.

318 5623 462 5664 11088.

349 5676 377 5716 ιι
408 5675 578 5731 Juret.
612 5675 744 5746 legit
770 5675 1102 5746 educatione.
1135 5673 1210 5729 Ea
1239 5690 1344 5746 vox
1376 5672 1631 5746 frequens
1651 5670 1868 5746 Cassio-

270 5748 435 5812 doro,
465 5755 522 5800 ut
550 5747 643 5802 lib.
671 5742 750 5812 iv,
781 5763 868 5816 ep.
893 5745 964 5800 53
1001 5754 1055 5799 et
1079 5746 1170 5816 36,
1200 5755 1254 5801 et
1279 5745 1371 5803 lib.
1401 5761 1456 5816 ν,
1477 5742 1567 5816 ep.
1600 5742 1653 5807 ’5,
1685 5750 1739 5798 et
1769 5743 1862 5800 lib.

270 5832 358 5888 In,
388 5833 477 5890 ep.
508 5816 561 5875 I.
589 5815 834 5875 Adunate
860 5815 1172 5874 sententias.

1891 4552 1939 4612 D

1954 3275 2228 3348 spondens
2271 3275 2434 3332 etiam
2463 3283 2679 3331 centum
2707 3289 2902 3331 aureos
2941 3272 2993 3342 δ,
3021 3274 3066 3330 si
3094 3276 3215 3346 quis
3243 3277 3358 3332 bmc
3377 3277 3547 3332 sacri-

1954 3371 2074 3440 lega
2093 3368 2328 3441 prodere
2356 3367 2496 3424 furta
2525 3367 2805 3434 maluerit;
2837 3376 3103 3438 quatenus
3131 3368 3413 3437 promissio
3444 3384 3544 3424 no-

1954 3469 2080 3516 strae
2115 3458 2424 3515 serenitatis
2453 3457 2692 3529 trepidos
2719 3457 2786 3512 ad
2835 3474 2984 3529 spem
3015 3457 3374 3514 confessionis
3400 3459 3543 3514 invi-

1955 3559 2053 3613 tet,
2079 3550 2226 3620 quod
2257 3550 2420 3605 etiam
2451 3549 2520 3604 ad
2551 3558 2606 3605 te
2631 3549 2897 3605 destinata
2929 3549 3104 3606 edicta
3126 3551 3544 3621 proloquuntur.

1956 3643 2061 3699 Sed
2083 3659 2206 3698 cum
2250 3642 2366 3698 haec
2392 3649 2572 3697 tamen
2614 3641 2764 3712 jussa
2795 3641 3242 3712 promulgaveris,
3275 3641 3319 3696 si
3373 3640 3550 3695 adhuc

1956 3735 2166 3792 facinus
2203 3741 2414 3790 secreta
2456 3733 2786 3801 velaverint,
2845 3743 2969 3804 post
3016 3735 3158 3790 diem
3189 3733 3550 3790 venerabilem

1956 3827 2200 3883 locorum
2243 3824 2480 3881 artiﬁces
2524 3824 2690 3881 facias
2735 3827 3102 3896 congregari:
3149 3842 3178 3880 a
3228 3829 3424 3896 quibus
3453 3827 3552 3880 θυι)

1963 3927 2171 3974 terrore
2192 3917 2448 3988 perquire
2467 3931 2574 3987 quo
2596 3917 2843 3972 ministro
2872 3919 3031 3973 fuerit
3053 3925 3444 3986 perpetratum.
3470 3917 3551 3970 Ab

1959 4009 2224 4080 imperitis
2251 4008 2395 4063 enim
2427 4009 2617 4063 barum
2669 4023 2849 4062 rerum
2897 4016 3090 4065 statum
3137 4007 3308 4064 facilis
3336 4010 3549 4064 eversio

1959 4116 2068 4157 non
2098 4099 2304 4166 fuisset,
2333 4099 2437 4155 nisi
2465 4114 2589 4155 eam
2613 4105 2873 4154 tentasset
2899 4113 3118 4154 movere
3146 4097 3268 4173 loco
3299 4099 3552 4169 magistra

1960 4191 2336 4264 pnesumptio.

2373 4325 2484 4398 εδ
2513 4322 2853 4381 EPISTOLA
2887 4321 3128 4390 xxva

2277 4433 2392 4474 SlVE
2431 4433 2664 4474 ευιοτυιι
2699 4431 3021 4472 τηεουοιιιει
3055 4431 3229 4472 REGIS.

1970 4511 2235 4569 Promittit
2261 4530 2356 4568 rex
2383 4522 2586 4568 centum
2617 4528 2803 4566 aureos
2823 4519 2874 4565 et
2913 4511 3148 4565 criminis
3174 4509 3556 4580 indulgentiam

2037 4585 2087 4638 ei
2125 4585 2214 4656 qui
2243 4585 2435 4654 furtum
2479 4592 2670 4656 stature
2715 4597 2873 4656 (citae
2905 4590 3088 4656 sponte
3127 4579 3392 4656 retexerit.
3427 4579 3558 4656 Iunt

2035 4650 2306 4709 minitatur
2341 4662 2556 4707 martem
2600 4654 2646 4706 ei
2675 4654 2761 4723 qui
2790 4651 3029 4706 celaverit
3057 4654 3281 4723 culpam,
3313 4661 3364 4704 et
3385 4650 3557 4705 alieno

2035 4726 2231 4780 indicio
2256 4723 2482 4778 detectus
2512 4723 2687 4794 fuerit.

2035 4814 2291 4882 Quamvis
2335 4815 2402 4870 ad
2432 4813 2793 4884 proditionem
2845 4813 3069 4870 sceleris
3114 4815 3361 4870 relaxata
3396 4812 3558 4869 nimis

1965 4925 2124 4981 paena
2145 4907 2398 4974 suﬂiciat,
2431 4922 2533 4962 nec
2554 4921 2779 4976 parvum
2820 4905 2890 4961 sit
2919 4921 3114 4962 munus
3163 4907 3400 4963 audacia:
3424 4922 3558 4977 sup-

1963 5001 2109 5073 plicii
2133 4999 2435 5057 declinasse
2461 5007 2748 5067 terrorem,
2767 4995 3018 5055 addimus
3039 5007 3221 5054 tamen
3251 4999 3556 5069 praemium,

2046 5193 2068 5223 ε
2102 5182 2181 5238 De
2198 5185 2350 5250 cujus
2378 5180 2590 5241 ratione
2625 5179 2989 5250 praescribitur
3012 5179 3352 5248 imperatoris
3381 5179 3564 5236 Zeno-

1970 5253 2055 5379 gis
2081 5251 2417 5376 col‘nstitutio,
2447 5251 2542 5306 lib.
2591 5249 2662 5306 vn
2709 5250 2835 5307 cod.
2867 5250 2935 5305 de
2985 5249 3234 5304 ratiocin.
3277 5265 3431 5320 oper.
3463 5267 3564 5321 pu-

2031 5339 2096 5378 ic.
2173 5338 2296 5378 onn.
3439 5367 3444 5370 .

2011 5325 2096 5378 lic.
2131 5325 2296 5378 Fons.
3439 5367 3444 5370 .

2041 5393 2068 5432 ά
2099 5393 2321 5448 Furtum
2367 5390 2626 5447 iudicanti
2674 5391 2954 5460 prmmium
3001 5389 3362 5460 proponitur,
3417 5389 3566 5460 quod

1970 5473 2029 5519 et
2071 5463 2194 5534 jure
2235 5463 2310 5516 lit.
2339 5461 2399 5517 L.
2444 5463 2519 5534 ιϐ,
2551 5457 2748 5534 solent,
2794 5460 2861 5534 de
2888 5457 3076 5534 prmsc.
3108 5457 3284 5534 verba
3315 5459 3352 5514 1.
3401 5457 3488 5534 I5,
3518 5460 3566 5534 si

1971 5525 2328 5594 Balsatoram.
2360 5549 2410 5590 c.
2438 5525 2789 5603 de'ﬁdcjussa
2823 5533 2858 5586 Ι.
2882 5525 2934 5596 Ir,
2959 5532 2995 5586 l.
3027 5533 3084 5603 ξ),
3114 5531 3176 5603 I).
3208 5525 3566 5603 de_cond.ob

1975 5613 2081 5660 tur.
2111 5621 2260 5661 cans.
2293 5603 2358 5658 Et
2385 5599 2610 5658 Athenis
2630 5599 2894 5660 usitatum
2923 5618 2989 5658 ex
3020 5601 3197 5657 Suida:
3219 5599 3565 5656 collectancis

1978 5677 2030 5730 in
2065 5677 2314 5748 Diagora,
2345 5675 2502 5730 bieiio
2531 5673 2937 5748 ct_Ammonio,
2970 5672 3022 5729 in
3045 5672 3282 5729 dictione
3316 5673 3555 5748 ἐπικηρύ-

1975 5749 2059 5806 ξαι
2087 5743 2430 5803 manifestum
2460 5753 2560 5801 est.
2596 5743 2832 5800 FORNER.
