3952 6388
468 277 570 336 567

1688 276 1760 332 M.
1803 275 2072 332 AL'IiELII
2112 275 2503 333 CASSIODORI

3619 276 3752 338 568':

465 391 610 459 quod
635 389 833 445 habere
886 390 1186 446 innocentia
1241 391 1379 445 solet
1409 409 1420 442 :
1466 406 1570 443 non
1600 391 1722 460 quia
1753 389 2036 444 commissa
2069 399 2113 454 Α
2143 390 2423 444 solutionis
2445 389 2678 444 accedit:
2709 389 2798 459 qui
2829 391 3141 446 memoratis
3173 392 3610 463 negotiatoribus
3638 409 3742 451 no-

465 478 806 550 piacuerunt,
831 477 922 531 sed
945 477 1178 534 delectat
1201 494 1301 534 nos
1331 479 1610 534 tnunilicos
1633 495 1754 534 esse
1775 479 1827 533 in
1857 491 2041 532 amore

466 569 732 624 vindictm.
766 570 1103 638 QuaprOpter
1155 569 1433 638 pnesentis
1479 568 1640 623 edicti
1676 569 2042 638 unusquisque

464 659 787 714 auctoritate
835 667 1144 729 cognoscat,
1194 668 1406 713 centum
1459 673 1517 713 se
1568 674 1762 714 aureos
1793 659 2041 726 largitate

465 757 650 803 nostra
677 749 994 818 promereri,
1025 750 1068 804 si
1107 749 1299 818 prodat
1325 751 1412 818 qui
1437 759 1667 806 statuam
1697 750 1764 806 de
1791 749 2040 806 Comensi

466 839 688 895 civitate
717 843 986 912 rapuerit;
1017 849 1074 898 ct
1099 841 1166 896 de
1191 857 1288 897 suo
1319 841 1458 898 facto
1490 844 1654 916 (quod
1686 845 1917 898 maxime
1940 861 2040 900 no-

463 946 593 985 cens
633 931 880 1003 requirit)
931 931 1316 1002 indulgentiam
1371 949 1430 990 se
1477 935 1688 990 noverit
1713 936 2036 991 habiturmn.

467 1019 665 1076 Damus
695 1021 747 1076 in
774 1037 927 1077 teneo
955 1023 1270 1092 compendio
1293 1037 1510 1078 aureum
1534 1039 1754 1084 munus:
1778 1034 1833 1080 et
1853 1025 2043 1080 metal-

464 1109 541 1178 la,
569 1126 689 1182 quze
717 1111 957 1167 invenire
977 1127 1259 1181 possumus
1287 1114 1624 1184 pretiosiora,
1652 1114 1906 1182 largimur
1930 1133 1941 1166 :
1979 1115 2041 1168 il-

469 1199 561 1254 lud
597 1201 776 1270 potius
823 1202 926 1256 hac
976 1201 1295 1258 liberalitate
1325 1203 1666 1269 rcdimentes,
1696 1220 1764 1257 ne
1804 1213 2041 1258 transeat

467 1291 520 1344 iit
551 1307 726 1356 usum,
757 1291 900 1361 quod
946 1301 1160 1347 constat
1214 1309 1332 1348 esse
1369 1293 1718 1364 prohibitum.
1748 1292 1879 1360 Quis
1906 1307 2040 1362 ergo

465 1391 614 1437 tanta
644 1384 882 1438 stultitim
935 1386 1176 1440 c'ecitate
1202 1384 1504 1449 damnetur,
1530 1393 1588 1440 ut
1635 1385 1840 1440 dubitet
1869 1400 2042 1439 erum-

463 1489 620 1543 pere,-
660 1475 873 1543 quando
929 1483 984 1530 et
1023 1477 1366 1531 securitatem
1421 1477 1640 1548 reperit,
1669 1487 1724 1532 et
1764 1478 2037 1547 przemium

461 1563 816 1618 confessionis
861 1564 1126 1632 acquirit?
1164 1565 1220 1620 Si
1248 1568 1366 1634 quis
1393 1575 1571 1620 autem
1599 1567 2039 1622 dissitnnlandum

463 1655 603 1709 torte
625 1654 930 1720 crediderit,
961 1671 1190 1725 eumque
1209 1656 1390 1726 aliquo
1413 1658 1652 1713 veritatis
1676 1659 1872 1711 indicio
1893 1674 2040 1712 sere-

465 1749 606 1804 nitas
633 1757 817 1804 nostra
848 1750 1130 1815 detexerit,
1163 1750 1350 1806 ultimo
1391 1765 1451 1806 se
1501 1752 1711 1807 noverit
1737 1752 2036 1807 discriminc
2068 1745 2116 1806 Β

467 1849 491 1877 ⁸
525 1839 860 1910 rapiendum.
889 1840 1167 1910 Indignum
1197 1851 1276 1896 est
1295 1842 1436 1899 enim
1467 1853 1526 1897 ut
1552 1845 1640 1914 qui
1683 1853 1938 1912 reSpuunt
1960 1844 2041 1898 itt-

465 1930 792 1998 duigentiam
820 1939 1082 2000 nostram,
1111 1931 1334 1988 detectis
1368 1943 1553 2003 postea
1595 1933 1907 2002 suffragetur
1937 1935 2039 1989 hu-

469 2020 722 2074 inanitas.

931 2153 1264 2210 EPISTOLA
1302 2152 1566 2209 XXXVII.

564 2258 764 2299 FAUSTO
791 2260 1080 2300 PBA'II-‘ECTO
1109 2260 1388 2300 PRETORIO
1419 2260 1779 2300 THEODORICUS
1805 2261 1928 2300 REX.

462 2334 706 2390 Concedit
733 2352 826 2390 rea:
854 2335 1136 2404 Spoletinis
1181 2337 1372 2390 civibus
1419 2337 1488 2389 ad
1512 2337 1877 2391 exhibitiom-m
1911 2337 2040 2390 (lier-

562 2421 762 2464 marum
789 2422 946 2475 supra
985 2405 1420 2470 consuetudinem,
1453 2408 1609 2459 aliaat
1640 2408 1926 2460 millenam.

534 2515 850 2572 Provectum
873 2517 1010 2589 [ed.,
1037 2515 1386 2588 Proventum]
1428 2515 1575 2586 regni
1599 2519 1766 2570 nostri
1797 2517 2040 2586 benigni-

458 2611 544 2658 tas
569 2603 730 2659 debet
755 2604 1014 2670 :cmulari,
1049 2613 1110 2660 ut
1139 2613 1344 2659 tantum
1371 2606 1674 2660 humanitas
1709 2605 1911 2660 relaxet
1941 2607 2040 2660 do-

459 2707 530 2746 na
567 2701 824 2762 quantum
877 2695 1093 2762 reslxub.
1136 2695 1372 2764 suscepit
1417 2705 1722 2764 augmenta.
1753 2694 1868 2750 Non
1897 2698 2039 2752 enim

460 2783 618 2838 aliter
641 2781 914 2838 laudatum
944 2781 1159 2840 modum
1207 2798 1492 2852 possumus
1521 2786 1810 2855 custodire,
1841 2789 1940 2842 nisi
1971 2791 2036 2840 ad

461 2871 950 2930 considerationem
979 2889 1157 2929 rerum
1205 2882 1446 2930 nostrum
1476 2876 1764 2932 debeamus
1803 2879 2039 2935 excitare

457 2965 811 3037 propositum.
840 2965 985 3021 Inter
1005 2973 1085 3021 tot
1109 2966 1250 3022 enim
1280 2968 1537 3038 quotidie,
1559 2968 1668 3024 Deo
1691 2971 2037 3041 propitiante,

457 3067 754 3120 Successus,
789 3056 1088 3111 tenacitatis
1136 3067 1276 3111 esset
1307 3057 1492 3112 vitium
1538 3070 1762 3128 angusta
1793 3061 2036 3128 largitate

458 3148 787 3198 contentum.
827 3143 1002 3212 Atque
1047 3145 1168 3200 ideo
1219 3145 1444 3201 illustris
1496 3149 1888 3216 magniﬁentia
1949 3163 2033 3206 tua

456 3232 707 3304 praesenti
735 3235 1057 3290 auctoritate
1078 3245 1386 3304 cognoscat,
1419 3237 1708 3308 Spoletinis
1737 3240 1939 3296 civibus
1967 3241 2033 3296 ad

459 3323 840 3381 exhibitioueni
889 3326 1214 3381 thermarum
1267 3327 1496 3399 [Accur.,
1546 3330 1844 3400 tettiarttmj
1873 3348 2032 3401 supra

456 3415 921 3484 consuetudinem,
968 3417 1126 3472 aliam
1156 3418 1426 3473 millcnam
1481 3435 1603 3476 esse
1653 3421 2030 3491 dcputandam.

458 3505 715 3576 Cupimus
749 3507 892 3561 enim
921 3507 1150 3563 libenter
1176 3508 1483 3578 impendere
1511 3525 1629 3578 qua:
1657 3511 1722 3565 ad
1750 3511 2034 3566 salubrita-

463 3605 572 3652 tem
617 3598 810 3654 civium
853 3600 1100 3656 novimus
1145 3601 1458 3671 pertinere:
1503 3602 1628 3670 quia
1682 3601 1866 3658 laudes
1909 3614 2034 3658 sunt

460 3696 770 3746 nostrorum
798 3696 1120 3762 temporum,
1143 3691 1410 3748 celebrata
1434 3691 1626 3760 gaudia
1654 3691 1994 3762 populorum.

913 3819 1245 3878 EPISTOLA
1282 3822 1563 3880 XXXVIII.

560 3946 764 3989 ηυετο
792 3948 1083 3990 Ριυεηοτο
1111 3949 1390 3992 Ριιιετοιιιο
1421 3951 1786 3994 τηεουοηιίιυε
1814 3955 1940 3995 ΙΙΙ-ΣΧ.

457 4019 708 4098 Prohibet
741 4039 807 4078 ne
833 4023 1098 4098 Sipontini
1126 4027 1470 4098 negotiatores
1499 4027 1719 4098 hostium
1750 4028 2031 4098 depopula-

523 4095 662 4170 tione
689 4094 904 4161 vastati,
920 4111 1012 4164 per
1031 4096 1155 4166 juge
1181 4094 1440 4149 biennium
1469 4096 1531 4150 ob
1553 4094 1858 4152 sotutionein
1883 4094 2022 4170 ﬁsci,

441 4181 444 4200 =
522 4171 574 4217 et
601 4163 664 4217 ob
691 4180 750 4217 ea
771 4179 884 4235 qua
910 4163 1417 4234 mutuo'acceperant
1448 4177 1710 4220 vexentur.

523 4253 667 4324 Opes
686 4263 898 4310 nostras
924 4256 1167 4324 cupimus
1199 4256 1450 4310 thesauro
1471 4257 1685 4325 pietatis
1709 4260 1919 4327 augeri:
1943 4276 2031 4314 ex-

454 4350 731 4399 secrantes
776 4345 1078 4410 commoda,
1129 4359 1248 4414 quae
1281 4345 1431 4398 nobis
1471 4357 1785 4402 vexatorum
1831 4347 2030 4404 fuerint

2141 488 2363 534 scuntur
2391 489 2660 534 tnutuasse
2691 481 2996 550 pecuniam,
3028 481 3290 536 celsitudo
3323 493 3412 536 tua
3444 483 3612 538 faciat
3640 485 3744 539 ad-

2141 568 2346 622 moneti
2376 583 2442 621 ne
2461 565 2514 618 in
2543 568 2646 624 hoc
2673 569 2872 622 biennii
2902 571 3078 639 spatio
3105 569 3396 640 quidquam
3427 567 3499 626 de
3529 573 3744 628 credita

2140 670 2345 712 summa
2401 658 2668 710 testimth
2713 657 3125 726 postulandum,
3179 669 3448 727 quatenus
3489 659 3595 714 sub
3643 661 3731 714 itt-

2141 745 2314 800 duciis
2367 748 2688 817 supradictis
2739 758 2791 802 et
2830 747 3010 804 datam
3043 749 3252 817 possint
3280 765 3540 819 reparare
3570 767 3740 820 pecu-

2142 837 2304 902 niam,
2329 847 2386 892 et
2409 837 2743 907 aliquatenus
2764 837 3066 892 debitorum
3089 840 3270 894 valeat
3311 843 3584 910 respirare
3614 843 3744 896 sub—

2140 930 2358 983 stantia.
2407 928 2542 996 Quid
2587 930 2727 985 enim
2775 929 2988 1000 prolicit
3032 930 3355 986 creditorem
3411 949 3470 986 se
3523 947 3739 1001 urgere,

2138 1020 2355 1088 quando
2403 1023 2672 1077 incassum
2725 1022 2914 1076 nititur
2955 1022 3187 1076 nudatos
3231 1025 3490 1092 exigere?
3528 1025 3741 1091 Quibus

2140 1115 2307 1179 magis
2330 1115 2700 1182 prospicimus,
2727 1114 2773 1169 si
2803 1114 2867 1168 ad
2898 1123 3139 1169 mutuata
3162 1116 3480 1171 sustinendo
3532 1131 3736 1186 perve-

2140 1203 2257 1258 nire
2285 1203 2564 1259 faciamus.

2621 1331 2950 1389 EPISTOLA
2993 1332 3228 1389 XXXIX.

2343 1437 2548 1480 Αιοιειο
2585 1439 2922 1479 Διειιιτεοτο
2971 1438 3336 1478 τηεουοειους
3377 1441 3510 1480 κει.

2140 1515 2418 1588 Signiﬁcat
2445 1533 2537 1572 rea:
2565 1535 2620 1572 se
2647 1533 2828 1585 cupere
2857 1518 3093 1588 Apertum
3125 1519 3337 1588 fontem,
3373 1521 3524 1588 cujus
3553 1522 3738 1576 varias

2210 1587 2417 1642 uirtutes
2443 1590 2686 1658 graphice
2715 1587 3171 1658 decet-ibinreﬁci.
3202 1587 3352 1658 Quod
3389 1587 3445 1640 ut
3483 1606 3742 1658 prospere

2211 1659 2470 1719 succedat,
2515 1657 2657 1728 jubet
2687 1657 2953 1728 antiquum
2979 1657 3085 1710 illic
3117 1657 3461 1725 aediﬁciorum
3486 1657 3742 1712 solidita-

2213 1735 2313 1779 tem
2342 1727 2598 1786 imtovari,
2627 1727 2879 1808 palatium
2899 1741 3094 1796 quoque
3121 1728 3275 1796 longa
3299 1739 3566 1782 senectute
3585 1745 3736 1800 quas

2211 1805 2378 1850 satum
2405 1805 2659 1866 reparari.

2207 1906 2264 1960 Si
2295 1905 2474 1961 udita
2501 1916 2743 1962 veterum
2769 1905 3022 1962 miracula
3057 1905 3120 1960 ad
3138 1906 3349 1961 iaudem
3379 1915 3584 1962 nostra:
3616 1909 3736 1964 cle-

2137 1995 2356 2050 mentia:
2383 1995 2632 2049 volumus
2669 1997 2949 2049 continere
2992 1995 3270 2064 (quaniam
3317 2006 3612 2064 augmenta
3647 2014 3740 2054 re-

2137 2083 2270 2150 galis
2295 2083 2480 2150 gloriae
2504 2090 2646 2147 sunt,
2697 2097 2822 2136 cum
2876 2083 2976 2137 sub
3004 2084 3160 2137 nobis
3191 2085 3333 2138 nulla
3361 2087 3737 2155 decrescunt),

2137 2185 2246 2239 quo
2273 2171 2447 2226 studio
2475 2170 2729 2224 convenit
2774 2171 3011 2238 reparari
3059 2172 3206 2240 quod
3237 2182 3291 2226 et
3320 2175 3526 2228 nostris
3558 2176 3739 2230 oculis

2139 2261 2450 2329 frequenter
2475 2269 2687 2315 constat
2733 2260 2962 2315 offerri?
2990 2261 3233 2316 Delectat
3272 2265 3415 2317 enim
3463 2265 3740 2321 salutiferi

2139 2352 2315 2420 Aponi
2343 2353 2653 2406 meminisse
2705 2352 3024 2418 potentiam,
3055 2359 3114 2406 ut
3146 2353 3415 2422 intelligas
3444 2371 3557 2425 quo
3586 2357 3736 2412 desi-

2138 2445 2291 2499 derio
2313 2443 2558 2512 cupimus
2585 2439 2827 2504 reticere,
2849 2441 2994 2510 quod
3023 2441 3093 2495 de
3124 2444 3385 2497 memoria
3415 2453 3604 2499 nostra
3637 2463 3740 2500 ne-

2139 2533 2242 2588 scit
2262 2533 2426 2585 exire.
2451 2528 2749 2583 Cteruleum
2778 2529 2980 2584 lontetn
3005 2530 3234 2584 vidimu
3256 2532 3311 2586 in
3341 2531 3571 2588 formam
3597 2535 3738 2590 dolii

2139 2620 2393 2678 concavis
2445 2618 2678 2673 hiatibus
2728 2627 3064 2684 aestuantem,
3097 2629 3154 2672 et
3181 2619 3432 2676 fornaces
3459 2622 3737 2677 anhelan-

2141 2714 2272 2768 tium
2303 2726 2559 2779 aquarum
2605 2711 2975 2765 circumducto
3025 2711 3183 2764 tereti
3234 2711 3376 2768 labio
3401 2717 3530 2791 [πη.
3563 2715 3733 2778 Auct,

2141 2803 2438 2858 tentilahio.
2462 2801 2564 2855 Ed.
2600 2799 2722 2856 Niv.
2746 2811 2792 2854 et
2815 2799 2991 2868 Genu,
3020 2799 3332 2874 tentilatio],
3362 2813 3572 2860 natura:
3599 2821 3739 2876 pro-

2139 2895 2302 2950 habili
2330 2893 2677 2962 dispositione
2723 2901 3012 2946 coronatas
3040 2907 3055 2955 ;
3085 2906 3206 2960 qua:
3237 2895 3382 2959 licet,
3415 2911 3567 2951 more
3589 2899 3737 2954 cali-

2137 2984 2238 3047 dat,
2271 2983 2554 3038 nebulosos
2582 2997 2808 3051 vapores
2844 2981 3116 3044 exhalent,
3147 2983 3285 3038 hanc
3315 2993 3495 3040 tamen
3517 2986 3731 3055 jucun-

2138 3071 2260 3125 dam
2291 3071 2724 3141 perspicuitatem
2753 3071 3056 3142 aspectibus
3087 3072 3334 3126 humanis
3361 3075 3635 3142 aperiunt,
3667 3087 3734 3132 ut

2137 3163 2310 3233 quivis
2339 3164 2611 3218 hominum
2641 3163 2782 3216 illam
2824 3165 3049 3230 gratiam
3081 3165 3351 3220 desideret.
3381 3170 3734 3239 contingere,

2138 3257 2298 3311 etiam
2331 3272 2449 3310 cum
2481 3272 2586 3309 non
2633 3257 2839 3322 ignoret
2865 3256 3075 3309 ardere.
3108 3256 3212 3311 Ore
3242 3259 3555 3328 plenissimo
3587 3268 3636 3329 ⁵,
3677 3265 3734 3320 in

2134 3347 2355 3416 Sphairaa
2399 3346 2766 3408 similitudine,
2805 3359 2966 3414 supra
2998 3346 3256 3402 terminos
3293 3364 3421 3404 suos
3459 3365 3735 3420 aquarum

2133 3437 2292 3492 dorsa
2315 3445 2640 3504 turgescunt.
2671 3433 2820 3488 Unde
2856 3445 2876 3471 ε
2922 3435 3060 3489 latex
3106 3443 3252 3490 tanta
3283 3439 3465 3506 quiete
3515 3442 3658 3497 delltt
3690 3455 3732 3509 ι,

2135 3535 2284 3580 tanta
2308 3527 2459 3596 quasi
2478 3527 2764 3579 stabilitate
2780 3525 3041 3589 decurrit;
3077 3535 3273 3580 uteum
3301 3540 3407 3582 non
3430 3539 3588 3598 putes
3615 3550 3739 3589 rre-

2131 3633 2304 3682 scere,
2316 3618 2416 3672 nisi
2431 3619 2554 3686 quia
2569 3617 2689 3671 inde
2702 3617 2894 3685 aliquid
2912 3631 3072 3670 rauco
3090 3633 3360 3674 murmure
3373 3624 3542 3675 sentis
3553 3625 3734 3680 exite.

2133 3711 2238 3779 37
2270 3709 2504 3762 Veniunt
2532 3723 2684 3776 aquae
2714 3721 2810 3776 per
2850 3707 3089 3773 algentes
3119 3717 3328 3763 meatus
3375 3711 3468 3764 tali
3511 3712 3738 3768 fervore

2132 3814 2427 3865 succensa,
2478 3807 2536 3851 ut
2583 3807 2704 3866 post
2748 3814 2969 3852 recurva
3015 3801 3206 3866 spatia,
3254 3814 3372 3867 quae
3421 3812 3542 3856 arte
3583 3803 3734 3858 facta

2131 3900 2256 3946 sunt
2285 3891 2547 3958 longiora,
2595 3889 2804 3942 calores
2831 3889 2937 3941 sint
2966 3889 3230 3942 maximos
3267 3889 3560 3946 redditum
3593 3895 3736 3966 lci,

2129 3981 2187 4036 in
2215 3980 2420 4034 calores
2451 3979 2681 4032 maxime
2708 3986 2832 4031 sunt
2855 3977 3148 4047 redituz-ail.
3172 3977 3216 4031 Ο
3244 3981 3484 4039 inagistri
3517 3983 3732 4037 miran-

2129 4068 2258 4124 dum
2286 4083 2500 4136 semper
2547 4065 2841 4132 ingenium,
2887 4072 2945 4118 ut
2975 4073 3183 4118 natura:
3225 4065 3454 4120 furentis
3500 4070 3739 4126 ardores

2057 4206 2064 4213 .
2131 4158 2205 4214 ita
2253 4157 2318 4210 ad
2367 4155 2650 4211 utilitatem
2699 4155 2918 4208 humani
2962 4157 3206 4223 corporis
3255 4165 3612 4226 temperaret,
3677 4172 3739 4217 ut

2129 4247 2274 4319 quod
2308 4247 2360 4301 in
2383 4247 2589 4314 origine
2619 4245 2746 4298 dare
2769 4255 2979 4315 poterat
3003 4255 3253 4311 mortem,
3276 4248 3596 4304 doctissime
3620 4270 3742 4307 mo-

2129 4341 2374 4395 deratum
2397 4347 2451 4393 et
2469 4337 2884 4392 delectationem
2915 4337 3174 4392 tribueret
3192 4349 3247 4394 et
3266 4341 3530 4396 salutem!
3562 4343 3741 4402 Juvat

455 4433 848 4490 calamitatibus
899 4435 1100 4506 acquisi
1127 4452 1179 4490 a.
1211 4435 1430 4490 Molesta
1487 4447 1570 4492 est
1622 4439 1790 4496 illatio
1831 4451 2026 4496 nostra:
2056 4457 2102 4514 ι)
2130 4433 2310 4488 videre
2339 4441 2627 4491 secretum,
2661 4429 2846 4483 latices
2875 4445 3102 4498 vapores
3149 4430 3336 4498 igneos
3375 4433 3736 4501 exhalantes,

455 4525 772 4592 clementiae,
830 4539 948 4594 qua:
973 4523 1230 4594 deﬂetur,
1271 4527 1392 4594 quia
1443 4528 1696 4596 quidquid
1727 4530 1826 4584 sub
1849 4530 2029 4586 laetitia

462 4613 730 4685 penditur,
757 4614 1066 4684 accipientis
1118 4615 1360 4670 laudibus
1387 4618 1699 4686 applicatur.
1743 4617 1898 4673 Urbis
1927 4621 2029 4674 ita-

454 4721 559 4776 que
585 4705 880 4776 Siponlittzn
921 4707 1281 4774 negotiatores
1319 4708 1549 4762 hostium
1579 4725 1636 4764 se
1665 4723 1909 4764 asserunt
1935 4711 2030 4765 dc—

457 4795 803 4865 populatione
833 4805 1086 4850 vastatos.
1113 4795 1177 4851 Et
1195 4799 1316 4866 quia
1350 4799 1618 4865 egentium
1647 4799 1910 4854 levamina
1932 4818 2024 4854 no-

453 4895 595 4942 stras
622 4887 800 4956 potius
828 4885 1038 4942 divitias
1061 4889 1405 4956 instituamus,
1438 4891 1652 4945 illustris
1684 4893 2025 4960 magnificen-

453 4979 526 5033 tia
557 4987 650 5034 ιω
689 4996 786 5050 per
835 4983 938 5039 hoc
966 4981 1094 5050 juge
1122 4981 1393 5037 biennium
1421 4993 1756 5054 nuncupatos
1781 4986 1922 5039 nulla
1948 4985 2024 5040 fa-

451 5070 560 5124 ciat
601 5071 942 5140 coemptione
991 5069 1095 5143 [_ed.
1128 5073 1245 5136 Ac..
1277 5071 1660 5143 commotione]
1691 5077 1891 5129 vexari.
1919 5075 2023 5130 Sed

447 5159 706 5225 quoniam
735 5160 914 5230 lapsos
942 5159 1072 5212 nihil
1094 5161 1358 5214 relevasse
1383 5162 1612 5230 prolicit,
1641 5163 1687 5216 si
1716 5177 1852 5217 onus
1881 5163 2024 5222 aliud

527 5391 554 5420 ι
589 5381 634 5436 I.
663 5388 856 5445 morte,
883 5377 1026 5448 quod
1056 5377 1298 5432 ultimum
1329 5378 1665 5448 supplicium,
1698 5386 1754 5433 et
1782 5377 2025 5430 animad-

449 5453 626 5508 versio
650 5451 832 5504 ultima
873 5447 1141 5516 delinitur,
1174 5448 1211 5502 i.
1239 5448 1333 5501 ult.
1365 5447 1442 5502 ne
1463 5463 1626 5516 ναξηά
1659 5448 1695 5500 I.
1730 5449 1916 5516 ultstle
1945 5463 2028 5498 se-

450 5521 593 5590 pulc.
621 5520 782 5590 viol.;
825 5519 860 5590 l_.
897 5515 1301 5590 '5_|,__omnes.c.
1332 5519 1395 5572 de
1419 5515 1574 5586 cpi-sc.
1597 5528 1648 5590 e_t_
1669 5518 1792 5570 rler.
1829 5515 2023 5570 Ultima

451 5584 627 5659 pana,
657 5588 806 5659 Silet.
837 5587 888 5659 i_tt
909 5584 1068 5659 Julio,
1101 5587 1306 5654 ἐσχάτη
1334 5584 1575 5659 τςαώρέα,
1611 5585 2027 5659 IIat'tttcnop.__et

461 5654 793 5712 ituvell.153.
844 5654 1141 5708 Novissima
1169 5656 1430 5723 exempla,
1467 5654 1698 5712 ’θοι-[ιρι.
1730 5654 1899 5709 Taciti
1931 5655 2021 5708 lib.

458 5739 530 5782 xtl
557 5737 610 5780 et
635 5741 720 5778 xv.
750 5723 986 5779 FUBNER.

2135 4523 2361 4577 amicum
2393 4521 2546 4574 undis
2576 4519 2938 4574 indesinenter
2968 4520 3240 4585 ardorem,
3279 4529 3334 4574 et
3361 4523 3608 4578 calorem
3637 4542 3739 4582 ve—

2132 4613 2248 4666 nire
2279 4611 2504 4664 decursu
2553 4608 2670 4669 rivi,
2705 4609 2842 4662 unde
2887 4609 3144 4663 usualiter
3171 4610 3383 4664 solebat
3425 4614 3736 4684 exstingui.

2132 4701 2324 4756 Merito
2351 4701 2533 4754 dicunt
2559 4699 2862 4768 philocphi
2908 4699 3171 4754 elementa
3202 4699 3302 4753 sibi
3343 4702 3545 4756 mutuis
3575 4721 3741 4760 eont-

2131 4791 2379 4862 plexibus
2408 4789 2622 4856 illigari,
2670 4797 2725 4841 et
2765 4788 2994 4842 mirabili
3040 4788 3294 4856 conjungi
3341 4789 3737 4860 fmtieratioue,

2131 4899 2249 4952 qua:
2279 4883 2417 4937 inter
2432 4897 2490 4934 se
2507 4879 2772 4934 contraria
2792 4880 3159 4949 intelliguntur
3178 4883 3446 4938 varietate
3456 4899 3735 4953 pugnare.

2131 4975 2273 5031 Ecce
2302 4974 2610 5028 madentem
2630 4972 2985 5027 substantiam
3014 4987 3242 5044 vapores
3266 4975 3570 5044 producere
3594 4994 3739 5034 0οης-

2130 5074 2239 5120 stat
2267 5063 2484 5132 ignitos,
2530 5062 2621 5130 qui
2653 5077 2776 5116 mox
2801 5061 2867 5114 ad
2899 5061 3226 5117 thermarum
3257 5064 3484 5118 aedilicia
3523 5066 3734 5122 decma

2133 5164 2510 5232 pervenerunt,
2565 5155 2671 5210 illis
2712 5169 2742 5208 a
2780 5155 3026 5210 cautibus
3069 5155 3209 5210 unda
3253 5155 3621 5221 descendens,
3678 5171 3738 5214 ct

2205 5371 2555 5452 hosfontis.
2591 5373 2713 5428 infr.
2754 5375 2974 5452 lib.___ttt_,
3023 5377 3178 5452 epist.
3221 5377 3320 5452 ult.
3347 5377 3529 5452 Paulo
3574 5392 3729 5452 post,

2134 5455 2296 5522 caput
2335 5446 2499 5522 fontis
2519 5452 2681 5522 vocat
2713 5483 2726 5498 .
2757 5453 2810 5500 et
2840 5444 3060 5515 Ulpian.
3083 5447 3118 5502 l.
3151 5449 3204 5517 l,
3234 5447 3298 5502 D.
3329 5449 3404 5503 de
3427 5444 3732 5522 omn-quoi

2134 5513 2215 5572 id;
2237 5524 2292 5569 et
2316 5515 2482 5568 uastiv.
2519 5513 2680 5567 Fons.

2205 5598 2228 5626 ε
2262 5582 2577 5660 Perennitas
2625 5599 2810 5660 atill‘al'.
2833 5582 3064 5660 _lilpian.
3103 5585 3136 5639 I.
3173 5586 3224 5660 μ,
3259 5587 3285 5659 §
3314 5605 3636 5660 quanquam,
3664 5595 3728 5646 de

2133 5673 2252 5719 aqu.
2285 5653 2477 5722 quotid.
2529 5662 2578 5704 et
2627 5655 2786 5706 trstiv.
2833 5653 3101 5719 Tlieophr.
3156 5657 3222 5711 de
3261 5653 3638 5716 i'eium'divis.
3670 5668 3728 5720 τὸ

2133 5727 2270 5800 ὕδωρ
2300 5728 2356 5780 τὲ
2381 5727 2574 5778 diem»
2603 5725 2874 5794 exposuit.
2909 5724 3067 5778 Fons.
