3952 6412
121 354 219 411 569

1444 313 1805 414 νᾏιιιλῐιωι
1849 359 2049 416 LIBER
2090 362 2150 417 ll.

3324 372 3426 428 570

120 489 244 530 aera
299 488 398 528 sua
441 473 711 540 qualitate
757 473 1057 540 succendit,
1107 482 1164 529 et
1214 482 1360 529 tactu
1410 472 1468 526 tit
1513 474 1727 538 habilis,
1759 477 1804 536 Α
1833 477 2069 543 graviter
2091 477 2146 530 in
2195 476 2353 547 longa
2379 487 2538 534 aetate
2565 493 2812 550 peccare.
2843 479 3184 555 Quapropter
3207 487 3428 556 antiqua

119 583 237 625 cum
286 573 508 636 recepta
555 565 718 620 fuerit
764 566 818 620 in
868 565 1098 620 lavacris
1133 583 1147 619 :
1180 565 1321 619 unde
1351 581 1457 619 non
1505 572 1719 618 tantum

119 657 378 713 deliciosa
409 655 659 725 voluptas
687 655 1004 724 acquiritur,
1035 663 1296 726 quantum
1326 655 1521 709 blanda
1547 653 1721 708 medi-

119 747 240 802 cina
286 743 584 800 oonl’ertur.
637 743 856 799 Scilicet
901 745 1020 799 sine
1069 752 1342 798 tormento
1391 759 1520 799 cura
1545 783 1562 808 ,
1604 744 1724 799 sine

121 839 348 894 horrore
391 836 654 904 remedia,
702 835 908 890 sanitas
955 835 1242 905 impunita,
1290 835 1484 888 balnea
1531 843 1723 890 contra

123 931 368 986 diversos
394 927 613 982 dolores
643 927 890 996 corporis
911 927 1166 980 attributa
1196 937 1243 980 ’⁵.
1275 925 1404 998 Qui:
1435 924 1556 979 ideo
1581 925 1724 994 Apo-

122 1037 251 1076 num
299 1018 490 1076 Graeca
539 1018 719 1086 lingua
769 1017 1096 1074 beneﬁcialis
1137 1017 1436 1072 nominavit
1484 1016 1722 1085 antiqui-

124 1122 204 1166 tas
231 1109 296 1176 δς
347 1119 408 1165 ιιι
448 1123 672 1164 causam
717 1108 852 1162 tanti
891 1107 1118 1162 remedii
1161 1121 1306 1176 aeger
1349 1114 1722 1176 cognosceret,

122 1220 246 1260 cum
273 1203 344 1258 de
375 1201 467 1256 tali
499 1201 718 1256 nomine
747 1199 970 1254 dubium
1011 1215 1118 1254 non
1165 1199 1411 1254 haberet.
1443 1196 1552 1253 Sed
1582 1197 1726 1252 inter

125 1294 229 1349 alia
274 1293 382 1348 loci
422 1293 593 1363 ipsius
620 1291 785 1357 bona,
829 1289 960 1344 illud
987 1303 1206 1359 quoque
1234 1288 1557 1359 stupendum
1603 1303 1725 1343 esse

125 1385 434 1450 didicimus,
465 1383 610 1455 quod
641 1399 744 1438 una
791 1383 1118 1438 ﬂuentorum
1148 1390 1342 1436 natura
1372 1379 1599 1434 diversis
1625 1378 1725 1432 mi-

123 1475 362 1530 nisteriis
403 1473 652 1530 videatur
698 1469 1071 1526 accommoda.
1119 1469 1254 1526 Nam
1300 1468 1548 1539 protinus
1591 1481 1724 1521 saxo

123 1566 456 1636 suscipiente
483 1563 668 1620 collisa
716 1561 921 1617 inhalat
950 1562 1136 1632 primae
1163 1561 1370 1616 cellula:
1393 1558 1724 1616 sudatoriam

121 1660 479 1730 qualitatem;
529 1655 728 1712 deinde
776 1656 828 1710 in
873 1655 1050 1712 solum
1097 1653 1338 1723 mitigata
1368 1652 1724 1714 descendens,

123 1750 324 1808 minaci
353 1748 550 1804 ardore
579 1747 854 1817 deposito,
895 1746 1049 1801 suavi
1095 1745 1490 1816 temperatione
1537 1742 1730 1798 mollec

1828 568 1936 622 illic
1960 569 2310 624 mdiliciorum
2341 571 2584 626 soliditas
2610 573 2914 640 innovctur,
2969 584 3028 629 ut
3060 577 3172 632 sive
3199 577 3250 632 in
3281 579 3428 633 thcr.

1825 660 1946 722 mis,
1981 661 2095 714 sive
2125 660 2176 714 in
2207 661 2471 717 cuniculis
2519 663 2682 718 fuerit
2724 664 2925 734 aliquid
2957 668 3337 738 reparandum,
3373 678 3427 725 te

1824 749 2026 804 debeat
2049 752 2364 808 imminente
2387 756 2708 810 reconstrui.
2733 755 2972 826 Virgulta
2987 773 3202 828 quoque
3216 762 3376 814 noxia
3396 759 3425 798 ά

1827 841 2236 910 importunitate
2269 845 2564 909 nascentia,
2615 846 2816 900 eVulsis
2852 847 3146 916 cespitibus
3175 850 3423 904 auter-an-

1828 937 1954 985 tur:
1987 949 2057 987 ne
2081 931 2320 989 radicum
2365 935 2582 1004 quidam
2614 938 2792 1008 capilli
2837 940 3091 1008 paulatim
3126 949 3424 1010 turgentes,

1826 1021 2148 1079 fabricarum
2197 1027 2492 1082 visceribus
2542 1029 2863 1097 inserantur,
2918 1039 2973 1084 et
3021 1045 3176 1088 more
3207 1034 3426 1102 vipereo

1829 1116 2034 1186 prolem
2064 1118 2165 1172 sibi
2205 1118 2532 1174 fecunditate
2560 1123 2834 1176 ct'n'itraria
2886 1125 3146 1188 nutri-ant,
3197 1125 3337 1178 unde
3366 1140 3426 1178 se

1827 1219 2088 1277 compago
2135 1225 2327 1264 casura
2355 1211 2673 1280 disrutnpat.
2726 1211 2988 1267 Palatium
3021 1229 3238 1284 quoque
3269 1215 3426 1282 longa

1825 1308 2107 1354 senectute
2134 1309 2442 1368 quassatum
2483 1303 2824 1371 reparatione
2864 1305 3075 1358 assidua
3106 1306 3422 1360 eorrohora.

1828 1389 2072 1459 Spatium
2101 1392 2246 1460 quod
2293 1395 2437 1448 inter
2460 1396 2629 1448 artem
2657 1395 2946 1464 publicam,
2989 1404 3045 1450 et
3071 1404 3234 1466 caput
3265 1395 3420 1464 igniti

1827 1479 1992 1535 fontis
2021 1481 2326 1550 interjancet,
2360 1484 2592 1540 silvestri
2627 1487 2920 1554 asperitate
2943 1487 3201 1557 drpurga.
3233 1488 3428 1543 Rideat

1829 1568 2042 1626 ﬂorenti
2071 1573 2314 1640 gramine
2343 1573 2509 1629 facies
2533 1575 2729 1630 decora
2756 1580 3094 1646 campestris,
3122 1593 3241 1648 quae
3262 1581 3427 1634 etiam

1831 1663 2072 1719 ardentis
2101 1679 2256 1734 aqua:
2282 1664 2558 1722 fertilitate
2580 1668 2818 1736 lmtatur;
2851 1671 3096 1740 miroque
3119 1673 3277 1726 modo
3299 1673 3428 1726 dum

1833 1755 2080 1824 proxime
2107 1756 2276 1810 salem
2316 1767 2540 1827 generet
2579 1760 2840 1824 sterilem,
2894 1762 3097 1815 nutriat
3141 1765 3346 1832 pariter
3374 1771 3430 1817 ut

123 1843 266 1908 scit;
297 1856 424 1896 mox
448 1841 502 1896 in
531 1839 766 1895 vicinum
793 1837 1081 1908 producta,
1111 1852 1232 1892 cum
1263 1836 1439 1908 aliqua
1468 1835 1726 1890 dilatione

1838 1851 2054 1906 virores.
2105 1850 2210 1905 Sed
2257 1867 2367 1906 non
2408 1852 2492 1906 his
2542 1861 2750 1907 tantum
2800 1854 3074 1910 beneﬁciis
3122 1855 3428 1912 Antenorea

125 1930 422 2002 torpuerit,
450 1929 621 1986 multo
664 1929 912 1984 blandius
939 1928 1258 1998 intepescit;
1305 1937 1581 1998 postremo
1609 1927 1728 1998 ipso

124 2033 348 2091 quoque
397 2027 590 2089 tepore
633 2017 920 2086 derelicto,
973 2018 1026 2073 in
1074 2018 1336 2088 piscinam
1366 2017 1730 2072 Neronianum

122 2108 317 2179 frigida
351 2117 562 2166 tantum
589 2107 843 2176 ellicitur,
865 2117 1126 2178 quantum
1150 2109 1296 2178 prius
1328 2107 1590 2163 ferbuisse
1607 2123 1732 2163 sen-

123 2201 276 2255 titur.
309 2198 428 2255 Non
483 2199 753 2256 immerito
779 2201 1018 2255 auctoris
1045 2201 1128 2255 sui
1157 2200 1485 2270 participans
1509 2215 1729 2264 nomen,

126 2291 339 2360 collega
370 2299 454 2346 est
481 2305 602 2344 cum
637 2290 906 2345 viriditate
951 2304 1326 2359 gemmarum;
1358 2299 1418 2344 ut
1449 2290 1563 2361 ipsa
1590 2306 1726 2360 quo.

123 2395 234 2452 que
278 2380 436 2434 vitrei
465 2380 720 2436 elementi
751 2381 936 2436 colore
965 2382 1264 2451 perspicua,
1314 2382 1574 2450 quasdam
1617 2390 1730 2438 tre-

125 2479 343 2528 utentes
373 2471 546 2526 undas
572 2471 756 2541 quieta
786 2481 1150 2528 commoveat.
1174 2471 1282 2527 Sed
1311 2481 1370 2528 ut
1399 2473 1574 2542 ipsum
1595 2489 1732 2542 quo-

125 2579 236 2635 que
266 2565 540 2626 lavacrum
570 2565 822 2620 mundius
851 2567 1187 2632 reddeietur,
1214 2568 1475 2637 stupenda
1497 2567 1729 2637 quadam

121 2655 480 2711 continentiae
509 2655 810 2727 disciplina,
841 2657 894 2710 in
926 2657 1146 2726 undam,
1201 2673 1308 2726 qua
1351 2657 1450 2711 viri
1479 2673 1730 2713 recrean-

123 2757 237 2815 tur,
285 2747 332 2802 si
380 2745 576 2801 mulier
622 2745 915 2803 descendat
946 2757 994 2814 ε,
1045 2745 1352 2802 incenditur
1395 2756 1730 2816 :propterea

119 2833 274 2908 quod
303 2841 359 2889 et
386 2834 518 2906 ipsis
537 2835 706 2890 altera
737 2835 1000 2892 exhibitio
1025 2835 1223 2891 decora
1252 2836 1451 2892 collata
1478 2845 1592 2902 est;
1624 2837 1732 2892 sci-

122 2927 282 2996 licet,
332 2942 400 2983 ne
428 2926 739 2982 ardentium
769 2942 1030 2998 aquarum
1066 2926 1506 2985 fecundissimum
1553 2927 1730 2982 locum

119 3034 236 3074 non
265 3017 560 3074 crederent
605 3017 881 3083 habuisse,
924 3017 1067 3074 unde
1094 3018 1326 3088 plurima
1356 3018 1664 3088 largiretur,
1685 3018 1732 3074 si

123 3122 363 3180 uterque
409 3125 573 3166 sexus
621 3124 730 3165 uno
778 3124 1005 3166 munere
1052 3109 1414 3166 communiter
1464 3116 1728 3164 uteretur.

1833 1951 1978 1996 terra
2011 1941 2237 1997 fecunda
2267 1952 2383 2009 est;
2413 1944 2576 1999 inl'ert
2604 1953 2658 1998 et
2687 1947 2813 2011 alia,
2835 1961 2954 2015 quae
2976 1948 3144 2001 multo
3173 1949 3431 2016 grandius

1832 2031 2206 2103 obstupescas.
2236 2033 2416 2088 Corda
2447 2035 2535 2089 illa
2568 2039 2648 2106 (ut
2679 2037 2750 2091 ita
2773 2037 3026 2105 dixerim)
3057 2040 3338 2100 montium,
3374 2041 3426 2094 in

1831 2124 2005 2180 vicem
2025 2125 2324 2190 secretarii,
2341 2127 2556 2193 negotia
2569 2128 2905 2182 contentiosa
2925 2129 3274 2197 distinguunt.
3293 2128 3428 2184 Nam

1830 2216 1875 2271 si
1897 2215 2019 2285 quis
2046 2215 2186 2275 forte
2213 2232 2382 2286 pecus
2411 2216 2644 2272 furatum
2673 2218 2798 2288 pilis
2835 2220 3032 2274 nativis
3082 2222 3244 2276 solito
3277 2237 3430 2277 inore

1831 2307 2066 2376 spoliare
2094 2309 2516 2377 praesumpserit,
2568 2309 2724 2363 undis
2751 2308 3069 2362 ardentibus
3117 2312 3430 2378 frequenter

1833 2398 2168 2464 immersum,
2218 2413 2441 2453 necesse
2497 2407 2581 2454 est
2633 2408 2695 2454 ut
2739 2408 2900 2454 antea
2953 2400 3219 2469 decoquat
3264 2418 3426 2472 quam

1833 2489 2127 2544 emundare
2159 2490 2467 2559 przevaleat.
2501 2489 2544 2545 Ο
2572 2503 2698 2546 Vere
2725 2495 3073 2548 secretarium
3101 2496 3222 2562 jure
3269 2511 3426 2549 reve-

1832 2580 2080 2648 rendum,
2109 2580 2326 2650 quando
2357 2581 2408 2634 lu
2440 2582 2522 2636 his
2551 2583 2704 2650 aquis
2733 2599 2839 2636 non
2872 2585 3044 2637 solum
3068 2601 3304 2651 sensum,
3331 2586 3426 2640 sed

1832 2670 1994 2725 etiam
2027 2687 2213 2726 verum
2242 2684 2455 2727 constat
2485 2689 2604 2728 esse
2622 2673 2916 2743 judicium;
2941 2688 2996 2728 et
3023 2677 3166 2746 quod
3192 2677 3426 2732 humana

1833 2762 2020 2830 nequit
2047 2762 2398 2818 altercatione
2427 2764 2666 2830 dissolvi,
2693 2766 2920 2819 fontium
2951 2766 3133 2820 datum
3165 2777 3249 2822 est
3269 2770 3430 2836 {equio

1834 2862 1946 2909 tate
1973 2855 2204 2910 deliniri.
2235 2855 2496 2926 Loquitur
2524 2857 2636 2912 illic
2676 2859 2836 2913 tacita
2871 2870 3086 2927 natura,
3133 2861 3258 2914 dum
3287 2861 3432 2928 judi-

1831 2957 1939 3014 cat,
1970 2956 2026 3003 et
2047 2950 2368 3003 sententiam
2398 2951 2797 3018 quodammodo
2826 2953 2970 3013 dicit,
3003 2969 3124 3022 qua:
3153 2955 3429 3026 perﬁdiam

1834 3040 2079 3110 negantia
2105 3039 2359 3094 excludit.
2393 3039 2500 3095 Sed
2529 3042 2651 3109 quis
2680 3042 2781 3098 ista
2811 3058 3135 3100 conservare
3173 3044 3428 3114 negligat,

1830 3132 2079 3199 quamvis
2105 3130 2334 3201 plurima
2364 3132 2656 3188 tenacitate
2683 3133 3000 3187 sordescat?
3027 3133 3302 3204 Siquidem
3340 3153 3432 3190 or-

120 3201 257 3258 Hzec
285 3199 600 3272 perennitas
638 3215 900 3270 aquarum
949 3199 1280 3270 intelligendi
1325 3208 1546 3270 praestat
1588 3199 1727 3254 indi-

1838 3230 1930 3276 nat
1951 3199 2196 3290 regnum,
2221 3221 2368 3291 quod
2394 3219 2558 3277 fuerit
2585 3222 2930 3290 singulariter
2958 3232 3072 3278 toto
3101 3199 3234 3278 orbe
3261 3227 3432 3279 ιιοιιιίσ

116 3297 296 3362 cium,
343 3309 442 3365 per
472 3294 655 3363 igneas
679 3303 838 3349 terra:
865 3309 1034 3349 venas
1061 3293 1288 3349 occultis
1333 3292 1601 3348 meatibus
1641 3293 1727 3348 in-

91 3382 390 3457 ﬂuentem
438 3383 674 3450 deintus,
724 3383 777 3438 in
807 3397 968 3438 auras
996 3397 1284 3454 erumpere
1323 3383 1535 3438 excocti
1567 3383 1731 3440 fontis

122 3475 391 3543 irrignam
422 3473 731 3544 puritatem.
767 3470 899 3527 Nam
947 3471 993 3526 si
1039 3479 1246 3526 natura:
1275 3470 1462 3527 fuisset
1492 3472 1622 3528 illud
1647 3473 1730 3529 in-

120 3565 403 3630 cendium,
444 3564 562 3619 sine
589 3563 809 3618 interitu
851 3563 1165 3619 substantiae
1207 3579 1316 3618 non
1345 3563 1535 3620 luisset
1562 3565 1728 3620 amis-

117 3673 246 3716 sum
277 3656 389 3731 [ed.
415 3657 509 3710 Ac.
541 3668 590 3711 et
616 3655 771 3720 For.,
801 3653 1135 3726 admissum].
1188 3653 1294 3710 Sed
1325 3671 1476 3725 aqua:
1503 3657 1732 3712 materia

117 3749 419 3816 sensibilis,
451 3749 592 3805 sicut
621 3747 966 3820 peregrinum
995 3748 1266 3802 contraxit
1295 3749 1493 3816 ignem,
1525 3749 1604 3804 sic
1627 3748 1732 3804 ite-

118 3857 250 3897 rum
273 3841 516 3896 nativum
547 3839 706 3895 facile
735 3839 928 3910 recipit
947 3837 1054 3912 [ed.
1079 3839 1200 3905 Ac.,
1223 3839 1445 3910 repetit]
1465 3837 1726 3908 algorem.

117 3930 362 3988 Prmstat
386 3939 446 3987 et
469 3931 616 3986 aliud
644 3929 902 4000 adjutorii
927 3945 1100 4000 genus
1135 3931 1214 3986 vis
1242 3930 1331 3984 illa
1359 3931 1732 4000 medicabilis;

117 4039 256 4079 nam
276 4022 437 4094 juxta
467 4032 634 4096 caput
657 4024 821 4080 fontis
847 4025 1125 4081 scintillosi
1145 4023 1430 4096 quemdam
1451 4025 1555 4080 sibi
1583 4041 1734 4082 mea-

118 4123 242 4170 tum
293 4113 524 4186 provida
570 4125 765 4170 natura
807 4113 1084 4171 formavit.
1141 4114 1279 4171 llinc
1322 4115 1558 4187 desuper
1593 4117 1734 4174 sella

115 4206 432 4278 composita
457 4248 476 4278 ,
525 4223 646 4279 qua:
682 4208 936 4264 humanis
976 4208 1393 4266 necessitatibus
1431 4209 1488 4264 in
1531 4210 1736 4268 absidis

115 4299 372 4370 speciem
401 4297 727 4370 perforatur,
775 4314 952 4371 aegros
990 4301 1217 4373 suscipit
1260 4300 1476 4357 interno
1501 4301 1734 4359 humore

1834 3319 2038 3366 natum.
2069 3309 2138 3365 Et
2174 3310 2297 3366 ideo
2323 3311 2575 3381 pecunia,
2619 3327 2739 3380 quae
2769 3313 2865 3366 tibi
2893 3313 3017 3368 data
3047 3324 3151 3381 est,
3199 3315 3244 3368 si
3289 3327 3430 3385 Opus

1834 3418 1942 3458 non
1967 3402 2172 3473 poterit
2194 3402 2422 3473 implere
2457 3412 2794 3473 susceptam,
2837 3415 3100 3475 quantum
3129 3407 3303 3462 adhuc
3333 3423 3402 3461 ex

1830 3491 2176 3564 pendendum
2199 3508 2318 3548 esse
2340 3493 2656 3557 credideris,
2677 3495 2856 3550 missis
2879 3495 3034 3551 nobis
3055 3495 3324 3559 brevibus,
3351 3499 3430 3551 in-
3529 3562 3548 3580 δ

1831 3585 2040 3640 dicabis
2055 3605 2063 3636 :
2079 3585 2206 3654 quia
2225 3600 2330 3638 non
2352 3595 2638 3654 gravantur
2653 3585 2986 3656 expendere,
3005 3595 3064 3640 ut
3085 3594 3230 3640 tanta
3253 3587 3434 3640 vidca-

1831 3692 1953 3734 mur
1977 3677 2117 3732 ruris
2136 3687 2348 3732 ammna
2377 3675 2500 3750 [ηις.
2530 3674 2700 3744 R.m.,
2721 3676 2860 3732 ruris
2887 3673 3110 3748 mmnia]
3133 3676 3432 3733 custodire.

2313 3807 2423 3876 38
2461 3801 2793 3861 EPlSTOLA
2832 3799 2946 3858 XL.

2123 3909 2315 3955 BOETIO
2345 3911 2594 3954 »Ατιιιοισ
2619 3905 2987 3952 τηεουοιιιευε
3015 3909 3141 3952 REX.

1831 3983 1974 4048 Dicit
2010 4005 2182 4063 regem
2208 3987 2536 4063 Francorum
2567 3989 2910 4063 φίνταται-ἔμω
2951 3987 3158 4063 magnis
3191 3988 3434 4058 precibus

1899 4059 2194 4133 expedisse.
2242 4059 2414 4133 Rogat
2439 4059 2672 4133 Boetium
2701 4061 2912 4114 inuria:
2939 4061 3180 4133 pernam,
3215 4069 3284 4133 tu
3311 4072 3437 4113 eum

1901 4131 2292 4258 ali—ganwllulta
2321 4131 2386 4186 de
2425 4132 2635 4186 musica:
2663 4133 2838 4199 laude,
2879 4131 3040 4198 tonis,
3084 4131 3274 4195 modia.
3303 4141 3430 4197 δια,

1939 4221 2086 4259 meri
2116 4243 2130 4256 .

1899 4297 2036 4355 Cum
2063 4314 2161 4355 rex
2183 4297 2540 4364 Francorum,
2581 4294 2816 4352 convivii
2855 4293 3028 4350 nostri
3075 4291 3217 4348 fama
3260 4292 3431 4364 pelle-

115 4388 435 4450 delluentes
473 4407 488 4444 :
537 4391 628 4447 ubi
670 4391 798 4448 dum
844 4392 972 4448 least
1019 4391 1188 4449 nimio
1231 4392 1493 4463 languore
1535 4409 1731 4451 conse-
1830 4402 1968 4462 ctus,
1996 4408 2029 4448 a
2055 4391 2211 4448 nobis
2238 4388 2597 4448 citharmdum
2638 4386 2848 4459 magnis
2894 4385 3146 4458 precibus
3173 4381 3432 4458 expetiis-

113 4481 332 4548 derint,
359 4482 578 4552 vaporis
607 4483 748 4539 illius
793 4483 1159 4540 delectatione
1202 4484 1454 4552 recreati,
1502 4493 1562 4541 et
1588 4485 1733 4544 lassa
1829 4495 1933 4552 set,
1964 4484 2080 4542 sola
2100 4484 2314 4539 ratione
2343 4480 2728 4553 complendum
2749 4496 2877 4538 esse
2893 4479 3263 4552 promisimus,
3284 4478 3434 4549 quod

114 4574 340 4632 viscera
370 4571 640 4642 reﬁciunt,
679 4583 737 4630 et
763 4575 1016 4631 humores
1052 4575 1216 4632 noxia
1243 4573 1512 4634 inlusione
1552 4575 1728 4648 larga-
1761 4611 1811 4676 η
1832 4589 1888 4636 te
1916 4576 2237 4635 eruditionis
2262 4576 2483 4632 musica:
2511 4575 2745 4646 peritum
2791 4589 2911 4631 esse
2940 4587 3288 4630 noveramus.
3324 4569 3434 4625 Ad-

115 4675 211 4722 tos
244 4664 352 4738 [ed.
385 4661 510 4720 Niv.
541 4675 593 4719 et
621 4663 800 4732 (iam,
821 4663 1078 4739 laxatos],
1108 4665 1258 4720 vitali
1306 4666 1556 4722 ariditate
1593 4682 1729 4722 con-

111 4757 434 4826 stringunt;
482 4764 544 4838 ut
572 4757 725 4826 quasi
765 4756 947 4827 aliquo
975 4756 1318 4812 desiderabili
1348 4757 1470 4812 cibo
1518 4755 1726 4821 refecti,

112 4846 466 4903 valentiores
491 4855 689 4916 queant
720 4849 968 4920 protinus
1007 4847 1255 4902 inveniri.
1305 4847 1397 4902 Sic
1422 4846 1730 4902 medicabili

110 4940 449 4997 substantia:
477 4940 624 4998 venit
650 4958 681 4995 a
710 4941 990 5012 sulphure,
1017 4942 1164 5011 quod
1184 4941 1352 5008 calet;
1384 4957 1415 4996 a
1435 4941 1723 5010 salsedine,

111 5031 276 5103 quod
307 5031 567 5090 desiccat.
619 5031 769 5088 Talia
798 5034 1032 5106 posteris
1057 5049 1166 5091 non
1213 5035 1450 5104 tradere,
1493 5034 1600 5092 hoc
1644 5043 1728 5091 est

197 5271 228 5301 ι
259 5257 472 5314 Savaro
517 5253 586 5310 ad
629 5249 818 5326 Sidon.
858 5251 1094 5326 Apollin.
1140 5245 1234 5310 lib.
1269 5263 1320 5322 γ,
1367 5269 1454 5326 ep.
1481 5253 1724 5324 3,repo~

111 5334 206 5390 nit
230 5345 304 5386 ex
336 5328 440 5382 lide
465 5335 638 5382 veter.
671 5322 799 5381 cod.
843 5322 1018 5391 doliis,
1068 5333 1131 5380 et
1171 5327 1366 5396 proluit
1404 5322 1728 5381 veteres—sic

112 5406 372 5461 locutos.
403 5397 524 5454 Jun.

201 5477 227 5512 ιι
256 5472 315 5526 Si
365 5485 550 5524 verum
604 5483 866 5533 amamus,
897 5465 1099 5522 nullum
1129 5463 1332 5520 homini
1358 5463 1528 5534 majus
1557 5480 1585 5518 a
1611 5463 1722 5519 Deo

103 5545 338 5609 donum
369 5539 593 5594 concedi
623 5547 804 5609 p0test
831 5539 1068 5594 secunda
1099 5536 1344 5605 corporis
1372 5535 1718 5608 valetudine:

103 5607 194 5671 ἐκ
233 5626 348 5681 qua
395 5607 891 5681 mergnniconditio
929 5610 1329 5681 quadamtenus
1371 5613 1722 5681 temperatur,

109 5676 387 5742 Δειὶεὶιιυε
415 5680 482 5736 de
505 5678 754 5734 Socrate.
801 5679 938 5733 Hinc
963 5677 1168 5741 ἄπονος.
1202 5677 1255 5731 id
1294 5685 1378 5734 est
1405 5676 1590 5730 labore
1627 5690 1722 5729 cae

103 5770 280 5816 rens,
333 5767 364 5804 a
411 5749 554 5806 Julio
595 5748 816 5803 Polluce
863 5747 1238 5802 Onomastieoﬁ
1291 5747 1382 5801 lib.
1415 5746 1600 5805 ἄνοσος
1628 5748 1725 5816 aut

105 5814 388 5882 ἀνὸσήτος
417 5820 726 5890 exponitur.
774 5819 1015 5890 Fontcmi
1042 5819 1200 5885 igitur
1216 5816 1478 5890 _Aponum
1506 5814 1728 5890 inorbo-

111 5911 257 5958 tum
301 5884 608 5968 expertem,
655 5890 798 5962 quod
827 5889 1020 5951 sustinui
1065 5884 1314 5945 beneﬁcii
1363 5903 1425 5943 ac
1453 5884 1726 5944 fclicitatis

1831 4671 1980 4742 jacet
2021 4669 2166 4726 enim
2211 4667 2366 4725 vobis
2412 4667 2634 4722 doctum
2679 4666 2900 4734 eligere,
2949 4665 3043 4735 qui
3088 4663 3431 4734 disciplinam

1837 4765 2007 4836 ipsam
2039 4762 2094 4818 in
2137 4760 2306 4815 arduo
2331 4758 2651 4815 collocatam
2675 4757 2928 4830 potuistis
2955 4757 3241 4826 attingere.
3289 4753 3428 4822 Quid

1835 4856 1981 4912 enim
2026 4853 2116 4909 illa
2145 4849 2508 4924 prmstantius,
2549 4863 2669 4917 qua:
2715 4848 2837 4903 coeli
2876 4847 3181 4902 machinam
3227 4859 3428 4901 sonora

1831 4945 2139 5013 dulcedine,
2157 4953 2212 5000 et
2235 4949 2439 4996 naturze
2460 4939 2890 4995 convenientiam
2914 4939 3113 5008 ubique
3129 4937 3426 5009 dispersam

1832 5035 2046 5092 virtutis
2073 5049 2182 5091 suae
2207 5030 2377 5101 gratia
2408 5028 2855 5099 comprehendit?
2884 5029 3154 5100 Quidquid
3179 5029 3326 5085 enim
3369 5026 3425 5082 in

1829 5254 1953 5311 loco
1983 5253 2224 5318 ponitur,
2249 5248 2520 5318 signiﬁcat
2543 5245 2917 5302 Cassiodorus.
2943 5245 3108 5318 Eoum.

1906 5337 1927 5364 ε
1965 5315 2113 5379 Unde
2142 5315 2320 5376 Mart.—
2344 5319 2378 5374 6
2404 5339 2418 5372 :
2443 5317 2645 5374 Fontes
2671 5317 2848 5388 Aponi
2884 5317 3046 5372 rudes
3085 5315 3303 5387 puellis,
3351 5316 3420 5384 υς

1829 5395 1983 5452 Grul.
2015 5405 2067 5449 et
2098 5394 2284 5460 Cujac.

1900 5465 1922 5503 ἀ
1955 5451 2219 5519 Arborum
2275 5459 2486 5515 radices
2542 5455 2757 5512 fabricis
2790 5451 3027 5512 inferunt
3055 5457 3290 5524 ruinam,
3319 5457 3418 5516 inf.

1832 5537 1925 5590 lib.
1955 5548 2048 5598 vn,
2097 5533 2252 5587 form.
2285 5530 2354 5590 6;
2387 5531 2422 5584 l.
2459 5535 2508 5594 t,
2557 5545 2606 5582 e.
2657 5530 2719 5583 de
2747 5529 3076 5600 aguratum;
3106 5529 3143 5582 l.
3173 5528 3229 5592 ιι
3274 5537 3322 5587 cl.
3365 5535 3434 5592 de.

1833 5607 2024 5662 niteret.
2059 5605 2387 5671 llarmenop.
2419 5601 2492 5656 lib
2545 5615 2605 5668 tt,
2653 5602 2736 5654 tiI.
2767 5599 2822 5656 At.
2869 5603 2980 5660 imi
3003 5607 3176 5673 φυτῶν
3200 5617 3215 5654 ;
3243 5608 3294 5651 Ἠ
3321 5607 3424 5656 τῶν

1834 5687 2002 5750 φυτῶν
2049 5675 2414 5750 καᾼταᾳξᾶτευσξς
2467 5673 2538 5750 εὖ-
2573 5675 2666 5732 τὶς
2740 5674 3018 5750 τυχούσας
3087 5678 3198 5750 rei;
3246 5673 3422 5750 pitius:

1832 5737 2056 5821 ξπςᾳέρᾳι
2089 5737 2326 5821 βξάξας.-
2352 5743 2708 5821 ῥιζοϐολῆῦντι
2738 5737 2851 5821 ’ἶλξρ
2890 5743 3042 5814 μδτὰ,
3089 5747 3196 5796 etc.
3247 5737 3428 5797 Locus

1833 5812 1958 5874 huic
1979 5812 2176 5873 'similis
2207 5831 2268 5871 ac
2305 5812 2413 5870 lci'c
2444 5812 2706 5884 geminus.
2738 5812 2902 5868 Fotis.
