3952 6406
540 346 640 401 571

1758 346 1827 402 Μ.
1871 344 2146 401 AlﬁRELl-l
2185 345 2582 404 CASSIODURI

3732 348 3833 403 572

542 472 865 533 conceptum
894 460 1119 531 alicujus
1146 457 1557 517 modiﬁcationis
1586 458 1790 524 existit,
1813 460 1879 514 ab
1908 460 2127 514 harmo-
2155 463 2198 518 Δ
2229 472 2334 527 que
2358 459 2611 526 Dircmus,
2641 457 2882 512 canendo
2906 456 3140 521 chordis,
3176 456 3465 516 Thebanos
3486 474 3680 514 muros
3704 459 3835 514 dici-

544 554 647 607 niae
670 553 1002 608 continentia
1034 568 1143 608 non
1172 554 1394 608 recedit.
1448 553 1553 608 l’er
1572 554 1718 608 hanc
1758 562 2132 626 competenter

542 647 860 713 cogitamus,
908 646 1130 715 pulchre
1175 646 1463 716 loquimur,
1514 646 1901 703 convenienter
1942 661 2129 700 move-

540 753 691 800 mur;
727 751 847 804 quzn
875 737 1089 804 quoties
1133 735 1200 790 ad
1236 751 1396 791 aures
1435 744 1650 790 nostras
1696 735 1993 804 disciplima
2020 749 2131 789 sua:

538 826 658 893 lege
706 826 1044 894 pervenerit,
1096 826 1320 894 imperat
1370 833 1608 887 cantum,
1660 831 1832 878 mutat
1879 824 2129 877 animos:

538 916 735 971 artifex
773 915 1007 980 auditus,
1056 923 1114 971 et
1138 929 1370 986 operosa
1399 914 1708 970 delectatio.
1761 913 1887 968 Haec
1915 928 2036 969 cum
2063 916 2131 968 de

535 1016 753 1063 secreto
783 1017 1008 1070 naturae,
1037 1016 1291 1078 tanquam
1321 1022 1574 1063 sensuum
1602 1008 1807 1077 regina,
1828 1007 2000 1076 tropis
2019 1007 2131 1061 suis

537 1107 731 1153 ornata
780 1100 1141 1169 processerit,
1190 1099 1409 1168 reliquae
1452 1098 1809 1167 cogitationes
1854 1098 2126 1162 exsiliunt,

535 1191 826 1259 omniaque
865 1191 990 1248 facit
1015 1191 1156 1262 ejici,
1208 1202 1267 1247 ut
1308 1191 1476 1262 ipsam
1507 1190 1854 1246 solummodo
1895 1190 2131 1245 delectet

534 1280 729 1335 audiri.
760 1280 1056 1338 Tristitiam
1098 1282 1316 1337 noxiam
1339 1281 1621 1351 jucundat,
1665 1280 1898 1335 tumidos
1922 1279 2131 1335 furores

537 1382 803 1440 attenuat,
834 1381 1112 1429 cruentam
1141 1374 1402 1430 satvitiam
1430 1373 1594 1429 eflicit
1621 1372 1895 1436 blandam,
1927 1371 2131 1426 excitat

534 1464 801 1533 ignaviam
830 1473 1291 1536 soporantemque
1311 1465 1626 1533 languorem
1659 1462 1776 1536 [ηαδ.
1798 1462 1934 1515 And.
1959 1469 2009 1515 et
2033 1460 2126 1527 D.,

533 1556 626 1613 Gr.
651 1557 855 1630 etCuj.,
883 1558 1091 1627 ignavia
1119 1565 1465 1627 soporantem
1492 1557 1805 1621 humorem;
1830 1553 1934 1607 Hs.
1955 1553 2129 1619 Rem,

531 1655 754 1717 saporat
795 1644 1165 1719 languorem],
1217 1647 1562 1716 vigilantibus
1610 1646 1786 1702 reddit
1837 1646 2133 1701 saluberri-

533 1757 676 1796 mam
704 1742 963 1812 quietem,
992 1741 1236 1795 vitiatam
1272 1740 1394 1814 [ηω.
1426 1740 1586 1805 Aud.,
1638 1738 1936 1810 humatam]
1986 1738 2128 1807 turpi

2236 559 2321 602 tur
2347 549 2681 613 condidisse;
2711 557 2770 603 ut
2812 563 2933 602 cum
2961 547 3209 603 homines
3238 547 3424 603 labore
3460 548 3742 606 marcidos
3767 551 3837 606 ad

2231 638 2464 691 studium
2496 637 2840 707 perfectionis
2866 638 3119 705 erigeret,
3160 652 3290 691 saxa
3334 638 3449 707 ipsa
3475 640 3837 695 crederentur

2232 729 2433 783 relictis
2468 729 2693 798 rupibus
2736 730 3037 783 advenisse.
3084 728 3338 783 Musaeum
3387 730 3553 784 etiam
3596 739 3660 786 et
3707 733 3837 788 artis

2232 818 2427 890 Orphei
2460 822 2644 886 lilium,
2694 832 2749 876 et
2787 830 3015 889 naturae,
3045 822 3283 879 Maronis
3311 834 3626 895 praepotens
3652 826 3836 895 lingua

2231 912 2575 966 concelebrat
2600 931 2612 965 :
2645 913 2831 968 dicens
2854 914 2996 983 apud
3027 913 3228 969 inferos
3258 916 3311 971 in
3338 932 3553 972 summa
3598 919 3839 974 beatitn~

2231 1001 2355 1056 dine
2385 1003 2760 1071 constitutum,
2807 1004 2950 1072 quod
2997 1020 3095 1075 per
3116 1004 3329 1078 Elysios
3369 1023 3596 1080 campos
3650 1010 3840 1068 felices

2231 1098 2437 1152 animas
2458 1107 2663 1168 septem
2692 1098 3017 1155 chordarum
3040 1100 3282 1170 pulsibus
3305 1105 3642 1170 ama-nabat,
3672 1105 3840 1175 signi-

2232 1190 2401 1246 ficans
2423 1207 2631 1246 summo
2657 1191 2879 1261 praemio
2920 1192 3141 1262 perfrui,
3190 1193 3277 1247 cui
3326 1189 3630 1265 dist-iplina:
3677 1194 3841 1264 huius

2229 1282 2520 1350 contigerit
2567 1282 2922 1337 suavitatibus
2949 1282 3177 1351 epulari.
3226 1281 3334 1338 Sed
3373 1283 3491 1339 tunc
3520 1285 3711 1339 omnia
3738 1285 3841 1340 hu-

2235 1386 2397 1426 mano
2427 1372 2606 1429 studio
2652 1388 2752 1443 per
2776 1373 3084 1429 manualem
3115 1375 3379 1430 musicam
3410 1376 3665 1431 videntur
3708 1376 3841 1434 ede-

2230 1470 2339 1517 cta.
2365 1462 2635 1517 Naturalis
2664 1472 2845 1517 autem
2876 1463 3159 1534 rhythmus
3188 1463 3441 1518 animata:
3471 1466 3596 1520 voci
3627 1479 3843 1535 cogno-

2230 1552 2402 1608 scitur
2431 1554 2722 1608 attributus
2751 1569 2764 1606 :
2793 1552 2884 1623 qui
2914 1560 3044 1608 tunc
3071 1553 3300 1623 pulchre
3345 1554 3521 1611 melos
3566 1557 3839 1626 custodit,

2231 1642 2276 1697 si
2306 1651 2432 1712 apte
2462 1652 2659 1709 taceat,
2691 1651 3058 1711 congruenter
3105 1647 3381 1714 loquatur,
3424 1653 3483 1700 et
3507 1660 3610 1715 per
3638 1662 3844 1703 accen-

2232 1742 2319 1788 tus
2346 1733 2486 1787 viam
2526 1734 2746 1790 musicis
2774 1733 3001 1803 pedibus
3046 1735 3351 1804 composita
3373 1751 3507 1790 voce
3526 1736 3840 1805 gradiatur.

532 1847 719 1887 amore
741 1831 809 1886 ad
850 1832 1137 1887 honestum
1162 1831 1396 1887 studium
1435 1838 1656 1886 revocat
1689 1831 2013 1894 castitatem,
2045 1844 2128 1882 sa-
2163 1820 2206 1882 Β
2234 1826 2454 1881 Inventa
2494 1835 2578 1881 est
2615 1841 2834 1896 quoque
2860 1826 2929 1881 ad
2956 1826 3358 1896 permovendos
3395 1827 3614 1883 animos
3650 1838 3844 1885 orato-

535 1930 629 1977 nat
655 1921 852 1977 mentis
892 1922 1107 1975 taedium
1134 1921 1291 1976 bonis
1334 1920 1751 1990 cogitationibus
1794 1935 2006 1989 semper
2033 1920 2129 1973 ad-

533 2028 768 2078 versum,
812 2012 1117 2083 perniciosa
1162 2011 1285 2067 odia
1315 2013 1583 2067 convertit
1624 2010 1693 2065 ad
1735 2011 2125 2065 auxiliatricem

531 2102 795 2171 gratiam;
847 2112 903 2157 et
945 2101 1092 2172 quod
1141 2102 1361 2158 beatum
1387 2117 1558 2171 genus
1580 2096 1874 2157 curationis
1899 2111 2000 2167 est,
2030 2118 2128 2172 per

530 2194 869 2251 dulcissimas
892 2193 1197 2265 voluptates
1226 2194 1450 2265 expellit
1496 2195 1661 2249 animi
1712 2194 2011 2265 passiones.
2038 2193 2126 2248 ln-

529 2301 848 2358 corpoream
877 2287 1113 2342 animam
1140 2286 1502 2357 corporaliter
1527 2286 1747 2351 mulcet,
1804 2294 1861 2341 et
1888 2286 2006 2341 solo
2029 2300 2129 2339 au-

528 2377 642 2432 ditu
671 2376 739 2433 ad
752 2378 897 2447 quod
919 2378 1033 2434 vult
1058 2377 1316 2433 deducit:
1339 2392 1502 2447 quam
1524 2385 1712 2432 tenere
1741 2392 1846 2432 non
1870 2377 2127 2448 prrcvalct

529 2466 693 2521 verbo
723 2467 890 2522 tacito
918 2466 1169 2523 manibus
1197 2467 1420 2535 clamat,
1468 2466 1587 2520 sine
1617 2480 1714 2521 ore
1760 2465 2018 2536 loquitur,
2068 2474 2126 2520 et

529 2571 628 2627 per
656 2557 1045 2612 insensibilium
1070 2556 1386 2626 obsequium
1409 2556 1664 2626 praevalet
1688 2570 1940 2610 sensuum
1961 2571 2123 2610 exer-

527 2664 652 2704 cere
677 2647 1031 2704 dominatum.
1085 2646 1202 2703 Hoc
1230 2656 1402 2703 totum
1448 2647 1590 2703 inter
1613 2647 1859 2702 homines
1885 2646 2125 2716 quinque

529 2737 674 2793 tonis
716 2738 912 2807 agitur,
961 2737 1055 2808 qui
1101 2736 1295 2805 singuli
1342 2736 1740 2807 provinciarum
1787 2736 1877 2792 ubi
1921 2736 2122 2805 reperti

529 2838 653 2885 sunt
697 2830 1009 2885 nominibus
1038 2830 1364 2886 vocitantur.
1397 2828 1670 2885 Miseratio
1709 2829 1911 2900 quippe
1938 2829 2123 2884 divina

524 2921 774 2976 localiter
794 2921 993 2993 sparsit
1018 2921 1268 2989 gratiam,
1296 2920 1424 2976 dum
1457 2920 1639 2977 omnia
1682 2934 1777 2975 sua
1806 2919 1965 2975 valde
1996 2918 2123 2975 fecit

528 3026 647 3068 esse
673 3012 955 3068 laudanda.
980 3011 1173 3069 Darius
1201 3013 1472 3084 pudicitiae
1499 3012 1745 3080 largitor,
1774 3020 1831 3069 et
1857 3013 2121 3069 castitatis

526 3101 747 3179 effector
775 3110 878 3158 est.
927 3101 1190 3175 Phrygius
1218 3118 1426 3174 pugnas
1452 3104 1670 3168 excitat,
1721 3112 1778 3159 et
1818 3112 2002 3159 votum
2033 3104 2120 3158 fn-

525 3193 663 3249 roris
691 3192 1007 3250 inflammat.
1039 3192 1251 3250 IEolius
1278 3195 1450 3249 animi
1480 3203 1830 3265 tempestates
1860 3196 2123 3265 tranquil-

523 3282 622 3353 lat,
649 3299 1008 3355 somnumque
1027 3284 1140 3354 jam
1170 3285 1396 3355 placatis
1433 3285 1696 3340 attribuit.
1727 3284 1929 3341 Jastius
1957 3286 2121 3341 intel-

522 3372 723 3428 lectum
752 3374 961 3431 obtusis
1005 3374 1171 3439 acuit,
1224 3383 1280 3429 et
1326 3383 1546 3430 terreno
1575 3375 1843 3431 desiderio
1884 3378 2121 3446 gravatis

524 3468 826 3525 celestium
854 3470 1221 3538 appetentiam
1259 3469 1524 3525 bonorum
1554 3478 1809 3541 operator
1852 3470 2115 3541 indulget.

525 3556 725 3630 Lydius
739 3568 929 3614 contra
951 3559 1144 3615 nimias
1163 3574 1321 3615 curas
1336 3560 1636 3630 animmque
1664 3561 1822 3616 taedia
1845 3572 2114 3634 repertus,

524 3650 843 3705 remissione
871 3660 1108 3722 reparat,
1137 3659 1195 3707 et
1221 3650 1588 3709 oblectatione
1627 3652 1964 3708 corroborat.
1990 3652 2119 3711 Haec

523 3740 593 3794 ad
632 3740 932 3798 solutiones
958 3742 1310 3814 corruptibile
1345 3743 1599 3799 saeculum
1648 3741 1895 3811 flectens,
1940 3744 2115 3801 hone-

523 3841 665 3888 stum
706 3834 1005 3890 remedium
1054 3845 1212 3907 turpe
1252 3834 1381 3892 fecit
1423 3851 1543 3893 esse
1587 3845 1976 3893 commentum.
2017 3835 2118 3895 Hic

524 3939 650 3980 vero
696 3940 954 3983 numerus
1000 3928 1277 3998 quinarius
1325 3928 1465 3983 trina
1522 3927 1785 3985 divisione
1841 3928 2113 3985 consistit.

520 4014 709 4074 Omnis
735 4018 879 4074 enim
911 4026 1071 4074 tonus
1100 4019 1265 4075 habet
1308 4035 1600 4088 summum,
1650 4027 1707 4075 et
1751 4020 1952 4086 imum;
1999 4019 2115 4076 haec

518 4115 700 4163 autem
726 4108 980 4165 dicuntur
1007 4108 1077 4164 ad
1105 4109 1360 4164 medium.
1388 4108 1455 4164 Et
1480 4109 1737 4179 quoniam
1766 4109 1883 4165 sine
1911 4124 1971 4165 se
1991 4124 2115 4165 esse

517 4214 627 4254 non
658 4207 907 4269 possunt,
948 4214 1069 4269 qua:
1095 4200 1302 4255 alterna
1332 4200 1435 4254 sibi
1462 4199 1834 4255 vicissitudine
1864 4198 2113 4255 referun-

519 4299 626 4357 tur,
656 4292 859 4346 utiliter
888 4291 1166 4346 inventum
1197 4299 1300 4358 est,
1350 4287 1685 4346 artiﬁcialem
1730 4291 2015 4360 musicam,
2058 4291 2116 4348 id

518 4390 605 4438 est
632 4391 916 4438 auctorum
942 4383 1350 4452 operationibus
1378 4382 1603 4438 diversis
1631 4384 1849 4451 organis
1875 4382 2114 4452 exquisi-

517 4481 654 4540 tam,
703 4469 882 4526 modis
928 4472 1234 4541 quindecim
1261 4472 1549 4528 contineri.
1597 4471 1692 4527 llis
1720 4472 1882 4528 rebus
1909 4472 2110 4542 aliquid

2234 1933 2354 1973 rum
2375 1917 2531 1974 fortis
2559 1934 2624 1974 ac
2650 1918 2830 1974 suavis
2868 1919 3068 1987 oratio,
3108 1926 3167 1973 ut
3194 1920 3501 1975 criminosis
3529 1920 3843 1977 irascantur

2226 2007 2458 2078 judices,
2489 2008 2850 2064 misereantur
2877 2008 3220 2077 errantibus;
3272 2018 3329 2065 et
3358 2010 3626 2082 quidquid
3658 2020 3844 2082 potest

2230 2099 2494 2168 eloquens
2522 2098 2758 2164 efﬁcere,
2804 2098 2873 2154 ad
2920 2099 3079 2170 hujus
3117 2099 3417 2171 disciplina:
3464 2117 3579 2158 non
3617 2111 3711 2159 est
3739 2103 3845 2159 duo

2229 2188 2376 2243 bium
2421 2190 2695 2259 pertinere
2742 2190 2992 2259 gloriam.
3035 2189 3222 2248 Poetis
3265 2192 3455 2261 etiam,
3498 2191 3845 2253 Terentiano

2229 2289 2480 2347 testante,
2524 2281 2633 2337 duo
2661 2282 2892 2352 primum
2936 2290 3109 2338 metra
3138 2284 3460 2355 principalia
3488 2294 3619 2342 sunt
3668 2290 3840 2344 attri-

2228 2370 2376 2435 buta,
2429 2370 2482 2425 id
2525 2379 2629 2437 est,
2678 2370 2972 2427 Heroicum
3001 2381 3058 2428 et
3089 2372 3387 2429 lambicum
3421 2392 3441 2430 :
3471 2391 3646 2431 unum
3687 2380 3842 2447 quod

2226 2462 2479 2531 erigeret,
2512 2462 2739 2518 alterum
2764 2463 2908 2534 quod
2937 2464 3197 2534 placaret.
3228 2464 3309 2521 Ex
3332 2467 3533 2536 quibus
3574 2467 3653 2523 ad
3682 2470 3842 2526 oble-

2226 2554 2481 2610 ctandum
2510 2554 2722 2611 animos
2748 2556 3080 2611 audientium
3122 2556 3333 2612 diversa
3358 2558 3655 2629 progenita
3685 2571 3839 2617 sunt.

2228 2644 2295 2700 Et
2324 2654 2383 2701 ut
2408 2647 2461 2701 in
2491 2647 2710 2716 organis
2742 2648 2872 2715 toni,
2899 2648 2971 2703 ita
3004 2648 3058 2703 in
3079 2648 3318 2705 humana
3339 2664 3478 2708 voce
3499 2653 3689 2710 varias
3718 2656 3841 2710 ani-

2227 2735 2300 2790 mi
2329 2734 2645 2793 affectiones
2673 2737 2891 2806 gravida
2932 2747 3106 2793 metra
3133 2750 3490 2809 pepererunt.
3520 2742 3758 2801 Sirenas
3786 2746 3841 2800 in

2226 2827 2541 2882 miraculum
2568 2837 2817 2883 cantasse
2858 2829 3070 2885 curiosa
3101 2840 3127 2867 ι
3176 2831 3358 2901 prodit
3396 2833 3741 2902 antiquitas;
3787 2846 3845 2892 et

2224 2919 2471 2990 quamvis
2494 2918 2807 2987 navigantes
2830 2919 3026 2976 fluctus
3044 2920 3362 2992 abduceret,
3379 2924 3611 2979 carbasa
3634 2935 3844 2983 ventus

2224 3010 2461 3081 inﬂaret,
2507 3012 2780 3081 eligebant
2824 3013 3064 3068 suaviter
3089 3014 3303 3086 decepti
3340 3017 3605 3087 scopulos
3648 3019 3843 3075 incur-

2225 3116 2367 3167 rere,
2413 3117 2483 3157 ne
2530 3109 2736 3157 tantam
2781 3110 3098 3174 paterentur
3124 3102 3467 3161 dulcedinem
3520 3111 3841 3178 praeterire.

2149 3195 2195 3260 ο
2226 3194 2431 3261 Quibus
2455 3195 2602 3251 solus
2630 3195 2846 3251 Ithacus
2867 3196 3057 3261 evasit,
3082 3195 3173 3265 qui
3203 3197 3381 3251 nautis
3407 3198 3841 3257 sollicitatorent

2222 3288 2471 3358 protinus
2508 3288 2777 3343 obstruxit
2805 3287 3046 3342 auditum
3076 3296 3269 3343 contra
3314 3290 3539 3345 noxiam
3586 3291 3843 3349 dulcedi-

2221 3393 2367 3434 nem.
2399 3377 2669 3447 Cogitavit
2715 3379 2796 3433 vir
2819 3378 3272 3449 prudentissimus
3302 3377 3683 3437 felicissimam
3715 3401 3846 3440 sur-

2219 3468 2464 3537 ditatem,
2508 3476 2565 3523 et
2603 3483 2764 3539 quam
2798 3469 3021 3524 vincere
3051 3468 3406 3540 intelligendo
3434 3488 3549 3527 non
3580 3484 3836 3544 poterat,

2220 3558 2412 3613 melius
2456 3573 2565 3614 non
2595 3558 2926 3614 advertendo
2971 3559 3285 3631 superabat.
3326 3558 3401 3615 Se
3447 3576 3587 3618 vero
3635 3565 3836 3620 solidi—

2219 3651 2317 3705 tati
2348 3650 2558 3707 arboris
2585 3652 2898 3707 constrictis
2946 3653 3175 3708 nexibus
3213 3653 3472 3721 illigavit,
3523 3666 3591 3711 ut
3641 3668 3707 3713 ct
3756 3659 3839 3714 fa-

2217 3755 2401 3797 mosos
2444 3748 2634 3797 cantus
2680 3742 2863 3798 liberis
2890 3743 3112 3799 auribus
3160 3743 3396 3814 probare
3423 3747 3732 3816 potuisset,
3786 3758 3840 3804 et

2216 3828 2453 3903 pericula
2482 3831 2775 3888 dulcisonze
2799 3833 2948 3889 vocis
2977 3834 3122 3889 unda
3165 3834 3417 3904 rapiente
3446 3835 3677 3893 vinctus
3706 3854 3839 3894 eva-

2215 3922 2389 3978 deret.
2421 3920 2619 3976 Verum
2649 3932 2708 3976 ut
2735 3930 2793 3977 et
2818 3937 2918 3978 nos
2938 3922 3066 3977 talia
3087 3923 3343 3994 exemplo
3363 3925 3639 3994 sapientis
3660 3927 3837 3984 Ithaci

2214 4020 2575 4082 transeamus,
2602 4013 2891 4084 loquamur
2910 4014 2978 4071 de
3006 4014 3099 4071 illo
3125 4014 3281 4086 lapso
3304 4030 3336 4071 e
3356 4018 3505 4072 creto
3528 4015 3833 4084 Psalterio,

2214 4106 2361 4177 quod
2409 4106 2492 4161 vir
2537 4113 2655 4162 toto
2702 4107 2835 4162 orbe
2876 4106 3163 4162 cantabitis
3207 4107 3280 4161 ita
3324 4106 3683 4164 modulatum
3735 4127 3836 4181 pro

2215 4199 2407 4254 animae
2430 4200 2691 4268 sospitate
2710 4200 3034 4271 composuit,
3064 4209 3125 4255 ut
3167 4199 3252 4255 his
3274 4199 3499 4270 hymnis
3530 4210 3593 4256 et
3623 4204 3833 4259 mentis

2213 4291 2439 4346 vulnera
2468 4298 2810 4358 sanarentur,
2859 4297 2916 4346 et
2961 4289 3266 4345 Divinitatis
3311 4290 3621 4359 singularis
3651 4296 3835 4362 gratia

2214 4381 2584 4451 conquiratur.
2631 4379 2713 4435 En
2757 4380 2903 4450 quod
2951 4381 3208 4437 saeculum
3238 4380 3468 4436 miretur
3504 4390 3565 4437 et
3596 4386 3833 4439 credat:

2212 4471 2422 4540 pepulit
2452 4470 2706 4526 Davidica
2731 4470 2847 4542 lyra
2875 4470 3179 4537 diabolum;
3205 4484 3373 4526 sonus
3400 4471 3706 4539 spiritibus
3738 4475 3839 4529 im-

517 4560 695 4629 majus
744 4561 1005 4629 adjiciens
1053 4560 1287 4617 humana
1331 4563 1574 4632 solertia,
1618 4563 1778 4618 terris
1823 4564 2111 4632 quamdam
2140 4555 2190 4616 D
2215 4563 2458 4633 perarit;
2488 4570 2543 4617 et
2572 4570 2802 4618 canente
2827 4562 3032 4618 cithara
3068 4569 3152 4617 ter
3178 4576 3274 4617 rex
3307 4561 3361 4615 in
3392 4561 3726 4619 libertatem
3752 4580 3841 4620 re-

518 4652 858 4707 harmoniam
887 4652 1198 4709 doctissima
1225 4654 1574 4724 inquisitione
1595 4655 1834 4724 collegit,
1863 4669 1981 4724 qua:
2003 4655 2113 4709 dia—

517 4762 691 4817 pason
734 4748 1062 4821 nominatur.
1109 4765 1179 4805 ex
1224 4751 1474 4806 omnibus
1515 4751 1722 4806 scilicet
1749 4760 2107 4821 congregata;

517 4844 580 4891 ut
603 4838 849 4903 virtutes,
881 4819 1014 4910 quas
1043 4839 1351 4895 universum
1395 4840 1566 4898 melos
1592 4840 1793 4896 habere
1821 4840 2106 4910 potuisset,

518 4928 633 4984 inec
661 4928 916 4986 adunatio
939 4930 1199 4986 mirabilis
1225 4931 1548 4987 contineret.
1582 4931 1717 4986 llinc
1733 4932 1978 5002 Orpheus
1999 4948 2113 4987 mu-

520 5018 589 5074 tis
616 5020 937 5076 animalibus
964 5019 1258 5077 efiicaciter
1279 5022 1584 5092 imperavit,
1615 5036 1888 5092 vagosque
1922 5034 2113 5091 greges

515 5112 844 5182 contemptis
871 5113 1089 5183 pascuis
1116 5111 1187 5167 ad
1216 5112 1470 5168 audiendi
1498 5112 1685 5183 epulas
1714 5113 1893 5182 potius
1922 5113 2112 5169 invita-

517 5201 614 5256 vit.
642 5201 740 5257 lllo
766 5210 1023 5258 cantante
1057 5210 1376 5257 amaverunt
1422 5202 1595 5259 siccas
1625 5201 1875 5258 Tritones
1905 5213 2103 5270 terras;

517 5291 742 5348 Galatea
771 5293 894 5349 lusit
938 5294 993 5348 in
1040 5292 1255 5360 solidis;
1303 5292 1655 5350 deseruerunt
1697 5295 1804 5350 ursi
1851 5295 2109 5352 amabiles

516 5383 711 5448 silvas;
739 5383 925 5440 leones
944 5383 1238 5442 domestica
1263 5384 1477 5440 tandem
1493 5392 1721 5440 cauneta
1745 5384 2104 5453 reliquerunt;

514 5475 670 5545 juxta
694 5476 1007 5547 praedonem
1027 5494 1182 5534 suum
1205 5477 1381 5549 praeda
1405 5477 1692 5545 gaudebat.
1716 5476 1773 5531 in
1801 5493 1964 5531 unum
1985 5492 2110 5532 con-

520 5577 738 5623 ventum
765 5569 1038 5625 contraria
1065 5579 1187 5626 vota
1209 5569 1436 5625 collecta
1465 5577 1613 5635 sunt,
1633 5576 1691 5622 et
1712 5567 1869 5621 fidem
1893 5567 2109 5623 dicente

519 5655 655 5731 lyra,
683 5661 865 5735 omnia
895 5660 998 5717 sibi
1027 5661 1251 5716 adversa
1279 5659 1640 5715 crediderunt.
1673 5658 1940 5728 Amphion
1971 5674 2107 5727 quo-

2215 4654 2350 4719 diit,
2402 4668 2563 4723 quem
2610 4653 2855 4708 internus
2900 4652 3151 4706 inimicus
3199 4650 3433 4720 turpiter
3480 4654 3837 4722 possidebat.

2215 4741 2350 4797 Nam
2378 4743 2507 4797 licet
2535 4742 2695 4811 hujus
2732 4740 3113 4797 delectationis
3141 4754 3345 4809 organa
3394 4741 3572 4795 multa
3628 4742 3840 4800 fuerint

2216 4832 2506 4902 exquisita,
2553 4831 2688 4886 nihil
2736 4839 2917 4887 tamen
2963 4829 3235 4887 efﬁcacius
3284 4839 3368 4885 est
3416 4830 3718 4888 inventum
3768 4834 3835 4888 ad

2215 4922 2610 4996 permovendos
2650 4923 2882 4985 animos,
2932 4936 3094 4991 quam
3138 4935 3395 4976 concavae
3442 4923 3561 4993 39
3601 4925 3838 4980 citharae

2211 5013 2408 5069 blanda
2435 5011 2735 5067 resultatio.
2788 5008 2928 5063 Hinc
2955 5008 3121 5064 etiam
3142 5008 3496 5078 appellatam
3535 5013 3836 5067 existima-

2213 5121 2333 5161 mus
2359 5104 2639 5171 chordam,
2663 5101 2810 5172 quod
2856 5100 3015 5156 facile
3042 5099 3207 5156 corda
3238 5108 3481 5155 moveat.
3513 5100 3625 5157 Ubi
3672 5114 3831 5160 tanta

2213 5211 2405 5252 vocum
2445 5194 2673 5250 collecta
2728 5200 2814 5247 est
2862 5190 2962 5246 sub
3007 5190 3325 5245 diversitate
3376 5193 3716 5260 concordia,
3772 5206 3831 5249 ut

2216 5289 2389 5344 vicina
2419 5284 2625 5343 chorda
2654 5284 2866 5356 pulsata
2894 5283 3121 5338 alteram
3167 5280 3330 5337 faciat
3359 5292 3565 5352 sponte
3601 5296 3829 5342 contre-

2210 5380 2456 5443 miscere,
2485 5392 2648 5447 quam
2678 5375 2881 5430 nullum
2910 5373 3136 5443 contigit
3163 5373 3430 5442 attigisse.
3455 5372 3647 5431 Tanta
3677 5380 3829 5433 enim

2209 5471 2290 5525 vis
2318 5477 2401 5525 est
2428 5466 2842 5533 convenientiae,
2892 5473 2952 5520 ut
2978 5479 3095 5519 rem
3126 5464 3497 5520 insensualem
3528 5465 3739 5537 sponte
3768 5484 3829 5524 se

2210 5577 2431 5618 movere
2473 5558 2653 5624 faciat,
2705 5557 2833 5626 quia
2879 5556 2999 5626 ejus
3046 5557 3250 5613 sociam
3278 5566 3501 5613 constat
3526 5546 3823 5628 agitatam:

2210 5656 2347 5710 llinc
2372 5654 2597 5708 diverse
2623 5648 2845 5705 veniunt
2872 5648 2990 5703 sine
3026 5647 3211 5718 lingua
3240 5662 3437 5716 voces;
3492 5650 3629 5708 hinc
3661 5654 3827 5708 variis

602 5865 631 5897 ι
654 5857 718 5914 D.
749 5857 918 5917 .liret.
969 5872 1122 5934 putat
1160 5860 1441 5930 legendum
1486 5866 1710 5934 cariosa,
1741 5862 1826 5920 vel
1869 5878 2022 5926 cana,
2052 5866 2109 5914 ut
2146 5857 2282 5914 infra
2311 5856 2401 5913 lib.
2433 5872 2509 5924 tu,
2537 5870 2623 5927 ep.
2653 5854 2740 5923 33,
2778 5869 2910 5909 cana
2933 5852 3097 5910 dictat
3125 5854 3442 5926 antiquitas.
