3952 6384
101 358 191 417 573

1358 352 1724 408 VMlIARUM
1768 351 1964 410 LIBER
2005 353 2066 411 ll.

3260 357 3366 414 δτι

103 473 234 530 sultis
261 467 485 524 efﬁcitur
512 467 728 538 quidam
751 469 1100 527 suavissimus
1127 469 1345 532 chorus,
1396 469 1486 523 illa
1515 477 1674 523 acuta
1703 476 1748 528 Δ
1847 474 2084 534 mannis:
2117 482 2222 526 mm
2250 472 2430 524 suadet
2449 471 2771 528 clementiam
2786 487 2911 540 erga
2931 472 3048 527 illos
3076 473 3164 539 qui
3192 471 3370 529 Italic

101 562 249 616 nimia
280 558 543 626 teusione,
585 558 686 612 ista
717 559 896 628 gravis
936 559 1115 628 aliqua
1143 559 1387 626 laxitate,
1419 559 1532 614 haec
1561 573 1676 613 me-

102 657 178 712 dia
208 666 354 724 tergo
383 649 732 707 blandissin'te
769 659 1106 721 temperato;
1160 659 1219 706 ut
1247 652 1492 706 homines
1520 666 1580 706 se
1605 650 1674 706 ad

99 755 286 803 tantam
313 745 610 818 perducere
639 759 746 799 non
777 743 1106 814 pratvaleant
1126 744 1408 807 unitatem,
1433 743 1484 797 in
1507 758 1678 813 quan-

101 853 198 897 tam
222 840 286 896 ad
309 822 564 896 socialem
589 839 1023 895 convenientiam
1054 839 1262 894 ratione
1289 838 1528 894 carentia
1550 853 1675 908 per-

99 938 362 986 venerunt.
411 928 489 984 lbi
534 929 678 984 enim
715 928 975 998 quidquid
1023 929 1371 995 excellenter,
1413 927 1674 998 quidquid

99 1022 463 1093 ponderatim,
511 1019 768 1093 quidquid
816 1036 1016 1086 rauce,
1059 1020 1324 1090 quidquid
1365 1021 1670 1090 purissime,

99 1115 323 1185 aliasque
359 1113 646 1169 distantias
688 1121 866 1176 sonat,
909 1113 1063 1182 quasi
1109 1113 1162 1168 in
1207 1128 1371 1168 unum
1420 1119 1674 1167 ornatum

98 1213 294 1260 constat
333 1219 454 1260 esse
479 1202 788 1260 collectum.
835 1201 900 1257 Et
947 1211 1003 1258 ut
1052 1201 1300 1258 diadema
1320 1201 1495 1257 oculis
1522 1202 1673 1256 varia

101 1298 208 1353 luce
233 1310 588 1366 gemmarum,
613 1294 691 1350 sic
719 1294 926 1350 cithara
955 1294 1272 1348 diversitate
1311 1294 1431 1347 soni
1459 1293 1674 1348 blandi.

100 1397 180 1441 tur
202 1386 424 1442 auditui.
473 1384 743 1441 Musarum
773 1385 881 1440 tela
911 1385 1130 1456 loquax,
1167 1385 1395 1439 stamina
1424 1384 1671 1451 verbosa,

102 1479 181 1533 fila
204 1477 469 1542 canentia,
496 1477 551 1531 in
572 1477 767 1547 quibus
795 1485 986 1546 arguto
1009 1477 1218 1546 plectro
1267 1477 1489 1544 texitur,
1530 1474 1674 1545 quod

102 1570 319 1626 dulciter
355 1567 624 1624 audiatur.
657 1566 806 1622 Hanc
850 1567 1011 1636 igitur
1036 1567 1102 1621 ad
1131 1567 1487 1622 imitationem
1513 1567 1678 1621 varia:

101 1660 370 1718 testudinis
396 1658 698 1715 Mercurius
742 1657 940 1713 dicitur
978 1657 1265 1721 invenisse,
1314 1671 1475 1726 quam
1525 1663 1676 1710 tanta

101 1752 314 1807 utillima
342 1757 728 1822 procurantem
759 1748 1057 1804 astronomi
1087 1748 1226 1803 inter
1271 1747 1457 1804 stellas
1494 1745 1678 1816 requi-

101 1842 310 1898 rendam
355 1855 480 1898 esse
524 1847 851 1911 putaverunt
900 1855 915 1893 :

103 1948 211 1988 esse
235 1931 517 1996 musicam,
547 1929 765 2002 quando
795 1929 922 2002 lyra:
944 1928 1170 1985 formam
1211 1929 1675 2002 comprehendere

102 2031 377 2094 potuerunt
423 2022 569 2078 inter
595 2020 776 2076 sidera
820 2021 1159 2082 collocatam.
1205 2017 1498 2074 Harmonia
1544 2033 1675 2074 vero

102 2115 210 2171 coeli
254 2114 492 2169 humano
518 2127 769 2168 sermone
797 2111 992 2168 idonee
1023 2128 1130 2168 non
1169 2120 1347 2182 potest
1391 2111 1674 2180 explicari,

101 2219 246 2276 quam
275 2203 412 2259 ratio
443 2211 654 2258 tantum
684 2203 865 2256 animo
893 2201 1060 2268 dedit,
1110 2201 1206 2257 sed
1235 2201 1456 2256 auribus
1481 2209 1674 2254 natura

103 2312 201 2352 non
224 2296 472 2367 prodidit.
509 2295 704 2350 Dicunt
731 2295 875 2350 enim
903 2295 1103 2350 debere
1123 2293 1292 2358 credi,
1315 2301 1374 2348 ut
1399 2293 1676 2348 beatitudo

103 2387 323 2444 caelestis
365 2387 518 2443 illius
550 2385 1004 2442 oblectationibus
1045 2383 1372 2455 perfruatur,
1414 2399 1535 2453 qua:
1575 2399 1677 2439 nec

106 2478 200 2535 line
223 2477 418 2554 deficit,
459 2493 565 2533 nec
609 2477 788 2546 aliqua
837 2477 1236 2532 intermissione
1281 2476 1584 2531 marcescit.
1617 2475 1674 2534 In

105 2569 211 2640 ipso
251 2570 448 2640 quippe
500 2569 776 2624 intellectu
825 2569 1070 2624 habitare
1131 2567 1370 2623 referunt
1418 2583 1674 2638 superna,

105 2659 222 2730 ipsis
245 2661 447 2717 deliciis
477 2659 719 2716 celestia
746 2658 970 2731 perfrui,
1017 2667 1075 2714 et
1120 2660 1316 2714 talibus
1343 2676 1446 2715 con
1473 2660 1678 2730 empla-

107 2751 323 2806 tionibus
369 2749 690 2805 inhzerentia
740 2751 914 2804 beatis
977 2749 1180 2820 jugiter
1223 2750 1678 2808 delectationibus

107 2841 375 2898 contineri.
407 2840 558 2897 Bene
585 2840 803 2912 quidem
833 2839 1100 2908 arbitrati,
1123 2840 1168 2894 si
1193 2853 1412 2894 causam
1437 2840 1678 2896 cmlestis

105 2929 435 2987 beatitudinis
457 2947 570 2986 non
593 2931 647 2985 in
676 2931 844 2993 sonis,
862 2929 958 2987 sed
989 2930 1317 2986 inCreatore
1343 2931 1676 3001 posuissent:

106 3023 185 3080 ubi
209 3024 470 3080 veraciter
499 3023 618 3079 sine
640 3021 744 3078 fine
770 3022 1024 3093 gaudium
1052 3033 1155 3090 est,
1173 3022 1290 3077 sine
1316 3022 1498 3092 aliquo
1520 3022 1678 3077 tazdio

107 3131 312 3174 manens
337 3132 557 3190 semper
583 3118 894 3186 aeternitas;
932 3126 987 3174 et
1015 3117 1281 3189 inspectio
1324 3119 1440 3174 sola
1471 3117 1676 3172 Divini-

1849 541 2042 612 ﬁuibus
2068 544 2302 596 exterriti
2328 542 2663 604 celabantur;
2698 544 3110 612 tandemgmouet
3137 559 3193 596 se
3219 541 3369 599 binos

1847 610 2050 684 legatos
2080 629 2194 667 cum
2231 612 2516 668 cit/tarde
2549 613 2774 681 expetito
2796 614 2851 666 in
2886 610 3110 667 Calliam
3140 615 3365 671 misisse.

1847 745 2096 803 Gloriosa
2121 745 2337 818 quidem
2367 755 2562 800 vestra:
2590 745 2805 800 virtutis
2833 744 3097 802 afﬁnitate
3127 746 3152 784 ιι
3183 755 3368 816 κιτιῑιιο

1777 838 1971 902 lantur,
2020 837 2166 906 quod
2193 846 2408 905 gentem
2439 835 2772 891 Francorum
2821 837 2996 906 prisca
3037 845 3198 892 :etate
3228 837 3366 892 resi-

1775 931 1918 996 dem,
1949 929 2180 986 feliciter
2208 931 2261 984 in
2291 945 2428 984 nova
2452 930 2633 1000 pnelia
2663 929 2999 992 concitastis,
3031 938 3087 983 et
3110 929 3362 982 Alaman-

1775 1023 1929 1078 nicos
1957 1022 2204 1094 populos,
2253 1022 2431 1076 causis
2461 1021 2771 1076 fortioribus
2820 1020 3126 1082 inclinatos,
3154 1020 3365 1075 victrici

1775 1114 1996 1169 dextera
2028 1114 2357 1169 subdidistis.
2391 1113 2498 1167 Sed
2546 1114 2803 1182 quoniam
2851 1128 3070 1182 semper
3100 1113 3152 1166 in
3182 1119 3369 1166 aucto-

1777 1207 1923 1262 ribus
1945 1205 2182 1276 perfidia:
2211 1205 2524 1262 rcsccahilis
2551 1205 2766 1260 videtur
2793 1221 3051 1260 excessus
3099 1204 3118 1273 (
3139 1203 3263 1274 quia
3313 1212 3370 1260 et

1777 1298 2156 1368 primariorum
2203 1297 2493 1368 plectibilis
2540 1297 2696 1367 culpa
2738 1296 2978 1352 omnium
3030 1297 3193 1352 debet
3245 1311 3368 1350 esse

1777 1387 2078 1458 vindicta),
2113 1397 2291 1442 motus
2317 1396 2531 1444 vestros
2570 1388 2622 1442 in
2653 1386 2825 1442 fessas
2853 1387 3112 1456 reliquias
3158 1395 3370 1458 tempe-

1776 1487 1894 1534 rate
1936 1497 1950 1533 :
1981 1479 2107 1549 quia
2143 1477 2267 1548 jure
2293 1479 2478 1547 gratia:
2521 1487 2800 1533 merentur
2826 1479 3074 1541 evadere,
3106 1494 3244 1549 quos
3296 1477 3368 1533 ad

1776 1578 2062 1642 parentum
2090 1577 2395 1624 vestrorum
2433 1580 2454 1606 ι·
2483 1569 2855 1624 defensionem
2885 1570 3149 1639 respicitis
3173 1568 3366 1624 confu-

1775 1661 1940 1730 gisse.
1969 1658 2154 1715 Estote
2180 1660 2285 1715 illis
2308 1659 2516 1716 remissi
2543 1661 2712 1735 [mss.,
2732 1658 3032 1731 remissus],
3055 1660 3146 1730 qui
3169 1660 3370 1715 nostris

1777 1750 1972 1806 finibus
2016 1750 2262 1804 celantur
2288 1750 2532 1805 exterriti
2563 1749 2682 1822 [σι’.
2714 1750 2830 1817 Cuj.
2877 1757 2926 1803 et
2963 1747 3155 1814 Forn.,
3187 1759 3367 1804 exter-

964 1837 1354 1908 pcrsuadentes
1399 1837 1677 1892 cmlestem
1713 1853 1758 1913 Β
1783 1839 1882 1912 ni].
1912 1839 2280 1896 Memorabilis
2305 1840 2605 1910 triumphus
2634 1848 2737 1903 est,
2778 1839 3135 1894 Alamannum
3165 1839 3371 1894 acerri-

1777 1947 1928 1986 mum
1955 1930 2035 1986 sic
2079 1931 2386 2002 expavisse,
2436 1940 2494 1986 ut
2525 1931 2618 1986 tibi
2650 1946 2774 1986 eum
2804 1945 2969 2000 cogas
2994 1929 3062 1985 de
3085 1930 3208 1984 vitae
3251 1945 3371 1984 mu-

1778 2041 1909 2080 nere
1947 2023 2275 2095 supplicare.
2325 2021 2571 2078 Sufﬁciat
2617 2023 2766 2078 illum
2816 2036 2998 2091 regem
3027 2036 3149 2076 cum
3195 2021 3372 2090 gentis

1777 2131 1888 2170 sua:
1915 2115 2168 2186 superbia
2194 2114 2483 2179 cecidisse;
2513 2112 2747 2169 sufficiat
2791 2113 3238 2168 innumerabilem
3280 2127 3373 2167 na-

1779 2217 1980 2270 tionem
2028 2214 2224 2284 partim
2273 2213 2437 2276 ferro,
2483 2212 2678 2283 partim
2730 2211 2952 2267 servitio
3001 2209 3366 2281 subjugatam.

1778 2307 1911 2362 Nam
1941 2307 1986 2364 si
2015 2321 2138 2363 cum
2181 2305 2400 2376 reliquis
2429 2304 2690 2374 confligis,
2736 2304 2912 2360 adhuc
2940 2314 3165 2360 cunctos
3207 2320 3372 2375 supe-

1779 2413 1925 2452 rasse
1947 2412 2057 2452 non
2084 2395 2340 2452 crederis.
2373 2395 2431 2451 ln
2463 2395 2660 2450 talibus
2688 2395 2866 2450 causis
2891 2396 3078 2466 accipe
3119 2395 3371 2466 frequen-

1781 2498 1863 2545 ter
1890 2501 2196 2562 expertum.
2226 2489 2320 2544 llla
2356 2490 2485 2544 mihi
2535 2489 2761 2544 feliciter
2799 2489 2940 2545 bella
2982 2499 3368 2562 provenerunt,

1778 2596 1900 2651 qua:
1926 2581 2208 2636 moderato
2237 2578 2343 2635 fine
2371 2588 2586 2650 peracta
2629 2588 2776 2635 sunt.
2806 2579 2856 2636 ls
2897 2581 3038 2635 enim
3069 2580 3236 2635 vincit
3280 2595 3370 2635 as-

1779 2675 1953 2738 sidue,
1983 2673 2078 2744 qui
2103 2674 2253 2729 novit
2278 2673 2459 2729 omnia
2481 2682 2804 2746 temperare,
2835 2672 2961 2728 dum
2981 2671 3216 2742 jucunda
3238 2688 3370 2743 pro-

1779 2765 2011 2836 speritas
2039 2764 2146 2821 illis
2173 2764 2354 2835 potius
2380 2763 2674 2832 blanditur,
2703 2763 2797 2834 qui
2842 2763 3160 2818 austeritate
3208 2763 3371 2818 nimia

1783 2877 1891 2917 non
1935 2861 2230 2929 rigescunt.
2283 2857 2429 2914 Cede
2474 2859 2655 2928 itaque
2694 2859 2932 2913 suaviter
2956 2859 3114 2928 genio
3161 2867 3372 2923 nostro,

1781 2951 1925 3024 quod
1955 2953 2055 3008 sibi
2107 2949 2380 3019 gentilitas
2426 2950 2701 3005 communi
2757 2950 3037 3004 remittere
3090 2949 3374 3003 consuevit

1783 3043 2052 3114 exemplo.
2085 3041 2176 3096 Sic
2204 3041 2347 3096 enim
2378 3039 2457 3102 ﬁt,
2493 3051 2551 3095 ut
2578 3047 2634 3096 et
2669 3041 2804 3094 meis
2830 3039 3183 3108 petitionibus
3209 3039 3374 3092 satis-

1782 3134 1975 3190 fecisse
2023 3132 2337 3200 videamini,
2385 3147 2487 3187 nec
2513 3131 2631 3188 sitis
2673 3131 2892 3186 solliciti
2944 3145 3012 3184 ex
3061 3130 3149 3184 illa
3193 3137 3371 3200 parte,

109 3209 224 3265 tatis
245 3207 422 3276 elﬁcit,
455 3216 521 3264 ut
544 3206 754 3264 beatius
775 3222 896 3264 esse
923 3207 997 3263 nil
1039 3209 1227 3279 possit.
1261 3207 1386 3264 Haic
1413 3209 1681 3265 veraciter

1792 3243 1947 3298 quam
1996 3225 2062 3281 ad
2110 3241 2210 3280 nos
2235 3223 2566 3294 cognoscitis
2596 3223 2891 3294 pertinere.
2937 3220 3199 3288 Quocirca
3230 3219 3375 3274 salu-

109 3297 484 3367 perennitatem
513 3304 750 3370 prmstat,
799 3297 917 3352 ham
949 3296 1316 3367 jucunditates
1340 3298 1678 3354 accumulat:

109 3395 159 3442 et
179 3389 311 3444 sicut
338 3398 538 3460 praiter
562 3388 733 3459 ipsam
760 3397 1008 3444 creatura
1051 3404 1158 3444 non
1197 3395 1396 3456 exstat,
1447 3387 1521 3442 ita
1563 3388 1683 3446 sine

109 3476 214 3548 ipsa
241 3477 738 3534 incommutabilem
771 3477 1012 3534 ltetitiam
1039 3479 1241 3535 habere
1272 3494 1377 3534 non
1405 3480 1679 3550 prmvalet.

110 3569 203 3626 Sed
229 3573 481 3642 quoniam
530 3571 687 3628 nobis
736 3572 877 3627 facta
925 3579 1008 3627 est
1050 3572 1372 3642 voluptuosa
1419 3573 1684 3641 digressio

109 3662 244 3734 (quia
287 3679 503 3736 semper
547 3672 758 3733 gratum
789 3672 873 3720 est
900 3663 970 3720 de
996 3664 1244 3720 doctrina
1295 3664 1532 3733 colloqui
1561 3680 1682 3735 cum

111 3755 324 3826 peritis),
352 3754 738 3822 cithartedum,
779 3770 941 3826 quem
966 3770 996 3809 a
1026 3755 1184 3810 nobis
1211 3754 1446 3810 diximus
1491 3763 1683 3825 postu-

111 3845 282 3912 latum,
311 3847 582 3919 sapientia
611 3855 789 3903 vestra
818 3846 983 3915 eligat
1010 3845 1258 3917 praesenti
1300 3853 1544 3916 tempore
1571 3860 1688 3900 me—

110 3938 332 3997 liorem:
367 3942 612 3998 facturus
653 3941 854 4012 aliquid
900 3940 1142 4013 Orphei,
1189 3957 1311 3998 cum
1357 3941 1501 3997 dulci
1549 3957 1686 3998 sono

111 4035 370 4102 gentilium
398 4035 514 4092 fera
542 4035 707 4092 corda
734 4035 1021 4091 domuerit.
1050 4033 1114 4089 Et
1141 4042 1357 4104 quanta:
1387 4034 1539 4091 nobis
1565 4047 1688 4103 gra-

111 4127 191 4181 tia:
215 4125 409 4183 fuerint
456 4136 637 4191 acue,
685 4134 850 4182 tanta:
894 4125 1049 4182 vobis
1091 4141 1157 4180 ex
1206 4135 1390 4182 nostra
1437 4125 1690 4196 aequabili

112 4219 547 4288 compensatione
591 4215 940 4272 referentur:
986 4215 1078 4286 qui
1125 4223 1180 4272 et
1223 4216 1452 4286 imperio
1502 4223 1689 4271 nostro

110 4309 320 4377 paretis,
348 4317 403 4365 et
429 4307 579 4381 quod
609 4324 704 4364 vos
733 4305 1032 4364 clarificare
1057 4309 1249 4379 possit,
1282 4306 1516 4364 efficitis.

631 4433 963 4493 EPISTOLA
999 4433 1135 4490 XLI.

219 4551 410 4591 LUDUIN
443 4545 468 4572 ⁸
508 4548 630 4589 REGI
670 4546 988 4588 ινιιλιιοοιιυιι
1028 4543 1398 4587 τιιεουοιιιουε
1433 4543 1564 4583 REX.

1790 3329 1967 3374 tantes
2005 3319 2211 3375 honore
2239 3327 2295 3371 et
2333 3315 2644 3382 affectione,
2674 3328 2778 3382 qua
2824 3313 3042 3379 dignum
3073 3320 3174 3376 est,
3224 3310 3376 3365 illum

1788 3427 1846 3475 et
1897 3418 2044 3472 illam
2099 3416 2306 3485 legatos
2359 3421 2579 3469 nostros
2622 3412 2689 3468 ad
2735 3411 3111 3468 excellentiam
3141 3418 3376 3466 vestram

1789 3517 2048 3566 consueta
2073 3507 2341 3562 cbaritate
2361 3505 2684 3570 direximus;
2713 3518 2814 3574 per
2845 3517 2984 3574 quos
3006 3511 3062 3558 et
3101 3501 3380 3571 sospitatis

1788 3611 1983 3658 vestra:
2011 3600 2289 3665 indicium,
2321 3609 2380 3654 et
2403 3607 2633 3668 sperata:
2662 3597 2942 3668 petitionis
2982 3609 3380 3666 consequamur

1791 3690 2067 3748 effectum.
2098 3688 2352 3756 Quaadam
2376 3703 2524 3752 vero,
2548 3703 2668 3758 qua:
2707 3685 2778 3742 ad
2807 3703 2908 3744 nos
2936 3701 3036 3757 pro
3055 3687 3250 3742 vestris
3275 3686 3381 3740 uti-

1790 3783 2032 3838 litatibus
2073 3787 2458 3852 pervenerunt,
2499 3795 2599 3850 per
2643 3780 2835 3834 harum
2880 3779 3174 3850 portitores
3215 3777 3382 3834 verbo

1791 3882 1946 3939 vobis
1982 3879 2300 3937 insinuanda
2331 3879 2728 3942 commisimus;
2756 3887 2815 3933 ut
2861 3879 3133 3936 cautiores
3179 3878 3378 3944 effecti,

1793 3980 1977 4044 optata
2025 3971 2245 4042 possitis
2292 3969 2516 4024 victoria
2572 3978 2888 4024 constanter
2931 3969 3156 4038 expleri.
3189 3969 3381 4026 Vestra

1793 4063 2056 4134 siquidem
2095 4063 2259 4128 salus,
2311 4069 2494 4116 nostra
2523 4061 2693 4132 gloria
2739 4071 2854 4128 est;
2885 4070 2940 4117 et
2970 4063 3129 4117 toties
3157 4075 3382 4130 regnum

1793 4155 1960 4210 Italia:
1982 4153 2244 4226 prolicere
2267 4153 2586 4224 iudicamus,
2619 4154 2832 4224 quoties
2859 4153 2926 4210 de
2957 4153 3108 4208 vobis
3138 4155 3256 4208 lceta
3285 4167 3383 4207 co-

1794 4248 2122 4319 gnoscimus.
2146 4244 2515 4301 Githarmdum
2545 4245 2709 4300 etiam
2751 4253 2869 4301 arte
2915 4260 3011 4300 sua
3039 4245 3260 4300 doctum
3287 4258 3384 4314 pas

1798 4341 1933 4396 riter
1953 4339 2342 4395 destinavimus
2379 4338 2697 4408 expetitum,
2746 4338 2839 4407 qui
2887 4351 2984 4392 ore
3031 4336 3390 4406 manibusque

1801 4445 2038 4487 consona
2065 4445 2200 4484 voce
2227 4429 2497 4485 cantando
2526 4426 2574 4494 ἀ,
2630 4429 2856 4497 gloriam
2885 4435 3078 4482 vestra:
3107 4424 3391 4496 potestatis

1803 4523 2063 4580 oblectet.
2095 4521 2266 4590 Quem
2298 4521 2421 4576 ideo
2454 4522 2568 4576 fore
2588 4521 2861 4575 credimus
2889 4527 3120 4591 gratum,
3153 4518 3278 4588 quia
3322 4517 3392 4574 ad

113 4621 409 4681 Gratulatur
451 4624 725 4682 Ctodovwo
785 4621 850 4690 de
903 4620 1118 4677 victoria
1161 4628 1428 4691 reportata
1472 4635 1538 4674 ea:
1577 4619 1698 4676 Αιαο
1727 4606 1774 4664 υ
1800 4632 1899 4673 vos
1925 4631 2048 4674 eum
2073 4614 2359 4687 judicastis
2385 4628 2716 4684 magnopere
2743 4612 3102 4684 dirigentium.

180 4812 202 4838 ·
228 4801 319 4858 Sic
347 4799 560 4856 Luduin
585 4799 782 4856 dicitur
817 4795 953 4852 infra
984 4795 1079 4851 lib.
1111 4789 1191 4860 ιιι,
1233 4793 1395 4863 epist.
1423 4790 1477 4863 4,
1503 4789 1596 4863 qui
1641 4797 1697 4846 ct

109 4870 442 4928 Clodomus.
475 4869 608 4926 Vide
651 4867 942 4923 Baronium
992 4877 1126 4921 tom.
1161 4863 1228 4918 Vl
1271 4860 1465 4918 Annal.
1497 4860 1564 4915 ad
1605 4876 1694 4914 an.

110 4944 206 4996 ιλιι.
229 4940 354 5007 499,
383 4941 490 4997 sub
513 4955 632 5011 cap.
663 4939 753 5004 27,
777 4951 900 5007 pag.
930 4933 1052 4988 594.
1085 4935 1192 5011 Qui
1220 4943 1384 5011 putat_
1413 4933 1552 4988 hanc
1580 4931 1698 5002 cpi-

110 5014 298 5083 stolam
325 5001 492 5083 fuisse
513 5001 940 5083 scriptam-anno
963 5001 1125 5083 supra
1147 5001 1482 5083 citato._.lua.
1500 5071 1533 5083 η

179 5081 407 5145 Luduin,
441 5080 495 5135 id
521 5089 604 5134 est
621 5071 951 5143 'Clodovzeo,
986 5071 1113 5146 quia
1155 5074 1459 5146 Ludovicus
1482 5071 1702 5126 di.eba-

115 5157 215 5219 tur,
244 5143 421 5221 inquit
470 5148 766 5221 Hermann.
796 5143 1124 5202 Contractus
1171 5145 1224 5221 in
1277 5143 1596 5221 Chronico;
1647 5147 1704 5194 et

113 5222 184 5275 ait
202 5210 488 5277 victoriam
511 5219 952 5281 Alemannorum,
983 5230 1145 5285 quam
1171 5215 1258 5270 hic
1277 5213 1491 5268 nuntiat
1517 5210 1698 5285 Theo-

115 5290 348 5360 dericus,
376 5291 526 5347 circa
555 5303 758 5360 annum
789 5287 989 5360 Christi
1004 5283 1146 5352 7508,
1196 5283 1538 5360 Qnastasiani
1570 5295 1703 5336 vero

117 5353 346 5435 itnpcrii'
371 5360 462 5429 l8,
513 5359 827 5430 contigisse,
872 5355 1055 5412 Felice
1101 5363 1158 5411 et
1204 5353 1511 5410 Secundino
1557 5366 1700 5406 coss.

1800 4787 1934 4899 [lege
1962 4786 2230 4846 Venantio
2257 4784 2478 4866 Juniore
2497 4792 2553 4839 et
2579 4783 2776 4867 Celere.
2797 4783 2985 4868 coss].
3011 4784 3250 4865 FOBNER:

1934 4859 2064 4899 Nam
2105 4856 2489 4899 'I‘lmmlnrmns-
2524 4862 2582 4899 nt.
2628 4869 2778 4899 ream
2819 4872 2898 4899 am
2931 4870 3071 4899 VII'PS
3109 4855 3244 4899 smhi

1931 4859 2064 4914 Nam
2098 4856 2582 4924 _Theodoricus,iut
2628 4855 2778 4924 regni
2819 4857 2899 4911 sui
2931 4854 3071 4910 vires
3109 4854 3394 4921 stabiliret,

1805 4919 2172 4998 Adelpheddtn
2198 4940 2446 4998 sororem
2460 4919 2828 4998 __l"ranc6rum
2877 4925 2991 4994 regi
3021 4919 3392 4994 copulaverat.

1805 4993 2089 5056 Mattbmus
2116 4996 2431 5050 Palmerius.
2459 4993 2626 5050 Fons.

1882 5081 1905 5109 ο
1938 5069 2072 5124 Nam
2103 5065 2472 5120 Theodericus
2511 5079 2756 5119 sororem
2803 5063 3073 5120 Clodovzei
3112 5063 3167 5118 in
3210 5062 3400 5118 matri-

1807 5141 1992 5196 monio
2018 5136 2224 5202 habuit.
2255 5134 2419 5202 Greg.
2455 5133 2658 5189 Turon.
2690 5133 2858 5190 Fons.

1878 5195 1906 5249 ⁸
1937 5209 2066 5263 Inde
2099 5195 2498 5276 loquacissimae
2538 5220 2728 5276 manus
2755 5205 2931 5276 dictat,
2963 5209 3018 5256 et
3042 5201 3271 5271 linguosi
3316 5200 3400 5256 di-

1809 5281 1929 5352 giti.
1956 5277 2100 5335 infra
2120 5272 2214 5332 lib.
2246 5291 2319 5344 tv,
2343 5275 2501 5346 epist.
2535 5274 2738 5330 ultima.
2769 5272 3028 5328 Junerus.

1512 5544 1962 5576 ——.———_—.—’
