3952 6394
538 399 643 456 57$

547 519 684 546 ε-...τηιτ
691 519 726 542 ε

691 496 1848 526 "mw—dm

1849 509 2044 518 ...ι--σ-

1527 511 1848 523 -υ-α--σ-ρ

2049 503 2372 516 ..ι-..ο--ι--ι

1757 383 1826 436 Μ.
1870 375 2146 435 AUiiEUl
2186 375 2583 432 CASSlODORl
3727 367 3832 422 576

2281 483 3667 511 mm

2373 501 2794 512 .————.——-—--

1711 575 1811 655 Ll
1831 573 1894 652 Β
1914 570 2064 651 ER
2141 564 2682 648 TERTIUS.

2063 705 2275 718 ———-

927 765 1036 835 ω
1062 759 1392 818 EPISTOLA
1429 755 1641 810 rium
1671 764 1721 808 ιι.

631 873 855 914 Αωιυοο
892 872 1016 913 REGI
1054 865 1443 909 νιειϐθτιιοῐιυιιι
1481 857 1848 902 THEODORICUS
1883 857 2014 896 πει.

534 951 732 1014 Horret,
763 967 829 1003 ne
855 952 906 1001 in
936 945 1262 1000 multitudine
1295 951 1560 1014 parentum
1603 938 1852 1014 conﬁdat,
1887 933 2115 1014 nec-(ltel-

603 1004 839 1089 lum'rcgi
873 1019 1196 1089 Francorum
1217 1013 1437 1072 indicat,
1469 1009 1849 1089 (ΙοηρσλείιίιιοεΔ
1872 1004 2115 1089 aditlum

603 1074 816 1157 dirigat“,
837 1091 922 1157 qui
949 1089 1088 1140 litem
1119 1087 1254 1157 inter
1272 1099 1358 1135 eos
1381 1089 1572 1157 motam
1602 1074 1879 1157 dirimunt;
1909 1085 1958 1157 et
1984 1074 2115 1157 hanc

605 1159 668 1215 ob
699 1145 881 1212 ᾔδη’ἐὶ
931 1157 1084 1210 mittit
1113 1155 1324 1221 leg/(tos,
1356 1151 1442 1222 qui
1471 1151 1628 1202 etiam
1657 1145 2018 1200 Gundibadum
2069 1151 2121 1196 ct

606 1231 738 1284 alios
767 1245 908 1298 reges
935 1225 1258 1280 conveniant.

607 1321 863 1388 Quamvis
913 1316 1211 1372 fortitudini
1257 1321 1451 1369 vestra:
1499 1309 1878 1366 confidentiam
1921 1307 2123 1362 tribuat

537 1418 817 1482 parentum
833 1416 1134 1464 vestrorum
1165 1401 1572 1460 innumerabilis
1594 1399 1898 1462 multitudo,
1933 1411 2121 1468 quam-

537 1505 617 1560 vis
663 1503 879 1556 Attilam
925 1507 1202 1569 potentem
1255 1494 1675 1552 reminiscamini
1723 1491 2122 1560 Visigotborum

536 1595 736 1650 viribus
765 1594 1118 1649 inclinatum:
1154 1599 1331 1644 tamen
1372 1588 1497 1659 quia
1549 1583 1871 1656 populorum
1921 1583 2119 1640 ferocia

536 1689 698 1745 corda
722 1687 880 1754 longa
906 1700 1040 1755 pace
1069 1681 1408 1744 mollescunt,
1443 1687 1628 1736 cavete
1657 1667 1909 1732 subitoln
1947 1677 2120 1731 aleam

540 1780 754 1835 mittere
783 1792 919 1845 quos
949 1781 1165 1829 constat
1185 1772 1350 1826 tantis
1382 1770 1713 1840 temporibus
1740 1767 1996 1823 exercitia
2017 1779 2125 1820 non

539 1869 758 1923 habere.
793 1865 1072 1922 Terribilis
1099 1871 1176 1920 est
1232 1861 1538 1916 hominibus
1587 1859 1891 1926 conflictus,
1921 1857 1966 1911 si
2017 1872 2120 1910 non

534 1959 609 2014 sit
635 1957 908 2021 assiduus;
952 1963 1008 2010 et
1054 1953 1157 2009 nisi
1205 1967 1307 2008 usu
1348 1959 1724 2022 prmsumatztr,
1780 1947 2123 2006 conccrlan'li

541 2049 716 2104 subito
741 2045 931 2102 fiducia
958 2061 1065 2101 non
1089 2043 1337 2099 habetur.
1367 2042 1519 2097 Absit
1542 2051 1600 2096 ut
1623 2040 1776 2096 vobis
1807 2040 2008 2108 aliquid
2039 2040 2124 2094 in-

2148 757 2192 802 Α
2222 742 2400 808 regios
2421 738 2648 808 juvenes
2677 739 2886 806 objecta
2933 738 3144 792 ratione
3179 735 3454 790 moderari
3487 753 3502 789 :
3535 736 3670 804 quia
3704 733 3836 789 illud

2217 833 2272 886 in
2299 831 2458 886 nobis
2479 831 2619 904 [alii,
2645 831 2697 884 in
2729 827 2901 898 vobis]
2926 843 3053 884 vere
3081 830 3328 884 sentiunt
3363 829 3688 899 displicere,
3739 830 3836 897 qui

2218 923 2344 978 dum
2370 923 2510 976 male
2535 923 2779 991 cupiunt,
2811 921 3091 974 audaciam
3116 936 3227 975 sum
3252 922 3554 975 voluntatis
3584 922 3838 976 retinere

2219 1032 2327 1072 non
2355 1022 2600 1085 possunt.
2631 1014 2933 1069 Vereantur
2977 1029 3156 1075 senes,
3192 1015 3442 1082 quamvis
3469 1015 3582 1068 sint
3635 1013 3834 1068 ﬂorida

2219 1113 2382 1159 aetate
2409 1104 2694 1158 ferventes.
2727 1103 2916 1160 Sciant
2943 1119 3043 1160 nos
3071 1105 3412 1160 adversarios
3457 1121 3580 1160 esse
3610 1115 3840 1162 contra-

2221 1195 2506 1250 rietatibus
2537 1195 2665 1261 suis,
2696 1200 2751 1248 et
2790 1193 2921 1248 illud
2950 1194 3090 1250 velle
3135 1196 3412 1265 persequi,
3446 1211 3516 1250 ne
3557 1197 3629 1250 ab
3661 1195 3836 1250 utris-

2223 1302 2328 1356 que
2349 1287 2520 1356 possit
2548 1285 2756 1340 excedi.
2790 1286 2955 1340 Decet
2983 1287 3125 1341 enim
3163 1302 3268 1341 nos
3307 1301 3500 1356 aSpera
3528 1287 3704 1341 verba
3750 1287 3835 1340 di-

2224 1391 2370 1440 cere,
2405 1392 2471 1432 ne
2501 1373 2690 1430 afﬁnes
2721 1376 2888 1431 nostri
2910 1376 2974 1429 ad
3006 1385 3306 1431 extremum
3337 1378 3576 1432 debeant
3623 1393 3822 1448 perveo

2227 1467 2367 1522 nire.
2402 1465 2468 1520 Et
2497 1467 2617 1520 ideo
2649 1467 2796 1520 illum
2827 1475 2881 1520 et
2911 1467 3056 1520 illum
3083 1468 3288 1535 legatos
3329 1469 3395 1522 ad
3427 1468 3836 1524 fraternitatem

2227 1564 2377 1611 tuam
2419 1557 2689 1612 credimus
2719 1557 3088 1624 destinandos,
3127 1566 3205 1622 ut,
3238 1559 3282 1612 si
3315 1558 3426 1612 filio
3458 1569 3656 1614 nostro
3709 1561 3840 1615 Ala-

2228 1650 2342 1703 rico
2367 1650 2541 1704 visum
2574 1647 2754 1712 merit,
2784 1649 2852 1702 ad
2889 1663 3070 1718 regem
3113 1649 3444 1705 Francorum
3477 1668 3604 1707 cum
3634 1655 3836 1723 conju-

2227 1740 2360 1794 ratis
2393 1740 2548 1794 nobis
2574 1742 2821 1808 gentibus
2867 1742 3097 1809 dirigere
3142 1740 3438 1797 debeamus
3490 1760 3503 1796 :
3558 1753 3838 1813 quatenus

2227 1845 2388 1886 causa
2413 1845 2532 1900 quae
2563 1833 2706 1886 inter
2735 1848 2829 1885 eos
2859 1833 3107 1895 vertitur,
3139 1833 3325 1886 amicis
3353 1833 3547 1886 mediis
3588 1835 3840 1888 rationa-

2229 1923 2408 1978 biliter
2427 1924 2754 1979 abscidatur.
2787 1924 3050 1980 Convenit
3077 1925 3219 1980 enim
3249 1926 3385 1980 tales
3415 1933 3720 1996 tantosque
3745 1944 3836 1982 re-

2227 2026 2321 2081 ges
2356 2029 2461 2070 non
2491 2016 2630 2068 inter
2657 2031 2716 2069 se
2746 2016 3118 2072 lamentabiles
3165 2018 3311 2073 rixas
3347 2033 3622 2086 qumrcre,
3646 2030 3715 2074 ut
3771 2023 3841 2078 de

539 2139 775 2208 dignatio
805 2152 944 2192 cmca
975 2136 1248 2206 surripiat.
1278 2133 1578 2190 Moderatio
1608 2133 1831 2204 provida
1863 2139 1962 2196 est,
2007 2147 2124 2201 qua:
2155 2109 2203 2172 Β
2228 2103 2418 2208 ξυίθξι
2447 2117 2546 2158 nos
2573 2105 3018 2208 νθεδίηξξτξῗίδυδ
3045 2107 3305 2161 saueiam'
3338 2105 3696 2208 Quapropter
3717 2110 3839 2164 rm‘

543 2239 732 2299 gentes
759 2235 956 2283 servat.
985 2227 1158 2281 Furor
1177 2231 1354 2280 autem
1377 2224 1628 2279 instantia
1657 2224 1970 2294 plerumque
1991 2239 2128 2292 prae-

549 2319 758 2388 cipitat,
781 2323 838 2373 et
859 2327 986 2372 tunc
1012 2315 1144 2370 utile
1172 2315 1348 2370 solum
1377 2322 1458 2368 est
1496 2313 1563 2368 ad
1588 2326 1732 2367 arma
1776 2320 2124 2381 concurrere,

541 2419 662 2464 cum
692 2409 870 2464 locum
896 2405 1037 2476 apud
1059 2405 1424 2460 adversarium
1449 2403 1654 2473 justitia
1691 2419 1798 2457 non
1834 2412 2012 2472 potest
2047 2403 2129 2456 in-

542 2499 747 2554 venire.
775 2497 1116 2566 Quapropter
1142 2495 1422 2558 sustinete,
1472 2494 1648 2548 donec
1677 2493 1744 2547 ad
1795 2493 2123 2548 Francorum

543 2601 725 2658 regem
763 2588 969 2656 legatos
1011 2595 1226 2640 nostros
1256 2584 1490 2652 dirigere
1530 2583 1842 2650 debeamus,
1891 2589 1950 2637 ut
1981 2583 2127 2636 litem

543 2687 780 2734 vestram
808 2677 1103 2732 amlcorum
1144 2675 1378 2730 debeant
1416 2681 1694 2744 amputare
1735 2671 1954 2742 judicia.
1985 2672 2130 2726 lnter

548 2767 687 2822 duos
707 2765 850 2821 enim
882 2766 1036 2820 nobis
1081 2763 1340 2818 affinitate
1377 2761 1698 2832 coniunctos
1737 2778 1847 2815 non
1879 2772 2130 2832 optamus

546 2857 751 2926 aliquid
781 2857 886 2912 tale
915 2852 1051 2921 fleri,
1076 2856 1218 2910 unde
1236 2870 1397 2910 unum
1426 2857 1686 2910 minorem
1719 2854 1996 2922 contingat
2018 2852 2127 2906 for-

488 3014 500 3028 ,
547 2947 689 3001 sitan
717 2946 964 3000 inveniri.
1006 2945 1120 3000 Non
1147 2959 1244 3000 vos
1272 2952 1551 3014 parentum
1599 2943 1747 2996 fusus
1785 2942 2002 3012 sanguis
2047 2942 2129 2996 in-

545 3035 805 3100 flammat,
823 3050 928 3089 non
954 3035 1189 3106 graviter
1214 3033 1324 3088 urit
1342 3039 1604 3102 occupata
1631 3032 1926 3102 provincia,
1953 3031 2129 3086 adhuc

545 3121 614 3178 de
643 3122 818 3178 verbis
846 3137 1009 3192 parva
1035 3123 1314 3177 contentio
1362 3129 1446 3176 est
1473 3139 1486 3175 :
1515 3120 1769 3176 facillime
1810 3120 2122 3192 transigitis,

543 3211 588 3266 si
617 3225 724 3266 non
753 3227 852 3282 per
872 3225 1020 3266 arma
1037 3220 1247 3267 vestros
1267 3212 1476 3266 animos
1502 3211 1746 3266 irritetis.
1774 3209 2122 3279 Objiciamus,

543 3303 790 3372 quamvis
815 3310 1068 3370 cognato,
1125 3317 1247 3356 cum
1297 3301 1496 3357 nostris
1551 3300 1848 3370 conjuratis
1898 3299 2127 3355 eximias

544 3403 751 3464 gentes.
781 3394 1016 3461 Justitia,
1046 3407 1166 3462 qua:
1194 3405 1350 3462 rcges
1369 3392 1536 3448 eflicit
1557 3391 1830 3458 fortiores,
1861 3391 1969 3446 cito
1992 3404 2126 3446 con-

544 3487 709 3543 vertit
735 3489 963 3550 auimos,
994 3485 1085 3554 qui
1114 3491 1302 3540 contra
1330 3499 1390 3538 se
1419 3483 1556 3539 tales
1583 3483 1750 3538 sentit
1772 3489 2026 3538 armatos.
2058 3480 2128 3536 Et
2155 3481 2201 3545 C

547 3579 670 3635 ideo
699 3576 1038 3635 salutationis
1078 3573 1544 3632 honorificentiam
1575 3575 1873 3645 praelocuti,
1921 3574 2127 3644 legatos

548 3678 765 3726 metros
793 3668 942 3722 illum
961 3676 1019 3722 et
1046 3667 1194 3722 illum
1222 3665 1289 3720 ad
1311 3681 1408 3722 vos
1443 3665 1714 3721 credimus
1751 3679 1872 3720 esse
1892 3665 2128 3734 dirigen-

549 3761 804 3828 dos:qui
825 3758 978 3813 vobis
1005 3764 1063 3812 et
1101 3757 1354 3811 mandata
1399 3764 1584 3810 nostra
1613 3753 1943 3811 sufficienter
1990 3755 2126 3810 insi-

548 3857 737 3913 nuent,
761 3857 818 3904 et
841 3863 1010 3918 usque
1039 3845 1104 3900 ad
1131 3844 1352 3900 fratrem
1393 3853 1636 3901 nostrum
1657 3845 1684 3885 δ
1727 3843 2127 3913 Gundibadum,

547 3939 633 3996 vel
662 3939 796 3996 alios
821 3952 996 4006 reges,
1039 3952 1159 3992 cum
1190 3944 1366 3992 vestra
1395 3935 1672 3989 voluntate
1713 3933 2082 4004 deproperent
2111 3951 2125 3988 :

547 4045 617 4084 ne
645 4027 930 4084 videamini
959 4041 1146 4082 eorum
1184 4025 1514 4080 immissione
1550 4024 1824 4090 laborare,
1853 4025 1946 4094 qui
1975 4011 2130 4078 mali-

546 4135 652 4191 gne
679 4118 915 4191 gaudent
941 4119 1118 4172 alieno
1141 4117 1456 4173 certamine.
1474 4115 1736 4170 Avertant
1762 4115 1904 4170 enim
1926 4115 2127 4182 divina,

547 4223 610 4268 ut
632 4226 792 4282 supra
814 4226 912 4266 vos
937 4209 1188 4276 iniquitas
1226 4207 1316 4262 illa
1339 4207 1650 4278 praevaleat.
1677 4205 1976 4262 Commune
2008 4223 2129 4262 ma-

547 4304 679 4366 lum,
702 4309 940 4356 vestrum
961 4299 1264 4366 judicamus
1290 4297 1584 4352 inimicum.
1617 4297 1750 4352 Nam
1779 4299 1870 4353 ille
1898 4315 1986 4355 me
2009 4301 2132 4370 jure

547 4391 833 4446 sustinebit
852 4389 1154 4454 adversum,
1173 4387 1264 4456 qui
1276 4387 1428 4443 vobis
1447 4387 1636 4442 nititur
1663 4403 1784 4445 esse
1795 4393 2126 4448 contrarius.

1117 4519 1448 4576 EPISTOLA
1488 4520 1550 4576 ll.

599 4629 894 4672 GUNDIBADO
930 4627 1052 4670 REGI
1089 4628 1493 4668 BURGUNDIOXUM
1532 4627 1896 4670 τηεοῡοῐιιευε
1935 4631 2063 4670 REX.

551 4704 748 4761 Suadet
773 4703 1096 4767 Gundibado,
1129 4703 1404 4774 legatisAad
1423 4721 1538 4758 eum
1582 4706 1770 4768 missis,
1802 4707 2132 4761 concordiam

763 4775 1028 4828 Ataricum
1062 4769 1197 4828 inter
1221 4783 1272 4827 et
1299 4769 1628 4828 Clodomcum
1653 4777 1912 4828 restituat.

622 4885 797 4943 Grave
818 4885 1014 4940 malum
1041 4893 1122 4940 est
1144 4885 1284 4940 inter
1313 4885 1506 4941 charas
1536 4886 1672 4959 [atii,
1703 4887 1879 4960 curas]
1922 4889 2118 4958 regias-

551 4994 656 5048 t;uc
685 4992 962 5048 personas,
1003 4977 1304 5032 voluntates
1339 4977 1555 5032 sibimet
1575 4977 1760 5032 videre
1805 4981 2122 5046 contrarias,

551 5079 608 5124 ct
630 5067 1012 5124 dissimulando
1056 5075 1320 5136 spectare,
1369 5073 1428 5120 ut
1455 5065 1523 5121 de
1568 5081 1676 5122 uno
1706 5067 1908 5136 aliquid
1937 5067 2125 5124 dolen-

551 5159 680 5214 dum
707 5158 875 5230 possit
901 5171 1194 5225 emergere.
1225 5155 1343 5210 Nan
1381 5156 1496 5211 sine
1539 5153 1737 5212 invidia
1767 5167 1951 5214 nostra
1981 5161 2125 5230 geri-

553 5259 662 5316 tur,
693 5249 737 5304 si
780 5248 936 5304 nobis
980 5247 1302 5317 patientibus
1329 5245 1566 5300 aflinium
1619 5247 1772 5302 clade
1819 5247 2121 5305 dimicetur.

554 5339 777 5395 Habetis
805 5353 992 5392 omnes
1021 5353 1116 5406 per
1140 5351 1225 5392 me
1254 5337 1476 5406 pignora
1507 5351 1713 5405 magna:
1752 5339 1936 5406 gratia:
1971 5358 1984 5392 :
2016 5357 2125 5396 non

555 5439 638 5487 est
660 5445 794 5486 unus
815 5428 882 5483 ab
910 5428 1016 5482 alio
1037 5436 1374 5498 segregatus;
1405 5427 1449 5480 si
1479 5428 1604 5496 quid
1631 5429 1685 5482 in
1716 5429 1821 5500 41
1855 5431 2006 5486 vobis
2029 5431 2127 5486 de-

555 5520 816 5589 linquitis,
845 5533 965 5574 meo
987 5519 1220 5586 graviter
1247 5517 1433 5573 dolore
1457 5520 1710 5587 peccatis.
1744 5519 1996 5576 Nostrum
2021 5531 2126 5589 est,

632 5657 658 5686 ι
679 5647 948 5719 Baroniu_s_
965 5645 1130 5719 refert
1143 5646 1296 5719 lianc
1323 5647 1604 5719 epistolam
1634 5657 1688 5703 et
1713 5655 1820 5705 tres
1844 5659 2134 5719 sequentes

565 5717 628 5771 ad
656 5733 853 5770 annum
894 5715 1090 5772 Christi
1139 5715 1266 5782 507,
1313 5715 1459 5772 temo
1489 5717 1555 5772 Vl
1605 5719 1800 5788 Annal,
1833 5715 1956 5790 pag.
2003 5721 2130 5792 555,

563 5786 690 5838 edit.
719 5787 974 5853 Antucrp.

634 5852 662 5892 ιι
695 5852 1107 5923 νίδὶεοιιίυιυω,
1146 5854 1230 5921 qui
1272 5855 1612 5924 Aquitaniam
1639 5866 1762 5915 tunc
1791 5859 2125 5918 obtinebant.

2231 2195 2457 2250 ternitas
2487 2205 2686 2258 vestra,
2719 2196 2960 2252 adhibito
2993 2213 3202 2252 mecum
3232 2206 3318 2253 stu
3339 2199 3431 2262 lio,
3466 2215 3661 2254 eorum
3693 2202 3840 2254 nita~

2229 2294 2319 2342 tur
2345 2303 2600 2358 reparare
2630 2289 2973 2343 concordiam
3007 2307 3021 2342 :
3052 2291 3178 2360 quia
3207 2307 3366 2346 nemo
3385 2300 3572 2362 potest
3603 2293 3842 2348 credere

2229 2377 2346 2432 sine
2377 2387 2562 2432 nostro
2591 2386 2721 2432 voto
2751 2379 2873 2432 illos
2895 2378 2960 2433 ad
3003 2379 3115 2434 lucc
3145 2381 3326 2449 prmlia
3361 2383 3702 2450 pervenisse,
3737 2385 3842 2438 nisi

2232 2470 2454 2524 omnino
2497 2471 2720 2534 clareat,
2771 2485 2839 2526 ne
2883 2471 2950 2526 ad
2995 2472 3306 2526 conflictum
3345 2474 3588 2539 veniant,
3647 2483 3843 2530 nostra

2234 2563 2417 2632 potius
2442 2575 2561 2616 esse
2589 2563 2900 2618 certamina.
2935 2563 3127 2635 Aliqua
3147 2580 3278 2619 vero
3307 2577 3334 2618 a
3363 2567 3721 2634 prtesentium
3743 2582 3845 2636 ge—

2233 2657 2366 2716 rulis
2394 2657 2689 2712 litterarum
2713 2673 2966 2713 sermone
2993 2659 3148 2713 vobis
3173 2661 3544 2716 commisimus
3576 2663 3844 2716 intiman-

2231 2749 2330 2816 da;
2365 2749 2522 2806 utsic
2545 2751 2825 2820 prudentia
2855 2760 3030 2806 vestra
3061 2760 3253 2808 cuncta
3288 2762 3607 2824 componat,
3637 2772 3842 2826 quem-

2235 2839 2524 2896 admodum
2566 2843 2865 2907 consuevit,
2914 2842 3024 2898 Deo
3067 2843 3310 2913 juvante,
3357 2846 3649 2916 perficere.
3697 2849 3848 2906 unde

2232 2935 2372 2992 solet
2397 2933 2806 3004 diligentissime
2833 2937 3091 3005 cogitare.

2791 3047 3122 3104 EPISTOLA
3159 3049 3250 3105 lll.

2229 3152 2574 3204 κεηυιοιιωι,
2615 3151 2957 3205 GUARNORUM,
2999 3154 3378 3195 THORINGORUI
3400 3157 3632 3198 REGIBUS
3671 3159 3848 3201 τ’ιῖΕο-

2837 3245 3057 3284 υοιιιευε
3093 3245 3221 3285 REX.

2231 3317 2490 3390 Hortatur
2518 3327 2573 3373 ut
2601 3319 2808 3374 mittant
2833 3319 3027 3390 legatos
3049 3337 3154 3373 una
3177 3337 3292 3375 cum
3323 3323 3432 3376 suis
3450 3333 3502 3378 et
3533 3321 3847 3380 Gttndibmli

2301 3389 2754 3462 adrCfodovtcum;
2806 3396 2861 3442 ut
2887 3389 2977 3462 aut
3002 3391 3381 3459 expeditionem
3418 3393 3473 3447 in
3535 3393 3847 3462 Visigotltos

2300 3459 2554 3535 cohibeat,
2578 3470 2625 3513 et
2645 3459 2780 3530 leges
2795 3461 3024 3535 gentium
3045 3455 3245 3530 quaerat
3261 3476 3280 3514 :
3297 3471 3388 3515 aut
3407 3464 3643 3518 omnium
3657 3455 3846 3535 passu-

2300 3547 2416 3584 rum
2442 3547 2496 3584 se
2520 3533 2757 3584 incursus
2784 3547 2809 3584 δ
2841 3531 2936 3584 itu.

2299 3621 2614 3693 Superbiam
2642 3621 2872 3677 Divinita
2897 3621 2915 3676 i
2940 3637 3154 3692 semper
3178 3639 3400 3680 exosam
3430 3627 3706 3695 persequi
3746 3627 3848 3684 de-

2227 3711 2321 3768 bet
2353 3711 2716 3780 generalitatis
2745 3725 3016 3766 assensus.
3058 3712 3190 3768 Nam
3231 3714 3324 3783 qui
3350 3715 3466 3770 vult
3503 3715 3850 3785 opinabilem

2229 3809 2445 3870 gentem
2466 3799 2766 3854 voluntaria
2788 3801 3074 3871 iniquitate
3096 3803 3433 3870 subvertere,
3460 3820 3571 3859 non
3601 3806 3851 3878 disponit

2229 3891 2440 3948 cmteris
2463 3891 2610 3961 justa
2637 3907 2876 3949 servare.
2910 3892 3150 3950 Pessima
3175 3896 3516 3952 consuetudo
3543 3907 3636 3952 est
3661 3899 3848 3970 despi-

2229 3999 2356 4039 cere
2379 3983 2683 4038 veritatem.
2710 3981 2895 4038 Credit
2925 3984 3028 4038 sibi
3055 3985 3236 4040 omnia
3278 3985 3496 4052 cedere,
3555 3989 3605 4043 si
3638 3990 3848 4046 elatum

2229 4073 2518 4142 contigerit
2567 4072 2622 4126 in
2685 4073 3032 4130 abominabili
3079 4077 3381 4132 certamine
3433 4092 3730 4148 superare.
3785 4081 3851 4136 Et

2231 4163 2352 4219 ideo
2382 4179 2498 4228 vos,
2530 4177 2666 4232 quos
2693 4163 3040 4219 conscientia:
3066 4162 3242 4221 virtus
3267 4166 3446 4234 erigit,
3479 4176 3540 4222 et
3576 4171 3847 4226 conside-

2230 4257 2370 4312 ratio
2421 4256 2756 4312 detestabilis
2799 4257 3236 4328 praesumptionis
3301 4259 3576 4321 accendit,
3635 4261 3849 4330 legatos

2230 4355 2462 4413 vestros,
2495 4361 2601 4401 una
2631 4361 2754 4400 cum
2807 4347 2940 4403 meis
2968 4355 3025 4403 et
3071 4348 3252 4406 fratris
3305 4352 3478 4405 nostri
3524 4351 3848 4412 Gundibadi

2231 4439 2395 4508 regis,
2441 4439 2510 4495 ad
2552 4439 2881 4494 Francorum
2931 4443 3114 4511 regem
3169 4441 3382 4498 Luduin
3412 4445 3548 4517 [ed.,
3602 4447 3849 4506 Ludovi-

2231 4528 2379 4601 cumj
2402 4528 2698 4595 chtin'atc;
2730 4535 2788 4584 ut
2827 4537 2920 4585 aut
2959 4539 3017 4586 se
3043 4531 3112 4588 de
3137 4531 3542 4602 Visigotliorutn
3575 4541 3848 4596 conflictu

2231 4620 2572 4678 considerata
2625 4619 2877 4690 {equitate
2925 4623 3254 4692 Sus'peti'detl,
3305 4625 3543 4694 etleges
3590 4633 3846 4696 gentium

2233 4719 2440 4783 quaerat
2468 4728 2482 4764 :
2515 4718 2608 4764 aut
2637 4711 2874 4766 omnium
2906 4713 3142 4781 patiatur
3170 4713 3447 4769 incursum
3466 4755 3480 4779 ,
3519 4719 3620 4787 qui
3665 4729 3850 4777 tanto-

2234 4817 2352 4855 rum
2383 4801 2658 4855 arbitrium
2678 4799 2882 4870 judica't
2912 4817 3030 4857 esse
3065 4803 3440 4859 temnendum.
3472 4805 3620 4872 Quid
3651 4814 3848 4880 qumrit

2233 4895 2392 4961 ultra,
2431 4894 2516 4950 cui
2569 4893 2794 4949 offertur
2846 4895 3092 4950 absoluta
3136 4896 3380 4966 jus‘titia?
3427 4899 3624 4956 Dicam
3689 4907 3848 4975 plane

2230 4985 2375 5054 quod
2416 4983 2590 5039 sentio
2623 5001 2636 5036 :
2665 4985 2757 5052 qui
2806 4985 2923 5039 sine
2965 4986 3084 5055 lege
3127 4987 3241 5041 vult
3277 5001 3458 5056 agere,
3509 5005 3844 5052 cunctorum

2229 5073 2464 5146 disponit
2487 5081 2651 5143 regna
2681 5081 2956 5144 quassare.
2987 5077 3096 5134 Sed
3125 5078 3316 5134 melius
3341 5089 3444 5144 est,
3477 5083 3540 5136 ut
3571 5083 3727 5140 inter
3749 5087 3843 5142 ini-

2232 5167 2304 5222 tia
2345 5166 2646 5236 perniciosa
2675 5167 3000 5236 reprimatur
3025 5169 3356 5240 assumptio;
3389 5179 3454 5226 ut
3499 5173 3626 5228 sine
3659 5176 3843 5234 labore

2229 5255 2538 5327 perﬁciatur
2563 5257 2822 5322 carnium,
2851 5257 2995 5326 quod
3023 5257 3299 5314 certamen
3331 5275 3452 5316 esse
3477 5273 3710 5332 poterat
3737 5270 3842 5323 sin-

2232 5345 2496 5416 gulorum.
2526 5343 2768 5400 Recolite
2795 5359 3028 5414 namque
3055 5347 3232 5402 Eurici
3280 5349 3412 5420 [ed.,
3451 5353 3709 5428 llenrici]
3757 5372 3839 5412 so-

2232 5433 2399 5490 nioris
2426 5433 2697 5498 affectum,
2729 5435 2944 5504 quantis
2971 5451 3069 5491 vos
3081 5435 3221 5506 juvit
3249 5452 3470 5508 semper
3491 5447 3835 5510 muneribus,

2229 5525 2443 5595 quoties
2489 5539 2520 5578 a
2575 5524 2726 5580 vobis
2778 5526 3144 5596 proximarum
3192 5531 3436 5598 gentium
3485 5533 3836 5593 imminentia

2234 5657 2548 5728 Clodovzeus
2587 5664 2642 5728 et
2667 5657 2912 5714 Alaricus
2942 5659 3155 5728 elegere
3182 5661 3447 5718 arbitrum
3487 5665 3624 5722 belli
3658 5669 3835 5726 Theo-

2235 5727 2476 5801 dericum
2507 5745 2520 5780 :
2552 5727 2704 5794 cujus
2744 5728 2970 5801 arbitrio
3021 5727 3224 5801 nolens
3258 5747 3455 5801 parere
3505 5737 3766 5796 Alaricus
3805 5756 3832 5794 a

2235 5795 2722 5922 géodipgétmmvlctus
2767 5805 2868 5854 est.
2900 5799 3134 5856 Aimoin.
3182 5795 3432 5860 Monach.
3490 5807 3588 5864 lib.
3626 5795 3829 5881 1,7cap.
