3974 6398
81 307 169 363 Si?
1347 309 1709 366 VARIARUM
1750 311 1952 366 LIBER
1988 312 2075 367 lli.

80 427 202 482 bella
229 424 522 496 suspendit.
559 424 786 481 Reddite
820 424 926 480 filio
955 427 1073 498 ejus
1107 429 1354 496 gratiam,
1386 447 1547 502 quam
1575 443 1657 486 ta-
1692 442 1734 494 Λ

78 535 184 573 men
207 518 332 590 |’ed.,
363 514 592 587 tantum]
623 517 914 585 agnoscitis
943 520 1133 574 vestris
1163 521 1480 578 utilitatibus
1503 523 1658 576 attri-

77 613 262 666 butam.
293 608 424 670 Nam
469 608 512 662 si
543 615 698 663 tanto
733 622 900 676 regno
929 609 1129 678 aliquid
1159 612 1522 680 prmvaluerit,
1560 628 1658 667 vos

75 701 270 771 aggredi
342 701 462 756 sine
534 699 874 756 dubitatione
930 711 1240 772 prmsumet.
1310 703 1658 773 Quapropter

75 790 432 846 excellentiam
461 797 698 843 vestram
729 789 1007 860 epistolari
1047 807 1300 848 sermone
1337 794 1653 856 salutantes,

74 899 158 950 pf‘l‘
185 881 386 949 legatos
415 888 634 936 nostros
663 881 816 956 illum
844 892 898 936 et
925 883 1074 938 illum
1103 887 1452 957 praesentium
1484 887 1656 956 porti-

72 984 224 1040 tores,
251 972 413 1027 verbo
465 973 618 1028 vobis
663 973 846 1044 aliqua
889 974 1115 1030 dicenda
1147 979 1552 1042 commisimus;
1599 988 1658 1033 ut

69 1082 173 1130 vos,
193 1065 284 1135 qui
306 1078 551 1122 nostrum
574 1067 884 1136 sequimini,
909 1066 1022 1123 Deo
1040 1068 1285 1138 juvante,
1313 1070 1653 1142 dispositum,

71 1173 192 1212 unus
229 1157 933 1228 complectatur‘assensus;
965 1167 1022 1216 et
1057 1159 1186 1216 foris
1215 1161 1321 1217 hoc
1363 1163 1555 1234 agatis,
1589 1177 1659 1218 ne

69 1247 115 1302 in
135 1247 322 1302 vestris
349 1247 649 1318 provinciis
677 1247 940 1304 dimicare
968 1250 1208 1320 possitis.

628 1381 966 1439 EPISTOLA
996 1383 1083 1440 IV.

207 1487 397 1527 LUDUIN
435 1487 560 1528 REGI
599 1489 915 1528 PRANCORUM
957 1491 1325 1532 τηεουοιυςυε
1360 1493 1486 1532 REX.

68 1561 304 1616 Hortatur
344 1579 408 1616 ne
437 1561 635 1636 bellum
674 1563 918 1636 adversus
963 1564 1229 1618 Δίαν-’ωιτη
1277 1576 1444 1636 paret,
1491 1567 1656 1621 donec

125 1649 294 1687 eorum
322 1635 674 1687 controversia
701 1634 887 1687 mediis
912 1636 1094 1688 amicis
1137 1634 1447 1700 dirimatur;
1477 1647 1526 1690 et
1552 1639 1653 1691 mi-

129 1713 275 1777 natur
295 1721 326 1755 τι
369 1721 425 1777 se
454 1712 504 1756 et
533 1703 598 1756 ob
649 1705 840 1777 amicis
860 1721 1007 1777 arma
1037 1708 1285 1759 movenda
1313 1709 1368 1760 in
1411 1724 1526 1760 eum
1565 1711 1654 1777 qui

3253 313 3358 372 573

2263 433 2370 504 ἀεὶ
2432 433 2760 490 EPISTULA
2791 434 2852 490 v.

1758 561 2064 600 IHPORTUNO
2085 562 2208 601 γιιιο
2252 564 2514 612 ηιυετιιι,
2548 565 2808 614 ΡΛΤΙΗΕΙΟ,
2833 564 3195 606 τιιεοοοῐιιευε
3222 567 3352 609 REX.

1761 655 2031 709 Laudatur
2081 673 2196 709 cum
2223 666 2370 725 patre
2423 668 2472 710 et
2527 669 2712 726 patrno
2752 657 3107 724 Importunas,
3137 668 3187 714 et
3213 661 3261 715 ei
3287 661 3352 716 ob

1827 727 2084 796 prmi-lora
2127 729 2309 780 merita
2334 730 2639 798 patriciatus
2668 729 2890 797 insignia
2919 734 3278 786 conferuntur.

1828 858 1885 912 Si
1909 867 1963 913 te
1991 867 2083 913 aut
2109 860 2362 915 nobilitas
2401 861 2515 916 sola
2541 861 2842 926 decoraret,
2896 870 2991 916 aut
3035 865 3351 920 meritorum

1756 957 1967 1006 tantum
1998 950 2155 1006 laude
2178 953 2427 1022 polleres,
2441 951 2798 1008 conferendas
2823 951 3046 1008 forsitan
3068 955 3354 1023 dignitates

1758 1039 2020 1096 dilatione
2050 1043 2313 1112 probabili
2341 1043 2660 1096 libraremus
2686 1061 2699 1096 :
2727 1059 2796 1098 ne
2817 1058 3008 1112 magna
3033 1045 3354 1100 viles-cerens

1756 1149 1879 1188 cum
1908 1133 2070 1188 simul
2093 1133 2272 1189 omnia
2306 1133 2676 1189 funderentur.
2707 1134 2858 1192 Nunc
2896 1144 3079 1191 autem
3127 1152 3250 1192 cum
3299 1147 3354 1192 te

1756 1226 2009 1282 universa
2039 1225 2180 1281 facto
2204 1227 2416 1293 agmine
2443 1226 2793 1294 comitentur,
2809 1242 2909 1281 nec
2932 1227 3077 1282 desit
3099 1227 3186 1282 uni
3209 1229 3355 1297 quod

1756 1317 2084 1390 pnndicatur
2115 1318 2168 1372 iu
2197 1318 2460 1386 pluiibus,
2511 1318 2763 1372 convenit
2799 1317 3022 1387 justitia:
3054 1327 3252 1373 nostra:
3298 1325 3354 1372 ut

1756 1427 1880 1466 cum
1911 1420 1964 1465 tu
1989 1411 2208 1480 copiosa
2239 1410 2382 1466 bona
2415 1411 2722 1480 protuleris.
2754 1412 3023 1466 uberrime
3065 1419 3115 1465 te
3145 1412 3353 1480 repleat

1756 1501 2122 1556 muniticcntia
2156 1500 2487 1570 principalis.
2521 1501 2637 1556 Non
2685 1501 2826 1555 enim
2880 1503 3156 1558 crescendi
3203 1504 3356 1556 vobis

1757 1591 1846 1646 bic
1873 1591 2031 1658 ordo,
2061 1593 2152 1661 qui
2181 1592 2364 1645 multis
2389 1600 2472 1646 est
2501 1609 2513 1644 :
2549 1592 2806 1661 paulatim
2865 1594 3109 1662 provehi,
3156 1594 3358 1646 πυρίη-ι.

1755 1685 1864 1738 eris
1889 1683 2148 1754 probatur
2175 1698 2295 1737 esse
2325 1683 2568 1748 virtutis;
2594 1683 2720 1738 dum
2753 1684 3021 1742 morosius
3047 1683 3358 1752 agnoscitur

131 1774 882 1868 iwc‘ntonitmcontempserit.
917 1773 1248 1846 Quapropter
1285 1777 1354 1830 ad
1384 1772 1654 1850 utrumque
1683 1809 1732 1868 Β
1758 1773 1905 1844 quod
1948 1773 2048 1830 sub
2085 1772 2306 1830 levitate
2338 1783 2668 1844 prteparatur
2696 1772 2803 1845 [Pd.
2837 1775 2954 1838 Ac.,
3005 1784 3292 1844 praestatur
3316 1773 3355 1844 ι.

127 1844 313 1916 legatos
343 1844 528 1897 mittit.

129 1953 267 2008 Adeo
300 1953 442 2008 inter
466 1969 624 2024 reges
663 1952 940 2010 affinitatis
961 1954 1108 2025 jura,
1139 1956 1317 2012 divina
1343 1959 1656 2016 coalescere

69 2044 352 2110 voluerunt,
385 2053 446 2100 ut
469 2061 568 2116 per
596 2061 782 2102 eorum
813 2045 1134 2118 placabilem
1179 2049 1420 2104 animum
1450 2065 1652 2120 prove-

69 2138 168 2192 niat
202 2137 352 2208 quies
384 2145 572 2210 aptata
603 2139 948 2210 populorum.
985 2139 1098 2194 lloc
1134 2140 1276 2195 enim
1308 2157 1520 2197 sacrum
1549 2151 1652 2207 est,

69 2227 196 2298 quod
247 2229 390 2285 nulla
444 2230 780 2298 permittitur
831 2231 1199 2287 commotione
1250 2232 1464 2288 violari.
1513 2233 1652 2290 Nam

67 2319 242 2387 quibus
291 2319 575 2376 obsidibus
618 2320 882 2382 habeatur
932 2321 1086 2388 fides,
1139 2322 1184 2378 si
1238 2338 1350 2377 non
1397 2323 1654 2380 credatur

68 2408 364 2466 affectibus?
386 2411 680 2468 Sociantur
698 2411 1046 2482 proximitate
1071 2411 1296 2477 domini,
1320 2422 1380 2468 ut
1403 2414 1654 2469 nationes

68 2501 232 2558 divisae
257 2504 416 2562 simili
438 2505 682 2560 debeant
707 2505 988 2562 voluntate
1015 2507 1256 2575 gloriari,
1290 2519 1348 2563 et
1373 2509 1527 2577 quasi
1556 2524 1653 2579 per

69 2592 232 2651 alveos
259 2596 528 2666 quosdam
571 2597 882 2657 concordia:
910 2599 1144 2652 adunata
1179 2614 1240 2654 se
1268 2601 1480 2669 possint
1519 2614 1652 2668 geu-

69 2680 184 2739 tium
220 2694 342 2741 vota
369 2687 727 2758 conjungere.
775 2689 907 2756 Qua:
947 2707 1070 2748 cum
1115 2691 1192 2746 ita
1219 2692 1349 2758 sint,
1390 2693 1653 2750 miramur

69 2773 254 2832 animos
280 2786 494 2835 vestros
539 2779 618 2838 sic
659 2781 836 2842 causis
865 2781 1232 2838 mediocribus
1259 2784 1542 2850 excitatos,
1593 2793 1652 2844 ut

69 2881 176 2922 cum
205 2869 306 2937 filio
329 2880 520 2930 nostro
549 2872 764 2934 Alarico
788 2888 915 2944 rege
936 2874 1281 2930 durissimum
1315 2877 1491 2933 velitis
1518 2877 1652 2934 sub-

70 2959 139 3018 ire
163 2962 498 3031 conﬂictum;
531 2973 592 3020 ut
619 2967 796 3034 multi,
822 2967 914 3036 qui
938 2983 1035 3022 vos
1060 2977 1330 3038 metuunt,
1368 2969 1438 3025 de
1470 2979 1648 3026 vestra

70 3057 448 3116 concertatione
480 3056 753 3118 laetentur.
785 3059 960 3114 Ambo
989 3059 1119 3114 estis
1147 3075 1478 3116 summarum
1517 3075 1650 3130 gen-

71 3141 186 3196 tium
209 3159 377 3214 reges,
413 3145 579 3212 ambo
625 3153 784 3212 astate
814 3146 1091 3222 florentes.
1127 3147 1244 3204 Non
1267 3149 1460 3204 leviter
1481 3165 1648 3218 regna
1670 3187 1720 3250 ,ο

71 3241 226 3288 vestra
253 3239 545 3305 quassatis,
571 3237 616 3297 si
635 3236 762 3292 data
787 3238 1027 3308 partibus
1056 3237 1304 3296 libertate
1333 3239 1642 3309 confligitis.

73 3323 229 3385 Virtus
247 3337 419 3395 vestra
442 3329 634 3400 patrita
651 3346 761 3391 non
784 3327 876 3392 fiat
897 3331 1175 3402 inopinata
1197 3332 1498 3395 calamitas,
1525 3333 1650 3404 quia

69 3418 262 3486 grandis
303 3420 503 3484 invidia
538 3430 623 3482 est
658 3435 867 3490 regum,
903 3421 958 3479 in
999 3423 1175 3480 causis
1217 3423 1426 3480 levibus
1473 3423 1651 3492 gravis

71 3508 208 3577 ruina
257 3511 602 3582 populorum.
670 3511 855 3574 Dicam
898 3511 1087 3580 libere,
1133 3513 1313 3576 dicam
1359 3513 1651 3573 affectuose

70 3599 198 3666 quod
221 3601 392 3666 sentio
425 3618 439 3656 :
475 3601 768 3673 impatiens
803 3618 994 3668 sensus
1019 3612 1103 3661 est.
1131 3603 1198 3660 ad
1229 3605 1458 3676 primam
1499 3606 1650 3676 lega-

73 3689 250 3748 tionem
295 3693 550 3763 protinus
597 3709 747 3753 arma
795 3709 1163 3755 commovere.
1212 3696 1261 3751 A
1312 3699 1647 3766 parentibus,

69 3783 196 3852 quod
217 3787 490 3854 quan-itur,
515 3786 706 3847 electis
726 3787 1000 3856 iudicibus
1021 3797 1324 3859 expetatur.
1349 3788 1481 3844 Nam
1507 3790 1650 3851 inter

72 3873 189 3930 tales
213 3876 352 3934 viros
406 3885 464 3934 et
517 3878 639 3935 illos
693 3877 812 3952 [πω.
853 3877 945 3946 R.,
977 3878 1104 3951 illis]
1132 3887 1346 3949 gratum
1374 3888 1458 3936 est
1495 3881 1645 3948 dare,

68 3979 191 4034 quos
224 3969 427 4045 medios
455 3969 742 4028 volueritis
779 3969 1013 4029 efiicere.
1047 3969 1184 4037 Quid
1233 3970 1302 4026 de
1347 3971 1502 4026 nobis
1548 3988 1646 4028 vos

69 4055 156 4126 ipsi
188 4061 449 4117 :estimare
498 4062 766 4134 poteritis,
819 4062 862 4116 si
920 4077 1020 4118 nos
1074 4062 1400 4119 intentiones
1436 4071 1647 4121 vestras

66 4145 326 4220 reliquisse
361 4153 727 4226 cognoscitis?
756 4153 910 4228 Absit
936 4153 1028 4210 ille
1051 4152 1356 4222 conflictus,
1388 4155 1479 4211 ubi
1510 4171 1646 4212 unus

65 4252 122 4296 ex
147 4243 292 4306 vobis
332 4243 504 4301 deleri
532 4244 734 4315 poterit
779 4243 1088 4314 inclinatus.
1147 4243 1378 4318 Abjicite
1419 4243 1644 4314 ferrum,

63 4329 142 4397 qui
181 4331 232 4386 in
262 4348 442 4398 meum
467 4347 708 4410 pugnare
735 4333 898 4400 vultis
921 4333 1296 4404 approbrium.
1321 4331 1450 4390 Jure
1475 4335 1645 4405 patris

63 4424 198 4481 vobis
227 4427 550 4494 interminor
601 4437 656 4488 et
706 4429 956 4496 amantis.
1016 4427 1112 4486 llle
1156 4444 1287 4498 nos,
1335 4437 1392 4485 et
1438 4431 1644 4500 amicos

63 4524 258 4587 nostros
277 4521 516 4590 patietur
536 4519 810 4594 adversus,
831 4521 925 4592 qui
955 4520 1082 4574 talia
1111 4520 1315 4575 monita
1344 4521 1638 4592 (quodnon

62 4614 348 4684 opinamur)
374 4611 668 4670 crediderit
705 4626 826 4679 esse
855 4609 1163 4671 temnenda,
1199 4608 1543 4688 Quapropter
1571 4611 1640 4666 ad

60 4706 418 4772 excellentiam
444 4714 684 4778 vestram
707 4705 860 4780 illum
907 4712 962 4760 et
992 4703 1143 4774 illum
1174 4703 1382 4774 legatos
1424 4713 1641 4762 nostros

59 4811 368 4870 magnopere
395 4797 726 4856 credidimus
773 4797 1128 4868 dirigendos:
1175 4811 1273 4867 per
1310 4810 1446 4866 quos
1475 4797 1640 4854 etiam

59 4889 117 4944 ad
141 4889 354 4948 fratrem
381 4897 646 4966 vestrum,
679 4888 850 4960 filium
871 4897 1135 4962 nostrum,
1159 4903 1340 4964 regem
1361 4887 1640 4946 Alaricum

58 4980 238 5052 scripta
285 4990 474 5048 nostra
525 4981 842 5056 direximus,
893 4989 956 5036 ut
1005 4980 1314 5052 nullatenus
1360 4979 1504 5052 inter
1536 4993 1639 5052 vos

59 5073 289 5130 scandala
317 5074 553 5130 seminet
581 5073 757 5135 aliena
785 5071 1123 5144 malignitas;
1154 5072 1258 5127 sed.
1278 5071 1332 5126 in
1359 5085 1494 5144 pace
1515 5087 1639 5142 pere

57 5174 508 5239 severantes,qu:e
534 5173 663 5221 sunt
689 5165 834 5226 inter
859 5180 982 5230 vos,
1003 5157 1195 5225 mediis
1223 5152 1444 5236 amicis;
1463 5164 1640 5238 placa:

55 5253 220 5319 biliter
245 5255 402 5316 finire
428 5259 696 5316 debeatis.
719 5259 830 5320 Per
853 5275 951 5316 cos
993 5259 1160 5318 etiam
1181 5267 1238 5315 et
1289 5259 1460 5314 verbo
1485 5260 1638 5324 vobis

55 5345 216 5415 aliqua
242 5347 473 5405 dicenda
509 5349 917 5416 mandavimus;
943 5357 1000 5403 ut
1025 5357 1214 5418 gentes
1233 5363 1355 5417 quae
1385 5348 1488 5404 sub
1541 5365 1638 5419 pa-

55 5440 278 5498 rentibus
300 5441 498 5498 vestris
524 5441 683 5512 longa
711 5457 848 5513 pace
871 5441 1188 5510 floruerunt,
1218 5437 1395 5501 subita
1421 5456 1534 5499 non
1549 5440 1640 5501 dc-

57 5527 204 5586 beant
231 5531 592 5600 concussione
615 5531 837 5600 vastari.
867 5531 945 5598 Illi
965 5531 1120 5597 enim,
1152 5529 1377 5587 credere
1404 5529 1630 5595 debetis,

56 5631 200 5687 quem
243 5623 442 5678 vestris
495 5621 812 5678 utilitatibus
837 5619 1080 5676 arridere
1107 5620 1433 5690 cognoscitis
1462 5637 1475 5672 :
1499 5634 1636 5689 quo—

54 5712 182 5768 niam
203 5715 294 5786 qui
317 5716 438 5771 vult
457 5715 619 5772 alium
659 5716 712 5773 in
735 5713 1040 5786 praicipites
1060 5729 1219 5772 casus
1246 5713 1484 5782 mittere,
1509 5727 1632 5770 eum

54 5811 243 5862 certum
272 5815 357 5864 est
380 5793 610 5866 fideliter
637 5821 747 5864 non
775 5819 1019 5862 monere.

1760 1867 1914 1922 Saltu
1939 1866 2178 1935 quodam
2221 1882 2280 1922 se
2310 1867 2480 1920 tendit
2524 1873 2700 1922 vestra
2730 1867 3083 1936 prosperitas,
3127 1869 3355 1936 solaque

1757 1955 2021 2027 perfectio
2040 1971 2069 2009 a
2092 1955 2244 2010 vobis
2267 1957 2548 2024 qumritur,
2580 1971 2702 2010 cum
2729 1956 3008 2010 vobiscum
3043 1956 3208 2009 multa
3263 1972 3360 2010 ηας

1756 2055 2000 2102 scantur.
2049 2045 2353 2102 illaborata:
2385 2056 2511 2100 sunt
2540 2047 2683 2102 enim
2708 2047 2867 2114 longa
2890 2055 3052 2102 tetate
3085 2047 3248 2102 vestri
3271 2061 3360 2114 ge-

1756 2140 1904 2196 neris
1930 2139 2240 2208 diguitates,
2265 2154 2390 2209 qua:
2427 2139 2712 2194 notissimo
2756 2139 2991 2208 quodam
3040 2139 3354 2194 babitaculo

1755 2232 1898 2290 lares
1921 2233 1974 2286 iu
2005 2240 2182 2288 vestra
2207 2246 2436 2302 posuere
2463 2231 2685 2286 familia.
2703 2231 2857 2295 Nam,
2876 2239 2936 2287 ut
2958 2231 3132 2300 prisca
3159 2231 3353 2286 smcula

1755 2333 2242 2395 transeamusque!)
2269 2323 2472 2380 affatim
2486 2326 2631 2382 viros
2657 2333 2784 2380 sunt
2815 2327 2926 2381 visa
2957 2325 3195 2396 perferre
3220 2339 3353 2394 pra:-

1755 2419 1967 2486 eipuos,
2023 2419 2238 2488 gemino
2290 2418 2471 2472 radias
2499 2419 2666 2488 patris
2695 2433 2760 2472 ac
2786 2417 2960 2487 patrui
2993 2417 3188 2477 decore
3213 2431 3348 2472 con-

1754 2513 2005 2581 spicuus;
2030 2513 2124 2581 qui
2147 2527 2252 2566 non
2275 2511 2451 2565 solum
2474 2519 2847 2566 ornamentum
2872 2509 3084 2564 familiae
3111 2524 3239 2569 suae,
3256 2509 3350 2563 sed

1757 2603 1858 2672 ipsi
1881 2603 2050 2658 decus
2073 2601 2282 2656 senatui
2315 2601 2613 2670 prmstitere
2639 2618 2652 2653 :
2681 2599 2956 2654 modernis
2984 2599 3194 2655 steculis
3235 2614 3356 2652 mo-

1753 2697 1906 2751 ribus
1935 2695 2271 2750 ornabantur
2285 2693 2549 2763 antiquis;
2580 2693 2823 2748 bonitate
2849 2691 3072 2762 praediti,
3103 2701 3354 2746 constan-
3379 2732 3386 2742 .

1754 2787 1828 2842 tia
1857 2788 2100 2856 gloriosi,
2133 2786 2186 2842 in
2215 2786 2448 2840 amicitia
2475 2785 2652 2854 proni,
2684 2785 2751 2839 ad
2774 2783 2900 2840 odia
2923 2782 3188 2838 sumenda
3211 2782 3353 2838 ditii-

1753 2879 1902 2936 ciles.
1930 2879 2028 2946 lta,
2059 2878 2202 2947 quod
2228 2877 2520 2932 maximum
2548 2877 2818 2933 felicitatis
2865 2889 3035 2944 genus
3064 2883 3167 2935 est.
3217 2891 3342 2931 cum

1751 2972 1934 3029 multae
1965 2971 2326 3042 probarentur
2343 2985 2463 3024 esse
2492 2971 2767 3038 potentiae,
2801 2969 3055 3024 invidiam
3080 2969 3202 3024 illos
3231 2984 3352 3038 per-

1751 3061 2095 3129 sequentium
2125 3059 2474 3127 contigitnon
2505 3059 2722 3114 habere.
2771 3057 3085 3114 Pendebant
3105 3059 3348 3128 quiuimo

1753 3153 1899 3207 circa.
1925 3166 2024 3207 eos
2043 3151 2202 3205 anxia
2229 3160 2352 3204 vota
2377 3151 2624 3213 civitatis,
2645 3165 2895 3206 crescens
2916 3165 3074 3218 supra
3107 3152 3347 3219 privatos

1753 3241 2002 3312 publicus
2031 3256 2186 3296 amor
2216 3256 2424 3296 eorum.
2452 3239 2686 3294 Senatus
2710 3241 2948 3297 animum
3005 3257 3198 3297 eorum
3254 3257 3344 3297 se-

1751 3333 2040 3402 quebatur,
2065 3333 2218 3386 turba
2246 3331 2603 3401 propositum.
2632 3331 2698 3385 Et
2722 3347 2941 3392 necesse
2969 3341 3084 3389 erat
3113 3333 3342 3390 Romam

1751 3423 1890 3478 velle
1910 3423 2058 3494 quod
2081 3423 2260 3478 cuncti
2280 3423 2596 3477 videbantur
2615 3431 2836 3494 optare;
2861 3423 3105 3492 miroque
3126 3439 3343 3494 prospe-

1749 3512 1928 3568 ritatis
1949 3521 2144 3568 eventu
2176 3510 2388 3567 firmum
2416 3513 2556 3568 circa
2583 3527 2678 3568 eos
2699 3513 3037 3575 custodiebat
3059 3514 3340 3572 arbitrium

1753 3605 2001 3662 voluntas
2029 3619 2164 3674 vaga
2193 3605 2545 3674 populorum;
2571 3603 2713 3673 quod
2743 3605 2883 3663 inter
2925 3613 3152 3660 caeteras
3179 3606 3343 3674 digni-

1750 3707 2107 3764 tatesmunus
2130 3699 2432 3768 judicamus
2455 3715 2576 3757 esse
2614 3701 2961 3770 prircipuum.
2992 3699 3126 3754 Nam
3151 3699 3194 3754 si
3218 3714 3344 3768 pau-

1749 3804 2100 3852 corumampr
2110 3788 2254 3858 justo
2269 3789 2378 3858 jam
2392 3789 2560 3858 gloria
2574 3800 2676 3851 est,
2693 3799 2854 3845 tanta:
2867 3789 3096 3856 civitatis
3117 3790 3344 3846 affectus

1748 3879 1894 3949 quod
1923 3887 2101 3950 potest
2123 3881 2324 3937 habere
2352 3879 2716 3950 prmeonium?
2739 3879 2972 3936 Proinde
2999 3881 3138 3936 sicut
3158 3884 3339 3938 omnia

1748 3971 1954 4042 ingrata
1985 3971 2236 4029 videntur
2263 3971 2514 4034 obscura,
2546 3971 2624 4026 sic
2651 3972 2976 4040 generaliter
2994 3973 3189 4028 dilecta
3213 3990 3343 4044 prm-

1747 4063 1893 4118 clara
1915 4071 2058 4124 sunt.
2083 4062 2186 4119 Tot
2213 4063 2373 4136 igitur
2398 4072 2682 4134 parentum
2725 4063 2886 4119 laude
2913 4065 3220 4134 decoratus,
3254 4076 3340 4121 tot

1748 4154 1912 4210 etiam
1937 4170 2146 4216 morum
2172 4154 2292 4210 luce
2313 4158 2655 4223 conspicuus,
2686 4171 2843 4212 sume
2863 4165 2987 4225 post
3025 4158 3342 4214 consulares

1745 4242 1918 4312 fasces
1950 4245 2228 4310 emeritos,
2262 4245 2580 4314 patriciatus
2603 4244 2855 4313 insignia,
2889 4253 3104 4302 tuarum
3143 4261 3342 4306 nmnus

1745 4336 2044 4407 pleuarium
2073 4335 2426 4406 dignitatum;
2461 4343 2518 4390 et
2549 4336 2676 4395 cani.
2729 4335 2951 4394 honoris
2977 4334 3163 4393 infulis
3185 4338 3342 4396 adul-

1746 4439 1855 4493 tam
1883 4429 2040 4496 ciuge
2061 4429 2358 4492 caesariem,
2373 4429 2466 4498 qui
2497 4430 2815 4500 meritorum
2835 4431 2992 4490 laude
3011 4433 3186 4488 etatis
3210 4449 3344 4504 prae-

1670 4567 1722 4629 D
1739 4522 1942 4595 judicia
1969 4522 2259 4592 superasti.
2289 4519 2402 4576 Cur
2419 4521 2563 4578 Olli!“
2591 4521 2747 4578 tardo
2795 4523 3075 4578 evenirent
3120 4526 3342 4594 praemia

1743 4615 1830 4671 cui
1884 4621 1972 4672 tot
2027 4613 2243 4684 generis
2303 4611 2736 4688 suffragabaptur
2797 4614 3081 4685 exempla?
3113 4614 3342 4685 Eligitur

1719 4705 1945 4776 quippe
1965 4703 2018 4761 in
2047 4713 2100 4766 te
2127 4703 2384 4762 nascendi
2406 4703 2544 4775 laus,
2574 4703 2787 4758 vivendi
2841 4704 3044 4773 gloria;
3102 4715 3160 4760 et
3212 4723 3340 4764 cum

1742 4797 1914 4858 multa
1943 4796 2128 4862 trahas
2155 4795 2223 4852 ab
2251 4795 2506 4866 antiquis,
2539 4795 2784 4861 meruisti
2829 4795 3046 4865 placere
3100 4797 3170 4852 de
3212 4813 3343 4868 pro-

1740 4889 1892 4960 priis.
1925 4887 2008 4945 Ab
2031 4887 2149 4958 ipso
2175 4887 2376 4958 quit-pe
2395 4888 2520 4942 vita:
2545 4886 2836 4956 principio,
2877 4888 3024 4956 quod
3051 4888 3194 4950 inter
3213 4890 3343 4956 adu.

1741 4983 1968 5041 lantiunt
1992 4995 2183 5052 greges
2209 4996 2390 5038 rarum
2419 4981 2561 5037 solet
2589 4995 2730 5046 esse,
2761 4981 3032 5036 nobilibus
3077 4984 3335 5040 studuisti

1743 5073 1906 5130 fidem
1929 5072 2222 5128 virtutibus
2242 5073 2523 5148 eahibere.
2547 5073 2724 5141 Atque
2751 5071 2874 5126 ideo
2901 5071 3130 5127 instituti
3157 5075 3231 5128 tui
3256 5072 3342 5128 flr-

1739 5180 1834 5222 ma
1851 5164 2160 5234 vestigium,
2190 5172 2250 5218 ut
2275 5163 2366 5233 qui
2397 5163 2686 5233 primmvus
2738 5162 2966 5232 gloriam
3009 5173 3340 5218 consecutus

1741 5272 1820 5323 es,
1847 5255 2168 5312 florentibus
2189 5255 2346 5312 annis
2367 5255 2620 5324 gloriosis
2645 5253 2940 5309 honoribus
2969 5253 3238 5322 augearis.
3257 5253 3339 5308 ln-

1741 5349 1889 5420 spice
1910 5347 2144 5416 denique
2169 5353 2370 5415 quanta
2401 5355 2620 5410 tuorum
2664 5345 2824 5400 latule
2873 5344 3138 5414 praecipua
3178 5344 3340 5400 deco-

1748 5441 1903 5496 reris.
1929 5437 2116 5508 Culpa:
2141 5451 2313 5507 genus
2332 5445 2416 5492 est
2437 5453 2545 5492 non
2575 5446 2633 5492 te
2659 5437 2854 5492 fecisse
2890 5437 3038 5506 quod
3066 5451 3333 5497 summum

1745 5539 1847 5594 est.
1899 5527 1980 5584 De
2021 5527 2336 5582 maturitate
2385 5525 2586 5596 quippe
2627 5534 2714 5580 tua
2742 5526 2910 5580 multo
2927 5525 3130 5582 debent
3151 5528 3338 5584 venire

1743 5621 1990 5685 meliora,
2019 5620 2111 5688 qui
2141 5619 2193 5672 in
2215 5626 2375 5673 actate
2415 5626 2602 5673 tenera
2632 5625 2683 5673 te
2705 5617 2950 5672 novimus
2981 5616 3171 5674 fecisse
3199 5635 3336 5690 prte—

1741 5711 1994 5769 dicanda.
2022 5709 2355 5766 Confidimus
2375 5711 2519 5764 enim
2542 5724 2642 5766 nee
2663 5711 2742 5765 tui
2761 5709 2975 5778 generis
3004 5709 3332 5781 institutum,

1743 5819 1846 5862 nec
1864 5811 2109 5861 nostrum
2134 5801 2280 5858 circa
2302 5809 2356 5858 te
2377 5815 2564 5858 errare
2582 5815 2744 5873 posse
2763 5799 3046 5871 judicium.
