3974 6398
548 308 649 362 579

1112 412 1441 469 EFISTOLA
1474 412 1536 467 Vl
1549 453 1561 465 .

757 523 978 563 SENATCI
1032 523 1181 561 UBBlS
1213 521 1368 560 ROM£
1402 518 1766 558 TIIEOBOIIICUS
1790 518 1915 555 REX.

547 621 729 678 Multis
752 621 988 675 laudibus
1016 631 1249 674 senatum
1291 619 1582 672 Romanum
1612 633 1753 687 teque
1777 633 1839 669 ac
1869 614 2134 684 Importu-

618 708 740 744 num
760 693 980 754 extollit,
1009 707 1157 761 quem
1175 691 1242 742 ad
1268 690 1573 759 patriciatus
1602 688 1907 761 dignitatem
1952 701 2106 739 evexe
2126 714 2148 723 -

615 770 720 827 rat,
741 758 1042 832 senatuique
1061 762 1338 830 plurimum
1362 758 1705 811 commendat.

620 870 844 926 Gratum
874 870 1089 939 quidem
1128 869 1285 923 nobis
1305 875 1408 934 est,
1437 867 1620 920 Patres
1648 864 1973 933 Conscripti,
2019 877 2136 933 per-

549 976 713 1019 sonas
742 977 909 1016 novas
933 961 1000 1016 ad
1029 962 1295 1016 bonorum
1326 959 1467 1013 celsa
1498 958 1800 1027 producere
1823 958 2137 1031 [mss.,per—-

554 1049 793 1121 ducere].
819 1050 1057 1106 Delectat
1086 1051 1350 1121 peregrini
1378 1048 1638 1119 germinis
1667 1049 1812 1102 viros
1837 1047 2045 1115 gremio
2073 1047 2136 1100 li-

555 1142 781 1196 bertatis
808 1142 1070 1203 inserere,
1107 1148 1163 1193 ut
1194 1141 1358 1193 variis
1407 1138 1714 1193 frondescat
1756 1145 1977 1193 senatus
2011 1135 2135 1190 aula

555 1233 858 1286 virtutibus.
887 1229 1055 1286 Ornat
1080 1232 1223 1285 enim
1254 1230 1375 1284 talis
1394 1229 1682 1283 multitudo
1710 1236 2058 1294 conventum,
2082 1235 2138 1280 et

558 1324 732 1375 betam
765 1322 940 1376 reddit
993 1320 1182 1375 laeiem
1214 1322 1484 1390 publicam
1514 1320 1781 1374 honorata
1812 1319 2134 1387 frequentia.

558 1413 664 1466 Sed
689 1414 857 1467 multo
886 1413 1038 1468 nobis
1062 1414 1323 1483 probatur
1349 1413 1642 1481 acceptius,
1675 1410 1887 1479 quoties
1910 1409 2138 1478 dignita-

560 1510 701 1563 tibus
722 1509 1010 1572 reddimus,
1028 1509 1119 1577 qui
1141 1509 1205 1563 de
1228 1509 1342 1578 ipsa
1364 1510 1527 1562 curse
1555 1506 1802 1560 claritate
1827 1515 2138 1570 nascuntur,

560 1599 684 1667 quia
712 1614 819 1652 non
849 1613 974 1653 sunt
1005 1599 1072 1653 de
1093 1600 1245 1653 vobis
1275 1598 1524 1653 examina
1552 1604 1734 1651 nostra
1764 1595 1990 1651 sollicita
2011 1594 2140 1648 dum

564 1688 909 1757 prtejunlicata
936 1688 1074 1741 bona
1107 1686 1499 1753 transfunditis,
1524 1685 1616 1755 qui
1657 1683 1846 1739 merita
1874 1699 1995 1738 cum
2020 1682 2140 1737 luce

564 1779 851 1848 pratstatis.
883 1778 1047 1846 Origo
1080 1779 1191 1847 ipsa
1219 1777 1328 1847 jam
1359 1777 1528 1845 gloria
1558 1785 1661 1842 est,
1711 1776 1829 1830 laus
1878 1774 2141 1829 nobilitati
2175 1785 2218 1842 η

568 1871 934 1926 connascitur.
958 1871 1102 1926 Idem
1124 1872 1277 1926 vobis
1299 1881 1381 1925 est
1400 1870 1673 1937 dignitatis
1692 1866 1835 1938 quod
1855 1867 1978 1921 vitae
2006 1866 2146 1936 prin-

565 1964 785 2033 cipium.
808 1961 1042 2017 Senatus
1083 1962 1225 2017 enim
1255 1962 1430 2016 honor
1458 1960 1819 2029 amplissimus
1864 1958 2144 2012 vobiscum

568 2055 819 2123 gignitur,
853 2053 920 2108 ad
949 2067 1109 2123 quem
1151 2052 1240 2104 vix
1270 2050 1494 2105 maturis
1545 2050 1790 2104 :etatibus
1814 2047 2142 2118 pervenitur.

570 2146 696 2201 ll:re
725 2145 850 2200 licet
872 2144 939 2199 de
968 2144 1122 2199 vobis
1148 2142 1398 2197 omnibus
1425 2140 1693 2195 veraciter
1715 2138 2035 2208 jndicemus,
2088 2143 2147 2190 ut

570 2236 774 2290 ordinis
797 2235 1010 2305 genium
1035 2234 1427 2304 complectatur
1450 2233 1624 2301 gratia
1671 2240 2003 2295 senatorum,
2036 2245 2149 2283 ma-

572 2327 712 2381 xime
732 2324 1040 2380 serenitatis
1067 2332 1261 2378 nostra:
1286 2322 1575 2377 luminibus
1606 2320 1890 2376 Deciorum
1933 2319 2150 2387 sanguis

571 2418 792 2473 irradiat
816 2435 829 2471 :
862 2418 953 2487 qui
977 2426 1057 2473 tot
1082 2416 1235 2472 annis
1254 2416 1523 2473 continuis
1542 2416 1699 2470 simul
1728 2414 1974 2486 splendet
1992 2415 2147 2470 clari-

574 2520 685 2565 tate
706 2510 953 2574 virtutis;
979 2519 1037 2565 et
1063 2510 1308 2580 quamvis
1327 2524 1450 2563 rara
1478 2509 1753 2577 sitgloria,
1784 2523 1891 2562 non
1918 2506 2157 2575 agnosci-

575 2611 663 2655 tur
682 2602 735 2655 in
765 2608 873 2654 tam
900 2600 1061 2668 longo
1090 2606 1208 2653 steu
1232 2606 1376 2653 male
1397 2598 1625 2652 variata.
1657 2598 1881 2652 Smculis
1899 2598 2011 2652 suis
2036 2612 2156 2666 pro-

574 2692 721 2747 ducit
749 2690 942 2745 nobilis
967 2705 1106 2745 vena
1137 2688 1422 2759 primarios
1450 2705 1465 2741 :
1490 2688 1663 2743 nescit
1681 2687 1807 2743 inde
1834 2686 2033 2757 aliquid
2059 2701 2156 2740 na-

576 2781 655 2836 sci
685 2780 975 2845 mediocre,
1001 2788 1079 2834 tot
1103 2778 1313 2849 probati
1356 2786 1489 2848 quot
1512 2778 1708 2847 geniti;
1734 2786 1809 2841 et,
1841 2777 1986 2847 quod
2014 2776 2155 2832 dim-

578 2871 681 2925 cile
705 2870 974 2939 provenit,
1003 2868 1175 2924 electa
1219 2867 1538 2937 frequentia.
1570 2867 1648 2922 En
1678 2868 1905 2939 pullulat
1931 2884 1999 2923 ex
2049 2883 2157 2923 uno

579 2961 820 3029 germine
847 2958 1232 3029 quadrifarium
1261 2959 1449 3027 decus,
1490 2959 1666 3014 honor
1720 2959 1935 3024 civium,
1986 2958 2157 3028 gloria

581 3052 814 3120 generis,
843 3059 1190 3119 augmentum
1216 3059 1463 3113 senatus;
1495 3050 1588 3119 qui
1629 3050 1876 3120 quamvis
1923 3049 2160 3120 fulgeant

1775 292 1842 346 Μ.
1885 290 2157 346 AURELII
2196 287 2590 343 CASSIUDOR.

2161 409 2203 465 Α
2238 404 2343 474 43
2366 404 2509 457 auxit
2530 401 2882 472 patrimoniis,
2901 398 3111 453 ornavit
3128 396 3397 460 moribus;
3422 404 3478 450 et
3499 403 3639 463 quot
3661 396 3843 447 edidit

3729 278 3840 330 ἷοᾶἷ)

2237 494 2447 547 fmniliae
2472 494 2716 561 juvenes,
2749 500 2830 544 tot
2881 489 3107 544 reddidit
3135 488 3299 543 curia:
3326 486 3672 542 consulares.
3710 484 3848 539 llzee

2237 584 2397 653 igitur
2451 585 2674 637 rimatur
2727 596 2935 634 morum
2984 586 3172 633 noster
3212 593 3407 633 sensus
3444 576 3714 646 inspexit,
3742 577 3841 645 qui

2235 681 2397 735 etiam
2427 678 2625 734 bonum
2672 676 2982 731 domesticae
3008 674 3223 730 virtutis
3267 673 3494 744 inquirit
3528 691 3543 726 :
3579 682 3644 729 ut
3693 673 3846 727 inter

2234 769 2442 841 privata
2471 766 2697 821 laudatis
2741 766 2955 836 publica
2993 764 3192 819 debeat
3237 772 3564 818 ornamenta
3618 764 3841 831 largiri.

2236 859 2413 926 Atque
2433 858 2573 921 ideo,
2607 856 2666 911 P.
2696 854 2780 920 C.,
2807 856 3000 910 illustri
3030 864 3085 908 et
3108 854 3393 923 magniﬁco
3409 857 3530 910 viro
3557 854 3848 924 Importu-

2239 964 2309 1023 ιιηο
2336 948 2650 1016 patriciatus
2698 946 2911 1000 culmen
2940 944 3277 1012 indulsimus,
3321 954 3380 998 ut
3425 954 3617 999 vester
3660 954 3850 1000 cretus

2237 1039 2382 1093 sicut
2424 1038 2648 1108 pullulat
2688 1048 2834 1092 sorte
2861 1036 3136 1101 nascendi,
3171 1039 3241 1090 ita
3288 1044 3343 1091 et
3379 1035 3620 1091 fascibus
3664 1036 3852 1106 possit

2239 1128 2441 1196 augeri.
2487 1128 2781 1197 lmpendite
2809 1127 3019 1198 parenti
3048 1127 3295 1195 gratiam,
3329 1128 3567 1181 adunate
3610 1136 3850 1182 senten-

2241 1221 2381 1273 tias:
2412 1228 2589 1273 vestra
2619 1226 2702 1271 est
2752 1218 2978 1281 indoles,
3029 1230 3190 1285 quam
3235 1218 3550 1288 probamus.
3615 1215 3852 1272 Habetis

2241 1322 2390 1369 certe
2411 1312 2553 1381 quod
2586 1312 2735 1365 vobis
2764 1312 3038 1379 ingeniosa
3071 1310 3231 1365 laude
3260 1310 3531 1372 tribuatis,
3566 1310 3616 1364 si
3652 1325 3851 1364 amore

2244 1403 2693 1459 necessitudinum
2720 1402 2993 1472 publicum
3049 1399 3254 1455 faciatis
3301 1416 3421 1456 esse
3446 1399 3743 1469 judicium;
3792 1410 3854 1454 et

2242 1495 2383 1564 quod
2412 1509 2510 1564 pro
2541 1500 2744 1547 natura:
2770 1492 3033 1547 ebaritate
3054 1490 3392 1561 dependitur,
3425 1489 3697 1545 collatum
3747 1506 3858 1546 no-

2242 1584 2367 1639 stris
2390 1581 2723 1652 jussionibus
2760 1580 3074 1635 aestimetur.

2805 1713 3135 1769 EPISTULA
3159 1713 3267 1769 VII.

2244 1824 2496 1865 JANUARIO
2523 1823 2648 1863 νιιιο
2677 1823 3011 1867 VENEBABILI,
3043 1822 3287 1863 εριεεοιλο
3313 1823 3653 1864 ελιοκιτικο
3674 1824 3857 1865 τηεο-

2848 1893 3069 1931 DOBICUS
3098 1894 3225 1931 REX.

2245 1968 2397 2024 lubet
2435 1977 2490 2022 ut
2518 1968 2775 2038 persolvat
2801 1965 2994 2021 Joauni
3033 1968 3250 2036 pretium
3277 1969 3556 2038 sexaginta
3599 1984 3856 2021 arearum

2318 2040 2437 2104 olei,
2456 2036 2583 2109 quas
2612 2038 2962 2104 adimplenda
2988 2039 3269 2091 luminaria
3296 2036 3361 2091 ab
3389 2036 3449 2092 ἑο
3472 2047 3779 2107 acceperat.

2318 2129 2517 2185 Omnes
2543 2128 2760 2199 quidem
2785 2127 3048 2196 justitiam
3079 2127 3261 2183 colere
3287 2135 3344 2183 et
3372 2128 3677 2183 observare
3709 2144 3859 2199 prm-

2248 2224 2498 2295 cipimus,
2547 2219 2640 2275 sed
2670 2235 2765 2274 eos
2793 2218 3027 2272 maxime
3055 2218 3146 2286 qui
3176 2216 3370 2272 divinis
3396 2216 3710 2272 honoribus
3739 2219 3859 2273 eri-

2249 2320 2478 2382 guntnr;
2504 2317 2563 2364 ut
2584 2322 2829 2378 superate
2853 2308 3038 2374 gratim
3067 2303 3199 2358 fiant
3228 2303 3483 2374 proximi,
3514 2304 3647 2359 dum
3678 2320 3712 2359 a
3745 2313 3860 2361 ter—

2250 2420 2384 2461 rena
2425 2402 2623 2458 fuerint
2674 2400 2969 2469 cupiditate
3015 2398 3315 2469 longinqui.
3373 2396 3617 2456 Joannes
3664 2399 3860 2468 itaque

2252 2494 2414 2550 flebili
2439 2508 2537 2547 nos
2562 2491 2884 2559 allegatione
2919 2487 3179 2558 pulsavit,
3228 2490 3576 2542 sanctitatem
3607 2497 3858 2543 vestram

2254 2600 2285 2639 a
2313 2599 2372 2638 se
2400 2582 2678 2651 sexaginta
2699 2594 2855 2633 orcas
2881 2577 2987 2632 olei
3015 2575 3082 2630 ad
3114 2575 3385 2646 implenda
3413 2576 3711 2631 luminaria
3735 2592 3860 2632 sus-

2253 2674 2462 2745 cepisse
2491 2689 2504 2724 :
2534 2685 2760 2741 quarum
2789 2668 3023 2738 pretium
3053 2667 3156 2723 sibi
3202 2665 3440 2737 postulat
3468 2674 3740 2738 oportere
3767 2684 3861 2723 re-

2255 2763 2425 2820 stitui.
2461 2761 2667 2816 Bonum
2696 2758 2913 2828 quidem
2944 2768 3131 2812 votum
3151 2795 3167 2819 ,
3208 2758 3255 2812 si
3284 2764 3468 2812 tamen
3501 2772 3613 2812 non
3646 2758 3726 2812 ibi
3760 2759 3863 2813 ali-

2257 2855 2382 2925 quid
2412 2854 2700 2907 miseeatur
2727 2849 3033 2904 adversum.
3066 2848 3198 2902 Nam
3245 2848 3371 2903 licet
3412 2847 3618 2918 ubique
3661 2848 3867 2905 deceat

2252 2944 2514 3015 justitiam
2538 2941 2817 3005 custodiri,
2849 2941 2903 2994 in
2944 2939 3048 2993 illis
3087 2937 3249 2993 rebus
3276 2939 3514 2994 maxime
3541 2940 3868 2995 necessaria

2259 3042 2344 3090 est
2388 3047 2511 3103 tute
2555 3031 2751 3087 divinis
2791 3029 3068 3086 obtutibus
3113 3028 3415 3084 offeruntur
3447 3046 3462 3081 :
3497 3044 3568 3084 ne
3603 3037 3869 3100 putemus

581 3142 960 3197 communione
982 3140 1574 3209 meritorum,invenies
1602 3149 1777 3196 tamen
1800 3156 1958 3212 quem
1986 3141 2156 3211 possis

2264 3125 2512 3193 ignorare
2541 3121 2732 3187 Deum,
2781 3119 2925 3175 unde
2954 3119 3210 3189 accipiat,
3258 3118 3304 3173 si
3335 3117 3599 3174 fraudatis
3625 3120 3871 3175 oblatio.

584 3231 803 3287 laudare
826 3231 892 3287 de
921 3231 1174 3302 propriis.
1204 3230 1474 3302 BeSpicite
1494 3241 1639 3287 certe
1650 3232 1904 3303 juvenem
1928 3247 2027 3303 per
2054 3230 2163 3288 for-

584 3340 683 3379 mre
709 3324 934 3395 gratiam
985 3324 1179 3378 mentis
1227 3324 1622 3411 pulchritudine
1671 3324 1791 3393 plus
1837 3325 2159 3394 placentem.

587 3414 770 3470 Refert
790 3412 925 3469 faeie
951 3413 1228 3482 sanguinis
1252 3413 1436 3480 decus,
1467 3414 1711 3483 proditur
1754 3414 1921 3468 animi
1973 3422 2163 3468 natura

591 3519 691 3574 per
724 3503 963 3568 vultum,
1011 3511 1069 3557 et
1112 3502 1403 3558 serenitate
1441 3504 1684 3572 corporis
1726 3503 1904 3558 nubila
1950 3518 2165 3573 quoque

587 3594 785 3650 mentis
812 3593 1089 3662 abstergit.
1109 3592 1305 3648 Verum
1331 3594 1447 3649 haec
1472 3601 1677 3647 natura:
1704 3594 1844 3648 bona
1866 3593 2165 3647 litterarum

589 3682 864 3738 decoravit
905 3683 1248 3752 insignibus:
1284 3691 1341 3737 ut
1363 3693 1492 3751 pote
1541 3682 1918 3752 magistrarum
1970 3683 2167 3737 artium

589 3772 818 3830 detersis
837 3773 1032 3827 mentis
1060 3771 1425 3843 penetralibus
1455 3772 1577 3841 plus
1606 3772 1810 3827 luceret
1840 3783 1887 3826 η.
1913 3771 1971 3825 1η
2020 3772 2167 3827 libris

591 3871 834 3919 veterum
863 3862 1055 3919 Decios
1083 3863 1333 3932 cognovit
1365 3862 1639 3931 antiquos,
1672 3862 2017 3931 nobilemque
2036 3877 2168 3932 pro-

591 3955 801 4025 geniem
829 3954 1072 4025 glorios:e
1098 3954 1289 4009 mortis
1331 3951 1593 4008 beneflcio
1628 3952 1918 4007 viventem.
1952 3952 2170 4008 Felieis-

592 4048 760 4102 simus
785 4044 1035 4117 profecto
1061 4044 1359 4099 studiorum
1388 4043 1560 4106 labor,
1591 4042 1678 4097 cui
1717 4041 2012 4111 priscorum
2046 4057 2170 4097 ear-

591 4154 714 4195 men
742 4137 966 4209 contigit
1008 4136 1217 4191 discere
1258 4150 1353 4206 per
1382 4142 1651 4205 parentes,
1680 4142 1736 4189 et
1762 4132 1830 4188 de
1849 4134 1991 4189 avita
2012 4134 2172 4190 laude

593 4229 883 4300 primordia
904 4227 1075 4282 teneri
1092 4225 1326 4296 pectoris
1345 4223 1579 4279 erudire.
1608 4222 1761 4278 Libet
1788 4221 1990 4278 referre
2009 4238 2170 4292 quam

594 4335 787 4391 magno
798 4327 936 4373 tunc
957 4317 1268 4388 spectaculo
1293 4317 1459 4372 totius
1485 4315 1688 4371 scholze
1709 4316 1762 4370 in
1792 4331 1914 4371 eum
1938 4331 2172 4371 conver-

596 4412 807 4467 tebatur
830 4417 1078 4479 aspectus
1103 4425 1121 4473 ;
1150 4422 1331 4478 quem,
1364 4421 1485 4463 cum
1526 4407 1737 4462 audiret
1756 4414 2053 4477 parentem,
2081 4407 2169 4461 illa

2264 3215 2421 3270 nibus
2449 3212 2780 3280 acquiescat.
2831 3207 2900 3263 Et
2944 3207 3090 3274 ideo,
3134 3208 3181 3262 si
3228 3221 3412 3262 veram
3460 3208 3869 3277 querimoniam

2264 3304 2588 3375 cognoscitis
2603 3300 2969 3372 supplicantis,
2985 3299 3425 3356 consideratione
3435 3299 3690 3369 iustitiae,
3707 3315 3871 3370 quam

2265 3403 2452 3452 saneta
2479 3395 2594 3463 lege
2613 3392 2940 3463 prtedicatis,
2964 3391 3123 3446 facite
3144 3405 3265 3461 qute
3283 3390 3429 3460 juste
3455 3390 3742 3446 debentur
3761 3392 3874 3447 sine

2269 3486 2522 3541 tarditate
2549 3483 2762 3539 restitui
2788 3498 2804 3549 ;
2843 3489 3109 3550 quatenus
3131 3481 3309 3536 nullus
3335 3481 3693 3550 ingemiscat,
3729 3483 3872 3537 illata

2269 3576 2370 3632 sibi
2398 3590 2496 3646 per
2519 3589 2618 3629 vos
2644 3571 2808 3628 fuisse
2834 3571 3136 3641 dispendia,
3180 3586 3319 3642 quos
3341 3571 3499 3627 decet
3522 3572 3718 3642 potius
3741 3587 3875 3644 pra!-

2270 3677 2415 3725 stare
2433 3663 2731 3735 juvamina.
2760 3661 3104 3733 Quapropter
3123 3661 3337 3717 studete
3366 3669 3448 3729 ut,
3469 3662 3565 3730 qui
3590 3677 3711 3717 non
3740 3664 3872 3719 sole-

2271 3758 2341 3813 tis
2368 3771 2468 3828 pro
2496 3754 2702 3823 magnis
2731 3753 2894 3808 rebus
2918 3752 3203 3818 excedere,
3235 3767 3347 3807 non
3370 3750 3671 3808 videamini
3709 3754 3874 3827 (quod

2274 3846 2435 3903 absitl
2460 3846 2512 3900 in
2536 3845 2806 3916 parvitate
2827 3858 3074 3914 peccare.

2814 3975 3142 4032 EPISTOLA
3171 3975 3304 4032 VIII.

2274 4081 2545 4123 VBNAN‘I‘IO
2564 4080 2688 4120 VIBO
2713 4079 2993 4128 SENATORI,
3017 4080 3348 4120 CORRECTORI
3374 4081 3627 4123 ιυελκυς
3654 4084 3731 4123 ΕΤ
3766 4077 3871 4114 ΒΜ·

2684 4151 2905 4203 τιοιιυιι,
2937 4149 3299 4190 τηεοῡοιιιοοε
3323 4152 3453 4190 REX.

2276 4232 2457 4287 Monet
2494 4239 2550 4285 ut
2594 4238 2825 4299 tempore
2871 4228 3151 4299 constituta
3206 4228 3494 4299 exactioni:
3535 4227 3791 4285 binorum
3836 4240 3877 4284 et

2602 4297 2866 4354 ternorum
2891 4297 2969 4352 illi
2996 4297 3247 4368 delegata
3267 4298 3547 4367 compleat.

2345 4413 2573 4469 Iustitiae
2617 4412 2757 4467 ratio
2799 4409 3089 4481 persuadet
3126 4409 3196 4465 ab
3221 4423 3555 4480 unoquoque
3585 4413 3880 4483 postulari,

594 4516 721 4556 mox
742 4499 1049 4555 intendebat
1073 4497 1337 4553 heredem
1358 4512 1633 4567 quterens;
1664 4505 1724 4552 ut
1749 4513 1869 4567 quae
1893 4509 2169 4554 auctorem
2209 4523 2255 4581 ι)
2280 4503 2425 4576 quod
2448 4504 2498 4558 ei
2526 4508 2741 4557 constat
2760 4499 2988 4570 iniungi,
3017 4511 3073 4554 et
3095 4499 3355 4570 pecunias
3381 4500 3641 4570 publicas
3675 4503 3874 4558 instan-

594 4597 922 4660 cognoverat
943 4589 1142 4654 dicere.
1169 4604 1266 4659 per
1285 4588 1446 4657 huius
1470 4598 1654 4659 posset
1680 4589 2055 4645 similitudines
2080 4604 2178 4659 ap-
2280 4606 2364 4653 ter
2391 4609 2633 4667 quaerere
2650 4634 2666 4659 ,
2718 4607 2787 4648 ne
2814 4592 3113 4648 debitorem
3161 4592 3439 4660 neglectus
3466 4591 3681 4649 debeat
3713 4596 3876 4663 ingra-

594 4681 844 4753 probare.
874 4678 1008 4733 Nam
1033 4679 1173 4733 sicut
1192 4677 1405 4746 indigna
1433 4678 1721 4748 posteritas
1746 4676 1932 4732 laudes
1968 4678 2176 4747 antiqui

594 4771 803 4841 generis
825 4769 1073 4838 abnegat,
1104 4768 1175 4822 ita
1203 4767 1460 4838 prteclara
1483 4768 1551 4823 de
1578 4767 1821 4838 patribus
1862 4768 2077 4837 egregie
2095 4767 2177 4822 die

594 4872 679 4919 cta
705 4861 839 4936 [alii,
883 4856 1046 4931 dona]
1074 4859 1376 4915 confirmat.
1406 4858 1684 4915 Creditum
1712 4868 1795 4914 est
1813 4858 1881 4914 de
1909 4858 1992 4913 bis
2013 4873 2175 4915 omne

593 4956 734 5027 quod
754 4953 965 5023 legitur,
996 4952 1122 5007 dum
1167 4951 1434 5021 praeconia
1462 4958 1704 5005 veterum
1728 4964 1966 5019 praesens
1988 4948 2174 5005 docuit

592 5060 728 5101 vena
750 5044 1003 5099 virtutum
1035 5042 1112 5111 (in
1139 5040 1390 5095 auditorii
1415 5037 1628 5095 ofﬁcina
1650 5039 1984 5108 ingeniorum
2014 5038 2170 5094 llam-

592 5150 679 5191 ma
703 5133 1017 5202 recalente).
1042 5131 1137 5186 llis
1161 5129 1376 5200 quidem
1402 5130 1736 5185 lormabatur
1762 5130 2044 5200 exemplis,
2076 5129 2173 5186 sed

590 5223 899 5280 domesticis
918 5220 1125 5277 felicius
1147 5217 1543 5289 producebatur
1572 5219 1830 5288 imperiis.
1883 5218 2172 5275 Subtracto

592 5314 735 5369 enim
764 5310 957 5368 solatio
986 5309 1239 5377 maritali,
1279 5324 1416 5364 onus
1441 5309 1660 5379 regendi
1714 5318 1887 5364 mater
1937 5309 2172 5379 gloriosa

593 5404 865 5475 suscepit:
892 5417 1052 5472 quam
1076 5416 1176 5457 nec
1201 5399 1377 5470 ampla
1404 5400 1710 5469 patrimonii
1751 5414 1898 5465 cura,
1943 5415 2044 5455 nec
2092 5409 2173 5455 tot

596 5495 825 5551 filiorum
852 5493 1028 5564 potuit
1055 5493 1272 5547 turbare
1309 5490 1576 5545 custodia.
1621 5489 1769 5544 Aluit
1798 5489 2164 5557 nutrimentis,

680 5688 817 5741 ‘Ms.
874 5690 1036 5751 And,
1088 5697 1142 5740 ut
1193 5697 1309 5755 pote
1354 5704 1659 5757 magnarum
1708 5692 1897 5745 artium
1925 5691 2167 5757 disertus,

600 5760 781 5811 mentis
807 5759 1154 5827 penetralibus
1181 5760 1294 5819 plus
1322 5759 1561 5827 placeret.

2277 4703 2428 4745 vare.
2459 4687 2592 4743 Nam
2621 4687 2666 4740 si
2688 4684 2933 4740 remissio
2961 4684 3012 4738 in
3034 4683 3491 4739 admonitionibus
3506 4687 3730 4755 veniat,
3758 4701 3870 4742 eun.

2279 4787 2397 4834 ctos
2424 4791 2645 4832 necesse
2667 4782 2751 4830 est
2778 4782 2837 4829 ut
2864 4782 3205 4844 contemptus
3227 4773 3485 4828 involvat.
3512 4774 3585 4829 Et
3617 4779 3879 4846 quodam-

2279 4869 2442 4926 modo
2468 4869 2705 4924 nascitur
2728 4866 2794 4921 de
2823 4866 3027 4936 pietate
3056 4865 3368 4934 crudelitas,
3393 4866 3436 4921 si
3458 4881 3634 4934 quem
3660 4870 3874 4937 negligis

2280 4961 2602 5025 admonere,
2654 4965 2843 5028 postea
2871 4957 3084 5025 cogaris
3111 4956 3347 5026 exigere.
3402 4955 3567 5012 Utilis
3619 4968 3714 5015 est
3758 4973 3872 5026 ergo

2279 5065 2407 5107 cura
2430 5049 2723 5120 prtedicere
2740 5089 2755 5115 ,
2794 5048 3011 5117 quando
3040 5055 3095 5104 et
3123 5048 3340 5103 occasio
3367 5049 3725 5108 subtrahitur
3749 5052 3868 5108 deli«

2279 5141 2411 5204 etis,
2442 5148 2499 5195 et
2536 5140 2686 5195 locus
2713 5153 2821 5193 non
2849 5138 3008 5192 datur
3028 5138 3245 5194 illicitis.
3277 5137 3629 5210 Quapropter
3664 5143 3870 5198 illustris

2279 5229 2377 5283 viri
2407 5228 2620 5284 comitis
2653 5242 2928 5284 sacrarum
2976 5228 3318 5297 largitionum
3345 5233 3711 5298 suggestione
3740 5248 3870 5289 com-

2278 5319 2536 5389 perimus,
2584 5318 2790 5389 pridem
2842 5318 2959 5386 tibi,
3005 5319 3300 5373 secundum
3350 5336 3567 5376 morem
3617 5334 3864 5382 veterem.

2279 5410 2618 5465 exactionem
2640 5409 2884 5464 binorum
2905 5417 2961 5462 et
2986 5417 3263 5463 ternorum
3289 5408 3317 5448 ιι
3349 5407 3517 5466 fuisse
3547 5412 3865 5485 delegaan

2281 5496 2434 5554 Unde
2462 5507 2515 5554 te
2543 5496 2897 5569 prtesentibus
2924 5511 3331 5552 commonemus
3378 5497 3642 5557 aﬂatibus
3662 5540 3676 5565 ,
3710 5512 3765 5557 ut
3788 5517 3868 5556 sc-

2280 5758 2321 5815 r
2351 5686 2381 5729 δ
2410 5687 2667 5747 Diuorum
2693 5701 2746 5748 et
2767 5699 3041 5747 ternorum
3064 5692 3184 5748 vide
3209 5693 3346 5749 infra
3371 5692 3467 5750 lib.
3488 5711 3584 5767 vn,
3612 5699 3769 5756 form.
3791 5691 3863 5743 ἑο·

2324 5775 2447 5815 oaa.

2324 5775 2447 5816 οτικ.
