3974 6392
136 304 237 365 581

1448 332 1812 390 VARIARUM
1856 334 2059 390 LIBER
2097 335 2180 391 111.

3344 357 3453 415 58Ξ

133 421 369 482 cundum
389 429 749 490 canonicaria:
765 433 923 493 lidem
944 446 1188 510 tempora
1215 439 1415 498 debeas
1443 447 1738 502 constituta
1773 454 1820 511 Λ
1846 457 1984 504 eteo
2008 465 2177 519 usque
2194 462 2473 524 praestare,
2497 470 2606 526 quo
2632 473 2693 514 se
2717 470 2932 519 erectus
2947 470 3454 540 stupcatattigisse?

133 514 410 540 ﬁAm-m'A-A
443 534 456 540 _
484 534 551 540 --Α
594 537 616 540 _
662 525 675 536 ο
697 524 712 540 ι
793 527 805 538 ο
828 526 841 540 ι
897 527 930 540 ιο
1090 530 1142 540 η.
1266 532 1277 540 .
1416 533 1425 540 .
1452 534 1483 540 .-

130 514 412 583 complere
442 534 457 571 :
484 534 556 576 ne
584 524 843 595 quidquid
878 527 1143 598 dispendii
1174 532 1310 586 assis
1337 533 1585 601 publicus
1611 552 1734 590 sus-

129 604 376 672 tinuerit,
411 608 482 666 de
510 618 732 687 proprio
762 620 1045 677 exsolvere
1087 630 1143 678 ιιι
1173 626 1407 694 cogaris,
1438 642 1468 682 a
1498 643 1608 699 quo
1636 647 1736 687 nec

124 702 297 750 tanta:
318 696 550 766 jussioni
581 716 666 763 est
696 709 878 765 habita
908 714 1251 779 reverentia,
1302 732 1406 772 nec
1450 696 1584 777 fides
1625 733 1735 780 sum

127 797 521 866 promissionis
549 801 797 873 impleta.

705 936 1041 995 EPISTOLA
1072 939 1159 995 IX.

125 1038 566 1091 POSSESSORIBUS,
610 1044 1001 1086 DEFENSOBIBUS
1048 1049 1116 1087 ΕΤ
1147 1049 1457 1090 CURIALIBUS
1499 1051 1736 1091 ESTUNIS

433 1113 877 1156 CONSISTBNTIBUS
903 1118 1271 1159 TIIEODORICUS
1301 1122 1427 1160 REX.

118 1182 286 1240 lubet
314 1195 371 1240 ut
396 1189 667 1271 columnas
697 1208 1015 1271 marmoreas
1054 1196 1348 1271 eblapides
1370 1198 1484 1251 sine
1524 1215 1619 1252 usu
1640 1201 1736 1271 ja-

220 1268 419 1325 cenles,
448 1259 519 1312 ad
546 1260 723 1315 urbem
754 1260 1060 1317 Ravennam
1090 1259 1409 1321 devehendos
1439 1279 1639 1322 curent.

198 1344 473 1419 Propositi
512 1350 729 1420 quidem
774 1352 946 1407 nostri
990 1359 1076 1408 est
1105 1370 1242 1410 nova
1267 1364 1608 1424 construere,
1640 1358 1737 1414 sed

125 1441 364 1511 amplius
393 1451 606 1498 vetusta
651 1459 873 1501 servare
898 1462 912 1498 :
936 1446 1060 1515 quia
1092 1463 1202 1502 non
1225 1449 1492 1505 minorem
1518 1451 1734 1506 laudem

125 1530 197 1587 de
228 1533 484 1598 inventis,
532 1550 694 1605 quam
723 1535 791 1591 de
819 1536 981 1592 rebus
1010 1553 1298 1608 possumus
1326 1542 1609 1610 acquirere
1636 1558 1730 1599 cu-

122 1623 362 1679 stoditis.
389 1624 629 1681 Proinde
658 1626 918 1684 moderns
939 1630 1058 1685 sine
1087 1631 1327 1701 priorum
1357 1633 1733 1691 imminutione

120 1714 495 1772 desideramus
547 1719 778 1788 erigere.
828 1719 1097 1791 Quidquid
1147 1723 1290 1778 enim
1342 1739 1441 1795 per
1492 1727 1731 1783 alienum

1846 541 2119 598 Beuelicia
2146 545 2413 613 siquidem
2443 556 2601 615 sunt,
2652 567 2773 622 qum
2822 569 2987 624 regna
3032 560 3363 627 sublimant;
3395 572 3454 619 ct

1845 631 2112 691 libertatis
2131 634 2383 692 dominus
2396 638 2601 712 jugiter
2621 650 2803 713 potest
2831 660 3098 714 crescere,
3128 651 3173 705 si
3200 653 3301 707 sibi
3322 653 3453 708 sub~

1842 722 2019 793 jectos
2048 727 2265 783 studeat
2295 730 2579 799 autpliare.
2632 732 2749 791 lloc
2776 742 3207 798 mansuetudinis
3248 754 3450 800 nostrae

1844 816 2086 885 glorioso
2126 822 2435 890 proposito,
2482 839 2643 892 quem
2673 829 2843 897 gratia
2871 833 3243 899 generalitatis
3270 840 3449 907 patrio

1846 906 2094 965 fovemus
2110 910 2329 981 allectu,
2344 929 2441 983 per
2470 915 2818 975 indictionem
2835 932 3083 991 quartam
3115 926 3191 999 [id
3210 906 3287 981 est
3306 947 3448 986 anno

1846 996 1974 1071 511]
2010 1001 2340 1071 prmfecturze
2369 1006 2587 1063 urbana:
2616 1010 2810 1068 infulas
2840 1014 2934 1069 tibi
2963 996 3183 1086 copiosa
3207 1018 3448 1075 liberali-

1845 1098 1957 1147 tate
1987 1092 2263 1163 largimur,
2296 1106 2355 1151 ut
2383 1102 2622 1168 paternis
2650 1102 2949 1162 honoribus
2977 1112 3253 1166 successio
3300 1113 3444 1169 clara

1844 1182 2088 1251 laetetur,
2138 1196 2191 1242 et
2230 1190 2329 1245 sub
2361 1191 2517 1247 nobis
2547 1195 2719 1264 possit
2745 1198 3012 1266 prolicere
3040 1201 3302 1271 quidquid
3328 1219 3447 1259 me-

1842 1274 1954 1328 ruit
1982 1275 2049 1329 ad
2081 1287 2264 1333 nostra
2294 1282 2489 1336 szccula
2520 1286 2825 1354 pervenire.
2868 1287 3234 1363 Circumspice
3265 1293 3448 1363 itaque

1841 1379 2005 1435 quam
2052 1383 2306 1437 maguum
2348 1372 2419 1427 sit
2466 1376 2776 1445 primordiis
2822 1379 2927 1437 tuis
2973 1397 3165 1437 canam
3218 1383 3445 1439 Romam

1839 1460 2083 1528 potuisse
2103 1464 2397 1530 committi;
2431 1466 2563 1521 utin
2593 1467 2686 1523 illo
2715 1469 3049 1541 amplissimo
3071 1484 3218 1532 cmtu
3242 1475 3446 1547 judicis

1840 1547 2077 1606 videaris
2099 1554 2339 1610 eminere
2363 1566 2639 1625 suggestu,
2666 1560 2753 1615 ubi
2776 1570 2860 1616 est
2887 1563 3134 1629 arduum,
3163 1570 3247 1623 vel
3268 1569 3444 1640 ipsum

1840 1639 2089 1695 obtinere
2115 1642 2427 1713 collegium.
2460 1647 2629 1703 Stude
2658 1664 2789 1719 ergo
2815 1659 2877 1706 ut
2902 1668 2932 1708 a
2962 1656 3169 1713 meritis
3199 1660 3307 1715 tuis
3328 1663 3445 1717 exi-

1837 1742 1967 1797 gere
2011 1733 2187 1801 possis
2229 1736 2376 1805 quod
2416 1753 2516 1794 nos
2554 1741 2873 1809 prmstitisse
2901 1748 3205 1815 cognoscis.
3262 1750 3445 1809 Avara

120 1807 274 1863 venit
323 1808 758 1874 incommodum,
809 1820 1009 1868 nostrze
1051 1812 1274 1884 iustitia:
1312 1832 1423 1873 non
1465 1819 1731 1889 probatur
1764 1821 1981 1900 Bfuge,
2022 1822 2168 1892 justa
2210 1840 2463 1896 sequere,
2506 1807 2749 1887 modesta
2790 1807 2998 1904 dilige:
3021 1836 3285 1896 iracunda
3310 1858 3445 1898 con-

121 1907 431 1967 acccptum.
461 1899 518 1956 ln
550 1902 847 1974 municipio
875 1904 1057 1975 itaque
1084 1916 1267 1963 vestro
1286 1909 1404 1965 sine
1427 1927 1526 1967 usu
1547 1912 1732 1981 jacere

118 1990 489 2059 comperimus
535 1993 814 2049 columnas
861 2002 919 2050 et
958 1995 1166 2066 lapides
1211 2001 1500 2057 vetustatis
1529 2002 1728 2059 invidia

120 2078 433 2136 demolitos.
465 2080 532 2137 Et
551 2083 676 2153 quia
705 2083 960 2141 indecore
986 2086 1222 2156 jacentia
1252 2105 1471 2146 servare
1495 2092 1569 2147 nil
1596 2109 1727 2163 pro-

120 2166 256 2231 licit,
277 2166 345 2222 ad
361 2178 613 2225 ornatum
634 2171 836 2228 debent
852 2189 1072 2244 surgere
1088 2177 1404 2246 redivivum,
1433 2188 1726 2253 antequam

117 2257 371 2314 dolorem
394 2268 699 2318 monstrare
728 2278 797 2319 ex
828 2265 1090 2320 memoria
1113 2268 1532 2338 prmcedentium
1555 2286 1727 2328 saccu-

118 2347 319 2405 lorum.
345 2348 526 2422 Atque
566 2352 691 2409 ideo
720 2356 975 2425 prmsenti
1006 2359 1332 2415 auctoritate
1360 2360 1721 2431 decernimus,

116 2447 198 2505 ut,
229 2441 277 2495 si
294 2456 423 2497 vera
450 2442 581 2499 fides
610 2452 693 2500 est
720 2448 1143 2517 suggerentium,
1165 2465 1266 2506 nec
1288 2450 1491 2522 aliquid
1507 2453 1724 2524 publico

118 2546 266 2587 nunc
296 2534 513 2588 ornatui
543 2535 806 2605 probatur
832 2540 1275 2608 accommodum,
1323 2557 1484 2612 supra
1514 2558 1725 2599 memo-

118 2630 266 2678 ratas
293 2625 581 2694 platomas,
613 2627 699 2683 vel
726 2629 1008 2685 columnas
1034 2631 1102 2686 ad
1134 2631 1503 2689 Ravennatem
1532 2636 1722 2691 civita-

119 2722 227 2769 tem
258 2716 549 2772 contradat
594 2717 712 2791 [ed.
739 2717 864 2774 Niv.
895 2730 945 2774 et
975 2718 1127 2779 Gam.
1147 2764 1163 2791 ,
1190 2723 1516 2796 contrahat]
1554 2726 1729 2783 modis

115 2806 371 2863 omnibus
391 2806 775 2876 devehendas;
809 2819 867 2865 ut
892 2812 1146 2884 collapsis
1176 2813 1409 2870 metallis
1436 2815 1725 2872 obliterata

114 2896 284 2953 facies
309 2898 570 2955 reddatur
596 2899 792 2957 iterum
822 2902 892 2958 de
919 2911 1036 2959 arte
1063 2904 1425 2976 pulcherrima
1449 2922 1465 2973 ;
1510 2913 1568 2961 et
1604 2921 1725 2977 quae

114 2992 221 3047 situ
245 2989 463 3047 fuerant
489 2991 719 3049 obscura
740 3034 756 3061 ,
790 2994 997 3065 antiqui
1027 2994 1222 3051 nitoris
1249 2995 1460 3066 possint
1480 2997 1725 3068 recipere

114 3083 462 3154 qualitatem.

690 3218 1026 3277 EPISTOLA
1054 3219 1121 3276 Χ.

165 3327 343 3367 πετο
379 3325 505 3367 ἫΒΟ
541 3326 806 3379 ιιιυετιιι,
839 3329 1105 3381 ΡΑτιιιοιο,
1139 3329 1509 3371 τηεοῡοιιιευε
1536 3331 1663 3372 REX.

114 3401 269 3457 lubet
316 3410 376 3456 ut
404 3418 670 3458 marmora
704 3419 735 3458 e
761 3404 915 3459 doma
958 3402 1218 3459 Pinciana
1259 3406 1315 3459 in
1363 3404 1721 3463 Ravennatem

392 3472 569 3527 urbem
596 3488 688 3544 per
724 3474 1083 3530 eatabulensee
1113 3475 1436 3547 deferantur.

182 3566 354 3622 Decet
382 3565 725 3638 prudentiam
757 3577 995 3623 vestram
1023 3566 1076 3622 in
1112 3568 1372 3638 augendis
1395 3567 1612 3625 fabricis
1636 3585 1721 3626 rc-

113 3658 322 3728 galibus
342 3658 724 3728 obtemperare
751 3657 1050 3729 dispositis,
1081 3658 1206 3727 quia
1234 3657 1555 3714 nobilissimi
1585 3660 1725 3716 civis

114 3755 195 3802 est
231 3747 426 3818 patriae
465 3760 578 3802 sua:
606 3755 894 3817 augmenta
916 3746 1191 3816 cogitare,
1222 3746 1458 3803 maxime
1498 3762 1621 3802 cum
1649 3748 1721 3803 sit

114 3836 280 3895 studii
311 3837 480 3893 nostri
499 3837 588 3893 illa
611 3838 927 3905 decernere,
952 3838 1149 3909 quibus
1176 3850 1401 3895 cunctos
1429 3847 1615 3895 notum
1638 3849 1724 3898 est

119 3932 237 3987 sine
266 3930 382 3986 suis
409 3930 709 4002 dispendiis
732 3931 976 3989 obedire.
1007 3931 1185 4002 Atque
1212 3932 1335 3988 ideo
1364 3934 1719 4004 magnitudini

116 4032 220 4078 tuae
248 4023 503 4094 praesenti
543 4023 914 4080 admonitione
954 4024 1298 4080 declaramus
1342 4033 1402 4080 ut
1444 4041 1717 4083 marmora

113 4130 234 4185 qua:
256 4114 325 4169 de
345 4113 509 4169 domo
532 4112 791 4170 Pinciana
823 4115 929 4189 [ed.
949 4113 1072 4169 Niv.
1099 4128 1149 4170 et
1171 4113 1352 4185 Gam.,
1379 4115 1718 4193 Pinciniana]

114 4211 334 4262 constat
378 4218 499 4260 esse
533 4204 800 4276 deposita,
852 4206 917 4259 ad
964 4203 1333 4261 Ravennatem
1381 4208 1567 4263 urbem
1617 4224 1717 4280 per

115 4297 496 4354 catabulenscs
529 4307 554 4335 η
594 4307 775 4355 vestra
825 4298 1169 4354 ordinatione
1206 4297 1525 4368 dirigantur.
1573 4299 1714 4359 Sub-

112 4397 332 4445 vectum
358 4403 491 4444 vero
518 4388 814 4446 direximus
837 4390 905 4445 de
926 4390 1200 4461 przesenti,
1224 4404 1293 4445 ne
1319 4398 1414 4445 aut
1433 4406 1585 4448 mora
1612 4409 1714 4449 no-

113 4483 242 4538 stris
267 4481 700 4538 ordinationibus
727 4482 1065 4554 proveniret,
1083 4489 1178 4538 aut
1204 4481 1515 4541 laborantes
1534 4484 1715 4555 aliqua

113 4571 441 4629 detrimenta
468 4571 755 4628 sentirent.

618 4706 729 4780 ωε
758 4704 1095 4764 EPISTOLA
1118 4705 1208 4762 x1.

116 4811 384 4854 Ακεοιξςο
405 4811 526 4854 νιιιο
540 4812 803 4864 1211151⁵81,
830 4814 1124 4855 1³1131⁷80το
1147 4811 1317 4865 URBIS,
1346 4812 1719 4858 THEODORICUS

851 4886 979 4924 REX.

116 4957 444 5034 Prtefectura
469 4957 671 5034 urbana
697 4960 787 5034 illi
816 4962 1112 5032 confertur,
1139 4970 1191 5034 et
1217 4961 1476 5034 prwclara
1503 4962 1574 5017 ad
1597 4979 1715 5018 eam

185 5032 494 5102 dignitatem
538 5030 871 5085 laudabiliter
896 5030 1238 5087 exercendam
1265 5034 1465 5090 monita
1494 5034 1714 5089 tradun-

189 5111 293 5155 tur.

183 5192 455 5265 Optamus
498 5201 751 5250 cunctum
780 5192 923 5248 diem
953 5193 1174 5264 plenum
1203 5192 1481 5252 beneﬂciis
1516 5182 1717 5253 nostris

111 5300 430 5353 excurrere,
477 5292 728 5357 optamus
756 5283 953 5353 ubique
982 5286 1224 5354 prmstita
1256 5296 1441 5343 nostra
1477 5288 1713 5356 radiare,

112 5379 241 5448 quia
272 5378 327 5433 in
354 5394 531 5434 :evum
561 5378 694 5434 vivit
719 5377 865 5448 quod
894 5377 1262 5434 munilicentia
1291 5380 1603 5450 principalis
1632 5382 1716 5437 in-

109 5469 359 5526 dulserit.
383 5469 531 5538 Quid,
543 5469 687 5531 enim
711 5478 820 5525 tam
847 5469 1055 5539 regium
1072 5483 1232 5539 quam
1265 5469 1455 5527 fecisse
1477 5470 1710 5538 felicem,

188 5723 214 5752 8
248 5713 381 5769 Vide
406 5712 541 5768 Cod.
567 5710 772 5766 Tltcod.
808 5710 898 5765 lib.
928 5726 1038 5774 xtv,
1070 5711 1152 5766 tit.
1177 5711 1240 5773 ὃς
1271 5719 1326 5765 et
1349 5710 1482 5765 infra
1509 5711 1600 5766 lib.
1630 5726 1707 5776 tv,

114 5802 217 5864 ep._
260 5784 350 5864 b7.
401 5783 492 5864 Sic
530 5783 705 5864 dictos
752 5783 943 5864 accipe.
991 5797 1023 5836 a
1066 5782 1348 5864 eatabulo.
1407 5783 1711 5864 quodderat

117 5853 388 5914 stabulum
412 5855 778 5927 jumentorum
800 5853 1028 5924 publica:
1050 5853 1263 5907 utilitati
1278 5853 1705 5920 inservientium,

1840 1919 2041 1969 temne.
2074 1914 2213 1983 Quid
2243 1919 2348 1973 erit
2373 1922 2592 1977 suavius
2622 1938 2786 1994 quam
2814 1926 2866 1981 in
2897 1928 2988 1982 illa
3019 1929 3177 1985 turba
3202 1947 3447 1990 summo-

1833 2015 1954 2056 rum
1987 2005 2169 2060 nobile
2188 2008 2485 2076 protulise
2503 2009 2790 2083 judicium,
2841 2016 2934 2071 ubi
2964 2022 3049 2073 tot
3088 2020 3444 2089 patriciorum

1834 2095 2001 2149 corda
2030 2106 2396 2165 provocantur
2435 2102 2503 2156 ad
2546 2104 2798 2173 gratiam,
2849 2107 2941 2163 ubi
2988 2109 3190 2166 bonum
3239 2111 3442 2171 factum

1832 2183 2140 2241 celebrator
2167 2203 2264 2243 ore
2300 2191 2652 2261 sapientum?
2702 2195 2990 2270 Nunquam
3041 2201 3251 2271 majore
3282 2204 3443 2262 laude

1831 2274 2002 2331 virtus
2030 2277 2169 2348 [Ac.,
2191 2278 2426 2351 virtutis]
2456 2283 2653 2352 agitur,
2685 2300 2847 2357 quam
2875 2288 2922 2344 si
2950 2298 3101 2347 recte
3124 2291 3300 2348 Roma
3328 2302 3443 2350 tra-

1831 2373 2027 2433 ctetur.
2072 2365 2220 2435 Quas
2245 2370 2461 2428 divitias
2488 2376 2726 2433 testimes
2755 2379 2997 2449 aptiores
3027 2396 3191 2451 quam
3220 2384 3275 2439 in
3305 2400 3441 2442 ocu-

1833 2457 1900 2514 lis
1927 2471 2149 2516 senatus
2178 2465 2529 2522 conscientia:
2556 2470 2853 2539 pretiosam
2881 2487 3074 2545 gerere
3121 2478 3434 2547 puritatem,

1833 2558 1889 2606 et
1935 2561 2060 2608 ante
2110 2553 2286 2624 ipsum
2331 2556 2598 2621 libertatis
2648 2564 2913 2631 gremium
2944 2566 3107 2622 nullis
3145 2567 3289 2625 vitiis
3316 2586 3441 2627 esse

1831 2643 2103 2712 captivum
2129 2645 2152 2699 ?
2202 2645 2484 2715 Videmus,
2534 2651 2728 2722 reliqui
2760 2653 2935 2712 fasces
2960 2673 3067 2729 qua
3101 2660 3273 2729 gloria
3303 2678 3436 2718 cen-

1834 2744 2076 2792 seantur.
2111 2736 2363 2797 Urbanus
2392 2745 2592 2813 prmsul
2619 2746 2853 2815 dignitas
2880 2759 2965 2806 est
2992 2752 3282 2810 honorum.
3317 2754 3436 2812 Non

1830 2827 2037 2895 patitur
2060 2827 2281 2887 claritas
2311 2831 2401 2887 illa
2443 2836 2802 2904 committere,
2837 2841 2983 2910 quod
3020 2846 3192 2915 possit
3240 2848 3441 2906 nobilis

1786 2930 1787 2933 ‘
1832 2914 1991 2970 turba
2024 2917 2255 2973 nescire.
2303 2918 2538 2977 Locatus
2564 2924 2619 2978 in
2662 2925 2903 2982 medium
2931 2914 3250 2990 cunctorum
3278 2936 3345 2992 ad
3374 2952 3437 2995 se

1834 3007 2000 3063 trahit
2024 3021 2303 3082 aspectum
2329 3055 2346 3084 ,
2392 3023 2449 3071 et
2491 3018 2655 3073 totius
2685 3020 2810 3075 vitm
2841 3020 3100 3092 judicium
3127 3031 3437 3101 promulgat

1827 3098 1970 3157 fama
2001 3104 2348 3175 populorum.
2380 3105 2507 3165 Haec
2537 3118 2591 3166 te
2619 3118 2675 3167 et
2702 3113 2885 3169 animo
2914 3098 3219 3189 concipere,
3252 3131 3310 3177 et
3347 3098 3438 3180 re-

1824 3192 1928 3250 bus
1950 3195 2294 3256 evidentibus
2324 3200 2620 3273 explicare,
2648 3204 2911 3262 credibile
2932 3209 3074 3279 apud
3104 3227 3204 3268 nos
3228 3212 3436 3271 faciunt

1830 3288 2006 3344 studia
2030 3289 2332 3347 litterarum
2366 3311 2379 3347 :
2411 3295 2502 3350 ubi
2524 3298 2824 3365 cognovisti
2852 3313 3015 3356 omne
3043 3303 3188 3372 quod
3217 3304 3431 3372 deceat,

1829 3388 1885 3436 et
1912 3381 1980 3436 ad
2010 3396 2166 3438 usum
2197 3384 2321 3440 vitae
2349 3386 2601 3455 gloriosa:
2631 3389 2892 3455 animum,
2936 3391 3224 3449 doctorum
3272 3396 3434 3453 nimi-

1826 3484 1949 3524 rum
1980 3471 2348 3541 institutione,
2382 3474 2649 3532 formasti.
2681 3477 2872 3549 Fugiat
2899 3494 3031 3550 ergo
3059 3482 3307 3540 doctrina
3332 3489 3432 3542 tte-

1825 3556 2031 3616 lictum.
2061 3560 2315 3620 Indocilis
2342 3573 2427 3621 est
2454 3568 2619 3623 animi
2648 3568 2716 3624 ad
2745 3570 2871 3625 vitia
2902 3572 3061 3627 trahi.
3111 3572 3433 3635 Edilicatus

1827 3651 1980 3709 libris
2030 3655 2210 3712 locum
2259 3673 2369 3714 non
2415 3660 2672 3733 relinquit
2712 3663 2919 3734 injuriis
2953 3682 2967 3718 :
3012 3666 3099 3722 ubi
3140 3668 3193 3722 in
3230 3670 3434 3726 teneris

1825 3748 1983 3804 annis
2030 3749 2349 3820 acquiritur,
2393 3753 2539 3823 quod
2587 3765 2799 3810 matura
2830 3766 2991 3814 :etate
3034 3768 3299 3816 servetur.
3349 3763 3433 3820 Ad

1824 3837 2096 3894 tramitem
2131 3840 2269 3895 recti
2300 3841 2588 3898 hortentur
2630 3852 2683 3901 te
2712 3854 2929 3903 tuorum
2960 3847 3099 3905 facta
3130 3852 3428 3918 seniorum,
3466 3876 3475 3881 -

1823 3928 2118 3987 admoneat
2165 3932 2417 3990 lectionis
2445 3937 2772 4005 auctoritas,
2819 3939 3015 3996 deinde
3035 3941 3226 4011 judicii
3257 3946 3430 4002 nostri

1824 4020 2024 4079 electio
2053 4022 2289 4093 gloriosa
2319 4041 2334 4093 ;
2373 4034 2436 4082 ut
2462 4027 2672 4097 majora
2702 4029 2771 4085 de
2801 4031 2956 4087 nobis
2983 4048 3199 4090 sumere
3228 4037 3424 4107 possis,

1823 4126 1948 4169 cum
1977 4122 2031 4171 te
2057 4129 2121 4170 ea
2147 4128 2269 4186 quae
2299 4118 2670 4175 commisimus
2695 4120 2921 4192 implere
2947 4126 3288 4192 cognoveris.

2396 4228 2737 4289 EPISTOLA
2758 4232 2884 4292 ΧΠ..

2050 4337 2279 4379 SENATUI
2308 4339 2459 4381 UBBIS
2488 4341 2646 4383 ROIE
2677 4344 3046 4390 THEODORICUS
3070 4349 3199 4389 REX.

1822 4411 2123 4493 Argolicum
2144 4429 2267 4493 eum
2295 4415 2598 4493 parentibus
2630 4420 2806 4493 multis
2836 4421 3077 4477 laudibus
3103 4431 3347 4493 exornat,
3377 4435 3428 4482 et

1895 4482 2239 4607 approbatam
2257 4482 2492 4541 asenatu
2514 4488 2627 4559 ejus
2652 4490 2707 4544 in
2727 4495 3030 4564 prwfeclum
3058 4496 3198 4550 urbis
3219 4482 3428 4553 eieclie-

1895 4568 2013 4607 nem
2032 4569 2150 4607 cum
2180 4593 2194 4607 .

1893 4568 2013 4607 nem
2032 4568 2194 4625 cupit.

1742 4633 1798 4693 D
1893 4642 2173 4714 Amamus,
2205 4644 2395 4704 Patres
2422 4647 2752 4720 Conscripti,
2783 4652 3077 4721 dignitates
3106 4657 3334 4713 eximias
3357 4658 3428 4715 de

1820 4743 2006 4792 nostra
2035 4737 2373 4808 benignitate
2420 4749 2729 4801 nascentes.
2777 4743 2986 4802 Publici
3023 4748 3168 4803 enim
3213 4749 3428 4807 decoris

1817 4835 1997 4884 mater
2022 4838 2110 4884 est
2133 4844 2287 4886 mens
2316 4832 2595 4901 regentis;
2638 4839 2694 4889 et
2714 4834 2873 4903 quale
2909 4836 3071 4894 fuerit
3097 4840 3428 4901 dominantis

1819 4919 2120 4987 arbitrium,
2153 4921 2317 4977 talem
2363 4923 2509 4992 parit
2544 4922 2811 4980 libertatis
2839 4937 3139 4999 aspectum.
3191 4930 3426 4990 Facilius

1819 5018 1905 5068 est
1932 5011 2152 5083 quippe,
2184 5012 2230 5067 si
2256 5012 2439 5069 dicere
2468 5012 2549 5070 fas
2577 5021 2691 5082 est,
2730 5031 2916 5072 errare
2943 5028 3214 5089 naturam,
3258 5037 3424 5092 quam

1817 5100 2138 5159 dissimilem
2165 5104 2250 5159 sui
2273 5103 2526 5176 princeps
2552 5106 2727 5176 possit
2755 5106 2991 5164 formare
3016 5114 3265 5181 rempub.
3285 5112 3422 5172 Hinc

1820 5200 1905 5247 est
1939 5191 2088 5263 quod
2113 5193 2379 5263 cupimus,
2409 5202 2471 5249 ut
2498 5196 2774 5266 perpetuis
2798 5197 3093 5253 honoribus
3120 5200 3372 5269 fulgeatis
3392 5248 3407 5273 ,

1818 5287 1944 5358 quia
1978 5286 2236 5358 quidquid
2265 5287 2333 5344 de
2360 5288 2518 5345 vobis
2562 5288 2704 5344 fama
2734 5290 2994 5360 loquitur,
3038 5294 3241 5350 nostris
3267 5295 3423 5352 insti-

1822 5380 2124 5439 tutionibus
2150 5381 2472 5452 applicatur.
2507 5380 2643 5436 Nam
2674 5396 2801 5437 cum
2831 5383 3012 5438 omnia
3035 5384 3181 5440 celsa
3207 5400 3418 5443 merea-

1821 5471 1977 5541 mini,
2007 5479 2246 5527 nostram
2278 5470 2532 5527 invidiam
2562 5473 2751 5543 tangit,
2782 5474 2829 5529 si
2857 5473 2985 5544 quid
3006 5475 3161 5533 vobis
3188 5474 3420 5536 fortasse

1819 5719 1879 5794 ut
1896 5711 2455 5801 indiicahlocusnprisci
2480 5716 2717 5801 auctoris
2741 5715 2809 5801 (1e
2822 5714 3164 5801 pontiﬁcibus
3179 5716 3417 5801 Roman2

1819 5784 1872 5864 in
1923 5782 2032 5864 vita
2064 5781 2308 5864 _Ma_rcelli
2359 5787 2705 5864 papazmapud
2747 5781 3039 5864 l}a'ronium
3072 5789 3127 5844 in
3169 5789 3316 5847 notis
3345 5789 3416 5847 ad

1817 5849 2102 5924 Martyrol.
2135 5849 2480 5911 Romanidie
2506 5853 2574 5910 16
2597 5849 2720 5913 Jan.
2751 5855 2947 5914 laser.
