3974 6418
171 323 272 380 585

169 541 252 589 est
277 531 345 586 de
367 529 474 585 illis
501 529 734 600 amplius
761 543 880 584 esse
909 529 1225 596 sollicitum,
1255 528 1398 585 unde
1437 530 1539 585 sibi
1571 529 1763 586 trium-

170 623 401 696 phorum
428 621 646 678 venisse
675 620 840 678 sentit
862 628 1231 690 augmentum.
1281 620 1395 692 Age
1421 621 1584 691 igitur
1606 637 1762 677 man-

171 714 314 781 data,
347 713 392 769 si
423 711 577 784 cupis
603 710 658 768 in
685 720 738 768 te
767 711 1039 783 prolicere
1083 721 1266 768 nostra
1292 711 1495 782 judicia
1523 731 1539 767 :
1573 714 1762 770 turbu-

172 807 314 862 lenta
343 821 454 861 non
495 819 664 872 ames,
697 819 859 860 avara
889 802 1122 870 declina,
1168 812 1228 859 ut
1255 804 1417 858 talem
1446 812 1504 861 te
1525 805 1765 875 iudicem

172 898 448 972 provincia
463 896 603 955 fessa
618 897 896 969 suscipiat,
921 897 1134 967 qualem
1156 896 1458 952 Romanum
1472 899 1769 970 principem

177 995 539 1051 transmisisse
601 1000 916 1064 cognoscat.
985 993 1268 1049 Desiderat
1323 994 1470 1050 viros
1523 994 1770 1064 egregios

175 1095 368 1142 coacta
397 1083 640 1142 cladibus
660 1084 792 1141 suis.
821 1082 988 1141 Ellice
1017 1093 1076 1139 ut
1101 1085 1300 1140 victam
1329 1083 1492 1140 fuisse
1515 1085 1766 1140 delectet.

176 1176 318 1234 Nihil
347 1177 457 1233 tale
476 1176 677 1232 sentiat
701 1175 864 1246 quale
892 1174 1196 1246 patiebatur
1214 1191 1337 1231 cum
1366 1173 1595 1230 Romam
1623 1190 1770 1246 quaa-

177 1277 344 1325 reret.
393 1267 670 1324 Abscedat
693 1267 870 1323 omnis
895 1265 962 1322 de
1003 1265 1312 1322 calamitate
1340 1267 1579 1323 tristitia.
1611 1266 1773 1322 Sere-

178 1367 340 1416 netur
370 1357 586 1414 tandem
631 1358 848 1414 nubilus
888 1357 1089 1414 vultus.
1141 1356 1298 1414 Nunc
1343 1357 1490 1413 illam
1534 1357 1773 1428 gaudere

179 1451 455 1518 convenit,
485 1466 609 1506 cum
637 1449 703 1506 ad
727 1465 824 1506 sua
853 1457 980 1506 vota
1009 1450 1342 1521 pervenerit.

712 1561 1048 1619 EPISTOLA
1082 1562 1244 1621 XVII.
1636 1559 1700 1610 «’7?

181 1673 450 1716 ωιινεκεις
479 1671 910 1712 νιονικοιΑιιιιυε
929 1670 1232 1712 σΑιιιΔιιυιί
1254 1669 1620 1710 τηεουοιιιουε
1645 1669 1771 1710 REX.

181 1749 468 1806 Denuntiat
496 1765 552 1803 se
587 1747 870 1802 Gemellum
909 1747 1157 1801 vicarium
1197 1748 1559 1817 prwfectorum
1592 1747 1664 1800 ad
1690 1763 1775 1800 re-

253 1822 487 1894 gendum
502 1835 694 1894 eorum.
706 1819 1028 1886 provinciam
1055 1819 1274 1883 misisse,
1303 1827 1354 1871 et
1374 1817 1521 1888 jubet
1567 1825 1624 1871 ut
1662 1817 1774 1888 ejus
1810 1833 1852 1894 Β

251 1889 518 1946 inundatis
546 1889 809 1944 obediant.

261 1984 520 2048 Libenter
545 1980 841 2054 parendum
863 1989 944 2036 est
976 1978 1232 2035 Romana:
1260 1979 1662 2046 consuetudini,
1692 1980 1780 2035 cui

183 2077 314 2134 estis
342 2083 468 2148 post
491 2073 652 2142 longa
675 2081 921 2143 tempora
947 2071 1214 2136 restituti;
1238 2071 1364 2142 quia
1391 2079 1575 2139 gratus
1603 2069 1674 2126 ibi
1694 2085 1781 2124 re~

183 2184 402 2240 gressus
430 2175 514 2222 est
561 2165 650 2222 ubi
697 2173 1009 2237 provectum
1047 2171 1258 2220 vestros
1285 2171 1497 2218 constat
1534 2161 1784 2218 habuisse

186 2263 442 2333 majores.
487 2259 682 2331 Atque.
715 2257 836 2314 ideo
880 2257 934 2312 in
983 2255 1258 2324 antiquam
1306 2241 1640 2321 libertatem,
1672 2254 1785 2310 Deo

184 2359 499 2425 praestante,
521 2349 785 2414 revocati,
811 2347 1078 2403 vestimini
1102 2345 1346 2428 moribus
1364 2345 1560 2414 togatis
1583 2344 1662 2419 [id
1687 2353 1782 2409 est,

189 2439 470 2514 Romanis]
487 2451 543 2507 e;
575 2438 756 2495 exuite
781 2436 1108 2500 barbariem,
1133 2434 1349 2504 abjicite
1385 2435 1644 2489 mentium
1668 2449 1789 2490 cru-

188 2535 464 2592 delitatem
489 2550 505 2600 ;
536 2532 660 2604 quia
689 2531 788 2588 sub
838 2529 1092 2600 aequitate
1129 2528 1298 2584 nostri
1346 2529 1604 2600 temporis
1623 2526 1652 2565 δ
1682 2545 1790 2584 non

190 2645 292 2686 vos
315 2628 476 2686 decet
502 2627 686 2684 vivere
723 2625 963 2682 moribus
991 2622 1202 2678 alienis.
1235 2621 1467 2678 Proinde
1508 2621 1576 2677 de
1602 2637 1791 2678 neces-

191 2721 442 2780 sitatibus
467 2719 663 2775 vestris
691 2717 873 2774 innata
915 2716 1074 2772 nobis
1113 2711 1524 2768 mansuetudine
1551 2712 1791 2782 cogitan-

193 2825 279 2871 tes
311 2813 494 2886 (quod
541 2811 772 2867 IeIiciter
813 2809 1014 2867 dictum
1046 2809 1184 2881 sit),
1229 2807 1578 2882 spectabilem
1618 2807 1794 2862 virum

193 2905 523 2974 Gemellum,
551 2903 808 2960 vicarium
835 2901 1228 2974 praefectorum,
1245 2900 1348 2957 lide
1376 2898 1530 2955 nobis
1556 2906 1614 2954 et
1640 2897 1796 2954 indu-

194 2999 330 3056 stria
370 2993 804 3069 comprobatum,
833 2995 943 3080 46
987 2995 1052 3052 ad
1102 2993 1528 3068 componendam
1579 2991 1797 3065 provin-

1449 315 1812 374 VARIARUM
1859 319 2058 374 LIBER
2100 318 2187 373 l'l.

169 455 286 496 IllllS
311 434 631 509 acquisitos.
657 434 834 492 Chara
863 442 946 492 est
971 433 1198 507 principi
1219 434 1426 506 gloria;
1457 443 1514 490 et
1535 451 1756 492 necesse
1787 443 1834 497 Λ

3353 317 3455 374 596

2385 429 2715 488 EPISTOLA
2755 429 2935 485 XVIII.

2042 540 2290 582 ϐειιειιο
2317 540 2441 580 \‘lRO
2469 541 2726 580 SENATORI
2757 539 3118 579 TIIEODORICUS
3143 539 3270 579 REX.

1863 616 2020 673 lubet
2067 627 2124 672 ut
2170 616 2388 688 Magno,
2421 615 2507 688 qui
2536 613 2600 669 ab
2629 616 2852 688 [restium
2896 615 3128 685 partibus
3175 613 3244 688 ad
3290 616 3465 669 natale

1903 689 2070 744 solum
2094 685 2442 754 remeaverat,
2456 685 2590 740 bona
2613 687 2724 741 sine
2755 686 2863 740 ulla
2893 701 3040 739 mora
3063 685 3426 740 restituantur.

1939 779 2216 836 Merentur
2262 780 2436 845 bona,
2481 778 2574 847 qui
2626 785 2868 833 nostram
2913 775 3012 830 visi
3065 783 3190 830 sunt
3240 775 3467 844 elegisse

1869 872 2209 931 clementiam
2227 879 2314 939 ;ut
2332 887 2428 927 eos
2455 871 2721 927 veraciter
2741 869 3036 940 judicasse,
3059 883 3156 938 per
3179 878 3466 936 augmenta

1871 962 2088 1032 propria
2118 959 2385 1032 possimus
2421 959 2726 1016 ostendere.
2751 958 2906 1026 Quod
2949 959 2994 1014 si
3034 957 3230 1013 talibus
3261 959 3466 1028 publica

1871 1055 2029 1112 decet
2057 1055 2288 1128 prospici
2319 1055 2590 1124 largitate,
2620 1063 2825 1125 quanto
2852 1054 3024 1123 magis
3065 1069 3160 1109 eos
3203 1069 3302 1108 sua
3349 1052 3468 1121 dig--

1871 1161 2001 1200 num
2043 1153 2127 1200 est
2154 1143 2455 1216 possidere,
2485 1144 2629 1216 quod
2659 1159 2949 1200 commune
2990 1159 3186 1199 munus
3214 1144 3474 1214 probatur

1874 1252 1997 1295 esse
2038 1238 2295 1308 justitite?
2341 1237 2664 1309 Spectabilis
2710 1239 2892 1308 itaque
2943 1236 3195 1306 Magnus,
3238 1237 3471 1292 hostium

1876 1335 2288 1391 conversatione
2315 1334 2590 1397 damnata,
2614 1334 2756 1404 quod
2807 1341 2962 1388 natus
2993 1341 3075 1388 est
3101 1331 3468 1395 reminiscens,

1877 1424 1945 1480 ad
1975 1425 2275 1480 Romanum
2323 1423 2638 1494 repatriavit
2678 1424 2960 1494 imperium
2995 1421 3188 1492 :cuius
3229 1421 3472 1476 absentia

1878 1514 2168 1585 contigisse
2195 1513 2412 1580 dicitur,
2429 1522 2490 1568 ut
2517 1513 2632 1582 ejus
2659 1514 2924 1584 potuisset
2949 1514 3126 1582 perire
3149 1512 3489 1567 substantia.-

1882 1604 2058 1674 Atque
2085 1603 2210 1660 ideo
2233 1603 2485 1674 ιιι-περηιὶ
2501 1603 2746 1673 iussione
2767 1603 3037 1658 sancimus
3069 1611 3334 1673 quatenus
3365 1609 3475 1654 tam

1882 1694 1935 1749 in
1981 1693 2125 1763 agris
2163 1709 2324 1764 quam
2370 1692 2650 1764 mancipiis
2697 1692 2950 1755 urbanis,
2983 1701 3078 1746 aut
3125 1691 3480 1757 rusticis,vel

1886 1784 2143 1855 quidquid
2191 1784 2290 1840 sibi
2318 1791 2632 1855 competens
2673 1782 2916 1852 quolibet
2957 1781 3116 1836 modo
3147 1795 3289 1835 nunc
3319 1782 3481 1836 amis-

1883 1891 2001 1930 sum
2023 1875 2224 1947 poterit
2249 1875 2511 1947 probare,
2537 1875 2653 1930 sine
2671 1874 2852 1944 aliqua
2890 1873 3141 1927 tarditate
3175 1887 3320 1942 recm
3342 1881 3478 1937 cret,

1883 1967 2124 2023 retinens
2149 1981 2218 2022 ex
2246 1975 2429 2022 nostra
2458 1964 2778 2021 auctoritate
2793 1964 3012 2018 dominii
3037 1963 3126 2032 jus
3147 1977 3310 2018 omne
3337 1963 3480 2033 quod

1884 2057 2226 2124 babuit;nec
2259 2058 2611 2128 quaestionem
2653 2073 2776 2114 eum
2804 2058 2872 2112 de
2917 2057 3078 2112 rebus
3121 2055 3223 2110 sibi
3265 2055 3482 2124 antiqua

1884 2149 2229 2220 possessione
2275 2149 2706 2219 competentibus
2752 2149 3000 2203 volumus
3053 2147 3352 2214 sustinere,
3395 2147 3482 2202 cui

1885 2239 2152 2311 propositi
2182 2240 2354 2298 nosiri
2378 2248 2463 2296 est
2481 2241 2645 2296 etiam
2677 2254 2814 2295 nova
2836 2247 3114 2310 praestare.

2057 2395 2393 2454 EPISTOLA
2419 2396 2560 2465 XIX,
2593 2398 2696 2452 sire
2731 2395 3323 2452 COMMONITORIUM.

2237 2557 2252 2566 η
2312 2508 2524 2549 DANIELI
2554 2507 2917 2548 τηεουοιιιευε
2947 2507 3071 2546 θεῖ.

1895 2580 1986 2636 Illi
2012 2584 2355 2640 marmorario
2378 2585 2690 2655 peritissimo
2719 2584 3016 2655 conceditur
3037 2583 3258 2655 facultas
3279 2583 3487 2655 dispon-

1966 2655 2118 2708 sandi
2148 2671 2298 2708 arcas
2335 2653 2655 2709 marmoreas
2691 2656 2746 2708 in
2783 2654 2910 2709 urbe
2941 2653 3192 2710 Rauenna
3236 2654 3307 2708 ad
3349 2653 3490 2724 sepe-

1966 2724 2140 2779 lienda
2162 2725 2520 2798 defunctorum
2545 2741 2783 2795 corpora.

1968 2811 2136 2870 Decet
2163 2821 2222 2869 ut
2249 2815 2451 2885 palatio
2481 2824 2664 2870 nostro
2693 2815 3050 2872 servientibus
3073 2815 3231 2886 justis
3258 2831 3495 2873 conmm-

1899 2905 1981 2961 dis
2005 2905 2367 2973 consulamus,
2391 2906 2515 2977 quia
2556 2905 2861 2962 fructuosus
2881 2907 3042 2964 debet
3069 2922 3190 2964 esse
3215 2907 3370 2964 labor
3395 2923 3499 2982 pu-

1898 2997 2105 3065 blitus;
2144 3005 2204 3052 ut
2228 2999 2474 3068 quamvis
2503 2997 2762 3066 obsequia
2793 2998 2949 3054 nobis
2975 2999 3206 3068 gratuita
3237 2997 3361 3070 jure
3401 3000 3490 3056 dc-

195 3094 339 3149 ciam
367 3091 692 3149 credidimus
719 3089 1086 3161 dirigentium;
1116 3097 1398 3160 sperantes
1425 3086 1479 3143 in
1499 3085 1648 3143 nullo
1673 3101 1827 3168 cuiu
1901 3089 2171 3160 beantur,
2207 3091 2426 3146 servitia
2474 3098 2656 3145 tamen
2713 3105 2812 3161 per
2851 3091 3128 3146 moderata
3175 3094 3493 3166 compendia

195 3201 364 3260 posse
393 3185 724 3257 delinquere,
755 3183 846 3254 qui
875 3183 1030 3238 nobis
1058 3189 1342 3254 peccantes
1369 3178 1606 3249 graviter
1639 3178 1796 3234 intel-
1823 3211 1870 3274 c
1900 3195 2274 3254 provocemus.
2307 3179 2373 3236 Et
2395 3181 2516 3237 ideo
2537 3182 2667 3237 artis
2698 3188 2801 3237 tua:
2829 3181 3016 3254 peritia
3039 3183 3310 3251 delectati,
3334 3201 3494 3256 quam

197 3277 322 3348 ligit
365 3277 672 3347 displicere.
729 3271 1066 3344 Quapropter
1107 3271 1531 3328 ordinationibus
1569 3269 1686 3342 ejus
1731 3285 1799 3326 ex
1833 3269 1865 3274 ⁷
1903 3274 1958 3331 in
1989 3273 2312 3331 excavandis
2340 3283 2500 3347 atque
2529 3274 2782 3330 ornandis
2828 3275 3186 3330 marmoribus
3215 3276 3497 3348 diligenter

201 3367 752 3439 neStrisjussionibus
777 3367 1022 3436 obcdite,
1049 3365 1176 3437 quia
1206 3380 1328 3421 eum
1359 3363 1628 3419 credimus
1649 3363 1802 3418 vobis
1902 3383 2143 3434 exerces,
2172 3367 2425 3438 praesenti
2465 3367 2786 3423 auctoritate
2812 3367 3184 3436 concedimus,
3215 3378 3294 3437 ut,
3330 3379 3380 3423 te
3410 3386 3498 3424 ra-

204 3459 488 3534 profutura
515 3459 826 3514 decernere.
853 3457 1099 3528 Recipite
1119 3455 1374 3528 paulatim
1397 3455 1658 3513 veridicos
1671 3454 1799 3526 [rd.,
1903 3459 2235 3516 tionabiliier
2253 3459 2556 3526 ordinante,
2582 3459 2960 3530 dispensentur
2987 3475 3126 3514 arca;
3163 3477 3282 3530 qua,
3309 3460 3361 3516 in
3392 3460 3500 3514 na.

195 3548 487 3625 juridicos]
518 3565 719 3608 mores.
741 3549 858 3605 Non
887 3550 957 3604 sit
983 3549 1195 3605 novitas
1222 3547 1471 3613 molesta,
1499 3561 1617 3616 quae
1638 3547 1800 3618 proba

1907 3551 2122 3608 vennati
2145 3549 2276 3606 urbe
2303 3549 2370 3606 ad
2401 3550 2738 3606 recondenda
2759 3549 2944 3606 funera
2964 3549 3348 3616 distrahuntur,
3369 3568 3502 3621 qua-

203 3651 314 3701 st.
340 3642 480 3711 Quid
507 3643 650 3698 enim
681 3650 860 3714 potest
887 3652 1007 3696 esse
1049 3638 1256 3696 felicius
1279 3654 1441 3710 quam
1469 3639 1714 3695 homines
1739 3638 1807 3694 de
1906 3657 2027 3699 rum
2046 3642 2313 3700 beneﬂcio
2340 3641 2599 3700 cadavera
2631 3641 2682 3697 in
2711 3642 2957 3714 supernis
2985 3641 3206 3698 humata
3244 3655 3388 3709 sunt,
3422 3644 3504 3699 lu-

205 3735 343 3791 solis
370 3733 577 3804 legibus
591 3732 881 3797 conlidere,
907 3740 962 3787 et
990 3746 1146 3788 casus
1174 3730 1410 3800 reliquos
1435 3745 1542 3785 non
1571 3729 1807 3784 timere?
1907 3735 2149 3804 gentium
2179 3749 2288 3790 non
2330 3748 2494 3804 parva
2520 3733 2822 3789 consolatio
2847 3751 2860 3788 :
2886 3734 3140 3804 quoniam
3171 3735 3362 3790 animm
3386 3744 3504 3788 ιωι-

205 3823 339 3879 Jura
366 3822 582 3894 publica
605 3822 902 3880 certissima
929 3828 1053 3877 sunt
1073 3821 1319 3876 humanze
1339 3820 1462 3875 vitze
1486 3819 1700 3890 solatia,
1725 3819 1812 3874 in-

208 3911 492 3970 ﬁrmorum
538 3911 760 3981 auxilia,
790 3921 1071 3984 potentum
1120 3909 1290 3968 frena.
1341 3910 1535 3967 Amate
1574 3911 1716 3966 unde
1757 3916 1811 3964 ct

206 4005 479 4061 securitas
498 4005 668 4074 venit,
683 4011 740 4060 et
757 4003 1085 4061 conscientia
1113 4000 1342 4074 prolicit.
1357 3999 1640 4058 Gentilitas
1667 4000 1811 4056 enim

211 4096 347 4150 vivit
373 4095 441 4150 ad
461 4095 670 4152 libitum
691 4113 704 4150 :
723 4095 814 4152 ubi
845 4095 1014 4164 magis
1040 4093 1244 4166 reperit
1269 4100 1501 4149 mortem
1540 4090 1811 4162 propriam

206 4193 306 4262 qui
339 4199 516 4263 potest
544 4191 748 4247 habere
773 4189 916 4261 quod
963 4189 1193 4260 placeat.
1223 4186 1334 4243 Vos
1369 4185 1480 4256 jam
1521 4185 1694 4242 securi
1725 4199 1815 4237 os-

210 4291 424 4338 tentate
451 4281 665 4338 divitias
691 4289 998 4354 parentum.
1031 4279 1181 4335 Bona
1210 4279 1372 4346 longo
1410 4277 1513 4332 situ
1537 4275 1814 4332 recondita

209 4375 515 4447 prodantur
541 4375 594 4430 in
623 4368 802 4430 lucem
835 4391 850 4428 :
880 4373 1007 4445 quia
1042 4379 1253 4427 tantum
1293 4370 1414 4440 quis
1457 4367 1686 4424 nobilior
1734 4373 1818 4422 est

210 4475 477 4539 quantum
515 4474 572 4525 et
591 4467 832 4524 moribus
857 4465 1043 4538 probis
1069 4472 1125 4521 et
1149 4462 1421 4520 luculenta
1450 4458 1704 4517 facultate
1731 4475 1820 4517 re-

1910 3824 2114 3879 tum‘de
2143 3823 2324 3879 mundi
2347 3823 2761 3878 conversatione
2785 3821 3082 3888 discedunt,
3115 3840 3344 3894 corpora
3375 3840 3503 3879 vero

1913 3914 2100 3972 dulces
2144 3913 2418 3986 quondam
2465 3913 2784 3984 superstites
2833 3925 2942 3968 non
2994 3913 3322 3982 relinquunt.
3370 3912 3505 3968 llinc

1913 4006 2233 4080 quibusdam
2262 4005 2486 4062 veniunt
2512 4004 2582 4060 ad
2609 4005 2841 4076 pretium
2869 4003 3106 4072 dolores,
3129 4013 3184 4058 et
3209 4004 3502 4060 miserabili

1915 4107 2064 4154 sorte
2085 4104 2334 4154 votorum
2363 4095 2556 4152 crescit
2583 4094 2950 4151 mercantibus
2973 4094 3040 4149 de
3065 4095 3299 4149 lnnnana
3332 4103 3507 4150 morte

1915 4189 2312 4260 compendium.
2343 4186 2422 4242 lta
2449 4197 2662 4256 tamen,
2685 4195 2744 4242 ut
2765 4201 2872 4242 non
2908 4185 2980 4242 sit
3007 4185 3259 4256 iniquitas
3284 4186 3382 4241 sub
3405 4187 3508 4242 bac
3547 4246 3557 4254 ε

1917 4281 2204 4338 occasione
2229 4280 2506 4350 taxari,ne
2537 4286 2799 4349 coganIxr
2826 4279 3008 4336 miseri
3033 4280 3175 4334 inter
3200 4279 3393 4336 acerba
3422 4279 3508 4334 lu-

1917 4382 2099 4428 ctuum
2126 4373 2310 4444 gravia
2351 4374 2571 4446 plorare
2603 4373 2882 4446 dispendia
2933 4373 3285 4440 facultatum;
3315 4383 3370 4429 et
3411 4391 3510 4429 ne-

1921 4464 2077 4522 fanda
2103 4467 2392 4524 devotione
2420 4468 2722 4533 constricti,
2751 4479 2841 4522 aut
2870 4475 3160 4537 urgeantur
3190 4466 3512 4538 patrimonia

211 4558 439 4614 luxerit.
470 4557 598 4615 Ideo
624 4558 767 4615 enim
793 4557 948 4614 vobis
973 4555 1305 4628 praefectura:
1331 4551 1590 4609 vicarium
1618 4551 1815 4608 direxi-
1850 4587 1897 4646 υ
1921 4573 2022 4629 pro
2059 4559 2287 4615 mortuis
2312 4559 2572 4630 perdere‘,
2603 4567 2697 4614 aut
2735 4558 2933 4614 dilecta
2974 4573 3200 4630 corpora
3244 4557 3516 4614 vilissimis

210 4666 365 4720 mus,
385 4659 443 4706 ut
461 4665 583 4707 cum
609 4657 760 4706 tanta
777 4649 1048 4724 dignitate
1075 4655 1132 4704 et
1170 4646 1382 4704 civilem
1419 4643 1699 4700 videamur
1726 4659 1815 4700 re-

211 4742 401 4811 gulam
426 4741 750 4800 destinasse.
780 4737 1234 4812 Fruamini,quod
1263 4745 1474 4793 tantum
1495 4734 1816 4792 audiebatis.

213 4834 510 4904 lntelligite
525 4835 775 4892 homines
801 4849 912 4890 non
935 4843 1046 4889 tam
1067 4845 1330 4904 corporea
1347 4830 1403 4890 vi
1421 4843 1582 4901 quam
1608 4829 1820 4885 ratione

213 4926 483 5000 praeferri,
514 4936 571 4984 et
589 4929 711 4986 illos
731 4929 926 4984 merito
951 4941 1197 4984 crescere
1223 4925 1314 4997 qui
1333 4931 1560 4997 pOSSlUI.
1588 4922 1708 4979 aliis
1729 4921 1818 4994 ju-

213 5025 308 5074 sta
336 5024 613 5090 praestare.
1563 5013 1569 5020 ’

295 5160 325 5189 ι
365 5150 554 5220 Togati
573 5167 751 5223 mores
773 5151 1018 5208 barbaris
1039 5158 1402 5223 opponuntur.
1419 5147 1829 5223 Togaﬁomana

217 5224 327 5280 fuit
356 5223 391 5277 Ι.
424 5218 514 5289 '52,
553 5221 647 5278 sed
695 5224 795 5278 etsi
827 5218 1156 5292 acceptoﬂ).
1191 5222 1256 5292 de
1280 5218 1530 5292 jurtlisc.
1564 5218 1700 5292 Plin.
1732 5219 1824 5274 lib.

219 5311 300 5352 Iv.
352 5295 512 5362 epist.
552 5293 858 5348 Audistine:
894 5289 1008 5348 Cic.
1041 5309 1140 5362 pro
1187 5289 1357 5362 Corn.
1395 5289 1580 5344 Balbo.
1629 5289 1831 5362 Carent

223 5379 330 5420 usu
358 5359 496 5431 toga:
523 5365 791 5434 peregrini
819 5406 831 5430 ,
855 5359 1071 5418 barbari
1102 5363 1218 5434 etii
1253 5361 1450 5434 quibus
1479 5376 1618 5434 aqua
1642 5368 1696 5414 et
1719 5359 1828 5429 igni

221 5430 588 5492 interdicitur.
621 5430 771 5490 Paul.
805 5436 894 5490 lib.
930 5449 1006 5495 ut,
1039 5436 1124 5489 tit.
1156 5431 1210 5488 4.
1241 5430 1526 5499 Cingulum
1557 5430 1829 5499 Romanos

223 5505 463 5561 cinxisse
489 5506 801 5562 adnotatum
831 5520 864 5560 a
891 5503 1166 5560 Macrobio
1187 5512 1268 5559 est
1295 5497 1388 5557 lib.
1417 5517 1489 5568 vt,
1521 5514 1642 5572 cap.
1673 5497 1708 5554 5
1728 5501 1828 5572 Sa-

225 5577 430 5630 turual.
461 5575 525 5630 Et
553 5576 689 5632 infra
728 5574 969 5632 Cassiod.
1019 5577 1072 5630 in
1123 5573 1352 5629 formula
1399 5570 1634 5643 praefeci.
1677 5571 1822 5625 urb.:

225 5645 436 5720 ραὸίηρ
467 5657 515 5702 te
531 5646 1028 5720 togatcaignitgtis
1051 5645 1349 5720 amavimus
1377 5641 1675 5720 tit_indutus
1697 5651 1832 5696 reste

227 5713 490 5790 Romulea
513 5712 638 5790 jura
661 5712 1116 5790 debebo/feature
1147 5712 1667 5790 quana.__Fouuen.

305 5787 332 5826 δ
361 5781 761 5846 Solenmeesse
789 5781 1118 5856 principibus
1146 5786 1226 5856 sui
1257 5784 1438 5841 smculi
1464 5791 1688 5856 sectam,
1717 5781 1834 5838 feli—

230 5857 485 5930 citatem,
513 5873 714 5928 mores,
745 5859 912 5928 leges,
933 5853 1125 5912 laudes
1143 5855 1376 5926 denique
1396 5853 1690 5922 celebrare,
1717 5867 1836 5909 ere-

658 5951 932 6014 Ριτιιοι..
972 5947 1114 6008 LXI
1137 5947 1182 6007 Χ
1198 5989 1212 6006 .

1925 4647 2096 4706 foveis
2126 4650 2307 4722 potius
2334 4651 2582 4707 dolentes
2609 4650 2861 4719 abjicere.
2905 4649 2988 4704 Sit
3011 4649 3204 4704 modus
3243 4650 3297 4705 in
3324 4650 3514 4704 volnu-

1925 4747 2037 4796 tate
2061 4741 2424 4811 poscentium,
2459 4739 2674 4810 quando
2706 4740 2816 4810 ipsa
2863 4739 3138 4795 miseratio
3167 4756 3263 4810 pro
3291 4741 3513 4796 ementi-

1926 4831 2028 4889 bus
2069 4834 2196 4906 [ed.,
2229 4833 2530 4888 moderatio
2574 4830 3029 4904 promerentibus]
3071 4832 3220 4888 facit.
3253 4832 3387 4887 Nam
3416 4833 3516 4886 mi-

1928 4941 2030 4980 nus
2057 4925 2215 4980 debet
2248 4923 2388 4991 lmdi,
2412 4924 2498 4979 cui
2540 4921 2770 4993 amplius
2798 4938 2898 4993 pro
2925 4921 3142 4994 pictatis
3169 4921 3348 4979 oflicio
3375 4923 3520 4976 vide-

1928 5024 2018 5071 tur
2037 5013 2258 5088 imponi.

1931 5149 2027 5206 bra
2053 5148 2107 5204 in
2131 5163 2316 5203 eorum
2348 5144 2817 5202 constitutionibus
2844 5143 3047 5199 mentio
3067 5142 3246 5204 docet,
3269 5158 3388 5212 sup.
3414 5143 3450 5197 l.
3484 5160 3522 5206 ι,

1931 5221 2090 5292 epist.
2123 5218 2156 5292 6
2188 5219 2423 5292 {Surculi
2469 5215 2762 5292 beatitudo;
2795 5215 2897 5292 lib;
2920 5230 2976 5279 ιι,
3001 5213 3173 5292 epist.
3195 5211 3262 5267 I5
3297 5232 3308 5266 :
3335 5211 3522 5268 Nostri

1931 5284 2175 5361 temporis
2198 5284 2780 5362 jusfitiom;_.Iustinian
2813 5288 2827 5338 Ξ
2858 5284 3352 5362 Secta-nostrorum
3399 5294 3522 5338 teni-

1929 5352 2112 5434 porum
2141 5352 2243 5414 uo'u
2266 5359 2480 5434 patitur,
2501 5359 2535 5412 Ι.
2552 5359 2649 5412 υιι.
2664 5372 2712 5412 c.
2724 5357 2792 5434 de
2813 5363 2954 5434 pact.
2975 5352 3304 5434 Obtrectator
3322 5365 3526 5434 nostro-

1931 5423 2045 5487 rum
2092 5423 2396 5499 temporum,
2427 5423 2592 5483 1.1m.
2628 5443 2676 5482 c.
2715 5423 3061 5499 Signisimp.
3096 5423 3246 5499 ραις
3277 5425 3342 5478 ad
3363 5439 3522 5499 quan;

1933 5503 2104 5572 legem
2159 5494 2376 5572 Gnaeus
2421 5499 2740 5572 sclmliastes
2789 5494 3054 5572 Basilic0n
3104 5494 3526 5572 III)._LX_(‘t)II_I{:il

1933 5566 2057 5630 eum
2084 5573 2174 5642 qui
2199 5571 2278 5642 pri
2321 5571 2451 5642 cipis
2495 5569 2748 5642 saxulum
2779 5567 3124 5642 criminatur,
3147 5566 3482 5642 principiAip
3515 5570 3526 5618 ὲ

1933 5635 2256 5700 maledicere
2285 5635 2472 5708 vid'eri,
2499 5655 2605 5712 quo
2633 5640 2702 5696 de
2722 5635 3282 5712 institutoaliquanio
3309 5635 3359 5692 in
3380 5635 3530 5712 βυΙνο

1934 5715 2105 5772 ction.
2137 5714 2307 5779 libris,
2355 5728 2492 5785 quos
2515 5707 2855 5784 'propediem
2897 5707 3072 5766 editos
3100 5707 3302 5833 curall‘io
3331 5707 3528 5761 edisse-

1934 5800 2073 5833 ram.
3259 5793 3454 5833 oaxen.

1934 5800 2073 5843 ram.
3214 5793 3246 5833 l‘
3259 5793 3454 5834 ORNEII.

2983 5938 3054 5997 19
