3974 6398
460 350 560 406 58⁸7

989 457 1316 512 EPISTOLA
1354 458 1470 512 XX.

459 564 702 605 curione
731 560 754 588 ι
784 564 956 605 suo.“
991 567 1058 605 er
1101 567 1463 607 rennocmcro
1505 555 1820 604 "matres!
1876 561 2048 603 τηεο-

1064 638 1280 677 οοιιιουε
1320 639 1444 676 REX.

463 709 698 784 [iecerint
721 720 776 784 ut
799 711 842 765 si
879 709 1106 784 Faustus
1133 730 1196 784 ea
1227 729 1340 784 qua:
1361 711 1632 768 Castorius
1652 709 2053 784 possidebuntch

529 781 713 853 titulis
735 781 1053 853 ingravarit,
1084 783 1161 836 vel
1197 781 1396 850 privata
1425 781 1765 853 usurpatione
1809 781 2048 842 detinuit,

525 867 649 924 mox
668 851 715 904 ei
737 852 989 920 praedium
1019 869 1134 906 cum
1149 855 1260 924 alio
1281 853 1510 924 ejusdem
1533 851 1706 922 pretii,
1737 853 1840 907 illis
1861 867 2051 922 cogen-

529 918 679 984 tibus,
712 918 744 973 tt
770 937 1044 989 peruasore
1066 918 1339 978 reddatur.

531 1033 679 1088 Inter
705 1033 969 1104 gloriosas
1009 1035 1216 1106 reipub.
1248 1052 1424 1102 curas,
1456 1052 1589 1106 quas
1615 1033 1825 1106 perpeti
1853 1029 2056 1098 cogita-

459 1123 638 1188 tione,
667 1122 778 1178 Deo
829 1125 1141 1191 auxiliante,
1174 1127 1527 1193 revolvimus,
1569 1125 1717 1182 cordi
1759 1130 1944 1178 nostro
1973 1127 2058 1174 est

459 1213 703 1268 levamen
733 1215 1044 1282 humilium;
1077 1225 1134 1273 ut
1163 1225 1351 1274 contra
1374 1218 1668 1289 potentiam
1699 1213 2056 1286 superborum

463 1313 656 1362 nostra:
677 1306 892 1376 pietatis
920 1309 1189 1376 erigamus
1201 1311 1558 1375 obstaculum,
1581 1324 1681 1364 nec
1708 1308 1870 1362 liceat
1896 1303 2057 1374 quid-

469 1411 622 1466 quam
662 1397 803 1468 apud
831 1415 928 1454 nos
951 1401 1211 1470 audaciae,
1241 1401 1394 1471 cujus
1421 1410 1504 1458 est
1531 1393 2055 1471 propositi,superba

467 1487 693 1544 calcare.
743 1489 974 1546 Castorii
1023 1491 1184 1560 igitur
1235 1491 1400 1547 ﬂebili
1445 1492 1751 1548 calamitate
1803 1485 2058 1558 permoti,

465 1595 625 1648 quem
657 1580 890 1636 exitialis
937 1582 1202 1639 hactenus
1237 1583 1572 1639 diversorum
1617 1581 1812 1652 pressit
1839 1577 2056 1641 invidia,

463 1673 806 1730 occasionem
849 1675 1076 1745 praebuit
1115 1675 1438 1731 salutaribus
1476 1673 1811 1738 constitutis;
1855 1677 1914 1724 ut
1942 1669 2061 1739 plus

463 1763 672 1819 valeret
698 1771 898 1820 nostra:
927 1765 1142 1836 pietatis
1185 1765 1463 1834 auxilium,
1486 1779 1648 1836 quam
1694 1763 1876 1831 iniqua
1904 1757 2060 1815 calli-

466 1853 606 1908 ditas
650 1853 1037 1924 improborum.
1063 1855 1241 1926 Atque
1284 1855 1414 1912 ideo
1444 1852 1698 1926 praesenti
1741 1849 2060 1906 auctoritate
2089 1849 2136 1910 Β

465 1941 806 2001 decernimus
833 1953 892 2001 ut
917 1946 964 2000 si
989 1945 1270 2016 prrefectus
1299 1945 1381 2002 vir
1399 1943 1716 2015 magniﬁcus
1742 1941 1968 1996 Faustus
1991 1953 2054 1993 ea

465 2052 586 2106 qua:
613 2036 890 2094 Castorius
931 2039 1260 2108 possidebat,
1281 2038 1369 2094 vel
1411 2037 1576 2093 titulis
1623 2032 1943 2106 ingravavit,
1971 2029 2058 2085 vel

466 2125 673 2196 privata
713 2129 1062 2199 usurpatione
1089 2129 1347 2200 detinuit,
1372 2145 1498 2186 mox
1533 2131 1584 2186 ei
1613 2131 1869 2200 praedium
1887 2169 1904 2197 ,
1933 2141 2056 2183 cum

468 2214 576 2269 alio
596 2214 833 2285 ejusdem
863 2217 1041 2273 meriti
1071 2216 1122 2284 δ,
1145 2219 1300 2275 vobis
1343 2219 1746 2274 imminentibus
1767 2260 1782 2285 ,
1811 2233 1843 2274 a
1868 2231 2061 2288 perva-

467 2320 590 2361 sore
617 2303 897 2374 reddatur;
931 2315 990 2362 ut
1017 2307 1326 2364 crudelibus
1355 2309 1564 2365 damnis
1594 2307 1816 2375 afﬂicto,
1849 2306 2062 2379 pietatis

468 2403 665 2450 nostra:
711 2396 953 2453 remedio
981 2398 1344 2454 consulamus.
1375 2398 1480 2471 47
1508 2398 1568 2454 Si
1610 2398 1732 2470 quis
1777 2405 1958 2452 autem
2006 2395 2060 2450 in

469 2491 571 2544 hac
597 2489 1012 2560 praesumptione
1039 2490 1244 2546 medius
1275 2491 1490 2564 [Juret.,
1521 2494 1654 2563 forte
1682 2487 1950 2560 modicus]
1982 2488 2063 2542 in-

470 2579 703 2645 venitur,
729 2588 788 2634 ut
814 2579 882 2634 ad
911 2595 975 2636 ea
1003 2595 1122 2651 quae
1147 2581 1296 2651 jussa
1317 2591 1444 2639 sunt
1471 2582 1694 2638 idoneus
1722 2587 1956 2652 nequeat
1984 2581 2067 2635 in-

470 2669 676 2736 veniri,
707 2671 774 2725 ad
803 2686 905 2727 nos
945 2671 1188 2728 reducite
1213 2672 1440 2729 vinculis
1478 2673 1763 2742 illigatum,
1803 2679 1864 2726 ut
1905 2683 2064 2741 paena

473 2759 648 2828 possit
673 2757 947 2829 satisﬁeri,
977 2759 1132 2830 cujus
1179 2760 1434 2820 facinoris
1476 2763 1702 2819 facultas
1736 2778 1842 2818 non
1869 2759 2068 2818 sufficit

473 2849 684 2904 ultioni.
704 2848 821 2905 Tali
851 2851 1012 2921 igitur
1039 2852 1357 2910 confusione
1381 2853 1492 2924 jam
1522 2854 1716 2923 iniquae
1744 2853 1940 2909 mentis
1967 2853 2070 2907 im—

473 2946 628 3008 petus
673 2940 1057 3009 conquiescat,
1088 2957 1158 2998 ne
1215 2958 1326 2999 non
1380 2950 1491 2998 tam
1547 2941 1852 2999 Castorium
1907 2957 2068 3012 quam

478 3039 720 3084 nostrum
765 3038 948 3087 votum
992 3042 1307 3103 persecutus
1347 3049 1469 3091 esse
1515 3034 1780 3090 videatur.
1813 3033 1968 3100 Quod
2023 3031 2069 3088 si

478 3123 704 3194 posthac
728 3124 966 3192 qualibet
995 3125 1285 3182 occasione
1311 3140 1454 3198 saepe
1496 3134 1852 3182 memoratum
1880 3124 2072 3181 Casto-

478 3214 614 3268 rium
642 3223 802 3271 notus
841 3215 932 3270 ille
969 3215 1164 3272 artifex
1207 3231 1406 3273 nocere
1444 3217 1750 3283 teutaverit,
1799 3216 2065 3288 quinqua-
2097 3217 2143 3282 C

479 3308 632 3374 ginta
653 3307 910 3364 librarum
961 3308 1077 3363 auri
1105 3309 1304 3364 mulcta
1333 3308 1578 3380 protinus
1620 3308 1859 3364 feriatur.
1883 3307 2073 3376 Sitque

479 3397 650 3470 major
665 3399 992 3456 cruciatibus
1022 3414 1182 3469 ptena
1225 3401 1492 3470 respicere
1520 3401 1762 3466 illaesum,
1792 3415 1954 3471 quem
1996 3400 2074 3456 vi-

480 3490 608 3544 dere
635 3489 965 3545 desideravit
997 3489 1276 3546 alllictum.
1309 3490 1391 3544 En
1431 3489 1631 3546 factum
1669 3492 1815 3561 quod
1853 3500 2074 3548 cunctas

483 3580 726 3650 protinus
771 3587 1041 3652 temperet
1085 3595 1152 3637 ac
1197 3582 1434 3651 corrigat
1479 3591 1813 3653 potestates,
1835 3585 2071 3654 praetorii

485 3669 766 3740 pnefcctus
793 3671 1046 3728 bacchari
1091 3688 1201 3729 non
1241 3682 1326 3730 est
1351 3675 1405 3728 in
1435 3674 1651 3730 humilis
1694 3675 1911 3732 laesione
1953 3692 2076 3747 per-

486 3762 709 3828 missus;
739 3771 796 3818 et
832 3763 918 3818 cui
942 3778 973 3818 a
1002 3762 1158 3820 nobis
1185 3766 1480 3836 assurgitur
1502 3805 1519 3832 ,
1550 3765 1814 3824 efﬁciendi
1835 3776 2075 3839 potestas

485 3855 695 3912 miseris
721 3857 1028 3926 abrogatur.
1047 3857 1186 3916 Hinc
1213 3876 1404 3918 omnes
1428 3862 1732 3933 intelligant
1755 3878 1864 3934 quo
1887 3877 2075 3918 amore

485 3946 816 4003 delectemur
862 3950 1128 4019 aequitatis
1153 3994 1171 4022 ,
1199 3961 1260 4008 ut
1303 3961 1360 4009 et
1399 3955 1700 4026 potentiam
1766 3961 2075 4010 nostrorum

481 4037 720 4107 judicum
748 4042 976 4101 velimus
1001 4045 1618 4118 imminuere,quatenus
1642 4047 1785 4104 bona
1797 4047 2075 4103 conscien-

487 4130 575 4186 tiae
603 4132 870 4202 possimus
889 4147 1106 4204 augere.

1015 4286 1348 4344 EPISTOLA
1403 4285 1547 4345 XXI.

668 4391 871 4431 FAUSTO
907 4392 1032 4434 VIRO
1067 4393 1313 4436 ιιιυετιι
1357 4397 1724 4438 τιιεοιδοιιιουε
1764 4399 1909 4438 κεί..

493 4479 829 4554 Ιιιίιᾳιιαευον
875 4487 1126 4541 amasium
1171 4487 1394 4544 induciae
1421 4490 1492 4544 ad
1535 4507 1788 4545 secessum
1837 4491 1901 4546 ab
1951 4493 2075 4546 iube

560 4551 733 4676 geritur
752 4555 806 4607 in
827 4557 1142 4623 provinciam
1169 4561 1412 4614 utilitatis
1441 4563 1668 4631 propria:
1695 4579 1854 4616 causa
1882 4580 2070 4618 conce-

597 4638 665 4675 un
692 4639 774 4676 ur.

597 4638 774 4677 untur.

560 4727 817 4787 llumame
869 4739 1271 4794 consuetudinis
1317 4755 1436 4797 mos
1485 4749 1571 4797 est
1620 4750 1680 4798 ut
1707 4743 1912 4798 variata
1958 4744 2078 4814 plus

489 4819 706 4888 capiant
733 4820 859 4892 [Ed.
885 4824 978 4877 Ac.
1002 4834 1050 4878 et
1081 4837 1177 4880 vet.
1212 4829 1328 4883 cod.
1362 4827 1490 4885 For.
1523 4829 1787 4903 sapiant];
1812 4839 1870 4888 et
1897 4847 2080 4902 quam-

488 4909 570 4963 vis
599 4909 649 4962 in
699 4926 742 4964 ιι.
764 4927 852 4966 um
905 4913 1205 4972 habeantur
1251 4919 1481 4987 eximia,
1531 4919 1806 4977 fastidium
1859 4931 2082 4993 praestet

489 5016 650 5054 omne
677 5001 820 5070 quod
851 5004 1032 5060 satiat.
1075 5005 1309 5064 Proinde
1335 5009 1506 5066 sacris
1551 5009 1630 5085 [id
1673 5021 1752 5067 est
1797 5011 2078 5086 Romanis]

560 5205 912 5288 .MS.mAlilI.,.
933 5205 1206 5264 TrauuiLr.
1238 5208 1364 5265 Mss.
1395 5210 1444 5264 R
1471 5250 1485 5277 ,
1529 5210 1820 5282 Grueialw;
1873 5217 1990 5288 an.
2025 5227 2079 5274 et

492 5275 681 5340 Forn.,
713 5275 976 5332 Trimulw.

557 5345 587 5424 Ρ
617 5343 745 5424 J_ure
770 5346 910 5400 civili
941 5356 1186 5418 raptores
1215 5351 1515 5424 intriplum
1559 5356 1727 5410 teneri
1776 5374 1935 5413 nemo
1980 5375 2075 5414 ne-

488 5417 608 5496 scit.
641 5414 698 5497 I_n
727 5414 1244 5499 p_ervpsorém_,__qui
1274 5422 1326 5476 in
1360 5414 1566 5499 alienos
1595 5439 1755 5499 agros
1800 5429 2068 5499 irrumpit,

489 5486 634 5539 actio
653 5485 716 5557 in
742 5487 962 5557 duplum
990 5485 1254 5554 redditur,
1287 5507 1354 5548 ex
1378 5485 1717 5550 Constantini
1747 5498 1813 5552 ad
1844 5485 2068 5554 Bassum

496 5555 894 5634 flinstitutione,
925 5571 1044 5628 qute
1071 5569 1248 5634 exstat
1295 5564 1432 5631 apud
1481 5562 1584 5618 Jul.
1625 5565 1976 5634 Frontinum,
2001 5569 2069 5624 de

492 5622 724 5704 Limitib.
757 5622 968 5704 agrum;
998 5638 1054 5704 et
1085 5629 1119 5682 Ι.
1149 5629 1200 5686 4.
1225 5647 1281 5704 _c.
1315 5622 1390 5704 {in
1421 5649 1530 5704 reg.
1565 5634 1800 5692 Fouasu.

567 5702 590 5730 ε
621 5691 711 5777 Sic
752 5691 1172 5777 opina-tissimam
1215 5691 1449 5777 Ithodgn
1471 5691 1636 5777 vocat
1674 5691 1863 5777 Florus
1887 5708 1978 5762 lib.
2008 5725 2067 5777 η,

494 5774 613 5839 cap.
648 5761 698 5824 7,
726 5775 779 5815 ut
807 5782 869 5816 cx
993 5767 1054 5839 (ξ.
1089 5772 1333 5839 restituit
1373 5771 1588 5839 Rghius
1618 5777 1684 5827 ad
1713 5776 1888 5832 Valer.
1912 5761 2065 5834 ita}:

497 5827 590 5884 lib.
621 5843 673 5883 tv
696 5867 712 5892 ,
757 5847 876 5902 cap.
915 5834 966 5888 8.
1001 5835 1166 5907 Cujus
1193 5847 1370 5896 tamen
1411 5827 2070 5914 iuterpretation‘em—dicit

1675 346 1744 400 Μ.
1789 344 2068 401 AURELII
2107 343 2512 401 CASSIODORI

2076 463 2118 518 Α
2153 456 2416 510 mmnibus
2431 455 2630 525 jugiter
2653 455 2960 511 immoranti
2979 454 3326 527 disponenda:
3349 454 3606 510 utilitatis
3627 471 3760 526 pro-

3650 343 3759 400 588

2153 543 2469 616 pritecausa
2509 544 2752 600 inducias
2800 545 2894 600 tibi
2941 544 3186 616 postulas
3215 543 3419 601 debere
3475 545 3761 612 concedi;

2153 649 2262 689 non
2287 633 2432 704 quod
2481 633 2744 689 habitatio
2773 642 2882 688 tam
2927 635 3070 690 clara
3122 635 3437 707 perlaadeat,
3469 636 3570 692 sed
3616 638 3766 707 quod

2155 719 2364 779 dulcior
2401 724 2492 779 ﬁat
2525 733 2783 780 renovata
2823 726 3111 795 regressio.
3155 726 3334 798 Atque
3384 727 3510 784 ideo
3563 729 3766 784 illustri

2153 815 2506 885 magnitudini
2550 825 2655 871 tua:
2683 815 2973 872 secedendi
3019 817 3086 874 ad
3133 817 3470 888 provinciam
3521 829 3767 890 quatuor

2155 907 2419 962 mensium
2465 907 2706 964 inducias
2731 908 2902 978 pietas
2932 919 3114 964 nostra
3163 910 3428 980 largitur:
3463 913 3543 967 ita
3573 922 3636 967 ut
3665 929 3764 968 ex-

2156 999 2315 1070 pletis
2343 998 2550 1054 eisdem
2574 1042 2590 1068 ,
2621 999 2688 1054 ad
2727 1009 2954 1070 penates
3000 1003 3251 1073 proprios
3281 1005 3460 1062 redire
3491 1005 3764 1068 festines;

2156 1096 2424 1159 quatenus
2446 1089 2708 1145 habitatio
2729 1089 2994 1156 Romana,
3019 1107 3180 1162 quam
3202 1095 3488 1166 multiplici
3510 1097 3768 1152 volumus

2157 1178 2384 1234 deusare
2427 1187 2714 1244 conventu,
2745 1181 3035 1236 subtractis
3082 1182 3292 1248 incolis,
3339 1192 3616 1240 terrarum
3645 1187 3766 1256 opi-

2159 1269 2436 1324 natlssima
2470 1279 2492 1307 ι’
2522 1285 2629 1323 non
2668 1279 2927 1325 rarescat.
2963 1271 3076 1328 lloc
3105 1274 3266 1328 etiam
3297 1283 3354 1329 et
3381 1277 3542 1332 vobis
3585 1277 3763 1346 aptis-

2158 1357 2352 1412 simum
2399 1357 2723 1426 judicamus,
2776 1361 2995 1428 quando
3042 1373 3264 1418 senator
3308 1363 3595 1420 Romanus
3634 1367 3766 1422 alibi

2161 1449 2328 1518 possit
2349 1448 2533 1505 dolere
2558 1449 2820 1504 tardatus.
2849 1449 2947 1505 Ubi
2979 1463 3055 1507 cs:
3107 1452 3197 1508 illa
3237 1454 3412 1523 gratia
3441 1465 3760 1525 parentum.

2163 1543 2249 1594 ubi
2281 1549 2426 1596 tanta
2449 1542 2702 1597 mmnium
2726 1545 2896 1612 possit
2923 1547 3118 1615 respici
3144 1547 3523 1616 pulchritudo?
3553 1539 3764 1605 Piaculi

2161 1645 2330 1698 genus
2354 1639 2460 1699 est,
2489 1634 2766 1688 absentem
2789 1635 2890 1688 sibi
2917 1635 3142 1690 Romam
3175 1639 3376 1693 diutius
3411 1639 3595 1697 facere
3621 1684 3638 1710 ,
3669 1643 3764 1712 qui

2163 1723 2215 1776 in
2245 1737 2308 1778 ea
2335 1732 2561 1794 possunt
2586 1726 2896 1780 constitutis
2925 1727 3126 1782 laribus
3157 1729 3422 1786 habitare.

2683 1857 3011 1914 EPISTULA
3049 1859 3211 1915 XXII.

2264 1963 2607 2003 Αιιτειιιυοιιο
2647 1964 2768 2005 νικο
2815 1966 3061 2006 ILLUSTRI
3101 1968 3474 2009 TIIEODORICUS
3513 1972 3648 2012 REX.

2277 2035 2442 2092 Vocat
2469 2039 2615 2092 illum
2654 2039 2724 2092 ad
2750 2041 2926 2094 aulam
2953 2049 3004 2095 et
3029 2042 3099 2094 ad
3125 2047 3445 2100 consortium
3473 2062 3651 2102 suum.

2231 2151 2492 2220 Congruit
2539 2153 2851 2208 comitatum
2899 2162 3142 2210 nostrum
3191 2155 3322 2212 viris
3351 2174 3455 2215 nos
3497 2159 3769 2218 decorare

2163 2243 2451 2312 nobilibus,
2492 2251 2552 2298 ut
2596 2252 2652 2299 et
2697 2245 2910 2301 illorum
2935 2247 3216 2318 expleatur
3237 2259 3446 2320 votum,
3498 2261 3558 2308 et
3602 2255 3770 2310 obse—

2161 2337 2346 2406 quium
2376 2345 2622 2392 nostrum
2648 2347 2844 2394 ornent
2878 2341 3066 2394 merita
3095 2357 3477 2412 personarum.
3524 2341 3771 2402 Proinde

2163 2428 2585 2496 magnitudinem
2610 2437 2754 2484 tuam
2783 2430 2851 2485 ad
2876 2442 3200 2502 conspectus
3228 2443 3468 2499 nostros,
3493 2451 3639 2507 quos
3667 2439 3770 2494 tibi

2163 2533 2271 2572 non
2302 2519 2619 2586 ambigimus
2641 2535 2762 2576 esse
2786 2522 3140 2590 gratissimos,
3171 2523 3257 2580 his
3295 2526 3536 2583 oraculis
3562 2543 3764 2584 evoca-

2164 2624 2316 2674 mus;
2350 2616 2408 2663 ut
2432 2609 2525 2678 qui
2557 2609 2714 2680 longa
2748 2611 3023 2668 nobiscum
3053 2623 3214 2670 aetate
3242 2626 3492 2673 versatus
3519 2633 3600 2685 es,
3627 2636 3775 2690 prte-

2164 2702 2352 2756 seutize
2380 2710 2578 2756 nostra:
2624 2703 2910 2760 dulcedine
2938 2707 3191 2776 capiaris.
3225 2707 3476 2764 Festinat
3502 2710 3650 2765 enim
3698 2712 3774 2767 ad

2167 2791 2484 2862 principem,
2519 2793 2722 2862 quich
2773 2795 2944 2848 solum
2994 2805 3175 2865 potest
3225 2797 3414 2854 videre
3443 2799 3773 2870 propitium.

2167 2883 2304 2938 Nam
2333 2883 2419 2938 cui
2459 2883 2591 2938 libet
2638 2883 2764 2956 [Et].
2803 2887 2923 2952 Αε.ν
2955 2885 3098 2960 licet]
3143 2886 3347 2944 habere
3375 2897 3562 2945 nostra
3593 2891 3776 2948 collo-

2169 2976 2295 3045 quia
2322 2973 2376 3042 ά,
2405 2991 2626 3030 munera
2657 2979 2829 3032 credit
2865 2993 2986 3034 esse
3029 2981 3228 3036 divina.
3262 2981 3610 3054 Quapropter
3660 3000 3778 3042 non

2171 3065 2444 3121 tardamus
2469 3066 2792 3122 desiderium
2819 3109 2834 3133 ,
2861 3069 3014 3138 cujus
3043 3080 3293 3142 optamus
3324 3083 3632 3145 aspectum.
3664 3075 3781 3132 Ve-

2175 3159 2288 3214 nire
2317 3167 2370 3214 te
2398 3159 2720 3228 gaudentem
2750 3160 3038 3228 credimus,
3087 3179 3248 3234 quem
3305 3165 3564 3222 alacriter
3604 3167 3780 3222 susti-

2173 3265 2382 3304 nemus.

2687 3365 3023 3423 EPISTOLA
3059 3367 3243 3424 XXIII.

2175 3469 2452 3512 COLOSSEO
2489 3473 2614 3514 νιιιο
2651 3474 2896 3514 ιιιυετῐιι
2923 3502 2936 3528 ,
2979 3477 3188 3524 COIII'I'I,
3233 3476 3608 3521 τιιεουοιιιαοε
3647 3482 3785 3523 κει.

2177 3566 2268 3622 Illi
2297 3571 2568 3648 committit
2610 3573 2834 3648 regimen
2884 3574 3179 3648 Pannonia:
3209 3576 3541 3648 Sirmiensis,
3573 3590 3628 3635 et
3655 3599 3785 3637 eum

2243 3640 2562 3695 salutaribus
2607 3640 2680 3696 ad
2705 3644 2798 3696 hoc
2827 3661 3012 3698 manus
3058 3647 3184 3702 bene
3215 3640 3539 3704 obeundum.
3563 3655 3790 3709 monitis

2244 3709 2448 3764 imbuit.

2246 3819 2406 3876 Juvat
2431 3823 2673 3894 probatis
2693 3827 2990 3882 ordinanda
3020 3829 3304 3900 mandare,
3331 3833 3606 3902 siquidem
3637 3838 3792 3894 etde

2177 3913 2373 3970 talibus
2417 3913 2676 3984 judicium
2706 3919 2902 3986 gaudet
2952 3920 3216 3989 eligentis,
3250 3931 3531 3980 eteorum
3585 3943 3791 3984 secura

2175 4009 2477 4064 substantia
2504 4017 2606 4078 est,
2637 4025 2758 4080 qua:
2787 4014 3141 4068 committitur
3167 4017 3500 4087 approbatis.
3543 4019 3686 4074 Nam
3731 4031 3796 4077 ut

2174 4109 2424 4170 Optamus
2440 4117 2560 4158 esse
2586 4103 2678 4172 qui
2722 4104 2841 4176 [ms.
2873 4105 3010 4160 Aud.
3051 4106 3204 4180 quid]
3235 4109 3475 4178 placeat,
3511 4109 3591 4165 ita
3619 4127 3790 4168 cura-

2174 4207 2296 4247 mus
2323 4193 2504 4262 utqui
2552 4193 2846 4263 placuerit,
2877 4197 3162 4252 enitescat.
3214 4197 3448 4255 Proinde
3497 4205 3797 4274 prosperis

2177 4283 2416 4339 initiatus
2439 4286 2694 4356 auspiciis
2714 4288 2778 4342 ad
2801 4286 3151 4344 Sirmiensem
3182 4289 3520 4348 Pannoniam
3546 4300 3596 4359 ε,
3611 4310 3797 4366 quon—

2177 4372 2302 4428 dam
2343 4375 2528 4430 sedem
2556 4373 2880 4446 Gothorum,
2909 4379 3275 4448 proﬁciscere,
3317 4382 3548 4440 illustris
3575 4386 3794 4458 cinguli

2174 4465 2435 4535 dignitate
2464 4469 2784 4538 prmcinctus
2801 4509 2817 4536 ,
2845 4471 3298 4542 commissamque
3321 4475 3416 4530 tibi
3439 4478 3795 4547 provinciam

2179 4556 2341 4610 armis
2369 4568 2612 4626 protege,
2649 4557 2772 4628 jure
2800 4575 3111 4631 compone;
3139 4572 3201 4618 ut
3223 4566 3480 4636 antiquos
3522 4568 3785 4628 defenso-

2177 4663 2266 4705 res
2294 4651 2534 4720 recipere
2562 4650 2682 4705 laeta
2709 4653 2898 4722 possit,
2923 4667 3044 4722 qua:
3091 4670 3151 4710 se
3200 4657 3404 4712 nostris
3459 4663 3796 4730 parentibus

2179 4741 2408 4798 feliciter
2432 4744 2678 4813 paruisse
2721 4748 3019 4815 cognoscit.
3051 4747 3206 4803 Nosti
3234 4765 3339 4820 qua
3371 4759 3426 4807 te
3456 4754 3624 4810 nobis
3652 4773 3790 4813 con-

2179 4833 2502 4889 versationis
2525 4835 2835 4892 sinceritate
2855 4839 3218 4908 commendes.
3243 4839 3372 4896 Sola
3402 4843 3498 4898 tibi
3531 4845 3794 4916 placendi

2170 4923 2266 5009 yia
2291 4936 2394 4990 est,
2417 4926 2461 4980 si
2489 4941 2609 4996 quae
2632 4927 2872 4996 gerimus
2897 4928 3153 4984 imiteris.
3175 4929 3443 5002 Equitati
3474 4933 3606 4993 fave
3634 4936 3682 5006 ί,
3704 4939 3792 4994 in-

2183 5019 2488 5073 nocentiam
2518 5019 2682 5074 animi
2711 5021 2910 5076 virtute
2934 5021 3197 5090 defende;
3226 5039 3285 5078 ut
3323 5025 3472 5082 inter
3496 5031 3793 5088 nationum

2184 5217 2247 5273 D.
2267 5218 2498 5291 Juretus
2519 5222 2672 5291 rejici
2697 5222 2917 5280 debere.

2254 5287 2279 5326 ά
2310 5289 2555 5374 colloqui
2577 5287 2701 5348 cum
2733 5295 3058 5374 imperatore
3089 5313 3340 5374 magnum
3361 5303 3659 5374 Aquidplam
3689 5321 3788 5362 rex

2181 5357 2567 5445 Theudoricus
2577 5357 2822 5445 ceiisct,_'
2839 5377 2896 5418 ut
2924 5378 2979 5420 et
3002 5357 3532 5445 tnensdiadhiberi?
3548 5357 3560 5358 ί
3577 5357 3709 5445 qua
3721 5357 3790 5430 .12

2181 5445 2239 5502 re
2269 5431 2405 5484 infra
2432 5432 2672 5500 pluribus
2700 5474 2714 5500 ,
2747 5435 2838 5488 lib.
2871 5451 2923 5490 γι
2950 5475 2966 5498 ,
2997 5435 3158 5493 form.
3209 5439 3263 5502 9,
3297 5451 3355 5496 et
3381 5457 3486 5498 nos
3516 5431 3788 5502 'nunnihil

2201 5501 2274 5554 ib.
2299 5517 2376 5574 ut,
2397 5517 2518 5571 cap.
2548 5502 2637 5570 15,
2658 5504 2892 5574 _Select.,
2925 5507 3217 5574 attigimus.
3244 5501 3488 5567 Formae.

2253 5581 2276 5606 ε
2307 5570 2616 5646 Sirmiensis
2657 5571 2931 5630 Pannonia
2959 5570 3232 5646 quondam
3255 5581 3416 5636 sedes
3446 5583 3784 5642 Gothorum.

2172 5637 2290 5712 Non
2307 5656 2487 5712 paucae
2509 5643 2778 5698 Caesarum
2805 5637 3223 5704 constitutiones
3251 5651 3304 5704 in
3329 5637 3789 5712 Codiceeiistaiit

2173 5709 2534 5786 daI$-_SIPI_I'III_,
2567 5721 2623 5766 ut
2645 5729 2832 5786 earum
2855 5716 3182 5786 subscriptio
3205 5720 3428 5776 indicat.
3456 5709 3712 5782 Furiae—It:

2249 5778 2268 5818 ι
2302 5779 2378 5835 De
2405 5781 2706 5862 Gothorum
2732 5783 2936 5853 justitia
2959 5778 3083 5842 vide
3124 5787 3358 5862 Procop.
3385 5794 3458 5848 de
3483 5778 3782 5852 Bello—Co-

2173 5849 2407 5906 thorum.
2443 5850 2630 5908 Bnoss.
