3974 6432
261 349 369 410 589

1546 341 1905 402 VABIARUM
1945 337 2145 396 LIBER
2173 335 2260 395 III.

3431 324 3540 386 590

258 467 705 524 consuetudinem
737 481 1064 535 perversam,
1092 464 1391 523 Gothorum
1422 459 1595 531 possis
1618 457 1847 513 demon-
1876 459 1922 515 Α
1952 452 2135 507 vivere
2156 490 2173 518 ,
2213 446 2668 521 quemadmodum
2722 456 2975 520 parentes
3023 456 3259 517 nostros,
3312 446 3544 504 Domino

259 568 437 616 strare
474 558 740 628 justitiam
766 570 792 595 ει
820 576 834 612 :
858 558 951 628 qui
989 559 1069 615 sic
1091 570 1308 626 semper
1334 552 1551 608 fuerunt
1590 549 1645 604 in
1674 546 1851 603 laudis
1953 551 2265 615 prtestante,
2293 542 2517 600 cernitis
2545 540 2810 599 ﬂoruisse.

260 650 446 706 medio
482 649 783 716 constituti,
815 656 876 704 ut
902 656 959 704 et
982 647 1347 704 Romanorum
1392 644 1734 715 prudentiam
1760 656 1855 697 ca-

260 746 486 810 perent,
528 747 583 794 et
626 739 880 793 virtutem
919 736 1158 806 gentium
1205 735 1564 806 possiderent.
1611 732 1854 788 Remove

261 829 682 886 consuetudines
722 829 1101 885 abominanter
1144 826 1361 882 inclitas
1404 825 1539 900 lolii,
1576 826 1849 882 inoblitas.

260 921 391 985 Alii,
420 919 641 993 inditas]
669 919 699 961 δ
732 936 746 974 :
774 921 953 975 verbis
984 920 1056 975 ibi
1104 919 1304 989 potius,
1356 933 1466 973 non
1504 917 1669 973 armis
1693 932 1856 973 causa

266 1018 564 1065 tractetur:
597 1025 703 1066 non
729 1010 804 1066 sit
830 1009 1134 1065 convicium
1164 1007 1433 1076 negotium
1460 1006 1707 1077 perdere,
1730 1022 1856 1062 cum

265 1117 368 1172 pro
396 1117 457 1158 re
484 1101 762 1172 ahjurator
782 1100 957 1156 aliena
985 1098 1120 1173 [alii,
1144 1099 1360 1171 proprie
1381 1097 1656 1168 abjurator
1672 1097 1856 1172 alieni]

265 1196 487 1259 furtum,
517 1212 626 1251 non
648 1197 882 1250 animam
913 1193 1101 1249 reddat
1126 1211 1139 1245 :
1165 1208 1232 1248 ne
1259 1192 1379 1262 plus
1424 1192 1652 1246 intentio
1686 1191 1859 1246 civilis

266 1284 445 1356 rapiat
468 1300 630 1354 quam
679 1285 819 1341 bella
862 1291 1203 1340 consumant.
1244 1281 1408 1338 Scuta
1447 1283 1502 1337 in
1543 1282 1729 1337 hostes
1753 1283 1861 1337 eri-

268 1385 423 1445 gant,
453 1391 561 1431 non
585 1376 639 1430 in
670 1383 943 1451 parentes.
974 1372 1040 1429 Et
1067 1389 1135 1430 ne
1175 1389 1337 1445 quem
1363 1373 1505 1429 forte
1534 1374 1602 1429 ad
1629 1383 1861 1430 mortem

272 1468 523 1523 videatur
570 1467 907 1540 praecipitare
949 1475 1267 1537 paupertas,
1313 1466 1480 1522 redde
1522 1482 1623 1537 pro
1666 1467 1862 1522 talibus

269 1559 571 1627 gloriosum
619 1558 778 1628 plane
825 1557 1099 1612 damnum.
1144 1556 1403 1612 Lecturus
1427 1572 1458 1610 a
1486 1556 1642 1612 nobis
1679 1559 1864 1625 gratiae

276 1650 608 1706 uberrimum
633 1648 888 1711 fructum.
937 1649 981 1705 si
1021 1649 1177 1704 civile
1222 1648 1295 1704 ibi
1334 1648 1574 1718 potueris
1618 1648 1865 1718 plantare

275 1742 646 1812 propositum;
689 1748 745 1793 et
774 1740 971 1794 nostris
996 1754 1124 1793 vere
1159 1738 1373 1807 judiciis
1398 1738 1635 1807 dignum,
1671 1738 1717 1792 si
1757 1738 1866 1792 dis-

277 1832 533 1902 pendium
564 1829 729 1899 judex
758 1830 970 1894 subeat,
1008 1837 1070 1884 ut
1097 1830 1260 1885 vitam
1287 1829 1558 1899 periturus
1600 1829 1864 1897 acquirat.
1903 1840 1947 1898 Β

277 1924 621 1992 Quapropter
641 1921 977 1977 consuetudo
994 1929 1177 1977 nostra
1207 1920 1336 1978 feris
1360 1920 1632 1977 mentibus
1660 1921 1869 1976 insera-

278 2021 390 2078 tur,
434 2012 609 2068 donec
639 2012 976 2068 truculentus
1002 2012 1214 2068 animus
1248 2012 1389 2068 velle
1417 2012 1600 2068 vivere
1634 2026 1871 2067 consue-

806 2195 1139 2255 EPISTOLA
1165 2194 1352 2251 XXIV.

283 2326 556 2368 υκινειιεῐι
577 2326 846 2374 BABBABIS,
871 2326 939 2364 ET
968 2325 1191 2365 ROIANIS
1220 2325 1320 2364 PER
1348 2324 1642 2364 PANNONII!
1663 2323 1876 2364 CONS'I’I-

731 2398 887 2436 ‘I'U'IIS
916 2395 1281 2437 'I'IIEODOBICUS
1310 2395 1436 2435 REX.

288 2492 543 2558 Prwcipit
564 2502 620 2545 ut
642 2491 901 2546 (ἰριοειωο
928 2490 1189 2553 obedient,
1209 2498 1260 2544 et
1279 2489 1505 2543 duellum
1524 2499 1874 2556 exsecrentur,

684 2561 967 2617 Cat/torum
991 2562 1281 2632 exemplum
1307 2562 1490 2615 secuti.

280 2708 287 2713 ο
358 2675 668 2737 [institutum
693 2690 849 2731 suum
886 2674 1224 2747 providentia
1265 2681 1451 2730 nostra
1499 2688 1611 2730 non
1655 2672 1877 2744 deserit,

288 2782 414 2825 cun
440 2766 698 2836 subjectis
723 2778 938 2836 semper
959 2765 1188 2830 intenta,
1216 2761 1497 2836 profutura
1524 2763 1792 2834 disponit;
1821 2770 1881 2818 ut

290 2861 363 2916 ad
390 2860 653 2929 majorem
679 2858 1021 2914 devotionem
1049 2858 1390 2914 concitentur
1425 2857 1544 2932 [ms.
1579 2857 1738 2922 Aud.,
1770 2856 1883 2913 dis-

290 2951 618 3023 positionem
652 2946 1037 3020 conferantur],
1064 2949 1155 3018 qui
1189 2949 1273 3004 sui
1293 2964 1479 3004 curam
1503 2964 1602 3009 nos
1629 2948 1882 3004 habuisse

194 3080 197 3083 -
292 3049 649 3112 cognoscunt.
698 3038 835 3096 Hinc
870 3048 955 3095 est
1000 3038 1146 3111 quod
1185 3038 1460 3106 Colossaeo
1507 3039 1623 3095 viro
1668 3038 1882 3105 illustri,

294 3136 520 3191 nomine
560 3133 871 3203 viribusque
918 3132 1268 3204 praepotenti,
1306 3132 1753 3202 gubernationem
1789 3146 1882 3187 ve-

294 3235 467 3283 stram
493 3266 509 3292 ,
556 3224 1031 3294 defensionemque
1076 3224 1478 3292 commisimus;
1536 3233 1598 3279 ut
1635 3225 1726 3293 qui
1771 3239 1882 3279 sua:
1910 3206 1956 3269 ο

297 3320 561 3375 hactenus
588 3318 755 3373 multa
783 3317 932 3372 dedit
957 3317 1325 3387 experimenta
1357 3316 1586 3383 virtutis,
1623 3323 1884 3385 augeatur

298 3410 481 3481 potius
509 3410 563 3463 in
589 3407 800 3464 futuris.
830 3406 1007 3478 Atque
1034 3408 1157 3462 ideo
1186 3407 1504 3477 parientiam
1534 3407 1610 3481 [id
1649 3417 1725 3462 est
1752 3407 1886 3463 obc-

298 3499 592 3567 dientiam;
622 3498 726 3555 Ed.
755 3499 874 3567 Ac.,
899 3497 1236 3570 patientiam]
1263 3509 1285 3538 °
1315 3507 1548 3555 vestram
1572 3500 1765 3570 sazpius
1793 3514 1888 3569 ap-

298 3590 610 3664 probatam,
640 3604 783 3645 nunc
807 3604 1024 3659 quoque
1049 3590 1240 3644 eodem
1267 3597 1532 3660 praesente
1561 3598 1886 3656 monstrate;

301 3689 572 3753 quatenus
600 3682 655 3736 in
679 3681 764 3736 his
790 3696 910 3751 qua:
936 3695 1036 3751 pro
1078 3681 1230 3750 regni
1259 3682 1435 3736 nostri
1465 3680 1697 3737 utilitate
1722 3682 1892 3736 ratio-

302 3771 559 3827 nabiliter
578 3771 783 3839 agenda
804 3770 1136 3841 praeceperit,
1155 3771 1443 3827 devotione
1466 3771 1729 3842 probabili
1751 3787 1896 3827 com«

303 3862 597 3934 pieantur:
631 3863 758 3932 quia
784 3860 943 3917 ﬁdem
968 3862 1267 3918 constantia
1307 3865 1518 3933 probat,
1549 3871 1607 3918 et
1632 3863 1721 3918 ille
1749 3863 1890 3918 inte-

304 3955 557 4021 gritatem
588 3953 822 4023 propria:
848 3953 1042 4009 asserit
1067 3954 1281 4019 mentis,
1305 3954 1397 4023 qui
1414 3954 1630 4023 jugibus
1656 3956 1896 4025 persistit

305 4044 608 4113 obsequiis.
633 4044 767 4099 illud
793 4052 1055 4117 praeterea
1083 4060 1181 4100 vos
1209 4045 1475 4101 credimus
1503 4044 1891 4112 admonendos,

308 4142 507 4189 utnon
538 4134 591 4188 in
636 4149 753 4201 vos,
783 4135 881 4191 sed
922 4136 977 4190 in
1007 4135 1216 4190 hostem
1262 4135 1449 4191 saevire
1492 4136 1740 4207 cupiatis.
1790 4137 1895 4194 Res

216 4288 227 4291 η
308 4239 481 4295 parva
502 4239 612 4279 non
638 4240 737 4279 vos
756 4224 920 4280 ducat
942 4225 1010 4280 ad
1035 4232 1279 4280 extrema
1305 4226 1634 4282 discrimina.
1667 4228 1899 4298 Aequic-

309 4316 448 4371 scite
468 4314 710 4385 justiliie,
753 4330 861 4386 qua
904 4316 1132 4372 mundus
1178 4317 1407 4373 laetatur.
1450 4318 1560 4374 Cur
1606 4320 1675 4375 ad
1704 4336 1896 4376 mono-

312 4406 584 4461 niacliiam
608 4408 905 4473 recurritis,
933 4408 1025 4478 qui
1066 4409 1311 4465 venalem
1334 4407 1570 4479 judicent
1599 4427 1706 4466 non
1735 4413 1899 4468 habe-

312 4498 427 4554 tis?
478 4498 740 4571 Deponite
780 4498 1003 4565 ferrum,
1049 4501 1141 4570 qui
1191 4514 1297 4555 non
1343 4500 1556 4557 habetis
1603 4502 1895 4559 inimicum.

2487 656 2818 713 EPISTOLA
2850 657 3016 713 XXV.

2036 766 2248 808 SIIEONI
2274 766 2397 807 mo
2424 765 2688 815 ILLUS'I‘BI,
2713 765 2916 815 COHITI,
2948 764 3311 806 TBEODOBICUS
3339 766 3467 807 REX.

1957 842 2049 900 Illi
2077 844 2350 900 committit
2390 859 2484 914 per
2521 841 2845 897 Dalmatiam
2878 842 3174 914 Asiliquatici
3221 844 3441 909 titulum,
3493 852 3546 899 et

2021 911 2527 1038 ﬂuebettg‘ferrorias
2554 928 2709 967 uenas
2743 911 3002 984 inquirat,‘
3037 911 3264 984 ferrique
3298 916 3546 969 utilitate.

2093 999 2194 1038 seri
2273 1023 2289 1038 .

2031 1074 2288 1130 Amamus
2314 1073 2543 1145 publicis
2564 1072 2867 1131 actionibus
2886 1088 3149 1145 personas
3173 1072 3412 1131 inserere
3430 1088 3549 1129 mo-

1961 1181 2083 1221 rum
2108 1165 2380 1236 probitate
2405 1164 2744 1234 conspicuas,
2792 1172 2854 1219 ut
2897 1179 2997 1236 per
3024 1164 3281 1235 obsequia
3312 1162 3546 1220 ﬁdelium

1965 1258 2118 1314 nobis
2145 1264 2355 1313 crescat
2380 1257 2624 1312 utilitatis
2650 1264 3016 1325 augmentum.
3065 1254 3299 1311 Proinde
3323 1255 3550 1312 sinceri-

1964 1353 2129 1402 tatem
2173 1346 2335 1402 animi
2383 1346 2460 1401 tui
2508 1361 2604 1416 per
2643 1347 2904 1417 prmclara
2950 1346 3070 1419 [mm
3100 1346 3192 1414 A.,
3241 1346 3551 1401 sinceritate

1965 1438 2128 1492 animi
2158 1439 2233 1492 tui
2275 1436 2554 1507 praeclara,
2580 1436 2703 1507 etc.)
2732 1437 3053 1492 documenta
3085 1445 3392 1511 noscentes,
3439 1435 3552 1490 sili-

1966 1524 2166 1597 quatici
2197 1526 2409 1580 titulum
2457 1541 2617 1594 quem
2664 1522 2766 1581 lide
2796 1525 3153 1581 dominicatus
3176 1525 3297 1595 jure
3326 1525 3553 1580 dedera-

1968 1632 2089 1671 mus
2114 1615 2445 1671 discussione
2470 1613 2779 1671 lndictionis
2807 1617 3015 1685 primae,
3040 1616 3305 1681 secundm,
3337 1616 3420 1670 vel
3445 1624 3553 1671 ter-

1971 1706 2061 1761 tia:
2091 1706 2168 1778 (id
2195 1714 2270 1761 est
2295 1723 2384 1761 an.
2415 1701 2535 1760 Cltr.
2572 1704 2694 1771 508,
2714 1705 2851 1775 {$09,
2877 1704 3029 1777 5l0),
3079 1723 3176 1777 per
3224 1708 3554 1776 provinciam

1973 1795 2291 1853 Dalmatiam
2319 1799 2587 1853 ordinatio
2618 1798 2709 1852 tibi
2742 1809 2922 1853 nostra
2969 1798 3288 1865 committit;
3336 1807 3393 1852 ut
3420 1814 3556 1869 quo-

1975 1891 2105 1946 libet
2134 1891 2387 1945 damnum
2419 1890 2619 1946 fraudis
2644 1892 2870 1961 vestigio
2892 1890 3165 1961 publicum
3193 1900 3244 1945 te
3274 1890 3430 1945 fuerit
3458 1906 3556 1947 ex-

1972 1981 2220 2053 plorante
2244 1992 2541 2051 repertum,
2566 1982 2751 2051 procul
2778 1982 2939 2037 dubio
2969 1983 3166 2038 nostris
3191 1984 3395 2037 aerariis
3421 1983 3559 2039 infc-

1974 2079 2168 2127 ratur:
2196 2069 2320 2140 quia
2368 2088 2473 2125 non
2504 2081 2708 2126 tantum
2741 2073 2887 2127 lucra
2935 2073 3246 2144 quaerimus,
3298 2084 3557 2146 quantum

1975 2176 2157 2217 mores
2193 2161 2555 2231 subjectorum
2602 2159 3005 2232 deprehendere
3053 2162 3386 2218 festinamus.
3417 2162 3560 2218 Pim-

1975 2258 2122 2307 terea
2154 2251 2403 2308 lerrarias
2430 2268 2595 2307 venas
2624 2251 2893 2322 praedicta:
2917 2251 3193 2308 Dalmatia:
3226 2254 3477 2310 cuniculo
3506 2264 3562 2310 te

1975 2345 2218 2400 veritatis
2236 2344 2484 2415 jubemus
2508 2345 2800 2415 inquirere,
2817 2345 2907 2400 ubi
2931 2345 3160 2413 rigorem
3183 2345 3309 2401 ferri
3331 2347 3562 2415 parturit

1977 2443 2192 2492 terrena
2219 2435 2488 2503 mollities,
2521 2446 2575 2491 et
2603 2437 2724 2506 igne
2754 2437 3088 2506 decoquitur,
3140 2446 3199 2492 ut
3225 2436 3280 2492 in
3308 2438 3557 2492 duritiem

1979 2526 2350 2581 transferatur.
2400 2526 2557 2593 Hinc,
2609 2528 2900 2583 auxiliante
2928 2527 3059 2592 Deo,
3108 2527 3348 2583 defensio
3376 2530 3562 2599 ιλιι-ξω

1981 2616 2163 2683 venit;
2195 2616 2319 2673 hinc
2345 2629 2595 2685 agrorum
2622 2618 2826 2672 utilitas
2858 2628 3201 2689 procuratur,
3242 2627 3299 2674 et
3337 2619 3390 2674 in
3433 2635 3563 2675 usus

1981 2706 2230 2762 humana:
2285 2707 2409 2761 vita:
2462 2707 2746 2776 multiplici
2804 2708 3193 2763 commoditate
3244 2708 3560 2779 porrigitur.

1982 2799 2132 2855 Auro
2160 2800 2261 2871 ipsi
2290 2801 2536 2871 imperat,
2562 2809 2618 2856 et
2639 2801 2842 2857 servire
2870 2800 3016 2871 cogit
3042 2801 3338 2872 locupletes
3360 2817 3562 2873 paupe-

1983 2891 2130 2946 ribus
2158 2901 2470 2946 constanter
2496 2892 2736 2947 armatis.
2768 2889 3034 2947 Convenit
3064 2893 3245 2962 itaque
3273 2891 3414 2947 hanc
3439 2905 3563 2962 spe-

1984 2979 2119 3037 ciem
2144 2979 2387 3049 diligenti
2416 2980 2756 3050 indagatione
2780 2980 2983 3047 rimari,
3012 2996 3109 3052 per
3135 2996 3296 3051 quam
3324 2990 3382 3037 et
3406 2981 3564 3037 nobis

1984 3071 2135 3126 lucra
2177 3077 2532 3140 generantur,
2585 3078 2640 3125 et
2685 3070 2930 3126 hostibus
2974 3080 3332 3140 procurantur
3375 3072 3562 3126 exitia.

1985 3157 2114 3216 Esto
2142 3173 2272 3229 ergo
2297 3159 2366 3215 de
2389 3157 2624 3214 antefata
2653 3158 2881 3233 [ms.A.,
2912 3157 3203 3231 antefactaj
3224 3161 3558 3217 discussione

1989 3251 2274 3320 sollicitus,
2323 3250 2457 3306 etin
2484 3249 2712 3320 publicis
2739 3249 3054 3305 utilitatibus
3102 3258 3461 3321 temperatus;
3509 3259 3570 3307 ut

1990 3350 2235 3397 nostrum
2264 3339 2584 3396 rationabile
2612 3339 2984 3410 compendium
3013 3340 3291 3396 crescendi
3324 3341 3417 3396 tibi
3451 3357 3569 3412 pos-

1987 3435 2059 3490 sit
2084 3448 2376 3504 procurare
2404 3440 2768 3503 augmentum.

2507 3543 2838 3600 EPISTOLA
2866 3543 3053 3601 XXVI.

2096 3652 2247 3693 OSUNI
2272 3652 2394 3693 VIRO
2421 3651 2686 3701 ILLUSTBI,
2715 3651 2917 3702 COII'I'I,
2950 3652 3311 3695 τηεουοιιῐωσ
3340 3653 3465 3695 κει.

1992 3727 2143 3783 lubet
2172 3738 2229 3781 ut
2252 3728 2454 3800 solatia
2482 3727 2716 3784 Simeoni
2754 3728 2824 3781 ad
2849 3744 2911 3781 ea
2949 3745 3043 3800 pro
3072 3732 3251 3800 quibus
3276 3732 3330 3784 in
3356 3730 3571 3787 Panno-

2207 3798 2348 3851 niam
2369 3800 2553 3851 missus
2583 3799 2701 3868 fuit,
2737 3799 3030 3852 necessaria
3058 3798 3161 3854 non
3190 3810 3356 3871 neget.

2065 3887 2321 3956 Quamvis
2349 3888 2645 3958 prudentia:
2687 3897 2790 3943 tua:
2815 3890 2886 3945 sit
2908 3891 3127 3946 utilitati
3156 3893 3380 3960 publica:
3407 3893 3576 3963 depu-

1997 3982 2123 4036 tatis
2168 3980 2310 4036 ferre
2338 3980 2667 4051 praesidium,
2716 3988 2894 4037 tamen
2946 3980 3242 4037 admonitio
3288 3993 3473 4038 nostra
3518 3999 3580 4041 se

1998 4071 2253 4137 cumulat,
2290 4079 2351 4126 ut
2378 4072 2621 4127 securius
2648 4071 2759 4137 flat,
2806 4071 2896 4128 ubi
2921 4086 2982 4128 se
3028 4073 3331 4128 reverentia
3378 4083 3581 4136 nostrae

1995 4165 2251 4236 jussionis
2277 4163 2670 4222 accommodat.
2702 4161 3010 4220 Simeonem
3057 4164 3240 4233 itaque
3265 4164 3439 4220 virum
3464 4166 3581 4220 ela-

2001 4256 2291 4321 rissimum,
2322 4253 2473 4324 cujus
2503 4253 2637 4311 fides
2666 4255 2794 4310 olim
2822 4254 2978 4311 nobis
3004 4263 3086 4310 est
3128 4254 3343 4323 cognita
3372 4256 3456 4312 vel
3483 4255 3581 4311 de-

2002 4348 2149 4407 votio
2179 4346 2549 4420 comprobata,
2597 4345 2666 4402 ad
2706 4346 3102 4402 ordinationem
3146 4346 3451 4417 siliquatici,
3484 4362 3587 4403 nec

2002 4453 2112 4495 non
2164 4436 2529 4502 ferrariarum,
2577 4435 2645 4492 ad
2672 4436 3006 4507 provinciam
3050 4436 3367 4492 Dalmatiam
3399 4445 3583 4492 nostra

2007 4527 2349 4584 ordinatione
2375 4516 2690 4583 direximus.
2719 4525 2821 4582 Cui
2848 4527 3081 4597 expetita
3116 4528 3307 4585 solatia
3350 4542 3456 4587 non
3486 4544 3581 4585 ne-

313 4590 559 4690 I’essime
580 4601 769 4690 contra
808 4601 1060 4690 parentes
1082 4594 1289 4690 erigitis
1323 4595 1620 4690 brachium.
1652 4610 1752 4666 ιπο
1778 4597 1901 4690 lini'
1932 4579 1984 4639 Β
3331 4579 3591 4689 diﬁc—ala

314 4685 421 4738 bus
449 4690 661 4738 constat
689 4683 923 4752 gloriose
961 4683 1321 4739 moriendum.
1353 4682 1491 4751 Quid
1533 4700 1669 4756 opus
1694 4694 1778 4743 est
1801 4688 1902 4743 ho-

315 4774 453 4828 mini
498 4774 699 4844 lingua,
743 4775 790 4830 si
834 4789 1053 4831 causam
1095 4788 1286 4831 mauus
1332 4782 1460 4844 agat
1505 4778 1755 4833 armata?
1797 4778 1905 4833 Aut

319 4865 467 4920 unde
512 4880 620 4936 pax
664 4880 788 4921 esse
828 4865 1087 4933 creditur,
1115 4866 1163 4922 si
1187 4866 1288 4922 sub
1324 4866 1580 4923 civilitate
1606 4870 1907 4939 pugnetur?

317 4956 608 5012 lmitamini
650 4964 800 5012 certe
848 4956 1058 5013 Gothos
1102 4967 1337 5027 nostros,
1389 4960 1479 5031 qui
1528 4958 1659 5015 foris
1701 4961 1904 5032 praelia,

322 5050 468 5102 intus
495 5055 696 5103 nerunt
722 5062 980 5104 exercere
1007 5047 1347 5106 modestiam.
1393 5048 1485 5106 Sic
1515 5066 1615 5107 vos
1660 5052 1909 5110 volumus

398 5255 423 5281 ⁸
470 5244 770 5322 Gothorum
817 5254 998 5322 tamen
1046 5252 1261 5322 gentem
1306 5246 1605 5322 perfidam,
1649 5261 1705 5307 at
1750 5255 1908 5322 pudi-

323 5329 465 5391 cam,
497 5317 574 5369 ait
601 5314 835 5370 Salvian.
869 5317 1066 5391 lib._vn_
1091 5314 1158 5370 de
1185 5314 1529 5391 Providentia
1559 5314 1909 5391 {inter-quos

322 5386 461 5511 ἓυιιὶ
498 5394 844 5449 scortatores,
894 5385 1027 5441 nulli
1052 5387 1307 5457 impudici
1349 5390 1473 5456 sint,
1521 5392 1622 5447 nisi
1652 5385 1899 5449 Romani.

372 5471 496 5511 osa.

372 5471 496 5511 081.

400 5530 510 5598 48
536 5525 562 5564 δ
586 5524 1019 5599 consuetudines
1043 5527 1279 5599 inclitas,
1298 5527 1421 5584 infr.
1439 5529 1532 5585 lib.
1548 5547 1643 5599 vn,
1659 5531 1814 5587 form.
1847 5535 1900 5589 ‘2.

325 5596 399 5652 Et
423 5596 586 5667 supra
615 5598 708 5652 lib.
740 5611 778 5657 ι,
809 5597 967 5666 epist.
1000 5598 1085 5651 l0.
1114 5596 1527 5655 Consuetudinis
1565 5596 1782 5658 nomine
1825 5606 1906 5660 in-

327 5669 510 5735 tellige
538 5667 589 5722 id
617 5667 928 5736 qu--dsolet
954 5668 1135 5736 pendi,
1174 5669 1422 5725 videlicet
1472 5671 1747 5727 tributum.
1797 5674 1903 5732 So-

328 5740 525 5797 lemma
554 5735 832 5806 vectigalia
861 5735 1038 5806 vocat,
1069 5736 1106 5791 l.
1141 5737 1191 5806 i,
1241 5738 1303 5793 D.
1335 5742 1404 5795 de
1431 5743 1694 5798 munerib.
1724 5753 1778 5799 et
1806 5747 1905 5801 lio-

2008 4709 2218 4767 actibus
2238 4724 2297 4765 se
2320 4707 2549 4779 publicis
2576 4706 2816 4780 praebere
2839 4707 3076 4763 festinat.

2514 4818 2847 4876 EPISTOLA
2872 4817 3083 4875 XXVII.

2006 4928 2186 4969 ιουυει
2212 4927 2336 4968 νικο
2363 4926 2644 4974 δεκιτοιιι,
2672 4924 2963 4965 δοκευιλκι
2988 4925 3285 4978 (ΞΑΙΡΔΝΙΒ,
3302 4913 3596 4968 τιηιοιοέιι-

2681 4993 2777 5034 CUS
2805 4995 2930 5034 REX.

2013 5073 2174 5131 Illum
2210 5073 2356 5129 uaria
2390 5089 2509 5145 1am
2533 5072 2885 5143 persecutione
2901 5072 3158 5144 jactatum
3203 5080 3373 5127 tuetur
3397 5089 3432 5127 ο
3457 5088 3595 5143 pur-

2014 5268 2188 5324 norib.
2227 5264 2515 5321 Jnstinian.
2554 5267 2652 5326 τὰς
2684 5262 2971 5341 ὡρισμένας
3016 5266 3278 5327 συνηθείας
3314 5263 3450 5321 Nov.
3497 5266 3600 5320 i215

2014 5348 2070 5391 et
2097 5336 2219 5391 128.
2245 5335 2413 5391 Εὀηις.

2012 5348 2070 5393 et
2097 5348 2219 5391 128.
2245 5348 2413 5391 FORN.

2092 5417 2115 5445 ο
2145 5406 2491 5471 Parientiam,
2532 5412 2592 5458 ut
2620 5402 2743 5472 infr.
2774 5402 2869 5458 lib.
2895 5419 2990 5469 vit,
3036 5404 3194 5459 form.
3226 5403 3328 5472 27;
3378 5404 3416 5458 l.
3462 5405 3514 5469 1,
3545 5421 3596 5462 c.

2014 5477 2102 5548 qui
2129 5491 2223 5548 pro
2270 5492 2368 5548 sua
2401 5470 2992 5548 jurisd._Parientiam_
3018 5483 3198 5548 autem
3243 5470 3407 5545 paulo
3454 5486 3602 5546 post,

2014 5542 2070 5601 et
2113 5542 2368 5615 obsequia
2398 5542 2495 5615 pro
2526 5542 2715 5615 eodem
2748 5545 3039 5615 usurpavit.
3071 5543 3190 5599 Non
3213 5542 3373 5600 tiexno
3405 5542 3601 5615 parené

2013 5616 2144 5670 tiam
2168 5612 2313 5685 legit,
2338 5612 2453 5685 dii.
2477 5628 2592 5677 un.,
2611 5612 3223 5685 u‘b_ivulgopatientiam,
3253 5622 3313 5671 ut
3342 5612 3430 5673 hic
3451 5630 3607 5670 men-

2011 5681 2325 5758 doseprius
2353 5684 2616 5758 scriptum
2662 5681 2847 5738 Jacobi
2869 5681 3096 5758 __Cujacii
3143 5681 3403 5758 εὐότοχια
3449 5686 3606 5742 resti-

2012 5756 2114 5810 tuit
2138 5752 2228 5811 lib.
2262 5771 2299 5820 l,
2322 5770 2442 5825 cap.
2474 5754 2525 5820 6,
2557 5752 2839 5810 Observat.
2866 5752 3033 5813 Foris.
3114 5798 3120 5803 .
