3974 6392
424 348 518 404 591

1649 339 1720 394 Μ.
1762 338 2036 394 AURELII
2075 335 2472 393 CASSIODORI

3588 330 3700 386 599.

491 461 628 532 {ceto
645 463 906 532 prator-io,
937 475 1032 514 nec
1059 476 1162 514 non
1186 467 1243 532 et
1271 459 1508 532 hortatur
1547 465 1606 510 ut
1633 455 1854 525 oﬂicium
1881 469 2001 508 con-
2031 459 2072 516 Α
2103 463 2156 506 te
2199 451 2392 514 etiam,
2425 447 2627 519 palatio
2656 455 2812 510 testo,
2853 444 3205 502 laudavimus.
3245 441 3430 498 Tende
3475 438 3699 532 gradus,

489 528 774 586 salariwtis
797 546 996 586 summa
1022 545 1138 583 cum
1166 528 1272 598 ﬁde
1299 528 1467 584 obeat.

2099 541 2339 596 accelera
2371 539 2594 593 festinus
2619 539 2926 592 adventum.
2952 535 3200 590 Alacrem
3222 533 3412 590 venire
3442 529 3705 588 convenit

491 639 833 711 Propositum
865 648 947 695 est
977 638 1192 709 pietatis
1219 637 1382 708 regia:
1409 637 1590 692 locum
1620 635 1834 704 injustis
1863 633 2001 688 odiis
2098 636 2188 708 qui
2209 650 2266 690 se
2287 649 2317 688 a
2347 633 2586 704 principe
2610 629 2862 686 sustineri
2892 643 3050 699 posse
3071 624 3368 696 cognoscit.

422 741 702 804 amputare
725 739 781 786 et
812 730 1096 801 potestatis
1115 737 1337 784 armata:
1360 726 1708 798 supercilium
1748 725 2002 781 cohibere

423 819 722 878 reverentia
745 817 1068 890 jussionum.
1088 817 1287 874 Infesta
1315 827 1402 874 est
1420 815 1685 885 siquidem
1712 814 2004 869 humilibus

421 912 716 982 superioris
744 910 946 968 oﬂ'ensa
973 951 990 976 ,
1035 928 1158 967 cum
1186 909 1253 966 ad
1281 909 1490 964 laudem
1522 907 1780 973 trahitur,
1811 907 1857 960 si
1871 906 2004 960 vin-

422 1001 566 1058 dicta
587 1001 656 1058 de
677 1001 1039 1060 mediocribus
1059 1001 1390 1070 acquiratur.
1415 996 1650 1053 Proinde
1671 997 1762 1051 diu
1782 1002 1838 1052 et
1857 993 2004 1049 varia

423 1094 802 1166 persecutione
849 1095 1106 1164 iactatus,
1153 1092 1221 1148 ad
1267 1091 1483 1162 pietatis
1527 1098 1728 1146 nostrae
1765 1086 2006 1144 remedia

425 1183 570 1239 haud
625 1184 776 1238 irrite
827 1183 1164 1238 convolasti:
1223 1193 1474 1237 asserens
1526 1175 2007 1236 eminentissimam

426 1277 796 1349 praefecturam
845 1277 1056 1332 tibimet
1105 1290 1225 1332 esse
1269 1273 1492 1341 terrori,
1523 1288 1591 1329 ne
1617 1273 1826 1344 privata
1855 1270 1909 1325 in
1957 1278 2010 1324 te

424 1369 548 1426 odia
593 1369 916 1428 satiarentur
944 1367 1052 1442 [ed.
1083 1363 1446 1436 sociarentur]
1490 1379 1588 1435 per
1627 1362 1894 1442 publicam
1928 1361 2010 1415 di-

423 1453 726 1532 sciplinam.
758 1459 866 1516 Sed
909 1440 1011 1514 nos
1035 1497 1050 1521 ,
1081 1458 1173 1528 qui
1201 1457 1433 1513 donatas
1460 1455 1748 1524 dignitates
1785 1440 2011 1522 justitire

425 1567 618 1624 parere
636 1552 902 1622 cupimus,
927 1565 1032 1605 non
1056 1548 1257 1618 dolori,
1279 1555 1470 1604 contra
1495 1547 1709 1603 illicitas
1729 1561 2015 1617 praesump-

425 1643 604 1700 tiones
625 1651 808 1708 nostra
833 1651 886 1698 te
908 1642 1137 1696 tuitione
1157 1639 1441 1706 vallamus,
1457 1647 1518 1693 ut
1539 1638 1698 1706 regia:
1720 1635 2015 1705 maiestatis

427 1732 649 1802 objectu
685 1730 1007 1788 ferventium
1035 1730 1186 1786 furor
1213 1729 1517 1784 animorum
1545 1727 1600 1782 in
1630 1727 1741 1783 suis
1769 1725 2014 1781 cautibus

427 1821 683 1888 elidatur,
709 1828 766 1876 et
790 1819 856 1876 de
881 1835 942 1876 se
969 1819 1139 1892 magis
1165 1827 1345 1875 sumat
1368 1834 1552 1889 poenas
1574 1817 1866 1888 protervia,

427 1913 712 1970 cohibetur
738 1913 978 1969 innoxia.
1003 1911 1214 1970 Tandiu
1241 1913 1384 1968 enim
1405 1911 1574 1981 judex
1605 1909 1818 1974 dicitur,
1843 1924 2015 1978 quan-

428 2003 521 2059 diu
549 2011 606 2058 et
625 2001 803 2072 justus
832 2011 1083 2074 putatur;
1115 2002 1243 2074 quia
1273 2017 1470 2057 nomen
1500 2001 1642 2070 quod
1671 2000 1738 2055 ab
1764 1999 2015 2069 mquitate

427 2093 677 2160 sumitur,
711 2108 809 2164 per
836 2093 1144 2165 superbiam
1195 2108 1302 2149 non
1342 2099 1579 2148 tenetur.
1640 2090 1831 2156 Restat
1870 2106 2015 2146 nunc

429 2191 492 2240 ut
516 2168 856 2254 assumptum
897 2183 1122 2254 impleas
1147 2183 1547 2239 consularitatis
1575 2180 1834 2247 officium,
1867 2188 1922 2237 et
1962 2191 2014 2236 te

427 2275 537 2350 49
563 2275 883 2333 utilitatibus
909 2275 1160 2348 publicis,
1190 2291 1325 2346 quas
1354 2277 1528 2344 egisse
1556 2281 1678 2329 tuos
1706 2273 2012 2330 constiterit

429 2365 770 2434 decessores,
796 2366 1015 2421 sedulus
1045 2381 1108 2421 ac
1133 2365 1362 2420 devotus
1382 2365 1700 2436 impendas;
1726 2372 2014 2435 quantum-

426 2471 534 2529 que
561 2473 592 2512 a
621 2458 778 2515 nobis
804 2457 1136 2529 protegeris,
1177 2465 1386 2512 tantum
1414 2456 1691 2512 modestim
1719 2470 1910 2526 parere
1939 2453 2015 2509 le-

427 2551 619 2608 stines.
650 2551 783 2606 Nam
805 2551 848 2606 si
875 2551 1074 2620 gaudio
1105 2549 1416 2621 perfrueris,
1443 2549 1589 2618 quod
1617 2563 1647 2602 a
1676 2547 1896 2603 laesione
1927 2557 2015 2602 tua

429 2643 710 2714 prtefectos
735 2643 974 2714 praetorii
1003 2649 1244 2698 remotos
1287 2655 1408 2697 esse
1447 2639 1762 2710 cognoscis,
1793 2639 1887 2708 qui
1916 2639 2016 2694 sub

429 2736 521 2792 illo
546 2751 665 2792 esse
685 2735 1032 2801 monstraris;
1061 2734 1191 2804 quid
1221 2742 1273 2791 te
1298 2733 1439 2790 male
1459 2741 1710 2804 agentem
1730 2747 2014 2805 passurum

431 2843 550 2886 esse
570 2829 856 2899 cognoscis
877 2830 901 2882 ?

928 2981 1256 3038 EPISTULA
1296 2980 1534 3035 XXVIII.

461 3085 776 3128 CASSIODORO
813 3086 933 3126 VIBO
965 3085 1242 3136 ILLUSTBI,
1285 3085 1564 3134 PATRICIO,
1611 3082 1978 3124 τιιεοοοιιιευς

1156 3157 1282 3196 REX.

2617 739 2945 818 EPISTULA
2982 759 3171 814 XXIX.

2101 871 2364 914 ARGOLICO
2385 871 2510 912 V180
2537 869 2779 912 ILLUSTIU
2795 893 2810 918 ,
2835 867 3090 907 PREFEC'I'
3094 866 3128 906 0
3153 864 3303 904 URBIS
3325 859 3710 918 τηιεουοιιῦυε

2849 938 2976 976 REX.

2106 1019 2299 1077 Scribit
2325 1037 2379 1074 se
2411 1016 2633 1088 Paulino
2661 1015 2879 1088 patricio
2917 1014 3104 1088 horrea
3131 1017 3382 1066 vetustate
3405 1009 3678 1064 destructa
3695 1047 3710 1068 ,

2173 1100 2228 1144 ut
2257 1106 2320 1144 ea
2343 1085 2727 1157 rewdiﬁcet,'et
2755 1085 2808 1138 in
2836 1085 3074 1155 proprias
3100 1099 3225 1136 usus
3244 1089 3514 1136 convertat
3531 1120 3547 1146 ,
3581 1095 3712 1131 cou-

2183 1175 2416 1216 cessisse.

2177 1251 2310 1318 Quis
2335 1249 2544 1304 nesciat
2567 1256 2807 1302 nostrum
2836 1259 2956 1300 esse
2981 1242 3325 1298 commodum
3352 1238 3716 1310 supplicantis

2113 1343 2182 1398 ad
2229 1348 2526 1410 quaestum,
2568 1345 2623 1392 et
2671 1335 2802 1391 illud
2846 1334 3004 1390 bonis
3055 1334 3388 1405 principibus
3431 1345 3718 1393 crescere,

2114 1431 2258 1503 quod
2287 1431 2519 1500 benigna
2564 1435 2792 1498 possunt
2817 1426 3065 1495 largitate
3107 1425 3401 1494 praestare?
3442 1422 3564 1478 Hoc
3590 1431 3719 1476 sunt

2113 1525 2258 1581 enim
2288 1523 2435 1593 regia
2481 1521 2654 1586 dona,
2683 1518 2830 1588 quod
2855 1519 3061 1574 semina
3087 1534 3100 1571 :
3134 1532 3351 1586 sparsa,
3381 1516 3434 1570 in
3471 1524 3718 1584 segetem

2115 1615 2462 1678 coalescunt;
2507 1611 2563 1666 in
2607 1626 2770 1667 unum
2816 1611 3034 1674 coadta,
3077 1609 3400 1678 depereunt.
3450 1604 3720 1676 Optamus

2114 1720 2244 1776 ergo
2275 1720 2498 1761 munera
2527 1703 2711 1759 multis
2737 1701 2936 1758 collata
2961 1701 3313 1762 dividere,-ut
3355 1698 3572 1769 possint
3597 1698 3719 1752 ubi-

1883 1815 2011 1871 dum
2043 1834 2091 1893 Β
2116 1811 2222 1866 que
2250 1803 2432 1850 nostra
2462 1793 2720 1848 beneficia
2749 1791 3030 1861 pullulare.
3059 1789 3234 1858 Atque
3263 1787 3383 1842 ideo
3413 1787 3642 1842 illustris
3666 1795 3717 1840 et

2114 1885 2380 1955 magniﬁci
2409 1884 2508 1940 viri
2557 1883 2768 1955 patricii
2807 1881 3016 1936 Paulini
3055 1889 3299 1936 actorum
3330 1879 3479 1952 [alii,
3530 1887 3719 1934 aucto-

2112 1992 2262 2042 rum,
2306 1975 2430 2040 alii,
2468 1990 2533 2030 ac
2577 1971 2789 2044 eorum]
2836 1971 3228 2042 supplicatione
3274 1971 3566 2040 suscepta',
3599 1985 3723 2038 qua:

2113 2070 2381 2125 habentur
2415 2069 2466 2122 in
2495 2066 2722 2122 subditis
2749 2067 2942 2120 horrea
2970 2065 3116 2134 longi
3155 2064 3418 2134 temporis
3445 2071 3726 2118 vetustate

2112 2161 2387 2218 destructa
2425 2159 2644 2234 (quibus
2689 2157 2819 2214 illud
2847 2167 3013 2228 atque
3039 2157 3170 2212 illud
3199 2156 3526 2213 vocabulum
3577 2171 3722 2226 prte-

2114 2254 2228 2310 tixit
2255 2254 2590 2324 antiquitas),
2631 2253 2675 2307 si
2707 2267 2847 2306 nunc
2878 2251 2993 2305 usui
3022 2251 3240 2321 publico
3268 2249 3493 2306 minime
3531 2264 3725 2305 neces-

2114 2344 2253 2402 saria
2283 2357 2402 2398 esse
2446 2349 2834 2404 monstrantur,
2879 2356 2981 2396 nec
3008 2339 3186 2411 aliqua
3233 2339 3432 2395 ibidem
3463 2348 3554 2396 est
3599 2356 3728 2410 spe-

2114 2419 2244 2498 cies',
2269 2446 2390 2500 quze
2409 2430 2476 2486 ad
2504 2429 2690 2490 ﬁscum
2716 2431 2950 2500 pertinet
2969 2439 3324 2498 congregata,
3355 2429 3585 2502 prmfato
3607 2431 3730 2486 viro

2117 2537 2240 2577 cum
2269 2522 2517 2578 omnibus
2541 2521 2611 2576 ad
2637 2537 2698 2576 se
2743 2521 3138 2591 pertinentibus
3186 2521 3436 2575 absoluta
3481 2520 3730 2575 liberali-

2115 2620 2226 2668 tate
2248 2613 2626 2679 concedimus;
2667 2621 2725 2667 ut
2751 2611 3048 2667 aedificandi
3083 2619 3140 2666 et
3158 2611 3228 2665 ad
3260 2619 3513 2682 pes-toros
3551 2620 3728 2666 trans.

2114 2702 2360 2758 mittendi
2388 2710 2657 2772 assumpta
2688 2703 2898 2757 licentia
2917 2743 2933 2770 ,
2956 2702 3066 2757 suis
3088 2702 3410 2758 utilitatibus
3431 2702 3724 2773 profutura

2115 2792 2369 2864 disponat
2413 2810 2426 2846 :
2481 2793 2607 2862 quia
2655 2791 2867 2848 confert
2917 2807 3171 2861 magnum
3225 2794 3439 2862 reipub.
3485 2810 3723 2857 munus.

2114 2880 2358 2953 quisquis
2382 2880 2557 2936 diruta
2599 2881 2851 2936 maluerit
2877 2882 3152 2953 suscipere
3196 2882 3540 2952 reparanda,
3573 2885 3628 2939 in
3658 2901 3728 2940 ea

2112 2975 2408 3046 prazsertim
2452 2975 2604 3043 urbe,
2637 2975 2726 3032 ubi
2767 2983 2963 3031 cuncta
3000 2975 3219 3044 dignum
3263 2983 3348 3031 est
3395 2985 3722 3032 constructa

2113 3065 2378 3131 relucere,
2409 3081 2477 3120 ne
2505 3066 2644 3129 inter
2673 3071 2754 3120 tot
2781 3064 2979 3120 decora
3018 3065 3276 3120 mmnium
3323 3064 3592 3124 deformis
3616 3081 3723 3138 ap-

2115 3169 2304 3228 pareat
2350 3158 2504 3212 ruina
2541 3157 2565 3194 δ
2593 3172 2866 3213 saxorum.
2899 3157 2958 3217 In
2997 3157 3116 3213 aliis
3156 3158 3362 3229 quippe
3407 3159 3730 3216 civitatibus

429 3249 588 3308 Illum
629 3251 803 3306 multis
850 3248 1086 3304 laudibus
1131 3259 1370 3344 ornatum
1416 3248 1486 3302 ad
1520 3248 1817 3344 comitatum
1865 3265 2012 3304 suum
2042 3232 2086 3296 Ο
2117 3246 2296 3302 minus
2325 3247 2552 3302 nitentia
2578 3247 2945 3314 sustinentur;
2977 3248 3030 3302 in
3056 3263 3118 3304 ea
3146 3264 3278 3306 vero
3305 3263 3411 3305 nec
3441 3250 3729 3307 mediocre

1117 3327 1316 3375 evocat.

495 3431 694 3488 Gratus
721 3439 804 3486 est
833 3429 986 3486 nobis
1016 3444 1202 3485 eorum
1248 3445 1464 3500 semper
1491 3438 1742 3501 aspectus
1770 3429 1864 3502 qui
1908 3445 2012 3485 no-

427 3522 553 3579 stris
579 3520 773 3576 animis
793 3519 1041 3588 gloriosis
1060 3519 1362 3576 actionibus
1390 3521 1730 3589 insederunt,
1759 3523 2013 3592 quoniam

427 3621 746 3686 perpetuum
785 3612 1026 3669 obsidem
1057 3611 1320 3668 dederunt
1363 3614 1567 3670 amoris
1601 3614 1685 3671 sui
1731 3615 1825 3684 qui
1872 3616 2013 3686 apud

428 3720 529 3760 nos
558 3701 768 3776 probati
812 3712 938 3759 sunt
981 3703 1200 3759 studere
1227 3703 1432 3760 virtuti.
1463 3702 1697 3761 Proinde
1741 3707 2011 3776 magnitu-

429 3793 610 3849 dinem
639 3801 814 3860 tuam,
839 3793 1075 3862 glorioso
1120 3792 1276 3850 nobis
1303 3793 1524 3850 servitio
1570 3795 1974 3866 comprobatam
1991 3837 2008 3863 ,

429 3883 499 3939 ad
547 3881 862 3939 comitatum
900 3883 1064 3953 jussis
1107 3883 1458 3954 praesentibus
1503 3879 1812 3955 evocamus,
1856 3894 1914 3941 ut
1957 3895 2014 3942 et

427 3983 650 4030 ornatus
676 3973 744 4028 de
772 3982 826 4028 te
869 3971 1136 4043 regalibus
1173 3981 1386 4030 crescat
1420 3971 1712 4044 obsequiis,
1743 3982 1800 4031 et
1828 3983 1884 4031 tu
1915 3991 2013 4031 no-

425 4067 553 4124 stris
578 4065 954 4137 conspectibus
983 4067 1246 4134 augearis.
1276 4065 1546 4124 Convenit
1571 4067 1716 4124 enim
1756 4068 1920 4124 etiam
1959 4077 2012 4124 te

427 4158 653 4229 requiri,
683 4159 776 4228 qui
803 4165 988 4213 nostra
1017 4157 1191 4213 fecisti
1217 4158 1414 4214 eximie
1432 4146 1678 4230 tempora
1707 4157 2007 4228 praedicari.

424 4248 639 4307 Ornasti
681 4249 749 4304 de
791 4247 1136 4305 conscientia
1183 4249 1494 4324 integritate
1538 4250 1772 4322 palatia;
1815 4251 2023 4308 dedisti-

425 4339 640 4411 populis
667 4339 830 4394 altam
859 4338 1115 4408 quietem.
1144 4337 1284 4396 Hinc
1311 4340 1560 4397 omnibus
1599 4339 1772 4397 factus
1809 4343 2007 4410 notior,

423 4428 551 4498 quia
589 4425 741 4482 multi
767 4436 822 4482 te
849 4427 1082 4497 positum
1107 4426 1161 4482 in
1188 4436 1458 4498 potestate
1505 4431 1754 4486 nesciunt
1776 4439 1831 4498 ﬁ;
1874 4447 2014 4502 prec:

303 4565 318 4582 ,
421 4519 620 4574 scutati
635 4527 813 4573 autem
838 4517 1196 4574 tribunalibus
1213 4517 1446 4588 iudicem
1476 4521 1594 4576 sine
1622 4521 1804 4592 aliquo
1826 4521 2008 4577 damni

2114 3336 2316 3482 :liquid
2359 3337 2616 3408 patimur,
2655 3352 2775 3408 quae
2814 3338 2998 3393 mundi
3043 3339 3418 3410 principaliter
3462 3355 3564 3398 ore
3607 3341 3730 3397 lau-

2154 3435 2292 3482 atur.
2588 3480 2593 3482 ,
3199 3469 3204 3474 .

2154 3435 2292 3482 atur.

2645 3541 2688 3596 Ε
2701 3540 2984 3597 PISTOLA
3026 3541 3190 3598 XXX.

2113 3648 2375 3689 Αιισοιιοο
2403 3647 2526 3690 Ἣκο
2569 3647 2841 3699 ιιιυετιιι,
2877 3650 3169 3691 Ριιικῖεετο
3201 3650 3382 3703 DBBIS,
3415 3652 3729 3694 τηεοιιοιιι-

2777 3739 2872 3780 CUS
2900 3741 3024 3779 REI.

2108 3811 2269 3868 lubet
2285 3821 2343 3867 ut
2367 3811 2630 3869 Joannem
2669 3813 3049 3938 inploacqlrum
3095 3815 3454 3870 Romanarum
3496 3833 3726 3888 repara-

2709 3894 2849 3938 tione
2875 3901 2907 3938 α
2951 3893 3102 3938 iuvet.

2709 3893 2849 3940 tione
2875 3893 3102 3956 adjuvet.

2196 3974 2453 4038 Romanae
2503 3977 2738 4032 civitatis
2782 3993 2908 4033 cura
2956 3979 3158 4033 nostris
3203 3979 3455 4034 sensibus
3499 3996 3729 4053 semper

2112 4065 2374 4138 invigilat.
2389 4065 2527 4134 Quid
2553 4075 2637 4122 est
2663 4066 2810 4122 enim
2838 4066 3054 4134 dignius
3081 4067 3228 4138 quod
3259 4076 3498 4124 tractare
3525 4069 3731 4126 debea-

2111 4174 2254 4226 mus,
2299 4173 2461 4229 quam
2489 4157 2607 4228 ejus
2652 4159 3051 4228 reparationem
3097 4159 3465 4232 erigere-[mm
3495 4160 3638 4216 And.
3665 4172 3725 4218 et

2121 4249 2234 4304 νει.
2267 4247 2460 4318 Fom.,
2491 4247 2722 4320 eligere]
2764 4263 2926 4318 quam
2957 4255 3210 4304 ornatum
3253 4257 3474 4304 constat
3511 4259 3726 4309 nostra:

2111 4341 2320 4412 reipub.
2353 4339 2664 4396 continere?
2715 4339 2948 4395 Proinde
2991 4339 3214 4396 illustris
3259 4339 3573 4398 sublimitas
3625 4351 3726 4400 tua

2110 4432 2457 4507 spectabilem
2483 4433 2658 4488 virum
2685 4430 2948 4488 Joannem
2978 4447 3078 4488 nos
3098 4431 3362 4488 direxisse
3380 4442 3723 4502 cognoscat,

2111 4533 2336 4596 propter
2378 4524 2687 4596 splendidas
2731 4522 2989 4582 Romam:
3026 4523 3266 4580 civitatis
3305 4524 3562 4593 cloacas;
3594 4541 3726 4598 qua

423 4615 634 4664 terrore
659 4607 910 4663 viderunt
933 4609 1251 4678 :pretiosior
1277 4609 1446 4665 factus
1467 4612 1692 4679 cunctis,
1715 4612 1837 4682 quia
1863 4614 2010 4669 nullo
2038 4600 2088 4662 1)
2113 4625 2320 4674 tantum
2368 4617 2666 4672 visentibus
2705 4615 2991 4674 conferunt
3031 4625 3340 4686 stuporem,
3371 4626 3434 4671 ut
3476 4617 3720 4674 aliarum
3777 4613 3786 4621 ’

423 4699 642 4771 praemio
673 4700 778 4772 led.
816 4701 911 4754 Ac.
940 4699 1135 4773 pretio]
1166 4702 1503 4759 vendebaris.
1547 4703 1679 4772 Quis
1707 4705 1869 4762 talem
1898 4722 2008 4762 non
2109 4708 2387 4778 civitatum
2415 4708 2624 4780 possint
2651 4709 2912 4764 miracula
2930 4723 3217 4778 superare.
3246 4708 3450 4764 Videas
3479 4709 3597 4766 illic
3627 4708 3729 4766 ﬂu-

419 4789 689 4847 desideret
717 4791 918 4858 videre,
951 4793 1036 4848 cui
1065 4807 1164 4849 nos
1193 4794 1402 4865 publice
1429 4805 1646 4852 constat
1668 4798 1896 4867 gratiam
1921 4814 2009 4854 re-
2110 4801 2248 4872 vias,
2275 4783 2450 4873 quasi.
2470 4801 2744 4856 montibus
2771 4794 3022 4860 concavis
3053 4801 3288 4866 clausos,
3336 4815 3438 4871 per
3465 4799 3718 4870 ingentia

423 4881 640 4938 tulisse?
665 4880 799 4937 Nam
823 4883 914 4953 qui
961 4883 1188 4940 alterum
1238 4887 1531 4957 reprimere
1565 4891 1744 4944 conati
1791 4903 1997 4958 sumus,
2110 4889 2254 4960 ligna
2283 4901 2314 4930 ε’
2331 4890 2638 4946 decurrere.
2669 4889 2878 4950 Videas
2893 4879 3116 4948 structis
3143 4890 3370 4946 navibus
3405 4906 3508 4962 per
3543 4907 3726 4964 aquas

419 5108 641 5232 ,ὠισὲἔῖ
663 5119 720 5165 et
745 5109 886 5180 Cuj.,
909 5113 1028 5181 quia
1048 5113 1132 5182 qui
1162 5113 1391 5167 uoluitin
1414 5091 1666 5183 potestate
1684 5123 1733 5168 te
1757 5116 2004 5184 positum,

457 5194 606 5234 escam
614 5194 651 5234 ι.

485 5195 651 5235 sciuit.
1687 5227 1696 5236 .
1796 5227 1804 5236 .
1901 5225 1910 5238 .

495 5249 519 5287 δ
545 5248 864 5304 Deformitas
908 5251 1118 5306 ruinam
1157 5250 1504 5308 aedificiorum
1533 5269 1596 5308 ac
1623 5242 1900 5310 murorum
1932 5255 2004 5307 si-

2114 5113 2462 5192 vectigalibus
2486 5112 2712 5192 dedit}.
2795 5121 2850 5166 et
2874 5113 2913 5166 Ι.
3039 5113 3376 5192 Quicunque,
3397 5129 3449 5192 c._
3475 5116 3720 5192 (ξς-θρα.

2115 5183 2254 5252 pubi.
2287 5182 2437 5236 Adde
2459 5182 2792 5250 quaeinfrain
2807 5184 3057 5238 comitiva
3073 5183 3175 5239 for.
3191 5182 3474 5253 adnotavi,
3505 5182 3720 5254 libivn,

2113 5253 2272 5308 form.
2299 5253 2350 5307 7.
2375 5252 2612 5308 Fonusn.
2743 5301 2749 5305 .

421 5317 659 5388 gnificat,
691 5319 887 5392 ut_inf.
916 5320 1126 5392 libivn,
1157 5323 1314 5378 form.
1334 5322 1410 5392 κϐ,
1438 5323 1490 5376 in
1517 5325 1770 5378 comitiva
1799 5323 2001 5380 form‘a-

423 5405 540 5461 rum
589 5389 942 5461 ostendimus;
985 5389 1172 5461 Virgil.
1207 5407 1278 5446 xu
1309 5389 1524 5447 [Eneid
1557 5394 1852 5448 accendere
1891 5393 2004 5448 bel-

424 5459 552 5525 lum,
577 5459 880 5532 deformare
899 5459 1138 5532 domum,
1153 5463 1202 5532 id
1223 5472 1306 5518 est
1324 5471 1586 5528 evertere,
1611 5463 1645 5516 1.
1670 5463 1757 5517 23.
1779 5463 2004 5532 Lexque

395 5534 654 5608 'tutores,
682 5529 828 5608 cudo
855 5529 1146 5608 adm.._tut.',
1183 5531 1334 5608 jubet
1378 5541 1606 5608 tutorem
1647 5529 2003 5608 deformatum

425 5596 613 5668 pupilli
636 5596 919 5653 tediticium
941 5596 1485 5657 reticerefDeformes
1515 5604 1704 5664 ruinre,
1737 5602 1773 5656 l.
1804 5602 1855 5667 4,
1882 5603 1918 5656 l.
1947 5602 2001 5668 5,

428 5681 478 5720 c.
507 5666 570 5720 de
595 5669 738 5740 dedit:
765 5669 1248 5740 pritmt._Lainprid.
1270 5671 1576 5727 Alexandro
1604 5671 1822 5738 Severo,
1843 5666 2004 5728 tinea-—

429 5742 572 5788 trum
604 5736 837 5791 Marcelli
877 5736 1304 5810 reﬁcere'voluit
1329 5742 1506 5796 multis
1535 5736 1856 5805 civitatibus,
1887 5755 2005 5810 qua:

432 5812 556 5872 post
583 5812 918 5862 termmotus
952 5808 1220 5867 deformes
1245 5819 1420 5872 erant,
1459 5811 1524 5865 ad
1565 5808 2003 5866 instaurationem

434 5888 658 5943 operum
685 5883 742 5930 et
766 5877 1118 5952 privatorum,
1161 5891 1213 5935 et
1252 5879 1587 5950 publicorum
1618 5881 1896 5951 pecuniam
1937 5895 2006 5938 ex

2187 5335 2208 5362 ε
2249 5322 2311 5396 D_.
2341 5321 2513 5396 Juret.
2555 5323 2682 5396 legit
2713 5323 2770 5396 in
2799 5322 2863 5378 V.
2889 5322 2951 5377 G.
2983 5324 3145 5396 ligna.
3177 5322 3374 5396 Sichiu
3417 5325 3720 5396 aenigmate

2111 5391 2435 5516 Sylmllihpsii,
2482 5409 2599 5462 cap.
2632 5391 2690 5446 ln
2731 5393 2874 5461 ligno
2921 5393 3133 5448 vehitur
3178 5393 3380 5464 medio,
3409 5391 3714 5466 quag'ligna

2111 5479 2176 5516 ve
2197 5479 2244 5516 ie
2264 5479 2312 5516 )a
2343 5502 2358 5515 .
3075 5499 3082 5502 -

2110 5472 2358 5518 vehebat.
3075 5499 3082 5502 -

2177 5531 2536 5615 Per_iugeutia
2561 5533 2728 5602 signa.
2758 5531 2842 5615 A_l.
2866 5549 2958 5603 per
2985 5533 3220 5615 ingentia
3245 5533 3414 5615 ligna.
3449 5535 3720 5615 suspicor

2106 5601 2390 5670 legendum
2413 5601 2621 5671 stagna.
2646 5616 2758 5670 erg.
2785 5603 2818 5656 ι.
2850 5601 2940 5656 un.
2964 5609 3024 5656 ut
3046 5601 3104 5657 in
3131 5601 3394 5659 fluminib.
3423 5601 3578 5671 publi
3609 5623 3710 5662 na-

2105 5673 2212 5747 vig.
2241 5671 2405 5747 li.,_et
2438 5671 2474 5724 l.
2499 5671 2688 5747 2.~§__si
2719 5672 3112 5747 quircloacam,
3148 5673 3176 5744 ᾗ
3206 5671 3466 5747 ideo,‘1_V_e
3495 5677 3625 5747 quid
3654 5679 3714 5731 in

2107 5742 2223 5812 loco
2251 5739 2424 5812 publ.,'
2456 5750 2518 5812 et
2549 5739 2764 5796 Sillusi.
2798 5743 2892 5796 lib.
2917 5759 2970 5796 IV
2999 5739 3189 5798 histor.
3221 5744 3364 5812 apud
3393 5739 3651 5801 Nomium
3687 5763 3704 5800 :

2108 5810 2303 5864 Moenia
2341 5811 2522 5880 Oppidi
2547 5813 2869 5880 stagnabant
2889 5810 3314 5868 redundantibus
3349 5815 3559 5871 cloacis
3601 5815 3708 5869 ad-

2107 5895 2265 5937 verso
2311 5879 2444 5935 :estu
2483 5881 2660 5936 maris.
2702 5879 2961 5953 Stagnum
2999 5883 3145 5938 enim
3183 5882 3413 5940 Varroni
3443 5899 3509 5939 ac
3539 5883 3703 5942 Festo
