3974 6388
377 364 486 449 iss

385 582 617 649 radiare,
629 589 689 636 ut
702 577 858 635 laude
869 573 1173 646 conspicuis
1191 569 1466 628 deferatur
1483 567 1657 638 gratia
1673 564 1969 636 dignitatis.

1599 358 1670 417 υ.
1699 355 1986 434 sunELu
2022 349 2416 413 CASSIODORI

384 502 665 560 «uergere
687 487 824 556 με..
848 478 1197 554 eligere],qui
1224 475 1494 535 senatoria
1525 483 1834 533 mereantur
1847 471 1971 528 luce
1997 474 2053 535 Α

3559 361 3675 419 596

2603 463 2936 522 EPISTOLA
2958 463 3174 520 XXXV.

2486 573 2697 616 BOIULO
2725 573 3089 615 TBEODOIUCUS
3112 573 3236 613 κει.

385 635 546 731 Eur—ia
573 635 806 738 namque
848 635 1144 734 disciplinis
1169 667 1417 717 veterum
1465 635 1617 730 patet
1663 635 1780 730 [νηὶ.
1810 652 1973 721 Aud.,
2075 646 2369 724 Conﬁrmat
2385 648 2639 774 Zaidqaid
2665 649 2768 720 ipsi
2793 648 3005 732 ejusque
3030 648 3186 702 matri
3213 662 3279 702 ea:
3327 648 3476 716 regio
3502 635 3677 703 «(illo

421 763 436 774 .
543 759 582 774 -.
714 773 721 774 ,
770 758 805 774 ,.
825 757 838 774 ε
866 755 1042 774 ,ςυμρ
1070 770 1097 774 Δ
1267 759 1548 774 -_._----.--
1599 748 1686 774 -..ι
1711 747 1972 774 ι..............
2426 718 2619 774 ibertas
2639 736 2730 774 uer
2759 726 3026 774 mctatmm
3047 725 3390 772 concesserat.

385 759 614 833 placet];
631 773 732 816 nec
755 758 806 814 ei
817 755 1046 827 iudicari
1069 761 1248 826 potest
1262 759 1570 816 extraneus,
1597 748 1689 818 qui
1711 747 1975 803 bonarum

385 853 579 908 artium
598 859 684 908 est
711 849 979 904 alumnus.
997 846 1169 918 Atque
1199 844 1320 900 ideo
1347 841 1567 898 illustris
1580 833 1976 908 magniﬁcentia

389 951 476 997 tua
501 942 558 996 in
576 940 877 998 clarissimo
903 935 1241 992 Armentario
1265 942 1426 1002 atque
1456 929 1702 1000 Superbo
1725 926 1842 995 ejus
1865 923 1976 977 ﬁlio

319 1023 352 1102 ,ξ
386 1047 452 1089 ea
480 1031 642 1088 faciat
661 1030 905 1086 exhiberi
947 1043 1069 1099 qua:
1101 1026 1245 1082 circa
1265 1021 1575 1080 referendos
1597 1018 1760 1075 curiae
1788 1027 1813 1053 ι
1843 1027 1978 1070 cana

388 1127 554 1185 dictat
572 1125 884 1196 antiquitas.
920 1121 1017 1178 Hic
1043 1127 1127 1176 est
1155 1119 1297 1174 enim
1327 1114 1578 1188 prmfatus
1605 1108 1982 1166 Armentarius

387 1219 482 1290 qui
507 1227 560 1275 et
581 1225 863 1292 parentum
884 1215 1050 1278 bono,
1075 1221 1130 1268 et
1159 1226 1257 1266 suo
1281 1209 1437 1265 nobis
1462 1202 1871 1292 commendatur
1901 1201 1983 1292 in—

391 1289 552 1382 genio
583 1289 603 1361 ξ
633 1307 854 1376 exigens
875 1302 1079 1360 meritis
1102 1316 1262 1378 quam
1291 1305 1474 1370 sperat
1520 1295 1768 1367 precibus
1817 1289 1986 1359 digni-

395 1409 580 1456 tatem.
609 1397 744 1453 Nam
769 1394 899 1466 quid
927 1393 1138 1462 dignius
1161 1390 1206 1446 si
1229 1399 1284 1445 et
1309 1386 1583 1444 senatorio
1612 1385 1868 1440 vestiatur
1893 1382 1986 1435 ho-

396 1505 533 1548 nore
561 1495 743 1556 togata
771 1483 1076 1556 professio?
1110 1479 1174 1536 Ut
1197 1480 1250 1534 in
1274 1479 1366 1533 illa
1387 1476 1544 1532 turba
1573 1475 1856 1529 doctorum
1881 1473 1984 1543 51

279 1640 285 1647 ,
390 1580 587 1637 audeat
613 1579 836 1634 liberam
860 1573 1107 1646 proferre
1133 1569 1476 1633 sententiam,
1511 1581 1609 1622 nec
1631 1565 1872 1619 frenetur
1899 1562 1990 1616 im.

390 1669 600 1742 peritiae
628 1675 854 1731 terrore,
871 1679 1032 1736 quem
1053 1663 1340 1718 hortantur
1360 1659 1428 1714 ad
1454 1671 1640 1713 vocem
1659 1655 1779 1724 jura
1804 1654 1984 1742 facun-

389 1741 512 1816 diae.
569 1755 816 1814 Gloriosa
851 1764 935 1812 est
963 1754 1196 1822 denique
1241 1750 1463 1807 scientia
1494 1748 1790 1802 litterarum
1819 1786 1834 1810 ,
1864 1741 1990 1814 quia

2449 718 2619 774 δείξω
2639 718 2730 790 per
2758 718 3026 789 pietatium
3047 725 3390 772 concesserat.

2151 810 2552 866 Liberalitatem
2584 818 2820 864 nostram
2866 807 3074 862 ﬁrmam
3115 807 3274 864 decet
3319 815 3512 862 tenere
3541 820 3679 862 con-

2079 901 2332 956 stantiam
2359 919 2372 954 :
2405 900 2530 968 quia
2560 899 2938 954 inconcussum
2959 897 3120 952 debet
3146 913 3265 952 esse
3288 896 3548 966 principia
3575 911 3677 950 vo-

2085 999 2216 1058 tum,
2247 1007 2350 1048 nec
2367 1006 2466 1061 pro
2492 989 2667 1046 studio
2695 989 3049 1057 malignorum
3071 987 3322 1052 convelli,
3354 985 3506 1056 quod
3551 999 3682 1041 υσεδ

2084 1093 2162 1138 tra
2191 1083 2431 1138 noscitur
2453 1087 2813 1154 praeceptione
2843 1080 3060 1136 ﬁrmari.
3077 1081 3253 1150 Atque
3279 1080 3400 1134 ideo
3421 1081 3681 1150 praesenti

2079 1175 2323 1245 iussione
2351 1191 2635 1231 censemus
2657 1182 2714 1229 ut
2737 1171 2992 1244 quidquid
3021 1188 3088 1228 ex
3119 1179 3302 1226 nostra
3331 1170 3685 1227 ordinatione

2085 1267 2371 1336 patricium
2417 1265 2686 1320 Liberium
2715 1265 2812 1320 tibi
2839 1265 3106 1334 matrique
3135 1271 3242 1318 tua:
3270 1279 3368 1334 per
3393 1263 3684 1333 pietatium

2089 1357 2171 1426 (id
2199 1366 2296 1423 est,
2327 1372 2428 1428 per
2455 1355 2704 1412 tabellam
2733 1355 2812 1409 vel
2841 1354 3123 1425 scriptum)
3151 1355 3459 1410 constiterit
3503 1354 3684 1425 depu-

2091 1457 2252 1515 tasse,
2275 1448 2330 1502 in
2367 1462 2466 1502 suo
2495 1446 2689 1501 robore
2708 1445 2903 1501 debeat
2923 1460 3274 1516 permanere;
3302 1460 3402 1500 nec
3457 1461 3488 1500 a
3539 1460 3688 1514 quo-

2091 1554 2250 1608 quam
2279 1545 2493 1593 metuas
2521 1535 2941 1592 irrationabilem
2968 1537 3344 1607 qutestionem,
3375 1537 3470 1607 qui
3506 1534 3688 1593 nostri

2088 1628 2336 1687 beneﬁcii
2357 1628 2601 1701 possides
2623 1627 2952 1683 ﬁrmitatem.

2503 1808 2505 1811 ι
2589 1742 2923 1798 ΕΡΙΞΤΟΙΑ
2965 1742 3202 1798 XXXVI.

389 1850 537 1920 quod
566 1847 797 1920 primum
834 1853 939 1912 est,
993 1843 1048 1898 in
1089 1840 1310 1896 homine
1355 1852 1534 1894 mores
1577 1841 1804 1905 purgat;
1831 1829 1974 1901 quod
2005 1834 2052 1894 Β
2147 1851 2406 1890 Αιιισειικο
2426 1850 2550 1890 vmo
2576 1847 2840 1898 ths'rst,
2875 1849 3075 1898 COIITI,
3107 1849 3476 1904 rnnonompus
3499 1850 3635 1888 sax.

391 1940 708 2006 secundum,
727 1938 1016 1994 verborum
1043 1934 1269 2004 gratiam
1294 1929 1665 1988 subministrat
1691 1945 1704 1980 :
1729 1927 1804 1980 ita
1835 1933 1985 1979 utro-

391 2046 502 2092 aue
529 2027 793 2087 beneﬁcio
828 2026 1148 2082 mirabiliter
1175 2029 1332 2080 ornat
1359 2031 1414 2078 et
1450 2020 1646 2078 tacitos
1673 2026 1729 2074 et
1755 2016 1983 2088 loquen-

395 2129 496 2178 tes.
525 2118 801 2175 Ducantur
833 2131 963 2188 ergo
991 2115 1058 2170 ad
1113 2111 1412 2186 penetralia
1465 2108 1732 2164 libertatis
1783 2104 1985 2160 laudati

395 2213 591 2270 merito
618 2227 737 2278 suo,
761 2210 937 2266 ornati
960 2208 1166 2280 iudicio
1179 2213 1368 2262 nostro
1391 2222 1406 2261 :
1429 2201 1666 2259 habituri
1686 2200 1802 2256 sine
1821 2199 1986 2254 dubio

395 2301 758 2372 gratissimum
785 2306 1058 2366 senatum,
1086 2311 1316 2367 quorum
1343 2309 1432 2349 ars
1455 2301 1540 2348 est
1571 2290 1746 2346 facere
1783 2289 1851 2346 de
1878 2289 1987 2344 ira-

397 2403 457 2452 to
483 2393 829 2459 benevolum,
861 2391 930 2448 de
948 2396 1200 2462 suspecto
1229 2388 1519 2459 placatum,
1544 2385 1612 2440 de
1641 2391 1862 2438 austero
1889 2381 1986 2436 mi-

397 2493 532 2554 tem,
562 2481 634 2540 de
681 2483 999 2539 adversante
1045 2479 1358 2552 propitium.
1407 2474 1548 2544 Quid
1587 2486 1716 2543 ergo
1743 2471 1989 2544 patribus

399 2573 680 2640 imponere
704 2587 810 2628 non
837 2569 1026 2642 possit,
1057 2569 1149 2640 qui
1172 2566 1392 2623 ﬂectere
1438 2565 1674 2620 animum
1699 2561 1990 2634 iudicantis

402 2664 604 2722 evaluit
633 2663 700 2720 5?
875 2659 898 2672 “

889 2769 1221 2828 EPISTOLA
1245 2769 1484 2826 XXXIV.

713 2903 1126 2945 IASSILIENSIBUS
1157 2900 1522 2942 TBBODORICUS
1552 2899 1683 2939 REX.

406 3015 605 3076 Scribit
624 3033 680 3072 se
698 3017 942 3072 comitem
959 3014 1302 3069 Marobodum
1328 3015 1398 3068 ad
1425 3032 1508 3069 eos
1535 3012 1876 3084 protegendos
1902 3013 1996 3068 mi-

441 3090 597 3158 sisse,
625 3095 676 3142 st
701 3087 936 3159 pracipit
962 3097 1018 3140 ut
1044 3087 1144 3157 ipsi
1183 3084 1455 3140 libentibus
1477 3086 1668 3140 animis
1690 3085 1954 3139 obediant.

2089 1925 2322 1998 Imperat
2351 1926 2626 1980 admoneat
2660 1923 2968 1978 Venantium
2991 1933 3047 1998 ut
3073 1925 3382 1998 instructam
3404 1940 3693 1998 personant

2159 1991 2230 2050 ad
2256 1998 2430 2051 aulam
2463 1997 2652 2061 mittat,
2675 2011 2790 2066 qua:
2820 1991 3108 2048 rationiﬁus
3134 1993 3363 2066 Firmini
3393 2004 3517 2048 ante
3539 1995 3695 2066 judi—

2155 2083 2239 2122 ces
2259 2084 2291 2120 a
2313 2083 2430 2139 rege
2449 2065 2748 2138 designatos
2773 2067 2942 2119 ualeat
2975 2065 3306 2135 respondere.

2158 2176 2380 2233 Pietatis
2407 2184 2607 2232 nostrae
2634 2175 2970 2246 propositum
2997 2181 3100 2240 est,
3125 2173 3448 2230 miserandis
3470 2171 3695 2229 ﬂetibus

2089 2267 2420 2324 audientiam
2447 2281 2558 2323 non
2583 2281 2800 2336 negare,
2816 2265 3050 2321 maxime
3078 2281 3199 2321 cum
3227 2265 3395 2320 moris
3424 2264 3600 2319 nostri
3621 2265 3698 2320 sit

2089 2361 2158 2416 ad
2185 2362 2332 2432 leges
2351 2369 2544 2417 cuneta
2572 2359 2868 2426 remittere,
2883 2369 2944 2416 ut
2967 2367 3023 2414 et
3041 2349 3384 2430 conquerens
3409 2367 3697 2414 mereatur

2091 2450 2362 2518 eﬂectum,
2393 2460 2450 2507 et
2477 2454 2719 2523 pulsatus
2747 2451 2951 2506 nullum
2981 2467 3043 2507 se
3079 2460 3337 2520 queratur
3365 2452 3690 2507 sustinuisse

2091 2542 2725 2616 prmiudicium.Proinde
2744 2541 3014 2598 Firminus
3043 2543 3174 2614 [ed.,
3203 2540 3462 2612 Firmius]
3494 2553 3696 2597 contra

2091 2634 2430 2704 magniﬁcum
2458 2633 2631 2688 virum
2658 2633 2940 2704 patricium
2974 2631 3296 2688 Venantium
3325 2647 3385 2687 se
3412 2632 3546 2688 dicit
3595 2632 3698 2686 ha-

2093 2725 2222 2779 bere
2248 2723 2542 2793 negotium,
2575 2730 2631 2778 et
2655 2723 2966 2792 frequenter
2994 2724 3062 2778 ab
3087 2738 3155 2778 eo
3184 2722 3301 2792 ejus
3350 2723 3696 2794 propositio-

2095 2829 2192 2870 nes
2218 2814 2382 2869 fuisse
2409 2821 2767 2884 contemptas.
2800 2811 2869 2867 Et
2899 2813 3025 2884 quia
3055 2813 3109 2868 in
3141 2815 3319 2868 causis
3347 2827 3572 2882 semper
3611 2822 3702 2868 est

2095 2916 2343 2976 suspecta
2367 2905 2662 2976 potentiaO,
2683 2904 2808 2960 dum
2831 2905 2972 2960 velle
2995 2905 3234 2960 creditur
3256 2904 3402 2976 quod
3425 2921 3588 2976 posse
3607 2905 3701 2976 iu-

2097 2995 2326 3062 dicatur,
2357 2995 2655 3052 antelatum
2683 3003 2897 3052 servata
2940 2996 3250 3050 reverentia
3278 3012 3309 3050 a
3343 3005 3398 3052 te
3436 2997 3699 3068 praecipi-

2096 3101 2216 3142 mus
2242 3085 2552 3154 admoneri;
2580 3094 2638 3141 ut
2663 3087 2766 3142 sub
2784 3087 3081 3158 sponsione
3107 3077 3344 3156 legitima
3369 3089 3702 3146 instructam

477 3202 747 3275 Propositi
774 3201 945 3260 nostri
970 3209 1054 3258 est
1079 3201 1334 3272 probatas
1379 3201 1691 3258 fortitudine
1719 3211 1776 3258 et
1801 3201 1990 3258 mode-
2018 3205 2067 3270 c
2099 3193 2384 3275 persona?“
2405 3179 2472 3234 ad
2497 3179 2814 3275 °_°“_‘i‘_““m
2837 3187 3080 3234 “suum
3117 3179 3350 3275 dirige’?
3371 3197 3431 3275 δε
3461 3181 3702 3252 Promi“

409 3294 621 3351 ratione
645 3308 907 3365 personas
935 3292 1000 3347 ad
1030 3293 1423 3348 ordinationem
1459 3301 1695 3348 vestram
1722 3291 1994 3348 defensio-

412 3400 643 3458 nemque
669 3385 924 3456 dirigere,
971 3393 1116 3440 utet
1141 3383 1550 3456 provincialium
1582 3383 1719 3438 ratio
1747 3384 1996 3440 subleve-

409 3485 516 3542 tur,
547 3484 602 3532 et
626 3477 831 3532 utilitas
859 3475 1071 3546 publica
1092 3474 1248 3530 bonis
1277 3473 1685 3544 prmsidentibus
1713 3484 1992 3543 augeatur.

395 3565 645 3623 Proinde
671 3565 924 3623 comitem
977 3565 1344 3633 Marabadum,
1391 3565 1548 3620 nobis
1578 3565 1831 3634 aequitate
1855 3581 1996 3621 com-

407 3669 646 3731 pertum,
674 3658 742 3714 ad
775 3656 1160 3712 Massiliensem
1203 3656 1474 3712 civitatem
1507 3655 1830 3713 credidimus
1867 3655 2000 3711 diri-

408 3749 665 3820 gendum,
686 3757 746 3804 ut
771 3747 1031 3820 quidquid
1058 3748 1124 3802 ad
1145 3747 1488 3804 securitatem
1512 3757 1744 3805 vestram
1773 3749 1857 3804 vel
1885 3748 1996 3804 uti-

411 3837 619 3895 litatem
645 3840 898 3910 pertinet,
929 3839 1043 3894 Deo
1079 3838 1325 3910 iuvante,
1353 3839 1628 3910 perﬁciat;
1681 3853 1996 3908 memorque

411 3929 598 4000 gratia:
625 3937 842 3995 nostra,
873 3945 1056 3986 curam
1105 3931 1278 4001 possit
1303 3931 1504 3986 habere
1528 3929 1750 4000 iustitiae
1774 3949 1787 3984 :
1817 3931 1992 3985 mino-

411 4018 563 4076 ribus
587 4020 838 4077 solatium
877 4020 1033 4088 ferat,
1090 4019 1445 4078 insolentibus
1493 4022 1840 4078 severitatem
1887 4037 1998 4077 suae

409 4110 758 4169 districtionis
797 4112 1036 4182 obiiciat,
1061 4111 1269 4168 nullum
1298 4111 1532 4182 denique
1559 4111 1790 4181 opprimi
1815 4110 1994 4180 iniqua

409 4203 828 4275 praesumptione
851 4203 1120 4274 patiatur;
1163 4201 1259 4258 sed
1286 4216 1476 4258 omnes
1498 4210 1660 4270 cogat
1683 4201 1748 4256 ad
1767 4201 1995 4270 iustum,

411 4292 558 4350 unde
581 4300 825 4349 nostrum
877 4307 1094 4363 semper
1118 4291 1278 4347 ﬂoret
1319 4291 1624 4361 imperium.
1656 4291 1998 4362 QuaprOpter

409 4383 691 4455 designato
709 4383 828 4438 viro
858 4383 912 4436 in
940 4383 1024 4438 his
1049 4397 1171 4452 qua:
1197 4381 1350 4438 vobis
1389 4397 1491 4452 pro
1528 4382 1738 4453 publica
1769 4383 2000 4438 utilitate

412 4473 752 4548 praeceperit,
774 4471 1064 4528 libentibus
1083 4472 1276 4528 animis
1299 4472 1536 4538 obedite,
1565 4481 1624 4528 ut
1645 4473 1776 4529 ﬁdes
1796 4483 1996 4540 vestra,

2099 3278 2195 3335 tat,
2249 3271 2340 3342 qui
2394 3271 2537 3342 apud
2583 3271 2861 3339 delegatos
2913 3281 3066 3328 motu
3123 3283 3310 3329 nostro
3326 3273 3541 3343 iudices
3570 3275 3704 3348 [ms.

2099 3361 2260 3428 Aad.,
2287 3362 2496 3416 monitu
2522 3379 2538 3430 ;
2560 3361 2679 3428 Ac.,
2700 3370 2881 3418 motus
2909 3371 3091 3419 vestro
3115 3362 3343 3438 iudicio]
3371 3365 3490 3434 eius
3517 3365 3706 3422 inten-

2102 3454 2339 3510 tionibus
2363 3456 2544 3510 valeat
2571 3455 2812 3526 praabere
2838 3471 3148 3528 reponsum.
3184 3457 3353 3514 Actor
3381 3457 3522 3532 [atii,
3583 3459 3706 3515 Au-

2103 3543 2244 3617 ctor]
2275 3546 2362 3602 hic
2387 3561 2604 3616 pmnam
2631 3563 2742 3603 suae
2770 3557 3087 3619 recepturus
3115 3549 3376 3617 audaciae,
3408 3553 3453 3607 si
3502 3559 3706 3609 contra

2102 3637 2440 3708 magniﬁcum
2462 3637 2633 3693 virum
2655 3638 2906 3694 habuerit
2929 3637 3178 3695 falsitatis
3203 3649 3482 3698 eventum.

2577 3745 2906 3804 EPISTOLA
2937 3747 3198 3806 XXXVII.

2413 3855 2586 3897 PB'I‘RO
2606 3856 2854 3898 EPISCOPO
2879 3857 3240 3899 THEODORICUS
3270 3861 3396 3900 REX.

2098 3948 2325 4024 Iubetttt
2352 3962 2550 4024 partem
2575 3951 2854 4024 facultatis
2891 3970 3046 4024 quam
3068 3953 3380 4024 idetinebat,
3435 3955 3710 4016 Germano

2173 4023 2430 4085 restituat,
2445 4023 2496 4101 si
2521 4021 2776 4091 legitimus
2796 4021 2939 4101 ﬁlias
2967 4025 3034 4101 sit
3063 4023 3331 4101 hamatis
3343 4021 3528 4101 {quod
3549 4029 3600 4083 si
3628 4031 3712 4101 fa-

2172 4107 2286 4146 cere
2315 4099 2522 4160 renuat,
2548 4107 2756 4146 causam
2783 4096 2887 4146 vult
2916 4094 2985 4148 ad
3013 4093 3188 4149 aulam
3215 4093 3410 4151 uocari.

2175 4204 2230 4260 Si
2264 4206 2316 4260 in
2343 4204 2532 4260 alienis
2557 4205 2732 4262 causis
2759 4205 3148 4264 beatitudinem
3179 4218 3416 4268 vestram
3443 4213 3713 4271 convenit

2105 4294 2368 4361 adhiberi,
2401 4303 2460 4350 ut
2483 4312 2580 4382 per
2625 4311 2722 4352 vos
2761 4295 3092 4368 iurgantium
3145 4303 3408 4374 strepitus
3436 4306 3713 4376 conquie—

2104 4401 2194 4442 sca
2202 4394 2241 4449 t,
2257 4393 2460 4455 quanto
2483 4387 2651 4456 magis
2666 4387 2733 4442 ad
2749 4403 2848 4444 vos
2871 4391 3070 4445 remitti
3087 4391 3251 4448 debet
3260 4393 3405 4464 quod
3420 4410 3524 4451 vos
3544 4411 3708 4467 spec-

2107 4484 2186 4530 tat
2213 4477 2508 4533 auctores?
2535 4477 2688 4548 Aque
2714 4476 2836 4533 ideo
2856 4481 3115 4537 sanctitas
3145 4491 3326 4538 vestra
3355 4500 3386 4539 a
3426 4485 3713 4543 Germano

411 4579 533 4636 quae
546 4565 661 4636 iam
703 4563 973 4635 prioribus
999 4570 1330 4619 monstratur
1353 4563 1636 4633 exemplis,
1659 4563 1991 4634 subsequen-
2023 4583 2078 4644 ι)
2107 4583 2204 4622 nos
2231 4567 2407 4624 aditos
2437 4565 2600 4624 ﬂebili
2629 4567 2950 4638 allegatione
2978 4583 3292 4642 cognoscat.
3327 4575 3420 4646 qui
3442 4591 3504 4632 se
3532 4575 3712 4635 ﬁlium

412 4657 556 4714 tibus
581 4669 798 4728 quoque
825 4653 1130 4711 declaretur
1155 4653 1369 4710 indiciis
1394 4673 1408 4710 :
1428 4655 1552 4726 quia
1572 4657 1776 4724 gratius
1791 4663 1873 4711 est
1900 4654 1997 4710 ob-

411 4748 658 4820 sequium
687 4746 832 4819 quod
859 4747 1148 4803 devotione
1175 4747 1380 4818 perpeti
1403 4748 1722 4804 custoditur.
1763 4745 1874 4802 Nos
1899 4761 1999 4800 au-

415 4851 526 4898 tem
555 4840 781 4896 reddere
829 4839 1128 4908 cogitamus
1172 4839 1350 4896 locum
1379 4837 1754 4907 vicissitudini,
1781 4838 1874 4912 qui
1896 4839 1999 4894 im-

411 4947 581 5005 pensa
607 4931 828 4988 servitia
855 4946 966 4988 non
991 4945 1278 5002 possumus
1309 4931 1572 4988 oblivisci.

483 5114 512 5144 ⁸
539 5105 597 5161 ln
625 5114 758 5170 vel.,
787 5106 926 5178 circa
948 5105 1252 5178 reverendus
1278 5123 1387 5178 cur.
1413 5106 1516 5161 Alii
1541 5106 1748 5178 malunt
1768 5109 1999 5178 referen-

405 5176 588 5250 tiarigs
616 5193 635 5232 :
664 5176 964 5250 referendos
994 5185 1171 5250 ta_me_n
1219 5176 1413 5244 legitur
1454 5179 1614 5250 etiam
1647 5177 1744 5250 lib_._
1765 5194 1803 5242 ι,
1827 5176 1991 5250 epist.

409 5245 501 5303 ll.
525 5247 686 5302 Forte
713 5245 979 5314 digamma
1003 5245 1274 5300 Eolicum
1305 5255 1405 5310 est,
1451 5247 1749 5316 cuiusmodi
1801 5245 1879 5302 et'
1907 5249 1994 5302 illa

410 5319 466 5398 in
497 5317 737 5398 Etruscis
765 5316 1022 5398 lfandect.
1048 5325 1333 5398 ventorum
1364 5317 1397 5368 ti
1427 5333 1525 5398 pro
1546 5325 1828 5398 ventorum
1852 5319 1929 5398 vi,
1956 5319 1993 5398 l.

409 5388 468 5458 9,
499 5389 556 5444 Si
585 5395 725 5458 post,
756 5385 823 5458 de
851 5385 1022 5458 peric:
1053 5396 1106 5458 et
1135 5402 1332 5441 comm.
1364 5385 1443 5442 rei
1471 5388 1655 5453 vend.,
1684 5389 1997 5458 pneluerint

413 5455 514 5529 pro
542 5455 865 5529 praebuerint
884 5455 1045 5529 ;_l.§,
1067 5456 1142 5529 de
1158 5465 1332 5520 vacat.
1365 5466 1420 5529 et_
1449 5473 1629 5529 excus.
1663 5455 1858 5529 _mun.,
1903 5458 1999 5529 ad-

414 5523 658 5599 visa-pro
691 5523 880 5593 affixa,
912 5525 948 5579 l.
979 5523 1068 5588 32,
1093 5527 1372 5599 librorum,
1399 5527 1519 5599 με
1547 5527 1671 5599 quid
1697 5523 1872 5597 igitur.
1893 5527 2000 5599 _l)e

415 5595 592 5667 ieg.3,
621 5606 892 5667 provecta)
917 5609 1016 5664 pro
1045 5595 1336 5667 profectae;
1361 5595 1512 5659 1.35,
1537 5595 1603 5650 ex
1623 5595 1783 5667 facto,
1804 5599 1856 5653 in
1882 5597 1999 5667 ﬁn.,

416 5661 497 5722 De
523 5661 722 5735 hatred.
755 5661 958 5730 institi;
982 5661 1134 5735 et'ea
1163 5680 1282 5735 quae
1309 5665 1502 5735 Donat.
1537 5667 1588 5719 in
1619 5666 1858 5722 Terentii
1891 5661 2002 5721 An;

417 5735 587 5791 striam
633 5734 925 5806 adnotavit,
978 5733 1408 5806 palus,‘:_cerfu,s,-
1441 5735 1769 5806 corfus,‘pro
1800 5739 1998 5800 Davus,

415 5817 627 5870 servus,
649 5817 860 5863 corvus.
891 5801 1113 5868 Quintil.
1160 5803 1252 5860 lib.
1283 5819 1322 5873 ι,
1343 5801 1482 5875 ίοερ.
1517 5805 1604 5860 13.
1636 5801 1711 5859 Ita
1746 5806 1832 5862 hic
1860 5809 2002 5862 refc-

2103 4661 2395 4730 legitimum
2427 4661 2622 4716 asserit
2647 4662 2918 4731 quondam
2948 4661 3228 4722 Thomatis
3277 4684 3291 4721 :
3337 4667 3528 4725 dicens
3571 4685 3712 4742 par-

2103 4759 2213 4806 tem
2237 4751 2504 4808 facultatis
2523 4752 2692 4822 patris
2718 4753 2798 4808 sui
2825 4769 2856 4808 a
2894 4755 3050 4811 vobis
3072 4755 3322 4826 detineri,
3353 4759 3576 4816 sibimet
3622 4762 3712 4820 le-

2103 4843 2258 4914 gibus
2305 4852 2721 4915 competentem.
2770 4845 2876 4918 52
2921 4845 3051 4914 Qua:
3096 4850 3322 4920 petitio,
3375 4853 3423 4907 si
3469 4855 3715 4914 veritate

2103 4935 2338 5004 fulcitur,
2366 4945 2423 4992 et
2469 4938 2728 5006 genitoris
2779 4941 2896 5010 eius
2941 4943 3300 4999 substantiam
3343 4946 3546 5016 probat
3566 4945 3710 5022 [alii,

2103 5115 2302 5194 rendos
2322 5129 2424 5194 pro
2449 5115 2775 5194 reverendus
2795 5117 2984 5194 eodem
3002 5115 3232 5194 _1Eo_lum
3255 5136 3408 5194 more
3439 5124 3712 5194 scriptum

2106 5185 2284 5264 fuerit.
2326 5185 2686 5264 Viderintqui
2733 5187 2786 5264 i_n
2809 5187 2923 5264 istis
2944 5189 3163 5243 minutis
3185 5191 3525 5264 ‘oculatiores
3549 5185 3711 5264 inge-

2107 5255 2378 5328 niosarum
2409 5257 2712 5328 regularum
2737 5257 2953 5328 laudem
2985 5268 3222 5328 captant.
3254 5259 3422 5316 FonN.

2177 5325 2292 5380 Non
2323 5335 2449 5381 sunt
2478 5325 2838 5380 confundendi
2871 5325 3136 5384 referendi
3165 5331 3328 5385 curia:
3354 5348 3452 5388 seu
3483 5344 3713 5392 senatus

2107 5411 2231 5451 cum
2257 5394 2635 5472 referendariis
2661 5396 3058 5472 aulaz,‘qu_o_rum
3075 5408 3430 5472 utrorumque
3459 5404 3713 5462 formula:

2107 5473 2324 5520 exstant
2351 5465 2445 5521 lib.
2469 5481 2544 5534 Vl,
2575 5465 2731 5521 form.
2771 5465 2855 5535 l6,
2888 5467 2976 5522 l7.
2996 5467 3195 5525 Junsr.

2179 5557 2208 5596 δ
2234 5557 2446 5632 Quanta
2473 5561 2546 5616 sit
2573 5562 2892 5632 eloquentia:
2919 5563 3004 5618 vis
3055 5572 3323 5620 testantur
3345 5565 3539 5632 Virgil.
3569 5567 3665 5625 lib.
3693 5585 3716 5628 ι

2107 5625 2738 5707 @neid.;l.ucanus_ad
2787 5631 3068 5700 Pisonem;
3099 5634 3252 5690 Ovid.
3287 5651 3383 5692 xm
3425 5625 3658 5695 “eum.

2108 5697 2226 5752 Val.
2252 5697 2396 5754 Flac.
2424 5699 2514 5754 lib.
2541 5716 2612 5756 tv.
2639 5701 2830 5757 Bnoss.

2187 5801 2210 5830 ε
2240 5790 2429 5849 Cicero
2451 5793 2504 5850 in
2532 5794 2760 5853 exordio
2786 5805 3048 5854 orationis
3072 5813 3174 5870 pro
3199 5799 3477 5868 Quinctio.
3507 5801 3707 5863 Jour.
