3974 6398
277 313 381 373 89⁵2

1575 319 1932 376 νΑιὶιΑιὶυΜ
1975 321 2181 376 LIBER
2209 319 2295 376 III.

3487 326 3587 383 598

277 427 545 502 probatis]
575 429 676 484 sibi
700 427 825 501 jure
851 440 1198 503 competere,
1229 433 1588 505 supplicanti,
1633 435 1882 493 conside-
1911 441 1960 495 Α
2057 438 2314 510 intactum
2345 435 2536 506 fuant,
2584 434 2657 490 ad
2683 433 2896 490 bellicas
2934 436 3197 506 impensas
3237 435 3436 510 aliquid
3465 456 3589 494 con—-

278 529 400 576 rata
425 519 672 590 justitia,
701 537 866 591 quam
895 524 1164 600 monetis,
1193 525 1311 583 sine
1339 527 1736 584 observationis
1761 527 1882 582 lon-

275 628 361 684 κω
388 612 699 685 dispendio,
729 613 910 670 debita
941 615 1288 673 tribuantur:
1313 619 1569 687 quoniam
1599 634 1883 674 causarum

280 712 588 761 vestrarum
612 705 849 774 qualitas
879 705 1033 762 vobis
1060 707 1224 764 debet
1261 708 1533 778 judicibus
1581 709 1883 775 terminari,

278 810 312 850 a
339 811 452 866 quo
481 803 567 852 est
590 795 886 865 spectanda
915 797 1087 866 magis
1110 813 1272 867 quam
1296 799 1626 870 imponenda
1650 801 1882 870 justitia.

278 885 440 954 Quod
477 887 524 942 si
565 887 706 942 banc
732 903 951 944 causam
981 889 1082 944 sub
1107 891 1365 960 aequitate
1397 899 1634 946 vestrum
1664 892 1887 947 minime

279 974 472 1032 deﬁnit
517 977 834 1046 arbitrium,
890 979 1150 1036 noveritis
1196 982 1453 1052 supplicis
1489 981 1768 1052 querelam
1817 982 1888 1038 ad

279 1076 530 1126 nostram
552 1068 882 1124 audientiam
911 1071 1336 1140 perducendam.
1363 1073 1476 1130 Vos
1503 1075 1648 1130 enim
1677 1073 1888 1130 docetis

278 1174 447 1216 voces
503 1175 803 1231 pauperum
845 1176 955 1218 non
993 1161 1193 1220 debere
1239 1165 1458 1236 negligi,
1525 1181 1661 1236 quas
1707 1174 1890 1237 potest

277 1249 494 1320 justitia
522 1251 796 1308 comitari.

752 1364 1090 1422 EPISTOLA
1127 1365 1409 1424 XXXVIII.

695 1472 926 1514 νωιωιι
957 1473 1328 1516 τυκοοοῐιιευε
1355 1477 1481 1516 κει.

281 1543 543 1618 Praecipit
585 1558 644 1603 ut
679 1548 879 1603 nullam
901 1551 1219 1634 uiolentiam
1249 1552 1314 1605 ab
1350 1552 1577 1608 exercitu
1605 1553 1724 1624 ﬁeri
1750 1553 1885 1608 Ave~

859 1632 1014 1676 mane
1041 1632 1290 1692 patiatur.

357 1705 616 1776 Quamvis
663 1709 884 1782 pietatis
931 1720 1133 1767 nostra:
1173 1722 1390 1770 constet
1429 1729 1554 1772 esse
1593 1724 1782 1773 votum
1831 1725 1891 1773 ut

2062 508 2254 577 ferant.

2059 596 2316 665 Quamvis
2355 615 2572 658 sensum
2615 596 2816 658 nostra:
2859 604 3078 674 pietatis
3122 604 3279 660 turba
3306 603 3587 674 multiplex

1987 690 2331 760 cogitationis
2378 693 2626 760 intraret,
2661 704 2718 752 et
2762 697 3004 754 diversas
3049 699 3201 769 regni
3228 707 3412 771 partes
3453 716 3588 755 con~

1987 791 2140 839 sueta
2175 781 2462 840 sedulitate
2509 787 2824 857 respiceret,
2875 788 3068 846 festiue
3117 799 3300 847 tamen
3346 793 3586 847 remedia

1989 887 2182 935 vestra:
2206 880 2455 937 utilitatis
2477 883 2789 954 aSpeximus
2813 902 2826 939 :
2851 885 3107 956 quoniam
3137 891 3280 958 apud
3309 887 3585 943 conscien-

1987 972 2120 1028 tiam
2163 983 2406 1030 nostram
2444 975 2678 1031 ltesionis
2702 991 2873 1046 genus
2899 985 3001 1044 est,
3031 978 3310 1051 profutura
3351 978 3584 1044 tardare,

1988 1079 2089 1120 nec
2142 1081 2429 1136 possumus
2481 1068 2753 1124 aestimare
2803 1067 3126 1138 jucundum,
3184 1069 3328 1140 quod
3382 1070 3586 1140 ingrata

1987 1155 2146 1212 fuerit
2171 1157 2431 1216 dilatione
2459 1177 2801 1232 suspensum.
2829 1162 2965 1218 Nam
2987 1163 3425 1249 excrescentibus
3452 1180 3588 1219 mor-

1986 1249 2070 1305 bis
2098 1251 2246 1306 Imsio
2275 1252 2597 1310 debacchari
2627 1256 2978 1326 permittitur,
3018 1272 3140 1313 cum
3185 1256 3454 1313 medicina
3481 1254 3588 1311 dif-

1988 1341 2178 1397 fertur.
2226 1341 2395 1399 Vobis
2439 1344 2624 1417 itaque
2671 1347 2854 1402 bostili
2901 1348 3184 1404 ferocitate
3221 1348 3443 1404 vastatis
3490 1364 3590 1419 pro

1989 1433 2251 1501 qualitate
2281 1435 2518 1492 lmsionis
2565 1453 2664 1508 per
2709 1438 3058 1496 indictionem
3107 1449 3356 1512 quartam
3393 1441 3471 1514 (id
3514 1450 3591 1495 est

1990 1540 2129 1579 anno
2167 1524 2359 1582 Christi
2401 1525 2528 1602 5H)
2580 1529 2874 1585 relaxatam
2927 1532 3205 1601 agnoscite
3250 1532 3586 1588 tributariam

1990 1611 2320 1672 functionem
2363 1635 2377 1670 :
2417 1619 2546 1688 quia
2600 1636 2710 1676 nou
2756 1622 3090 1690 gratulamur
3133 1624 3393 1694 exigere,
3443 1623 3590 1692 quod

1993 1707 2159 1763 tristis
2187 1709 2430 1765 noscitur
2470 1711 2681 1768 solutor
2711 1711 2926 1768 offerre.
2953 1712 3034 1769 Ita
3073 1722 3256 1770 tamen
3285 1723 3346 1770 ut
3388 1715 3456 1770 de
3485 1715 3591 1768 illis

282 1797 488 1869 ubique
511 1800 714 1869 civilia,
745 1801 946 1872 ubique
972 1803 1251 1860 moderata
1278 1815 1626 1878 peragantur,
1650 1809 1885 1866 maxime

2001 1815 2110 1870 quae
2139 1808 2354 1856 constat
2388 1800 2613 1872 intacta,
2645 1803 2999 1860 exercituales
3018 1802 3275 1874 juventur
3299 1818 3549 1874 expensas
3573 1821 3585 1856 :

285 1893 473 1948 tamen
503 1893 642 1950 bene
668 1894 784 1962 geri
813 1893 915 1969 (ed.
949 1893 1076 1951 Niu.
1113 1907 1165 1951 et
1197 1896 1376 1966 Gann,
1407 1899 1590 1972 agere]
1631 1910 1885 1971 optamus

285 1981 342 2037 in
368 1982 683 2052 regionibus
709 1982 1004 2042 Gallicanis
1031 2003 1044 2040 :
1078 1987 1169 2042 ubi
1195 1997 1254 2043 et
1292 2005 1484 2046 recens
1511 1993 1746 2048 vastatio
1773 2009 1883 2049 non

283 2082 472 2146 portat
508 2074 781 2146 injuriam,
813 2086 871 2132 et
905 2077 1022 2147 ipsa
1052 2078 1204 2133 initia
1235 2079 1374 2136 bene
1412 2081 1658 2151 plantare
1685 2083 1887 2140 debent

285 2165 460 2220 nostri
487 2165 723 2222 nominis
743 2164 962 2222 famam.
987 2165 1252 2238 Principis
1278 2170 1542 2240 siquidem
1573 2175 1885 2244 opinionem

283 2255 447 2326 longe
475 2257 694 2330 lateque
731 2257 1058 2318 disseminat
1089 2261 1456 2330 subjectorum
1495 2266 1763 2322 custodita
1793 2283 1884 2324 se-

283 2349 525 2416 curitas;
571 2357 630 2404 et
675 2349 768 2405 ubi
813 2351 1092 2407 exercitus
1138 2352 1408 2422 dirigitur,
1453 2370 1562 2410 non
1608 2357 1885 2425 gravandi,

284 2437 385 2495 sed
412 2438 736 2496 defendendi
763 2457 928 2497 causa
970 2443 1149 2514 potius
1183 2444 1498 2500 aestimetur.
1543 2445 1720 2516 Atque
1760 2447 1887 2505 ideo

283 2532 542 2602 praesenti
571 2533 897 2589 auctoritate
923 2533 1258 2602 delegamus,
1300 2543 1361 2591 ut
1399 2536 1454 2591 in
1497 2537 1798 2609 Avenione,
1833 2540 1887 2595 in

282 2639 394 2694 qua
434 2625 642 2681 resides
678 2626 785 2700 [ed.
829 2624 956 2683 Niv.
999 2635 1050 2683 et
1093 2626 1270 2696 Gam.,
1309 2644 1472 2698 quam
1512 2631 1700 2704 regis],
1741 2634 1885 2688 nulla

284 2711 405 2770 ﬁeri
432 2715 688 2772 violentia
716 2717 959 2788 patiaris.
995 2717 1154 2774 Vivat
1191 2728 1380 2775 noster
1405 2723 1676 2778 exercitus
1714 2724 1890 2780 civili-

285 2815 372 2862 ter
398 2823 520 2864 cum
552 2807 843 2876 Romanis;
874 2810 1045 2880 prosit
1071 2811 1152 2866 eis
1191 2811 1462 2868 destinata
1485 2813 1758 2882 defensio;
1787 2832 1892 2874 nec

287 2898 494 2969 aliquid
521 2900 646 2958 illos
674 2916 706 2956 a
729 2903 930 2959 nostris
956 2904 1148 2962 sinatis
1175 2905 1306 2976 pati,
1338 2921 1476 2976 quos
1499 2906 1570 2964 ab
1595 2906 1778 2964 hostili
1801 2909 1889 2966 ni-

287 2990 456 3047 timur
483 2993 840 3064 oppressione
863 2993 1101 3050 liberari.

778 3123 1116 3181 EPISTOLA
1152 3125 1394 3182 XXXIX.

338 3229 514 3270 ηιιοι
539 3230 664 3270 νιιιο
691 3231 960 3283 ιιιυδτιιι,
991 3233 1215 3275 αοκευιι
1247 3230 1296 3287 ⁸,
1327 3235 1696 3279 τηεοοοιιιουε
1721 3240 1850 3280 κει.

286 3303 444 3361 lubet
470 3314 529 3360 ut
555 3308 754 3380 aurigis
783 3306 1262 3388 diedielanensibus
1286 3313 1379 3368 illa
1409 3330 1524 3386 quae
1548 3332 1660 3372 mos
1687 3319 1890 3388 priscas

798 3379 1090 3435 indulserat
1121 3383 1398 3456 largiatur.

365 3463 660 3536 Equitatis
705 3469 847 3524 ratio
889 3469 1186 3538 persuadet
1231 3483 1290 3527 ut
1332 3476 1712 3533 exercentibus
1751 3478 1890 3534 laeti-

289 3556 424 3612 tiam
452 3557 725 3629 publicam
775 3561 1222 3617 consuetudinem
1269 3578 1547 3622 servemus
1590 3569 1891 3638 antiquam,

291 3648 596 3718 praesertim
647 3663 681 3704 a
716 3651 940 3707 consule
979 3653 1310 3724 venientem,
1349 3657 1504 3726 cujus
1533 3667 1748 3714 constat
1773 3676 1893 3718 esse

289 3739 578 3809 propositi,
613 3747 672 3794 ut
691 3740 886 3796 debeat
912 3756 981 3798 ex
1006 3742 1328 3802 liberalitate
1348 3746 1556 3804 laudari
1581 3767 1594 3804 :
1619 3765 1689 3806 ne
1709 3751 1894 3807 videa-

293 3837 384 3882 tur
430 3827 574 3883 aliud
619 3829 851 3900 dignitas
899 3833 1248 3903 promittere,
1287 3845 1344 3893 et
1394 3838 1539 3894 aliud
1584 3849 1893 3898 senatorem

291 3915 435 3974 velle
489 3920 786 3991 complere.
837 3919 1105 3989 Quocirca
1157 3927 1260 3983 sub
1305 3928 1561 3998 opinione
1616 3932 1890 4000 munifici,

291 4024 518 4080 parcum
563 4026 672 4068 non
715 4011 874 4068 decet
918 4014 1146 4071 inveniri
1172 4035 1184 4070 :
1209 4019 1334 4088 quia
1377 4017 1651 4078 inumbrat
1696 4023 1894 4080 tamam

291 4100 566 4172 publicam
611 4103 667 4158 in
703 4104 928 4160 consule
957 4108 1264 4165 tenacitatis
1289 4110 1615 4168 obscuritas.
1647 4112 1895 4186 Quapro-

293 4201 420 4264 pter
437 4193 659 4251 illustris
685 4197 997 4264 maguitudo
1013 4207 1106 4253 tua
1125 4215 1159 4254 a
1187 4199 1676 4260 Mediolauensibus
1696 4206 1897 4277 aurigis

293 4297 402 4340 nos
430 4285 610 4341 aditos
637 4301 759 4343 esse
799 4297 1114 4358 cognoscat,
1155 4290 1247 4372 illa
1275 4292 1380 4348 sibi
1409 4295 1604 4352 vestris
1634 4298 1894 4367 tempori-

292 4375 400 4432 bus
447 4373 614 4431 fuisse
661 4376 968 4445 subtracta,
998 4393 1120 4449 quae
1165 4396 1288 4438 mos
1329 4385 1538 4452 priscas
1565 4384 1894 4456 indulserat,

292 4479 422 4520 cum
467 4474 763 4536 prtestante
807 4476 1053 4540 tempore
1095 4472 1464 4536 muniﬁcentia
1505 4475 1580 4530 sit
1622 4492 1723 4547 pro
1751 4477 1888 4548 lege.

1985 1891 2112 1960 quia
2138 1891 2261 1947 illos
2287 1892 2342 1947 in
2393 1900 2566 1949 totum
2597 1894 2815 1952 devotio
2845 1908 2954 1951 ron
2981 1895 3145 1952 debet
3173 1895 3426 1952 deserere
3456 1909 3594 1965 quos

1989 1999 2088 2054 pro
2127 2000 2188 2040 se
2231 1985 2483 2041 laborare
2520 1989 2823 2057 cognoscit.
2874 1988 3147 2046 Invalidus
3189 1998 3271 2045 est
3325 1989 3590 2060 siquidem

1982 2074 2202 2145 jejunus
2215 2075 2486 2143 defensor,
2505 2094 2606 2134 nec
2622 2080 2833 2136 animus
2855 2081 3124 2137 ministrat
3144 2081 3444 2145 audaciam,
3467 2095 3591 2136 cum

1988 2168 2160 2224 virtus
2189 2183 2457 2240 corporeo
2485 2169 2649 2227 fuerit
2677 2171 2875 2228 robore
2903 2173 3176 2230 destituta.

2524 2281 2862 2340 EPISTULA
2900 2286 3037 2342 XLI.

2165 2386 2418 2428 εἱειειιο
2441 2385 2567 2429 νικο
2595 2389 2854 2431 SENATORI
2885 2393 3252 2435 TBEODORICUS
3279 2395 3408 2434 REX.

1991 2463 2238 2521 Decernit
2268 2474 2332 2541 ut
2362 2467 2592 2541 triticum
2629 2467 2700 2523 ad
2728 2467 2940 2541 bellicas
2963 2471 3232 2541 impensas
3273 2474 3329 2527 in
3376 2472 3591 2527 castella

2063 2552 2220 2607 supra
2259 2535 2570 2590 Druentiam
2594 2539 2873 2594 constituta
2902 2557 2930 2595 ε
2951 2535 3366 2597 Massiliensibus
3391 2542 3592 2600 horreis

2063 2607 2327 2661 communi
2353 2617 2558 2676 sumptu
2589 2608 2886 2665 develtatur.

2064 2697 2371 2755 Tolerabile
2423 2697 2483 2752 fit
2531 2714 2694 2756 omne
2739 2701 2884 2771 quod
2950 2704 3198 2774 mquabili
3250 2705 3593 2762 ordinatione

1993 2789 2338 2861 disponitur,
2388 2791 2515 2861 quia
2561 2790 2790 2846 divisum
2839 2808 2979 2850 onus
3025 2795 3126 2850 sub
3180 2796 3592 2860 communione,

1992 2880 2266 2952 subjectos
2291 2890 2500 2938 certum
2530 2891 2614 2939 est
2635 2900 2744 2940 non
2763 2898 3010 2955 gravare.
3033 2885 3167 2942 Pars
3187 2888 3330 2942 enim
3351 2898 3595 2944 extrema

1993 2972 2063 3029 ad
2092 2989 2532 3045 unumquemque
2563 2977 2736 3043 redit,
2767 2993 2889 3033 cum
2918 2994 3128 3034 summa
3176 2981 3460 3037 universos
3508 2981 3595 3036 in-

1994 3063 2234 3119 cluserit.
2282 3061 2469 3120 Tritici
2514 3065 2700 3135 itaque
2745 3069 2982 3136 speciem
3008 3108 3024 3134 ,
3069 3084 3232 3140 quam
3277 3070 3348 3125 ob
3387 3074 3598 3126 exerci-

1918 3163 1965 3226 ρ
1994 3154 2170 3211 tuales
2193 3169 2491 3226 expensas,
2525 3164 2708 3211 nostra
2748 3157 3085 3227 providentia
3129 3159 3198 3215 de
3243 3158 3397 3215 Italia
3427 3159 3596 3216 desti-

1993 3247 2172 3313 navit,
2221 3261 2292 3302 ne
2338 3245 2560 3316 fatigata
2604 3249 2883 3319 provincia
2932 3249 3239 3320 bujusmodi
3277 3251 3598 3321 praebitione

1993 3338 2298 3404 laederetur,
2331 3340 2400 3395 ad
2428 3341 2653 3396 castella
2681 3357 2846 3413 supra
2873 3341 3186 3398 Druentiam
3205 3345 3499 3400 constituta
3529 3346 3598 3402 de

1994 3431 2416 3488 Massiliensibus
2443 3432 2654 3489 horreis
2681 3441 2896 3489 constat
2932 3450 3052 3490 esse
3080 3436 3420 3507 portandam.
3452 3436 3597 3505 Qua-

1994 3530 2218 3594 propter
2259 3521 2514 3594 jubemus
2562 3533 2624 3578 ut
2667 3525 2902 3580 studium
2935 3525 3598 3598 devehendtesupradictze
3637 3587 3642 3595 ,

1995 3613 2196 3685 speciei
2256 3615 2617 3671 communiter
2669 3617 2962 3684 subeatur;
3019 3626 3286 3687 quatenus
3349 3619 3596 3674 celeriter

2004 3705 2178 3777 possit
2205 3703 2340 3772 fieri,
2370 3706 2516 3776 quod
2538 3707 2904 3764 universitatis
2932 3709 3111 3766 studio
3129 3710 3346 3765 videtur
3369 3709 3591 3766 assumi.

2537 3838 2872 3894 EPISTULA
2912 3821 3071 3896 XLII.

2069 3946 2338 3986 INWERSIS
2367 3944 2803 3987 PROVINCMLIBUS
2850 3949 2901 3986 IN
2941 3948 3136 3990 GA‘LLIA
3179 3947 3529 3988 CONS'I'I'I'U'HS

2531 4034 2898 4078 TIIi‘LODOllICUS
2929 4039 3054 4081 IlI-1X.

2000 4114 2364 4170 Renuntint‘se
2393 4116 2594 4169 misisse
2630 4131 2696 4168 ex
2723 4111 2882 4170 Italia
2914 4113 3126 4168 bellicas
3169 4129 3426 4182 expensas
3470 4114 3598 4172 mili-

2285 4185 2441 4250 tibus,
2474 4201 2543 4240 ne
2571 4183 2758 4240 Gallia:
2779 4185 2936 4239 nimis
2966 4193 3326 4256 gravarentur.

2069 4277 2187 4334 Non
2212 4277 2516 4334 occurritur
2540 4275 2640 4332 sub
2665 4275 2906 4346 principe
2931 4273 3166 4343 benigno
3187 4272 3215 4314 δ
3241 4273 3478 4329 remedia
3495 4289 3589 4346 po-

1997 4369 2501 4439 stularesubjectos,
2514 4367 3331 4440 quoniam53supplicationem
3343 4363 3602 4437 praecedit

1998 4460 2330 4529 humanitas,
2357 4469 2413 4516 et
2432 4461 2571 4516 miro
2599 4459 2761 4516 modo
2791 4459 3092 4532 posteriora
3120 4457 3256 4513 ﬁunt
3279 4466 3405 4514 vota
3434 4473 3598 4529 quam

295 4555 530 4613 Proinde
544 4558 592 4614 s‘i
609 4559 758 4615 nullo
773 4559 1059 4618 mendacio
1079 4573 1286 4621 asserta
1307 4565 1566 4624 vitiantur
1588 4569 1708 4644 [ms.
1729 4571 1888 4642 Aud.,

2001 4554 2258 4626 praestita.
2301 4553 2480 4626 Nuper
2509 4551 2777 4624 siquidem
2824 4552 2956 4607 moti
2991 4550 3232 4621 justitia,
3265 4550 3600 4621 iusseramus

290 4647 596 4722 iuvantur],
625 4650 1014 4709 sublimitatem
1045 4663 1280 4714 vestram
1307 4659 1462 4731 sequi
1507 4662 1763 4718 convenit
1800 4679 1896 4720 ve-

295 4747 572 4810 tustatem,
603 4759 724 4816 quae
754 4760 855 4802 suo
899 4747 1134 4818 quodam
1165 4750 1467 4823 privilegio,
1509 4754 1658 4810 velut
1685 4755 1887 4822 debita,

293 4847 420 4901 qua:
463 4832 736 4892 donantur
779 4839 1045 4908 exposcit.
1077 4839 1190 4898 Nec
1225 4841 1355 4899 licet
1399 4847 1621 4918 negari,
1667 4849 1812 4918 quod
1841 4859 1894 4906 te

293 4924 581 4992 cognoscis
605 4924 706 4981 sub
735 4926 1056 4996 antiquitate
1083 4930 1285 5000 largiri.

855 5017 1186 5076 EPISTOI.A
1224 5020 1339 5080 XL.

370 5123 640 5167 UNIVERSIS
683 5125 1114 5168 PBOVISCILIJBUS
1154 5129 1206 5168 IN
1257 5131 1448 5172 σΑιιιΑ
1478 5132 1828 5177 οοιηετιτυτιε

834 5217 1203 5258 τηεουοιηςυε
1230 5221 1355 5260 REX.

293 5289 712 5364 Prouincialibus
741 5290 1214 5364 Gallia:_ltostiliter
1238 5299 1474 5364 vastatis,
1499 5297 1676 5354 habita
1698 5304 1898 5360 ratione

367 5360 599 5418 Iasionis
627 5362 832 5418 relaxat
859 5362 1067 5429 tributa,
1093 5381 1155 5418 ea
1186 5374 1355 5420 tamen
1372 5360 1484 5440 lege
1506 5379 1650 5425 utea:
1671 5387 1734 5426 eo
1759 5375 1898 5446 quod

567 5509 575 5518 ο

370 5575 398 5642 _-
435 5563 561 5642 llaec
587 5563 816 5642 epistola
841 5564 1053 5621 videtur
1076 5568 1280 5642 scripta
1309 5585 1397 5625 an.
1427 5569 1526 5628 Cb.
1553 5570 1652 5628 511
1677 5589 1694 5642 ;
1739 5573 1890 5637 Felix

294 5635 442 5694 enim
465 5636 570 5691 boc
598 5635 744 5689 ὠιηο
770 5644 888 5690 erat
915 5639 1121 5693 consul.

369 5705 399 5746 δ
430 5705 651 5760 Latinus
698 5705 924 5760 Pacatus
971 5707 1022 5761 in
1075 5707 1193 5765 Vita
1243 5709 1537 5768 Theodosii
1590 5713 1754 5771 refert
1783 5725 1892 5773 tam

295 5785 449 5834 certa
479 5775 641 5832 fuisse
671 5775 814 5854 illius
837 5775 1120 5854 beneficia,
1153 5791 1213 5835 ut
1243 5791 1356 5854 tum
1389 5795 1610 5854 accepta
1643 5787 1893 5844 videren-

299 5859 412 5916 tur,
439 5863 564 5906 cuni
591 5845 882 5920 sponderct
914 5863 928 5900 :
959 5849 1084 5920 quia
1106 5845 1236 5908 vota
1269 5845 1545 5911 hominum
1574 5872 1682 5913 non
1707 5857 1892 5929 fatiga-

2001 4654 2060 4702 ut
2088 4660 2215 4717 pars
2241 4645 2419 4716 aliqua
2449 4644 2617 4700 illaesa
2644 4643 2936 4714 provincia:
2959 4641 3152 4700 Gothis
3181 4642 3381 4698 nostris
3407 4641 3599 4698 alimo-

2000 4739 2088 4794 nia
2119 4744 2334 4809 reperta
2365 4743 2665 4808 praestaret.
2699 4734 2806 4792 Sed
2834 4737 2961 4806 quia
2989 4735 3111 4792 licet
3137 4735 3438 4807 principem
3457 4749 3600 4790 sem-

2000 4846 2100 4904 per
2137 4831 2456 4887 bumaniora
2501 4843 2728 4885 censere
2766 4827 2920 4898 (dum
2963 4827 3238 4884 varietatis
3285 4842 3395 4883 non
3434 4827 3600 4882 habet

1999 4922 2210 4988 vitium,
2239 4921 2382 4992 quod
2409 4934 2508 4992 pro
2549 4918 2816 4974 benelicio
2842 4915 3004 4972 fuerit
3033 4917 3427 4988 immutatum),
3453 4922 3511 4971 et
3541 4922 3600 4974 ut

1900 5064 1910 5075 ,
1999 5025 2104 5067 nec
2131 5010 2294 5065 nimia
2323 5022 2663 5080 possessores
2690 5007 2936 5062 illatione
2976 5015 3352 5077 gravarentur,
3395 5021 3460 5062 ex
3490 5005 3597 5061 Ita-

2000 5100 2070 5156 lia
2105 5099 2492 5156 destinavimus
2519 5098 2878 5172 exercituales
2905 5113 3192 5170 expensas,
3224 5107 3281 5154 ut
3311 5097 3377 5155 ad
3411 5095 3606 5154 defena
3705 5121 3708 5124 θ

2003 5195 2212 5251 sionem
2249 5201 2489 5250 vestram
2529 5192 2764 5248 directus
2811 5191 3080 5246 exercitus
3115 5191 3314 5247 nostris
3343 5191 3595 5247 humani-

2002 5285 2202 5342 tatibus
2254 5285 2514 5353 aleretur,
2566 5282 2852 5352 solumque
2892 5281 3150 5336 auxilium
3199 5280 3486 5350 provinciae
3527 5281 3597 5338 de

2001 5385 2116 5433 tam
2157 5387 2354 5448 magna
2379 5373 2798 5445 congregatione
2825 5371 3108 5430 sentirent.
3151 5369 3388 5430 Ducibus
3431 5372 3595 5427 etiam

2001 5590 2126 5650 ret,
2173 5599 2274 5670 ne_c
2318 5583 2600 5670 adhiberet
2642 5583 3174 5670 mgneribusnartem
3222 5581 3599 5670 dimcpllgtii.

2001 5668 2170 5778 quare
2196 5655 2496 5738 gloriantur
2542 5655 2803 5738 Arcadius
2845 5663 2904 5710 et
2947 5653 3220 5713 Honorius
3251 5655 3316 5737 ⁸ὶη
3365 5653 3401 5709 l.
3452 5651 3490 5705 2
3531 5651 3595 5708 C.

2051 5725 2213 5778 beod.
2265 5723 2342 5778 De
2388 5725 2586 5778 inﬁrm.
2618 5726 2703 5778 his
2729 5725 2975 5778 numrwb
3002 5731 3131 5778 tvr..
3176 5725 3267 5778 ubi
3315 5723 3595 5778 proﬁtetur

2051 5723 2217 5804 beod_.
2265 5723 2350 5804 De
2388 5725 2586 5804 inﬁrm.
2618 5724 3267 5804 bis_quat_rwb_tyr.,_‘ubi
3310 5723 3600 5804 proﬁtetur
3677 5798 3682 5804 ⁴

2002 5809 2122 5852 sese
2150 5795 2296 5852 ultro
2319 5795 2533 5856 deferre
2561 5795 2829 5856 beneﬁcia
2853 5795 3274 5869 inepinantibus.
3309 5795 3500 5852 Ross.

2859 5992 2878 6006 \-

2883 6009 2916 6028 τι
