3974 6378
1429 349 1452 370 .
1502 311 1864 369 νΑιιιΑειυΜ
1903 314 2108 371 LIBER
2145 317 2229 374 ιιι.

3408 337 3516 394 60⁸1

221 419 336 477 bris
356 418 626 476 ordinatio
651 430 841 493 gerat,
870 423 915 480 si
944 438 1156 480 morum
1185 425 1428 496 probitas
1449 435 1642 483 cuncta
1667 442 1818 482 com-
1850 431 1890 488 Α
1989 435 2224 514 ecclesiis
2268 437 2574 514 refugisset.
2607 455 2812 514 penam
2849 445 3034 514 capitis
3079 449 3265 504 exsilio
3292 449 3348 506 in
3385 450 3518 510 γαι-

219 512 434 584 ponat?
468 512 634 568 Arida
677 515 896 572 siccitas
943 516 1212 573 madentis
1267 518 1458 588 pluviae
1497 518 1816 575 beneﬁcium

219 611 466 674 exoptat.
506 603 808 661 Salutil'eris
837 607 1172 663 medentium
1204 610 1452 665 manibus
1477 611 1580 666 nisi
1607 612 1818 666 inﬁrma

216 695 474 751 valetudo
497 711 608 752 non
640 697 862 765 indiget.
913 698 1006 754 Sic
1032 701 1158 754 dum
1189 701 1542 756 imbecillitati
1571 718 1818 758 succum-

219 786 386 853 bitur,
437 789 817 843 :onvenienter
848 791 1085 844 remedia
1117 792 1441 847 tribuuntur.
1476 791 1818 864 Quapropter

217 878 434 934 casibus
477 880 683 950 asperis
727 883 1088 951 priestandum
1119 893 1204 939 est
1247 885 1347 940 sub
1387 885 1610 955 justitiaa
1657 885 1817 944 laude

217 967 601 1037 moderamen;
658 980 718 1026 ut
767 987 868 1028 nec
918 973 1212 1029 vindictam
1268 975 1506 1032 sinamus
1555 991 1816 1050 superare

214 1067 468 1130 peccata,
499 1077 604 1116 nec
647 1063 862 1133 culpam
890 1063 1149 1120 insultare
1177 1066 1449 1136 patiamur
1475 1067 1683 1137 legibus
1714 1069 1816 1123 im-

217 1151 485 1221 punitam.
522 1151 674 1210 Datis
728 1155 913 1224 itaque
959 1157 1209 1226 precibus
1236 1157 1514 1226 allegasti,
1543 1159 1646 1214 viri
1689 1175 1814 1231 spe-

213 1243 433 1301 ctabilis
479 1242 745 1313 Venantii,
801 1247 1053 1304 Lucaniae
1104 1258 1179 1326 et,
1208 1249 1516 1306 Brutiorum
1573 1253 1815 1323 prmsulis

213 1329 432 1406 [Juret..
446 1335 502 1390 id
514 1347 610 1401 est,
627 1337 1000 1410 correctoris],
1012 1338 1261 1395 odiorum
1275 1349 1330 1396 te
1349 1341 1644 1398 acerbitate
1663 1357 1814 1398 com-

212 1440 484 1496 pressum,
513 1429 772 1486 custodiae
798 1431 964 1500 longo
991 1435 1098 1491 situ
1128 1434 1486 1502 laborantem,
1519 1435 1574 1490 in
1597 1435 1811 1493 confes-

212 1515 428 1573 sionem
467 1527 654 1592 raptus
685 1521 885 1578 adulta:
910 1525 1102 1595 puellm
1128 1525 1427 1582 Valerianze
1451 1525 1618 1584 fuisse
1655 1543 1810 1585 com-

212 1608 466 1680 pulsum;
495 1619 558 1666 ut
581 1613 785 1681 gratius
811 1614 970 1671 fuerit
991 1632 1142 1687 spem
1167 1619 1288 1675 citae
1315 1619 1506 1676 mortis
1530 1629 1807 1692 expetere,

211 1715 380 1772 quam
409 1711 803 1760 tormentorum
841 1708 1078 1764 crudelia
1117 1711 1403 1766 sustinere.
1433 1710 1580 1768 inter
1619 1727 1808 1783 supre-

1991 507 2172 559 canias
2200 506 2422 572 insulas,
2453 525 2566 581 qua:
2593 506 2974 582 describuntur,
3000 531 3362 577 commutasse.

1989 615 2046 672 ln
2094 629 2304 688 partem
2343 629 2369 658 ⁸
2415 622 2632 692 pietatis
2678 624 2870 682 recidit
2911 628 3155 699 mitigata
3203 632 3512 705 districtio;

1918 715 1974 762 et
2001 710 2100 764 sub
2122 710 2385 768 beneﬁcio
2405 715 2560 784 punit
2585 714 2690 788 [ed.
2716 715 2767 770 N
2775 719 2842 774 iv.
2869 727 2917 773 et
2939 719 3114 789 Gam.,
3134 724 3398 798 prmstat],
3420 743 3514 800 qui

1919 815 2135 871 poenam
2160 801 2395 859 debitam
2423 806 2797 864 moderatione
2821 812 3161 870 considerata
3191 817 3512 888 palpavetit.

1915 889 2163 947 Jovinum
2194 895 2476 963 curialem,
2507 912 2667 967 quem
2712 910 2989 958 corrector
3015 902 3266 962 Lucania:
3296 907 3512 964 Brutin-

1915 999 2143 1055 rumqne
2191 987 2408 1045 humani
2447 991 2604 1046 nobis
2650 995 2890 1062 suggerit
2929 997 3205 1066 sanguinis
3249 999 3512 1058 etl'usionc

1913 1078 2176 1148 pollutum
2207 1077 2258 1148 δ,
2289 1080 2358 1136 ob
2387 1081 2492 1138 hoc
2516 1081 2660 1154 quod
2689 1095 2890 1141 mutua:
2918 1087 3288 1146 contentionis
3305 1091 3512 1148 ardori-

1922 1169 2014 1224 )us
2043 1170 2334 1234 excitatus,
2385 1171 2556 1228 rixam
2583 1174 2874 1230 verborum
2915 1191 3086 1248 usque
3133 1181 3197 1235 ad
3246 1180 3510 1240 nefarium

1915 1260 2137 1331 collega:
2188 1261 2410 1320 deduxit
2453 1265 2730 1321 interitum
2763 1285 2776 1322 :
2809 1267 2904 1324 sed
2953 1273 3203 1328 conscius
3252 1273 3378 1331 facti
3425 1277 3509 1332 sui

1913 1354 2054 1411 intra
2083 1357 2326 1413 ecclesia:
2353 1369 2503 1430 septa
2527 1358 2798 1430 refugiens
2827 1373 2876 1428 α,
2907 1363 3181 1422 declinare
3200 1383 3258 1423 se
3282 1369 3508 1426 credidit

1913 1447 2281 1518 praescriptam
2333 1449 2542 1520 legibus
2595 1453 2890 1521 ultionem,
2943 1455 3209 1515 Vulcaniae
3253 1459 3444 1519 insula:
3477 1463 3505 1502 ά

1911 1549 2174 1610 perpetua
2203 1541 2532 1612 relegatione
2556 1544 2901 1613 damnamus;
2929 1557 2988 1604 ut
3008 1559 3063 1606 et
3089 1561 3278 1608 sancto
3303 1556 3509 1628 templo

1912 1637 2271 1691 reverentiam
2310 1637 2565 1694 habuisse
2589 1639 2894 1711 videamur,
2935 1659 3037 1701 nec
3081 1646 3374 1706 vindictam
3402 1651 3508 1706 cri-

1911 1727 2154 1784 minosus
2184 1728 2378 1785 evadat
2416 1731 2470 1786 in
2499 1740 2692 1800 totum,
2724 1735 2814 1804 qui
2846 1734 3120 1793 innocenti
3149 1755 3254 1795 non
3283 1743 3510 1800 credidit
3613 1732 3626 1740 ’

209 1805 330 1895 mas.
377 1794 521 1848 enim
569 1794 876 1897 πυξιθίθηιίε
925 1801 1224 1902 {Mli-ili“.
1251 1813 1456 1902 filium
1508 1811 1596 1858 εει
1631 1803 1812 1874 P0lius
1842 1799 1888 1859 Β
1913 1837 2034 1878 esse
2077 1823 2426 1893 parcendum.
2459 1825 2656 1882 Carent
2679 1794 2928 1898 proinde
2964 1831 3141 1900 patrio
3185 1829 3340 1902 foco,
3383 1849 3506 1892 cum

211 1883 396 1953 perire
420 1899 584 1954 quam
612 1886 797 1943 vivere
829 1905 842 1942 :
875 1889 1000 1958 quia
1038 1889 1370 1948 detestablis
1402 1909 1596 1950 sensus
1623 1909 1812 1966 prens-

209 1991 332 2032 rum
361 1979 934 2038 excluditdulcissima:
951 1982 1142 2040 salutis
1167 1983 1439 2042 allectum.
1461 1982 1594 2041 Illud
1621 1987 1806 2054 etiam,

209 2068 357 2138 quod
385 2069 606 2126 minime
616 2071 824 2141 justitia
847 2081 1142 2144 pateretur,
1159 2075 1437 2144 adjiciens,
1462 2077 1807 2135 defensorum

209 2162 308 2218 tibi
337 2164 636 2234 patrocinia
682 2166 879 2236 saepius
925 2169 1220 2238 postulanti
1275 2169 1442 2226 fuisse
1491 2172 1765 2230 subtracta
1788 2213 1806 2242 ,

207 2269 334 2310 cum
377 2254 669 2312 adversarii
697 2256 952 2314 ﬂorentes
1001 2259 1221 2328 ingenio
1267 2261 1430 2314 etiam
1459 2260 1806 2320 innocentem

209 2349 266 2399 te
311 2355 536 2414 possent
575 2346 753 2416 legum
783 2347 991 2418 laqueis
1017 2349 1280 2418 obligare.
1303 2351 1436 2418 Quae
1479 2353 1804 2424 supplicatio

205 2449 331 2492 cum
378 2437 670 2496 efﬁcaciter
722 2441 960 2497 animum
1019 2455 1219 2500 nostra:
1271 2447 1488 2515 pietatis
1539 2447 1801 2517 intraret,

205 2529 576 2602 paulatimque
607 2533 673 2589 ad
698 2535 1086 2599 misericordia:
1107 2537 1229 2608 jura
1247 2538 1579 2607 deﬂecteret,
1609 2556 1805 2598 oecur-

204 2620 276 2675 rit
303 2619 613 2678 Brutiorutn
642 2626 886 2696 praesulis
928 2627 1090 2683 missa
1137 2630 1360 2696 relatio,
1392 2647 1516 2703 quae
1538 2632 1805 2704 privatam

202 2711 584 2782 allegationem
611 2717 884 2786 tragoedia:
907 2734 1018 2775 suae
1047 2734 1184 2780 voce
1209 2725 1569 2794 compressit:
1600 2741 1804 2798 negan—

201 2803 273 2888 do
297 2806 443 2861 credi
463 2815 651 2863 contra
683 2809 840 2866 ﬁdem
871 2812 1138 2881 publicam
1165 2813 1429 2872 fallaciter
1454 2817 1799 2888 supplicanti.

200 2885 445 2959 ideoque
467 2893 813 2962 asperitatem
839 2910 1017 2966 paena:
1043 2906 1232 2954 nostra
1259 2899 1484 2958 lenitate
1511 2885 1800 2972 mouimus,

199 2989 504 3038 statuentes
542 2990 601 3037 ut
639 2998 708 3039 ex
753 2985 840 3042 die
886 2987 1082 3056 prolati
1111 2989 1347 3057 oraculi,
1394 3007 1493 3047 sex
1535 2996 1800 3050 mensium

199 3073 425 3144 patiaris
466 3075 735 3132 exsilium.
764 3078 841 3134 ita
873 3086 930 3135 ut
973 3080 1105 3137 nulli
1133 3090 1257 3152 post
1283 3085 1572 3143 constituta
1616 3097 1800 3144 nostra

1912 1915 2170 1971 exitiabili
2225 1916 2466 1974 victurus
2508 1919 2756 1975 incendio
2785 1938 2798 1974 :
2828 1921 2916 1976 ubi
2957 1923 3166 1978 viscera
3194 1932 3354 1980 terra:
3397 1942 3506 1982 non

1908 2007 2199 2077 deliciunt,
2257 2025 2381 2066 cum
2439 2020 2518 2067 tot
2569 2013 2779 2068 saeculis
2839 2013 3042 2084 jugiter
3093 2027 3502 2076 consumantur.

1909 2097 2148 2155 Flamma
2174 2101 2436 2171 siquidem
2466 2102 2567 2157 ista
2599 2111 2833 2167 terrena,
2863 2119 2983 2175 quae
3008 2105 3234 2176 alicujus
3261 2109 3506 2180 corporis

1907 2191 2284 2246 imminutione
2311 2192 2566 2256 nutritur,
2599 2193 2644 2248 si
2675 2209 2782 2248 non
2808 2193 3062 2262 absumit,
3093 2197 3456 2268 exstinguitur
3486 2216 3500 2254 :

1905 2281 2063 2337 ardet
2087 2281 2342 2339 continue
2368 2282 2512 2339 inter
2541 2282 2712 2340 undas
2753 2284 2964 2341 medias
3003 2288 3204 2344 montis
3231 2290 3507 2362 quantitas

1906 2371 2203 2440 indefecta;
2227 2387 2328 2428 nec
2348 2372 2632 2440 imminuit,
2663 2374 2809 2445 quod
2838 2376 3036 2433 resolvi
3058 2393 3218 2448 posse
3237 2381 3500 2450 sentitur;

1904 2461 2112 2518 scilicet
2155 2463 2283 2534 quia
2327 2471 2534 2518 natura:
2578 2463 2967 2523 inextricabilis
3009 2469 3252 2538 potentia
3292 2477 3501 2526 tantum

1906 2553 2169 2609 crementi
2197 2552 2444 2610 cautibus
2471 2555 2706 2626 reponit,
2736 2567 2998 2626 quantum
3045 2558 3122 2614 illi
3149 2575 3318 2618 vorax
3365 2561 3504 2634 ignis

1905 2643 2188 2701 ademerit.
2221 2643 2356 2700 Nam
2398 2645 2852 2717 quemadmodum
2898 2664 3029 2705 saxa
3056 2649 3345 2708 incolumia
3373 2667 3499 2724 per-

1904 2745 2208 2803 manerent,
2237 2737 2284 2792 si
2330 2752 2548 2809 semper
2572 2737 2711 2810 ignis
2738 2741 2974 2796 adunata
3003 2741 3368 2814 decoqueret?
3395 2741 3502 2802 Po—

1907 2829 2073 2884 tentia
2102 2829 2364 2898 siquidem
2394 2829 2577 2886 divina
2621 2831 2700 2887 sic
2727 2830 2794 2887 de
2821 2834 3108 2892 contrariis
3151 2835 3314 2892 rebus
3337 2836 3502 2892 mira-

1903 2919 2083 2975 culum
2123 2918 2253 2974 facit
2297 2935 2418 2976 esse
2466 2931 2816 2993 perpetuum,
2848 2933 2908 2980 ut
2952 2926 3134 2996 palam
3179 2935 3500 3000 consumpta

1903 3012 2282 3070 occultissimis
2310 3013 2576 3070 instauret
2601 3017 2924 3087 augmentis,
2959 3033 3079 3090 quae
3106 3019 3224 3075 vult
3243 3021 3500 3094 tempori-

1902 3097 2002 3158 bus
2021 3112 2168 3158 stare
2191 3103 2478 3160 diuturnis.
2507 3104 2706 3160 Verum
2737 3121 2860 3162 cum
2889 3115 2946 3166 et
2973 3108 3065 3163 alii
3094 3119 3308 3166 montes
3333 3111 3500 3168 moti-

198 3165 302 3266 δαξ)
365 3165 630 3272 ρυξῖίξεῐ.
667 3167 1114 3272 ίηιεξρτθξδῑίςηθ
1179 3173 1275 3230 tibi
1303 3174 1497 3272 _lic_ei_l‘
1557 3177 1796 3272 οδὶξοθΐϐ
1825 3168 1869 3230 C
1898 3193 1999 3249 bus
2026 3194 2301 3265 vaporatis
2330 3205 2649 3265 exmstuent,
2700 3165 2899 3254 nullus
2925 3198 3086 3254 simili
3130 3165 3498 3272 appellatione

198 3255 410 3311 crimen
446 3255 717 3314 infamiae:
749 3253 964 3331 quando
1004 3260 1088 3319 fas
1115 3272 1200 3320 est
1235 3265 1465 3338 principi
1493 3267 1797 3326 maculosas

199 3355 360 3402 notas
396 3349 596 3405 vitiatae
624 3352 893 3423 Opinionis
920 3353 1251 3424 abstergere.
1299 3356 1406 3422 Sed
1453 3357 1560 3415 hoc
1601 3368 1796 3417 exacto

198 3444 449 3508 tempore
488 3441 676 3531 patriae
714 3442 984 3514 rebusque
1009 3447 1263 3504 omnibus
1308 3446 1607 3505 reformato
1645 3449 1792 3531 {Alit}

196 3527 547 3606 deformato],
565 3531 654 3603 jus
677 3533 772 3590 tibi
800 3535 874 3591 sit
897 3535 1127 3593 liberum
1155 3553 1320 3602 omne
1341 3540 1486 3610 quod
1511 3527 1793 3610 primitus:

196 3623 327 3694 quia
351 3621 499 3680 nulla
521 3631 574 3682 te
597 3625 952 3696 ingemiscere
969 3629 1154 3700 probri
1182 3629 1468 3690 adustione
1492 3644 1794 3700 censemus,

197 3725 362 3782 quem
409 3714 697 3785 temporali
744 3717 994 3774 volumus
1045 3719 1240 3777 exsilio
1287 3721 1538 3779 detineri.
1571 3720 1792 3780 Pmnam

197 3806 360 3862 trium
379 3805 636 3865 librarum
656 3812 774 3868 auri
795 3811 1146 3871 nihilominus
1166 3815 1582 3881 comminantes,
1606 3817 1652 3873 si
1671 3815 1795 3887 quis

196 3910 294 3957 aut
314 3901 607 3973 obviando,
629 3914 724 3962 aut
740 3906 896 3964 aliter
915 3907 1286 3980 intelligendo,
1300 3925 1534 3981 presens
1548 3920 1792 3968 nostrum

195 3996 408 4052 violare
432 3999 720 4057 tentaverit
745 4001 1115 4058 constitutum.
1142 4000 1253 4059 Sed
1272 4005 1528 4076 quoniam
1546 4005 1663 4062 hac
1681 4015 1794 4062 sta-

197 4094 315 4142 tuta
344 4086 412 4142 ad
440 4087 758 4147 innocentes
797 4091 1047 4149 nolumus
1073 4108 1244 4164 usque
1290 4096 1570 4167 protendi,
1598 4111 1667 4152 ne
1695 4111 1792 4153 sua

195 4180 394 4253 cuique
409 4182 631 4240 minime
649 4183 893 4242 videatur
911 4185 1215 4255 ignorantia
1234 4187 1517 4258 profuisse,
1541 4191 1793 4260 praesenti

194 4276 524 4331 auctoritate
547 4290 644 4334 eos
671 4290 702 4332 a
729 4275 1014 4334 formidine
1041 4278 1368 4348 liberamus,
1396 4295 1532 4350 quos
1561 4289 1620 4337 ut
1664 4291 1794 4354 pote

195 4366 535 4434 nescientes,
583 4367 637 4423 in
667 4367 858 4424 eadem
885 4383 1050 4425 causa
1076 4369 1322 4441 quolibet
1347 4372 1470 4428 loco
1509 4373 1600 4428 vel
1647 4382 1791 4429 tem-

195 4471 334 4528 pore
375 4456 682 4514 interfuisse
734 4459 1056 4516 constiterit.
1111 4461 1312 4517 Similis
1365 4462 1507 4518 enim
1577 4465 1792 4522 videtur

194 4550 460 4620 absentis,
487 4553 583 4622 qui
605 4552 994 4612 conscientiam
1023 4555 1298 4610 criminosi
1327 4570 1438 4611 non
1459 4556 1642 4632 habet.

698 4665 1032 4722 EPISTOLA
1073 4665 1277 4724 XLVII.

289 4771 495 4812 ηυδτο
531 4773 822 4814 νηποτο
853 4775 1134 4816 ΡΒΕΤΟΠΙΟ
1162 4776 1528 4818 τπεουοηιουε
1556 4778 1684 4818 REI.

194 4845 394 4904 Scribit
423 4863 480 4902 se
499 4845 688 4907 Iovino
715 4850 930 4922 collega:
955 4851 1195 4917 occisori,
1227 4868 1286 4908 eo
1313 4851 1450 4947 quod
1475 4854 1616 4907 intra
1641 4863 1791 4924 septa

269 5081 298 5112 ³
327 5071 468 5145 Casu
507 5073 646 5130 facta
686 5072 858 5130 caedes
901 5074 1237 5145 indulgetur;
1279 5077 1538 5132 consultae
1577 5093 1684 5134 non
1731 5075 1790 5132 iit

191 5145 390 5214 gratia.
423 5143 536 5200 lmo
563 5159 694 5200 excc
736 5153 789 5198 ta
819 5160 930 5200 sem
972 5160 1032 5199 cr
1062 5143 1246 5200 'intelll
1286 5146 1412 5214 itur,
1494 5147 1581 5202 uia
1612 5147 1789 5218 capite

194 5214 519 5270 vindicatur.
554 5215 590 5270 l.
623 5215 672 5270 l.
777 5215 831 5270 5.
864 5215 900 5268 l.
1020 5214 1057 5268 l.
1091 5215 1204 5270 ’1.1.
1319 5163 1692 5270 Cod.q'l'beod.
1719 5218 1788 5270 de

194 5214 519 5286 vindicatur.
554 5215 590 5270 l.
623 5215 672 5280 l,
703 5214 739 5270 l.
777 5215 831 5284 5,
864 5214 988 5286 1ηᾷ,
1020 5214 1057 5268 l.
1091 5215 1204 5286 ’1,1.
1237 5214 1290 5280 8,
1319 5216 1452 5272 Cod.
1473 5214 1694 5274 Tlieodl
1719 5218 1788 5274 de

193 5284 547 5370 lndulgentiis
573 5281 878 5370 criminum.
910 5281 1074 5370 fons.
1130 5281 1165 5370 '_
1211 5356 1224 5368 .
1304 5355 1347 5370 ﬁ
1389 5355 1423 5370 ,Δ
1601 5357 1660 5370 Μ
1701 5358 1714 5370 ο

271 5356 296 5394 δ
325 5355 589 5424 Praeclare
636 5357 880 5412 Lactant.
913 5355 1004 5412 lib.
1047 5371 1088 5424 ι,
1117 5365 1172 5412 et
1211 5356 1263 5411 in
1304 5355 1554 5424 Epitome
1600 5357 1776 5414 Divin.

193 5425 371 5498 instit.
389 5423 545 5498 _Plat.
573 5426 663 5498 lib.
686 5443 741 5482 tx
769 5426 844 5482 De
883 5425 1065 5496 Legib.
1090 5425 1226 5481 Phil.
1260 5427 1327 5482 de
1353 5423 1537 5498 Legib.
1567 5429 1782 5498 specia-

192 5497 358 5570 libus.
389 5495 738 5570 Porphyrius,
762 5495 992 5570 περίςςήξ
1017 5497 1118 5554 ἀπὸ
1141 5505 1238 5570 τῷν
1267 5495 1520 5569 ἐμψύχων
1547 5495 1778 5570 arium.

191 5566 561 5636 Imperatores
577 5566 854 5633 ‘Gratiani,
885 5568 1098 5623 Valent.
1123 5566 1358 5628 etheod
1383 5566 1542 5636 {cum
1569 5566 1782 5624 caeteris

191 5638 309 5708 reis
335 5636 529 5694 vinctis
574 5639 798 5708 crimina
847 5639 1237 5700 condonarent,
1283 5647 1613 5708 exceperunt
1655 5654 1780 5694 eum

194 5707 288 5780 qui
310 5709 617 5780 parricidali
639 5706 821 5780 furore
843 5717 1029 5780 raptus
1051 5708 1307 5780 sanguine
1330 5706 1548 5780 proprio
1561 5724 1780 5764 manum

447 5786 469 5832 t
494 5781 586 5848 qui
625 5778 885 5848 cujusque
911 5778 1142 5834 hominis
1159 5778 1315 5834 icicde
1351 5778 1650 5848 maculatus
1673 5788 1776 5834 est.

197 5785 360 5834 tinxit
412 5786 469 5834 et
494 5785 586 5848 qui
625 5785 885 5848 cujusque
913 5785 1142 5834 hominis
1168 5785 1315 5834 cicde
1351 5785 1650 5834 maculatus
1673 5788 1776 5834 est.

195 5847 240 5905 Ι.
269 5846 328 5918 6,
365 5819 662 5917 Paschalis,
695 5851 776 5904 tit.
819 5848 912 5919 38,
952 5849 1016 5905 de
1062 5849 1427 5922 intluigentiis,
1461 5848 1523 5906 C.
1569 5847 1776 5906 Theod.

1899 3297 2151 3343 censetur
2177 3287 2526 3345 aestimandus
2558 3307 2572 3344 :
2601 3289 2726 3360 quia
2757 3289 2974 3360 gravius
3013 3292 3375 3357 succenditur,
3399 3293 3496 3364 qui

1897 3377 2125 3435 Vulcani
2157 3381 2376 3436 nomine
2404 3390 2764 3452 nuncupatur.
2795 3379 3036 3438 Minatur
3053 3397 3186 3453 ergo
3206 3399 3333 3440 reus
3355 3387 3497 3457 capi-
3599 3369 3608 3389 ’

1898 3469 1968 3526 tis
1997 3470 2051 3526 in
2097 3470 2274 3528 locum
2318 3471 2630 3543 prmdictum
2673 3471 2846 3528 vivus.
2887 3471 3086 3529 Careat
3133 3489 3244 3544 quo
3295 3476 3496 3534 utimur

1895 3560 2122 3632 mundo,
2145 3562 2213 3619 de
2234 3577 2344 3634 quo
2371 3561 2602 3619 alterum
2633 3563 2842 3619 crudeli
2870 3562 3076 3634 fugavit
3094 3566 3262 3622 exitio
3286 3582 3299 3620 :
3322 3580 3494 3638 quan-

1895 3655 1966 3711 do
1991 3663 2268 3727 superstes
2294 3655 2505 3726 recipit,
2533 3654 2678 3726 quod
2701 3663 2900 3712 eventu
2930 3657 3120 3714 mortis
3141 3655 3370 3713 inﬂixit:
3401 3673 3492 3713 sa-

1893 3743 2186 3802 lamandra:
2211 3753 2498 3802 secuturus
2515 3745 2848 3818 exemplum,
2869 3761 2990 3816 qua:
3012 3747 3331 3819 plerumque
3347 3748 3497 3820 degit

1894 3833 1948 3893 in
1979 3837 2213 3906 ignibus.
2236 3833 2410 3892 Tanto
2431 3835 2575 3892 enim
2596 3835 2831 3891 naturali
2859 3835 3060 3908 frigore
3086 3839 3492 3914 constringitur,

1893 3937 1954 3985 ut
1981 3928 2210 3984 flammis
2235 3927 2548 3983 ardentibus
2568 3934 2918 3996 temperetur.
2940 3923 3149 3984 Subtile
3174 3943 3240 3985 ac
3265 3943 3492 4001 parvum

1893 4017 2112 4088 animal,
2162 4017 2382 4075 lubricis
2433 4015 2711 4074 lumbricis
2761 4019 3067 4086 associum,
3117 4017 3258 4076 ﬁavo
3305 4021 3497 4080 colore

1892 4109 2170 4168 vestitum.
2201 4105 2378 4164 Vitam
2421 4114 2642 4182 prmstat
2683 4107 2818 4174 soli,
2851 4107 2944 4180 qui
2993 4108 3246 4166 mortalia
3294 4119 3491 4168 cuncta

1893 4203 2182 4262 consumit.
2213 4203 2516 4260 Memorant
2560 4210 2744 4258 autem
2778 4202 2880 4258 aevi
2927 4201 3136 4273 pristini
3184 4211 3497 4264 servatores

1894 4300 2126 4376 “uret,
2153 4300 2289 4372 forte
2307 4304 2660 4364 scrutatores,
2689 4296 2766 4351 vel
2789 4293 3217 4370 observatores],
3241 4295 3384 4352 hanc
3407 4297 3494 4352 in-

1892 4392 2066 4450 sulam
2089 4399 2216 4448 ante
2241 4389 2346 4464 55
2361 4388 2570 4460 aliquot
2597 4403 2792 4456 annos,
2809 4389 3070 4444 undarum
3091 4395 3254 4458 rupto
3285 4395 3499 4446 terrore

1894 4485 2093 4556 ignitus
2127 4488 2150 4516 °
2175 4481 2437 4554 erupisse,
2479 4496 2602 4538 cum
2641 4477 2908 4536 Hannibal
2935 4478 3078 4550 apud
3124 4476 3368 4536 Prusiam
3399 4479 3493 4536 Bi-

1814 4543 1870 4606 D
1895 4543 2095 4652 tbynia:
2118 4543 2304 4646 regem
2329 4543 2542 4632 veneno
2570 4587 2754 4628 secum
2775 4573 2890 4646 ipse
2917 4543 3196 4643 ptignavit,
3223 4586 3290 4628 ne
3310 4579 3500 4630 tantus

1893 4671 2001 4727 dux
2027 4668 2099 4724 ad
2125 4667 2498 4724 Romanorum
2538 4663 2773 4720 ludibria
2821 4663 3150 4736 perveniret.
3192 4662 3319 4722 Plus
3367 4663 3498 4721 inde

1893 4761 2159 4828 mirabile,
2198 4769 2260 4818 ut
2303 4774 2462 4820 mons
2507 4765 2658 4814 tanta
2687 4756 3025 4814 ﬂammarum
3071 4756 3494 4827 congregatione

1891 4869 2186 4913 succensus
2203 4891 2220 4920 ,
2250 4851 2473 4908 marinis
2511 4848 2762 4906 ﬂuetibus
2788 4847 3082 4906 haberetur
3108 4846 3492 4916 absconditus;

1894 5076 1994 5186 lib;
2026 5072 2446 5202 ε’τιῖἶέῗῗῗιέι).
2473 5155 2554 5207 ix,
2587 5138 2672 5193 tit.
2701 5137 2796 5207 47,
2816 5136 2884 5207 de
2905 5137 3108 5207 bisqui
3131 5134 3493 5207 adeeclesias

1892 5215 2238 5286 confugiunt;
2266 5211 2365 5286 _l_i_b.
2381 5227 2414 5286 _t
2453 5205 2516 5266 C.
2540 5203 2789 5286 The-id,
2817 5203 2900 5261 tit.
3083 5204 3490 5286 Luithpranglus

1893 5287 1986 5342 lib.
2019 5274 2137 5354 ιξο.
2168 5274 2235 5350 9;
2265 5282 2356 5354 lib.
2381 5281 2436 5348 3,
2459 5297 2510 5336 c.
2537 5279 2589 5346 4,
2612 5294 2671 5354 _c.
2702 5276 2758 5354 εξ,
2779 5286 2918 5332 extr.
2944 5274 3262 5354 deimmunl
3285 5274 3484 5354 eccles.

1891 5344 2230 5413 Sozoinenus
2263 5353 2354 5408 lib.
2383 5344 2498 5418 vin,
2529 5344 2583 5408 c.
2612 5349 2666 5404 7.
2709 5347 2969 5404 Socrates
3015 5345 3111 5401 lib.
3163 5359 3280 5413 xm,
3327 5360 3379 5402 c.
3425 5344 3483 5402 5.

1883 5427 2290 5554 Εοῗδῧιῗῐοαηῖω
2318 5493 2535 5560 insulae,
2556 5488 2818 5546 Vulcania
2863 5487 2970 5560 olla
3021 5485 3221 5542 dicitur
3247 5483 3393 5558 apud
3419 5483 3482 5540 s.

1887 5563 2468 5692 crs
2483 5557 3074 5696 ildi’it$?.uf(iiditlbli:vrit
3105 5627 3314 5700 Lipsius
3343 5624 3489 5700 apud

1889 5708 2118 5764 Gellium
2147 5707 2239 5762 lib.
2283 5712 2453 5772 xxvn,
2485 5718 2608 5772 cap.
2644 5701 2738 5766 l0;
2785 5711 2841 5756 et
2885 5700 3142 5772 Apuleius
3170 5695 3312 5770 'pag.
3358 5695 3484 5756 1'65.

1887 5779 1978 5832 Sic
2005 5777 2314 5834 Cassiodori
2336 5770 2493 5846 epist.
2539 5771 2634 5846 50_
2651 5773 2744 5846 lib.
2783 5789 2855 5838 iv,
2888 5771 2966 5846 ait
2997 5770 3288 5828 Vesuvium
3318 5785 3476 5826 mon-
3552 5801 3582 5834 ν

1891 5859 1999 5906 tem
2018 5863 2334 5908 exarsurum
2361 5841 2576 5904 mittere
2602 5841 2794 5902 ﬂuvios
2817 5841 3127 5916 pulvereos.
