3974 6398
509 525 794 584 videbatur
818 529 1068 585 obruere.

1007 649 1342 738 EPISTOLA
1367 680 1594 738 XLvnt.

508 807 778 850 υκπικειε
813 807 1008 851 601⁸1118
1042 811 1113 849 ΕΤ
1150 809 1376 848 ιιοκΑΝιε
1404 810 1556 850 CIBCA
1595 810 1846 852 VBRUCAI
1866 811 2097 854 ελετεια

733 880 841 920 ιωι
869 879 1310 921 (ιοΝειετεΝτωυε
1338 880 1702 921 TBEODOBICUS
1737 883 1864 921 REX.

510 970 708 1058 Scribit
732 991 788 1030 se
817 978 1094 1033 mandasse
1123 978 1422 1104 Leod‘ilrido
1450 980 1623 1102 cuicui
1649 989 1706 1064 ut
1728 998 1790 1064 eo
1815 981 2097 1064 impulsore

577 1059 632 1096 ιη
675 1043 871 1100 Veruca
893 1050 1128 1104 castello.
1157 1066 1256 1104 auo
1319 1049 1486 1104 desert
1522 1058 1646 1104 itur.
1675 1066 1777 1104 inst
1799 1050 1899 1104 sibi
1927 1057 2097 1104 domi-

576 1043 871 1123 iuni'eruca
893 1050 1128 1118 castello,
1157 1043 1295 1120 quod
1319 1043 1646 1117 descri5itur,
1675 1051 1777 1123 ipsi
1799 1043 1899 1106 sibi
1927 1052 2097 1107 domi-

579 1113 702 1168 cilia
725 1125 1047 1173 construant.

584 1223 790 1280 Laetitia
839 1225 998 1282 debet
1038 1243 1158 1284 esse
1184 1237 1525 1298 cunctorum,
1551 1229 1774 1300 provida
1806 1227 1978 1298 jussio
2001 1229 2098 1286 do-

507 1317 826 1374 minantium
861 1337 874 1372 :
905 1319 1124 1391 quando
1155 1319 1288 1376 illud
1337 1321 1481 1392 quod
1517 1337 1616 1378 vos
1644 1323 1901 1378 debuistis
1931 1339 2098 1394 expc.

510 1414 646 1475 tere,
669 1423 766 1464 nos
791 1409 986 1466 videtis
1013 1410 1227 1466 oﬂ'erre.
1261 1411 1400 1479 Quid
1428 1423 1512 1468 est
1534 1413 1678 1468 enim
1699 1413 1904 1483 gratius
1933 1429 2094 1483 quam

507 1497 757 1564 humanis
781 1500 941 1556 rebus
985 1501 1253 1556 cautelam
1283 1518 1498 1573 semper
1533 1503 1811 1569 adhibere,
1841 1519 1963 1574 qua:
2005 1513 2099 1559 aut

505 1588 578 1643 sit
629 1591 966 1659 necessaria,
1017 1600 1112 1647 aut
1166 1609 1276 1648 non
1327 1606 1518 1662 gravat
1566 1609 1687 1650 esse
1739 1593 2099 1664 superﬂuam?

505 1677 574 1732 Et
599 1679 722 1736 ideo
751 1679 1058 1738 Leodifrido
1087 1682 1264 1752 sajoni
1305 1693 1494 1740 nostro
1533 1685 1786 1754 prmsenti
1826 1685 2098 1754 delegavi-

506 1783 627 1824 mus
649 1769 895 1838 iussione
921 1779 980 1826 ut
1002 1771 1120 1842 ejus
1151 1773 1404 1828 instantia
1427 1773 1481 1828 in
1509 1773 1719 1831 Veruca
1748 1777 1970 1831 castello
1997 1792 2093 1831 vo-

507 1859 593 1914 bis
624 1859 898 1916 domicilia
925 1863 1282 1926 construatis;
1313 1865 1458 1936 quod
1485 1880 1518 1920 a
1547 1867 1818 1936 positione
1846 1867 1928 1922 sui
1961 1883 2094 1923 con-

505 1961 699 2018 gruum
731 1964 926 2006 nomen
975 1953 1204 2023 accepit.
1246 1952 1344 2009 Est
1389 1955 1534 2010 enim
1564 1955 1618 2010 in
1660 1955 1849 2012 mediis
1888 1959 2093 2029 campis

507 2038 740 2094 tumulus
765 2055 960 2096 saxeus
985 2041 1038 2096 in
1068 2042 1400 2099 rotunditate
1443 2060 1797 2117 consurgens,
1839 2047 1931 2118 qui
1962 2064 2088 2118 pro-

504 2128 646 2184 ceris
694 2129 952 2186 lateribus
995 2132 1145 2189 silvis
1185 2148 1394 2202 erasus,
1443 2144 1589 2190 totus
1617 2153 1772 2192 mons
1807 2139 1960 2208 quasi
1986 2154 2094 2194 una

508 2220 669 2275 turris
697 2219 954 2289 eﬂicitur;
1000 2222 1151 2292 cujus
1180 2225 1287 2279 ima
1314 2225 1597 2294 graciliora
1629 2234 1758 2281 sunt
1794 2243 1956 2298 quam
2004 2243 2092 2284 ca~

506 2311 742 2380 cumina,
761 2319 818 2368 et
837 2313 890 2368 in
921 2314 1221 2370 mollissimi
1258 2315 1406 2384 fungi
1433 2316 1596 2372 modo
1624 2318 1874 2388 superius
1901 2328 2092 2374 exten-

502 2403 668 2472 ditur,
698 2419 820 2460 cum
848 2403 1090 2462 inferiori
1136 2415 1292 2478 parte
1317 2415 1590 2464 tenuetur.
1630 2409 1806 2478 Agger
1841 2411 1955 2466 sine
1984 2410 2092 2484 [ed.

505 2489 632 2550 Nic.
679 2503 736 2550 et
761 2493 884 2560 ϐα..
933 2493 1056 2567 sub]
1087 2511 1296 2568 pugna,
1327 2498 1568 2553 obsessio
1608 2513 1800 2554 secura
1828 2517 1842 2553 :
1877 2499 1964 2554 ubi
1993 2516 2095 2556 nec

507 2584 848 2642 adversarius
871 2587 1161 2658 quidquam
1183 2597 1494 2659 praesumat,
1517 2605 1620 2645 nec
1641 2591 1877 2646 inclusus
1896 2593 2095 2662 aliquid

509 2685 857 2746 expavescat.
901 2677 1058 2734 Hunc
1105 2677 1340 2746 Athesis,
1389 2681 1531 2736 inter
1580 2677 1770 2737 ﬂuvios
1817 2683 2087 2748 honorus,

511 2768 709 2824 amoeni
734 2769 958 2840 gurgitis
983 2771 1218 2842 puritate
1239 2773 1567 2843 praeterﬂuit,
1593 2789 1807 2829 causam
1836 2784 2094 2845 prtestans

512 2859 826 2916 muniminis
855 2867 910 2914 et
937 2859 1150 2917 decoris
1181 2879 1194 2916 :
1226 2871 1459 2934 castrum
1490 2878 1627 2933 pene
1656 2863 1708 2918 in
1747 2864 1948 2920 mundo
1979 2867 2093 2920 sin-

511 2948 720 3018 gulare,
755 2958 942 3006 tenens
971 2951 1208 3008 claustra
1243 2953 1562 3023 provincias;
1615 2953 1761 3025 quod
1800 2955 1923 3010 ideo
1969 2972 2095 3027 pro-

512 3040 671 3097 batur
693 3043 863 3114 magis
883 3059 1001 3101 esse
1031 3047 1377 3118 praecipuum,
1401 3047 1524 3118 quia
1548 3046 1672 3106 feris
1697 3049 1944 3117 gentibus
1964 3066 2097 3105 con-

511 3137 620 3185 stat
645 3131 934 3203 objectum.
977 3132 1093 3190 Hoc
1142 3137 1412 3207 opinabile
1455 3138 1748 3202 munimen,
1794 3139 2092 3196 mirabilem

511 3223 875 3292 securitatem,
906 3225 990 3281 cui
1017 3225 1341 3282 desiderium
1389 3244 1498 3284 non
1523 3229 1594 3284 sit
1619 3227 1881 3296 habitare,
1931 3245 2094 3300 quam

509 3309 598 3366 vel
646 3317 904 3370 externos
950 3315 1184 3372 delectat
1213 3317 1484 3373 invisere?
1515 3317 1581 3372 Et
1623 3333 1949 3390 quanquam,
1982 3321 2094 3378 Deo

508 3399 764 3472 juvante,
818 3403 1020 3460 nostris
1075 3405 1408 3478 temporibus
1465 3408 1798 3477 provinciam
1830 3425 2094 3466 securam

509 3491 815 3559 credamus,
845 3500 1024 3549 tamen
1066 3496 1366 3566 prudentia;
1395 3497 1744 3554 nihilominus
1767 3507 1852 3556 est
1877 3515 2092 3571 cavere,

507 3578 672 3634 etiam
699 3595 820 3651 qua:
847 3596 955 3638 non
983 3591 1240 3654 putantur
1283 3601 1582 3656 emergere.
1623 3587 1909 3646 Munitio!t
1952 3597 2096 3648 trac—

508 3669 672 3726 tanda
702 3681 790 3728 est
824 3686 1042 3744 semper
1065 3675 1120 3730 in
1149 3676 1264 3732 otio
1295 3693 1309 3731 :
1341 3677 1464 3747 quia
1488 3685 1617 3734 tunc
1642 3678 1786 3735 male
1812 3681 2092 3750 quaeritur,

507 3762 726 3830 quando
772 3765 1080 3821 necessaria
1116 3763 1407 3836 judicatur.
1431 3766 1618 3838 Mergi,
1667 3769 1865 3839 quibus
1893 3785 2093 3830 nomen

507 3859 688 3907 estex
723 3850 890 3921 facto,
939 3855 1339 3914 cobabitatores
1363 3857 1612 3928 piscium,
1644 3861 1912 3932 aquatiles
1939 3863 2094 3919 volu-

505 3955 646 4009 cres,
694 3940 900 4000 futuras
945 3952 1297 4017 tempestates
1348 3950 1664 4006 naturaliter
1713 3953 2089 4023 praeﬁdentes,

503 4030 646 4088 sicca
693 4041 905 4104 petunt,
951 4043 1138 4105 stagna
1169 4038 1566 4108 derelinquunt.
1598 4039 1870 4112 Delphini,
1901 4041 2092 4102 ﬂuctus

503 4121 680 4194 pelagi
724 4134 1054 4194 metuentes,
1109 4128 1328 4185 vadosis
1393 4130 1668 4201 littoribus
1711 4133 2086 4192 immorantur.

501 4211 708 4280 Echini,
739 4217 831 4286 qui
855 4225 980 4272 sunt
1003 4218 1161 4273 mella
1191 4220 1446 4288 carnalia,
1475 4221 1740 4282 costatilis
1759 4225 2086 4295 teneritudo,

499 4317 708 4360 croceae
729 4305 936 4362 delicia:
953 4307 1131 4364 divitis
1151 4310 1334 4374 maris,
1358 4309 1487 4366 dum
1515 4310 1722 4370 futuras
1743 4319 2091 4386 tempestates

498 4395 836 4477 agnoverint,
867 4397 985 4453 loca
1005 4408 1214 4455 mutare
1236 4386 1522 4473 cupientes
1549 4403 1568 4476 (
1597 4403 1722 4473 quia
1751 4404 1858 4462 illis
1881 4421 1982 4477 pro
2002 4408 2085 4465 le-

495 4475 666 4540 vitate
683 4487 926 4558 corporis
946 4489 1104 4544 nandi
1125 4490 1270 4546 nulla
1292 4489 1482 4548 ﬁducia
1503 4475 1608 4566 est)
1636 4491 1864 4567 lapillos,
1883 4475 2089 4568 quibus

494 4591 656 4648 pares
681 4579 892 4650 possint
917 4595 1054 4649 esse,
1097 4583 1394 4654 complexi,
1439 4585 1674 4657 quadam
1723 4589 2080 4646 anchorarum

493 4668 884 4739 ponderatione
917 4671 1118 4742 librati,
1145 4675 1396 4746 scopulos
1421 4684 1634 4747 petunt,
1658 4693 1797 4749 quos
1833 4678 2082 4738 fluctibus

491 4763 770 4820 vexandos
792 4778 913 4820 esse
929 4780 1036 4822 non
1060 4767 1302 4823 credant.
1321 4767 1461 4826 Aves
1475 4770 1602 4841 ipsae
1626 4771 1858 4829 adventu
1887 4775 2081 4833 hiemis

491 4853 696 4927 patrias
714 4864 943 4913 mutant.
976 4857 1128 4914 Ferae
1154 4875 1255 4930 pro
1281 4861 1545 4930 qualitate
1590 4864 1850 4935 temporis
1881 4867 2076 4922 cubilia

489 4954 756 5018 quaerunt.
805 4945 1093 5004 Hominum
1130 4950 1436 5008 sollicitudo
1465 4969 1572 5008 non
1604 4953 1768 5010 debet
1794 4956 2080 5025 providere

489 5037 635 5108 quod
681 5047 862 5110 potest
907 5040 962 5095 in
1019 5041 1346 5098 adversitate
1395 5047 1714 5116 requirere?
1741 5047 1859 5104 Non
1903 5058 1988 5106 est
2023 5051 2078 5106 in

488 5131 690 5188 mundo
721 5131 863 5189 unde
891 5134 995 5208 [ed.
1022 5133 1147 5190 Niv.
1181 5135 1279 5191 Ca.
1307 5134 1399 5192 Gr.
1423 5147 1472 5192 et
1491 5136 1636 5210 Cuj.,
1658 5141 1832 5196 undis.
1857 5141 1955 5196 Ms.
1982 5141 2072 5211 R.,

393 5218 403 5231 ’
487 5223 544 5279 in
563 5224 763 5281 mundo
785 5225 971 5300 unum]
997 5227 1242 5282 humana:
1261 5244 1349 5283 res
1368 5231 1725 5286 mutabilitate
1741 5233 2074 5301 quatiuntur;

487 5323 546 5370 et
563 5314 686 5374 ideo
713 5317 1050 5388 providentia
1079 5319 1298 5390 dicitur,
1329 5328 1388 5376 ut
1413 5336 1534 5392 qua:
1569 5333 1698 5378 sunt
1723 5323 1902 5382 futura
1935 5336 2075 5383 trac-

485 5414 690 5464 tentur.

1717 323 1790 382 Il.
1831 324 1922 382 Ali
1930 323 2109 381 RELll
2147 325 2544 384 CASSIODOH

510 443 570 492 et
593 435 756 496 ardor
791 438 867 495 ibi
893 435 1257 494 indesinenter
1283 434 1522 508 viveret,
1557 449 1720 508 quem
1756 443 1908 493 tanta
1950 437 2096 495 unda
2124 443 2170 500 A

3695 337 3807 394 6M

2717 443 3042 502 EPISTOIA
3083 449 3268 505 XLIX.

2197 547 2490 589 HONORATIS
2527 551 2942 605 POSSESSORIBUS,
2970 555 3354 598 ιδεγεκςυηωυε
3385 559 3450 598 ET
3484 559 3808 602 CURIALIHUS

2407 620 2726 661 CATANENSIS
2751 624 3015 664 CIVITATIS
3047 628 3414 670 τιιεουοιιιοιςε
3444 631 3580 671 REX.

2199 693 2460 775 Permittit
2477 705 2534 775 ut
2558 699 2705 775 sauia
2724 714 2790 752 ea:
2819 701 3196 775 amphitheatro
3215 703 3375 775 longa
3403 714 3667 762 vetustate
3693 712 3806 764 cot-

2349 766 2534 850 Japsis
2562 767 2632 820 ad
2654 784 2829 824 muros
2854 766 2997 826 urbis
3027 766 3350 844 reparando}
3380 786 3627 832 utantur.

2266 873 2530 949 Optabilis
2556 880 2714 936 nobis
2743 889 2828 936 est
2855 891 2912 938 et
2956 893 3110 952 grata
3138 885 3392 957 devotio,
3423 903 3551 958 qua:
3595 893 3805 949 bonam

2193 971 2872 1044 pwcesseritjussionem;
2902 985 2958 1030 et
2983 979 3177 1034 merito
3205 988 3494 1050 acceptum
3523 983 3802 1053 redditur,

2195 1062 2244 1118 si
2287 1061 2343 1120 id
2389 1061 2534 1130 quod
2573 1078 2859 1133 possumus
2898 1065 3186 1137 imperare,
3229 1080 3510 1140 poscatur.
3542 1073 3806 1132 Felicitas

2196 1153 2341 1208 enim
2370 1157 2643 1223 regnantis
2669 1164 2774 1224 est,
2798 1157 3118 1216 famulantes
3139 1177 3323 1218 amare
3349 1165 3498 1234 quod
3530 1168 3801 1237 expedit:

2195 1245 2412 1314 quando
2434 1247 2590 1303 nobis
2617 1248 2772 1304 labor
2812 1251 3158 1320 cogitationis
3201 1253 3466 1324 aufertur,
3499 1256 3638 1311 dum
3671 1261 3804 1315 sub-

2197 1337 2296 1392 diti
2323 1338 2422 1393 sibi
2451 1337 2728 1409 prol‘utura
2757 1341 3070 1410 disponunt.
3115 1343 3290 1413 Atque
3334 1345 3460 1400 ideo
3491 1351 3807 1415 suggestio-

2197 1430 2281 1483 nis
2307 1437 2504 1486 vestrae
2533 1439 2722 1486 tenore
2753 1442 3058 1503 comperto,
3104 1449 3266 1503 quam
3312 1437 3590 1494 charitate
3631 1440 3804 1496 civica

2197 1520 2251 1575 in
2298 1522 2724 1578 communiendis
2771 1525 3044 1581 moenibus
3085 1529 3433 1596 suscepistis,
3487 1531 3804 1586 absolutam

2197 1612 2356 1681 hujus
2392 1613 2475 1669 rei
2503 1615 2657 1670 vobis
2685 1631 2970 1673 censemus
2995 1633 3117 1673 esse
3143 1619 3419 1675 licentiam
3449 1640 3462 1675 :
3492 1639 3600 1678 nec
3642 1626 3808 1694 quid-

2195 1717 2357 1772 quam
2385 1702 2452 1760 de
2472 1705 2574 1760 hac
2601 1720 2663 1762 re
2683 1708 2996 1772 vereamini,
3031 1709 3174 1764 unde
3219 1711 3408 1778 gratiae
3450 1723 3659 1768 nostr-tn
3703 1731 3802 1770 ex-

2127 1823 2169 1882 B
2195 1803 2442 1866 spectare
2467 1799 2684 1868 praemia
2731 1814 2860 1854 mox
2887 1799 3114 1856 debetis.
3147 1801 3337 1857 Vestra
3371 1805 3520 1858 enim
3567 1809 3804 1862 munitio

2197 1895 2383 1942 nostra
2413 1895 2498 1943 est
2519 1889 2864 1945 nihilominus
2893 1889 3187 1959 fortitudo;
3219 1900 3275 1946 et
3304 1894 3571 1963 quidquid
3607 1911 3705 1950 vos
3736 1898 3803 1950 ab

2195 1977 2404 2034 incerto
2442 1978 2624 2048 eripit,
2663 1977 2858 2033 famam
2903 1990 3104 2036 nostrae
3145 1981 3480 2039 defensionis
3527 1986 3799 2041 extendit.

2194 2066 2337 2124 Saxa
2377 2083 2528 2138 ergo,
2577 2083 2696 2138 quae
2741 2070 3026 2138 suggeritis
3061 2071 3132 2127 de
3172 2073 3584 2142 amphitheatro
3641 2077 3803 2146 longa

2193 2169 2462 2216 vetustate
2489 2161 2747 2232 collapsa,
2772 2177 2875 2217 nec
2917 2163 3121 2234 aliquid
3159 2165 3373 2219 ornatui
3413 2167 3644 2236 publico
3685 2169 3803 2237 jam

2197 2254 2478 2324 prodesse,
2517 2254 2620 2309 nisi
2649 2254 2794 2310 solas
2833 2262 3020 2326 turpes
3065 2256 3252 2312 ruinas
3276 2259 3596 2325 ostendere,
3631 2260 3806 2316 licen-

2196 2347 2326 2401 tiam
2355 2345 2510 2402 vobis
2537 2360 2725 2402 eorum
2752 2347 2806 2400 in
2836 2362 2964 2402 usus
2991 2347 3255 2402 duntaxat
3282 2348 3535 2419 publicos
3565 2349 3799 2415 damus;

2195 2448 2256 2494 ut
2281 2439 2336 2494 in
2364 2454 2644 2494 murorum
2671 2437 2862 2494 faciem
2883 2448 3087 2508 surgat,
3121 2440 3270 2510 quod
3309 2456 3420 2496 non
3453 2452 3644 2512 potest
3672 2460 3804 2514 pro-

2193 2530 2372 2599 desse,
2399 2531 2448 2587 si
2471 2529 2666 2600 jaceat.
2699 2530 2960 2598 Quocirca
2985 2532 3226 2602 perlicite
3265 2534 3517 2590 contiden
3527 2544 3615 2590 ter
3641 2538 3806 2608 quid-

2193 2623 2324 2694 quid
2351 2623 2532 2680 cautio
2569 2623 2636 2678 ad
2681 2624 2978 2690 munimen,
3010 2625 3270 2695 quidquid
3317 2638 3548 2682 ornatus
3590 2631 3807 2700 expetit

2195 2713 2263 2768 ad
2288 2714 2540 2770 decorem
2565 2731 2580 2766 :
2609 2721 2819 2768 tantum
2847 2715 3005 2772 nobis
3025 2716 3214 2772 scituri
3234 2725 3451 2785 gratum
3483 2718 3628 2786 fore,
3655 2723 3803 2792 quod

2193 2806 2388 2874 facitis,
2435 2814 2696 2876 quantum
2738 2807 2934 2864 exinde
2983 2809 3156 2878 gratia
3204 2823 3265 2867 se
3300 2819 3500 2868 vestra:
3559 2815 3806 2872 civitatis

2195 2899 2466 2954 extulerit.

2695 3011 2698 3016 ’
2779 3012 3108 3070 EPISTOLA
3151 3014 3212 3070 L.

2371 3120 2797 3162 PROVINCIALIBUS
2832 3123 3034 3162 NORICIS
3074 3123 3440 3164 THEODORICUS
3480 3127 3615 3167 REI.

2119 3182 2168 3250 C
2196 3199 2442 3278 Discernit
2467 3200 3136 3278 uirilemannorumnboues
3166 3199 3370 3278 itineris
3408 3204 3804 3278 tetigiitquitatc

2271 3272 2376 3342 56
2417 3281 2468 3326 et
2514 3270 2690 3326 labore
2733 3272 2905 3340 fracti,
2939 3270 3256 3327 Noricorum
3305 3270 3527 3328 boribus
3569 3270 3804 3333 comnm-

2219 3364 2224 3369 '
2266 3351 2456 3396 tentur.

2264 3431 2430 3488 Grate
2453 3431 2794 3502 suscipienda
2848 3439 2932 3488 est
2959 3433 3264 3499 ordinatio,
3297 3449 3420 3506 quae
3463 3437 3694 3496 dantem
3717 3442 3804 3511 ju-

2193 3533 2304 3594 vat,
2335 3534 2392 3583 et
2412 3527 2762 3598 accipientem
2789 3543 2888 3599 pro
2901 3529 3160 3600 temporis
3176 3532 3513 3589 necessitate
3535 3534 3802 3592 laetificat.

2193 3619 2326 3676 Nam
2350 3619 2472 3689 quis
2510 3627 2701 3690 putare
2723 3621 2896 3690 possit
2933 3635 3092 3686 onus,
3124 3621 3215 3676 ubi
3255 3623 3434 3692 majus
3462 3637 3722 3683 meretur
3749 3629 3802 3684 in

2193 3707 2618 3766 commutatione
2638 3709 3050 3779 compendium?
3070 3709 3140 3765 Et
3157 3711 3292 3768 ideo
3311 3717 3681 3784 praesentibus
3703 3717 3804 3774 de-

2192 3798 2462 3854 cernimus
2504 3798 2832 3868 constitutis,
2873 3807 2936 3854 ut
2961 3800 3389 3880 Alemannorum
3447 3805 3646 3874 boves,
3703 3810 3801 3880 qui

2193 3887 2447 3945 videntur
2473 3890 2825 3960 pretiosiores
2864 3899 3089 3962 propter
3121 3895 3368 3964 corporis
3404 3899 3802 3968 granditatem,

2190 3979 2287 4036 sed
2331 3979 2538 4036 itineris
2578 3979 2971 4052 longinquitate
3011 3982 3208 4039 defecti
3255 3994 3404 4051 sunt,
3450 3993 3800 4047 commutari

2189 4070 2472 4128 vobiscum
2499 4070 2682 4138 liceat,
2717 4071 2958 4128 minores
2983 4073 3199 4143 quidem
3227 4077 3514 4146 membris,
3544 4081 3646 4135 sed
3677 4083 3800 4138 ido-

2191 4175 2326 4218 neos
2352 4161 2422 4216 ad
2448 4161 2694 4228 labores;
2725 4171 2786 4217 ut
2829 4171 2886 4219 et
2920 4163 3137 4220 illorum
3184 4167 3452 4236 profectio
3483 4173 3801 4230 sanioribus

2190 4251 2508 4308 animalibus
2547 4251 2854 4322 adjuvetur,
2901 4263 2957 4310 et
2977 4257 3144 4312 vestri
3183 4259 3300 4326 agri
3329 4263 3601 4318 armentis
3630 4277 3801 4334 gran-

2189 4345 2430 4401 dioribus
2457 4344 2814 4400 instruantur.
2863 4345 2943 4401 Ita
2981 4347 3043 4402 fit
3070 4357 3132 4404 ut
3156 4349 3232 4404 illi
3263 4353 3560 4420 acquirant
3587 4355 3801 4412 viribus

2189 4436 2462 4502 robustos,
2484 4451 2584 4492 vos
2624 4435 2798 4492 forma
2838 4440 3196 4509 conspicuos;
3227 4449 3285 4497 et
3311 4443 3461 4513 quod
3493 4461 3628 4502 raro
3655 4447 3801 4504 solet

2117 4563 2165 4624 Β
2189 4539 2488 4594 emergere,
2509 4527 2564 4581 in
2591 4542 2698 4582 una
2725 4529 3058 4586 mercatione
3093 4535 3313 4602 utrique
3347 4533 3656 4593 videamini
3699 4537 3798 4594 de-

2187 4617 2423 4674 siderata
2455 4617 2776 4689 compendia
2802 4621 3130 4692 percepisse.

2743 4753 3077 4812 EPISTULA
3113 4757 3198 4814 LI.

2263 4861 2468 4902 Μυετο
2504 4863 2798 4904 ΡΒΑΕΡΕΟΤΟ
2835 4865 3114 4907 PRETOBIO
3153 4869 3532 4912 τυεουοιιιευδ
3569 4873 3708 4914 ιιι.

2181 4936 2375 5018 Scribit
2420 4936 2720 5018 Thomatem
2763 4941 3005 5012 aurigam
3049 4945 3343 5018 frequenter
3372 4947 3428 5000 in
3468 4952 3790 5018 spectaculis

2249 5009 2508 5087 victorem,
2547 5010 2639 5087 _cui
2659 5009 2835 5080 justas
2864 5009 3102 5087 annonas
3132 5015 3353 5087 largitus
3394 5009 3592 5086 fuerat,
3641 5039 3788 5076 men-

2145 5121 2188 5148 -..
2253 5087 2400 5159 strue
2425 5079 2667 5159 largitate
2707 5079 3348 5159 este_solid_andum;ftum
3376 5079 3443 5140 de
3468 5079 3789 5159 spectaculis

2253 5157 2304 5201 et
2334 5147 2547 5218 Augusti
2572 5151 2753 5220 imper.
2788 5151 2926 5206 circo
2956 5154 3070 5224 fuse
3091 5155 3339 5226 loquitur.

2253 5238 2521 5304 Quantum
2565 5240 2917 5298 histrionibus
2947 5261 3070 5300 rara
3101 5249 3409 5304 constantia
3462 5252 3788 5313 honestum-

2179 5343 2286 5396 que
2314 5338 2520 5396 votum,
2553 5339 2706 5387 tanto
2753 5334 3042 5402 pretiosior
3067 5348 3172 5404 est,
3209 5353 3335 5392 cum
3375 5340 3432 5394 in
3461 5343 3547 5398 eis
3578 5349 3787 5415 proba-

2180 5417 2302 5474 bilis
2334 5427 2667 5478 monstratur
2702 5421 2946 5480 affectus.
2986 5422 3226 5482 Charum
3253 5439 3340 5485 est
3378 5433 3532 5487 enim
3575 5436 3785 5493 homini

557 5603 601 5701 ς.
615 5604 842 5701 .lfunitio
866 5611 926 5701 in
951 5611 1212 5701 otiojiat.
1253 5613 1448 5701 ξεῃεξ.
1601 5632 1658 5682 ιι,
1683 5617 1840 5687 epist.
1875 5618 1980 5701 18-:
2009 5617 2068 5675 In
2171 5619 2324 5689 jacit,
2355 5631 2410 5701 et
2427 5638 2764 5701 supervacuo
2791 5627 2978 5701 labore
3021 5630 3268 5700 lassatur,
3302 5642 3366 5690 ut
3390 5637 3657 5698 sufficere
3687 5660 3780 5701 ne-

484 5674 610 5756 ipsa
647 5679 937 5756 securitate
964 5683 1174 5756 animus
1212 5684 1280 5756 ad
1323 5684 1556 5756 difficilia
1601 5674 1982 5756 Sept-teperet,
2016 5674 2071 5745 et

488 5752 677 5814 contra
701 5746 1186 5814 injurias-fortuna:
1215 5753 1358 5808 inter
1385 5754 1640 5812 beneficia
1672 5746 1934 5812 firmetur.
1969 5746 2072 5814 Mi-

489 5809 571 5867 les
596 5812 653 5867 in
696 5809 867 5874 media
909 5835 1042 5892 pace
1086 5821 1324 5878 decurrit
1371 5809 1634 5882 sine’ullo
1670 5809 2068 5896 hosta—vallum

2179 5693 2415 5777 cessario
2445 5695 2632 5763 possit.
2665 5696 2835 5777 Que‘m
2865 5699 2918 5753 in
2961 5703 3074 5770 ipsa
3105 5718 3165 5758 re
3194 5693 3469 5776 trepidare
3515 5693 3778 5777 nolueris,

2179 5771 2306 5846 ante
2329 5778 2440 5816 rem
2467 5779 2740 5846 exerceas.
2773 5766 3045 5846 lsocrates‘
3073 5783 3260 5846 monet
3280 5766 3780 5846 'spontaneosesse

2177 5830 2391 5889 labores
2419 5833 2714 5905 adeundos.
2747 5846 2804 5894 ut
2833 5838 3113 5899 ardentius
3140 5830 3704 5915 perferamusTF‘oI-uv.
