3974 6410
175 359 281 418 005

1452 361 1808 419 VARIARUM
1851 362 2052 418 LIBER
2090 362 2178 418 lll.

3347 360 3453 418 600

172 470 455 541 reperisse.
485 471 573 529 ubi
600 469 801 541 aliquid
826 486 886 528 se
924 471 1191 528 laudabile
1231 488 1338 527 non
1367 481 1650 542 putaverat
1674 472 1749 527 iu-
1788 481 1828 533 Α
1863 488 2164 543 temporum
2193 473 2514 544 quadrifaria
2543 474 2805 531 divisione
2845 473 3165 543 funduntur;
3207 475 3454 545 prasinus

173 562 377 617 venire.
405 562 616 618 Dudum
640 562 904 632 siquidem
944 562 1193 618 Thomati
1221 563 1446 631 aurigae,
1477 577 1545 618 ex
1570 561 1757 617 Orien-

176 651 245 706 tis
280 652 527 722 partibus
565 651 906 717 advenienti,
945 667 1188 709 annonas
1217 652 1563 708 rationabiles
1587 652 1765 707 consi-

177 738 388 796 deratio
429 749 615 795 nostra
645 741 834 809 largita
862 748 977 808 est,
1009 741 1184 797 donec
1212 740 1328 810 ejus
1355 748 1526 794 artem
1569 740 1764 810 proba-

176 848 357 887 remus
383 840 440 887 et
468 833 727 887 animum.
757 832 865 888 Sed
902 834 1158 902 quoniam
1202 834 1254 887 in
1304 833 1408 887 hoc
1448 845 1621 900 agone
1663 831 1768 900 pri-

177 936 377 983 matum
411 929 652 983 noscitur
689 928 968 992 obtinere,
1011 928 1236 996 ejusque
1273 927 1558 989 voluntas,
1590 925 1763 997 patria

177 1016 429 1074 derelicta
449 1056 464 1081 ,
498 1018 667 1073 nostri
699 1018 858 1074 sedes
886 1017 1068 1073 fovere
1096 1018 1295 1084 delegit
1323 1017 1564 1085 imperii,
1595 1032 1769 1071 mens-

178 1113 295 1159 trua
340 1122 463 1161 eum
498 1107 749 1162 duximus
797 1108 1044 1178 largitate
1084 1106 1419 1161 solidandum
1452 1126 1465 1159 :
1498 1122 1565 1160 ne
1593 1105 1768 1161 adhuc

177 1196 482 1267 ambiguum
505 1197 881 1262 redderemus,
913 1212 1071 1266 quem
1102 1196 1266 1250 Italiae
1292 1197 1624 1251 dominatum
1652 1196 1764 1250 cle—

177 1286 315 1353 gisse
346 1287 716 1354 cognovimus.
760 1285 809 1341 ls
847 1288 988 1340 enim
1020 1287 1328 1355 frequenter
1355 1287 1528 1341 victor
1556 1301 1653 1355 per
1681 1287 1767 1341 tli-

178 1392 454 1431 versorum
484 1394 576 1433 ora
604 1378 867 1439 volitavit,
903 1377 1020 1449 plus
1047 1387 1233 1432 vectus
1257 1376 1438 1431 favore
1458 1392 1618 1446 quam
1647 1392 1771 1431 cur—

177 1466 343 1521 ribus.
375 1466 626 1536 Suscepit
667 1478 874 1536 partem
905 1466 1090 1536 populi
1134 1466 1375 1536 protinus
1421 1465 1727 1521 inclinatam
1749 1506 1765 1533 ,

180 1564 234 1610 et
261 1572 400 1625 quos
431 1557 546 1626 ipse
568 1557 769 1611 fecerat
799 1559 1012 1625 tristes,
1041 1557 1301 1611 laboravit
1329 1558 1520 1611 iterum
1547 1557 1771 1612 reddere

177 1643 437 1697 lzetinres:
469 1644 628 1698 modo
650 1645 939 1713 agitatores
967 1651 1083 1698 arte
1097 1659 1391 1714 superans:
1422 1644 1582 1699 modo
1603 1659 1773 1713 equo-

175 1752 293 1791 rum
325 1736 607 1791 velocitate
637 1737 1021 1792 transccudens
1046 1746 1096 1790 ’I.
1126 1736 1447 1805 Frequentia
1473 1735 1768 1806 palmarum

1864 564 2061 619 virenti
2106 580 2291 628 verno,
2338 574 2563 621 venetus
2592 566 2788 621 nubilm
2815 567 3006 635 hiemi,
3055 583 3244 623 roseus
3279 568 3454 624 aestati

1864 655 2157 720 flammeae,
2206 657 2358 712 albus
2404 658 2661 727 pruinoso
2701 666 2960 713 autumno
2987 659 3195 716 dicatus
3234 669 3352 731 est,
3393 668 3455 717 ut

1864 749 2019 818 quasi
2050 764 2147 818 per
2173 748 2456 804 duodecim
2499 750 2648 817 signa
2685 748 2994 818 digrediens
3034 766 3205 806 annus
3248 752 3457 821 integer

1865 837 2189 904 signaretur.
2221 835 2311 892 Sic
2342 836 2572 903 factum,
2603 849 2662 892 ιιι
2684 848 2889 893 naturae
2918 840 3209 894 ministeria
3236 849 3454 911 specta-

1867 926 2110 981 culorum
2164 927 2459 996 composita
2508 926 2893 995 imaginatione
2942 926 3271 983 luderentur.
3325 928 3454 999 Biga

1868 1016 2022 1086 quasi
2050 1016 2228 1082 lunae,
2275 1016 2533 1086 quadriga
2581 1017 2713 1073 solis
2757 1017 3059 1072 imitatione
3098 1026 3310 1088 reperta
3349 1027 3451 1076 est.

1867 1106 2005 1175 Equi
2025 1107 2323 1172 desultorii,
2352 1102 2452 1177 per
2477 1124 2614 1177 quos
2641 1108 2959 1165 circensium
3000 1109 3228 1164 ministri
3261 1111 3457 1168 missos

1868 1199 2184 1255 denuntiant
2212 1201 2473 1264 exituros,
2506 1200 2711 1255 luciferi
2741 1201 3117 1270 prmcursorias
3144 1202 3459 1258 velocitates

1870 1288 2167 1343 imitantur.
2197 1288 2287 1344 Sic
2316 1288 2511 1343 accidit
2536 1297 2593 1342 ut
2619 1289 2746 1343 dum
2786 1304 2846 1344 se
2892 1290 3073 1345 colere
3115 1299 3258 1345 astra
3297 1299 3457 1360 puta-

1869 1386 2025 1445 rent,
2063 1378 2378 1445 religionem
2417 1392 2570 1433 suam
2603 1379 2804 1434 ludicra
2833 1379 3179 1437 similitudine
3207 1380 3460 1450 profana-

1869 1478 2008 1526 rent.
2039 1469 2173 1524 Alba
2211 1468 2353 1525 linea
2376 1479 2399 1507 ε
2432 1485 2540 1525 non
2575 1469 2735 1539 longe
2773 1472 2842 1526 ab
2883 1471 3037 1526 ostiis
3077 1471 3129 1525 in
3170 1480 3458 1542 utrumque

1869 1561 2112 1631 podium,
2141 1560 2294 1629 quasi
2314 1560 2498 1629 regula
2524 1559 2749 1627 directa,
2782 1561 3131 1631 producitur;
3154 1572 3213 1617 ut
3232 1562 3454 1633 quadri-

1871 1652 1952 1720 gis
1979 1650 2467 1720 progredientibus,
2491 1648 2615 1705 inde
2634 1659 2907 1706 certamen
2927 1650 3162 1706 oriretur
3191 1669 3206 1705 ε
3236 1667 3305 1707 ne
3329 1652 3457 1708 dum

1870 1756 2087 1811 semper
2110 1755 2343 1811 propere
2380 1749 2647 1796 conantur
2689 1741 2917 1809 elidere,
2958 1742 3238 1813 spectandi
3263 1744 3457 1815 volup-

175 1843 298 1884 eum
340 1829 444 1883 dici
484 1827 713 1884 faciebat
756 1827 1057 1885 maleﬁcum
1086 1826 1134 1894 ιι,
1179 1828 1319 1882 inter
1345 1842 1480 1899 quos
1507 1841 1757 1896 magnum
1792 1847 1835 1904 Β
1865 1837 2033 1894 [atem
2060 1829 2372 1885 viderentur
2400 1829 2613 1900 populis
2655 1830 2935 1899 abrogare.
2982 1830 3200 1900 Septem
3233 1832 3393 1887 metis
3434 1830 3453 1872 ί

176 1920 503 1990 praeconium
532 1920 744 1975 videtur
771 1936 891 1975 esse
916 1919 1002 2001 .ad
1039 1919 1168 1973 talia
1209 1919 1432 1974 crimina
1466 1918 1769 1988 pervenire,

175 2011 413 2067 Necesse
438 2019 522 2067 est
551 2012 693 2066 enim
723 2011 791 2067 ad
833 2011 1240 2083 perversitatem
1269 2013 1532 2081 magicam
1559 2011 1771 2077 referri,

174 2102 392 2173 quando
433 2103 659 2158 victoria
702 2116 965 2172 equorum
1009 2104 1217 2158 meritis
1245 2118 1354 2158 non
1383 2109 1562 2173 potest
1600 2101 1771 2173 appli-

174 2196 311 2253 cari.
341 2197 720 2267 Spectaculum
757 2196 1031 2267 expellens
1057 2197 1401 2268 gravissimos
1441 2211 1641 2265 mores,
1683 2197 1769 2251 in-

175 2289 355 2343 vitans
375 2287 674 2358 levissimas
702 2289 1097 2355 contentiones,
1129 2288 1409 2344 evacuatio
1449 2287 1767 2353 honestatis,

174 2374 297 2430 fons
317 2375 552 2446 irriguus
566 2374 887 2445 jurgiorum,
917 2377 1064 2447 quod
1087 2385 1328 2433 vetustas
1348 2377 1560 2449 quidem
1584 2378 1772 2434 habuit

174 2481 425 2535 sacrum,
455 2464 550 2521 sed
589 2468 926 2523 contentiosa
973 2469 1264 2539 posteritas
1304 2467 1433 2524 fecit
1470 2483 1591 2524 esse
1630 2467 1772 2523 ludi-

172 2556 349 2612 brium
380 2556 485 2628 [ac.
528 2555 834 2630 lubricum].
867 2557 1078 2615 Primus
1104 2561 1246 2616 enim
1276 2561 1381 2615 hoc
1400 2561 1540 2631 apud
1560 2559 1771 2616 Elidem

173 2648 317 2703 Asize
362 2649 633 2705 civitatem
686 2648 986 2706 Enomaus
1040 2651 1211 2708 fertur
1260 2652 1493 2707 edidisse
1552 2669 1566 2706 :
1622 2651 1771 2724 quod

173 2753 363 2813 postea
388 2739 650 2798 Romulus
678 2743 729 2797 in
757 2750 914 2813 raptu
941 2742 1283 2810 Sabinarum,
1322 2744 1549 2799 necdum
1578 2743 1771 2800 funda-

175 2832 244 2888 tis
283 2831 545 2897 aediliciis,
585 2832 839 2889 ruraliter
866 2835 1160 2890 ostentavit
1203 2834 1390 2891 Italiae.
1436 2833 1544 2891 Sed
1587 2834 1771 2897 mundi

172 2921 430 2980 dominus
456 2922 524 2978 ad
554 2924 850 2993 potentiam
886 2940 1036 2979 suam
1067 2941 1203 2996 opus
1245 2927 1543 2994 extollens,
1573 2927 1772 2982 miran-

177 3014 304 3069 dam
329 3015 491 3069 etiam
515 3013 773 3071 Romanis
802 3015 1058 3072 fabricam
1089 3017 1143 3071 in
1172 3018 1366 3073 vallem
1404 3017 1661 3073 Murciam
1689 3027 1772 3074 te-

178 3106 356 3162 tendit
403 3107 713 3176 Augustus;
761 3115 820 3161 ut
859 3108 1117 3164 immensa
1155 3109 1327 3164 moles
1371 3108 1595 3165 firmiter
1631 3125 1770 3181 prae-

174 3198 355 3252 cincta
397 3196 667 3254 montibus
710 3199 1041 3266 contineret,
1090 3198 1180 3254 ubi
1226 3212 1539 3268 magnarum
1587 3215 1766 3255 rerum
1794 3233 1839 3293 ε

178 3284 376 3342 indicia
402 3286 793 3341 clauderentur.
841 3286 1062 3342 Bissena
1110 3286 1309 3358 quippe
1346 3288 1484 3343 ostia
1523 3287 1590 3343 ad
1632 3289 1771 3345 duo-

177 3380 356 3436 decim
402 3382 552 3450 signa
598 3388 909 3451 posuerunt.
943 3379 1069 3435 Haec
1107 3382 1174 3436 ab
1215 3381 1471 3437 hcrmulis
1503 3392 1526 3421 ο
1558 3381 1771 3439 funibus

179 3469 434 3527 demissis
461 3471 635 3527 subita
673 3471 981 3542 aequalitate
1021 3472 1328 3540 panduntur
1358 3489 1371 3525 :
1404 3472 1660 3528 docentes
1689 3480 1773 3528 to-

182 3570 298 3619 tum
327 3560 456 3617 illic.
492 3569 553 3616 ut
598 3561 903 3630 putabatur,
935 3560 1161 3616 consilio
1189 3560 1322 3629 geri,
1352 3559 1443 3616 ubi
1469 3561 1645 3630 imago
1683 3577 1773 3617 ca-

181 3653 314 3725 pitis
339 3648 367 3691 ⁸
398 3652 737 3724 cognoscitur
766 3651 1000 3725 operari.
1046 3651 1269 3707 Colores
1309 3658 1488 3707 autem
1515 3652 1571 3707 in
1604 3653 1773 3708 vicem

258 3821 286 3850 ι
317 3811 560 3880 Auriga,
588 3818 649 3866 ut
687 3810 976 3866 celeriores
1004 3825 1173 3879 equos
1198 3808 1523 3876 redderent,
1555 3810 1777 3880 magicis

182 3883 394 3938 artibus
408 3878 717 3952 utebantur,
744 3890 801 3935 ut
824 3878 1076 3951 colligere
1094 3888 1178 3952 est
1197 3897 1264 3935 ex
1294 3879 1643 3952 Hieronymo,
1683 3878 1778 3952 lli-

182 3953 358 4078 i'ario,
389 3950 624 4008 Arnobio
653 3941 746 4007 lib.
796 3968 846 4015 ι,
892 3941 1041 4007 θινει
1091 3949 1127 4004 ι.
1171 3966 1254 4016 ιι,
1285 3966 1407 4020 cap.
1445 3941 1516 4004 αἱ
1549 3941 1772 4021 νιάιεβο.

220 4038 385 4078 uner.

220 4038 385 4078 διιεῖ.

261 4090 291 4132 ιι
324 4091 594 4148 Laudatur
619 4093 704 4147 hic
732 4089 929 4147 nobilis
955 4092 1157 4160 auriga,
1182 4089 1325 4159 quod
1364 4089 1525 4145 modo
1553 4089 1780 4159 agitato-

181 4178 277 4219 res
296 4171 413 4233 arte
434 4171 733 4233 superaret,
755 4170 810 4216 et
828 4160 993 4216 modo
1014 4176 1275 4233 equorum
1294 4161 1583 4233 velocitate
1606 4169 1783 4233 trans-

183 4232 449 4314 cenderet
484 4229 515 4285 τ’
532 4248 642 4314 quo
683 4229 802 4290 loco
831 4232 1124 4314 notandum
1155 4240 1239 4314 est
1266 4229 1490 4314 miriﬁce
1518 4230 1783 4314 placuisse

182 4302 243 4384 in
273 4300 602 4384 spectaculis
632 4317 890 4384 equorum
930 4300 1458 4384 celeritatem,.ade_o
1502 4309 1561 4355 ut
1601 4308 1786 4384 narret

182 4368 524 4442 Capitolinus
559 4368 781 4442 Verum,
805 4372 1185 4442 imperatorem
1223 4370 1429 4442 volucri
1471 4384 1613 4439 equo
1651 4368 1785 4442 Pra-_

183 4439 312 4498 sino
354 4457 575 4497 aureum
630 4439 976 4498 simulacrum
1022 4440 1249 4506 fecisse;
1299 4440 1591 4511 quinetiam
1618 4439 1786 4511 multi

183 4529 256 4568 ex
285 4512 639 4580 agitatoribus
667 4512 1094 4567 adversariorum
1124 4508 1659 4580 equosdatmoniaeis
1682 4508 1787 4580 imo

184 4578 586 4652 precationibus
606 4582 991 4652 impediebant,
1012 4590 1069 4635 ut
1090 4578 1217 4652 suos
1244 4579 1311 4634 ad
1339 4595 1553 4635 cursum
1575 4578 1784 4652 facilius

183 4649 550 4723 impellerent.
594 4649 806 4723 Optime
828 4651 1101 4723 Arnobius
1143 4650 1226 4723 de_
1255 4664 1532 4723 magorum
1578 4649 1782 4723 artibus

181 4718 419 4792 loquens
451 4718 795 4792 :Quis'enim
826 4721 924 4777 hos
959 4721 1163 4792 nesciat
1201 4718 1538 4774 famil'arium
1576 4718 1781 4792 dirum-

180 4787 323 4864 pere
349 4787 655 4861 charitates,
686 4792 911 4864 autsine
941 4791 1181 4846 clavibus
1201 4803 1580 4864 reserarequte
1600 4787 1784 4844 clausa

181 4859 338 4926 sunt,
369 4871 461 4916 aut
490 4878 584 4917 ora
613 4859 827 4917 silentio
857 4862 1076 4925 vincire,
1110 4869 1203 4915 aut
1231 4860 1282 4915 in
1312 4859 1591 4914 curriculis
1614 4873 1785 4927 equos

180 4931 493 5000 debilitare,
517 4932 760 4995 incitare,
794 4931 1024 4987 tardare.
1066 4929 1144 4986 Ac
1174 4930 1485 5000 Ammianus
1513 4927 1784 5000 Marcelli_-_

183 5017 292 5057 nus
342 4998 526 5056 scribit
562 5001 926 5072 Apronianum
972 5001 1281 5072 prmiectum
1332 4999 1522 5072 Urbis,
1568 4998 1785 5072 capitali

183 5069 658 5126 animadversione
706 5069 988 5127 damnasse
1016 5069 1275 5125 Hzlarium
1318 5071 1558 5139 aurigam
1598 5069 1784 5124 convi-

182 5151 335 5197 ctum
367 5156 428 5196 ac
448 5141 768 5205 confessum.
796 5141 1007 5196 vixdum
1037 5142 1413 5209 pubescentem
1437 5139 1601 5194 lilium
1626 5153 1782 5195 suum

184 5211 438 5267 venefico
467 5212 748 5267 tradidisse
768 5211 983 5266 docenti
1005 5210 1197 5263 artium
1223 5211 1543 5264 nefariarum
1572 5217 1782 5263 secreta

182 5282 402 5350 legibus
432 5281 734 5346 interdicta,
769 5289 828 5335 ut
857 5281 1001 5336 nullo
1026 5279 1245 5335 conscio
1272 5278 1607 5335 adminiculis
1630 5277 1783 5347 juva-

184 5361 347 5408 retnr
369 5352 614 5406 internis.
643 5351 830 5406 Bnoss.

184 5491 218 5548 J
267 5432 290 5461 ο
338 5421 471 5476 Vide
495 5418 716 5492 Joseph.
760 5421 1015 5489 Scaliger.
1047 5418 1197 5475 Lcct.
1236 5417 1479 5473 Ausonii.
1536 5432 1658 5488 cap.
1692 5413 1781 5470 14.

223 5508 388 5548 unm.

223 5508 388 5548 υΒΒτ.

260 5563 289 5603 ά
324 5561 591 5629 Lorippus
633 5561 724 5615 lib.
758 5579 773 5616 ι
803 5561 868 5616 de
905 5560 1101 5615 laudib.
1137 5557 1375 5629 jus-litim,
1409 5570 1546 5629 pag.
1581 5554 1681 5618 75;
1727 5563 1784 5609 et

185 5635 429 5692 Isidorus
454 5627 752 5703 E'tyinolog.
786 5632 876 5686 lib.
908 5646 1034 5703 xvru
1057 5670 1072 5696 ,
1097 5627 1215 5700 cap.
1246 5628 1310 5682 de
1337 5627 1590 5703 coloribus
1624 5642 1782 5703 equo—

185 5722 339 5770 rum;
369 5713 426 5757 et
469 5694 592 5772 ca'p.
636 5694 1217 5772 de'desultoribusget
1260 5713 1380 5772 cap.
1431 5697 1495 5751 de
1538 5694 1779 5772 obeliscg.

187 5764 331 5832 Vide
355 5764 681 5829 Suetonium
718 5786 835 5844 cap.
867 5772 926 5839 7;
970 5778 1028 5826 et
1064 5769 1290 5825 Plinium
1314 5764 1407 5825 lib.
1438 5783 1513 5835 ut,
1541 5767 1697 5835 epist.
1728 5764 1781 5819 6.

186 5846 389 5907 Itan.

1810 4611 1861 4672 D

1874 1929 2148 1977 certamen
2174 1936 2338 1977 omne
2378 1920 2671 1991 peragitur,
2722 1921 2777 1976 in
2822 1922 3222 1979 similitudinem
3249 1924 3459 1981 hebdo-

1869 2010 2041 2067 madis
2068 2012 2382 2082 reciprocae.
2407 2010 2541 2081 Ipsae
2565 2026 2694 2067 vero
2713 2021 2871 2068 metm
2888 2013 3182 2068 secundum
3207 2013 3457 2070 zodiacos

1868 2100 2103 2165 decanos
2130 2110 2312 2158 ternas
2348 2101 2595 2156 obtinent
2630 2104 2995 2172 summitates,
3028 2116 3163 2171 quas
3189 2102 3257 2157 ad
3285 2102 3455 2159 instar

1868 2192 1997 2248 solis
2020 2191 2292 2261 quadriga:
2321 2191 2528 2247 celeres
2553 2200 2933 2260 pervagantur.
2962 2191 3115 2247 Ilotae
3142 2190 3377 2248 Orientis
3396 2202 3454 2249 et

1868 2284 2176 2343 Occidentis
2216 2284 2474 2340 terminos
2517 2285 2816 2352 designant.
2849 2284 3081 2355 Euripus
3107 2286 3270 2341 maris
3295 2286 3451 2343 vitrei

1868 2378 2044 2435 reddit
2070 2377 2378 2447 imaginem,
2403 2375 2544 2432 unde
2572 2376 2697 2432 illuc
2722 2376 2956 2447 delphini
2974 2377 3210 2446 aequorei
3232 2387 3257 2425 ε
3284 2392 3453 2447 aquas

1868 2470 2202 2527 interfluunt.
2233 2467 2600 2526 Obeliscorum
2628 2482 2844 2539 quoque
2869 2467 3206 2538 prolixitates
3232 2469 3299 2524 ad
3327 2469 3451 2525 (ιωιί

1874 2562 2214 2618 altitudinem
2267 2561 2648 2627 sublevantur;
2693 2558 2788 2614 sed
2834 2558 3014 2629 potior
3053 2558 3182 2624 soli,
3233 2556 3457 2614 inferior

1870 2654 2008 2710 luna:
2043 2653 2252 2710 dicatus
2294 2661 2379 2708 est
2425 2670 2440 2706 :
2488 2651 2579 2709 ubi
2620 2666 2774 2707 sacra
2816 2652 3114 2722 priscorum
3157 2650 3460 2707 Chaldaicis

1869 2746 2054 2816 signis,
2075 2745 2228 2816 quasi
2257 2744 2452 2801 litteris
2479 2743 2802 2799 indicantur.
2825 2740 2989 2813 Spina
3018 2740 3308 2801 infelicium
3334 2756 3462 2811 cap-

1874 2836 2103 2891 tivorum
2146 2844 2349 2890 sortem
2396 2834 2641 2903 designat
2692 2851 2708 2907 ;
2755 2832 2845 2888 ubi
2889 2831 3057 2888 duces
3096 2831 3463 2888 Romanorum

1871 2940 2032 2996 supra
2076 2924 2233 2981 dorsa
2276 2924 2513 2979 hostium
2553 2923 2919 2990 ambulantes,
2963 2921 3203 2978 laborum
3244 2938 3465 2979 suorum

1872 3015 2060 3087 gaudia
2088 3022 2462 3086 perceperunt.
2494 3013 2685 3085 Mappa
2711 3012 2737 3050 ¹³
2768 3028 2920 3079 vero,
2951 3026 3073 3082 qua:
3100 3012 3310 3081 signum
3336 3012 3466 3070 dare

1871 3107 2082 3163 videtur
2117 3106 2475 3170 circensibus,
2514 3106 2607 3160 tali
2642 3120 2770 3161 casu
2802 3104 2955 3159 fluxit
2982 3104 3036 3157 in
3063 3118 3310 3160 morem:
3342 3119 3466 3160 cum

1877 3197 2018 3254 Nero
2045 3196 2326 3269 prandium
2352 3195 2727 3267 protenderet,
2757 3201 2811 3249 et
2836 3192 3166 3248 celeritatem
3184 3232 3199 3258 ,
3231 3199 3292 3247 ut
3313 3206 3465 3248 asso-

1871 3292 1968 3360 let,
1996 3291 2183 3346 avidus
2210 3287 2482 3360 spectandi
2509 3286 2738 3358 populus
2764 3282 3048 3355 ﬂagitaret,
3076 3283 3168 3339 ille
3192 3296 3462 3354 mappam,

1870 3395 1976 3451 qua
2016 3377 2288 3450 tergendis
2342 3376 2590 3432 manibus
2639 3373 2907 3440 utebatur,
2957 3371 3117 3442 jussit
3160 3371 3317 3441 abjici
3368 3385 3467 3441 per

1870 3468 2190 3530 fenestram.
2245 3472 2305 3521 ut
2345 3464 2649 3521 libertatem
2713 3461 2868 3518 daret
2916 3459 3225 3517 certaminis
3274 3467 3465 3530 postu-

1872 3560 1968 3625 lati
1997 3559 2152 3633 [alii,
2171 3555 2505 3628 postulandi;
2533 3554 2648 3621 alii,
2669 3551 2959 3625 postulanti
2989 3548 3032 3622 ].
3063 3549 3200 3606 Hinc
3240 3556 3469 3605 tractum

1873 3658 1985 3718 est,
2040 3657 2101 3704 ut
2147 3658 2367 3707 ostensa
2416 3660 2611 3719 mappa
2660 3656 2677 3683 ι
2728 3650 2875 3700 certa
2916 3641 3164 3697 videatur
3189 3654 3310 3696 esse
3338 3654 3469 3710 pro—

1949 3813 1974 3841 ο
2006 3800 2208 3857 Plinius
2234 3801 2329 3856 lib.
2384 3816 2550 3865 xxxv,
2577 3813 2707 3869 cap.
2742 3796 2838 3861 l7;
2869 3803 2926 3851 et
2963 3793 3170 3851 Seneca
3223 3793 3315 3848 lib.
3348 3808 3464 3869 nx,

1877 3874 2037 3933 epist.
2080 3872 2202 3927 109.
2231 3870 2426 3926 Juasr.
2457 3863 2661 3924 Albam"
2676 3867 2873 3922 lineam
2897 3872 3058 3933 vocat
3081 3872 3290 3933 auctor,
3325 3863 3469 3933 quod

1934 3941 2137 3997 artialis
2158 3950 2417 3996 cretatam
2454 3952 2703 4009 mappam
2726 3936 2981 4009 nominat.
3014 3932 3147 4009 Υἱός
3167 3932 3467 4009 Cedrenum

1879 4013 1934 4068 in
1958 4011 2205 4066 Historiae
2225 4002 2561 4068 Comuendid
2581 4002 2605 4061 ἐ
2638 4008 2711 4061 ibi
2738 4002 2879 4060 enim
2908 4003 3297 4059 confirmantur
3321 4009 3378 4057 et
3407 4002 3471 4055 il-

1879 4083 2177 4138 lustrantur
2190 4095 2309 4151 qua;
2331 4072 2399 4135 ab
2418 4087 2639 4135 auctore
2659 4076 2727 4132 de
2743 4089 2950 4145 mappae
2974 4072 3180 4142 origine
3199 4072 3465 4127 dicuntur.

1881 4153 2145 4278 Bafslsfide
2172 4220 2488 4277 Suetonium
2527 4218 2581 4273 in
2602 4214 2826 4272 Claudio
2855 4227 2956 4278 cap
2982 4211 3082 4278 εἰς
3113 4218 3170 4267 et
3202 4209 3465 4265 lsidorum

1883 4292 2062 4417 ξψιηί
2102 4291 2197 4347 lib.
2230 4304 2379 4357 xvm,
2408 4303 2528 4360 cap.
2560 4287 2659 4354 '50;
2689 4296 2747 4342 et
2768 4300 2890 4357 cap.
2922 4283 3010 4351 37,
3040 4283 3105 4338 de
3131 4290 3325 4353 septem
3352 4296 3474 4352 spa-

1907 4381 1991 4417 ns.
2064 4377 2227 4417 cum.

1886 4366 1991 4419 tiis.
2031 4366 2227 4418 Junnr.

1957 4443 1982 4503 β
2007 4433 2245 4503 ᾼιοὶαιιιε
2272 4427 2466 4486 Pareu.
2498 4426 2592 4503 iib.
2624 4444 2692 4503 v,_
2706 4441 2824 4496 cap.
2855 4423 2943 4478 ‘27.
2969 4421 3162 4503 June'r.
3427 4490 3439 4503 .

1957 4500 1987 4543 δ
2014 4501 2262 4574 Mappam
2285 4507 2445 4574 vocat
2462 4494 2787 4574 circensium
2805 4494 3186 4574 spectaculum,
3209 4504 3330 4574 qua:
3350 4494 3473 4574 qui-

1888 4572 2011 4629 dem
2035 4559 2153 4628 vo'x'
2163 4571 2356 4641 legitur
2379 4570 2434 4625 in
2461 4559 2921 4641 Novellisfiraecis
2950 4582 2964 4617 :
3005 4559 3249 4641 meminit
3276 4559 3475 4641 Sueto-

1887 4644 2005 4700 nius
2027 4642 2080 4697 in
2103 4631 2343 4711 Augusto
2365 4679 2381 4705 ,
2408 4654 2459 4719 ρ.
2491 4636 2588 4701 45,
2633 4638 2720 4691 ubi
2750 4635 2985 4760 loquitur
3015 4632 3085 4688 de
3112 4631 3466 4713 aurigatione,

1887 4714 2062 4760 demta
2100 4712 2251 4760 circo
2279 4721 2544 4760 maximo.
2587 4715 2748 4760 atoue
2773 4720 2803 4759 a
2842 4718 2908 4758 eo
2935 4703 3003 4758 de
3030 4717 3186 4760 equis
3214 4708 3466 4756 certanti-

1884 4714 2062 4784 deque
2100 4703 2251 4784 circo
2279 4703 2544 4784 marimo,
2587 4715 2748 4776 atque
2773 4703 2908 4760 adeo
2935 4703 3003 4758 de
3030 4703 3186 4784 equis
3214 4703 3476 4784 certanti-

1883 4770 1989 4839 bus
2007 4790 2064 4838 et
2092 4779 2444 4845 circensibus,
2474 4770 2537 4832 et
2553 4770 2957 4845 niappa,iquam_
2973 4770 3317 4845 magistratus
3344 4770 3473 4845 o_lim
3508 4812 3513 4819 .

1883 4852 2191 4915 mittebant,
2215 4849 2365 4920 signi
2377 4839 2627 4920 videlicet
2644 4839 3016 4920 dandi'gratia.
3030 4839 3291 4920 Figurate_
3307 4839 3473 4920 etiam

1882 4937 2142 4992 equorum
2177 4910 2408 4989 'agi'tatio
2435 4916 2690 4973 circensis
2734 4910 2927 4984 mappa
2967 4926 3066 5038 per
3092 4910 3472 4994 synecdochen

1882 5002 2074 5038 vneam
2103 4999 2221 5038 est-
2265 4996 2323 5038 et
2358 4988 2430 5038 ita
2458 5001 2565 5038 non
2608 4984 2771 5038 modo
2799 4982 2942 5038 auud
3002 4990 3348 5038 usumanum.
3378 4978 3472 5033 sed

1882 4978 2075 5048 vocata
2103 4999 2187 5046 est
2205 4978 2251 5055 ,⁷
2265 4996 2323 5044 et
2358 4988 2431 5042 ita
2458 5001 2565 5042 non
2608 4984 2771 5041 modo
2799 4978 2942 5053 apud
2967 4978 3348 5055 Iustinianum,
3378 4978 3474 5055 sed

1885 5047 2027 5132 apud
2053 5047 2364 5115 Juvenalem
2388 5055 2567 5139 Satyr.
2588 5054 2656 5111 12
2680 5047 3201 5178 ιιιιοὲιιθρεοὶιιίιιιι,
3227 5063 3351 5105 cum
3373 5047 3469 5111 ait,

1885 5130 2046 5178 lmlns.
2068 5130 2357 5178 circenses.
2386 5143 2479 5178 am
2503 5134 2560 5178 et
2586 5138 2765 5178 magni
2828 5131 2921 5178 lctl
2945 5130 3092 5178 sunt.
3123 5127 3180 5176 et
3202 5117 3469 5178 M03316“.

1885 5117 2046 5187 ludos
2068 5130 2357 5196 circenses,
2386 5117 2560 5199 qui'et
2586 5117 2765 5194 magni
2792 5117 2921 5179 dicti
2945 5117 3092 5189 sunt,
3123 5127 3180 5176 et
3202 5117 3478 5187 Megalen.

1884 5216 1990 5267 808,
2013 5200 2335 5267 intelligens,

2070 5309 2265 5360 Interea
2287 5306 2628 5370 Megalesiacae
2647 5300 2925 5367 spectacula
2942 5311 3159 5363 mappa;

1885 5425 1942 5472 et
1964 5416 2104 5492 apud
2131 5414 2393 5470 Senecam
2419 5428 2541 5482 cap.
2564 5409 2651 5477 50,
2758 5405 2979 5492 iraLIib.
3009 5418 3216 5492 [113,930
3234 5400 3360 5492 loco
3384 5417 3475 5492 ut

1888 5469 2311 5555 sosrleonesque
2342 5469 2535 5555 mapp'a
2548 5469 2811 5555 proritat.
2844 5469 3033 5533 Bnoss.
3066 5469 3199 5531 Vide
3239 5487 3366 5529 nov.
3409 5471 3478 5528 de

1889 5552 2240 5611 Consulibus.
2260 5552 2512 5608 Gausfet
2537 5552 2659 5607 Cm.

1968 5624 1984 5663 ί
2018 5625 2071 5679 ld
2094 5625 2253 5680 etiam
2285 5623 2450 5679 refert
2475 5620 2699 5677 Tertull.
2729 5619 2822 5675 lib.
2854 5616 2924 5673 de
2967 5615 3384 5687 Spectaclcap.
3413 5609 3479 5667 de

1892 5712 2118 5750 munere.
2151 5694 2366 5749 Servius
2395 5693 2448 5747 in
2495 5692 2586 5746 lib.
2639 5689 2853 5747 Eneid.
2892 5687 2957 5745 Et
2983 5683 3170 5745 Isidor.
3203 5683 3299 5741 lib.
3329 5694 3478 5750 mu,

1891 5780 2009 5838 cap.
2042 5764 2112 5819 24
2135 5772 2191 5821 et
2218 5780 2340 5836 cap.
2366 5762 2454 5817 ll.
2477 5761 2596 5819 Jun.
