3974 6394
489 360 593 419 607

493 473 683 532 missio

490 567 715 630 dicitur;
745 563 1036 626 circenses,
1060 561 1214 632 quasi
1243 560 1549 616 circuenses
1570 577 1586 614 :
1608 567 1896 631 propterea
1921 557 2068 629 quod

492 654 636 726 apud
679 653 1057 722 antiquitatem
1102 651 1309 718 rudem,
1365 666 1487 721 qua:
1513 651 1738 707 necdum
1765 650 2070 722 spectacula

492 746 547 800 in
577 751 825 800 ornatum
845 743 1143 798 deduxerat
1163 741 1505 809 fabricarum,
1537 743 1679 798 inter
1699 759 1856 798 enses
1880 750 1936 797 et
1972 740 2071 796 llu-

492 836 637 890 mina
667 834 801 890 locis
827 834 1124 889 virentibus
1151 843 1456 902 agerentur.
1503 834 1614 889 Nec
1642 842 1798 889 vacat
1817 832 1962 902 quod
1991 832 2071 886 vi-

492 927 625 995 ginti
653 935 886 994 quatuor
930 926 1176 982 missibus
1223 924 1250 964 δ
1295 925 1530 981 conditio
1569 926 1725 995 hujus
1767 925 2075 980 certaminis

493 1014 800 1086 expeditur,
831 1022 890 1069 ut
909 1015 1015 1068 diei
1044 1015 1328 1086 noctisque
1370 1015 1516 1069 horae
1543 1015 1636 1070 tali
1679 1031 1906 1070 numero
1929 1015 2077 1070 clau-

494 1103 770 1160 derentur-
820 1103 930 1158 Nec
965 1104 1092 1158 illud
1120 1111 1339 1173 putetur
1383 1103 1591 1158 irritum
1639 1102 1783 1174 quod
1812 1111 2075 1159 metarum

495 1195 759 1251 circuitus
791 1207 1017 1248 ovorum
1051 1193 1415 1248 erectionibus
1461 1193 1832 1262 exprimatur:
1863 1192 2078 1262 quando

498 1294 651 1340 actus
707 1285 841 1354 ipse,
896 1284 1078 1339 multis
1130 1284 1605 1354 superstitionibus
1655 1284 1941 1353 gravidus,
1991 1284 2078 1338 ovi

499 1377 767 1447 exemplo,
785 1377 1091 1445 geniturum
1114 1390 1173 1430 se
1193 1375 1370 1446 aliqua
1401 1373 1702 1446 proﬁtetur.
1733 1373 1802 1430 Et
1831 1374 1953 1430 ideo
1981 1375 2079 1428 da-

498 1477 587 1522 tur
615 1466 858 1536 intelligi,
885 1466 1172 1522 volitantes
1201 1474 1364 1536 atque
1409 1465 1932 1522 inconstantissimos
1961 1465 2083 1522 inde

497 1573 678 1614 mores
720 1559 890 1621 nasci,
922 1573 1058 1627 quos
1096 1559 1274 1611 avium
1303 1557 1566 1612 matribus
1594 1563 1934 1628 aptaverunt.
1967 1555 2086 1611 Ca:-

501 1657 619 1703 tera
657 1648 790 1704 circi
831 1647 1063 1702 Romani
1102 1648 1322 1717 longum
1359 1655 1444 1702 est
1487 1661 1738 1702 sermone
1775 1646 2083 1712 decurrere,

499 1739 628 1793 dum
648 1737 828 1793 omnia
857 1737 1145 1793 videantur
1179 1737 1246 1792 ad
1285 1752 1476 1793 causas
1516 1737 1754 1808 singulas
1791 1737 2081 1808 pertinere.

1687 353 1758 408 Μ.
1799 349 2076 407 Αυῐιιςιιι
2113 345 2509 406 CASSIODORI

801 469 1118 524 circensium
1157 465 1480 522 futurorum.
1512 464 1720 532 Circus,
1739 475 1765 502 ⁸
1787 481 1817 520 a
1839 465 2064 520 circuitu
2092 471 2142 526 Α
2169 464 2307 532 Quid
2353 467 2441 522 isti
2492 466 2748 536 facerent,
2778 467 2825 523 si
2867 468 2922 522 in
2951 467 3284 540 Egyptiacis
3311 467 3563 538 partibus
3592 467 3772 539 possi-

3658 347 3769 402 608

2169 556 2379 620 derent,
2401 557 2494 612 ubi
2515 557 2614 612 Nili
2642 556 2876 614 ﬂuminis
2895 560 3308 630 superveniente
3328 559 3771 629 diluvio,indicia

2171 644 2354 700 ﬁnium
2376 648 2711 702 vastissimas
2739 661 2931 717 gurges
2960 649 3192 718 abradit,
3215 659 3272 705 et
3291 650 3592 706 indiscreta
3615 659 3774 705 terra:

2168 735 2330 793 iacies
2351 736 2611 802 redditur,
2637 739 2724 794 ubi
2745 741 2924 794 omnia
2953 741 3110 794 limus
3131 749 3316 811 tegere
3343 741 3776 813 comprobatur?

2173 826 2511 898 Quapropter
2532 844 2632 884 nec
2655 837 2782 885 tunc
2804 829 2869 884 ad
2891 845 3038 884 arma
3067 846 3395 887 concurrere
3424 831 3772 902 debuissent,

2174 920 2218 975 si
2247 921 2478 974 excitata
2507 920 2572 975 lis
2595 921 2735 974 nulla
2759 920 3126 977 satisfactione
3154 931 3408 994 superata
3440 923 3774 982 discederet.

2177 1007 2294 1065 Hoc
2338 1011 2480 1064 enim
2531 1025 2625 1080 per
2669 1011 3024 1094 geometricas
3068 1011 3271 1068 lormas
3311 1021 3368 1068 et
3412 1014 3780 1083 gromaticam

2181 1112 2206 1142 σ
2231 1101 2564 1173 disciplinam
2603 1103 2676 1157 ita
2703 1101 2987 1172 diligenter
3031 1103 3363 1174 agnoscitur,
3410 1103 3782 1176 quemadmo-

2177 1194 2304 1250 dum
2329 1193 2521 1249 litteris
2549 1195 2723 1250 omnis
2750 1209 2929 1251 sermo
2957 1195 3243 1251 conclusus
3267 1203 3370 1251 est.
3399 1195 3783 1252 Geometriam

2181 1285 2398 1355 quippe,
2441 1291 2499 1339 ut
2525 1291 2608 1340 est
2653 1284 2930 1340 hominum
2978 1297 3148 1354 genus
3188 1286 3351 1342 nimis
3396 1286 3780 1343 acutissimum

2181 1385 2343 1446 atque
2371 1375 2679 1442 sollicitum,
2709 1374 2942 1430 Chaldaei
2971 1377 3202 1446 primum
3251 1377 3529 1434 invenisse
3567 1392 3785 1434 memo-

2182 1475 2406 1522 rantur:
2437 1466 2528 1536 qui
2575 1465 2842 1521 rationem
2890 1466 3058 1537 ipsius
3103 1467 3401 1539 disciplinae
3443 1468 3786 1538 generalita'

2183 1555 2514 1624 colligentes,
2529 1563 2584 1610 et
2609 1554 2662 1609 in
2692 1555 3066 1612 astronomicis
3088 1557 3268 1624 rebus,
3284 1565 3342 1612 et
3361 1558 3416 1612 in
3446 1557 3708 1628 musicis,
3724 1567 3786 1616 et

2185 1646 2240 1702 in
2267 1645 2610 1711 mechanicls,
2639 1653 2692 1701 et
2732 1645 2786 1700 in
2815 1646 3203 1714 architecticis,
3235 1657 3292 1703 et
3320 1648 3374 1704 in
3423 1649 3782 1718 medicinam,

2186 1745 2240 1794 et
2267 1735 2334 1792 ad
2357 1746 2526 1792 artem
2573 1735 2893 1806 logisticam,
2927 1738 3010 1792 vel
3053 1737 3316 1809 quidquid
3357 1748 3544 1811 potest
3591 1739 3789 1798 formis

503 1828 620 1884 lloc
665 1836 871 1884 tantum
906 1829 1132 1884 dicimus
1176 1828 1498 1884 omnimodis
1541 1828 1880 1900 stupendum,
1937 1827 2082 1898 quod
2112 1832 2159 1894 Β
2183 1829 2520 1898 generalibus
2545 1828 2828 1896 contineri,
2852 1840 3031 1904 aptam
3055 1845 3178 1889 esse
3207 1831 3540 1901 docuerunt;
3577 1841 3640 1890 ut
3668 1836 3791 1892 sine

505 1919 543 1974 il
567 1919 636 1984 ic,
665 1935 824 1990 supra
856 1930 1049 1975 cmtera
1091 1921 1423 1990 spectacula,
1450 1921 1631 1976 fervor
1661 1922 1961 1976 animorum
2007 1922 2084 1976 in-

505 2011 752 2066 consulta
781 2013 1043 2078 gravitate
1067 2011 1203 2084 [Jun
1227 2013 1362 2084 forte
1381 2012 1664 2083 pravitate!
1687 2013 1926 2082 rapiatur
1955 2012 2082 2081 (Vi-

505 2101 570 2156 de
613 2101 770 2173 Cypr.
819 2102 910 2156 lib.
960 2103 1024 2156 de
1070 2103 1356 2176 Spectac.).
1407 2103 1619 2159 Transit
1655 2105 1917 2174 prasinus,
1959 2118 2084 2173 pars

505 2193 688 2264 populi
713 2204 934 2258 mmret;
965 2195 1219 2264 praecedit
1241 2205 1485 2262 venetus,
1511 2201 1568 2250 et
1610 2195 1788 2264 potior
1822 2195 1975 2249 turba
2003 2193 2084 2250 ci-

503 2283 686 2340 vitatis
716 2281 1008 2352 alﬂigitur:
1039 2285 1169 2339 nihil
1215 2283 1576 2357 proﬁcientes,
1610 2285 1882 2341 ferventer
1919 2286 2086 2342 insul-

503 2382 649 2441 tant;
692 2375 826 2430 nihil
873 2377 1168 2445 patientes,
1225 2378 1462 2446 graviter
1500 2379 1878 2443 vulnerantur;
1921 2386 1979 2434 et
2019 2377 2087 2435 ad

506 2466 695 2522 inanes
753 2469 1128 2525 contentiones
1179 2469 1257 2525 sic
1302 2470 1665 2536 descenditur,
1721 2479 1976 2541 tanquam
2021 2469 2090 2526 de

506 2570 653 2617 statu
701 2562 1051 2631 periclitantis
1109 2563 1296 2632 patria:
1347 2563 1642 2618 laboretur.
1691 2563 1849 2630 Quod
1895 2563 2089 2619 merito

505 2653 749 2709 creditur
775 2654 1012 2708 dicatum
1037 2669 1338 2708 numerosa:
1371 2654 1756 2724 superstitioni,
1783 2654 1873 2709 ubi
1901 2655 1969 2709 ab
1991 2653 2092 2710 ho-

510 2745 680 2800 uestis
709 2745 946 2800 moribus
982 2745 1060 2800 sic
1099 2753 1315 2801 constat
1346 2745 1541 2801 excidi.
1567 2744 1694 2800 Haac
1719 2761 1818 2800 nos
1850 2743 2091 2801 fovemus

509 2837 835 2891 necessitate
877 2837 1196 2906 populorum
1237 2836 1652 2903 imminentium,
1683 2836 1878 2907 quibus
1905 2844 2089 2891 votum

512 2940 598 2987 est
623 2931 687 2984 ad
716 2931 842 2986 talia
865 2931 1172 2998 convenire,
1198 2931 1324 2987 dum
1361 2932 1716 3000 cogitationes
1744 2933 1914 2989 serias
1941 2933 2092 2989 dele-

510 3028 728 3076 ctantur
752 3021 1002 3090 abjicere.
1026 3020 1232 3078 Paucos
1260 3022 1404 3078 enim
1429 3023 1532 3094 57
1558 3024 1694 3079 ratio
1731 3024 1896 3094 capit,
1927 3031 1983 3078 et
2011 3039 2094 3078 ra-

2183 1934 2248 1974 ea
2276 1920 2408 1975 nihil
2435 1920 2628 1976 borum
2655 1920 2825 1991 possit
2846 1920 2916 1977 ad
2945 1921 3276 1993 agnitionem
3293 1925 3640 1987 verissimam
3662 1941 3791 1998 per-

2182 2009 2388 2064 venire.
2434 2007 2586 2064 Hanc
2629 2017 2752 2081 post
2779 2008 3041 2084 Egyptii,
3071 2027 3180 2068 non
3225 2013 3568 2072 dissimiliter
3615 2018 3788 2072 animi

2183 2097 2398 2154 fervore
2443 2098 2702 2166 calentes,
2744 2107 2968 2172 propter
3015 2112 3305 2172 augmenta
3352 2103 3619 2175 Nilotica,
3667 2121 3792 2176 qua:

2185 2188 2408 2258 singulis
2436 2189 2592 2248 annis
2618 2189 2800 2246 votiva
2847 2189 3200 2248 inundatione
3239 2194 3540 2262 patiuntur,
3587 2196 3659 2251 ad
3708 2197 3791 2252 di—

2186 2282 2518 2338 mensionem
2567 2291 2722 2338 terra:
2791 2289 2848 2338 et
2891 2285 3290 2354 recuperandas
3335 2283 3542 2342 formas
3597 2286 3792 2344 ﬁnium

2190 2371 2612 2439 transtulerunt;
2644 2378 2704 2426 ut
2744 2370 2900 2428 ﬁeret
2941 2381 3059 2429 arte
3105 2373 3436 2442 distinctum,
3479 2375 3635 2445 quod
3682 2375 3794 2431 liti-

2188 2465 2351 2535 giosa:
2396 2463 2696 2520 confusioni
2742 2464 3026 2520 videbatur
3073 2465 3389 2522 obnoxium.
3441 2465 3797 2539 Quapropter

2191 2553 2612 2624 agrimensorem
2650 2554 3050 2626 peritissimum,
3078 2557 3164 2612 cui
3188 2557 3256 2612 ab
3283 2567 3401 2612 arte
3428 2573 3637 2614 nomen
3684 2568 3793 2624 est,

2190 2652 2370 2700 vestra
2396 2644 2741 2700 nihilominus
2771 2643 3026 2701 adhibeat
3056 2647 3405 2717 magnitudo;
3430 2657 3492 2704 ut
3515 2648 3634 2719 jam
3668 2666 3796 2706 om-

2192 2733 2305 2802 nia,
2335 2748 2456 2804 qua
2493 2733 2774 2789 manifesta
2803 2735 3014 2790 ratione
3059 2735 3312 2792 distincta
3352 2745 3503 2807 sunt,
3550 2755 3655 2809 per
3682 2741 3799 2795 evi-

2193 2826 2376 2883 dentia
2401 2826 2597 2882 debeat
2618 2826 2940 2883 documenta
2969 2835 3294 2885 monstrare.
3319 2829 3456 2885 Nam
3481 2832 3525 2885 si
3554 2831 3667 2887 hoc
3689 2835 3801 2901 egit

2193 2917 2283 2974 illa
2312 2917 2592 2988 disciplina
2617 2919 2894 2985 mirabilis,
2924 2927 2983 2974 ut
3009 2919 3458 2978 indeterminatos
3505 2938 3677 2994 agros
3707 2942 3800 2979 ra-

2196 3011 2344 3068 tione
2371 3019 2520 3068 certa
2545 3012 2917 3082 distingueret,
2933 3021 3138 3084 quanto
3157 3013 3327 3084 magis
3356 3015 3458 3070 iste
3483 3027 3803 3073 monstrare

512 3127 606 3168 ros
628 3111 1164 3182 probabilisoblectat
1179 3113 1425 3179 intentio,
1444 3121 1500 3168 et
1522 3113 1731 3169 adillud
1745 3114 2091 3184 potiusturba
2197 3103 2358 3160 ἀθδθῐ
2383 3103 2584 3170 omnia.
2611 3102 2866 3174 (111³31³111
2893 3105 3192 3174 Ρτοδδηῑυτ
3233 3104 3344 3161 θυῖε
3375 3104 3574 3162 “nibus
3605 3109 3802 3163 ῑεηῐιί·

511 3205 744 3272 ducitur,
768 3204 911 3274 quod
955 3205 1023 3260 ad
1053 3219 1303 3260 curarum
1350 3206 1723 3261 remissionem
1753 3213 1968 3262 constat
2006 3206 2091 3260 in-

2197 3193 2360 3248 nata?
2388 3192 2909 3264 Augusti'siquidem
2951 3194 3288 3265 temporibus
3331 3196 3484 3252 orbis
3510 3195 3804 3255 Romanus

513 3307 757 3354 ventum.
780 3296 914 3352 Nam
943 3297 1199 3367 quidquid
1221 3298 1452 3352 aestimat
1474 3298 1882 3370 voluptuosum,
1914 3299 2020 3354 hoc
2043 3305 2100 3353 et
2201 3285 2343 3353 δεῖξε
2369 3283 2591 3350 “Visus:
2622 3297 2894 3356 censuque
2937 3284 3240 3356 descriptus
3267 3294 3382 3354 est;
3431 3297 3493 3344 υῑ
3523 3291 3805 3358 Ροωθδείο

518 3389 588 3444 ad
633 3389 1020 3446 beatitudinem
1085 3399 1389 3459 temporum
1433 3389 1638 3460 iudicat
1695 3390 2093 3462 applicandum.

514 3479 859 3550 Quapropter
885 3480 1175 3550 largiamur
1198 3491 1484 3549 expensas,
1530 3495 1639 3534 non
1685 3494 1898 3550 semper
1925 3495 1992 3535 ex
2015 3478 2102 3549 ju-

521 3571 666 3627 dicio
693 3571 904 3626 demus.
945 3570 1176 3640 Expedit
1223 3569 1488 3630 interdum
1517 3570 1786 3641 desipere,
1826 3578 1888 3627 ut
1913 3570 2100 3643 populi

517 3660 784 3732 possimus
809 3660 1112 3716 desiderata
1133 3661 1324 3730 gaudia
1347 3660 1644 3716 continere.

1076 3766 1406 3825 EPISTOLA
1439 3769 1544 3824 LI].

662 3875 952 3922 CONSULAB!
988 3876 1112 3915 τιηο
1150 3876 1391 3916 ιιιυδτιιι
1430 3877 1794 3918 τιιεουοκιςυε
1829 3878 1955 3917 κει.

523 3949 799 4026 Ρτανεὲρὶι-
823 3944 878 4006 ut
905 3953 1064 4026 eligat
1119 3953 1543 4026 agringensorem,
1593 3957 1678 4026 qui
1725 3957 2102 4012 contentionem

591 4021 724 4095 inter
766 4021 1036 4095 Leontium
1076 4021 1226 4090 atque
1256 4021 1715 4095 Paschasium'pro
1737 4042 1975 4081 casarum
2003 4037 2104 4082 ter-

592 4094 747 4148 minis
773 4103 942 4148 ortam
971 4094 1199 4146 dirimat.

591 4184 745 4240 Sicut
772 4185 1033 4240 invidiosa
1073 4185 1234 4240 nimis
1279 4185 1734 4256 interpellantium
1761 4189 2106 4258 suggestione

520 4272 904 4344 comperimus,
936 4273 1078 4328 inter
1106 4272 1386 4330 Leontium
1414 4283 1576 4346 atque
1603 4273 1949 4334 Paschasium
1977 4293 2104 4350 spe-

520 4365 752 4421 ctabiles
779 4363 924 4419 viros
951 4363 1123 4420 ﬁnalis
1169 4372 1287 4421 orta
1329 4365 1603 4420 contentio
1631 4373 1734 4435 est,
1787 4366 1861 4422 ita
1909 4373 1969 4423 ut
1995 4376 2106 4424 ter—

523 4454 699 4510 minos
721 4469 965 4511 casarum
993 4471 1210 4510 suarum
1243 4470 1352 4512 non
1393 4455 1620 4524 legibus,
1644 4457 1738 4512 sed
1761 4459 1963 4516 viribus
1989 4475 2108 4516 cre-

2198 3389 2293 3432 sua
2343 3373 2475 3435 nulli
2519 3375 2812 3431 haberetur
2838 3375 3062 3442 incerta,
3110 3393 3272 3447 quam
3324 3394 3425 3448 pro
3468 3381 3806 3450 tributorum

2199 3475 2515 3538 susceperat
2538 3468 2842 3538 quantitate
2868 3468 3146 3524 solvenda.
3185 3468 3302 3526 Hoc
3337 3479 3535 3528 auctor
3555 3471 3807 3546 Hyrum.

2200 3559 2457 3614 metricus
2485 3558 2693 3628 redegit
2721 3557 2792 3613 ad
2839 3557 3032 3628 dogma
3076 3561 3477 3633 conscriptum;
3527 3573 3808 3634 quatenus

2199 3649 2470 3706 studiosus
2515 3649 2745 3718 legendo
2789 3649 2959 3720 possit
3003 3665 3316 3721 agnoscere,
3366 3654 3516 3724 quod
3573 3655 3810 3713 deberet

2202 3742 2372 3798 oculis
2417 3741 2664 3798 absolute
2698 3749 3022 3798 monstrare.
3053 3743 3286 3800 Videant
3325 3745 3463 3803 artis
3508 3747 3684 3818 hujus
3713 3766 3808 3820 pe.

2201 3833 2310 3899 riti,
2341 3831 2471 3903 quid
2498 3831 2565 3888 de
2592 3831 2723 3902 ipsis
2747 3832 2960 3904 publica
2984 3835 3150 3890 sentit
3177 3837 3498 3898 auctoritas.
3547 3838 3693 3895 Nam
3721 3842 3808 3897 di-

2201 3923 2438 3994 sciplina
2465 3923 2588 3988 illaz,
2620 3929 2738 3980 toto
2763 3924 2898 3980 orbe
2925 3925 3231 3992 celebratae,
3264 3941 3376 3984 non
3403 3927 3620 3986 habent
3661 3933 3808 3990 hunc

2202 4014 2484 4070 honorem.
2511 4013 2916 4070 Arithmeticam
2942 4015 3098 4084 dicis,
3123 4017 3410 4074 auditoriis
3447 4029 3630 4077 vacat.
3662 4023 3808 4080 Geo-

2202 4103 2414 4172 metria,
2441 4118 2564 4160 eum
2591 4111 2800 4160 tantum
2837 4104 2909 4161 de
2935 4106 3246 4164 cmlestibus
3290 4107 3555 4180 disputat,
3589 4121 3809 4170 tantum

2203 4194 2457 4251 studiosis
2481 4193 2782 4265 exponitur.
2815 4193 3157 4252 Astronomia
3186 4204 3244 4253 et
3283 4198 3489 4255 musica
3515 4199 3813 4260 discuntur

2205 4283 2272 4340 ad
2300 4281 2580 4340 scientiam
2601 4283 2800 4351 solam;
2831 4284 3181 4354 agrimensori
3206 4302 3334 4344 vero
3361 4285 3554 4346 ﬁnium
3583 4291 3656 4348 lis
3686 4302 3814 4352 orta

2207 4371 2580 4442 committitur,
2610 4382 2671 4430 ut
2709 4377 3120 4432 contentionum
3161 4379 3493 4448 protervitas
3520 4381 3816 4442 abscinda-

2207 4474 2314 4520 tur.
2344 4464 2517 4522 Judex
2539 4475 2621 4522 est
2646 4467 2827 4535 itaque
2849 4467 2980 4522 artis
3000 4483 3132 4536 sum,
3155 4469 3332 4525 forum
3354 4472 3528 4542 ipsius
3554 4477 3678 4546 agri
3707 4477 3810 4534 de-

522 4543 714 4599 derent
737 4545 1108 4602 vindicandos.
1143 4543 1293 4601 Unde
1314 4545 1572 4600 miramur
1591 4555 1738 4602 tama
1767 4549 2107 4608 animositate
2137 4573 2184 4631 ο
2208 4556 2336 4611 serti
2367 4563 2492 4611 sunt
2534 4573 2549 4610 :
2591 4555 2699 4627 58
2739 4555 3030 4612 fanaticum
3077 4559 3272 4625 credis,
3321 4575 3489 4632 quem
3540 4543 3813 4625 tortuosis

526 4632 692 4689 luisse
719 4634 998 4703 litigatum,
1029 4635 1172 4706 quod
1200 4643 1292 4690 aut
1322 4635 1562 4690 terminis
1583 4637 1823 4702 testibus,
1855 4645 1946 4692 aut
1963 4639 2105 4710 jugis
2206 4647 2412 4702 semitis
2439 4646 2715 4701 ambulare
2751 4647 3121 4716 conspexeris.
3149 4647 3350 4706 Indicia
3394 4651 3676 4723 siquidem
3723 4673 3814 4714 ro-

527 4723 812 4794 montium,
833 4734 926 4780 aut
952 4723 1230 4782 ﬂuminum
1253 4725 1402 4796 ripis,
1432 4733 1524 4780 aut
1543 4726 1807 4784 arcaturis
1831 4737 2108 4786 construc-

527 4814 600 4870 tis
617 4815 841 4885 aliisque
867 4816 1032 4887 signis
1051 4815 1392 4873 evident.bus
1417 4825 1629 4872 constat
1663 4831 1784 4872 esse
1809 4816 2103 4874 deﬁnitum.

599 5050 626 5080 ο
653 5039 841 5098 Circus
867 5041 1020 5098 locus
1064 5048 1184 5096 erat
1225 5040 1488 5110 publicus,
1520 5040 1649 5096 ὀποῦ
1671 5041 1908 5110 μάλιστα,
1941 5049 2001 5095 ut
2027 5050 2108 5094 est

527 5111 670 5176 apud
697 5111 1062 5168 llerodianum
1093 5111 1184 5166 lib.
1230 5108 1266 5165 it
1311 5108 1470 5176 Hist.,
1499 5113 1556 5164 τὸ
1581 5108 1766 5170 πλῆθος
1805 5113 1973 5166 συνιὸν
2026 5114 2106 5164 ἐκ·

528 5178 810 5250 ῃὶησίαζιι,
849 5181 900 5236 in
931 5195 1038 5250 (uno
1067 5180 1296 5250 populus
1324 5178 1477 5235 ludos
1497 5189 1746 5250 spectans
1771 5181 2102 5236 considebat.

530 5195 810 5264 IAIIOERCQ,
849 5195 900 5236 Ill
929 5195 1038 5306 230
1067 5196 1196 5262 Ρορῑ

530 5249 713 5322 VU'gtl.
744 5250 838 5307 lib.
877 5265 910 5316 ν
1003 5249 1146 5305 netd.
1183 5267 1196 5304 :

903 5342 1200 5405 ..!llediaque
1225 5341 1275 5390 ln
1297 5338 1420 5390 valle
1447 5339 1626 5389 theatri

713 5403 883 5456 Circus
904 5411 1028 5454 erat.

533 5481 772 5539 Fuerunt
795 5491 973 5538 autem
1011 5491 1120 5539 tres
1165 5482 1292 5538 circi
1341 5480 1544 5537 Romae.
1602 5477 1788 5535 Circus
1838 5482 2104 5540 maximus

536 5553 676 5622 inter
703 5552 966 5622 Palatium
993 5562 1049 5608 ct
1073 5553 1394 5622 Aventinum
1413 5567 1428 5615 ;
1450 5551 1644 5622 circus
1671 5549 1980 5622 Flaminius,
2017 5553 2110 5622 qui

537 5630 592 5676 et
610 5621 958 5692 Apollinaris,
991 5630 1046 5677 et
1066 5623 1242 5692 circus
1265 5619 1493 5674 Neronis
1521 5619 1571 5673 in
1601 5619 1880 5692 Vaticano.
1923 5619 2106 5692 Bnoss.

609 5690 636 5730 1³
669 5689 882 5758 Missus,
925 5708 1005 5746 us.
1064 5690 1194 5743 Erat
1238 5703 1425 5742 cursus
1471 5696 1675 5755 septem
1724 5690 2108 5746 cuniculorum

538 5761 793 5824 solemnis
820 5760 1093 5816 confectus
1141 5767 1210 5814 ab
1237 5758 1586 5824 agitatoribus
1627 5759 1681 5810 in
1711 5758 1832 5809 ludo
1862 5761 2105 5816 circensi.

540 5823 754 5899 01mph.
783 5825 1004 5886 Panuin.
1035 5858 1106 5870 —-
1129 5823 1373 5883 Missibus
1400 5842 1468 5882 ex
1488 5824 1553 5878 V.
1583 5825 1644 5879 C.
1681 5827 1957 5894 legendum
2007 5842 2104 5886 cst.

2208 4756 2325 4796 rum
2371 4741 2513 4795 inter
2538 4739 2699 4794 silvas
2727 4754 2950 4810 asperas
2983 4749 3042 4796 et
3087 4741 3308 4798 dumeta
3355 4747 3655 4816 perquirit,
3702 4765 3812 4805 non

2207 4829 2444 4884 ambulat
2464 4827 2586 4898 jure
2611 4829 2902 4895 communi,
2923 4829 3009 4884 via
3041 4830 3116 4885 illi
3138 4839 3222 4886 est
3259 4845 3357 4888 sua
3387 4833 3580 4904 lectio,
3615 4849 3810 4896 osten-

2205 5051 2295 5130 sic
2315 5049 2670 5130 Cassiodorus
2692 5051 2756 5130 i_t_t_
2774 5049 3042 5108 Chronico
3057 5053 3168 5130 sub
3214 5052 3465 5130 Philippo
3516 5057 3591 5111 24
3647 5060 3802 5130 ὶηῳ..

2208 5120 2834 5244 ΕιιιῐέἰλὲιοῆῑῃΑᾳιιίιίηο
2855 5135 3033 5188 cons.,
3057 5121 3230 5180 Varro
3259 5123 3330 5179 de
3357 5120 3440 5182 Re
3463 5130 3686 5187 rustica
3711 5120 3806 5187 lib.

2208 5207 2243 5244 ι.
2266 5206 2326 5244 ca
2370 5229 2384 5242 .
2455 5229 2468 5243 .
2603 5229 2618 5244 .

2205 5207 2243 5256 ι’
2266 5206 2468 5342 iiii};
2494 5206 2757 5342 ἒὲᾗῖοηεε
2775 5275 2956 5342 quam_
2979 5262 3335 5342 manuscripti
3363 5264 3578 5321 habent
3627 5283 3810 5342 gram-

2206 5329 2586 5411 maticam,.sed
2601 5344 2768 5412 .error
2793 5329 2910 5416 est;
2943 5331 3228 5416 legendum
3247 5329 3392 5416 enim
3416 5329 3804 5416 gyomatvicam,

2205 5401 3608 5530 ἓὲἰιῗιιῗἭῈῗεέῗὲἓῖἐξδῧτιῗὶῖἝἐὲῗὲἕιῖιῘἮξῖἻῗῑ
3633 5417 3810 5532 Silii;

2205 5555 2334 5594 xxx.
2362 5537 2454 5610 Est
2479 5545 2660 5610 autem
2685 5554 2788 5610 vox
2810 5541 3026 5610 propria
3048 5543 3504 5610 agrimensorum.
3537 5545 3678 5602 Vide
3703 5547 3808 5602 No-

2207 5610 2352 5663 nium
2385 5606 2690 5662 Marcellum
2719 5609 2770 5662 in
2794 5606 2962 5664 verbo
2984 5606 3206 5666 Granius
3245 5620 3301 5666 et
3329 5611 3568 5669 Gram.
3603 5615 3799 5672 Jones.

2207 5677 2356 5733 [lane
2403 5677 2688 5732 lectionem
2720 5679 3024 5734 emendavit
3065 5682 3228 5736 etiam
3277 5681 3502 5739 Vossius
3555 5686 3627 5743 de
3679 5687 3804 5740 Arte

2207 5747 2444 5802 Gramm.
2478 5759 2596 5816 pag.
2623 5746 2675 5800 3.
