3974 6382
154 321 262 382 609

1415 323 1774 380 VARIARUM
1816 323 2016 380 LIBER
2041 327 2145 383 ιν.
2226 343 2233 350 ·

3339 336 3446 396 610

152 438 234 493 dit
261 437 409 506 quod
449 437 602 502 dicit,
655 440 848 509 probat
897 441 1041 509 quo.|
1070 440 1278 502 didicit,
1328 439 1600 509 gressibus
1639 437 1752 492 suis
1779 445 1826 502 Α
1856 455 1975 493 rum
2023 441 2253 500 volitare
2300 444 2704 514 spissitudinem
2771 449 3158 518 conspexeriut
3220 451 3444 506 omnino

153 528 586 584 concertantium
613 528 733 598 jura
757 529 1044 596 discernit;
1069 540 1125 586 et
1152 546 1304 586 more
1327 527 1616 586 vastissimi
1646 526 1748 582 Ilu-

155 623 318 677 minis
345 631 398 690 ·,
419 621 542 676 aliis
580 623 756 692 spatia
775 622 934 687 tollit,
981 623 1102 678 aliis
1129 637 1256 678 rura
1299 621 1564 678 concedit.
1602 621 1750 687 Qua-

156 721 383 783 propter
410 713 739 768 auctoritate
760 719 942 769 uostra
971 713 1192 777 sull‘ulti,
1219 713 1378 768 talem
1403 713 1607 782 eligite,
1631 719 1753 781 post

155 817 320 874 quem
361 811 545 869 partes
573 803 900 860 erubescant
944 805 1240 874 impudenti
1286 805 1464 860 fronte
1500 805 1752 872 litigare;

155 902 428 964 quatenus
454 909 830 965 possessorum
853 897 978 966 jura
995 895 1218 953 confusa
1243 911 1364 952 esse
1379 911 1485 952 non
1496 895 1750 959 debeant,

155 985 356 1054 quibus
383 995 468 1040 est
494 987 860 1042 necessarium
888 987 1048 1043 rebus
1076 987 1310 1058 propriis
1349 986 1608 1042 adbibere
1635 987 1754 1042 cul-

157 1084 360 1130 turam.

709 1187 1043 1244 EPISTOLA
1081 1189 1211 1246 LIII.

155 1291 457 1335 ΑΡΒΟΝΙΔΝΟ
495 1294 617 1335 νιιιο
654 1295 916 1343 ιιιυετιιι,
957 1296 1142 1336 COIITI
1180 1297 1540 1348 PRIVATARUI,
1581 1297 1753 1336 τιιεο-

769 1367 989 1406 DOBICUS
1017 1369 1118 1406 REI
1130 1393 1144 1406 .

158 1460 416 1532 Prwcipit
443 1473 502 1516 ut
535 1463 582 1517 si
627 1463 934 1545 aquilegem,
961 1465 1058 1588 [qui
1105 1464 1329 1521 Romam
1355 1483 1420 1521 ex
1447 1467 1629 1549 Africa
1664 1482 1752 1519 ue-

227 1539 414 1588 nerat.
453 1545 760 1588 contuerth
803 1551 916 1588 esse
997 1537 1115 1588 nius
1168 1539 1300 1588 artis
1345 1539 1714 1588 peritissimum
1733 1572 1750 1588 .

227 1539 414 1607 uerat,
453 1537 760 1607 compererit
803 1551 916 1607 esse
961 1537 1115 1607 hujus
1168 1539 1300 1591 artis
1345 1537 1750 1606 peritissimum,

223 1605 462 1673 inapiant
483 1605 600 1678 ejus
627 1606 937 1678 necessariis
965 1605 1190 1662 annonis
1217 1605 1422 1672 relevat,
1446 1608 1592 1678 eique
1623 1608 1754 1678 jun-

235 1682 329 1747 gat
357 1674 744 1741 mechanicum,
772 1676 860 1746 qui
887 1692 1002 1730 eum
1031 1693 1189 1747 apera
1213 1694 1310 1732 sua
1330 1679 1493 1750 juvet.

1858 546 2186 599 muscarum,
2213 543 2340 589 tunc
2364 536 2686 606 promittunt
2706 537 2811 593 laeti
2835 539 2990 596 facile
3019 541 3163 610 quod
3186 545 3450 613 quaritur

1857 619 2106 676 inveniri.
2140 622 2358 678 Addunt
2379 625 2541 680 etiam
2569 626 2622 681 in
2651 628 2916 683 columna:
2943 632 3178 700 speciem
3205 632 3447 705 conspici

1855 711 2142 779 quemdam
2165 715 2536 770 tenuissimum
2566 715 2790 785 fumum,
2821 719 2912 790 qui
2941 731 3143 790 quanta
3173 721 3336 780 fuerit
3369 725 3447 780 al-

1856 799 2086 856 titudine
2111 813 2391 872 porrectus
2419 807 2487 860 ad
2514 823 2805 871 summmn,
2841 817 2993 864 tanto
3038 810 3092 866 in
3121 811 3286 868 imum
3314 813 3446 870 lati-

1855 904 1946 945 ces
1975 890 2142 947 latere
2171 903 2540 964 cognoscunt;
2571 906 2630 952 ut
2654 899 2759 953 hoc
2787 899 2860 954 sit
2887 899 3151 967 mirabile,
3181 905 3324 975 quod
3345 921 3446 976 per

1855 979 1972 1034 haec
1989 981 2201 1050 aliaque
2229 983 2378 1050 signa
2406 983 2620 1042 diversa
2646 1003 2897 1043 mensura
2937 989 3158 1046 deﬁnita
3195 995 3446 1063 praedici-

1857 1078 1962 1138 tur,
1993 1082 2194 1142 quanta
2220 1073 2582 1144 profunditate
2611 1082 2838 1147 quaesita
2865 1091 3213 1138 monstretur.
3249 1082 3448 1140 Prandi-

1853 1170 1984 1218 cunt
2011 1162 2174 1218 etiam
2191 1179 2416 1234 sapores
2443 1181 2702 1236 aquarum
2732 1167 2858 1239 ‘,ut
2878 1189 2980 1228 nec
3007 1188 3196 1242 aspera
3225 1172 3446 1243 dispen-

1854 1252 2007 1309 dioso
2036 1255 2220 1310 labore
2249 1255 2446 1311 debeat
2483 1259 2669 1327 quaeri,
2699 1275 2801 1318 nec
2828 1262 3002 1318 dulcis
3031 1263 3446 1334 necessariaque

1856 1347 2116 1400 inltonore
2139 1348 2432 1402 contemni.
2459 1348 2608 1406 Hanc
2637 1351 2918 1408 scientiam
2950 1355 3300 1424 sequentibus
3328 1355 3438 1424 pul-

1854 1437 1983 1493 chre
2005 1438 2339 1494 tradiderunt
2359 1440 2498 1509 apud
2519 1440 2738 1500 Graecos
2760 1445 2872 1513 ille,
2893 1447 3034 1517 apud
3059 1445 3280 1501 Latinos
3303 1447 3446 1502 Mar-

1852 1527 2052 1594 cellus;
2080 1528 2174 1598 qui
2215 1544 2324 1585 non
2349 1531 2522 1584 solum
2550 1532 2617 1587 de
2656 1534 3021 1592 subterraneis
3068 1535 3300 1601 liuentis,
3347 1535 3444 1591 sed

1853 1620 1922 1675 de
1951 1620 2068 1690 ipso
2095 1636 2314 1690 quoque
2357 1637 2455 1678 ore
2501 1622 2728 1680 fontium
2773 1626 3006 1682 sollicite
3057 1635 3440 1683 tractaverunt.

1853 1709 2051 1765 Dicunt
2091 1711 2236 1767 enim
2279 1727 2448 1783 aquas
2495 1729 2616 1785 qua:
2663 1715 2734 1770 ad
2778 1717 3044 1772 orientem
3097 1726 3445 1788 nostrumque

227 1784 614 1886 magnitudinis
639 1793 830 1886 vestrae
857 1787 1126 1886 relatione
1153 1792 1550 1886 comperimus,
1597 1797 1752 1867 aqui—
1771 1828 1826 1886 Β
1854 1811 2240 1874 prorumpunt,
2287 1801 2470 1860 dulces
2510 1784 2672 1874 atque
2705 1807 3016 1876 perspicuas
3064 1822 3202 1869 esse,
3243 1815 3300 1863 et
3345 1784 3444 1876 pro

153 1881 360 1951 legium
381 1879 409 1920 δ
441 1879 670 1936 Romam
696 1881 911 1939 venisse
946 1883 1015 1938 de
1054 1884 1300 1954 partibus
1338 1884 1623 1956 Africanis,
1659 1891 1752 1948 ubi
1782 1879 1823 1886 ⁷
1854 1907 1952 1946 sua
1976 1892 2197 1948 levitate
2226 1893 2607 1952 saluberrimas
2650 1895 2907 1961 inveniri;
2941 1896 2993 1951 in
3020 1898 3444 1969 septentrionem

155 1988 249 2030 ars
288 1973 404 2045 ipsa
427 1989 528 2044 pro
554 1973 798 2030 locorum
826 1976 1074 2032 siccitate
1112 1991 1310 2046 magno
1334 1980 1514 2036 studio
1535 1997 1751 2054 semper

153 2063 446 2131 excolitur,
471 2065 565 2135 qui
605 2065 771 2121 aridis
808 2066 944 2124 locis
981 2081 1150 2138 aquas
1185 2070 1358 2140 possit
1383 2070 1516 2129 dare
1543 2077 1750 2129 venati-

153 2156 240 2213 les
270 2167 327 2224 c;
369 2165 430 2212 ut
471 2157 736 2214 beneﬁcio
771 2173 873 2215 suo
919 2159 1166 2218 habitare
1211 2160 1372 2217 faciat
1416 2163 1535 2219 loca
1581 2165 1749 2223 nimia

153 2251 446 2308 sterilitate
467 2253 690 2308 siccata.
708 2251 824 2312 Hoc
852 2253 1008 2310 nobis
1031 2254 1196 2312 fuisse
1218 2267 1429 2326 gratum
1449 2275 1746 2330 cognosce;

157 2351 432 2414 quatenus
457 2343 718 2401 industria
747 2346 837 2401 illa
866 2346 1131 2417 majorum
1160 2348 1311 2406 libris
1338 2351 1603 2422 exposita,
1649 2368 1751 2408 no-

153 2435 288 2492 stris
316 2437 649 2508 temporibus
677 2437 886 2495 venerit
921 2441 1286 2512 approbanda.
1329 2441 1510 2512 Signis
1551 2445 1750 2515 quippe

151 2530 448 2586 virentium
481 2531 771 2588 herbarum
805 2548 872 2588 ac
897 2534 1230 2605 proceritate
1257 2535 1513 2591 arborum
1554 2537 1752 2593 vicini-

153 2631 325 2679 tatem
368 2623 575 2693 colligit
615 2623 874 2682 decenter
900 2626 1183 2683 undarum.
1217 2627 1399 2684 Terris
1432 2629 1599 2694 enim,
1629 2630 1752 2700 qui-

152 2713 258 2769 bus
277 2712 452 2770 dulcis
476 2715 672 2772 humor
698 2731 808 2773 non
827 2717 988 2787 longe
1015 2719 1220 2784 subest,
1249 2720 1468 2776 ubertas
1491 2737 1753 2793 quorum-

153 2805 282 2860 dam
307 2808 614 2876 germinum
651 2823 870 2881 semper
894 2811 1127 2880 arridet;
1157 2820 1220 2868 ut
1255 2822 1340 2869 est
1361 2813 1558 2885 juncus
1585 2830 1752 2886 aqua-

155 2897 290 2962 tilis,
330 2914 506 2955 canm
553 2901 708 2971 levis,
754 2902 922 2959 rubus
941 2904 1174 2972 validus,
1221 2907 1360 2962 salix
1407 2907 1552 2964 lenta
1600 2911 1746 2982 Inus.

153 2985 252 3044 Gr.
283 2997 334 3043 et
360 2988 501 3062 Cuj.,
543 2991 708 3064 laeta],
739 2995 971 3066 populus
996 2995 1194 3062 virens,
1239 3006 1296 3052 et
1339 2999 1548 3068 reliqua
1589 3001 1752 3056 arbo-

153 3096 278 3136 rum
324 3095 548 3152 genera,
576 3100 698 3156 qua:
734 3093 916 3141 tamen
949 3087 1088 3142 ultra
1137 3095 1382 3143 naturam
1427 3103 1578 3146 suam
1609 3090 1750 3148 felici

1852 1999 1983 2039 vero
2008 1992 2171 2053 atque
2197 1983 2542 2040 occidentem
2590 2001 2927 2058 quaecunque
2955 2001 3193 2055 manant,
3223 1989 3442 2061 probari

1849 2074 2066 2144 quidem
2105 2075 2264 2132 nimis
2304 2075 2546 2146 frigidas,
2573 2081 2668 2134 sed
2715 2081 3067 2137 crassitudine
3105 2096 3218 2136 sua:
3260 2082 3442 2151 gravi-

1851 2166 1978 2222 tatis
2015 2167 2404 2224 incommodas.
2447 2171 2620 2239 Atque
2659 2172 2801 2237 ideo,
2841 2174 2886 2228 si
2917 2174 3108 2228 viderit
3135 2184 3440 2232 memorato

1849 2259 1926 2316 illi
1953 2260 2216 2330 sapientia
2243 2270 2425 2340 vestra
2452 2271 2510 2316 et
2548 2261 2800 2318 codicum
2831 2265 3082 2331 lectione,
3118 2273 3174 2320 et
3211 2279 3311 2320 usu
3345 2281 3440 2322 re.

1849 2366 1972 2408 rum
1997 2367 2118 2422 quae
2152 2361 2278 2409 sunt
2301 2352 2556 2424 praedicta
2579 2363 2852 2422 constare,
2875 2357 3312 2425 competentibus
3336 2371 3436 2412 an.

1851 2444 2009 2499 nonis
2051 2443 2119 2500 de
2169 2443 2387 2515 publico
2431 2445 2704 2516 deputatis
2722 2485 2739 2511 ,
2783 2447 3274 2517 peregrinationem
3320 2447 3440 2518 ejus

1851 2535 2200 2608 inepiamque
2226 2537 2493 2592 relevabis
2524 2555 2540 2590 :
2567 2548 2890 2608 accepturus
2909 2539 3206 2606 mercedes,
3232 2539 3320 2595 cui
3347 2555 3439 2597 ar-

1854 2630 1922 2684 tis
1946 2643 2056 2684 suze
2082 2627 2224 2684 dona
2263 2629 2594 2698 praestiterit.
2636 2628 2770 2683 Nam
2798 2631 3046 2699 quamvis
3073 2629 3316 2685 Romana
3360 2629 3438 2686 ci-

1851 2721 1990 2774 vitas
2016 2719 2170 2790 aquis
2197 2718 2436 2775 abundet
2461 2719 2698 2789 irriguis,
2718 2721 2896 2790 sitque
2921 2719 3160 2776 fontibus
3177 2718 3434 2790 gaudens,

1851 2818 1908 2867 et
1934 2809 2232 2867 formarum
2269 2810 2621 2867 inundatione
2664 2812 2946 2877 ditissima,
2987 2811 3328 2882 reperiuntur
3357 2819 3439 2866 ta-

1853 2919 1992 2959 men
2018 2903 2249 2975 plurima
2297 2904 2604 2960 suburbana
2643 2919 2764 2975 qua:
2809 2904 2949 2960 hanc
2977 2905 3256 2959 videantur
3291 2903 3438 2958 desi-

1850 2993 2040 3050 derare
2064 2994 2332 3065 peritiam.
2379 2991 2445 3046 Et
2483 2994 2679 3048 merito
2707 2994 3036 3059 continetur,
3077 2994 3171 3064 qui
3201 2993 3291 3048 vel
3336 3005 3438 3062 pro

1849 3093 2006 3156 parte
2035 3085 2370 3141 necessarius
2395 3099 2514 3140 esse
2540 3085 2906 3154 cognoscitur.
2941 3085 3074 3140 lluic
3109 3093 3288 3140 tamen
3319 3100 3435 3140 me-

157 3175 495 3271 proceritate
520 3175 812 3233 luxuriant.
861 3177 1000 3234 Sunt
1039 3187 1096 3236 et
1124 3180 1228 3236 alia
1275 3180 1435 3251 hujus
1459 3182 1592 3237 artis
1619 3183 1751 3239 indl-
1781 3206 1826 3271 C
1855 3177 2112 3233 chanicus
2137 3175 2360 3232 omnino
2376 3175 2679 3248 iungendus
2706 3183 2809 3241 est,
2840 3183 2897 3229 ut
2924 3174 3112 3271 undas,
3153 3187 3290 3244 quas
3312 3175 3437 3252 Ιἰσιιι

150 3266 262 3334 cia,
293 3282 416 3323 cum
442 3277 606 3325 nocte
634 3269 955 3326 adveniente
997 3270 1122 3326 lana
1155 3271 1299 3328 sicca
1328 3271 1383 3326 in
1409 3278 1610 3328 terram
1650 3287 1752 3345 po.
1790 3265 1825 3271 ’
1855 3270 2077 3340 reperit,
2107 3269 2199 3324 ille
2244 3269 2416 3332 levet;
2449 3276 2505 3324 et
2529 3276 2648 3323 arte
2668 3267 2849 3322 subire
2869 3265 3213 3337 faciat,qnod
3243 3281 3434 3322 ascen-

151 3357 305 3414 nitur
319 3360 432 3428 jam
459 3360 756 3430 provisam,
779 3369 834 3418 et
853 3361 972 3417 rudi
1001 3362 1202 3419 cacabo
1228 3370 1368 3419 tecta
1395 3363 1745 3434 relinquitur:

153 3457 288 3506 tunc
314 3449 361 3506 si
394 3465 549 3520 aquae
577 3451 892 3522 proximitas
919 3453 1181 3522 arriserit,
1208 3469 1369 3511 mane
1411 3455 1629 3510 humida
1655 3470 1748 3512 re-

151 3543 384 3615 peritur.
414 3541 543 3600 Sole
564 3554 744 3600 autem
765 3545 1042 3600 declarato
1071 3545 1350 3602 intuentur
1375 3547 1540 3603 etiam
1573 3547 1746 3616 magi-

152 3635 258 3692 stri
284 3634 405 3692 loca
444 3635 678 3704 solliciti,
709 3645 765 3692 et
791 3637 880 3692 ubi
925 3651 1087 3708 supra
1116 3645 1312 3693 terram
1354 3637 1745 3694 minutissima-

230 3806 256 3834 ι
290 3795 360 3853 Et
377 3806 567 3881 contra
611 3795 831 3881 .Ilun't‘ina
850 3798 970 3854 vice
984 3800 1321 3881 _censit9rum
1357 3796 1676 3869 funguntur,
1706 3798 1742 3853 l.

154 3866 246 3932 30,
278 3883 430 3938 ergo,
462 3864 685 3935 alluvio,
713 3867 792 3923 De
816 3883 936 3938 acq.
967 3870 1114 3924 dom.
1146 3869 1389 3924 Fonnsn.
1459 3864 1484 3869 ⁷
1659 3864 1669 3868 ⁷

217 3937 260 4023 ξ
291 3935 602 4023 Legen_du_m
630 3939 956 4023 aquilegem:
979 3937 1257 3994 Vocantur
1271 3939 1427 4023 enim
1461 3937 1749 4023 aquileges

152 4025 186 4064 a
217 4005 429 4065 Seneca
458 4007 647 4064 Natur.
678 4005 868 4080 quaest.
900 4008 993 4066 lib.
1018 4025 1094 4077 ιιι,
1117 4023 1242 4080 cap.
1266 4007 1364 4076 l5;
1395 4023 1427 4063 a
1455 4005 1632 4065 Plinio
1651 4009 1746 4064 lib.

155 4095 216 4145 x,
243 4080 406 4151 epist.
437 4079 529 4136 58.
561 4078 682 4136 Jun.

1853 3363 1984 3418 dere
2027 3377 2136 3418 non
2183 3362 2440 3432 praevalet
2487 3376 2582 3428 per
2619 3367 2887 3415 naturam.
2924 3357 3197 3413 Habentur
3224 3372 3354 3429 ergo
3381 3367 3438 3414 et

1853 3453 1958 3511 iste
1985 3455 2126 3508 inter
2150 3453 2478 3522 reliquarum
2507 3451 2702 3506 artium
2731 3451 3036 3518 magistros,
3059 3463 3126 3504 ne
3151 3449 3276 3518 quid
3295 3447 3440 3503 desi-

1852 3545 2093 3602 derabile
2133 3552 2354 3614 putetur
2373 3543 2557 3606 fuisse,
2587 3542 2732 3613 quod
2761 3543 2862 3598 sub
2883 3541 3038 3599 nobis
3058 3557 3166 3597 non
3198 3541 3438 3612 potuerit

1855 3637 2101 3694 Romana
2136 3637 2326 3693 civitas
2354 3636 2654 3692 continere.

1927 3806 1950 3836 α
1980 3795 2166 3879 Iduest,
2199 3811 2362 3867 aquas
2399 3796 2615 3866 ﬂuentes
2636 3812 2668 3850 e
2700 3811 2829 3851 uena
2851 3804 3117 3868 perpetu.
3145 3790 3270 3851 Jun.
3305 3793 3439 3860 Alii,

1851 3868 2149 3922 uernatiles.

1922 3935 1949 3974 ἀ
1983 3935 2057 3991 De
2085 3949 2279 4005 sapore
2304 3950 2456 4004 aqua:
2477 3934 2780 4005 Victruvins
2806 3935 2899 3989 lib.
2931 3949 3042 3998 vnt,
3071 3947 3194 4003 cap.
3223 3931 3299 4005 l_:
3327 3946 3438 4005 quo

1851 4008 1906 4063 in
1935 4006 2052 4071 lib.,
2084 4001 2374 4061 et'Seneca
2423 4005 2514 4060 lib.
2565 4019 2621 4058 ιιι
2662 4003 2846 4060 Natur.
2877 4013 3068 4075 quaest.
3100 4044 3116 4071 ,
3141 4001 3440 4075 'm_ulta'de

1853 4077 2025 4149 aquis,
2039 4070 2159 4148 quae
2177 4091 2318 4132 nunc
2339 4075 2576 4146 prudens
2595 4076 2808 4142 omitto,
2821 4070 3180 4145 disputantur.
3195 4070 3438 4128 Fortuna.

1307 4339 1655 4425 LIBER
1727 4343 2336 4454 QUARTUS.

1660 4518 1954 4537 -υ

591 4609 700 4682 59
723 4607 1058 4666 EPISTULA
1083 4609 1318 4665 PRIMA.

154 4718 558 4759 uenutssrmno
610 4701 762 4776 [mss.
809 4701 1173 4774 usuusrntno]
1208 4718 1332 4760 nec!
1373 4717 1750 4760 ruomncoauu

697 4787 1062 4829 τιιεουοιιιουε
1090 4789 1217 4828 REX.

153 4867 281 4950 Dat
295 4867 376 4921 illi
415 4866 468 4920 in
484 4866 884 4950 matrimonium
909 4873 1114 4936 neptem
1140 4881 1309 4950 sumit,
1337 4881 1450 4950 qua;
1471 4859 1751 4950 laudatur,-

228 4947 282 4992 et
310 4937 574 4990 remntiat
601 4952 657 4990 se
683 4951 862 5006 equos,
906 4951 1121 5008 quorum
1148 4935 1476 5007 pulchritudo
1505 4935 1754 4991 describi-

231 5019 337 5063 tur.
379 5023 474 5061 nec
518 5023 622 5062 non
650 5017 700 5060 et
742 5006 851 5060 alia
891 5023 1108 5062 munera
1134 5005 1200 5060 ab
1247 5023 1306 5062 eo
1346 5009 1506 5062 missa
1536 5006 1752 5062 libenter

230 5045 513 5148 accepisse.
922 5109 926 5113 ›

230 5169 614 5225 Desiderantes
665 5184 760 5224 vos
826 5168 1026 5223 nostris
1073 5181 1366 5238 aggregare
1419 5167 1754 5238 parentibus,

153 5264 344 5336 neptis
373 5259 491 5335 [Αε.
511 5302 528 5330 ,
558 5257 799 5331 neptem]
829 5259 997 5314 cbaro
1021 5258 1502 5329 pignori,propitia
1524 5256 1756 5326 Deitate,

151 5357 464 5420 sociamus;
511 5361 574 5407 ut
611 5352 702 5421 qui
747 5351 817 5408 de
844 5351 992 5420 regia
1039 5352 1208 5420 stirpe
1233 5350 1580 5416 descenditis,
1615 5364 1760 5404 nunc

208 5538 259 5572 ’⁸
287 5530 487 5588 Uxoris
532 5527 708 5592 dotes,
747 5526 1018 5591 doctrina,
1071 5540 1267 5591 mores,
1322 5525 1514 5594 forma,
1560 5538 1746 5594 genus,

153 5605 427 5674 dignitas;
489 5601 582 5655 sed
626 5598 928 5669 principem
975 5597 1151 5674 locum
1203 5593 1508 5674 eruditioni
1542 5593 1748 5674 tribuit.

155 5663 430 5732 Solebant
457 5663 887 5738 autem—veteres
923 5667 1130 5738 puellas
1161 5667 1376 5738 erudire
1403 5663 1631 5738 :_L_ivius
1654 5664 1748 5738 lib.

157 5761 238 5805 ιιι.
290 5745 358 5799 de
386 5741 654 5812 Virginia;
688 5737 826 5794 Plin.
988 5753 1026 5803 t,
1077 5738 1230 5807 epist.
1267 5736 1364 5812 l7;
1414 5734 1612 5812 Athan.
1658 5733 1748 5812 lib.

159 5833 290 5882 xm;
327 5805 578 5878 Luci-an,
602 5819 720 5885 περὶ
748 5819 846 5866 τῶν
872 5810 955 5864 ἐπὶ
977 5805 1140 5886 μισθῷ
1170 5809 1441 5863 συνόντων.
1475 5805 1750 5861 Plutarch.

1775 4616 1828 4675 υ
1853 4610 2019 4666 etiam
2048 4609 2262 4680 longius
2309 4607 2555 4666 claritate
2585 4587 2882 4676 imperialis
2923 4599 3200 4671 sanguinis
3242 4597 3442 4669 fulgeav

1859 4704 1950 4760 tis.
1995 4702 2254 4758 Mittimus
2283 4701 2350 4757 ad
2392 4716 2492 4756 vos
2517 4708 2764 4754 ornatum
2807 4696 2996 4751 aulicus
3041 4694 3255 4759 domus,
3307 4706 3446 4762 aug-

1858 4801 2042 4850 menta
2083 4793 2316 4863 generis,
2363 4791 2555 4846 solatia
2606 4789 2777 4844 lidelis
2817 4785 3058 4848 consilii,
3108 4783 3446 4839 dulcedinem

1857 4886 2229 4942 suavissimam
2279 4882 2653 4952 conjugalem;
2697 4894 2818 4950 quas
2864 4887 2920 4934 et
2962 4877 3296 4933 dominatum
3321 4873 3447 4943 jure

1859 4977 2140 5034 vobiscum
2167 4976 2410 5048 impleat,
2439 4985 2494 5030 et
2524 4973 2797 5029 nationem
2841 4981 3074 5026 vestram
3104 4969 3328 5024 meliore
3356 4967 3444 5021 in-

1860 5071 2143 5127 stitutione
2170 5076 2482 5139 componat.
2529 5065 2758 5121 Habebit
2797 5065 2921 5118 felix
2956 5061 3266 5130 Tlioringia,
3296 5056 3444 5128 quod

1857 5161 2082 5217 nutrivit
2107 5159 2259 5214 Italia
2281 5159 2474 5214 litteris
2513 5157 2731 5213 doctam
2763 5167 2810 5221 ι,
2863 5155 3103 5210 moribus
3153 5149 3444 5217 eruditam,

1857 5255 2112 5312 decoram
2163 5269 2270 5307 non
2320 5250 2496 5305 solum
2543 5263 2759 5317 genere,
2810 5253 3070 5316 quantum
3113 5254 3168 5297 et
3210 5238 3442 5294 feminea

1857 5347 2147 5416 dignitate;
2179 5353 2237 5398 ut
2261 5357 2367 5397 non
2393 5341 2569 5395 minus
2593 5341 2765 5410 patria
2791 5345 2966 5392 vestra
2990 5335 3142 5389 istius
3166 5330 3447 5402 splendeat

1861 5526 1978 5603 περι
2006 5520 2216 5603 «seei.
2245 5517 2684 5603 ἀγωνιεοειῖςηί
2717 5517 2847 5603 iens-
2877 5512 3446 5603 ‘9TP959..P'1°"_‘?__93

1859 5585 2033 5648 vidua:
2082 5585 2626 5663 Plotint'pliiloSOpbi
2673 5585 2911 5663 scholam
2945 5585 3448 5663 disciplinncausa

1855 5663 2272 5734 frequentabant
2313 5653 2794 5734 (“cujus-instituti
2841 5653 3206 5734 mentinerunt
3241 5653 3440 5710 Julian.

1858 5726 2056 5789 Ιίιι.ἰν.
2088 5731 2186 5785 Ubi
2214 5729 2378 5800 pupil.
2397 5726 2573 5792 θύας..
2595 5727 2852 5784 Gordian.
2883 5727 2976 5781 lib.
3002 5741 3095 5794 xv,
3119 5726 3164 5780 si
3193 5735 3447 5796 paterno,

1859 5820 1908 5858 c.
1941 5803 2003 5858 de
2031 5820 2144 5858 nm.
2180 5811 2310 5858 aest.
2351 5797 2518 5854 Fons.

1859 5820 1908 5860 c.
1941 5817 2003 5858 de
2031 5820 2144 5874 tteg.
2180 5817 2310 5874 gest.
2351 5817 2518 5854 rons.
