3974 6384
205 297 318 355 613

1477 309 1834 368 VARIARUM
1878 311 2079 369 LIBER
2116 313 2207 371 IV.

3394 333 3498 387 61

205 409 347 466 hanc
379 412 637 470 virtutum
659 416 944 472 amabilem
968 420 1389 493 praeclaramque
1409 428 1798 493 constantiam;
1829 441 1878 496 Α
1907 439 1992 483 est
2039 431 2182 485 enim
2210 437 2263 502 ι),
2311 433 2410 489 sub
2449 450 2638 491 amore
2685 437 2944 510 principis
2991 439 3264 498 custodire
3311 446 3503 502 mode—

202 514 515 576 nostmque
534 505 730 564 domus
749 511 1077 566 auctoritate
1105 513 1388 584 subnixus,
1419 523 1572 572 tanto
1599 519 1803 574 studio-

201 595 317 650 sius
343 597 576 664 gratiam
625 614 841 670 qumre,
885 613 1148 671 quantum
1196 611 1252 660 te
1297 605 1476 662 locum
1523 600 1802 666 beneﬁciis

199 685 429 756 respicis
457 687 748 746 invenisse.
772 689 958 747 Tende
987 693 1171 762 itaque
1198 695 1375 752 adhuc
1403 697 1560 753 bonis
1588 699 1802 756 actibus

202 787 326 832 tuos
372 777 440 832 ad
469 781 684 853 potiora
714 798 994 839 successus
1027 802 1040 838 :
1071 786 1250 844 sciens
1275 789 1505 858 gratiam
1554 800 1796 846 nostram

198 872 254 925 in
279 871 374 928 illo
398 887 617 946 semper
635 877 822 946 augeri
845 887 870 916 ⁸
892 879 986 948 qui
1010 893 1071 935 se
1093 879 1312 948 dignum
1337 883 1534 952 adepto
1561 885 1798 942 culmine

195 959 473 1018 desiderat
493 963 747 1021 inveniri.

761 1095 1097 1154 EPISTOLA
1125 1099 1215 1157 Π.

423 1200 649 1242 εεΝΑτυι
678 1201 824 1242 UBBIS
848 1205 1010 1244 ROIB
1041 1207 1406 1247 ΤΗΙ-200081οΓ8
1433 1209 1560 1248 REX.

196 1273 485 1332 Renuntiat
510 1294 568 1334 se
604 1279 862 1334 illustrem
901 1283 1063 1336 virum
1094 1283 1371 1338 Senarium
1411 1285 1480 1338 ad
1502 1287 1791 1342 comitivam

243 1349 550 1418 patrimonii
577 1350 893 1418 subvexisse,
919 1355 1006 1424 qui
1033 1354 1207 1408 multis
1233 1353 1472 1411 laudibus
1499 1357 1732 1426 eﬂ‘ertur.

265 1435 576 1494 Gloriosum
624 1441 840 1512 quidem
890 1443 1047 1498 nobis
1089 1452 1193 1511 est,
1240 1443 1430 1500 Patres
1476 1448 1786 1518 conscripti,

192 1528 434 1586 honores
460 1532 663 1600 passim
692 1532 1037 1602 impendere;
1068 1534 1163 1590 sed
1193 1535 1513 1592 laudabilius
1542 1538 1792 1594 bencme-

187 1619 314 1675 ritis
335 1619 497 1688 digna
541 1630 818 1691 priestare.
867 1622 1140 1694 Quidquid
1169 1625 1314 1680 enim
1361 1627 1558 1681 talibus
1595 1629 1789 1683 tribui-

187 1725 332 1773 mus,
363 1727 464 1782 pro
489 1714 729 1781 generali
758 1716 940 1784 potius
981 1717 1213 1773 utilitate
1241 1717 1520 1788 largimur.
1564 1719 1784 1778 Cunctis

185 1806 457 1876 siquidem
486 1805 702 1881 proiicit
744 1810 879 1866 recti
909 1820 1070 1867 tenax
1116 1821 1436 1882 provectus;
1486 1830 1590 1870 nec
1633 1816 1784 1872 locus
1816 1823 1862 1883 Β

185 1899 516 1968 relinquitur
560 1900 788 1971 injuriae,
841 1917 965 1958 cum
993 1902 1062 1958 ad
1094 1903 1268 1960 bonos
1311 1905 1556 1975 pervenit
1598 1907 1784 1976 regula

185 1992 505 2064 disciplinae.
548 1993 664 2050 Hoc
692 1995 877 2066 itaque
925 1997 1188 2067 praeclaro
1216 1997 1488 2055 desiderio
1517 2000 1782 2057 illustrem

182 2082 362 2138 virum
391 2081 677 2140 Senarium
719 2086 991 2142 comitiva:
1019 2087 1329 2158 patrimonii
1357 2089 1620 2160 dignitate
1649 2092 1778 2148 sub-

182 2177 458 2246 veximus,
496 2177 588 2248 qui
613 2179 927 2236 venalitatis
955 2180 1184 2237 obscura
1227 2182 1391 2238 animi
1419 2183 1670 2240 claritate
1693 2200 1782 2242 re-

181 2265 372 2338 fugiat,
419 2269 513 2338 qui
569 2269 840 2326 calumnia
885 2286 996 2327 non
1043 2272 1274 2339 lauetur,
1322 2289 1423 2330 nec
1469 2275 1780 2345 patrimonii

182 2360 513 2416 auctoritate
557 2359 828 2427 suﬂ'ultus,
878 2363 947 2418 de
997 2371 1187 2420 nostro
1217 2364 1320 2421 sibi
1363 2361 1528 2421 faciat
1569 2374 1780 2425 terrore

183 2453 599 2523 compendium;
644 2455 740 2510 sed
783 2454 874 2525 jus
908 2457 1173 2526 aequabile
1210 2459 1382 2528 possit
1423 2467 1610 2516 tenere
1651 2476 1777 2517 cum

180 2547 416 2616 exteris,
447 2547 588 2603 unde
616 2549 774 2605 nobis
801 2550 1018 2620 placere
1041 2551 1262 2622 respicit
1301 2553 1618 2608 servientes.
1649 2553 1778 2612 litec

179 2638 250 2694 de
281 2639 375 2696 illo
404 2639 578 2695 futura
609 2641 947 2711 promittere,
976 2641 1374 2714 praeteritorum
1403 2642 1531 2700 facit
1559 2653 1774 2717 tempo-

176 2745 302 2785 rum
331 2729 488 2788 ﬁdes.
517 2729 574 2785 lu
605 2731 723 2802 ipso
752 2731 954 2803 quippe
991 2733 1370 2790 adolescentiae
1408 2734 1542 2792 ﬂore
1571 2737 1774 2807 palatia

178 2830 369 2880 nostra
395 2823 606 2880 meritis
649 2832 896 2880 maturus
941 2825 1191 2893 intravit;
1233 2834 1292 2882 et
1331 2826 1476 2896 quod
1522 2828 1775 2886 robustas

175 2931 400 2988 quoque
428 2915 618 2986 fatigat
658 2923 864 2984 aetates,
916 2917 1066 2974 nullo
1093 2917 1354 2990 deceptus
1397 2919 1652 2978 novitatis
1678 2936 1770 2980 er-

178 3025 328 3076 rore,
370 3009 442 3064 ad
473 3009 788 3080 imperantis
831 3024 1126 3066 conversus
1169 3011 1471 3076 arbitrium,
1517 3009 1772 3068 eﬂ'ectum

176 3103 445 3159 bonarum
495 3101 748 3173 praestitit
788 3099 1116 3170 jussionum.
1173 3100 1328 3156 Nunc
1382 3102 1452 3156 ad
1499 3101 1770 3172 colloquia

1906 519 2068 574 stiam
2103 521 2264 590 :quia
2295 521 2488 590 gaudia
2518 540 2732 596 semper
2769 529 2980 586 animos
3007 529 3342 600 inquietant;
3376 548 3499 590 mo-

1905 609 2010 665 dus
2033 611 2197 665 etiam
2225 629 2350 668 raro
2379 617 2484 686 61
2522 615 2656 671 ketis
2685 617 2846 673 rebus
2875 619 3293 690 imponitur,qui
3325 623 3500 692 magis

1904 702 1958 756 in
1991 704 2233 760 tristibus
2269 706 2576 762 intervenit.
2605 707 2827 764 Garrula
2858 727 2945 768 res
2973 720 3057 766 est
3085 713 3266 769 laetitia
3301 726 3356 778 0;
3389 731 3496 776 nec

1903 793 2044 848 enim
2078 812 2184 862 prae
2229 797 2426 865 gaudio
2477 809 2656 870 potest
2703 804 2926 873 spiritus
2971 807 3258 862 contineri.
3292 807 3492 864 Verum

1901 883 2044 939 inter
2083 885 2196 941 haec
2227 889 2488 958 stupenda
2520 892 2857 960 meritorum,
2907 894 3132 964 originis
3178 911 3395 966 quoque
3417 898 3494 953 si-

1899 977 2012 1031 mili
2055 977 2302 1035 claritate
2344 981 2686 1052 resplendet;
2737 993 2798 1040 ut
2845 986 3050 1050 haereas
3090 1003 3197 1058 qua
3227 1002 3379 1061 parte
3420 992 3492 1046 sit

1897 1065 2093 1133 ditior,
2159 1085 2282 1125 cum
2332 1073 2606 1142 cepiosius
2657 1083 2884 1146 utraque
2930 1078 3226 1147 possideat.
3276 1079 3492 1137 llabent

1895 1173 2024 1227 ergo
2044 1160 2312 1229 sigillatim
2341 1163 2625 1220 distributa
2651 1168 3000 1236 prmconium,
3026 1169 3215 1238 juncta
3245 1172 3484 1228 miracu-

1895 1249 2024 1304 lum.
2059 1250 2418 1323 Quapmpter,
2443 1253 2504 1310 P.
2528 1255 2613 1322 (3.,
2641 1266 2888 1327 assurgat
2915 1261 3183 1330 primaevis
3205 1262 3485 1318 introeun.

1895 1343 2037 1398 tibus
2063 1359 2198 1400 cana
2247 1345 2468 1402 libertas
2497 1345 2548 1403 δ.
2595 1349 2737 1405 Nihil
2767 1352 2834 1406 de
2862 1353 3022 1421 genio
3050 1338 3236 1410 vestro
3271 1354 3481 1412 subtra-

1893 1435 2054 1502 hitur,
2088 1437 2304 1506 quando
2349 1440 2684 1496 venientium
2737 1444 2950 1498 novitas
2980 1443 3369 1500 bonorabiliter
3403 1446 3485 1501 in-

1891 1527 2110 1580 vitatur.
2160 1525 2418 1584 Parentes
2452 1540 2475 1568 ο
2519 1531 2718 1600 publici
2767 1533 2835 1588 de
2881 1535 3167 1590 clementia
3199 1536 3484 1606 nominati,

1891 1613 2085 1685 duplex
2119 1633 2211 1672 vos
2241 1619 2380 1674 ratio
2409 1620 2755 1691 benignitatis
2811 1624 3001 1679 invitet
3033 1642 3048 1679 :
3081 1625 3342 1698 incipiens
3367 1643 3476 1684 me-

1889 1715 2071 1762 reatur
2101 1711 2354 1779 gratiam,
2384 1723 2673 1782 provectus
2699 1715 2963 1770 favorem.

2458 1845 2790 1904 EPISTOLA
2839 1847 2900 1904 V.

1985 1953 2199 1994 AHABILI
2227 1955 2350 1994 VIRO
2379 1956 2607 2008 DEVOTO,
2638 1957 2837 2008 COHITI,
2871 1960 3234 2002 τηεουοιιισυε
3259 1961 3389 2004 ιιι.

1887 2023 2086 2102 Statuit
2111 2039 2168 2102 ut
2193 2046 2377 2102 omnes
2398 2031 2704 2102 navicularii
2726 2030 3049 2102 Campania},
3080 2033 3346 2101 Lucania,
3371 2037 3480 2092 sive

1958 2096 2196 2181 Druse-iw
2246 2096 2990 2181 ﬁdejussoriims‘idoneis‘se
3035 2096 3370 2181 'rommittant
3405 2107 3478 2162 ad

1953 2168 2198 2243 uictuales
2217 2167 2494 2243 species__iu
2523 2167 2724 2243 Gallias
2748 2174 2885 2243 [ante
2903 2173 3200 2230 laborantes
3221 2176 3476 2232 devehen-

1951 2238 2066 2304 das,
2097 2241 2364 2309 pretioque
2388 2238 2791 2296 distribuendos.

1952 2357 2163 2412 Nullum
2175 2357 2337 2413 decet
2357 2365 2570 2414 nostras
2585 2367 2876 2426 gravanter
2889 2360 3166 2432 suscipere
3175 2360 3470 2432 jussiones,

1877 2459 1998 2514 qua:
2027 2447 2199 2515 magis
2227 2447 2488 2504 utilitates
2516 2457 2813 2506 noscuntur
2837 2451 3100 2508 extollere
3125 2451 3468 2510 devotorum.

1875 2537 1934 2592 ln
1965 2535 2240 2593 Gallicana
2287 2539 2450 2608 igitur
2491 2540 2716 2608 regione
2757 2539 3068 2596 victualium
3117 2543 3468 2612 cognovimus

1875 2635 2216 2702 charitatem,
2236 2633 2301 2689 ad
2331 2650 2491 2706 quam
2508 2634 2800 2704 negotiatio
2824 2649 3038 2706 semper
3053 2642 3302 2707 prompta
3323 2634 3470 2692 festi-

1875 2734 1989 2793 nat,
2021 2733 2081 2781 ut
2100 2733 2284 2796 empta
2308 2725 2509 2796 largius
2533 2725 2844 2794 angustiore
2868 2727 3044 2797 pretio
3073 2725 3467 2784 distrahantur.

1873 2817 1964 2874 Sic
1991 2819 2174 2874 evenit
2194 2824 2330 2873 utet
2348 2816 2719 2873 venditoribus
2742 2815 2992 2884 satisﬁat,
3014 2825 3072 2874 et
3096 2818 3200 2874 illis
3219 2818 3465 2889 provisio

1874 2919 2059 2966 nostra
2093 2909 2396 2965 subveniat.
2444 2909 2624 2978 Atque
2662 2907 2784 2964 ideo
2812 2908 3030 2965 devotio
3079 2917 3170 2964 tua
3215 2910 3468 2980 presenti

1873 3000 2197 3056 auctoritate
2221 3007 2517 3069 cognoscat
2537 3013 2727 3055 omnes
2746 3000 3107 3056 navicularios
3130 2999 3464 3072 Campania,

1873 3091 2146 3162 Lucaniae,
2175 3092 2290 3148 sive
2315 3090 2556 3147 Thuscia
2593 3089 2995 3161 iidejussoribus
3022 3091 3230 3147 idoneis
3273 3107 3335 3149 se
3364 3092 3470 3150 ἀοι·

175 3193 389 3262 dignus,
437 3209 582 3250 nunc
605 3193 673 3249 ad
707 3193 1055 3264 exceptiones
1083 3193 1413 3264 aptissimus,
1462 3193 1776 3264 frequenter
1799 3184 1847 3248 Ο
1876 3187 2007 3242 bere
2032 3183 2393 3247 committere,
2439 3191 2502 3238 ut
2529 3196 2652 3238 cum
2679 3173 3001 3238 victualibus
3027 3181 3313 3252 speciebus
3341 3189 3468 3238 tan-

173 3287 342 3342 etiam
371 3286 425 3340 in
453 3285 740 3354 legationis
769 3285 1032 3340 honorem
1054 3284 1281 3350 electus,
1306 3283 1461 3354 cuius
1487 3283 1772 3355 multiplex

173 3378 428 3434 meritum
461 3377 724 3432 incertum
755 3376 897 3446 apud
924 3391 1024 3431 nos
1052 3375 1314 3431 reddebat
1349 3374 1606 3432 oﬂicium.
1649 3374 1772 3432 Non

173 3469 320 3523 enim
352 3469 508 3522 unius
537 3467 646 3523 loci
673 3467 756 3522 vir
784 3467 947 3523 debet
975 3467 1100 3534 dici,
1135 3483 1166 3522 a
1193 3483 1304 3538 quo
1329 3469 1496 3523 multa
1521 3469 1772 3526 videntur

171 3557 408 3628 impleri.
457 3556 564 3612 Sed
612 3557 729 3612 hate
779 3557 1010 3628 amplius
1055 3557 1469 3614 commendabat
1495 3558 1770 3616 humilitas

168 3647 315 3722 [Ac.,
340 3647 482 3702 utilit
500 3644 587 3717 as],
619 3662 741 3718 quae
769 3656 880 3702 tam
907 3647 1055 3704 clara
1075 3663 1237 3718 quam
1263 3664 1387 3704 rara
1425 3657 1527 3706 est.
1558 3649 1768 3706 Novum

240 3821 268 3848 ι
299 3807 454 3872 Mss,
503 3805 604 3858 tuis
645 3802 716 3876 ad
745 3802 981 3876 potiores
1018 3817 1168 3857 uoces
1207 3803 1494 3874 suscipiens
1537 3807 1765 3876 gratiam

163 3890 421 3940 nostram,
451 3883 638 3946 aptans
665 3875 721 3946 in
738 3874 849 3946 illo,
877 3881 985 3946 etc.
1336 3945 1343 3946 ί
1539 3874 1554 3876 -
1743 3885 1748 3890 -

239 3951 272 3990 ³⁷
299 3951 480 4012 Γνώμη

159 4021 303 4092 cipis
329 4013 600 4075 custodire
624 4013 971 4092 modestiam,
1009 4029 1206 4092 proco
1246 4015 1390 4092 quod
1429 4013 1757 4092 diceremus,

158 4084 394 4147 arduum
421 4097 505 4142 est
529 4101 626 4142 eos
653 4087 745 4154 qui
773 4084 939 4157 apud,
964 4084 1278 4156 principem
1303 4086 1592 4157 plurimum
1635 4101 1762 4157 pos-

156 4172 311 4228 sunt,
357 4174 420 4214 se
460 4153 745 4228 moderate
768 4153 1157 4228 submisseque'
1183 4153 1390 4226 gerere.
1445 4153 1674 4220 Novum,
1704 4157 1757 4212 id

155 4240 245 4288 est
273 4224 548 4299 magnum,
596 4224 799 4299 tit_._de.
829 4225 984 4299 publ.‘
1020 4224 1202 4299 indie:
1237 4241 1606 4299 novaupgma,
1658 4243 1757 4299 pro

153 4293 608 4358 atrocifServius
654 4293 919 4350 Honorat.
970 4293 1035 4350 in'
1076 4296 1208 4351 illud
1241 4293 1441 4365 Virgil;
1468 4293 1673 4363 Pollio,
1693 4297 1759 4352 Et

153 4373 278 4444 ipse
309 4371 436 4444 l'acit
459 4383 599 4444 nova
627 4365 868 4444 carmina
887 4407 904 4434 ,
927 4367 1068 4444 et_in
1099 4367 1248 4433 illud,
1280 4365 1413 4434 Quis
1455 4383 1626 4444 novus
1668 4369 1756 4426 hic

153 4435 380 4505 nostris,
411 4447 517 4496 etc.
543 4435 781 4492 Galenus
801 4437 941 4508 apud
962 4435 1280 4508 Hippocrat.
1300 4447 1562 4502 νεανικῶς,
1588 4439 1757 4508 inter-

149 4521 406 4584 pretatur
443 4513 708 4584 ysvvaiimc,
738 4507 826 4584 vel
853 4507 1221 4584 0703pr3g1_vel
1249 4513 1512 4584 ἰσχυρῶς,
1555 4507 1607 4563 id
1647 4515 1749 4576 est,

151 4577 462 4654 generose,
478 4578 674 4654 valde,_
691 4577 1064 4654 vehementiam
1082 4577 1256 4654 fons.

230 4625 1066 4720 '-'"9325’s.;agamnam;
1078 4625 1389 4720 ἑὶιίὶὶῆαοιι.
1409 4647 1504 4702 lib.
1529 4663 1568 4715 ι,
1591 4648 1753 4720 epist.
1782 4625 1831 4686 ι)

147 4723 246 4779 57.
297 4722 508 4792 Quippe
555 4719 774 4792 laatitia,
829 4719 1029 4787 inquit,
1081 4719 1549 4792 loquax_res_est
1592 4719 1756 4792 atque

148 4788 480 4850 ostentatrix
508 4790 614 4858 sui,
645 4789 783 4859 adeo
809 4795 870 4844 ut
897 4803 1103 4858 magna:
1131 4788 1270 4859 parti
1297 4788 1579 4844 hominum
1607 4789 1753 4859 nulla

146 4865 227 4920 ab
253 4863 357 4920 hac
379 4862 561 4919 cautio
589 4857 678 4915 sit.
710 4857 859 4912 idem
883 4857 1043 4928 epist.
1074 4857 1190 4928 seq.
1226 4859 1244 4881 '
1290 4860 1346 4914 In
1368 4861 1578 4916 serenis
1605 4858 1757 4914 fron-

142 4933 301 4990 tibus
329 4935 633 4989 animorum
655 4928 852 4984 indicia
881 4929 1266 4999 perleguntur;
1298 4945 1404 4986 non
1429 4931 1751 4986 enimseca—

135 5006 234 5078 pit
251 5002 575 5060 exundantis
601 5000 804 5056 laetitiis
831 5000 1166 5068 magnitudo,
1189 5001 1295 5083 sed
1335 4999 1624 5082 dedignata
1651 5015 1748 5070 pe-

139 5084 360 5133 ctorum
391 5073 628 5128 latebras
654 5071 730 5125 ita
760 5068 928 5124 multa
967 5077 1024 5125 et
1045 5070 1274 5126 candida
1296 5069 1430 5127 foris
1455 5079 1743 5140 prominet,

139 5093 360 5133 cwrum
392 5093 628 5128 lawnras
656 5093 730 5125 Ita
760 5093 928 5124 multa
967 5093 1024 5125 et
1045 5093 1274 5126 cannula
1296 5093 1430 5127 toris
1455 5093 1743 5140 prominet,

139 5153 211 5201 ut
240 5145 577 5214 intelligatur
597 5157 705 5214 non
733 5141 1005 5214 ingentior
1033 5140 1337 5214 essequam
1365 5143 1568 5214 verior.
1599 5139 1748 5214 Apu-

139 5217 288 5272 leius
316 5209 500 5271 libfin
523 5210 729 5268 Florid.
775 5209 910 5266 Nam
951 5225 1094 5266 nunc
1142 5209 1327 5266 laititia
1356 5211 1617 5268 facundiae
1643 5209 1747 5268 ob-

137 5285 389 5356 strepit,‘
413 5295 469 5356 et
495 5283 751 5356 cogitatio
797 5280 1099 5356 voluptate
1124 5280 1430 5356 impeditur,
1479 5297 1546 5338 ac
1589 5296 1747 5338 mens

137 5350 412 5432 occupata
441 5350 807 5432 delectatione
830 5350 1037 5432 mavult
1075 5350 1571 5432 impraesentiarum
1611 5365 1744 5432 gau-

134 5429 277 5484 dere
289 5419 478 5497 'quam,
515 5423 829 5497 praedicare.
881 5419 1022 5497 Quid
1070 5419 1298 5497 faciam?
1344 5423 1506 5492 cupio
1558 5419 1746 5497 gratus

133 5491 358 5553 videri':
390 5496 486 5552 sed
515 5491 628 5566 prae
654 5493 852 5562 gaudio
877 5492 1120 5548 nondum
1163 5491 1298 5546 mihi
1339 5501 1502 5548 vacat
1543 5491 1748 5562 gratias

134 5566 531 5646 asse-Fon-
644 5633 698 5646 ..
796 5633 904 5646 ....
1175 5633 1190 5646 .

211 5638 374 5706 Quod
417 5645 602 5694 autem
644 5633 744 5706 hic
780 5633 979 5689 dicitur
1010 5633 1288 5706 garrulam
1305 5648 1437 5706 esse
1475 5632 1739 5706 lauitiam,

133 5701 400 5780 congruit
444 5709 512 5764 iis
569 5720 690 5778 qua;
728 5703 982 5774 leguntur
1020 5701 1086 5760 in
1135 5701 1468 5777 Panegyrico
1515 5701 1741 5759 Pacati:

521 3943 862 4028 perpulchra:
894 3943 1104 3999 Novum
1135 3952 1238 4011 est,
1268 3945 1581 4028 sub_an_1_ore
1606 3946 1781 4015 prin»

1876 3288 1987 3335 tum
2035 3275 2452 3350 proﬁciscantur
2496 3275 2566 3331 ad
2611 3275 2862 3332 Gallias:
2905 3275 3141 3332 habituri
3188 3276 3464 3334 licentiam

1872 3369 2205 3428 distrahendi
2229 3413 2244 3436 ,
2295 3369 2437 3426 sicut
2482 3369 2627 3424 inter
2670 3376 2971 3439 emptorem
3017 3369 3465 3442 venditoremun

1871 3467 2209 3524 convenerit.
2238 3464 2454 3522 Grande
2481 3463 2826 3520 commodum
2858 3463 2877 3504 ί
2909 3472 3012 3530 est,
3043 3479 3164 3520 cum
3207 3464 3460 3536 indigen-

1872 3551 2016 3614 tibus
2064 3557 2265 3628 pacisci
2299 3575 2312 3612 :
2341 3557 2559 3626 quando
2590 3557 2760 3613 fames
2806 3565 2980 3612 totum
3025 3557 3164 3613 solet
3211 3563 3462 3614 contem-

1872 3665 2004 3706 nere
2029 3657 2083 3718 ι,
2103 3657 2164 3704 ιιι
2183 3664 2336 3704 suam
2357 3649 2734 3705 necessitatem
2758 3649 2932 3720 possit
2975 3648 3248 3720 expellere
3285 3647 3460 3723 [mss‘.,

1851 3787 1946 3859 .ait
1973 3802 2114 3858 enim
2139 3803 2191 3858 in
2213 3801 2464 3859 eumdem
2487 3801 2761 3873 hominem
2792 3816 2899 3858 non
2929 3817 3090 3873 posse
3117 3800 3304 3858 eodem
3334 3809 3468 3858 tem-

1867 3890 2001 3954 pore
2029 3873 2280 3954 gaudium
2309 3884 2362 3928 et
2383 3872 2658 3954 silentium
2679 3872 2990 3954 convenire.
3007 3872 3218 3954 _lflinius
3243 3887 3462 3954 quoque

1865 3942 2052 4000 scribit
2099 3945 2278 3998 inesse
2324 3943 2521 4010 gaudio
2546 3943 2674 4012 rvim
2704 3943 2952 4012 cogendi.
3003 3942 3190 4012 manca
3231 3942 3463 4012 estsine

1864 4029 2117 4070 sermone
2132 4009 2403 4093 hilaritas,
2430 4020 2486 4067 et
2512 4009 2854 4093 simulacrum
2885 4011 3134 4093 maeroris
3161 4020 3247 4065 est
3276 4009 3460 4093 occul-

1865 4093 1982 4139 tare
2003 4085 2146 4153 quod
2177 4084 2432 4153 gaudeas,
2475 4091 2532 4153 et
2578 4080 3142 4153 afﬂictionismutatio
3179 4093 3369 4136 vocem
3399 4080 3456 4153 in

1861 4148 2046 4210 laetitia
2071 4148 2434 4208 non'habere.
2485 4151 3007 4206 Prmtermittendum
3057 4158 3281 4206 non-est
3306 4148 3457 4219 quod

1862 4225 1934 4280 Μ.
1964 4224 2099 4280 Cato
2128 4224 2182 4279 in
2213 4224 2462 4278 oratione
2503 4237 2600 4292 pro
2630 4221 3026 4278 Rhodiensibus
3066 4219 3319 4292 aﬂirmat,
3368 4235 3458 4276 res

1861 4295 2129 4352 secundas
2177 4294 2361 4348 laetitia
2401 4291 2770 4348 transvorsum
2813 4308 2914 4348 nos
2961 4291 3179 4346 trudere
3225 4305 3256 4344 a
3305 4299 3458 4346 recte

1860 4366 2192 4442 consulendo
2211 4372 2377 4442 atque
2400 4362 2783 4442 intelligendo.
2800 4361 3062 4442 Apuleius
3091 4376 3220 4442 vero
3248 4359 3456 4442 Florid.

1859 4436 1953 4512 lib.
1987 4453 2044 4491 in
2075 4431 2314 4512 laetitiam
2362 4431 2676 4512 obstrepere
2718 4433 2810 4512 ait“
2835 4431 3118 4512 facundiae,
3165 4431 3456 4512 etcogita-

1859 4506 2070 4583 tionem
2097 4507 2386 4583 voluptate
2431 4503 2724 4583 impedire.
2771 4503 2974 4570 Quibus
3015 4503 3266 4583 congruit
3303 4512 3461 4583 vetus

1859 4577 2204 4646 proverbium
2234 4570 2463 4630 relatum
2489 4570 2524 4628 a
2569 4573 2643 4646 D._
2663 4572 3010 4646 Hieronymo,
3059 4570 3314 4627 nimirum
3340 4570 3458 4626 elo-

1856 4641 2134 4716 quentiam
2162 4661 2277 4701 rem
2303 4661 2410 4699 non
2437 4657 2556 4699 esse
2579 4643 2809 4699 tristem.
2833 4641 3023 4700 Bsoss.

1930 4716 1956 4754 ἀ
1991 4709 2048 4772 lil
2073 4724 2158 4772 est
2180 4715 2348 4772 curia.
2377 4730 2474 4770 seu
2503 4721 2741 4769 senatus.
2769 4711 2892 4767 Jun.

2073 4730 2158 4773 εει
2180 4730 2348 4778 curta,
2377 4730 2474 4770 seu
2503 4730 2741 4769 senatus.
2769 4730 2892 4767 εισι.

1932 4780 2628 4863 flg_estsenatores..lua.
2684 4851 2697 4863 .
2781 4862 2786 4863 γ
2924 4851 2940 4863 _
3011 4849 3078 4863 ﬂ
3247 4849 3280 4863 Δ.

1933 4857 1955 4928 ε
1999 4856 2101 4913 Hic
2146 4855 2317 4928 pretia
2358 4868 2537 4928 rerum
2583 4851 2884 4924 variantur,
2924 4851 2962 4907 l.
3007 4849 3097 4928 65,
3140 4849 3348 4928 pret_ia,_
3385 4855 3455 4928 a_d

1857 4928 1894 4984 l.
1919 4927 2126 4984 Falcid.
2148 4920 2628 4980 'commerciorum
2668 4934 2846 4978 mater
2869 4920 3206 4988 necessitas,
3252 4920 3290 4975 l.
3325 4921 3348 4976 Ι
3386 4922 3456 4980 de

1857 5008 2038 5076 contr.
2070 4993 2438 5076 emptFoan.
2589 5062 2603 5075 .
2700 5061 2714 5076 .
2799 5061 2814 5076 .
3028 5060 3045 5076 .
3259 5058 3273 5072 .

1928 5079 1952 5116 Β
1979 5060 2431 5134 Famis'tempore
2460 5062 2641 5118 omnia
2656 5061 2881 5134 Acharius
2907 5060 3239 5134 venduntur:
3256 5060 3368 5116 imo
3388 5067 3454 5134 et

1853 5139 2014 5210 liberi
2051 5153 2082 5193 a
2129 5129 2446 5210 parentibus
2486 5132 2878 5210 distrahuntur.
2921 5130 3194 5210 Yalentin.
3245 5129 3447 5210 novell.

1853 5209 1944 5278 ll,
1977 5198 2174 5287 Notum
2211 5215 2322 5287 est,
2345 5203 2563 5287 inquit,
2596 5203 2853 5287 proxime
2897 5199 3340 5287 obscenissimam
3354 5198 3453 5287 fa-

1851 5268 1995 5335 mem
2022 5295 2118 5352 per
2145 5268 2317 5332 totam
2345 5268 2556 5330 italiam
2580 5268 3250 5352 desaevisse,_coactosque
3277 5268 3450 5352 horai:

1852 5365 1950 5406 nes
1978 5342 2116 5404 ﬁlios
2142 5356 2199 5401 et
2225 5354 2477 5416 parentes
2503 5343 2764 5416 vendere,
2793 5351 2868 5416 ut
2879 5342 3168 5416 discrimen
3196 5342 3454 5416 instantis

1851 5420 2043 5493 mortis
2071 5408 2802 5493 subgerent.__l’aul._lib_._v,
2829 5412 2916 5493 tit.
2949 5410 2977 5464 l
3002 5417 3242 5493 sentem.
3259 5425 3276 5476 ;
3387 5408 3452 5472 2,

1850 5490 1928 5564 De
1955 5489 2153 5564 patrib.
2181 5478 2271 5564 ξιιιὶ
2302 5486 2356 5564 ii.
2386 5486 2544 5564 distr.
2574 5481 2840 5564 Annibale
2864 5480 3155 5564 Gassitium
3184 5478 3448 5564 oppidum

1849 5547 2153 5636 obsidente,
2185 5547 2503 5636 Strabolib.
2536 5571 2569 5612 v
2599 5561 2844 5636 testatur,
2872 5557 2944 5636 ᾡς
2973 5553 3078 5609 ὑπὸ
3105 5547 3450 5636 natast”:-

1850 5632 2217 5705 e'iatrigaxuris
2237 5631 2516 5705 πραθέντςσς
2544 5625 2824 5705 μεδῷμνονς
3027 5625 3446 5705 ηιυτεῃι-,ςανξιι

1850 5653 1940 5688 σια
1962 5653 1986 5687 ri
2017 5654 2213 5704 ἀχμσν
2237 5653 2516 5705 πραπντςς
2544 5653 2824 5707 pacique»,
2873 5653 2981 5679 mw
3028 5653 3135 5676 ιιιυι
3148 5653 3234 5700 cu.-
3266 5653 3342 5702 ,σε
3367 5653 3442 5702 ,ιιι

1847 5653 2132 5759 obsidione
2155 5700 2224 5755 20
2266 5698 2498 5754 numuiis
2541 5711 2770 5761 venisse,
2821 5692 3055 5751 refertur
3081 5705 3114 5745 a
3143 5686 3319 5747 Pbmo
3347 5689 3442 5746 lib.

206 5853 232 5880 '
247 5851 347 5905 Hic
363 5851 501 5906 locus
524 5863 622 5903 non
645 5857 724 5903 est
743 5849 1038 5916 Symmachi,
1070 5851 1158 5903 sed
1205 5849 1392 5900 Nazarii
1417 5851 1462 5900 in
1489 5849 1735 5913 Pancgyr.
1774 5855 1830 5902 ut
1853 5850 1916 5903 Ι).
1937 5849 2142 5902 Juretus
2157 5847 2276 5900 dicit
2295 5857 2352 5894 se
2375 5844 2666 5894 observasse
2685 5839 2744 5890 ad
2783 5838 2965 5901 Symm.
2989 5833 3074 5888 lib.
3102 5852 3137 5900 ι,
3171 5846 3248 5896 sp.
3275 5831 3332 5884 3|
3352 5867 3368 5884 .
