3974 6384
214 264 318 320 617

782 381 1112 441 EPISTOLA
1141 383 1228 438 IX.

202 485 362 525 nsum
392 470 524 544 [ed.,
556 469 730 543 osum]
759 489 880 530 vino
911 490 1175 541 ILLUSTBI,
1207 489 1410 538 conm,
1445 485 1808 529 rueononlcus

947 560 1072 598 REX.

207 633 490 706 Constituit
518 640 576 706 ut
613 633 658 685 si
681 633 768 706 qui
796 631 1090 706 Maurentio
1123 643 1176 686 et
1207 635 1390 706 Paula!
1418 637 1580 706 patris
1609 637 1806 691 aua‘ili'o

283 701 479 825 ergatis
523 702 663 756 litem
694 701 1022 757 intendet-int
1049 744 1062 765 ,
1113 721 1200 758 eos
1248 705 1317 758 ad
1363 701 1563 760 curiam
1609 710 1806 777 regiam

282 789 351 826 ml
381 782 432 825 ta
459 811 475 826 .

283 862 613 918 Innocentiaa
636 863 902 933 professio
933 875 1017 918 est
1049 874 1288 919 nostram
1321 865 1552 935 elegisse
1583 881 1812 936 praesen-

212 955 345 1010 tiam
379 972 394 1009 :
427 954 519 1009 ubi
549 969 649 1010 nec
676 954 948 1009 violentizn
996 955 1147 1010 locus
1194 957 1374 1024 datur,
1427 972 1527 1012 nec
1569 957 1810 1012 avaritia:

212 1044 342 1098 vitia
389 1043 762 1099 formidantur.
814 1043 1150 1100 Maurentius
1193 1058 1356 1117 atque
1405 1046 1589 1116 Paula,
1640 1050 1811 1118 patris

213 1135 416 1191 auxilio
438 1134 651 1204 nudati,
669 1135 961 1190 multorum
983 1151 1044 1190 se
1073 1136 1279 1202 injuriis
1303 1146 1568 1193 teSIantur
1579 1139 1806 1208 exponi:

213 1242 446 1298 quorum
475 1225 840 1282 adolescentia
880 1226 1063 1296 pervia
1111 1227 1329 1280 videtur
1373 1227 1732 1283 incommodis
1760 1237 1809 1296 ⁸,

213 1334 339 1374 cum
369 1317 525 1374 facile
548 1317 722 1388 possit
749 1317 956 1388 subripi
985 1318 1071 1372 vel
1108 1317 1397 1386 juvenibus
1425 1318 1715 1373 destitutis.
1743 1317 1811 1373 Et

213 1408 338 1464 ideo
369 1417 612 1464 nostrum
639 1417 914 1464 merentur
942 1409 1266 1479 prmsidium,
1299 1424 1326 1464 a
1349 1410 1542 1481 quibus
1570 1425 1628 1465 se
1657 1412 1810 1466 calli-

214 1499 358 1555 ditas
385 1516 493 1554 non
522 1500 754 1556 abstinet
799 1501 1190 1570 improborum.
1232 1499 1467 1557 Proinde
1511 1504 1812 1560 sublimitas

216 1597 398 1644 vestra
429 1598 673 1645 tenorem
703 1591 983 1660 praesentis
1008 1589 1266 1659 jussionis
1296 1605 1614 1660 agnoscens,
1647 1609 1809 1665 supra

216 1692 550 1736 memoratos
579 1683 810 1749 adultos,
853 1683 898 1738 si
929 1684 1048 1754 quis
1073 1683 1405 1753 iurgantium
1447 1687 1665 1756 pulsare
1695 1703 1811 1743 ma-

217 1771 400 1836 luerit,
447 1772 513 1828 ad
555 1782 798 1828 nostrum
843 1775 1158 1829 comitatum
1208 1777 1419 1831 noverit
1465 1777 1810 1848 dirigendos:
1847 1766 1888 1822 Β

220 1863 311 1916 ubi
339 1871 396 1917 ct
444 1863 751 1918 innocentia
801 1863 1120 1936 perfugium,
1165 1874 1223 1922 et
1268 1867 1685 1926 calumniatores
1725 1869 1816 1940 jus

221 1962 449 2023 possunt
478 1953 719 2010 invenire
743 1955 1065 2011 districtum.
1437 1955 1459 1974 ⁸

801 2086 1138 2144 EPISTOLA
1175 2087 1244 2142 Χ.

222 2197 404 2261 ιοΑΝῃι
446 2197 570 2237 VIBO
597 2196 877 2250 SENATOBI,
916 2197 1206 2238 CONSULARI
1241 2199 1540 2244 CAIPANIE.
1575 2200 1814 2243 THEODO-

866 2268 1015 2308 RICCS
1041 2269 1167 2306 REX.

223 2339 468 2415 Decemit
504 2350 560 2396 ut
589 2341 810 2415 edictum
839 2343 1138 2415 promulget
1167 2343 1222 2415 in
1259 2360 1346 2398 eos
1387 2346 1472 2414 qui
1519 2357 1696 2415 sponte
1742 2346 1814 2399 ad

294 2412 615 2487 pignorandi
639 2428 696 2466 se
747 2412 1302 2487 studia_corituferi_nt;
1339 2412 1554 2486 et‘jubet
1593 2425 1648 2468 ut
1673 2417 1813 2487 quis-

293 2481 430 2553 quis,
457 2489 592 2556 quod
621 2490 848 2556 repetere
871 2481 1144 2556 debuisset,
1169 2481 1479 2556 pignoratidi
1503 2481 1809 2556 gratia'j'or-

295 2555 448 2626 tassis
472 2553 722 2626 inuaserit
743 2592 759 2617 ,
809 2568 930 2626 uoce
967 2553 1106 2626 juris
1151 2553 1380 2626 aruittat.
1421 2553 1572 2619 Quod
1609 2556 1655 2609 si
1695 2553 1811 2626 auis

293 2622 536 2678 solvendo
561 2638 666 2678 non
695 2633 780 2689 sit,
808 2624 861 2676 in
885 2622 1002 2678 eum
1020 2624 1124 2679 uult
1145 2624 1364 2696 fustibus
1393 2622 1755 2680 animadverti.

296 2733 518 2794 Fmdum
547 2743 630 2792 est
665 2735 806 2792 inter
825 2735 948 2806 jura
987 2737 1202 2808 publica
1235 2737 1459 2808 privatis
1484 2739 1624 2794 odiis
1651 2738 1808 2795 liceno

221 2829 354 2884 tiam
377 2828 526 2893 dare,
563 2843 668 2884 nec
683 2827 751 2883 ad
779 2828 1059 2884 arbitrium
1087 2830 1366 2899 proprium
1381 2829 1702 2900 jndicandns
1723 2841 1808 2886 est

223 2921 560 2978 inconsultus
589 2922 768 2978 fervor
796 2921 1119 2976 animorum.
1156 2920 1400 2991 Iniquum
1425 2922 1628 2992 quippe
1654 2921 1812 2978 nimis

223 3024 311 3070 est
328 3014 475 3084 quod
493 3013 727 3069 delectat
750 3013 966 3068 iratum.
983 3012 1396 3083 Fureutesjusta
1417 3029 1524 3069 non
1549 3013 1806 3080 senﬁuut,

221 3105 351 3175 quia
391 3103 517 3159 dum
541 3103 800 3160 commoti
828 3104 1010 3159 animo
1054 3104 1110 3159 in
1131 3104 1418 3159 vindicta
1445 3104 1693 3171 sieviunt,
1721 3120 1810 3162 re-

221 3211 345 3252 rum
374 3194 786 3266 temperantiam
811 3209 922 3251 non
968 3194 1268 3266 requirunt.
1294 3193 1430 3250 Hinc
1451 3203 1535 3250 est
1560 3193 1707 3264 quod
1731 3194 1810 3250 leo

221 3299 352 3356 gum
373 3293 585 3357 reperta
606 3293 691 3342 est
715 3299 866 3340 sacra
909 3285 1238 3350 reverentia,
1294 3293 1354 3340 ut
1395 3285 1527 3340 nihil
1569 3299 1732 3347 manu
1750 3283 1808 3350 ι,

223 3377 359 3433 nihil
387 3377 611 3448 proprio
639 3383 892 3445 ageretur
933 3376 1188 3447 impulsu.
1217 3375 1356 3444 Quid
1386 3377 1530 3431 enim
1557 3393 1588 3431 a
1614 3377 1806 3434 bellica

222 3468 542 3525 confusione
585 3483 691 3539 pax
716 3467 1003 3538 tranquilla
1030 3467 1270 3534 distabit,
1305 3467 1351 3522 si
1378 3483 1475 3539 per
1502 3467 1609 3522 vim
1640 3467 1807 3538 litigia

224 3560 586 3614 terminentur
631 3557 748 3631 [πω.
781 3557 872 3624 A.,
903 3572 1002 3632 per
1029 3556 1154 3626 jura
1192 3557 1362 3627 Iitigia
1384 3573 1492 3613 non
1515 3559 1810 3613 terminen-

225 3649 380 3722 tur]?
410 3647 830 3705 Provincialium
875 3649 1036 3718 igitur
1062 3648 1371 3719 Campania:
1399 3657 1564 3718 atque
1599 3648 1808 3703 Samnii

224 3743 570 3814 suggestione
589 3743 977 3814 comperimus,
1005 3743 1311 3806 nonnullos,
1345 3743 1585 3812 neglecta
1608 3752 1810 3814 tempo-

223 3851 348 3890 rum
385 3833 684 3904 disciplina,
714 3831 780 3886 ad
812 3832 1126 3902 pignorandi
1159 3843 1182 3870 °
1213 3848 1274 3888 se
1298 3832 1474 3888 studia
1505 3833 1809 3887 transtulis-

224 3941 311 3994 se,
334 3932 391 3980 et
413 3924 568 3995 quasi
597 3923 782 3980 edicto
793 3923 980 3986 misso,
1003 3938 1101 3995 per
1126 3923 1314 3992 vulgus
1357 3923 1631 3979 licentiam
1684 3939 1806 3980 ore.

305 4111 330 4139 ἰ
359 4098 798 4172 Circumscriptio
828 4103 1229 4172 adulescentum
1259 4101 1487 4172 Laetoria
1524 4101 1656 4172 lege
1680 4114 1810 4172 pro-

225 4172 422 4237 hibita,
443 4170 616 4226 Cicer.
646 4169 700 4227 ui
720 4171 869 4226 Ol‘lic.
896 4182 951 4226 ct
977 4172 1045 4225 de
1076 4171 1194 4225 Nat.
1221 4170 1492 4226 denrJul.
1510 4169 1803 4241 Capitolio.

228 4243 284 4296 in
318 4241 548 4296 Antonio
572 4241 918 4309 Philosopllo,
942 4243 975 4294 l.
997 4243 1048 4296 2’.
1074 4242 1134 4295 C.
1168 4241 1372 4297 Theod.
1399 4242 1472 4297 De
1500 4242 1687 4298 donat.
1712 4241 1805 4296 lib.

229 4313 317 4366 tit.
348 4310 432 4380 l2.
464 4309 671 4366 Insidiae
700 4312 831 4366 ﬂunt
853 4313 1306 4380 adolescentibus,
1334 4313 1367 4366 Ι.
1403 4311 1453 4378 1,
1487 4311 1558 4368 de
1586 4311 1810 4367 Minori-

229 4383 350 4436 bus.
385 4379 548 4436 Fonu.
1294 4379 1299 4380 ί

243 4519 262 4527 Δ
306 4451 330 4488 δ
360 4448 926 4527 ΝρΙιὶι-ηιαηαζχειεῶν
950 4454 1100 4524 νόμῳ,
1129 4450 1179 4506 id
1209 4458 1291 4527 est
1312 4451 1382 4508 vi.
1411 4449 1727 4527 PomponJ.
1746 4449 1799 4516 2,

1488 263 1850 336 VAliIAIlUM
1891 261 2094 318 LIBER
2131 263 2216 316 IV.

1833 386 1883 443 Α
1907 383 2050 435 visse
2070 391 2340 435 vitiorum.
2367 377 2458 433 IIis
2483 380 2652 436 multo
2672 381 2951 438 acerbiora
2970 381 3279 454 jungentes,
3302 387 3494 445 alienis

3397 269 3502 325 618

1911 470 2106 526 debitis
2131 470 2195 523 ad
2217 469 2541 526 solutionem
2568 471 2702 527 alios
2732 473 2893 539 trahi,
2942 475 3224 546 solamque
3270 495 3491 535 causam

1911 547 2243 630 probabilem
2270 563 2458 628 videri,
2493 563 2536 617 si
2561 563 2738 632 aliqua
2766 563 2997 620 debitori
3028 567 3203 636 potuit
3235 568 3286 623 in
3311 571 3503 627 civita-

1912 657 1968 702 te
1993 649 2267 720 conjungi.
2299 649 2348 704 Ο
2377 651 2613 720 iniquum
2667 653 3030 722 persuasionis
3059 654 3195 727 (lege
3235 659 3503 726 pervasio-

1914 739 2015 794 nis.
2044 737 2547 811 Juas'r.]e1-rorcm.
2598 741 2920 797 Dividuntur
2957 759 3136 800 causa:
3177 749 3450 817 germanis
3481 763 3498 804 :

1913 831 2052 887 illius
2076 833 2492 900 obligationibus
2511 833 2536 870 ά
2556 834 2816 904 paternis,
2839 835 2881 889 si
2912 850 3022 890 non
3042 837 3111 891 sit
3134 837 3326 905 haeres,
3354 841 3504 896 exui-

1915 931 2026 990 tur;
2054 940 2192 979 uxor
2241 925 2578 980 maritalibus
2629 925 2844 991 debitis,
2880 927 2980 982 nisi
3025 943 3123 998 per
3142 932 3502 988 successionis

1912 1016 2144 1081 vincula,
2167 1030 2274 1071 non
2301 1025 2544 1081 tenetur;
2571 1024 2627 1071 et
2655 1016 3218 1073 audaciasolutionem
3236 1021 3503 1077 trahite:-

1913 1118 2149 1173 traneos,
2165 1122 2286 1162 cum
2305 1107 2589 1162 absolvant
2610 1107 2731 1177 jura
2754 1107 3092 1178 conjunctos.
3114 1108 3227 1165 IIoc
3240 1111 3504 1170 hactenus

1913 1195 2028 1253 fieri
2043 1197 2215 1252 nostri
2235 1197 2536 1266 ignorantia
2553 1195 2783 1253 fortasse
2807 1199 3106 1268 pertulerit,
3127 1217 3266 1258 nunc
3281 1220 3502 1260 necessc

1912 1297 1996 1344 est
2027 1289 2323 1344 remedium
2349 1288 2420 1343 de
2455 1289 2662 1358 legibus
2690 1289 2902 1356 habeat,
2934 1292 3081 1361 quod
3123 1304 3363 1348 nostram
3413 1312 3504 1367 po-

1913 1383 2014 1436 tuit
2043 1385 2244 1437 intrare
2269 1381 2534 1436 notitiam.
2587 1381 2824 1438 Proinde
2855 1384 3098 1439 edictalis
3128 1400 3501 1456 programma-

1915 1473 1980 1526 tis
1995 1481 2187 1527 tenore
2207 1481 2492 1542 comperto
2503 1472 2874 1541 spectabilitas
2899 1485 3076 1529 vestra
3095 1476 3161 1530 ad
3180 1487 3498 1533 cunctorum

1913 1559 2079 1615 faciat
2099 1560 2348 1615 notitiam
2372 1561 2676 1630 pervenire,
2711 1570 2770 1615 ut
2789 1563 3030 1632 quisquis
3074 1565 3220 1635 quod
3251 1575 3502 1636 repetere

1912 1652 2203 1720 debuisset,
2223 1652 2550 1724 pignorandi
2575 1653 2756 1708 studio
2787 1652 3031 1711 fortassis
3057 1657 3334 1725 invaserit,
3367 1675 3503 1716 voce

1918 1744 2092 1817 [mss.,
2119 1743 2330 1816 vocem]
2351 1743 2488 1814 juris
2515 1744 2748 1813 amittat,
2771 1759 2874 1800 nec
2914 1746 3072 1800 liccat
3101 1749 3355 1817 cuiquam
3404 1767 3501 1808 sua

1913 1844 2133 1906 sponte,
2163 1835 2266 1891 nisi
2312 1835 2608 1904 obligatum
2664 1835 2910 1901 forsitan,
2961 1837 3154 1907 pignus
3180 1839 3410 1895 aliferre.
3444 1841 3501 1898 Si

1914 1941 2046 1982 vero
2066 1927 2296 1982 alterum
2324 1941 2423 1995 pro
2444 1926 2636 1989 altero.
2656 1927 2800 1996 quod
2832 1925 2982 1983 nefas
3009 1927 3155 1983 dictu
3177 1940 3280 1995 est,
3314 1932 3503 2002 pigno-

1913 2030 2036 2070 rare
2058 2016 2328 2080 maluerit,
2354 2017 2405 2070 in
2431 2015 2652 2085 duplum
2684 2016 2770 2071 cui
2816 2017 2920 2070 vim
2953 2017 3082 2072 fecit
3107 2019 3314 2090 direpta
3347 2023 3502 2078 resti—
3582 2086 3586 2090 ,

1914 2113 2030 2160 tuat
2055 2123 2067 2158 :
2101 2106 2225 2175 quia
2251 2106 2457 2161 scelera
2479 2107 2675 2161 damna
2705 2107 2826 2177 plus
2847 2108 3123 2177 cohibent,
3155 2121 3211 2166 et
3253 2113 3367 2168 sola
3415 2113 3502 2170 de-

1914 2196 2165 2252 trimenta
2195 2198 2432 2268 cogitant
2459 2198 2550 2266 qui
2578 2196 2799 2266 pudoris
2823 2197 2999 2254 fecere
3017 2199 3302 2270 jacturam.
3329 2202 3499 2271 Quem

1915 2303 2046 2344 vero
2075 2289 2143 2342 ab
2173 2287 2274 2343 hac
2304 2288 2668 2344 redhibitione
2716 2289 2849 2362 lolii,
2881 2289 3244 2366 redimitione]
3297 2292 3498 2352 fmdum

1911 2377 2272 2450 patrocinium
2293 2379 2571 2432 tenuitatis
2594 2385 2841 2445 excusat,
2869 2394 2968 2450 pro
2987 2381 3205 2438 admissi
3235 2383 3499 2454 qualitate

1912 2470 2168 2524 facinoris
2188 2469 2243 2524 in
2271 2484 2398 2523 eum
2432 2467 2695 2526 fustuario
2723 2471 2990 2542 supplicio
3032 2472 3356 2530 vindicetur.
3381 2474 3500 2532 Non

1913 2562 2057 2617 enim
2087 2561 2323 2632 patimur
2346 2561 2666 2631 impunitum
2694 2561 2840 2632 quod
2863 2561 3111 2619 uolumus
3138 2577 3260 2621 esse
3280 2565 3499 2636 permis«

2489 2761 2816 2820 EPISTOLA
2846 2765 2938 2822 XI.

1984 2871 2206 2912 εεΝΑιιιο
2234 2870 2356 2912 VIRO
2376 2873 2642 2921 ILLIIS’I'RI,
2665 2872 2867 2922 COHITI,
2900 2875 3266 2915 THEODORICUS
3303 2878 3427 2917 REX.

1913 2943 2150 3000 Remittit
2201 2944 2271 2998 ad
2297 2961 2412 3016 eum
2434 2962 2662 3016 causam
2690 2946 2828 3000 inter
2879 2965 3201 3016 possessores
3237 2949 3500 3007 Voll'emes

1982 3025 2137 3089 atque
2166 3015 2385 3089 curiales
2407 3015 2641 3086 diligenti
2687 3015 2926 3070 examine
2956 3017 3354 3087 discutiendam,
3407 3040 3499 3078 nec

1979 3085 2086 3141 non
2113 3094 2164 3140 et
2185 3085 2487 3156 ﬁniendam.

1838 3139 1884 3202 ς’
1983 3139 2121 3252 Spes
2172 3139 2256 3236 est
2306 3189 2452 3235 certa
2481 3180 2728 3252 remedii,
2787 3190 2910 3237 vota
2943 3185 3243 3254 supplicum
3272 3189 3337 3243 ad
3367 3205 3498 3260 pru-

1911 3271 2089 3328 dentis
2109 3270 2382 3326 remisisse
2402 3269 2698 3340 judicium;
2739 3279 2800 3326 ut
2827 3286 2926 3342 per
2951 3275 3309 3332 ordinationis
3331 3279 3498 3337 bene~

1913 3363 2123 3426 licium,
2179 3362 2512 3420 confusionis
2567 3362 2860 3432 abrogetur
2898 3365 3184 3422 incertum.
3261 3368 3496 3428 Proinde

1914 3456 2228 3528 magnitudo
2270 3465 2384 3524 tua,
2430 3456 2586 3526 cujus
2608 3454 2935 3512 ordinationi
2969 3449 3180 3516 {idetur
3207 3463 3489 3533 subjacere

1913 3551 2221 3623 provincia,
2248 3550 2394 3606 inter
2419 3565 2763 3620 possessores
2819 3550 3100 3609 Vollenses
3127 3563 3292 3624 atque
3316 3558 3494 3613 curia-

1914 3645 1995 3702 les
2032 3659 2249 3701 causam
2275 3642 2514 3712 diligenti
2563 3644 2976 3699 examinatione
3004 3645 3285 3716 discutiat,
3306 3657 3496 3718 quate-

1915 3751 2017 3792 nus
2043 3737 2182 3791 inter
2205 3749 2302 3791 eos
2330 3734 2576 3805 sopiatur
2595 3736 2814 3804 querela
2832 3777 2848 3804 ,
2877 3750 2906 3790 a
2931 3735 3086 3793 vobis
3111 3739 3384 3807 patefacta
3417 3739 3498 3810 ju-

1913 3831 2077 3886 stitia.
2101 3829 2217 3884 Non
2240 3828 2382 3884 enim
2399 3829 2555 3884 decet
2575 3838 2698 3898 post
2723 3830 3054 3886 audientiam
3077 3841 3314 3890 vestram
3337 3849 3499 3902 nego-

1913 3921 2047 3975 tium
2069 3919 2228 3986 trahi,
2258 3934 2288 3972 a
2315 3934 2425 3988 quo
2449 3928 2568 3988 post
2585 3920 2724 3975 alios
2745 3919 2954 3989 judices
2990 3920 3266 3978 debuisset
3294 3923 3493 3980 audiri.

1949 4113 2010 4153 ro
2057 4096 2247 4152 alienis
2299 4097 2644 4168 vicaueurum
2694 4097 2890 4154 debitis
2920 4100 3312 4168 tcncaturylib.
3347 4100 3487 4157 χιε.

1944 4168 2240 4242 ustinianus
2263 4167 2460 4223 novell.
2485 4165 2553 4222 2&2
2567 4175 2624 4222 et
2651 4168 2769 4232 152,
2801 4179 2855 4224 et
2880 4172 2986 4224 vim
3009 4165 3221 4225 omnem
3241 4190 3272 4228 a
3301 4175 3490 4242 repub.

1909 4237 2102 4311 abesse
2122 4237 2296 4311 jubet,
2345 4245 2404 4292 ut
2442 4253 2548 4291 non
2578 4253 2760 4304 manu,
2796 4242 2888 4294 sed
2919 4243 3131 4296 actione
3154 4237 3493 4311 experiatur.

1907 4308 2076 4380 quue
2115 4309 2223 4380 juri
2253 4316 2437 4364 nostro
2465 4317 2884 4380 consentaneum
2933 4319 3034 4375 est,
3071 4312 3106 4366 Ι.
3157 4308 3335 4366 exstat
3365 4322 3420 4368 et
3451 4312 3488 4366 l.

1907 4377 2208 4502 petiuigouno‘d
2237 4386 2368 4434 met.
2412 4393 2586 4444 caus.,
2613 4379 2648 4432 l.
2679 4379 2733 4442 9,
2777 4391 3053 4450 negantes,
3083 4398 3132 4437 c.
3163 4383 3226 4437 de
3254 4384 3413 4454 oblig.
3445 4393 3496 4437 et

1912 4457 2016 4504 act.
2042 4457 2206 4504 Fons.

229 4519 302 4576 de
343 4521 479 4590 orig.
505 4521 615 4590 jur.
651 4539 664 4576 :
696 4517 890 4576 O'l'nn'ia
944 4517 1104 4576 manu
1163 4522 1305 4588 regis
1353 4517 1811 4590 gubernabuntur.
1847 4517 1894 4576 D
1988 4517 2578 4590 'lAl.,atligationib_u§,
2602 4528 2709 4590 etc:
2742 4517 2940 4576 Scribit
2965 4537 3093 4576 vero
3123 4520 3320 4579 Sextus
3363 4521 3494 4577 Em-

231 4588 676 4663 ξιοιρθηίηὴιαηυ
704 4608 736 4644 a
763 4591 988 4663 regibus.
1022 4592 1118 4663 bis.
1140 4591 1294 4663 liber,
1314 4588 1795 4663 manuum‘tegibus.

229 4659 449 4724 Paulus,
481 4662 738 4716 adversus
759 4659 1048 4716 exiraneos
1094 4660 1362 4729 homines,
1409 4661 1455 4716 si
1484 4659 1609 4726 quid
1629 4659 1800 4714 manu

228 4730 615 4801 commiserint.
647 4730 802 4798 Quod
828 4745 997 4800 genus
1024 4731 1235 4801 dicendi
1262 4731 1353 4801 qui
1383 4733 1556 4801 minus
1582 4744 1798 4800 perspe-

228 4808 444 4864 xerant,
493 4799 607 4856 ausi
633 4797 756 4856 sunt
799 4797 1020 4868 integris
1047 4797 1435 4856 Pandectarum
1464 4797 1804 4854 Florentius-

227 4885 352 4926 rum
397 4869 612 4925 lectioni
651 4870 993 4935 substituere,
1049 4871 1232 4935 modo,
1278 4885 1500 4931 manus;
1530 4868 1715 4930 modo,
1749 4869 1802 4923 in

181 4975 192 4983 ρ
226 4940 424 5004 alium;
454 4939 641 5007 modo,
659 4941 878 4994 malum.
907 4939 973 4994 Et
999 4941 1052 4995 in
1083 4939 1258 4995 Photii
1281 4938 1688 5003 Nomocanone,
1717 4947 1801 4992 tit.

227 5009 284 5070 9,
331 5025 454 5079 cap.
485 5009 516 5062 7
545 5027 563 5080 γε
589 5008 646 5064 Si
675 5011 959 5080 episcopus
984 5011 1240 5067 adversus
1283 5011 1542 5080 collegam
1590 5012 1809 5080 ρὐνεπί-

227 5101 423 5134 σκοπον
451 5079 722 5134 actionem
749 5079 953 5136 habens
974 5096 1080 5134 non
1105 5088 1248 5148 agat,
1275 5081 1370 5136 sed
1404 5079 1524 5136 cum
1568 5079 1662 5135 illo
1697 5087 1806 5132 tra-

227 5156 360 5226 ctet,
395 5154 536 5226 χιιρξ
556 5148 760 5226 πράξει,
783 5149 836 5204 id
855 5159 938 5204 est
965 5165 1126 5204 manu
1148 5147 1205 5204 et
1232 5151 1283 5204 vi
1311 5157 1453 5218 agat.
1485 5147 1624 5226 Male
1662 5147 1808 5226 lien-

225 5207 372 5272 ricus
395 5207 652 5289 Kg'yleu's,
675 5207 1052 5302 ’χέιρρετττάξσει2
1083 5226 1313 5302 conatus
1326 5207 1808 5302 ἔφθηάειτεκΐιςυετ

227 5297 330 5349 tra,
368 5297 425 5342 ut
448 5279 520 5358 Ei
549 5279 1109 5358 concilii'tjarthagin.
1138 5304 1258 5344 can.
1292 5289 1412 5354 121,
1443 5299 1498 5344 et
1523 5279 1807 5342 Justiniani

225 5358 408 5412 novel.
456 5357 481 5410 I
527 5357 578 5418 3.
611 5361 962 5414 convincitur.
1012 5357 1102 5413 Vis
1145 5359 1318 5413 omnis
1355 5359 1560 5427 legibus
1589 5358 1805 5418 infesta,

226 5444 351 5484 cum
375 5429 594 5497 insuper
621 5429 806 5483 habito
837 5430 1182 5497 magistratus
1212 5428 1436 5496 imperio
1462 5427 1656 5497 privati
1704 5427 1807 5481 sibi

222 5499 312 5578 jus
333 5497 431 5581 ipsi
461 5495 667 5581 dicunt.
697 5497 757 5552 L.
785 5495 1000 5581 non‘ést
1025 5495 1364 5581 singulis_,_ide
1389 5495 1499 5581 reg.
1527 5497 1632 5581 ju.,
1651 5500 1808 5581 auge-

229 5573 354 5650 Kia.)
380 5568 656 5650 ᾃανεισττξιν
671 5576 848 5650 vocat.
876 5567 1204 5650 ll_armenlip_.
1238 5567 1704 5650 lib_.__lu.Epit‘ou_l‘.,
1723 5567 1805 5622 tit.

263 5677 278 5702 ’
302 5635 1019 5778 ἔῗὲῖεξιῖῑξιέἓῗὲἓξ³ἑζη¹ιῗξέ
1042 5635 1609 5778 ﬁliisﬁliis“?
1631 5636 1807 5774 illis:

225 5778 322 5835 bet
350 5775 741 5840 Theudoricus,
762 5785 816 5830 et
845 5776 989 5831 Zeno
1017 5777 1054 5832 l.
1089 5775 1203 5844 lin.,
1229 5777 1478 5834 utnullus
1504 5792 1570 5832 ex
1600 5778 1803 5833 vicenis

571 5875 846 5933 ι’Δτιιωι..
877 5869 1015 5930 LXI
1031 5872 1108 5931 Χ.

1904 4589 2119 4662 pyricus
2140 4588 2232 4643 lib.
2262 4587 2299 4651 i,
2333 4604 2455 4663 cap.
2485 4587 2570 4652 Η,
2597 4590 2648 4644 in
2681 4587 2771 4643 fin.
2803 4591 3062 4662 Pyrrhon.
3088 4590 3492 4663 hypothes.,le-

1905 4657 2178 4731 'gemesse
2224 4659 2364 4730 apud
2411 4657 2704 4731 Romanos,
2725 4667 2802 4731 _ut
2825 4657 2916 4728 qui
2962 4657 3200 4731 paternis
3225 4657 3496 4718 bonis're-

1908 4729 2278 4801 nuntiat,__non‘
2302 4729 2768 4801 persolvatpatris
2802 4729 3038 4786 nomina.
3071 4730 3224 4801 Apud
3255 4731 3494 4788 Rhodios

1910 4807 2089 4870 autem
2119 4797 2411 4870 dissolvere
2436 4811 2510 4870 tes
2543 4797 2775 4870 alienum
2802 4809 3087 4870 paternum
3115 4797 3492 4870 compellatur.

1911 4814 2089 4853 autem
2119 4814 2411 4852 tltSSOlVeI'e
2436 4814 2510 4851 (BS
2543 4814 2775 4853 alienum
2802 4814 3087 4923 paternum
3115 4814 3492 4870 compellatur.

1911 4868 2167 4937 Quamvis
2210 4882 2318 4922 non
2349 4866 2525 4937 omnis
2556 4868 2693 4922 lilius
2713 4877 2792 4923 est
2844 4885 2998 4936 mres,
3031 4885 3130 4926 nec
3151 4873 3330 4926 statim
3359 4872 3498 4928 invi-

1912 4935 1997 4992 tus
2026 4935 2492 5010 obstringiturafri
2521 4937 2699 5010 alieno
2727 4953 2757 5010 a
2799 4949 2953 5010 patre
2978 4935 3213 4996 conflato
3245 4960 3257 4995 :
3281 4957 3312 4996 a
3339 4941 3494 5010 cujus

1912 5007 2223 5078 haereditate
2236 5005 2404 5078 (quod
2434 5007 2592 5062 hodie
2612 5007 2756 5078 licet)
2773 5005 3108 5074 abstinuerit,
3139 5019 3238 5066 tot.
3259 5005 3494 5066 tractatu

1909 5079 1979 5148 de
1999 5075 2571 5148 jur.,delg.’l_._l‘2,rculn
2593 5092 2624 5132 a
2655 5075 2843 5148 matre,
2876 5078 2938 5135 C.
2968 5081 3036 5135 de
3078 5081 3157 5134 rei
3182 5080 3378 5136 vindic.
3405 5097 3421 5146 ;
3452 5081 3490 5136 l.

1915 5144 2151 5210 15,':eris
2173 5163 2188 5211 ;
2211 5145 2246 5215 l.
2273 5144 2360 5210 ει,
2393 5147 2436 5199 si
2459 5147 2622 5215 patri,
2649 5146 2710 5202 C.
2747 5148 2814 5203 de
2834 5149 3042 5212 donat.,
3071 5164 3120 5204 c.
3148 5165 3251 5204 non
3301 5144 3489 5215 omnis,

1915 5216 2002 5278 δί,
2027 5231 2083 5284 q.
2114 5215 2171 5270 2.
2199 5214 2378 5287 Quare
2401 5214 2702 5287 Alexander
2729 5220 2966 5286 pantil‘ex
2994 5217 3152 5273 Rom.
3181 5219 3326 5287 quod
3348 5214 3492 5273 indi;

1912 5283 2107 5342 stincte
2135 5283 2574 5356 rescribitililiuul
2605 5283 2774 5356 patris
2792 5288 2971 5343 debita
2993 5283 3274 5343 exsolvere
3295 5291 3492 5354 teneri,

1912 5373 1961 5412 c.
1989 5357 2012 5409 Ι
2044 5357 2108 5410 de
2131 5357 2312 5422 solut.,
2355 5355 2406 5408 id
2429 5371 2536 5410 non
2563 5355 2880 5426 simpliciter
2904 5357 2972 5413 de
2994 5357 3148 5426 Atilio,
3179 5359 3273 5413 sed
3297 5374 3492 5414 si-cun-

1910 5427 2036 5482 dum
2061 5440 2123 5480 ea
2149 5441 2270 5496 quas
2299 5427 2492 5496 saepius
2510 5424 2845 5496 contingunt,
2867 5427 2936 5483 de
2982 5424 3094 5482 lilio
3122 5427 3264 5484 haere
3285 5429 3491 5484 litatem

1915 5505 2120 5568 tantum
2146 5494 2315 5568 patris
2340 5494 2573 5568 adeunte
2598 5495 2966 5568 accipiendum
2993 5505 3098 5563 est,
3122 5512 3235 5568 arg.
3269 5499 3306 5552 Ι.
3338 5497 3392 5561 4,
3437 5498 3489 5561 5,

1915 5566 1967 5638 6,
1999 5562 2245 5638 delegib.
2274 5562 2344 5638 Ut
2373 5566 2658 5638 plllrimum
2687 5562 2871 5622 existit
2902 5562 3302 5637 hmres’pat'ris,
3341 5568 3493 5638 cujus

1914 5635 2198 5690 haereditas
2229 5636 2389 5705 tacita
2418 5637 2650 5705 quadam
2680 5646 2871 5692 natura
2903 5639 3086 5694 liberis
3111 5635 3488 5694 addiciturCL.

1915 5706 2002 5779 Il,
2027 5707 2092 5779 in_
2105 5705 2234 5768 suis,
2253 5704 2322 5779 de
2347 5704 2448 5760 lib.
2462 5715 2518 5760 et
2546 5706 2818 5777 posthum.
2835 5725 2849 5779 _:
2877 5709 2910 5764 l.
2941 5708 2998 5774 7,
3016 5723 3137 5765 cum
3159 5710 3320 5777 ratio,
3336 5707 3400 5764 D.
3425 5710 3494 5766 de

1910 5776 2037 5832 bon.
2063 5775 2242 5829 damn.
2270 5773 2507 5830 Fonusn.

3057 5870 3133 5930 20
