3974 6382
295 308 388 364 iiii

1553 313 1908 370 VARIARUM
1953 313 2150 373 LIBER
2192 319 2282 376 IV.

3483 326 3588 388 622

295 421 618 480 functiones.
651 419 709 476 In
738 421 868 493 ipsis
886 422 1033 479 enim
1055 421 1220 481 initiis
1240 423 1681 498 comprimendus
1700 441 1894 484 exces-
1925 432 1968 488 Α
1999 430 2190 486 animis
2211 433 2526 504 impleatur;
2565 445 2832 506 quatenus
2857 445 2913 494 et
2941 441 3252 498 excessibus
3283 440 3505 502 tollatur
3527 447 3590 504 li-

292 529 385 573 sus
411 522 514 580 est,
545 529 618 571 ne
641 514 781 571 finds
811 515 1064 582 imitatio,
1095 519 1251 588 quasi
1301 519 1474 590 turpis
1493 519 1724 585 scabies,
1749 532 1890 591 pau-

291 610 440 665 latim
470 605 708 679 reliquos
729 610 1177 682 comprehendat.
1217 611 1274 668 Si
1301 614 1422 684 quis
1453 624 1582 681 ergo
1608 614 1758 684 jussa
1789 625 1890 670 no-

289 707 400 755 stra
431 701 632 770 agresti
658 701 850 770 spiritu
875 702 1219 772 resupinatus
1246 698 1524 773 abjecerit,
1571 721 1726 760 casas
1771 703 1889 774 ejus

289 787 554 861 appositis
573 791 744 846 titulis
769 791 883 848 lisci
913 793 1085 847 nostri
1105 791 1320 862 juribus
1341 793 1666 859 viudicabis,
1699 801 1758 848 ut
1794 795 1888 866 qui

283 893 430 953 juste
477 882 653 938 noluit
705 899 872 954 parva
920 885 1155 950 solvere,
1205 886 1600 942 rationabiliter
1641 886 1895 942 videatur

286 973 520 1028 maxima
541 973 859 1044 perdidisse.
891 973 994 1042 Qui
1023 979 1167 1031 enim
1196 973 1398 1032 debent
1426 977 1494 1031 ad
1526 976 1713 1034 iiscum
1743 977 1888 1034 cele-

288 1064 404 1119 rius
432 1078 554 1119 esse
576 1063 780 1132 devoti,
803 1065 905 1120 nisi
935 1066 1026 1136 qui
1055 1067 1278 1138 capiunt
1297 1068 1581 1124 commoda
1603 1069 1885 1125 deuativi?

283 1147 513 1220 Quando
533 1153 842 1224 ampliusde
862 1164 1050 1211 nostra
1072 1159 1409 1214 humanitate
1429 1157 1700 1231 recipiunt
1720 1173 1882 1232 quam

279 1243 538 1314 stipendii
562 1243 687 1313 jure
709 1249 1016 1316 praestetur.
1050 1241 1186 1302 Nam
1213 1245 1259 1304 si
1306 1247 1648 1306 liberalitatis
1679 1261 1883 1308 nostra:

281 1345 446 1390 causa
477 1341 760 1400 tractetur,
795 1351 896 1391 nos
918 1337 1100 1408 potius
1129 1337 1434 1395 voluntaria
1464 1337 1664 1398 tributa
1717 1341 1883 1398 solvi-

279 1439 424 1495 mus,
445 1423 538 1497 qui
559 1423 809 1483 fortunas
837 1428 1079 1484 omnium
1119 1428 1486 1487 sublevamus.

824 1557 1166 1617 EPISTOLA
1201 1559 1322 1617 XV.

441 1667 724 1710 ιιισειυιτο
750 1667 876 1710 νιιιο
898 1667 1163 1710 ΒΕΜΤΟΒῙ
1191 1669 1560 1712 τιεουοιιωδ
1583 1670 1712 1712 ιιι.

275 1739 480 1815 Statuit
503 1753 562 1798 ut
579 1745 766 1815 viginti
784 1761 942 1800 unum
970 1745 1336 1802 dromomm'os
1360 1747 1601 1804 robustos
1624 1750 1682 1803 iu
1707 1750 1878 1806 boum

445 1814 808 1886 defunctorum
846 1817 1030 1888 eligat,
1051 1818 1280 1889 viresque
1298 1834 1480 1873 eorum
1505 1820 1708 1890 prabet.

345 1905 574 1963 lllustris
600 1916 656 1964 et
675 1907 946 1978 magniﬁci
963 1909 1063 1964 viri
1085 1911 1300 1966 comitis
1315 1909 1634 1968 Patrimouii
1655 1928 1878 1985 sugges-

278 1998 426 2055 tione
436 2001 798 2072 comperimus
821 2001 1198 2059 dromonarios
1209 2013 1233 2040 η
1246 2002 1434 2074 viginti
1445 2003 1552 2076 65
1563 2011 1794 2062 etunum
1809 2006 1878 2063 de

276 2091 574 2147 constituto
610 2107 835 2148 numero
861 2093 1055 2150 mortis
1096 2093 1446 2151 incommodo
1473 2097 1638 2152 fuisse
1663 2097 1878 2153 subtra-

275 2191 414 2238 ctos.
443 2181 593 2238 Unde
613 2185 1006 2255 providentiam
1029 2193 1292 2255 nostram,
1321 2187 1477 2258 cujus
1497 2197 1581 2245 est
1597 2189 1876 2261 proprium

274 2273 421 2342 quod
452 2289 581 2330 casu
609 2275 927 2332 subducitur
952 2291 1209 2348 reparare
1236 2278 1488 2341 consilio,
1529 2279 1633 2337 hoc
1656 2282 1878 2338 statuis-

275 2379 334 2420 se
355 2380 652 2436 cognosce;
679 2376 738 2423 ut
753 2369 1092 2439 supradictus
1111 2369 1488 2427 dromouarios
1509 2372 1740 2442 probare
1758 2373 1877 2431 sine

277 2457 458 2528 aliqua
486 2458 830 2516 dubitatione
866 2459 1110 2526 festines,
1139 2461 1230 2530 qui
1257 2469 1439 2517 tamen
1486 2461 1554 2517 ad
1605 2462 1712 2519 hoc
1739 2479 1878 2534 opus

277 2551 486 2621 possint
511 2551 693 2610 idonei
721 2554 970 2625 reperiri.
1004 2553 1291 2624 Remigum
1320 2555 1464 2610 enim
1493 2555 1650 2611 labor
1677 2571 1876 2628 opero-

277 2655 371 2697 sus
389 2642 634 2699 valentes
659 2645 843 2700 animo
870 2652 928 2700 et
953 2643 1160 2701 viribus
1186 2647 1398 2716 qumrit,
1445 2651 1504 2702 ut
1549 2646 1876 2704 conﬁdentia

278 2736 475 2792 mentis
510 2737 776 2808 procellis
817 2737 1039 2794 obviare
1067 2739 1241 2810 possit
1270 2739 1510 2796 undosis.
1543 2738 1682 2808 Quid
1729 2742 1875 2797 enim

275 2827 566 2885 audentius
594 2845 756 2900 quam
789 2829 923 2886 illud
953 2829 1176 2887 inﬁdum
1224 2847 1290 2888 ac
1315 2817 1680 2889 vastissimum
1725 2849 1876 2892 mare

277 2917 484 2975 intrare
503 2935 672 2990 parvo
697 2921 933 2989 navigio,
965 2921 1110 2992 quod
1137 2922 1365 2978 eluctari
1394 2922 1523 2980 facit
1541 2925 1876 2995 desperatio-

273 3009 361 3065 nis
404 3011 520 3066 sola
571 3013 956 3084 praesumptio?
993 3013 1339 3086 Quapropter
1376 3014 1544 3085 jussis
1594 3024 1649 3071 te
1675 3017 1876 3074 nostris

275 3101 412 3159 haut
457 3103 723 3160 cautelam
755 3107 1012 3162 convenit
1056 3107 1332 3176 adhibere,
1369 3116 1429 3164 ut
1473 3110 1756 3179 querelam
1801 3113 1872 3168 de

272 3197 619 3266 congregatis
632 3196 898 3254 debilibus
929 3215 1038 3254 non
1061 3199 1244 3269 facias,
1269 3218 1394 3258 cum
1422 3218 1522 3258 nos
1542 3202 1872 3277 [lmp.,necl
1897 3179 1942 3242 θ

274 3285 679 3346 robustissimos
707 3292 984 3362 qumsiisse
1005 3308 1322 3364 cognoscas.

842 3408 1178 3468 EPISTOLA
1205 3413 1348 3471 XVI.

485 3518 712 3560 SBNA'I'UI
735 3519 886 3560 URBIS
931 3522 1092 3562 ROIE
1137 3523 1504 3565 'l'lEODOIIICUS
1526 3526 1653 3566 REX.

270 3591 556 3674 ﬂagrantia:
579 3609 634 3674 se
657 3593 927 3674 Arigcrnq
942 3601 1144 3674 consiti,
1167 3616 1318 3674 quem
1346 3599 1410 3657 ob
1437 3606 1696 3671 prwclare
1724 3613 1870 3674 gesta

339 3663 542 3743 laudat,
573 3663 824 3721 Romana:
843 3667 985 3743 urbis
1015 3663 1352 3743 disciplinam
1374 3663 1794 3740 coinmisiuefet
1813 3687 1871 3732 ut

337 3734 420 3788 illi
443 3745 668 3805 pareant
696 3753 874 3792 omnes
895 3735 1066 3810 jubet.

344 3821 600 3880 Utilitatis
619 3828 850 3898 publicae
876 3844 1062 3897 causa,
1093 3847 1259 3902 quam
1287 3842 1472 3891 noster
1499 3837 1711 3894 animus
1737 3853 1872 3895 sem-

267 3929 368 3985 per
386 3924 618 3986 speclat,
645 3918 820 3973 virum
848 3919 1110 3978 illustrem
1140 3924 1396 3981 comitem
1421 3925 1768 3998 Arigernum,
1791 3929 1870 3986 ci-

267 4020 389 4062 vem
417 4021 558 4078 pene
587 4020 850 4080 vestrum,
880 4013 1084 4069 dudum
1109 4015 1179 4072 ad
1223 4013 1430 4074 Gallias
1483 4020 1871 4080 estimavimus

265 4098 634 4170 dirigentium,
663 4110 725 4157 ut
751 4102 870 4174 ejus
913 4106 1230 4163 maturitate
1281 4109 1492 4166 consilii
1523 4110 1888 4169 titubantium

265 4190 570 4261 potuissent
612 4192 780 4250 corda
831 4192 1053 4252 ﬁrmari.
1085 4197 1394 4256 Novitatem
1423 4202 1625 4274 quippe
1667 4203 1870 4262 sollici-

266 4292 379 4338 tam
407 4284 702 4355 prudentes
730 4283 986 4344 convenit
1006 4289 1209 4348 habere
1232 4302 1498 4361 rectores,
1527 4307 1588 4350 ut
1608 4298 1871 4366 quemad-

265 4373 488 4428 modum
516 4374 681 4431 fuerit
706 4377 834 4433 vita:
859 4376 1126 4436 formatus
1145 4380 1303 4449 ordo,
1344 4383 1424 4439 sic
1450 4395 1632 4441 currat
1662 4387 1870 4443 institu-

264 4471 325 4518 ta
354 4463 596 4520 devotio.
619 4463 716 4521 llis
744 4469 908 4524 rebus
936 4471 1004 4524 ad
1033 4477 1218 4526 nostra
1236 4480 1363 4528 vota
1414 4475 1752 4546 compositis,
1813 4485 1870 4532 et

1993 523 2194 588 centia,
2250 531 2302 580 et
2333 527 2478 596 quod
2528 535 2781 599 optamus
2827 534 3084 600 maxime,
3127 535 3308 592 locum
3353 542 3589 610 nequeat

1992 612 2235 670 invenire
2273 617 2532 675 vindicta.
2586 622 2642 677 Si
2691 637 2796 692 qua
2840 625 3000 681 etiam
3023 643 3122 698 per
3151 630 3266 702 ejus
3287 632 3588 693 absentiam

1991 703 2146 774 culpa
2189 711 2520 777 provenerit,
2564 711 2710 768 inter
2767 730 2862 771 vos
2884 717 3108 787 justitiac
3147 723 3590 783 consideratione

1991 795 2267 865 corrigite,
2298 798 2435 855 sicut
2465 801 2734 860 nobilitati
2756 813 2954 863 vestra:
3003 812 3256 868 convenit
3289 829 3472 884 agere,
3497 818 3588 874 cui

1989 893 2206 954 semper
2233 890 2472 958 probitas
2503 892 2682 963 placet
2711 913 2723 948 :
2750 899 3007 969 quoniam
3041 917 3140 960 nos
3167 905 3479 975 specialiter
3503 909 3588 964 iu-

1983 973 2226 1044 junxisse
2265 983 2599 1050 cognoscite,
2635 995 2692 1042 ut
2719 1003 2892 1059 error,
2915 992 3006 1062 qui
3045 995 3114 1050 ab
3142 973 3455 1055 auctoribus
3474 1002 3588 1058 suis

1989 1067 2214 1123 minime
2237 1071 2398 1128 fuerit
2437 1077 2774 1145 emendatus,
2806 1075 2984 1150 legum
3005 1083 3342 1146 districtione
3368 1106 3584 1149 resece-

1988 1163 2094 1252 tur.
2144 1155 2406 1217 Pareatur
2433 1179 2585 1236 ergo,
2629 1165 2690 1222 P.
2723 1167 2812 1238 C.,
2854 1173 2972 1228 viro
3026 1173 3212 1232 multis
3251 1183 3587 1252 temporibus

1981 1245 2095 1344 jam
2124 1250 2377 1323 probato,
2399 1255 2553 1325 cujus
2579 1273 2805 1316 necesse
2830 1271 2914 1318 est
2941 1265 3278 1335 praedicanda
3293 1245 3469 1342 sequi,
3491 1274 3584 1344 qui

1986 1352 2047 1393 se
2074 1338 2338 1398 hactenus
2365 1345 2466 1401 sub
2490 1357 2668 1405 vestra
2692 1353 2932 1409 omnium
2961 1355 3120 1414 laude
3144 1338 3414 1428 tractavit,
3447 1338 3584 1420 et‘in

1985 1434 2136 1485 tanta
2155 1429 2461 1504 frequentia
2488 1439 2687 1496 nullius
2708 1445 2912 1515 reperit
2939 1448 3166 1506 adversa
3185 1449 3409 1521 judicia.

2514 1565 2850 1628 EPISTOLA
2878 1573 3045 1632 XVII.

2157 1665 2262 1710 1198
2291 1666 2417 1712 me
2443 1671 2671 1726 ευιιιῐιῐ,
2701 1677 2844 1729 υυοι,
2866 1679 3234 1728 111800031603
3265 1687 3395 1732 REX.

1984 1738 2240 1830 Praefuit:
2255 1755 2314 1802 ut
2340 1749 2572 1830 εσειωῇρ
2611 1749 2978 1813 Narbonensis
3002 1765 3356 1830 possessiones
3383 1769 3448 1824 ab
3477 1773 3580 1829 ati-

2016 1812 2200 1886 mea
2246 1821 2610 1888 parauerim
2639 1812 2943 1898 occupatas,
2982 1812 3354 1893 {ciuilia}?

2053 1927 2341 1991 Deﬁnitam
2361 1951 2479 1994 rem
2510 1939 2580 1996 ab
2607 1943 2835 2014 antiquo
2863 1957 3014 2016 rege,
3043 1963 3206 2022 quam
3222 1927 3416 2012 tamen
3446 1963 3577 2014 cou-

1979 2030 2091 2080 stat
2117 2024 2518 2087 rationabiliter
2546 2045 2670 2090 esse
2689 2034 2986 2106 decretam,
3013 2039 3158 2098 nulla
3180 2045 3428 2104 volumus
3464 2059 3578 2105 am-

1979 2113 2242 2184 biguitate
2263 2119 2525 2177 titubare:
2544 2123 2669 2192 quia
2691 2123 2852 2184 decet
2876 2128 3087 2188 lirmum
3117 2145 3238 2192 esse
3265 2139 3410 2208 quod
3427 2145 3580 2197 coin-

1980 2207 2267 2264 mendatur
2294 2211 2560 2282 probabili
2585 2217 2850 2286 jussione.
2897 2219 3007 2278 Cur
3034 2227 3178 2280 enim
3207 2207 3384 2298 priora
3416 2235 3574 2302 quas-

1979 2311 2180 2366 semus,
2215 2302 2306 2358 ubi
2333 2303 2468 2361 nihil
2491 2315 2574 2364 est
2615 2309 2761 2380 quod
2810 2313 3088 2387 corrigere
3123 2315 3454 2382 debeamus?
3482 2327 3574 2382 At-

1979 2405 2087 2462 que
2111 2393 2234 2450 ideo
2263 2397 2518 2466 praesenti
2541 2400 2636 2460 tibi
2660 2406 2988 2464 auctoritate
3007 2412 3350 2482 prtecipimus
3371 2424 3429 2472 ut
3457 2433 3574 2488 pos-

1977 2483 2250 2542 sessiones
2277 2486 2648 2548 Narbonensis
2679 2495 2942 2564 ecclesizc,
2973 2497 3270 2558 secundum
3302 2483 3572 2576 prtecelsm

1979 2577 2374 2635 recordationis
2413 2579 2614 2638 Alarici
2643 2594 2930 2669 pmcepta,
2962 2605 2995 2644 a
3022 2592 3352 2662 quibuslibet
3381 2615 3571 2670 perva-

1979 2667 2194 2726 soribus
2218 2665 2818 2746 occupataeteneautur,
2839 2681 3110 2754 mq'uitatis
3137 2685 3304 2746 facias
3331 2665 3572 2750 contem-

1978 2762 2221 2833 platioue
2240 2767 2452 2823 restitui
2486 2787 2499 2823 :
2528 2773 2784 2841 quoniam
2832 2777 3041 2832 versari
3073 2776 3245 2853 [πλείη
3274 2782 3575 2844 adversarii

1978 2856 2232 2915 nolumus
2257 2859 2312 2914 in
2339 2857 2594 2918 Ecclesia:
2630 2863 2914 2936 dispendio
2936 2873 3386 2944 prmsumptiones
3412 2877 3574 2936 illici-

1978 2955 2085 3016 tas,
2110 2949 2237 3006 dum
2267 2959 2455 3008 nostra
2480 2954 2674 3011 deceat
2702 2965 2948 3029 tempora
2967 2961 3160 3019 sedare
3181 2963 3426 3024 confusa.
3441 2965 3571 3026 Esto

1979 3051 2169 3099 contra
2200 3044 2328 3100 talia
2358 3047 2581 3104 omnino
2612 3046 2971 3121 sollicitus,ut
2991 3055 3087 3124 qui
3114 3070 3174 3110 es
3195 3055 3340 3114 bello
3368 3059 3570 3126 clarus,

1980 3133 2242 3192 civilitate
2270 3151 2488 3208 quoque
2517 3139 2758 3198 reddaris
2777 3141 3026 3201 eximius.
3071 3145 3162 3204 Sic
3185 3157 3244 3206 et
3281 3166 3432 3209 arma
3457 3163 3573 3226 tua,

1977 3225 2094 3284 Deo
2131 3227 2378 3298 juvante,
2425 3233 2770 3302 corroboras,
2823 3236 2868 3292 si
2889 3237 3161 3308 justitiam
3206 3245 3571 3304 mediocribus

1975 3332 2196 3374 servare
2213 3318 2534 3376 contendas.
2565 3319 2831 3395 improbis
2853 3327 2995 3388 enim
3018 3331 3262 3400 potuisse
3288 3335 3570 3403 resistere,

1973 3427 2084 3469 non
2108 3414 2370 3483 prtevaies
2397 3429 2679 3483 excusare,
2730 3419 2951 3490 quando
2974 3437 3167 3478 omnes
3195 3423 3293 3479 tibi
3338 3425 3574 3484 libenter

1973 3504 2193 3570 cedunt,
2216 3521 2380 3577 quem
2423 3507 2722 3580 gloriosum
2744 3511 2800 3567 in
2829 3513 3100 3570 bellorum
3123 3519 3424 3576 certamine
3470 3535 3569 3578 co-

1971 3606 2298 3664 gnoverunt.
2328 3597 2558 3668 ignavus
2577 3601 2717 3658 forte
2735 3603 3032 3662 audacibus
3049 3604 3243 3676 jubere
3265 3609 3343 3666 nil
3363 3611 3533 3682 possit
3551 3629 3570 3669 :

1974 3706 2135 3749 nemo
2163 3693 2285 3764 plus
2310 3694 2764 3764 prmsumentibus
2817 3696 3051 3769 imperat
3074 3710 3238 3768 quam
3265 3715 3434 3772 quem
3463 3719 3564 3760 sua

1973 3780 2114 3838 facta
2133 3784 2540 3842 commendant.

2481 3909 2817 3975 EPISTOLA
2844 3917 3030 3978 XVIII.

2041 4031 2196 4072 suum
2248 4031 2375 4072 vnto
2411 4023 2694 4082 servirem,
2736 4033 2940 4082 conm,
2975 4033 3345 4080 rusooemcus
3365 4039 3494 4081 κει.

1969 4129 2242 4213 Deseruit.
2241 4139 2298 4185 ut
2324 4132 2598 4213 diligenter
2617 4133 2852 4205 inquire:
2877 4149 3002 4213 nam
3025 4133 3336 4213 Lammina
3357 4143 3568 4213 praeg-

2042 4211 2139 4288 ter,
2163 4203 2369 4273 effossis
2391 4203 2712 4259 mortuorum
2739 4205 3012 4277 sepulcris,
3061 4207 3333 4264 tltesauroa
3357 4203 3568 4268 inveni}-

2043 4283 2132 4328 fil.

2041 4363 2394 4422 Consuetudo
2435 4374 2522 4422 est
2552 4369 2753 4424 nostrai
2785 4367 3110 4435 clementiae,
3139 4369 3382 4442 probatae
3411 4373 3568 4430 nobis

1971 4455 2095 4514 ﬁdei
2120 4457 2330 4528 agenda
2358 4461 2727 4528 committere,
2755 4465 2817 4518 ut
2843 4477 2966 4520 cum
2991 4463 3204 4535 judices
3247 4465 3564 4539 delegamus

261 4553 493 4624 gloriam
523 4555 796 4614 civilitatis
824 4559 1030 4628 retulit,
1061 4569 1116 4616 et
1168 4559 1314 4633 quod
1351 4557 1492 4619 inter
1543 4580 1641 4621 vos
1676 4561 1864 4622 didicit

1982 4553 2260 4624 praedictos
2289 4563 2523 4612 tractatu
2546 4565 2781 4625 maturo,
2806 4557 2984 4614 locum
3018 4573 3186 4630 prava
3216 4570 3454 4632 nequeat
3481 4563 3567 4618 iii--

261 4646 550 4717 diligenter
590 4649 901 4718 ostendens,
951 4652 1219 4709 bellorum
1260 4649 1490 4724 insignia
1537 4657 1854 4726 reportavit.

151 4737 164 4746 ’
262 4737 438 4806 Quem
467 4739 848 4810 desideratum,
863 4745 1002 4800 sicut
1027 4755 1306 4816 putamus,
1334 4749 1498 4803 εωιυί
1528 4757 1709 4804 vestro
1737 4750 1860 4806 red-

260 4828 522 4898 didimus,
555 4837 614 4887 ut
639 4833 733 4902 qui
760 4835 916 4890 vobis
945 4833 1105 4907 longa
1128 4847 1289 4893 aetate
1317 4839 1538 4909 placuit,
1570 4857 1717 4898 nunc
1735 4856 1858 4912 gra-

263 4922 373 4978 tior
395 4923 505 4990 liat,
537 4939 661 4980 cum
691 4941 814 4982 eum
837 4927 1047 4999 adjecta
1075 4931 1222 4987 bona
1263 4931 1664 4989 commendant.
1714 4935 1861 5002 Qua~

261 5023 490 5086 propter
509 5017 805 5090 disciplina:
831 5035 890 5078 se
912 5022 1120 5092 praefati
1148 5025 1248 5080 viri
1279 5024 1558 5082 Romanus
1583 5027 1720 5083 ordo
1763 5043 1855 5086 re-

259 5106 474 5172 stituat,
525 5115 584 5164 ut
634 5113 780 5181 quod
831 5114 1026 5184 quietis
1073 5131 1260 5174 amore
1287 5118 1618 5191 praecipitur,
1647 5119 1858 5176 devotis

339 5291 692 5368 “Dromones
718 5295 933 5368 navigia
957 5295 1240 5368 celerrima
1253 5299 1408 5368 quasi
1437 5301 1678 5357 cursoria
1709 5317 1738 5358 a
1761 5299 1856 5358 Ju-

261 5362 504 5442 stiniano
527 5376 789 5442 vocantur
832 5362 884 5442 in
921 5367 960 5421 ι.
993 5365 1051 5442 4,
1070 5365 1132 5422 C.
1163 5368 1230 5422 de
1255 5362 1346 5442 oii‘.
1375 5370 1526 5442 praef.
1560 5381 1713 5442 priet.
1739 5373 1853 5439 ait,

261 5450 404 5508 quos
426 5436 644 5508 celones
670 5433 847 5490 Latini
878 5439 1152 5508 appellant
1181 5453 1212 5492 a
1234 5433 1530 5506 celeritate,
1548 5433 1608 5497 ut
1629 5433 1860 5500 testatur

261 5504 734 5585 Nonius-Milites,
764 5504 964 5576 inquit;
987 5511 1287 5585 constituas
1323 5512 1412 5581 qui
1444 5504 1660 5585 possint
1679 5522 1737 5569 et
1772 5515 1858 5585 ip-

263 5590 386 5654 sum
411 5577 694 5654 trajectum
721 5586 1052 5654 servate,__et
1079 5577 1622 5654 oupnia_qu.-eci1nque
1650 5584 1706 5638 in
1729 5577 1860 5654 pa'r-

263 5645 412 5723 tibus
439 5645 840 5723 lli3pa_n_i_1p_vel
879 5647 1097 5723 Galliae,
1113 5651 1233 5706 sive
1249 5645 1578 5723 Francorum
1607 5645 1857 5723 aguntur,

261 5715 386 5794 viro
415 5715 694 5786 spectabili
713 5717 853 5773 duce
880 5719 1224 5794 denuntiare:
1247 5723 1298 5794 in
1313 5737 1422 5792 quo
1445 5715 1858 5794 trajectoietiaui

263 5785 813 5860 dromoncsquantos
839 5790 1158 5860 provideris,
1187 5785 1423 5850 ordinari
1451 5785 1636 5852 facias.
1667 5793 1858 5854 Isidor.

269 5854 341 5912 19
372 5854 612 5920 Ειγιιιοιξ
632 5857 819 5916 Buoss.

1966 4651 2156 4708 venire
2177 4652 2476 4724 subreptio.
2509 4651 2721 4709 Dudum
2743 4653 3011 4724 siquidem
3040 4654 3108 4710 ad
3139 4671 3239 4712 nos
3268 4657 3564 4714 multorqu

1963 4747 2312 4816 suggestione
2336 4746 2612 4816 pervenit,
2639 4744 2988 4803 Laurentium
3007 4749 3384 4821 presbyterum
3411 4749 3566 4806 eﬁ'os-

1963 4839 2042 4896 sis
2063 4839 2339 4896 cineribus
2360 4837 2603 4896 lunatas
2625 4839 2842 4896 divitias
2861 4840 3004 4896 inter
3032 4841 3318 4899 hominum
3343 4844 3566 4899 cadave-

1963 4947 2026 4988 ra
2051 4938 2476 5003 perscrutatum,
2493 4929 3014 5003 concessionemque
3040 4933 3272 4990 mortuis
3293 4933 3561 5002 intulisse,

1961 4999 2126 5098 quem
2156 5027 2374 5096 oportet
2393 5023 2700 5080 viventibus
2727 5023 2914 5096 quieta
2925 4999 3254 5097 praedicare.
3291 5023 3414 5082 Non
3437 4999 3564 5084 abs;

1969 5118 2196 5176 tiuuisse
2221 5117 2537 5190 perhibetur
2566 5121 2592 5158 δ
2626 5127 2736 5174 tam
2763 5118 2970 5175 crudeli
2995 5120 3248 5190 contagio
3273 5120 3376 5191 piis
3413 5121 3564 5178 dica-

2034 5305 2338 5361 Dromones
2359 5310 2514 5376 erant
2541 5303 2753 5376 navigia
2780 5303 3063 5376 celerrima
3093 5306 3408 5376 etexpediti
3433 5322 3560 5364 cur-

1961 5393 2085 5450 sus,
2101 5389 2330 5447 quorum
2353 5373 2597 5450 meminit
2623 5373 2759 5428 inira
2782 5373 2874 5430 lib.
2905 5373 3129 5450 v,epist.
3150 5374 3215 5450 [6
3322 5375 3411 5450 l7,
3435 5394 3558 5450 quae

1964 5448 2089 5520 alibi
2110 5443 2276 5520 naves
2305 5445 2872 5520 cursoriarvocantur,
2905 5451 2964 5500 ut
2991 5443 3136 5520 apud
3148 5443 3554 5520 _Sidon.rApbll.

1963 5510 2057 5573 lib.
2085 5533 2123 5591 t,
2151 5517 2310 5591 epist.
2339 5513 2389 5569 5.
2414 5514 2543 5572 lnde
2567 5515 2728 5591 igitur
2749 5510 3080 5572 dromonarii
3107 5517 3258 5586 dicti,
3281 5519 3374 5591 qui
3401 5510 3560 5576 erant

1966 5585 2197 5657 remiges
2221 5587 2564 5661 dromonum.
2589 5585 2709 5640 Jun.
2843 5654 2850 5661 ί

2180 5669 2210 5709 b
2249 5659 2592 5729 Sepultorum
2622 5675 2742 5729 ossa
2767 5656 2961 5729 erupre
2984 5656 3135 5729 nefas
3155 5657 3318 5717 fuisse
3345 5669 3556 5718 testan-

1961 5737 2050 5802 tur
2071 5738 2300 5798 veteres,
2323 5723 2383 5785 et
2412 5727 2597 5784 liorat.
2625 5724 2728 5785 ode
2755 5723 2822 5784 16
2849 5727 3048 5800 Epod.,
3073 5725 3220 5802 Virg.
3251 5745 3307 5789 tv
3335 5731 3556 5789 Aineid.

1961 5799 2152 5858 Bsoss.
