3974 6392
435 307 542 364 6‘25

1626 295 1692 348 Μ.
1735 288 2010 346 Αυιιειιι
2046 282 2445 342 CASSIODORI

3579 264 3688 320 69.5

438 431 520 476 tas
540 414 1030 476 consecrationibus
1051 424 1258 474 manus,
1284 422 1470 462 aurum
1512 401 1831 458 exsecrabili
1859 414 2006 470 qute-
2033 401 2086 462 Α
2110 409 2405 468 pauperum
2432 389 2736 448 detestabili
2763 397 2945 444 meme
2971 393 3237 450 versetur,
3283 382 3545 476 przesenti
3590 396 3692 436 au-

434 507 597 566 siinse
615 504 781 561 fertur
809 500 1020 564 affectu,
1062 511 1222 566 quem
1251 509 1402 549 suam
1433 491 1700 547 decuisset
1727 489 2006 560 egentibus

2111 486 2364 540 claritate
2386 480 2722 538 decernimus
2748 486 2807 532 ut
2827 491 2892 532 ea
2913 491 3032 547 quas
3059 483 3206 530 retro
3234 473 3542 544 principum
3563 486 3700 526 con-

443 601 571 656 dere
595 593 962 656 substantiam,
992 589 1079 642 vel
1104 587 1202 642 sub
1221 585 1474 653 :equitate
1519 583 1820 637 collectam.
1853 578 2010 644 Quod
2111 575 2344 633 stiterint
2370 571 2702 627 humanitate
2751 567 3027 656 deputata,
3059 578 3222 656 supra
3250 570 3557 618 memorata
3607 575 3702 616 ec-

443 653 760 753 diligenti
787 653 1179 734 examinatione
1208 673 1548 742 praecipimus
1575 670 1847 738 indagare,
1881 674 1940 721 ut
1965 666 2011 721 si
2111 663 2271 753 clesia
2289 661 2405 716 sine
2433 659 2608 728 aliqua
2630 655 3002 753 imminutione
3022 653 3306 753 percipiat,
3321 660 3706 753 manentem.»-

447 771 658 826 veritati
683 770 825 824 dicta
853 764 1191 836 perspexeris
1218 761 1527 828 convenire,
1557 759 1790 816 hominis
1843 757 2012 812 ambi-

2115 765 2180 804 na
2202 751 2363 804 etiam
2385 746 2682 819 pervasori,
2702 745 2795 814 qui
2832 752 2890 798 et
2916 751 3164 798 veterum
3189 741 3334 798 dona
3361 750 3419 797 et
3450 741 3704 798 ecclesia

447 871 558 914 tum
585 874 650 913 eo
673 833 878 911 tantum
899 833 1012 909 line'
1027 851 1336 912 concludas,
1369 865 1436 904 ne
1465 849 1634 918 possit
1671 863 1860 902 aurum
1889 861 2015 915 sup—
2114 839 2372 910 probatur
2391 837 2621 892 violasse
2647 833 2984 904 compendia.
3068 885 3074 890 ,

450 952 697 1022 primere,
729 947 873 1019 quod
901 962 1023 1001 eum
1051 962 1154 998 non
1188 943 1335 998 licuit
1363 941 1621 996 invenire.
1656 939 1844 994 Scelus
1872 937 2015 992 enim

453 1037 594 1106 quod
623 1053 722 1090 nos
748 1051 846 1105 pro
872 1032 1194 1088 sacerdotali
1222 1032 1427 1085 honore
1457 1028 1810 1096 relinquimus
1853 1025 2020 1095 impu-

457 1127 624 1180 nitum
643 1123 895 1192 “,majori
925 1121 1160 1192 pondere
1188 1119 1452 1174 credimus
1479 1116 1874 1172 vindicandum.

910 1235 1018 1305 se
1058 1229 1386 1284 EPISTOLA
1427 1227 1566 1282 Xix.

630 1341 874 1384 GEMELLO
901 1339 1022 1380 VIRO
1049 1335 1304 1378 SENATORI
1336 1332 1700 1374 THEODOBICUS
1719 1331 1846 1370 REX.

459 1416 652 1472 Scribit
677 1433 732 1470 se
757 1415 1014 1469 remisisse
1039 1411 1107 1464 ad
1133 1425 1362 1481 prwsens
1390 1416 1588 1481 tempus
1616 1406 1919 1481 solutionem
1947 1406 2024 1481 si-

527 1485 756 1557 liquatici
789 1485 842 1536 in
873 1476 1164 1564 frumentis,
1183 1482 1298 1534 vino
1319 1487 1368 1532 et
1395 1477 1529 1540 oleo,
1558 1483 1611 1528 ut
1635 1477 1834 1546 capiam
1863 1476 2026 1543 possit

535 1564 783 1627 praestare
809 1567 1104 1622 proernam.

531 1644 696 1698 Decet
723 1639 1073 1711 principalem
1095 1636 1485 1708 providentiam
1510 1633 1648 1692 fessa
1675 1633 1940 1698 refovere,
1970 1639 2031 1687 ut

2645 939 2976 996 EPISTOLA
3022 939 3162 994 XXI.

2293 1046 2537 1090 οειιειιο
2565 1045 2686 1086 νικο
2713 1045 2971 1085 8ΕΝΔ⁶Ι¹οΜ
2997 1044 3361 1086 τηεουοιιιεσε
3387 1045 3520 1084 κει.

2119 1124 2372 1178 Admonet
2393 1131 2448 1176 ut
2474 1121 2542 1176 sit
2564 1121 2634 1174 ad
2662 1121 2900 1202 injunch
2934 1121 3210 1202 sollicitus,
3235 1123 3548 1175 necessitate
3577 1131 3708 1174 tem-

2645 1189 2786 1260 poris
2833 1189 2889 1242 id
2915 1191 3169 1260 exigente.

2193 1280 2443 1348 Quamvis
2467 1277 2760 1334 efﬁcaciam
2788 1286 2931 1332 tuam
2954 1278 3202 1334 insistere
3227 1279 3516 1334 credamus
3531 1281 3585 1334 in
3585 1297 3712 1348 Jun-

2125 1371 2245 1436 ctis,
2276 1381 2332 1426 et
2349 1369 2588 1424 studiose
2621 1366 2906 1424 deﬂectere
2933 1381 3052 1438 qua:
3074 1367 3228 1424 nobis
3245 1371 3573 1439 cognoveris
3600 1372 3712 1425 dis-

2125 1466 2348 1537 plicere,
2376 1472 2554 1519 tamen
2581 1461 2867 1518 sollicitum
2887 1461 3180 1518 admonitio
3210 1471 3394 1516 nostra
3414 1477 3527 1516 non
3559 1460 3714 1516 dese-

2127 1559 2217 1624 rit,
2230 1565 2290 1613 ut
2309 1555 2616 1612 instructior
2641 1552 3038 1621 reddaris,dum
3065 1551 3198 1606 infra
3220 1551 3438 1623 scriptis
3456 1551 3714 1606 brevibus

2129 1647 2344 1704 deﬁnita
2363 1645 2682 1715 susceperis.
2713 1643 2944 1699 Proinde
2965 1644 3232 1698 ordinatio
3259 1655 3447 1699 nostra
3469 1644 3606 1697 nulli
3631 1645 3714 1697 vi-

463 1736 805 1807 asperitatem
857 1747 1073 1788 casuum
1096 1731 1303 1800 mitiget
1323 1729 1520 1786 lenitas
1555 1728 1877 1798 jussionum.
1909 1722 2029 1780 Non

2144 1738 2247 1794 deri
2270 1737 2430 1793 debet
2457 1736 2682 1804 ingrata,
2714 1750 2836 1789 cum
2865 1733 3160 1790 necessitas
3190 1735 3450 1804 temporis
3491 1743 3714 1790 excuset

462 1829 606 1884 enim
627 1826 855 1883 sentitur
867 1823 1282 1888 incommodum,
1303 1823 1352 1879 si
1375 1821 1517 1892 quod
1536 1837 1635 1892 per
1654 1821 2030 1876 adversitatem

463 1924 676 1973 constat
695 1909 1034 1985 op'pressum,
1076 1928 1332 1969 concessa
1377 1911 1706 1983 prosperitas
1733 1909 2030 1967 ostenderit

463 2007 820 2062 sublevatum.
842 2003 1143 2075 Siliquatici
1170 2017 1402 2071 namque
1431 2002 1849 2070 prmstationem,
1871 2014 2032 2068 quam

463 2095 623 2151 rebus
645 2095 894 2152 omnibus
922 2091 1275 2148 nundinandis
1295 2089 1514 2162 provida
1541 2087 1781 2144 deﬁnivit
1799 2087 2032 2156 antiqui-

464 2191 564 2248 tas,
597 2183 649 2236 in
669 2181 968 2246 frumentis,
1000 2181 1125 2236 vino
1153 2187 1208 2235 et
1228 2181 1349 2234 oleo
1370 2179 1482 2234 dari
1512 2178 1760 2248 praesenti
1791 2187 2032 2248 tempore

463 2290 570 2328 non
591 2272 860 2344 jubemus,
886 2280 944 2327 ut
962 2271 1076 2328 haec
1100 2271 1350 2326 remissio
1379 2271 1658 2326 solutionis
1682 2271 1892 2340 copiam
1915 2285 2034 2340 pos-

462 2364 532 2418 sit
549 2371 804 2432 praastare
832 2361 1225 2431 provinciis,'et
1246 2361 1512 2430 respirent
1539 2361 1886 2430 aliquatenus
1907 2357 2033 2414 fessi

464 2451 738 2522 prmsentis
765 2449 1078 2505 salubritate
1103 2448 1320 2505 decreti.
1345 2448 1475 2514 Quis
1517 2449 1661 2503 enim
1700 2447 1768 2503 ad
1796 2447 2032 2503 venden-

467 2541 592 2595 du'm
621 2555 728 2596 non
757 2539 1008 2596 incitetur
1053 2539 1268 2606 largius,
1299 2538 1385 2592 cui
1413 2537 1570 2592 solita
1601 2537 1879 2607 dispendia
1905 2537 2033 2592 sub-

473 2629 788 2684 trahuntur?
814 2627 1008 2683 Portus
1035 2635 1250 2684 nostros
1299 2630 1450 2682 navis
1478 2628 1696 2682 veniens
1733 2643 1838 2682 non
1869 2642 2032 2696 pave-

471 2728 605 2784 scat,
621 2727 682 2774 ut
706 2726 912 2773 certum
938 2715 1114 2772 nautis
1133 2717 1302 2788 possit
1329 2732 1446 2772 esse
1465 2717 1744 2786 refugium,
1775 2718 1820 2772 si
1845 2733 2034 2772 manus

465 2825 573 2865 non
597 2809 922 2864 incurreriut
940 2807 1288 2878 exigentium,
1327 2823 1463 2876 quos
1482 2807 1788 2876 frequenter
1815 2808 1931 2877 plus
1955 2807 2034 2862 af-

465 2897 653 2968 ﬂigunt
681 2898 875 2953 damna
901 2911 1061 2966 quam
1085 2896 1261 2952 solent
1287 2897 1488 2952 nudare
1515 2891 1808 2965 naufragia.
1825 2897 1906 2952 Sit
1929 2897 2034 2952 hoc

465 2989 684 3046 forsitan
731 2989 829 3044 sub
877 2989 1058 3058 quiete
1086 2987 1438 3052 tolerandum,
1491 3003 1630 3043 nunc
1659 2997 1860 3054 autem,
1906 2987 2033 3042 dum

466 3079 880 3150 provincialibus
927 3086 1180 3148 praestare
1207 3077 1468 3149 cupimus,
1497 3079 1756 3134 mercium
1802 3077 2032 3134 dominis

466 3171 675 3226 interim
705 3169 1064 3225 consulamus.
1528 3201 1530 3206 -

1015 3255 1345 3313 EPISTOLA
1381 3257 1496 3316 XX.

641 3361 899 3402 GEBERICH
927 3361 1048 3402 ἫΒο
1075 3361 1332 3402 SENATORI
1359 3362 1716 3404 TBEODOBICUS
1742 3364 1868 3404 REX.

468 3437 707 3513 Decet-nit
746 3448 826 3513 at_
847 3454 1008 3513 unum
1024 3439 1206 3513 jugum
1241 3437 1476 3513 ecclesiis
1497 3436 1784 3496 Constantii
1811 3443 2035 3513 episcOpi

534 3509 726 3588 pietate
746 3506 1038 3588 principum
1063 3506 1305 3562 collatum
1346 3517 1396 3561 et
1422 3507 1486 3564 ab
1527 3506 1916 3582 usurpatoribus
1945 3506 2035 3567 de-

537 3585 751 3645 tantum,
780 3585 1099 3633 restituatur.

537 3667 593 3722 Si
621 3665 988 3722 desideramus
1013 3667 1188 3722 locum
1215 3666 1490 3724 beneﬁciis
1515 3669 1778 3739 invenire,
1809 3680 1869 3725 ut
1897 3672 2028 3726 titu-

468 3760 548 3814 los
574 3756 838 3828 possimus
865 3765 1063 3810 nostra:
1114 3755 1329 3826 pietatis
1349 3758 1577 3828 erigere,
1619 3768 1824 3829 quanto
1865 3763 2035 3834 magis

467 3849 640 3904 aliena
667 3845 920 3901 beneﬁcia
948 3847 1403 3904 intactavolumus
1433 3845 1666 3912 defendi,
1697 3851 1788 3920 qui
1817 3853 2036 3921 propria

467 3937 711 4008 cupimus
734 3945 926 4006 sponte
956 3935 1152 4006 largiri,
1177 3938 1408 3994 maxime
1427 3938 1642 4008 quando
1668 3948 1722 3995 et
1751 3941 1877 3995 illud
1901 3957 2035 3996 con-

465 4029 702 4086 scientia:
726 4035 924 4084 nostra:
951 4029 1248 4098 reponitur,
1266 4029 1408 4098 quod
1433 4030 1502 4085 de
1532 4029 1663 4085 tisco
1691 4032 1790 4086 sub
1816 4033 2035 4100 antiqua

464 4117 806 4174 solemnitate
831 4117 1147 4186 praestaturi
1178 4115 1411 4174 Proinde
1435 4119 1534 4174 viri
1561 4121 1882 4176 venerabilis
1931 4122 2039 4190 epi-

463 4207 612 4277 scopi
657 4205 955 4262 Constantii
991 4205 1381 4274 supplicatione
1433 4209 1810 4278 comperimus,
1850 4225 2036 4263 sacro-

466 4305 664 4352 sanctae
707 4295 948 4350 ecclesia:
981 4295 1146 4364 ipsius
1189 4311 1352 4365 unum
1379 4297 1584 4365 jugum,
1633 4307 1875 4354 veterum
1905 4300 2042 4369 prin-

467 4389 640 4456 cipum
673 4371 894 4456 pietate
922 4385 1196 4452 collatum,
1228 4393 1285 4442 et
1312 4402 1454 4442 nunc
1481 4388 1838 4456 quorumdam
1885 4406 2038 4445 usur-

2133 1840 2297 1883 onera
2330 1823 2606 1895 jussionis.
2653 1821 2780 1878 Esto
2829 1821 3012 1890 itaque
3059 1821 3127 1876 ad
3155 1823 3394 1891 injuncta
3422 1823 3714 1890 sollicitus,

2131 1919 2256 1988 quia
2272 1917 2398 1972 licet
2419 1915 2492 1972 sit
2516 1929 2728 1985 semper
2746 1913 3062 1979 adhibenda,
3094 1915 3326 1968 maxime
3355 1896 3546 1970 tamen
3569 1917 3716 1972 utilis

2131 2015 2213 2062 est
2237 2007 2288 2060 in
2312 2004 2633 2060 necessitate
2650 2001 2912 2059 custodia.
2931 2002 3150 2058 Parebis
3171 2018 3301 2072 ergo
3321 2005 3716 2071 commonitus,

2131 2105 2190 2152 ut
2209 2096 2287 2152 sic
2311 2095 2480 2166 possis
2501 2110 2622 2149 cum
2639 2093 3052 2164 provincialibus
3071 2109 3232 2164 agere
3249 2097 3715 2164 quemadmodum

2077 2227 2088 2234 .
2132 2202 2231 2242 nos
2258 2186 2337 2241 eis
2355 2185 2580 2255 respicis
2602 2183 2741 2239 velle
2778 2190 3050 2252 praestare,
3099 2191 3367 2254 quatenus
3392 2201 3622 2243 securus
3648 2187 3717 2242 de

2131 2282 2315 2330 nostra
2339 2275 2508 2344 gratia
2536 2273 2900 2342 consequaris,
2927 2273 3180 2343 quidquid
3208 2275 3476 2332 sollicitus
3503 2275 3574 2332 de
3593 2293 3716 2348 pra-

2132 2380 2201 2420 vo
2221 2364 2394 2420 studio
2425 2363 2623 2418 habere
2645 2364 3048 2433 contempseris.
3139 2365 3142 2370 '

2656 2497 2983 2554 EPISTOLA
3005 2498 3162 2556 XXII.

2134 2606 2390 2648 ARGOBICO
2435 2605 2558 2648 VIRO
2587 2606 2848 2656 ILLUSTRI,
2881 2607 3172 2649 PMFECTO
3213 2609 3381 2661 URBIS,
3417 2613 3717 2653 τιιεουοιιι-

2794 2676 2888 2716 CUS
2915 2677 3040 2716 REX.

2136 2771 2341 2846 Narrat
2365 2789 2419 2827 se
2440 2773 2508 2827 ab
2533 2789 2592 2827 eo
2613 2773 2869 2846 accepisse
2889 2771 3137 2827 Basiliam
3155 2784 3306 2846 atque
3333 2774 3717 2832 Prwtextatum

2203 2844 2521 2914 magicorum
2545 2843 2734 2914 artium
2783 2844 2940 2913 fuisse
2961 2843 3248 2907 accusatos,
3279 2856 3331 2900 et
3373 2847 3612 2899 decernit
3662 2859 3719 2901 ut

2201 2913 2422 2986 quinque
2442 2913 2763 2986 senatoribus
2786 2927 2956 2986 secum
2990 2917 3286 2982 assumptis,
3320 2915 3563 2970 adhibito
3592 2934 3718 2986 quo-

2205 2982 2792 3055 queArigernecomite,
2825 2982 2956 3055 Itane
2998 2999 3211 3037 causam
3229 2986 3366 3055 juris
3413 2982 3615 3040 ordine
3629 3004 3721 3039 ca-

2205 3052 2394 3127 stodito
2422 3053 2698 3127 examinet,
2725 3061 2772 3104 et
2810 3052 2856 3105 si
2904 3068 3018 3106 reos
3047 3052 3410 3124 compererint,
3442 3058 3616 3127 legum
3647 3059 3720 3110 di-

2203 3122 2471 3176 strictione
2491 3122 2734 3192 plectant.

2207 3210 2556 3266 lntolerabilis
2581 3225 2834 3266 excessus
2860 3218 2942 3266 est
2964 3221 3012 3276 ο,
3035 3211 3125 3281 qui
3147 3226 3395 3281 superna:
3417 3214 3721 3282 majestatis

2135 3299 2352 3356 allectat
2370 3299 2636 3368 iniuriam,
2661 3308 2711 3355 et
2733 3299 2930 3355 oblitus
2958 3301 3196 3370 pietatis,
3222 3301 3462 3358 crudelia
3481 3315 3721 3361 sectatur

2136 3391 2354 3446 erroris.
2383 3389 2553 3458 Quem
2573 3389 2716 3446 enim
2757 3391 2992 3461 speravit
3019 3391 3192 3446 veniae
3217 3393 3421 3458 locum,
3443 3395 3539 3464 qui
3567 3412 3722 3452 reve-

2121 3485 2360 3540 rendum
2408 3484 2730 3554 contempsit
2779 3485 3097 3538 auctorem?
3143 3485 3416 3540 Abscedat
3474 3487 3612 3542 ritus
3656 3488 3724 3542 de

2135 3575 2316 3630 medio
2333 3574 2442 3643 jam
2471 3573 2758 3642 profanus;
2806 3574 3137 3629 conticescat
3177 3575 3395 3645 poenale
3423 3591 3676 3632 murmur
3699 3590 3723 3618 ο

2136 3665 2456 3720 animarum.
2490 3663 2702 3718 Versari
2733 3679 2836 3718 non
2864 3663 2990 3719 licet
3015 3666 3067 3719 in
3097 3667 3319 3734 magicis
3347 3667 3558 3724 artibus
3587 3678 3725 3724 tem-

2135 3755 2355 3825 poribus
2379 3755 2696 3811 Christianis
2717 3754 2878 3826 (Vide
2901 3755 3095 3812 Baron.
3121 3757 3190 3811 ad
3218 3776 3312 3813 an.
3336 3759 3536 3815 Christi
3568 3762 3723 3830 504).

2136 3847 2511 3918 Magnitudinis
2541 3849 2721 3917 itaque
2747 3856 2853 3902 tua:
2876 3849 3139 3904 relatione
3167 3853 3537 3921 comperimus
3572 3853 3727 3909 Basi-

2135 3937 2262 3991 liuin
2289 3943 2452 4007 atque
2484 3936 2882 4004 Prmtextatum,
2915 3939 3045 3993 artis
3087 3940 3317 3996 sinistra:
3351 3941 3565 4010 jamdiu
3594 3960 3728 3999 con-

2137 4031 2350 4100 tagione
2373 4029 2628 4100 pollutos,
2650 4029 2702 4083 in
2723 4031 3122 4087 accusationem
3147 4033 3222 4086 tui
3243 4035 3510 4089 examinis
3541 4051 3728 4105 perso-

2136 4135 2327 4177 narum
2353 4119 2653 4174 intentione
2681 4118 2958 4175 deductos.
2977 4118 3155 4190 Super
3177 4137 3284 4190 qua
3313 4137 3374 4175 re
3403 4133 3651 4177 nostrum
3677 4134 3728 4177 te

2135 4209 2332 4264 asseris
2352 4216 2595 4278 spectare
2613 4209 2641 4246 ά
2659 4210 2998 4271 sententiam,
3017 4219 3074 4264 ut
3091 4210 3457 4268 conﬁdentius
3476 4213 3728 4285 ﬁatquod

2136 4299 2349 4369 pietatis
2369 4307 2564 4354 nostra:
2591 4299 2808 4354 mandat
2852 4303 3159 4356 auctoritas.
3192 4301 3318 4358 'Sed
3346 4320 3468 4370 nos,
3516 4307 3612 4374 qui
3643 4321 3732 4361 ne-

2137 4389 2336 4445 scimus
2363 4403 2395 4442 a
2423 4388 2625 4456 legibus
2645 4389 3219 4462 discrepare,quorum
3238 4395 3390 4448 cordi
3419 4406 3508 4450 est
3540 4398 3592 4450 iu
3624 4414 3730 4452 om-

469 4478 685 4550 patione
729 4474 964 4551 violenta
1007 4476 1246 4530 retineri.
1281 4475 1387 4530 Sed
1425 4479 1548 4546 quia
1581 4493 1678 4533 nos
1705 4479 1783 4534 uti
1830 4479 2032 4534 nullum
2062 4493 2115 4552 1)
2138 4480 2294 4538 nibus
2317 4479 2646 4536 moderatam
2679 4488 2860 4537 tenere
2881 4482 3162 4552 justitiam,
3203 4489 3459 4555 piacsenti
3482 4493 3727 4544 auctori-

473 4555 720 4636 volumus
739 4561 1013 4619 fraudibus
1037 4563 1164 4629 suis,
1187 4565 1483 4634 praesertim
1511 4579 1635 4620 cum
1675 4565 1726 4620 in
1759 4565 2035 4635 dispendio

543 4754 566 4782 ⁸
595 4743 688 4800 Sic
713 4744 768 4799 in
797 4743 1001 4812 legibus
1027 4743 1444 4812 Wisigotharum
1485 4745 1576 4800 lib.
1622 4760 1694 4811 tv,
1724 4747 1808 4800 tit.
1841 4745 1894 4800 6.
1927 4747 2040 4805 Deo

471 4815 649 4884 potius
675 4813 991 4884 vindicanda
1038 4814 1403 4884 relinquimus,
1433 4829 1598 4884 quam
1626 4826 1813 4872 nostro
1837 4821 2039 4872 rescin-

469 4881 642 4952 denda
663 4882 864 4952 judicio
891 4881 1340 4939 definimus—Jun.

537 4951 712 5028 h'_I'ota
739 4951 852 5028 haec
871 4953 1095 5028 epistola
1121 4953 1292 5028 estde
1319 4961 1435 5008 arte
1463 4956 1831 5028 magica,et_in
1855 4971 2038 5028 magos

463 5020 672 5093 dandos
691 5037 812 5093 esse
829 5020 1036 5090 judices
1062 5021 1316 5093 declarat,
1335 5020 1608 5091 quoniam,
1638 5024 1829 5093 inquit,
1859 5020 2032 5080 verissi-

465 5091 509 5162 ri
532 5106 638 5146 non
663 5092 794 5148 licet
819 5094 871 5146 in
895 5091 1113 5160 magicis
1129 5093 1332 5162 artibus
1355 5095 1682 5162 temporibus
1691 5091 2023 5150 Christianis.

463 5159 803 5234 comantem
851 5159 1004 5234 mzigi’
1035 5162 1173 5230 apud
1204 5161 1392 5234 Persas
1426 5159 1760 5234 potissimum
1806 5165 2029 5220 deorum

463 5229 628 5284 cultui
669 5245 862 5302 vacare
905 5229 1160 5294 solerent,
1211 5233 1264 5285 in
1297 5229 1503 5302 tantum
1547 5242 1734 5302 postea
1764 5242 1918 5288 aucta
1947 5242 2032 5290 est

462 5309 648 5374 eorum
675 5301 905 5364 vanitas,
929 5309 986 5374 ut
1014 5317 1119 5354 non
1149 5302 1320 5374 solum
1345 5301 1720 5374 observatione
1747 5303 1856 5374 67
1885 5303 2028 5358 side-

461 5383 579 5438 rum
606 5368 779 5423 futura
812 5370 1120 5438 praedicare,
1149 5370 1241 5424 sed
1269 5371 1473 5438 artibus
1496 5368 1892 5438 quibusdam—et
1912 5389 2028 5427 ma-

464 5436 648 5559 teliciig
675 5446 732 5492 et
765 5436 902 5494 scire
926 5454 984 5493 se
1007 5441 1206 5505 omnia,
1236 5450 1291 5494 et
1329 5436 1686 5510 facere—posse
1705 5441 2028 5512 proﬁteren-

487 5520 570 5559 ur.
651 5521 794 5559 noss.

467 5515 570 5561 ιιιτ.
610 5515 794 5562 BROSS.
1793 5560 1804 5569 .

539 5586 560 5612 ε
594 5574 919 5630 Justinianus
962 5577 1157 5632 novell.
1209 5577 1330 5642 HS,
1378 5583 1606 5642 ’γοητείαν
1649 5578 1800 5642 dixit,
1851 5580 1902 5634 id
1948 5589 2032 5635 est

465 5645 699 5720 magicos
742 5659 1006 5720 susurros,
1039 5647 1330 5720 interprete
1366 5645 1598 5720 .luliauo,
1635 5651 1725 5718 qui
1755 5651 1883 5704 tiuut
1911 5667 2028 5704 ina-

469 5711 624 5766 nibus
650 5715 850 5780 accitis,
881 5716 916 5768 l.
949 5716 1002 5780 6,
1033 5715 1094 5770 C.
1127 5711 1195 5770 de
1223 5716 1446 5771 malelic.
1475 5725 1532 5772 et
1573 5711 1828 5774 ina-them.
1859 5720 2029 5776 Aure-

2139 4577 2251 4625 tate
2270 4568 2605 4626 decernimus
2625 4578 2684 4626 ut
2705 4569 2940 4644 quinque
2965 4575 3306 4630 senatoribus
3330 4586 3377 4640 ο,
3404 4577 3458 4630 id
3497 4590 3584 4633 est
3612 4595 3728 4633 ma-

2140 4749 2242 4806 lius
2275 4749 2595 4810 Prudentius
2639 4752 2730 4809 lib.
2762 4769 2780 4809 l
2809 4763 2996 4810 contra
3025 4755 3336 4830 Symmachi
3378 4761 3728 4831 relationem,

2294 4861 2544 4934 biurmure
2567 4875 2675 4934 nam
2693 4865 2882 4934 magico
2900 4872 3079 4934 tenues
3101 4869 3274 4934 excire
3296 4869 3502 4934 ﬁguras,

2292 4923 2454 4984 Atque
2477 4923 2932 4998 sepulcrales'scire
2957 4930 3202 4978 incantare
3221 4923 3423 4980 favillas.

2208 5025 2480 5106 Cedrenus
2524 5027 2886 5106 deApollonii
2912 5031 3439 5106 Ty_an:ei_pr:estigiis
3467 5052 3598 5106 pag.
3639 5038 3726 5102 '53,

2133 5101 2365 5177 punias
2404 5101 2471 5154 ab
2497 5098 2700 5177 eiulatu
2728 5100 2797 5154 ad
2837 5098 3082 5177 sepulcra
3111 5098 3361 5164 déducilj
3404 5098 3608 5177 nempe
3633 5098 3730 5163 ἀπὸ

2134 5169 2232 5221 ἐῶν
2258 5169 2428 5247 -γόωγ,
2472 5173 2556 5247 κα]
2594 5173 2782 5247 pprimit
2820 5179 2926 5247 τῶνΔ
2955 5175 3474 5247 περὶ-τξύς-ῖάφουτ
3524 5169 3639 5238 ἑοῖς
3675 5183 3729 5232 τὸ

2136 5245 2350 5358 Emerita
2373 5239 2729 5296 inundatione:
2754 5239 3040 5311 γινομένωνλ
3087 5242 3222 5296 infra
3251 5239 3363 5298 lib:
3388 5261 3467 5310 lx,
3521 5264 3614 5318 cp.
3642 5248 3726 5301 18.

2180 5322 2375 5358 oaxen.

2180 5322 2282 5360 ORN
2290 5323 2354 5360 sn
2363 5345 2375 5358 .

2210 5378 2233 5412 ά
2267 5375 2515 5445 Spectare
2553 5393 2656 5455 pro
2690 5385 3020 5455 (aspectare:
3044 5388 3104 5434 ut
3131 5389 3727 5455 cgntr_a,exspectant,

2135 5459 2236 5523 pro
2265 5447 2588 5523 spectant,_l.
2625 5448 2675 5510 5,
2701 5447 2761 5504 C.
2788 5447 2853 5523 de
2883 5449 2997 5502 red.
3031 5459 3138 5504 act.
3165 5450 3319 5504 Paul.
3350 5454 3442 5507 lib.
3481 5447 3520 5520 i,
3557 5461 3641 5512 tit.
3664 5447 3725 5523 95

2133 5513 2224 5568 lib.
2257 5513 2308 5572 νζ
2343 5515 2423 5568 tit.
2455 5516 2504 5578 6,
2529 5516 2777 5570 Senteut.
2809 5515 2977 5571 Fons.

2207 5592 2230 5620 ε
2262 5583 2626 5664 Theodericus
2675 5587 2776 5640 hoc
2825 5587 2942 5640 loco
2972 5587 3137 5664 jubet
3167 5589 3482 5664 Argg’ilicum
3541 5597 3729 5664 prmfe-

2131 5651 2454 5728 c_ttti_it__Urbi,
2483 5657 2718 5728 quinque
2747 5651 3085 5728 senatoribus
3111 5651 3386 5728 adhibitis,
3410 5665 3480 5718 ile
3505 5687 3520 5718 ‹
3540 5651 3726 5721 rimiue

2131 5721 2311 5776 Basilii
2335 5721 2830 5792 atque’l’rmtextati
2862 5741 3212 5794 cognoscere,
3271 5721 3385 5798 qui,
3413 5737 3554 5792 artis
3600 5737 3715 5792 sini-
