  <div class='ocr_page' id='page_1' title='image "/cluster/home/n/w/nwhite01/storage/ocr_20150623/69/umn.31951002477362u/323.png"; bbox 0 0 3974 6400; ppageno 0'>
   <div class='ocr_carea' id='block_1_1' title="bbox 421 336 523 393">
    <p class='ocr_par' dir='ltr' id='par_1_1' title="bbox 421 336 523 393">
     <span class='ocr_line' id='line_1_1' title="bbox 421 336 523 393; baseline 0 -2"><span class='ocrx_word' id='word_1_1' title='bbox 421 336 523 393; x_wconf 74' lang='lat'><strong>621</strong></span> 
     </span>
    </p>
   </div>
   <div class='ocr_carea' id='block_1_2' title="bbox 1638 334 2467 397">
    <p class='ocr_par' dir='ltr' id='par_1_2' title="bbox 1638 334 2467 397">
     <span class='ocr_line' id='line_1_2' title="bbox 1638 334 2467 397; baseline 0.005 -4"><span class='ocrx_word' id='word_1_2' title='bbox 1638 338 1708 393; x_wconf 78' lang='grc' dir='ltr'><strong>Μ.</strong></span> <span class='ocrx_word' id='word_1_3' title='bbox 1749 337 2027 393; x_wconf 67' lang='grc' dir='ltr'><strong>Αυιιιειιι</strong></span> <span class='ocrx_word' id='word_1_4' title='bbox 2065 334 2467 397; x_wconf 71' lang='grc' dir='ltr'><strong>ΟΛΒΞὶΟΒΟΒΙ</strong></span> 
     </span>
    </p>
   </div>
   <div class='ocr_carea' id='block_1_3' title="bbox 3600 338 3707 396">
    <p class='ocr_par' dir='ltr' id='par_1_3' title="bbox 3600 338 3707 396">
     <span class='ocr_line' id='line_1_3' title="bbox 3600 338 3707 396; baseline -0.019 -1"><span class='ocrx_word' id='word_1_5' title='bbox 3600 338 3707 396; x_wconf 73' lang='lat'><strong>628</strong></span> 
     </span>
    </p>
   </div>
   <div class='ocr_carea' id='block_1_4' title="bbox 352 444 3711 523">
    <p class='ocr_par' dir='ltr' id='par_1_4' title="bbox 352 444 3711 523">
     <span class='ocr_line' id='line_1_4' title="bbox 352 444 3711 523; baseline 0.001 -18"><span class='ocrx_word' id='word_1_6' title='bbox 352 444 358 465; x_wconf 68' lang='lat'>&quot;</span> <span class='ocrx_word' id='word_1_7' title='bbox 421 464 562 521; x_wconf 83' lang='lat' dir='ltr'><strong>mus,</strong></span> <span class='ocrx_word' id='word_1_8' title='bbox 588 466 712 517; x_wconf 74' lang='lat' dir='ltr'><strong>eum</strong></span> <span class='ocrx_word' id='word_1_9' title='bbox 761 465 900 506; x_wconf 86' lang='lat' dir='ltr'><strong>nova</strong></span> <span class='ocrx_word' id='word_1_10' title='bbox 938 449 1256 505; x_wconf 73' lang='lat' dir='ltr'><strong>utilitatibus</strong></span> <span class='ocrx_word' id='word_1_11' title='bbox 1303 450 1495 506; x_wconf 76' lang='lat' dir='ltr'><strong>vestris</strong></span> <span class='ocrx_word' id='word_1_12' title='bbox 1541 460 1798 522; x_wconf 66' lang='lat' dir='ltr'><strong>praestare</strong></span> <span class='ocrx_word' id='word_1_13' title='bbox 1825 452 2008 522; x_wconf 82' lang='lat' dir='ltr'><strong>cupia-</strong></span> <span class='ocrx_word' id='word_1_14' title='bbox 2039 459 2081 515; x_wconf 73' lang='grc' dir='ltr'>Α</span> <span class='ocrx_word' id='word_1_15' title='bbox 2112 464 2229 521; x_wconf 67' lang='lat' dir='ltr'><strong>quae</strong></span> <span class='ocrx_word' id='word_1_16' title='bbox 2257 450 2398 509; x_wconf 85' lang='lat' dir='ltr'><strong>male</strong></span> <span class='ocrx_word' id='word_1_17' title='bbox 2424 450 2709 507; x_wconf 86' lang='lat' dir='ltr'><strong>commissa</strong></span> <span class='ocrx_word' id='word_1_18' title='bbox 2736 447 3051 514; x_wconf 87' lang='lat' dir='ltr'><strong>claruerint,</strong></span> <span class='ocrx_word' id='word_1_19' title='bbox 3080 448 3199 507; x_wconf 83' lang='lat' dir='ltr'><strong>sine</strong></span> <span class='ocrx_word' id='word_1_20' title='bbox 3236 448 3418 523; x_wconf 89' lang='lat' dir='ltr'><strong>aliqua</strong></span> <span class='ocrx_word' id='word_1_21' title='bbox 3439 450 3711 509; x_wconf 83' lang='lat' dir='ltr'><strong>dilatione</strong></span> 
     </span>
    </p>
   </div>
   <div class='ocr_carea' id='block_1_5' title="bbox 421 540 2006 611">
    <p class='ocr_par' dir='ltr' id='par_1_5' title="bbox 421 540 2006 611">
     <span class='ocr_line' id='line_1_5' title="bbox 421 540 2006 611; baseline -0.001 -13"><span class='ocrx_word' id='word_1_22' title='bbox 421 557 557 598; x_wconf 85' lang='lat' dir='ltr'><strong>tuus.</strong></span> <span class='ocrx_word' id='word_1_23' title='bbox 588 540 817 597; x_wconf 81' lang='lat' dir='ltr'><strong>Servare</strong></span> <span class='ocrx_word' id='word_1_24' title='bbox 843 542 1042 611; x_wconf 86' lang='lat' dir='ltr'><strong>quippe</strong></span> <span class='ocrx_word' id='word_1_25' title='bbox 1069 542 1327 596; x_wconf 80' lang='lat' dir='ltr'><strong>terminos</strong></span> <span class='ocrx_word' id='word_1_26' title='bbox 1356 542 1568 609; x_wconf 82' lang='lat' dir='ltr'><strong>ignorat</strong></span> <span class='ocrx_word' id='word_1_27' title='bbox 1594 542 1916 608; x_wconf 84' lang='lat' dir='ltr'><strong>humanitas,</strong></span> <span class='ocrx_word' id='word_1_28' title='bbox 1948 552 2006 598; x_wconf 91' lang='lat' dir='ltr'><strong>et</strong></span> 
     </span>
    </p>
   </div>
   <div class='ocr_carea' id='block_1_6' title="bbox 421 632 2005 705">
    <p class='ocr_par' dir='ltr' id='par_1_6' title="bbox 421 632 2005 705">
     <span class='ocr_line' id='line_1_6' title="bbox 421 632 2005 705; baseline 0.001 -16"><span class='ocrx_word' id='word_1_29' title='bbox 421 633 647 695; x_wconf 83' lang='lat' dir='ltr'><strong>novellis</strong></span> <span class='ocrx_word' id='word_1_30' title='bbox 670 633 825 688; x_wconf 83' lang='lat' dir='ltr'><strong>decet</strong></span> <span class='ocrx_word' id='word_1_31' title='bbox 847 632 1076 688; x_wconf 80' lang='lat' dir='ltr'><strong>blamliri</strong></span> <span class='ocrx_word' id='word_1_32' title='bbox 1105 633 1394 697; x_wconf 80' lang='lat' dir='ltr'><strong>beneﬁciis,</strong></span> <span class='ocrx_word' id='word_1_33' title='bbox 1424 642 1543 703; x_wconf 90' lang='lat' dir='ltr'><strong>post</strong></span> <span class='ocrx_word' id='word_1_34' title='bbox 1573 634 1730 704; x_wconf 88' lang='lat' dir='ltr'><strong>longa</strong></span> <span class='ocrx_word' id='word_1_35' title='bbox 1760 644 2005 705; x_wconf 87' lang='lat' dir='ltr'><strong>tempora</strong></span> 
     </span>
    </p>
   </div>
   <div class='ocr_carea' id='block_1_7' title="bbox 420 721 2005 795">
    <p class='ocr_par' dir='ltr' id='par_1_7' title="bbox 420 721 2005 795">
     <span class='ocr_line' id='line_1_7' title="bbox 420 721 2005 795; baseline 0 -16"><span class='ocrx_word' id='word_1_36' title='bbox 420 723 698 781; x_wconf 84' lang='lat' dir='ltr'><strong>restitutis.</strong></span> <span class='ocrx_word' id='word_1_37' title='bbox 722 721 953 778; x_wconf 84' lang='lat' dir='ltr'><strong>Proinde</strong></span> <span class='ocrx_word' id='word_1_38' title='bbox 1001 723 1392 779; x_wconf 87' lang='lat' dir='ltr'><strong>immunitatem</strong></span> <span class='ocrx_word' id='word_1_39' title='bbox 1422 724 1594 787; x_wconf 86' lang='lat' dir='ltr'><strong>vobis,</strong></span> <span class='ocrx_word' id='word_1_40' title='bbox 1634 739 1795 795; x_wconf 87' lang='lat' dir='ltr'><strong>quam</strong></span> <span class='ocrx_word' id='word_1_41' title='bbox 1824 725 2005 793; x_wconf 87' lang='lat' dir='ltr'><strong>regio-</strong></span> 
     </span>
    </p>
   </div>
   <div class='ocr_carea' id='block_1_8' title="bbox 420 814 2003 885">
    <p class='ocr_par' dir='ltr' id='par_1_8' title="bbox 420 814 2003 885">
     <span class='ocr_line' id='line_1_8' title="bbox 420 814 2003 885; baseline 0.001 -17"><span class='ocrx_word' id='word_1_42' title='bbox 420 827 544 868; x_wconf 89' lang='lat' dir='ltr'><strong>nem</strong></span> <span class='ocrx_word' id='word_1_43' title='bbox 591 824 826 869; x_wconf 84' lang='lat' dir='ltr'><strong>vestram</strong></span> <span class='ocrx_word' id='word_1_44' title='bbox 853 822 1066 870; x_wconf 81' lang='lat' dir='ltr'><strong>constat</strong></span> <span class='ocrx_word' id='word_1_45' title='bbox 1109 814 1406 884; x_wconf 86' lang='lat' dir='ltr'><strong>principum</strong></span> <span class='ocrx_word' id='word_1_46' title='bbox 1434 814 1713 885; x_wconf 86' lang='lat' dir='ltr'><strong>privilegio</strong></span> <span class='ocrx_word' id='word_1_47' title='bbox 1740 830 2003 871; x_wconf 89' lang='lat' dir='ltr'><strong>consecu-</strong></span> 
     </span>
    </p>
   </div>
   <div class='ocr_carea' id='block_1_9' title="bbox 420 900 2008 973">
    <p class='ocr_par' dir='ltr' id='par_1_9' title="bbox 420 900 2008 973">
     <span class='ocr_line' id='line_1_9' title="bbox 420 900 2008 973; baseline 0.003 -17"><span class='ocrx_word' id='word_1_48' title='bbox 420 910 552 971; x_wconf 89' lang='lat' dir='ltr'><strong>tam,</strong></span> <span class='ocrx_word' id='word_1_49' title='bbox 572 900 678 959; x_wconf 87' lang='lat' dir='ltr'><strong>hac</strong></span> <span class='ocrx_word' id='word_1_50' title='bbox 695 903 1012 960; x_wconf 81' lang='lat' dir='ltr'><strong>auctoritate</strong></span> <span class='ocrx_word' id='word_1_51' title='bbox 1033 904 1307 973; x_wconf 78' lang='lat' dir='ltr'><strong>largimur;</strong></span> <span class='ocrx_word' id='word_1_52' title='bbox 1330 919 1432 961; x_wconf 89' lang='lat' dir='ltr'><strong>nec</strong></span> <span class='ocrx_word' id='word_1_53' title='bbox 1452 904 1601 961; x_wconf 85' lang='lat' dir='ltr'><strong>vobis</strong></span> <span class='ocrx_word' id='word_1_54' title='bbox 1628 905 1829 973; x_wconf 79' lang='lat' dir='ltr'><strong>aliquid</strong></span> <span class='ocrx_word' id='word_1_55' title='bbox 1851 920 2008 960; x_wconf 72' lang='lat' dir='ltr'><strong>nova:</strong></span> 
     </span>
    </p>
   </div>
   <div class='ocr_carea' id='block_1_10' title="bbox 420 994 2008 1065">
    <p class='ocr_par' dir='ltr' id='par_1_10' title="bbox 420 994 2008 1065">
     <span class='ocr_line' id='line_1_10' title="bbox 420 994 2008 1065; baseline -0.002 -12"><span class='ocrx_word' id='word_1_56' title='bbox 420 994 854 1064; x_wconf 61' lang='lat' dir='ltr'><strong>praesumptionis</strong></span> <span class='ocrx_word' id='word_1_57' title='bbox 878 994 1145 1065; x_wconf 86' lang='lat' dir='ltr'><strong>patiemur</strong></span> <span class='ocrx_word' id='word_1_58' title='bbox 1164 995 1385 1065; x_wconf 89' lang='lat' dir='ltr'><strong>imponi,</strong></span> <span class='ocrx_word' id='word_1_59' title='bbox 1416 1009 1553 1065; x_wconf 89' lang='lat' dir='ltr'><strong>quos</strong></span> <span class='ocrx_word' id='word_1_60' title='bbox 1580 996 1649 1051; x_wconf 90' lang='lat' dir='ltr'><strong>ab</strong></span> <span class='ocrx_word' id='word_1_61' title='bbox 1678 995 1825 1050; x_wconf 88' lang='lat' dir='ltr'><strong>omni</strong></span> <span class='ocrx_word' id='word_1_62' title='bbox 1854 995 2008 1050; x_wconf 75' lang='lat' dir='ltr'><strong>volu-</strong></span> 
     </span>
    </p>
   </div>
   <div class='ocr_carea' id='block_1_11' title="bbox 418 1085 2010 1157">
    <p class='ocr_par' dir='ltr' id='par_1_11' title="bbox 418 1085 2010 1157">
     <span class='ocr_line' id='line_1_11' title="bbox 418 1085 2010 1157; baseline 0.001 -17"><span class='ocrx_word' id='word_1_63' title='bbox 418 1099 540 1140; x_wconf 86' lang='lat' dir='ltr'><strong>mus</strong></span> <span class='ocrx_word' id='word_1_64' title='bbox 557 1085 870 1154; x_wconf 89' lang='lat' dir='ltr'><strong>gravamine</strong></span> <span class='ocrx_word' id='word_1_65' title='bbox 888 1085 1166 1142; x_wconf 87' lang='lat' dir='ltr'><strong>vindicari.</strong></span> <span class='ocrx_word' id='word_1_66' title='bbox 1187 1085 1420 1143; x_wconf 85' lang='lat' dir='ltr'><strong>Censum</strong></span> <span class='ocrx_word' id='word_1_67' title='bbox 1448 1095 1702 1157; x_wconf 72' lang='lat' dir='ltr'><strong>przeterea</strong></span> <span class='ocrx_word' id='word_1_68' title='bbox 1728 1087 2010 1156; x_wconf 58' lang='lat' dir='ltr'><strong>praesentis</strong></span> 
     </span>
    </p>
   </div>
   <div class='ocr_carea' id='block_1_12' title="bbox 420 1172 2010 1245">
    <p class='ocr_par' dir='ltr' id='par_1_12' title="bbox 420 1172 2010 1245">
     <span class='ocr_line' id='line_1_12' title="bbox 420 1172 2010 1245; baseline 0.002 -16"><span class='ocrx_word' id='word_1_69' title='bbox 420 1174 549 1231; x_wconf 81' lang='lat' dir='ltr'><strong>anni</strong></span> <span class='ocrx_word' id='word_1_70' title='bbox 576 1183 604 1212; x_wconf 72' lang='grc'><em>³</em></span> <span class='ocrx_word' id='word_1_71' title='bbox 642 1175 854 1230; x_wconf 79' lang='lat' dir='ltr'><strong>relaxat</strong></span> <span class='ocrx_word' id='word_1_72' title='bbox 903 1174 1054 1232; x_wconf 71' lang='lat' dir='ltr'><strong>voltis</strong></span> <span class='ocrx_word' id='word_1_73' title='bbox 1098 1172 1463 1231; x_wconf 76' lang='lat' dir='ltr'><strong>munificentia</strong></span> <span class='ocrx_word' id='word_1_74' title='bbox 1506 1175 1659 1245; x_wconf 86' lang='lat' dir='ltr'><strong>princ</strong></span> <span class='ocrx_word' id='word_1_75' title='bbox 1680 1175 1835 1245; x_wconf 87' lang='lat' dir='ltr'><strong>palis,</strong></span> <span class='ocrx_word' id='word_1_76' title='bbox 1864 1184 1924 1231; x_wconf 90' lang='lat' dir='ltr'><strong>ut</strong></span> <span class='ocrx_word' id='word_1_77' title='bbox 1951 1183 2010 1233; x_wconf 85' lang='lat' dir='ltr'><strong>et</strong></span> 
     </span>
    </p>
   </div>
   <div class='ocr_carea' id='block_1_13' title="bbox 421 1266 2006 1337">
    <p class='ocr_par' dir='ltr' id='par_1_13' title="bbox 421 1266 2006 1337">
     <span class='ocr_line' id='line_1_13' title="bbox 421 1266 2006 1337; baseline -0.001 -16"><span class='ocrx_word' id='word_1_78' title='bbox 421 1266 512 1333; x_wconf 81' lang='lat' dir='ltr'><strong>illa</strong></span> <span class='ocrx_word' id='word_1_79' title='bbox 536 1266 753 1337; x_wconf 79' lang='lat' dir='ltr'><strong>possitis</strong></span> <span class='ocrx_word' id='word_1_80' title='bbox 797 1268 1046 1337; x_wconf 90' lang='lat' dir='ltr'><strong>accipere</strong></span> <span class='ocrx_word' id='word_1_81' title='bbox 1070 1282 1189 1336; x_wconf 65' lang='lat' dir='ltr'><strong>quae</strong></span> <span class='ocrx_word' id='word_1_82' title='bbox 1216 1281 1314 1322; x_wconf 82' lang='lat' dir='ltr'><strong>vos</strong></span> <span class='ocrx_word' id='word_1_83' title='bbox 1336 1281 1445 1322; x_wconf 89' lang='lat' dir='ltr'><strong>non</strong></span> <span class='ocrx_word' id='word_1_84' title='bbox 1473 1266 1697 1335; x_wconf 75' lang='lat' dir='ltr'><strong>contigit</strong></span> <span class='ocrx_word' id='word_1_85' title='bbox 1738 1266 2006 1337; x_wconf 88' lang='lat' dir='ltr'><strong>postulas-</strong></span> 
     </span>
    </p>
   </div>
   <div class='ocr_carea' id='block_1_14' title="bbox 421 1354 2007 1429">
    <p class='ocr_par' dir='ltr' id='par_1_14' title="bbox 421 1354 2007 1429">
     <span class='ocr_line' id='line_1_14' title="bbox 421 1354 2007 1429; baseline -0.002 -14"><span class='ocrx_word' id='word_1_86' title='bbox 421 1372 499 1415; x_wconf 87' lang='lat' dir='ltr'><strong>se.</strong></span> <span class='ocrx_word' id='word_1_87' title='bbox 528 1355 647 1429; x_wconf 82' lang='lat' dir='ltr'><strong>Ipsa</strong></span> <span class='ocrx_word' id='word_1_88' title='bbox 676 1367 759 1413; x_wconf 85' lang='lat' dir='ltr'><strong>est</strong></span> <span class='ocrx_word' id='word_1_89' title='bbox 777 1358 921 1419; x_wconf 85' lang='lat' dir='ltr'><strong>enim</strong></span> <span class='ocrx_word' id='word_1_90' title='bbox 950 1357 1189 1429; x_wconf 79' lang='lat' dir='ltr'><strong>perfecta</strong></span> <span class='ocrx_word' id='word_1_91' title='bbox 1225 1358 1418 1429; x_wconf 84' lang='lat' dir='ltr'><strong>pietas,</strong></span> <span class='ocrx_word' id='word_1_92' title='bbox 1447 1372 1565 1427; x_wconf 70' lang='lat' dir='ltr'><strong>qua:</strong></span> <span class='ocrx_word' id='word_1_93' title='bbox 1593 1364 1883 1427; x_wconf 81' lang='lat' dir='ltr'><strong>antequam</strong></span> <span class='ocrx_word' id='word_1_94' title='bbox 1913 1354 2007 1412; x_wconf 83' lang='lat' dir='ltr'><strong>lle-</strong></span> 
     </span>
    </p>
   </div>
   <div class='ocr_carea' id='block_1_15' title="bbox 422 1451 1729 1523">
    <p class='ocr_par' dir='ltr' id='par_1_15' title="bbox 422 1451 1729 1523">
     <span class='ocr_line' id='line_1_15' title="bbox 422 1451 1729 1523; baseline -0.003 -14"><span class='ocrx_word' id='word_1_95' title='bbox 422 1460 598 1509; x_wconf 80' lang='lat' dir='ltr'><strong>ctatur</strong></span> <span class='ocrx_word' id='word_1_96' title='bbox 625 1452 895 1523; x_wconf 83' lang='lat' dir='ltr'><strong>precibus,</strong></span> <span class='ocrx_word' id='word_1_97' title='bbox 922 1453 1075 1509; x_wconf 90' lang='lat' dir='ltr'><strong>novit</strong></span> <span class='ocrx_word' id='word_1_98' title='bbox 1093 1451 1436 1509; x_wconf 89' lang='lat' dir='ltr'><strong>considerare</strong></span> <span class='ocrx_word' id='word_1_99' title='bbox 1458 1451 1729 1523; x_wconf 78' lang='lat' dir='ltr'><strong>fatigatos.</strong></span> 
     </span>
    </p>
   </div>
   <div class='ocr_carea' id='block_1_16' title="bbox 2108 538 3705 612">
    <p class='ocr_par' dir='ltr' id='par_1_16' title="bbox 2108 538 3705 612">
     <span class='ocr_line' id='line_1_16' title="bbox 2108 538 3705 612; baseline 0.003 -16"><span class='ocrx_word' id='word_1_100' title='bbox 2108 550 2416 612; x_wconf 88' lang='lat' dir='ltr'><strong>componat.</strong></span> <span class='ocrx_word' id='word_1_101' title='bbox 2440 540 2745 597; x_wconf 88' lang='lat' dir='ltr'><strong>Tuitionem</strong></span> <span class='ocrx_word' id='word_1_102' title='bbox 2768 538 2794 577; x_wconf 71' lang='grc' dir='ltr'>δ</span> <span class='ocrx_word' id='word_1_103' title='bbox 2816 554 2947 595; x_wconf 89' lang='lat' dir='ltr'><strong>vero</strong></span> <span class='ocrx_word' id='word_1_104' title='bbox 2974 542 3270 610; x_wconf 86' lang='lat' dir='ltr'><strong>postulanti</strong></span> <span class='ocrx_word' id='word_1_105' title='bbox 3295 552 3487 599; x_wconf 88' lang='lat' dir='ltr'><strong>contra</strong></span> <span class='ocrx_word' id='word_1_106' title='bbox 3515 543 3705 601; x_wconf 84' lang='lat' dir='ltr'><strong>incivi-</strong></span> 
     </span>
    </p>
   </div>
   <div class='ocr_carea' id='block_1_17' title="bbox 2110 626 3709 704">
    <p class='ocr_par' dir='ltr' id='par_1_17' title="bbox 2110 626 3709 704">
     <span class='ocr_line' id='line_1_17' title="bbox 2110 626 3709 704; baseline 0 -14"><span class='ocrx_word' id='word_1_107' title='bbox 2110 635 2188 690; x_wconf 90' lang='lat' dir='ltr'><strong>les</strong></span> <span class='ocrx_word' id='word_1_108' title='bbox 2224 636 2452 703; x_wconf 85' lang='lat' dir='ltr'><strong>impetus</strong></span> <span class='ocrx_word' id='word_1_109' title='bbox 2495 648 2564 688; x_wconf 90' lang='lat' dir='ltr'><strong>ex</strong></span> <span class='ocrx_word' id='word_1_110' title='bbox 2592 640 2775 688; x_wconf 89' lang='lat' dir='ltr'><strong>nostra</strong></span> <span class='ocrx_word' id='word_1_111' title='bbox 2815 626 3059 702; x_wconf 81' lang='lat' dir='ltr'><strong>jussio&#39;ne</strong></span> <span class='ocrx_word' id='word_1_112' title='bbox 3084 633 3234 693; x_wconf 85' lang='lat' dir='ltr'><strong>salva</strong></span> <span class='ocrx_word' id='word_1_113' title='bbox 3281 634 3545 691; x_wconf 87' lang='lat' dir='ltr'><strong>civilitate</strong></span> <span class='ocrx_word' id='word_1_114' title='bbox 3567 650 3709 704; x_wconf 68' lang='lat' dir='ltr'><strong>pra:-</strong></span> 
     </span>
    </p>
   </div>
   <div class='ocr_carea' id='block_1_18' title="bbox 2108 723 3713 794">
    <p class='ocr_par' dir='ltr' id='par_1_18' title="bbox 2108 723 3713 794">
     <span class='ocr_line' id='line_1_18' title="bbox 2108 723 3713 794; baseline 0.001 -14"><span class='ocrx_word' id='word_1_115' title='bbox 2108 725 2295 790; x_wconf 84' lang='lat' dir='ltr'><strong>stabis,</strong></span> <span class='ocrx_word' id='word_1_116' title='bbox 2326 740 2433 779; x_wconf 93' lang='lat' dir='ltr'><strong>non</strong></span> <span class='ocrx_word' id='word_1_117' title='bbox 2462 723 2711 794; x_wconf 88' lang='lat' dir='ltr'><strong>exemplo</strong></span> <span class='ocrx_word' id='word_1_118' title='bbox 2739 723 3005 791; x_wconf 82' lang='lat' dir='ltr'><strong>accusati,</strong></span> <span class='ocrx_word' id='word_1_119' title='bbox 3025 723 3122 781; x_wconf 84' lang='lat' dir='ltr'><strong>sed</strong></span> <span class='ocrx_word' id='word_1_120' title='bbox 3143 724 3590 785; x_wconf 80' lang='lat' dir='ltr'><strong>consideratione</strong></span> <span class='ocrx_word' id='word_1_121' title='bbox 3615 728 3713 783; x_wconf 82' lang='lat' dir='ltr'><strong>de-</strong></span> 
     </span>
    </p>
   </div>
   <div class='ocr_carea' id='block_1_19' title="bbox 2109 814 2499 871">
    <p class='ocr_par' dir='ltr' id='par_1_19' title="bbox 2109 814 2499 871">
     <span class='ocr_line' id='line_1_19' title="bbox 2109 814 2499 871; baseline -0.005 -1"><span class='ocrx_word' id='word_1_122' title='bbox 2109 823 2296 871; x_wconf 84' lang='lat' dir='ltr'><strong>center</strong></span> <span class='ocrx_word' id='word_1_123' title='bbox 2316 814 2499 869; x_wconf 86' lang='lat' dir='ltr'><strong>electi.</strong></span> 
     </span>
    </p>
   </div>
   <div class='ocr_carea' id='block_1_20' title="bbox 2587 945 3198 1003">
    <p class='ocr_par' dir='ltr' id='par_1_20' title="bbox 2587 945 3198 1003">
     <span class='ocr_line' id='line_1_20' title="bbox 2587 945 3198 1003; baseline 0.003 -2"><span class='ocrx_word' id='word_1_124' title='bbox 2587 945 2924 1003; x_wconf 83' lang='lat' dir='ltr'><strong>EPISTOLA</strong></span> <span class='ocrx_word' id='word_1_125' title='bbox 2961 946 3198 1003; x_wconf 77' lang='lat' dir='ltr'><strong>XXVIII.</strong></span> 
     </span>
    </p>
   </div>
   <div class='ocr_carea' id='block_1_21' title="bbox 2192 1054 3599 1108">
    <p class='ocr_par' dir='ltr' id='par_1_21' title="bbox 2192 1054 3599 1108">
     <span class='ocr_line' id='line_1_21' title="bbox 2192 1054 3599 1108; baseline 0.002 -14"><span class='ocrx_word' id='word_1_126' title='bbox 2192 1055 2347 1095; x_wconf 62' lang='lat' dir='ltr'><strong>DUDE</strong></span> <span class='ocrx_word' id='word_1_127' title='bbox 2372 1054 2498 1095; x_wconf 74' lang='lat' dir='ltr'><strong>VIRO</strong></span> <span class='ocrx_word' id='word_1_128' title='bbox 2526 1054 3045 1108; x_wconf 71' lang='lat' dir='ltr'><strong>SENATORI,‘COIITI,</strong></span> <span class='ocrx_word' id='word_1_129' title='bbox 3075 1055 3446 1097; x_wconf 70' lang='lat' dir='ltr'><strong>THEODOIICUS</strong></span> <span class='ocrx_word' id='word_1_130' title='bbox 3467 1058 3599 1099; x_wconf 67' lang='lat' dir='ltr'><strong>REX.</strong></span> 
     </span>
    </p>
   </div>
   <div class='ocr_carea' id='block_1_22' title="bbox 2113 1151 3712 1229">
    <p class='ocr_par' dir='ltr' id='par_1_22' title="bbox 2113 1151 3712 1229">
     <span class='ocr_line' id='line_1_22' title="bbox 2113 1151 3712 1229; baseline 0.004 -23"><span class='ocrx_word' id='word_1_131' title='bbox 2113 1151 2270 1207; x_wconf 81' lang='lat' dir='ltr'><strong>Illum</strong></span> <span class='ocrx_word' id='word_1_132' title='bbox 2304 1151 2569 1207; x_wconf 80' lang='lat' dir='ltr'><strong>constituit</strong></span> <span class='ocrx_word' id='word_1_133' title='bbox 2608 1151 2839 1229; x_wconf 71' lang='lat' dir='ltr'><strong>judicent</strong></span> <span class='ocrx_word' id='word_1_134' title='bbox 2871 1169 3044 1229; x_wconf 65' lang='lat' dir='ltr'><strong>causa:</strong></span> <span class='ocrx_word' id='word_1_135' title='bbox 3077 1154 3275 1224; x_wconf 82' lang='lat' dir='ltr'><strong>sajonis</strong></span> <span class='ocrx_word' id='word_1_136' title='bbox 3324 1156 3537 1217; x_wconf 64' lang='lat' dir='ltr'><strong>Antam:</strong></span> <span class='ocrx_word' id='word_1_137' title='bbox 3558 1197 3574 1223; x_wconf 91' lang='lat'><strong>,</strong></span> <span class='ocrx_word' id='word_1_138' title='bbox 3622 1159 3712 1229; x_wconf 78' lang='lat' dir='ltr'><strong>qui</strong></span> 
     </span>
    </p>
   </div>
   <div class='ocr_carea' id='block_1_23' title="bbox 2592 1222 3207 1278">
    <p class='ocr_par' dir='ltr' id='par_1_23' title="bbox 2592 1222 3207 1278">
     <span class='ocr_line' id='line_1_23' title="bbox 2592 1222 3207 1278; baseline 0.003 -2"><span class='ocrx_word' id='word_1_139' title='bbox 2592 1222 2946 1277; x_wconf 69' lang='lat' dir='ltr'><strong>vulneraverat</strong></span> <span class='ocrx_word' id='word_1_140' title='bbox 2973 1222 3207 1278; x_wconf 69' lang='lat' dir='ltr'><strong>Petrum.</strong></span> 
     </span>
    </p>
   </div>
   <div class='ocr_carea' id='block_1_24' title="bbox 2184 1337 3714 1409">
    <p class='ocr_par' dir='ltr' id='par_1_24' title="bbox 2184 1337 3714 1409">
     <span class='ocr_line' id='line_1_24' title="bbox 2184 1337 3714 1409; baseline 0.003 -15"><span class='ocrx_word' id='word_1_141' title='bbox 2184 1337 2580 1395; x_wconf 90' lang='lat' dir='ltr'><strong>Conscientiam</strong></span> <span class='ocrx_word' id='word_1_142' title='bbox 2616 1338 2929 1409; x_wconf 87' lang='lat' dir='ltr'><strong>probamus,</strong></span> <span class='ocrx_word' id='word_1_143' title='bbox 2956 1339 3044 1395; x_wconf 90' lang='lat' dir='ltr'><strong>cui</strong></span> <span class='ocrx_word' id='word_1_144' title='bbox 3076 1338 3365 1409; x_wconf 87' lang='lat' dir='ltr'><strong>judicanda</strong></span> <span class='ocrx_word' id='word_1_145' title='bbox 3407 1343 3714 1399; x_wconf 86' lang='lat' dir='ltr'><strong>committi-</strong></span> 
     </span>
    </p>
   </div>
   <div class='ocr_carea' id='block_1_25' title="bbox 2112 1428 3714 1504">
    <p class='ocr_par' dir='ltr' id='par_1_25' title="bbox 2112 1428 3714 1504">
     <span class='ocr_line' id='line_1_25' title="bbox 2112 1428 3714 1504; baseline 0.003 -20"><span class='ocrx_word' id='word_1_146' title='bbox 2112 1446 2233 1486; x_wconf 89' lang='lat' dir='ltr'><strong>mus</strong></span> <span class='ocrx_word' id='word_1_147' title='bbox 2256 1448 2269 1483; x_wconf 90' lang='lat'><strong>:</strong></span> <span class='ocrx_word' id='word_1_148' title='bbox 2297 1430 2423 1499; x_wconf 89' lang='lat' dir='ltr'><strong>quia</strong></span> <span class='ocrx_word' id='word_1_149' title='bbox 2443 1429 2636 1497; x_wconf 86' lang='lat' dir='ltr'><strong>dignus</strong></span> <span class='ocrx_word' id='word_1_150' title='bbox 2662 1437 2746 1484; x_wconf 91' lang='lat' dir='ltr'><strong>est</strong></span> <span class='ocrx_word' id='word_1_151' title='bbox 2769 1428 2909 1484; x_wconf 89' lang='lat' dir='ltr'><strong>inter</strong></span> <span class='ocrx_word' id='word_1_152' title='bbox 2928 1429 3063 1485; x_wconf 91' lang='lat' dir='ltr'><strong>alios</strong></span> <span class='ocrx_word' id='word_1_153' title='bbox 3084 1431 3358 1500; x_wconf 87' lang='lat' dir='ltr'><strong>sequenda</strong></span> <span class='ocrx_word' id='word_1_154' title='bbox 3386 1431 3714 1504; x_wconf 85' lang='lat' dir='ltr'><strong>decernere,</strong></span> 
     </span>
    </p>
   </div>
   <div class='ocr_carea' id='block_1_26' title="bbox 2052 1519 3718 1595">
    <p class='ocr_par' dir='ltr' id='par_1_26' title="bbox 2052 1519 3718 1595">
     <span class='ocr_line' id='line_1_26' title="bbox 2052 1519 3718 1595; baseline 0.005 -22"><span class='ocrx_word' id='word_1_155' title='bbox 2052 1588 2067 1595; x_wconf 26' lang='grc' dir='ltr'>ἱ</span> <span class='ocrx_word' id='word_1_156' title='bbox 2112 1521 2205 1590; x_wconf 87' lang='lat' dir='ltr'><strong>qui</strong></span> <span class='ocrx_word' id='word_1_157' title='bbox 2234 1520 2336 1575; x_wconf 86' lang='lat' dir='ltr'><strong>sibi</strong></span> <span class='ocrx_word' id='word_1_158' title='bbox 2365 1519 2582 1575; x_wconf 92' lang='lat' dir='ltr'><strong>modum</strong></span> <span class='ocrx_word' id='word_1_159' title='bbox 2604 1519 2749 1575; x_wconf 90' lang='lat' dir='ltr'><strong>visus</strong></span> <span class='ocrx_word' id='word_1_160' title='bbox 2772 1519 3125 1588; x_wconf 72' lang='lat' dir='ltr'><strong>estlegitimae</strong></span> <span class='ocrx_word' id='word_1_161' title='bbox 3153 1524 3591 1581; x_wconf 86' lang='lat' dir='ltr'><strong>conversationis</strong></span> <span class='ocrx_word' id='word_1_162' title='bbox 3619 1525 3718 1581; x_wconf 89' lang='lat' dir='ltr'><strong>im-</strong></span> 
     </span>
    </p>
   </div>
   <div class='ocr_carea' id='block_1_27' title="bbox 2114 1606 3717 1683">
    <p class='ocr_par' dir='ltr' id='par_1_27' title="bbox 2114 1606 3717 1683">
     <span class='ocr_line' id='line_1_27' title="bbox 2114 1606 3717 1683; baseline 0.002 -19"><span class='ocrx_word' id='word_1_163' title='bbox 2114 1623 2337 1680; x_wconf 86' lang='lat' dir='ltr'><strong>ponere.</strong></span> <span class='ocrx_word' id='word_1_164' title='bbox 2368 1606 2559 1663; x_wconf 89' lang='lat' dir='ltr'><strong>Petrus</strong></span> <span class='ocrx_word' id='word_1_165' title='bbox 2588 1608 2768 1677; x_wconf 89' lang='lat' dir='ltr'><strong>itaque</strong></span> <span class='ocrx_word' id='word_1_166' title='bbox 2821 1609 2901 1663; x_wconf 87' lang='lat' dir='ltr'><strong>vir</strong></span> <span class='ocrx_word' id='word_1_167' title='bbox 2936 1610 3244 1679; x_wconf 86' lang='lat' dir='ltr'><strong>spectabilis</strong></span> <span class='ocrx_word' id='word_1_168' title='bbox 3273 1610 3533 1666; x_wconf 84' lang='lat' dir='ltr'><strong>Amaram</strong></span> <span class='ocrx_word' id='word_1_169' title='bbox 3564 1613 3717 1683; x_wconf 83' lang='lat' dir='ltr'><strong>sajo-</strong></span> 
     </span>
    </p>
   </div>
   <div class='ocr_carea' id='block_1_28' title="bbox 706 1698 3718 1771">
    <p class='ocr_par' dir='ltr' id='par_1_28' title="bbox 706 1698 3718 1771">
     <span class='ocr_line' id='line_1_28' title="bbox 706 1698 3718 1771; baseline 0.002 -19"><span class='ocrx_word' id='word_1_170' title='bbox 706 1714 987 1757; x_wconf 77' lang='grc' dir='ltr'><strong>τΕΖυΤΖΔτ</strong></span> <span class='ocrx_word' id='word_1_171' title='bbox 1024 1713 1200 1753; x_wconf 73' lang='lat' dir='ltr'><strong>suom</strong></span> <span class='ocrx_word' id='word_1_172' title='bbox 1240 1712 1604 1753; x_wconf 72' lang='lat' dir='ltr'><strong>THEODORICUS</strong></span> <span class='ocrx_word' id='word_1_173' title='bbox 1631 1713 1759 1751; x_wconf 77' lang='lat' dir='ltr'><strong>nsx.</strong></span> <span class='ocrx_word' id='word_1_174' title='bbox 2116 1714 2238 1755; x_wconf 91' lang='lat' dir='ltr'><strong>nem</strong></span> <span class='ocrx_word' id='word_1_175' title='bbox 2268 1708 2534 1764; x_wconf 89' lang='lat' dir='ltr'><strong>nostrum,</strong></span> <span class='ocrx_word' id='word_1_176' title='bbox 2574 1699 2667 1771; x_wconf 85' lang='lat' dir='ltr'><strong>qui</strong></span> <span class='ocrx_word' id='word_1_177' title='bbox 2694 1698 2971 1755; x_wconf 89' lang='lat' dir='ltr'><strong>contrario</strong></span> <span class='ocrx_word' id='word_1_178' title='bbox 2995 1699 3178 1755; x_wconf 85' lang='lat' dir='ltr'><strong>omine</strong></span> <span class='ocrx_word' id='word_1_179' title='bbox 3206 1716 3308 1771; x_wconf 90' lang='lat' dir='ltr'><strong>pro</strong></span> <span class='ocrx_word' id='word_1_180' title='bbox 3337 1701 3456 1771; x_wconf 85' lang='lat' dir='ltr'><strong>ejus</strong></span> <span class='ocrx_word' id='word_1_181' title='bbox 3480 1704 3718 1759; x_wconf 89' lang='lat' dir='ltr'><strong>tnitione</strong></span> 
     </span>
    </p>
   </div>
   <div class='ocr_carea' id='block_1_29' title="bbox 424 1786 1998 1888">
    <p class='ocr_par' dir='ltr' id='par_1_29' title="bbox 424 1805 1998 1888">
     <span class='ocr_line' id='line_1_29' title="bbox 424 1805 1998 1888; baseline -0.001 -25"><span class='ocrx_word' id='word_1_182' title='bbox 424 1805 515 1866; x_wconf 82' lang='lat' dir='ltr'><strong>Illi</strong></span> <span class='ocrx_word' id='word_1_183' title='bbox 539 1809 808 1888; x_wconf 66' lang='lat' dir='ltr'><strong>committit</strong></span> <span class='ocrx_word' id='word_1_184' title='bbox 833 1807 976 1864; x_wconf 83' lang='lat' dir='ltr'><strong>Petri</strong></span> <span class='ocrx_word' id='word_1_185' title='bbox 1004 1809 1288 1888; x_wconf 73' lang='lat' dir='ltr'><strong>tuitionem,</strong></span> <span class='ocrx_word' id='word_1_186' title='bbox 1313 1823 1466 1888; x_wconf 70' lang='lat' dir='ltr'><strong>quam</strong></span> <span class='ocrx_word' id='word_1_187' title='bbox 1490 1808 1556 1861; x_wconf 87' lang='lat' dir='ltr'><strong>ab</strong></span> <span class='ocrx_word' id='word_1_188' title='bbox 1583 1807 1778 1888; x_wconf 68' lang='lat' dir='ltr'><strong>Antam</strong></span> <span class='ocrx_word' id='word_1_189' title='bbox 1805 1806 1998 1888; x_wconf 71' lang='lat' dir='ltr'><strong>sajonc,</strong></span> 
     </span>
    </p>
   </div>
   <div class='ocr_carea' id='block_1_30' title="bbox 2113 1786 3717 1888">
    <p class='ocr_par' dir='ltr' id='par_1_30' title="bbox 2115 1786 3717 1861">
     <span class='ocr_line' id='line_1_30' title="bbox 2115 1786 3717 1861; baseline 0.006 -19"><span class='ocrx_word' id='word_1_190' title='bbox 2115 1788 2351 1843; x_wconf 90' lang='lat' dir='ltr'><strong>directus</strong></span> <span class='ocrx_word' id='word_1_191' title='bbox 2371 1796 2473 1857; x_wconf 70' lang='lat' dir='ltr'><strong>est,</strong></span> <span class='ocrx_word' id='word_1_192' title='bbox 2504 1786 2698 1844; x_wconf 87' lang='lat' dir='ltr'><strong>educto</strong></span> <span class='ocrx_word' id='word_1_193' title='bbox 2721 1787 2902 1861; x_wconf 88' lang='lat' dir='ltr'><strong>gladio</strong></span> <span class='ocrx_word' id='word_1_194' title='bbox 2930 1804 2989 1845; x_wconf 92' lang='lat' dir='ltr'><strong>se</strong></span> <span class='ocrx_word' id='word_1_195' title='bbox 3018 1790 3211 1846; x_wconf 89' lang='lat' dir='ltr'><strong>asserit</strong></span> <span class='ocrx_word' id='word_1_196' title='bbox 3237 1792 3581 1852; x_wconf 86' lang='lat' dir='ltr'><strong>vulnerasse.</strong></span> <span class='ocrx_word' id='word_1_197' title='bbox 3614 1794 3717 1851; x_wconf 82' lang='lat' dir='ltr'><strong>de-</strong></span> 
     </span>
    </p>
   </div>
   <div class='ocr_carea' id='block_1_31' title="bbox 491 1876 3717 1954">
    <p class='ocr_par' dir='ltr' id='par_1_31' title="bbox 491 1876 3717 1954">
     <span class='ocr_line' id='line_1_31' title="bbox 491 1876 3717 1954; baseline 0.003 -22"><span class='ocrx_word' id='word_1_198' title='bbox 491 1895 552 1932; x_wconf 84' lang='lat' dir='ltr'><strong>eo</strong></span> <span class='ocrx_word' id='word_1_199' title='bbox 581 1878 716 1954; x_wconf 73' lang='lat' dir='ltr'><strong>quod</strong></span> <span class='ocrx_word' id='word_1_200' title='bbox 744 1877 956 1954; x_wconf 55' lang='lat' dir='ltr'><strong>Petrum</strong></span> <span class='ocrx_word' id='word_1_201' title='bbox 998 1876 1514 1954; x_wconf 44' lang='lat' dir='ltr'><strong>voluitscthoccidere,</strong></span> <span class='ocrx_word' id='word_1_202' title='bbox 1547 1878 1749 1954; x_wconf 58' lang='lat' dir='ltr'><strong>aufert;</strong></span> <span class='ocrx_word' id='word_1_203' title='bbox 1795 1885 1844 1930; x_wconf 89' lang='lat' dir='ltr'><strong>et</strong></span> <span class='ocrx_word' id='word_1_204' title='bbox 1866 1876 2012 1954; x_wconf 68' lang='lat' dir='ltr'><strong>jubet</strong></span> <span class='ocrx_word' id='word_1_205' title='bbox 2041 1876 2088 1897; x_wconf 69' lang='lat'>&quot;</span> <span class='ocrx_word' id='word_1_206' title='bbox 2114 1879 2491 1949; x_wconf 82' lang='lat' dir='ltr'><strong>fensoremque</strong></span> <span class='ocrx_word' id='word_1_207' title='bbox 2518 1878 2734 1949; x_wconf 78' lang='lat' dir='ltr'><strong>fecisse,</strong></span> <span class='ocrx_word' id='word_1_208' title='bbox 2761 1879 2906 1949; x_wconf 86' lang='lat' dir='ltr'><strong>quod</strong></span> <span class='ocrx_word' id='word_1_209' title='bbox 2927 1880 3016 1937; x_wconf 88' lang='lat' dir='ltr'><strong>vix</strong></span> <span class='ocrx_word' id='word_1_210' title='bbox 3046 1881 3295 1939; x_wconf 82' lang='lat' dir='ltr'><strong>inimicus</strong></span> <span class='ocrx_word' id='word_1_211' title='bbox 3317 1885 3592 1954; x_wconf 88' lang='lat' dir='ltr'><strong>potuisset</strong></span> <span class='ocrx_word' id='word_1_212' title='bbox 3614 1902 3717 1941; x_wconf 87' lang='lat' dir='ltr'><strong>au-</strong></span> 
     </span>
    </p>
   </div>
   <div class='ocr_carea' id='block_1_32' title="bbox 920 1583 1503 1641">
    <p class='ocr_par' dir='ltr' id='par_1_32' title="bbox 920 1583 1503 1641">
     <span class='ocr_line' id='line_1_32' title="bbox 920 1583 1503 1641; baseline -0.002 -1"><span class='ocrx_word' id='word_1_213' title='bbox 920 1584 1255 1641; x_wconf 82' lang='lat' dir='ltr'><strong>EPISTOLA</strong></span> <span class='ocrx_word' id='word_1_214' title='bbox 1291 1583 1503 1640; x_wconf 76' lang='lat' dir='ltr'><strong>XXVII.</strong></span> 
     </span>
    </p>
   </div>
   <div class='ocr_carea' id='block_1_33' title="bbox 492 1946 2010 2019">
    <p class='ocr_par' dir='ltr' id='par_1_33' title="bbox 492 1946 2010 2019">
     <span class='ocr_line' id='line_1_33' title="bbox 492 1946 2010 2019; baseline -0.001 -19"><span class='ocrx_word' id='word_1_215' title='bbox 492 1958 549 2019; x_wconf 76' lang='lat' dir='ltr'><strong>ut</strong></span> <span class='ocrx_word' id='word_1_216' title='bbox 585 1946 847 2019; x_wconf 1' lang='lat' dir='ltr'><strong>quidquid,</strong></span> <span class='ocrx_word' id='word_1_217' title='bbox 878 1949 1133 2003; x_wconf 80' lang='lat' dir='ltr'><strong>commodi</strong></span> <span class='ocrx_word' id='word_1_218' title='bbox 1161 1946 1378 2019; x_wconf 12' lang='lat' dir='ltr'><strong>aiPetro</strong></span> <span class='ocrx_word' id='word_1_219' title='bbox 1418 1946 1687 2019; x_wconf 78' lang='lat' dir='ltr'><strong>acceperat</strong></span> <span class='ocrx_word' id='word_1_220' title='bbox 1713 1946 1926 2019; x_wconf 60' lang='lat' dir='ltr'><strong>Amare,</strong></span> <span class='ocrx_word' id='word_1_221' title='bbox 1956 1946 2010 1999; x_wconf 85' lang='lat' dir='ltr'><strong>in</strong></span> 
     </span>
    </p>
   </div>
   <div class='ocr_carea' id='block_1_34' title="bbox 494 2016 2011 2088">
    <p class='ocr_par' dir='ltr' id='par_1_34' title="bbox 494 2016 2011 2088">
     <span class='ocr_line' id='line_1_34' title="bbox 494 2016 2011 2088; baseline -0.001 -18"><span class='ocrx_word' id='word_1_222' title='bbox 494 2016 707 2088; x_wconf 80' lang='lat' dir='ltr'><strong>duplum</strong></span> <span class='ocrx_word' id='word_1_223' title='bbox 721 2016 983 2088; x_wconf 67' lang='lat' dir='ltr'><strong>restituat,</strong></span> <span class='ocrx_word' id='word_1_224' title='bbox 998 2028 1151 2087; x_wconf 84' lang='lat' dir='ltr'><strong>atque</strong></span> <span class='ocrx_word' id='word_1_225' title='bbox 1179 2018 1243 2070; x_wconf 86' lang='lat' dir='ltr'><strong>de</strong></span> <span class='ocrx_word' id='word_1_226' title='bbox 1266 2017 1421 2088; x_wconf 80' lang='lat' dir='ltr'><strong>plaga</strong></span> <span class='ocrx_word' id='word_1_227' title='bbox 1440 2018 1642 2087; x_wconf 78' lang='lat' dir='ltr'><strong>inﬂicta</strong></span> <span class='ocrx_word' id='word_1_228' title='bbox 1667 2016 1737 2069; x_wconf 85' lang='lat' dir='ltr'><strong>ad</strong></span> <span class='ocrx_word' id='word_1_229' title='bbox 1757 2016 2011 2087; x_wconf 84' lang='lat' dir='ltr'><strong>judicium</strong></span> 
     </span>
    </p>
   </div>
   <div class='ocr_carea' id='block_1_35' title="bbox 478 2086 1418 2143">
    <p class='ocr_par' dir='ltr' id='par_1_35' title="bbox 478 2086 1418 2143">
     <span class='ocr_line' id='line_1_35' title="bbox 478 2086 1418 2143; baseline 0 -2"><span class='ocrx_word' id='word_1_230' title='bbox 478 2086 894 2143; x_wconf 68' lang='lat' dir='ltr'><strong>comitirDudaz</strong></span> <span class='ocrx_word' id='word_1_231' title='bbox 920 2086 1090 2143; x_wconf 77' lang='lat' dir='ltr'><strong>veniat</strong></span> <span class='ocrx_word' id='word_1_232' title='bbox 1109 2086 1418 2142; x_wconf 76' lang='lat' dir='ltr'><strong>audiendus.</strong></span> 
     </span>
    </p>
   </div>
   <div class='ocr_carea' id='block_1_36' title="bbox 494 2194 2009 2268">
    <p class='ocr_par' dir='ltr' id='par_1_36' title="bbox 494 2194 2009 2268">
     <span class='ocr_line' id='line_1_36' title="bbox 494 2194 2009 2268; baseline -0.001 -16"><span class='ocrx_word' id='word_1_233' title='bbox 494 2196 834 2255; x_wconf 80' lang='lat' dir='ltr'><strong>Detestabilis</strong></span> <span class='ocrx_word' id='word_1_234' title='bbox 861 2209 945 2254; x_wconf 90' lang='lat' dir='ltr'><strong>est</strong></span> <span class='ocrx_word' id='word_1_235' title='bbox 971 2197 1185 2268; x_wconf 81' lang='lat' dir='ltr'><strong>quidem</strong></span> <span class='ocrx_word' id='word_1_236' title='bbox 1214 2198 1389 2253; x_wconf 91' lang='lat' dir='ltr'><strong>omnis</strong></span> <span class='ocrx_word' id='word_1_237' title='bbox 1417 2196 1631 2266; x_wconf 88' lang='lat' dir='ltr'><strong>injuria,</strong></span> <span class='ocrx_word' id='word_1_238' title='bbox 1670 2204 1728 2253; x_wconf 90' lang='lat' dir='ltr'><strong>et</strong></span> <span class='ocrx_word' id='word_1_239' title='bbox 1753 2194 2009 2266; x_wconf 75' lang='lat' dir='ltr'><strong>quidquid</strong></span> 
     </span>
    </p>
   </div>
   <div class='ocr_carea' id='block_1_37' title="bbox 421 2284 2006 2358">
    <p class='ocr_par' dir='ltr' id='par_1_37' title="bbox 421 2284 2006 2358">
     <span class='ocr_line' id='line_1_37' title="bbox 421 2284 2006 2358; baseline -0.001 -14"><span class='ocrx_word' id='word_1_240' title='bbox 421 2296 608 2344; x_wconf 89' lang='lat' dir='ltr'><strong>contra</strong></span> <span class='ocrx_word' id='word_1_241' title='bbox 636 2288 780 2358; x_wconf 81' lang='lat' dir='ltr'><strong>leges</strong></span> <span class='ocrx_word' id='word_1_242' title='bbox 800 2287 1099 2346; x_wconf 85' lang='lat' dir='ltr'><strong>admittitur</strong></span> <span class='ocrx_word' id='word_1_243' title='bbox 1121 2287 1266 2357; x_wconf 88' lang='lat' dir='ltr'><strong>justa</strong></span> <span class='ocrx_word' id='word_1_244' title='bbox 1293 2287 1673 2343; x_wconf 80' lang='lat' dir='ltr'><strong>exsecratione,</strong></span> <span class='ocrx_word' id='word_1_245' title='bbox 1692 2284 2006 2352; x_wconf 86' lang='lat' dir='ltr'><strong>damnatur;</strong></span> 
     </span>
    </p>
   </div>
   <div class='ocr_carea' id='block_1_38' title="bbox 419 2376 2004 2448">
    <p class='ocr_par' dir='ltr' id='par_1_38' title="bbox 419 2376 2004 2448">
     <span class='ocr_line' id='line_1_38' title="bbox 419 2376 2004 2448; baseline -0.001 -15"><span class='ocrx_word' id='word_1_246' title='bbox 419 2377 516 2434; x_wconf 86' lang='lat' dir='ltr'><strong>sed</strong></span> <span class='ocrx_word' id='word_1_247' title='bbox 555 2377 818 2434; x_wconf 87' lang='lat' dir='ltr'><strong>malorum</strong></span> <span class='ocrx_word' id='word_1_248' title='bbox 847 2378 1085 2435; x_wconf 89' lang='lat' dir='ltr'><strong>omnium</strong></span> <span class='ocrx_word' id='word_1_249' title='bbox 1110 2378 1369 2448; x_wconf 81' lang='lat' dir='ltr'><strong>probatur</strong></span> <span class='ocrx_word' id='word_1_250' title='bbox 1398 2386 1722 2446; x_wconf 89' lang='lat' dir='ltr'><strong>extremum,</strong></span> <span class='ocrx_word' id='word_1_251' title='bbox 1746 2376 1871 2434; x_wconf 86' lang='lat' dir='ltr'><strong>inde</strong></span> <span class='ocrx_word' id='word_1_252' title='bbox 1907 2378 2004 2433; x_wconf 89' lang='lat' dir='ltr'><strong>de-</strong></span> 
     </span>
    </p>
   </div>
   <div class='ocr_carea' id='block_1_39' title="bbox 422 2460 2011 2538">
    <p class='ocr_par' dir='ltr' id='par_1_39' title="bbox 422 2460 2011 2538">
     <span class='ocr_line' id='line_1_39' title="bbox 422 2460 2011 2538; baseline 0.001 -17"><span class='ocrx_word' id='word_1_253' title='bbox 422 2467 670 2523; x_wconf 90' lang='lat' dir='ltr'><strong>trimenta</strong></span> <span class='ocrx_word' id='word_1_254' title='bbox 711 2468 1005 2538; x_wconf 89' lang='lat' dir='ltr'><strong>suscipere,</strong></span> <span class='ocrx_word' id='word_1_255' title='bbox 1039 2468 1180 2523; x_wconf 90' lang='lat' dir='ltr'><strong>unde</strong></span> <span class='ocrx_word' id='word_1_256' title='bbox 1202 2468 1561 2525; x_wconf 82' lang='lat' dir='ltr'><strong>credebantur</strong></span> <span class='ocrx_word' id='word_1_257' title='bbox 1588 2467 1787 2526; x_wconf 84' lang='lat' dir='ltr'><strong>auxilia</strong></span> <span class='ocrx_word' id='word_1_258' title='bbox 1813 2460 2011 2538; x_wconf 83' lang='lat' dir='ltr'><strong>prove-</strong></span> 
     </span>
    </p>
   </div>
   <div class='ocr_carea' id='block_1_40' title="bbox 388 2552 2008 2627">
    <p class='ocr_par' dir='ltr' id='par_1_40' title="bbox 388 2552 2008 2627">
     <span class='ocr_line' id='line_1_40' title="bbox 388 2552 2008 2627; baseline -0.001 -14"><span class='ocrx_word' id='word_1_259' title='bbox 388 2552 559 2613; x_wconf 78' lang='lat' dir='ltr'><strong>nire.</strong></span> <span class='ocrx_word' id='word_1_260' title='bbox 598 2556 899 2627; x_wconf 83' lang='lat' dir='ltr'><strong>Exaggerat</strong></span> <span class='ocrx_word' id='word_1_261' title='bbox 937 2557 1083 2621; x_wconf 83' lang='lat' dir='ltr'><strong>enim</strong></span> <span class='ocrx_word' id='word_1_262' title='bbox 1128 2556 1341 2627; x_wconf 83' lang='lat' dir='ltr'><strong>culpam</strong></span> <span class='ocrx_word' id='word_1_263' title='bbox 1387 2555 1441 2611; x_wconf 79' lang='lat' dir='ltr'><strong>in</strong></span> <span class='ocrx_word' id='word_1_264' title='bbox 1478 2556 1809 2617; x_wconf 84' lang='lat' dir='ltr'><strong>contrarium</strong></span> <span class='ocrx_word' id='word_1_265' title='bbox 1852 2570 2008 2615; x_wconf 82' lang='lat' dir='ltr'><strong>versa</strong></span> 
     </span>
    </p>
   </div>
   <div class='ocr_carea' id='block_1_41' title="bbox 419 2644 2010 2715">
    <p class='ocr_par' dir='ltr' id='par_1_41' title="bbox 419 2644 2010 2715">
     <span class='ocr_line' id='line_1_41' title="bbox 419 2644 2010 2715; baseline 0 -14"><span class='ocrx_word' id='word_1_266' title='bbox 419 2645 712 2705; x_wconf 75' lang='lat' dir='ltr'><strong>audelitas</strong></span> <span class='ocrx_word' id='word_1_267' title='bbox 728 2686 745 2712; x_wconf 93' lang='lat'><strong>,</strong></span> <span class='ocrx_word' id='word_1_268' title='bbox 770 2655 827 2701; x_wconf 83' lang='lat' dir='ltr'><strong>et</strong></span> <span class='ocrx_word' id='word_1_269' title='bbox 854 2645 1027 2715; x_wconf 83' lang='lat' dir='ltr'><strong>majus</strong></span> <span class='ocrx_word' id='word_1_270' title='bbox 1046 2644 1218 2704; x_wconf 82' lang='lat' dir='ltr'><strong>reatui</strong></span> <span class='ocrx_word' id='word_1_271' title='bbox 1250 2644 1463 2715; x_wconf 83' lang='lat' dir='ltr'><strong>pondus</strong></span> <span class='ocrx_word' id='word_1_272' title='bbox 1491 2653 1594 2711; x_wconf 77' lang='lat' dir='ltr'><strong>est.</strong></span> <span class='ocrx_word' id='word_1_273' title='bbox 1618 2645 1892 2714; x_wconf 88' lang='lat' dir='ltr'><strong>inopinata</strong></span> <span class='ocrx_word' id='word_1_274' title='bbox 1915 2645 2010 2703; x_wconf 89' lang='lat' dir='ltr'><strong>de-</strong></span> 
     </span>
    </p>
   </div>
   <div class='ocr_carea' id='block_1_42' title="bbox 378 2733 2009 2806">
    <p class='ocr_par' dir='ltr' id='par_1_42' title="bbox 378 2733 2009 2806">
     <span class='ocr_line' id='line_1_42' title="bbox 378 2733 2009 2806; baseline 0 -16"><span class='ocrx_word' id='word_1_275' title='bbox 378 2794 403 2803; x_wconf 27' lang='lat'><strong>_,</strong></span> <span class='ocrx_word' id='word_1_276' title='bbox 419 2736 617 2806; x_wconf 88' lang='lat' dir='ltr'><strong>ceptio.</strong></span> <span class='ocrx_word' id='word_1_277' title='bbox 643 2735 739 2791; x_wconf 86' lang='lat' dir='ltr'><strong>Vir</strong></span> <span class='ocrx_word' id='word_1_278' title='bbox 764 2736 1077 2806; x_wconf 80' lang='lat' dir='ltr'><strong>spectabilis.</strong></span> <span class='ocrx_word' id='word_1_279' title='bbox 1094 2735 1275 2804; x_wconf 85' lang='lat' dir='ltr'><strong>itaque</strong></span> <span class='ocrx_word' id='word_1_280' title='bbox 1296 2733 1487 2796; x_wconf 84' lang='lat' dir='ltr'><strong>Petrus</strong></span> <span class='ocrx_word' id='word_1_281' title='bbox 1515 2733 1829 2795; x_wconf 79' lang='lat' dir='ltr'><strong>admiranda</strong></span> <span class='ocrx_word' id='word_1_282' title='bbox 1852 2734 2009 2793; x_wconf 85' lang='lat' dir='ltr'><strong>nobis</strong></span> 
     </span>
    </p>
   </div>
   <div class='ocr_carea' id='block_1_43' title="bbox 418 2823 2005 2896">
    <p class='ocr_par' dir='ltr' id='par_1_43' title="bbox 418 2823 2005 2896">
     <span class='ocr_line' id='line_1_43' title="bbox 418 2823 2005 2896; baseline -0.001 -15"><span class='ocrx_word' id='word_1_283' title='bbox 418 2833 568 2883; x_wconf 81' lang='lat' dir='ltr'><strong>sorte</strong></span> <span class='ocrx_word' id='word_1_284' title='bbox 598 2833 924 2896; x_wconf 87' lang='lat' dir='ltr'><strong>conquestus</strong></span> <span class='ocrx_word' id='word_1_285' title='bbox 948 2833 1032 2881; x_wconf 88' lang='lat' dir='ltr'><strong>est</strong></span> <span class='ocrx_word' id='word_1_286' title='bbox 1061 2825 1266 2893; x_wconf 82' lang='lat' dir='ltr'><strong>sajonis</strong></span> <span class='ocrx_word' id='word_1_287' title='bbox 1290 2824 1501 2885; x_wconf 67' lang='lat' dir='ltr'><strong>Antam</strong></span> <span class='ocrx_word' id='word_1_288' title='bbox 1527 2823 2005 2895; x_wconf 81' lang='lat' dir='ltr'><strong>tuitionem,quam</strong></span> 
     </span>
    </p>
   </div>
   <div class='ocr_carea' id='block_1_44' title="bbox 418 2916 2007 2987">
    <p class='ocr_par' dir='ltr' id='par_1_44' title="bbox 418 2916 2007 2987">
     <span class='ocr_line' id='line_1_44' title="bbox 418 2916 2007 2987; baseline 0.003 -14"><span class='ocrx_word' id='word_1_289' title='bbox 418 2918 469 2973; x_wconf 79' lang='lat' dir='ltr'><strong>oi</strong></span> <span class='ocrx_word' id='word_1_290' title='bbox 523 2926 712 2974; x_wconf 88' lang='lat' dir='ltr'><strong>contra</strong></span> <span class='ocrx_word' id='word_1_291' title='bbox 736 2918 1002 2975; x_wconf 85' lang='lat' dir='ltr'><strong>violentos</strong></span> <span class='ocrx_word' id='word_1_292' title='bbox 1053 2917 1392 2986; x_wconf 87' lang='lat' dir='ltr'><strong>indulsimus,</strong></span> <span class='ocrx_word' id='word_1_293' title='bbox 1425 2918 1478 2973; x_wconf 93' lang='lat' dir='ltr'><strong>in</strong></span> <span class='ocrx_word' id='word_1_294' title='bbox 1526 2932 1586 2974; x_wconf 92' lang='lat' dir='ltr'><strong>se</strong></span> <span class='ocrx_word' id='word_1_295' title='bbox 1621 2917 1801 2987; x_wconf 86' lang='lat' dir='ltr'><strong>potius</strong></span> <span class='ocrx_word' id='word_1_296' title='bbox 1844 2916 2007 2977; x_wconf 60' lang='lat' dir='ltr'><strong>iusisse</strong></span> 
     </span>
    </p>
   </div>
   <div class='ocr_carea' id='block_1_45' title="bbox 417 3009 2006 3082">
    <p class='ocr_par' dir='ltr' id='par_1_45' title="bbox 417 3009 2006 3082">
     <span class='ocr_line' id='line_1_45' title="bbox 417 3009 2006 3082; baseline 0.002 -18"><span class='ocrx_word' id='word_1_297' title='bbox 417 3019 735 3078; x_wconf 83' lang='lat' dir='ltr'><strong>grassatam;</strong></span> <span class='ocrx_word' id='word_1_298' title='bbox 758 3010 833 3065; x_wconf 89' lang='lat' dir='ltr'><strong>ita</strong></span> <span class='ocrx_word' id='word_1_299' title='bbox 856 3018 917 3066; x_wconf 93' lang='lat' dir='ltr'><strong>ut</strong></span> <span class='ocrx_word' id='word_1_300' title='bbox 938 3010 1101 3066; x_wconf 89' lang='lat' dir='ltr'><strong>ictum</strong></span> <span class='ocrx_word' id='word_1_301' title='bbox 1119 3010 1281 3082; x_wconf 78' lang='lat' dir='ltr'><strong>gladii</strong></span> <span class='ocrx_word' id='word_1_302' title='bbox 1306 3011 1363 3066; x_wconf 90' lang='lat' dir='ltr'><strong>iu</strong></span> <span class='ocrx_word' id='word_1_303' title='bbox 1383 3024 1443 3067; x_wconf 86' lang='lat' dir='ltr'><strong>se</strong></span> <span class='ocrx_word' id='word_1_304' title='bbox 1469 3009 1774 3068; x_wconf 85' lang='lat' dir='ltr'><strong>demersum</strong></span> <span class='ocrx_word' id='word_1_305' title='bbox 1800 3009 2006 3080; x_wconf 68' lang='lat' dir='ltr'><strong>aliqua-</strong></span> 
     </span>
    </p>
   </div>
   <div class='ocr_carea' id='block_1_46' title="bbox 419 3099 2002 3175">
    <p class='ocr_par' dir='ltr' id='par_1_46' title="bbox 419 3099 2002 3175">
     <span class='ocr_line' id='line_1_46' title="bbox 419 3099 2002 3175; baseline 0.003 -17"><span class='ocrx_word' id='word_1_306' title='bbox 419 3112 574 3160; x_wconf 84' lang='lat' dir='ltr'><strong>tenus</strong></span> <span class='ocrx_word' id='word_1_307' title='bbox 601 3104 832 3175; x_wconf 85' lang='lat' dir='ltr'><strong>postium</strong></span> <span class='ocrx_word' id='word_1_308' title='bbox 860 3104 1161 3160; x_wconf 85' lang='lat' dir='ltr'><strong>retardaret</strong></span> <span class='ocrx_word' id='word_1_309' title='bbox 1187 3104 1421 3174; x_wconf 89' lang='lat' dir='ltr'><strong>objectio</strong></span> <span class='ocrx_word' id='word_1_310' title='bbox 1447 3121 1460 3158; x_wconf 87' lang='lat'><strong>:</strong></span> <span class='ocrx_word' id='word_1_311' title='bbox 1491 3099 1739 3172; x_wconf 75' lang='lat' dir='ltr'><strong>subjecta</strong></span> <span class='ocrx_word' id='word_1_312' title='bbox 1773 3111 1858 3163; x_wconf 83' lang='lat' dir='ltr'><strong>est</strong></span> <span class='ocrx_word' id='word_1_313' title='bbox 1882 3103 2002 3163; x_wconf 82' lang='lat' dir='ltr'><strong>vul-</strong></span> 
     </span>
    </p>
   </div>
   <div class='ocr_carea' id='block_1_47' title="bbox 2113 1969 3719 2046">
    <p class='ocr_par' dir='ltr' id='par_1_47' title="bbox 2113 1969 3719 2046">
     <span class='ocr_line' id='line_1_47' title="bbox 2113 1969 3719 2046; baseline 0.006 -21"><span class='ocrx_word' id='word_1_314' title='bbox 2113 1970 2261 2026; x_wconf 88' lang='lat' dir='ltr'><strong>dere.</strong></span> <span class='ocrx_word' id='word_1_315' title='bbox 2303 1969 2419 2026; x_wconf 81' lang='lat' dir='ltr'><strong>lioc</strong></span> <span class='ocrx_word' id='word_1_316' title='bbox 2458 1980 2511 2026; x_wconf 89' lang='lat' dir='ltr'><strong>te</strong></span> <span class='ocrx_word' id='word_1_317' title='bbox 2550 1978 2606 2027; x_wconf 87' lang='lat' dir='ltr'><strong>et</strong></span> <span class='ocrx_word' id='word_1_318' title='bbox 2632 1971 2869 2041; x_wconf 86' lang='lat' dir='ltr'><strong>legitima</strong></span> <span class='ocrx_word' id='word_1_319' title='bbox 2898 1972 3148 2029; x_wconf 90' lang='lat' dir='ltr'><strong>volumus</strong></span> <span class='ocrx_word' id='word_1_320' title='bbox 3170 1973 3575 2046; x_wconf 87' lang='lat' dir='ltr'><strong>disceptatione</strong></span> <span class='ocrx_word' id='word_1_321' title='bbox 3620 1995 3719 2033; x_wconf 89' lang='lat' dir='ltr'><strong>co-</strong></span> 
     </span>
    </p>
   </div>
   <div class='ocr_carea' id='block_1_48' title="bbox 2112 2062 3719 2138">
    <p class='ocr_par' dir='ltr' id='par_1_48' title="bbox 2112 2062 3719 2138">
     <span class='ocr_line' id='line_1_48' title="bbox 2112 2062 3719 2138; baseline 0.004 -20"><span class='ocrx_word' id='word_1_322' title='bbox 2112 2077 2393 2134; x_wconf 86' lang='lat' dir='ltr'><strong>gnoscere,</strong></span> <span class='ocrx_word' id='word_1_323' title='bbox 2426 2070 2481 2119; x_wconf 91' lang='lat' dir='ltr'><strong>et</strong></span> <span class='ocrx_word' id='word_1_324' title='bbox 2506 2062 2771 2133; x_wconf 89' lang='lat' dir='ltr'><strong>probabili</strong></span> <span class='ocrx_word' id='word_1_325' title='bbox 2789 2064 3056 2118; x_wconf 87' lang='lat' dir='ltr'><strong>sententia</strong></span> <span class='ocrx_word' id='word_1_326' title='bbox 3086 2065 3411 2134; x_wconf 86' lang='lat' dir='ltr'><strong>terminare;</strong></span> <span class='ocrx_word' id='word_1_327' title='bbox 3441 2076 3719 2138; x_wconf 88' lang='lat' dir='ltr'><strong>quatenus</strong></span> 
     </span>
    </p>
   </div>
   <div class='ocr_carea' id='block_1_49' title="bbox 2112 2156 3719 2231">
    <p class='ocr_par' dir='ltr' id='par_1_49' title="bbox 2112 2156 3719 2231">
     <span class='ocr_line' id='line_1_49' title="bbox 2112 2156 3719 2231; baseline 0.005 -21"><span class='ocrx_word' id='word_1_328' title='bbox 2112 2156 2290 2212; x_wconf 89' lang='lat' dir='ltr'><strong>nullus</strong></span> <span class='ocrx_word' id='word_1_329' title='bbox 2320 2164 2531 2216; x_wconf 89' lang='lat' dir='ltr'><strong>tentare</strong></span> <span class='ocrx_word' id='word_1_330' title='bbox 2574 2171 2738 2212; x_wconf 90' lang='lat' dir='ltr'><strong>ausus</strong></span> <span class='ocrx_word' id='word_1_331' title='bbox 2784 2157 2876 2222; x_wconf 89' lang='lat' dir='ltr'><strong>sit,</strong></span> <span class='ocrx_word' id='word_1_332' title='bbox 2923 2157 3067 2229; x_wconf 87' lang='lat' dir='ltr'><strong>quod</strong></span> <span class='ocrx_word' id='word_1_333' title='bbox 3096 2158 3253 2214; x_wconf 90' lang='lat' dir='ltr'><strong>nobis</strong></span> <span class='ocrx_word' id='word_1_334' title='bbox 3294 2158 3594 2231; x_wconf 88' lang='lat' dir='ltr'><strong>displicere</strong></span> <span class='ocrx_word' id='word_1_335' title='bbox 3622 2177 3719 2217; x_wconf 85' lang='lat' dir='ltr'><strong>co-</strong></span> 
     </span>
    </p>
   </div>
   <div class='ocr_carea' id='block_1_50' title="bbox 2110 2247 2341 2318">
    <p class='ocr_par' dir='ltr' id='par_1_50' title="bbox 2110 2247 2341 2318">
     <span class='ocr_line' id='line_1_50' title="bbox 2110 2247 2341 2318; baseline 0.004 -17"><span class='ocrx_word' id='word_1_336' title='bbox 2110 2247 2341 2318; x_wconf 87' lang='lat' dir='ltr'><strong>gnoscit.</strong></span> 
     </span>
    </p>
   </div>
   <div class='ocr_carea' id='block_1_51' title="bbox 2613 2383 3174 2441">
    <p class='ocr_par' dir='ltr' id='par_1_51' title="bbox 2613 2383 3174 2441">
     <span class='ocr_line' id='line_1_51' title="bbox 2613 2383 3174 2441; baseline 0.005 -3"><span class='ocrx_word' id='word_1_337' title='bbox 2613 2383 2943 2441; x_wconf 79' lang='lat' dir='ltr'><strong>EPISTOLA</strong></span> <span class='ocrx_word' id='word_1_338' title='bbox 2981 2384 3174 2441; x_wconf 78' lang='lat' dir='ltr'><strong>XXIX.</strong></span> 
     </span>
    </p>
   </div>
   <div class='ocr_carea' id='block_1_52' title="bbox 2133 2509 3685 2560">
    <p class='ocr_par' dir='ltr' id='par_1_52' title="bbox 2133 2509 3685 2560">
     <span class='ocr_line' id='line_1_52' title="bbox 2133 2509 3685 2560; baseline 0.007 -11"><span class='ocrx_word' id='word_1_339' title='bbox 2133 2509 2393 2551; x_wconf 74' lang='lat' dir='ltr'><strong>ARGOLICO</strong></span> <span class='ocrx_word' id='word_1_340' title='bbox 2431 2511 2555 2553; x_wconf 77' lang='lat' dir='ltr'><strong>VIRO</strong></span> <span class='ocrx_word' id='word_1_341' title='bbox 2592 2512 2865 2559; x_wconf 75' lang='lat' dir='ltr'><strong>ILLUSTRI,</strong></span> <span class='ocrx_word' id='word_1_342' title='bbox 2907 2512 3201 2555; x_wconf 73' lang='grc' dir='ltr'><strong>ΡΒΑΕΙἚΟΤΟ</strong></span> <span class='ocrx_word' id='word_1_343' title='bbox 3240 2515 3389 2558; x_wconf 62' lang='lat' dir='ltr'><strong>“IIS</strong></span> <span class='ocrx_word' id='word_1_344' title='bbox 3432 2518 3685 2560; x_wconf 69' lang='grc' dir='ltr'><strong>’1⁵880ῦο-</strong></span> 
     </span>
    </p>
   </div>
   <div class='ocr_carea' id='block_1_53' title="bbox 2748 2583 3064 2624">
    <p class='ocr_par' dir='ltr' id='par_1_53' title="bbox 2748 2583 3064 2624">
     <span class='ocr_line' id='line_1_53' title="bbox 2748 2583 3064 2624; baseline 0 -1"><span class='ocrx_word' id='word_1_345' title='bbox 2748 2583 2900 2623; x_wconf 70' lang='grc' dir='ltr'><strong>ιιιευε</strong></span> <span class='ocrx_word' id='word_1_346' title='bbox 2937 2586 3064 2624; x_wconf 70' lang='lat' dir='ltr'><strong>REX.</strong></span> 
     </span>
    </p>
   </div>
   <div class='ocr_carea' id='block_1_54' title="bbox 2112 2675 3715 2752">
    <p class='ocr_par' dir='ltr' id='par_1_54' title="bbox 2112 2675 3715 2752">
     <span class='ocr_line' id='line_1_54' title="bbox 2112 2675 3715 2752; baseline 0.002 -23"><span class='ocrx_word' id='word_1_347' title='bbox 2112 2675 2455 2752; x_wconf 73' lang='lat' dir='ltr'><strong>Reprcltmdit</strong></span> <span class='ocrx_word' id='word_1_348' title='bbox 2472 2694 2587 2733; x_wconf 83' lang='lat' dir='ltr'><strong>eum</strong></span> <span class='ocrx_word' id='word_1_349' title='bbox 2606 2679 2742 2752; x_wconf 72' lang='lat' dir='ltr'><strong>quod</strong></span> <span class='ocrx_word' id='word_1_350' title='bbox 2760 2679 3012 2752; x_wconf 83' lang='lat' dir='ltr'><strong>mandata</strong></span> <span class='ocrx_word' id='word_1_351' title='bbox 3038 2681 3311 2751; x_wconf 81' lang='lat' dir='ltr'><strong>principis,</strong></span> <span class='ocrx_word' id='word_1_352' title='bbox 3336 2684 3556 2752; x_wconf 78' lang='lat' dir='ltr'><strong>proprio</strong></span> <span class='ocrx_word' id='word_1_353' title='bbox 3579 2702 3715 2740; x_wconf 84' lang='lat' dir='ltr'><strong>com.</strong></span> 
     </span>
    </p>
   </div>
   <div class='ocr_carea' id='block_1_55' title="bbox 2177 2746 3713 2821">
    <p class='ocr_par' dir='ltr' id='par_1_55' title="bbox 2177 2746 3713 2821">
     <span class='ocr_line' id='line_1_55' title="bbox 2177 2746 3713 2821; baseline 0.007 -21"><span class='ocrx_word' id='word_1_354' title='bbox 2177 2746 2333 2821; x_wconf 72' lang='lat' dir='ltr'><strong>modo</strong></span> <span class='ocrx_word' id='word_1_355' title='bbox 2362 2748 2565 2821; x_wconf 71' lang='lat' dir='ltr'><strong>ductus,</strong></span> <span class='ocrx_word' id='word_1_356' title='bbox 2598 2746 2828 2803; x_wconf 76' lang='lat' dir='ltr'><strong>nondum</strong></span> <span class='ocrx_word' id='word_1_357' title='bbox 2852 2746 3165 2819; x_wconf 71' lang='lat' dir='ltr'><strong>expleverit;</strong></span> <span class='ocrx_word' id='word_1_358' title='bbox 3195 2746 3350 2821; x_wconf 61' lang='lat' dir='ltr'><strong>atque</strong></span> <span class='ocrx_word' id='word_1_359' title='bbox 3375 2746 3619 2809; x_wconf 62' lang='lat' dir='ltr'><strong>decernit</strong></span> <span class='ocrx_word' id='word_1_360' title='bbox 3655 2766 3713 2811; x_wconf 79' lang='lat' dir='ltr'><strong>ut</strong></span> 
     </span>
    </p>
   </div>
   <div class='ocr_carea' id='block_1_56' title="bbox 2168 2817 2910 2892">
    <p class='ocr_par' dir='ltr' id='par_1_56' title="bbox 2168 2817 2910 2892">
     <span class='ocr_line' id='line_1_56' title="bbox 2168 2817 2910 2892; baseline 0.007 -22"><span class='ocrx_word' id='word_1_361' title='bbox 2168 2817 2321 2887; x_wconf 78' lang='lat' dir='ltr'><strong>jussu</strong></span> <span class='ocrx_word' id='word_1_362' title='bbox 2344 2819 2461 2873; x_wconf 73' lang='lat' dir='ltr'><strong>sine</strong></span> <span class='ocrx_word' id='word_1_363' title='bbox 2488 2835 2636 2874; x_wconf 85' lang='lat' dir='ltr'><strong>mora</strong></span> <span class='ocrx_word' id='word_1_364' title='bbox 2664 2821 2910 2892; x_wconf 77' lang='lat' dir='ltr'><strong>facessat.</strong></span> 
     </span>
    </p>
   </div>
   <div class='ocr_carea' id='block_1_57' title="bbox 2174 2931 3712 3005">
    <p class='ocr_par' dir='ltr' id='par_1_57' title="bbox 2174 2931 3712 3005">
     <span class='ocr_line' id='line_1_57' title="bbox 2174 2931 3712 3005; baseline 0.006 -17"><span class='ocrx_word' id='word_1_365' title='bbox 2174 2931 2233 2988; x_wconf 87' lang='lat' dir='ltr'><strong>Si</strong></span> <span class='ocrx_word' id='word_1_366' title='bbox 2260 2931 2363 2987; x_wconf 88' lang='lat' dir='ltr'><strong>loci</strong></span> <span class='ocrx_word' id='word_1_367' title='bbox 2398 2933 2562 2987; x_wconf 88' lang='lat' dir='ltr'><strong>vestri</strong></span> <span class='ocrx_word' id='word_1_368' title='bbox 2590 2933 2921 3001; x_wconf 79' lang='lat' dir='ltr'><strong>cogitaretur</strong></span> <span class='ocrx_word' id='word_1_369' title='bbox 2961 2934 3279 3005; x_wconf 88' lang='lat' dir='ltr'><strong>auctoritas,</strong></span> <span class='ocrx_word' id='word_1_370' title='bbox 3307 2936 3355 2991; x_wconf 90' lang='lat' dir='ltr'><strong>si</strong></span> <span class='ocrx_word' id='word_1_371' title='bbox 3385 2941 3712 2997; x_wconf 75' lang='lat' dir='ltr'><strong>reverentia:</strong></span> 
     </span>
    </p>
   </div>
   <div class='ocr_carea' id='block_1_58' title="bbox 2104 3020 3713 3099">
    <p class='ocr_par' dir='ltr' id='par_1_58' title="bbox 2104 3020 3713 3099">
     <span class='ocr_line' id='line_1_58' title="bbox 2104 3020 3713 3099; baseline 0.006 -23"><span class='ocrx_word' id='word_1_372' title='bbox 2104 3035 2236 3076; x_wconf 91' lang='lat' dir='ltr'><strong>cura</strong></span> <span class='ocrx_word' id='word_1_373' title='bbox 2273 3020 2529 3078; x_wconf 75' lang='lat' dir='ltr'><strong>Romana:</strong></span> <span class='ocrx_word' id='word_1_374' title='bbox 2560 3033 2617 3089; x_wconf 61' lang='lat'><strong>0;</strong></span> <span class='ocrx_word' id='word_1_375' title='bbox 2647 3022 2790 3078; x_wconf 86' lang='lat' dir='ltr'><strong>ultro</strong></span> <span class='ocrx_word' id='word_1_376' title='bbox 2819 3023 3129 3080; x_wconf 88' lang='lat' dir='ltr'><strong>debueratis</strong></span> <span class='ocrx_word' id='word_1_377' title='bbox 3177 3033 3473 3095; x_wconf 78' lang='lat' dir='ltr'><strong>expetere,</strong></span> <span class='ocrx_word' id='word_1_378' title='bbox 3502 3028 3561 3083; x_wconf 88' lang='lat' dir='ltr'><strong>in</strong></span> <span class='ocrx_word' id='word_1_379' title='bbox 3589 3033 3713 3099; x_wconf 88' lang='lat' dir='ltr'><strong>qui-</strong></span> 
     </span>
    </p>
   </div>
   <div class='ocr_carea' id='block_1_59' title="bbox 2107 3113 3712 3189">
    <p class='ocr_par' dir='ltr' id='par_1_59' title="bbox 2107 3113 3712 3189">
     <span class='ocr_line' id='line_1_59' title="bbox 2107 3113 3712 3189; baseline 0.005 -20"><span class='ocrx_word' id='word_1_380' title='bbox 2107 3114 2210 3169; x_wconf 88' lang='lat' dir='ltr'><strong>bus</strong></span> <span class='ocrx_word' id='word_1_381' title='bbox 2233 3114 2537 3183; x_wconf 85' lang='lat' dir='ltr'><strong>arguimini.</strong></span> <span class='ocrx_word' id='word_1_382' title='bbox 2561 3113 2699 3181; x_wconf 83' lang='lat' dir='ltr'><strong>Quid</strong></span> <span class='ocrx_word' id='word_1_383' title='bbox 2728 3115 2872 3175; x_wconf 88' lang='lat' dir='ltr'><strong>enim</strong></span> <span class='ocrx_word' id='word_1_384' title='bbox 2896 3117 3149 3186; x_wconf 51' lang='lat' dir='ltr'><strong>presenti</strong></span> <span class='ocrx_word' id='word_1_385' title='bbox 3178 3124 3427 3188; x_wconf 88' lang='lat' dir='ltr'><strong>tempore</strong></span> <span class='ocrx_word' id='word_1_386' title='bbox 3451 3120 3712 3189; x_wconf 77' lang='lat' dir='ltr'><strong>potuistis</strong></span> 
     </span>
    </p>
   </div>
   <div class='ocr_carea' id='block_1_60' title="bbox 418 3192 3712 3278">
    <p class='ocr_par' dir='ltr' id='par_1_60' title="bbox 418 3192 3712 3278">
     <span class='ocr_line' id='line_1_60' title="bbox 418 3192 3712 3278; baseline 0.006 -29"><span class='ocrx_word' id='word_1_387' title='bbox 418 3195 534 3250; x_wconf 88' lang='lat' dir='ltr'><strong>neri</strong></span> <span class='ocrx_word' id='word_1_388' title='bbox 577 3211 796 3264; x_wconf 90' lang='lat' dir='ltr'><strong>manus,</strong></span> <span class='ocrx_word' id='word_1_389' title='bbox 849 3210 971 3267; x_wconf 63' lang='lat' dir='ltr'><strong>quae</strong></span> <span class='ocrx_word' id='word_1_390' title='bbox 1022 3203 1084 3251; x_wconf 89' lang='lat' dir='ltr'><strong>ut</strong></span> <span class='ocrx_word' id='word_1_391' title='bbox 1121 3196 1175 3252; x_wconf 90' lang='lat' dir='ltr'><strong>in</strong></span> <span class='ocrx_word' id='word_1_392' title='bbox 1203 3204 1374 3252; x_wconf 76' lang='lat' dir='ltr'><strong>totum</strong></span> <span class='ocrx_word' id='word_1_393' title='bbox 1398 3204 1643 3257; x_wconf 80' lang='lat' dir='ltr'><strong>truncata</strong></span> <span class='ocrx_word' id='word_1_394' title='bbox 1690 3210 1797 3261; x_wconf 80' lang='lat' dir='ltr'><strong>non</strong></span> <span class='ocrx_word' id='word_1_395' title='bbox 1836 3196 2001 3253; x_wconf 70' lang='lat' dir='ltr'><strong>cade-</strong></span> <span class='ocrx_word' id='word_1_396' title='bbox 2032 3192 2077 3255; x_wconf 89' lang='lat' dir='ltr'>C</span> <span class='ocrx_word' id='word_1_397' title='bbox 2107 3206 2327 3262; x_wconf 86' lang='lat' dir='ltr'><strong>culmini</strong></span> <span class='ocrx_word' id='word_1_398' title='bbox 2354 3205 2560 3262; x_wconf 87' lang='lat' dir='ltr'><strong>urbano</strong></span> <span class='ocrx_word' id='word_1_399' title='bbox 2587 3206 2616 3247; x_wconf 65' lang='lat'><strong>4</strong></span> <span class='ocrx_word' id='word_1_400' title='bbox 2648 3216 2759 3262; x_wconf 87' lang='lat' dir='ltr'><strong>tam</strong></span> <span class='ocrx_word' id='word_1_401' title='bbox 2804 3208 3106 3278; x_wconf 88' lang='lat' dir='ltr'><strong>proprium,</strong></span> <span class='ocrx_word' id='word_1_402' title='bbox 3137 3223 3301 3278; x_wconf 81' lang='lat' dir='ltr'><strong>quam</strong></span> <span class='ocrx_word' id='word_1_403' title='bbox 3333 3220 3562 3268; x_wconf 76' lang='lat' dir='ltr'><strong>senatus</strong></span> <span class='ocrx_word' id='word_1_404' title='bbox 3588 3228 3712 3269; x_wconf 80' lang='lat' dir='ltr'><strong>cre-</strong></span> 
     </span>
    </p>
   </div>
   <div class='ocr_carea' id='block_1_61' title="bbox 416 3283 2006 3355">
    <p class='ocr_par' dir='ltr' id='par_1_61' title="bbox 416 3283 2006 3355">
     <span class='ocr_line' id='line_1_61' title="bbox 416 3283 2006 3355; baseline 0.001 -16"><span class='ocrx_word' id='word_1_405' title='bbox 416 3292 519 3352; x_wconf 88' lang='lat' dir='ltr'><strong>ret,</strong></span> <span class='ocrx_word' id='word_1_406' title='bbox 546 3284 829 3355; x_wconf 87' lang='lat' dir='ltr'><strong>januarum</strong></span> <span class='ocrx_word' id='word_1_407' title='bbox 854 3298 1110 3355; x_wconf 87' lang='lat' dir='ltr'><strong>percussa</strong></span> <span class='ocrx_word' id='word_1_408' title='bbox 1136 3286 1337 3342; x_wconf 84' lang='lat' dir='ltr'><strong>robora</strong></span> <span class='ocrx_word' id='word_1_409' title='bbox 1355 3286 1720 3354; x_wconf 70' lang='lat' dir='ltr'><strong>prazstiterunt</strong></span> <span class='ocrx_word' id='word_1_410' title='bbox 1744 3302 1756 3337; x_wconf 91' lang='lat'><strong>:</strong></span> <span class='ocrx_word' id='word_1_411' title='bbox 1781 3283 1870 3339; x_wconf 88' lang='lat' dir='ltr'><strong>ubi</strong></span> <span class='ocrx_word' id='word_1_412' title='bbox 1900 3284 2006 3340; x_wconf 85' lang='lat' dir='ltr'><strong>las-</strong></span> 
     </span>
    </p>
   </div>
   <div class='ocr_carea' id='block_1_62' title="bbox 416 3372 2005 3448">
    <p class='ocr_par' dir='ltr' id='par_1_62' title="bbox 416 3372 2005 3448">
     <span class='ocr_line' id='line_1_62' title="bbox 416 3372 2005 3448; baseline -0.001 -16"><span class='ocrx_word' id='word_1_413' title='bbox 416 3382 540 3432; x_wconf 78' lang='lat' dir='ltr'><strong>sato</strong></span> <span class='ocrx_word' id='word_1_414' title='bbox 561 3374 724 3448; x_wconf 65' lang='grc' dir='ltr'><strong>[ιω-η</strong></span> <span class='ocrx_word' id='word_1_415' title='bbox 744 3372 949 3445; x_wconf 87' lang='lat' dir='ltr'><strong>laxato]</strong></span> <span class='ocrx_word' id='word_1_416' title='bbox 972 3376 1176 3445; x_wconf 89' lang='lat' dir='ltr'><strong>impetu</strong></span> <span class='ocrx_word' id='word_1_417' title='bbox 1195 3389 1421 3430; x_wconf 87' lang='lat' dir='ltr'><strong>corusca</strong></span> <span class='ocrx_word' id='word_1_418' title='bbox 1447 3372 1574 3429; x_wconf 79' lang='lat' dir='ltr'><strong>ferri</strong></span> <span class='ocrx_word' id='word_1_419' title='bbox 1594 3373 1736 3429; x_wconf 85' lang='lat' dir='ltr'><strong>acies</strong></span> <span class='ocrx_word' id='word_1_420' title='bbox 1763 3372 2005 3444; x_wconf 87' lang='lat' dir='ltr'><strong>corporis</strong></span> 
     </span>
    </p>
   </div>
   <div class='ocr_carea' id='block_1_63' title="bbox 417 3463 2000 3537">
    <p class='ocr_par' dir='ltr' id='par_1_63' title="bbox 417 3463 2000 3537">
     <span class='ocr_line' id='line_1_63' title="bbox 417 3463 2000 3537; baseline -0.001 -17"><span class='ocrx_word' id='word_1_421' title='bbox 417 3474 657 3520; x_wconf 85' lang='lat' dir='ltr'><strong>extrema</strong></span> <span class='ocrx_word' id='word_1_422' title='bbox 704 3465 1035 3537; x_wconf 76' lang='lat' dir='ltr'><strong>perstrinxit.</strong></span> <span class='ocrx_word' id='word_1_423' title='bbox 1068 3466 1114 3521; x_wconf 87' lang='lat'><strong>0</strong></span> <span class='ocrx_word' id='word_1_424' title='bbox 1157 3464 1544 3521; x_wconf 84' lang='lat' dir='ltr'><strong>exsecrabilem</strong></span> <span class='ocrx_word' id='word_1_425' title='bbox 1573 3464 1787 3523; x_wconf 78' lang='lat' dir='ltr'><strong>casum!</strong></span> <span class='ocrx_word' id='word_1_426' title='bbox 1819 3463 2000 3537; x_wconf 76' lang='lat' dir='ltr'><strong>Impu-</strong></span> 
     </span>
    </p>
   </div>
   <div class='ocr_carea' id='block_1_64' title="bbox 416 3556 2003 3627">
    <p class='ocr_par' dir='ltr' id='par_1_64' title="bbox 416 3556 2003 3627">
     <span class='ocr_line' id='line_1_64' title="bbox 416 3556 2003 3627; baseline -0.001 -15"><span class='ocrx_word' id='word_1_427' title='bbox 416 3558 598 3626; x_wconf 83' lang='lat' dir='ltr'><strong>gnavit</strong></span> <span class='ocrx_word' id='word_1_428' title='bbox 624 3558 898 3625; x_wconf 82' lang='lat' dir='ltr'><strong>hominem</strong></span> <span class='ocrx_word' id='word_1_429' title='bbox 935 3557 1193 3615; x_wconf 84' lang='lat' dir='ltr'><strong>auxilium</strong></span> <span class='ocrx_word' id='word_1_430' title='bbox 1219 3572 1399 3626; x_wconf 89' lang='lat' dir='ltr'><strong>suum,</strong></span> <span class='ocrx_word' id='word_1_431' title='bbox 1435 3565 1496 3619; x_wconf 84' lang='lat' dir='ltr'><strong>ut</strong></span> <span class='ocrx_word' id='word_1_432' title='bbox 1522 3556 1699 3615; x_wconf 86' lang='lat' dir='ltr'><strong>solatii</strong></span> <span class='ocrx_word' id='word_1_433' title='bbox 1728 3556 2003 3627; x_wconf 84' lang='lat' dir='ltr'><strong>prosperi-</strong></span> 
     </span>
    </p>
   </div>
   <div class='ocr_carea' id='block_1_65' title="bbox 417 3633 2003 3711">
    <p class='ocr_par' dir='ltr' id='par_1_65' title="bbox 417 3633 2003 3711">
     <span class='ocr_line' id='line_1_65' title="bbox 417 3633 2003 3711; baseline 0 -8"><span class='ocrx_word' id='word_1_434' title='bbox 417 3657 530 3703; x_wconf 83' lang='lat' dir='ltr'><strong>tate</strong></span> <span class='ocrx_word' id='word_1_435' title='bbox 572 3647 845 3706; x_wconf 84' lang='lat' dir='ltr'><strong>subtracta</strong></span> <span class='ocrx_word' id='word_1_436' title='bbox 864 3633 1168 3707; x_wconf 54' lang='lat' dir='ltr'><strong>crevit&#39;ex</strong></span> <span class='ocrx_word' id='word_1_437' title='bbox 1210 3647 1525 3711; x_wconf 82' lang='lat' dir='ltr'><strong>defensione</strong></span> <span class='ocrx_word' id='word_1_438' title='bbox 1568 3648 1876 3703; x_wconf 87' lang='lat' dir='ltr'><strong>necessitas.</strong></span> <span class='ocrx_word' id='word_1_439' title='bbox 1908 3646 2003 3703; x_wconf 84' lang='lat' dir='ltr'><strong>llis</strong></span> 
     </span>
    </p>
   </div>
   <div class='ocr_carea' id='block_1_66' title="bbox 416 3735 2004 3806">
    <p class='ocr_par' dir='ltr' id='par_1_66' title="bbox 416 3735 2004 3806">
     <span class='ocr_line' id='line_1_66' title="bbox 416 3735 2004 3806; baseline -0.001 -13"><span class='ocrx_word' id='word_1_440' title='bbox 416 3736 587 3793; x_wconf 85' lang='lat' dir='ltr'><strong>multo</strong></span> <span class='ocrx_word' id='word_1_441' title='bbox 613 3736 890 3794; x_wconf 86' lang='lat' dir='ltr'><strong>acerbiora</strong></span> <span class='ocrx_word' id='word_1_442' title='bbox 936 3736 1281 3806; x_wconf 87' lang='lat' dir='ltr'><strong>subjungens,</strong></span> <span class='ocrx_word' id='word_1_443' title='bbox 1328 3744 1387 3795; x_wconf 92' lang='lat' dir='ltr'><strong>ut</strong></span> <span class='ocrx_word' id='word_1_444' title='bbox 1412 3735 1566 3806; x_wconf 77' lang='lat' dir='ltr'><strong>quasi</strong></span> <span class='ocrx_word' id='word_1_445' title='bbox 1620 3735 1767 3791; x_wconf 72' lang='lat' dir='ltr'><strong>lmsio</strong></span> <span class='ocrx_word' id='word_1_446' title='bbox 1797 3735 2004 3801; x_wconf 86' lang='lat' dir='ltr'><strong>veniret</strong></span> 
     </span>
    </p>
   </div>
   <div class='ocr_carea' id='block_1_67' title="bbox 415 3826 2001 3899">
    <p class='ocr_par' dir='ltr' id='par_1_67' title="bbox 415 3826 2001 3899">
     <span class='ocr_line' id='line_1_67' title="bbox 415 3826 2001 3899; baseline -0.002 -16"><span class='ocrx_word' id='word_1_447' title='bbox 415 3826 487 3883; x_wconf 87' lang='lat' dir='ltr'><strong>ad</strong></span> <span class='ocrx_word' id='word_1_448' title='bbox 537 3827 797 3896; x_wconf 86' lang='lat' dir='ltr'><strong>pretium,</strong></span> <span class='ocrx_word' id='word_1_449' title='bbox 827 3828 901 3885; x_wconf 88' lang='lat' dir='ltr'><strong>ita</strong></span> <span class='ocrx_word' id='word_1_450' title='bbox 927 3828 1106 3891; x_wconf 86' lang='lat' dir='ltr'><strong>scelus</strong></span> <span class='ocrx_word' id='word_1_451' title='bbox 1133 3826 1411 3899; x_wconf 79' lang='lat' dir='ltr'><strong>proprium</strong></span> <span class='ocrx_word' id='word_1_452' title='bbox 1457 3826 1667 3883; x_wconf 88' lang='lat' dir='ltr'><strong>enormi</strong></span> <span class='ocrx_word' id='word_1_453' title='bbox 1714 3826 2001 3885; x_wconf 83' lang='lat' dir='ltr'><strong>exactione</strong></span> 
     </span>
    </p>
   </div>
   <div class='ocr_carea' id='block_1_68' title="bbox 417 3918 1997 3993">
    <p class='ocr_par' dir='ltr' id='par_1_68' title="bbox 417 3918 1997 3993">
     <span class='ocr_line' id='line_1_68' title="bbox 417 3918 1997 3993; baseline -0.002 -18"><span class='ocrx_word' id='word_1_454' title='bbox 417 3928 657 3975; x_wconf 87' lang='lat' dir='ltr'><strong>taxatum</strong></span> <span class='ocrx_word' id='word_1_455' title='bbox 685 3928 787 3979; x_wconf 83' lang='lat' dir='ltr'><strong>est.</strong></span> <span class='ocrx_word' id='word_1_456' title='bbox 810 3918 983 3989; x_wconf 82' lang='lat' dir='ltr'><strong>Atque</strong></span> <span class='ocrx_word' id='word_1_457' title='bbox 1004 3919 1124 3976; x_wconf 89' lang='lat' dir='ltr'><strong>ideo</strong></span> <span class='ocrx_word' id='word_1_458' title='bbox 1146 3918 1293 3991; x_wconf 85' lang='lat' dir='ltr'><strong>juste</strong></span> <span class='ocrx_word' id='word_1_459' title='bbox 1337 3920 1390 3979; x_wconf 87' lang='lat' dir='ltr'><strong>in</strong></span> <span class='ocrx_word' id='word_1_460' title='bbox 1418 3918 1537 3977; x_wconf 88' lang='lat' dir='ltr'><strong>illos</strong></span> <span class='ocrx_word' id='word_1_461' title='bbox 1559 3919 1776 3993; x_wconf 85' lang='lat' dir='ltr'><strong>pietatis</strong></span> <span class='ocrx_word' id='word_1_462' title='bbox 1796 3927 1997 3975; x_wconf 74' lang='lat' dir='ltr'><strong>nostrae</strong></span> 
     </span>
    </p>
   </div>
   <div class='ocr_carea' id='block_1_69' title="bbox 415 4008 2000 4087">
    <p class='ocr_par' dir='ltr' id='par_1_69' title="bbox 415 4008 2000 4087">
     <span class='ocr_line' id='line_1_69' title="bbox 415 4008 2000 4087; baseline -0.003 -20"><span class='ocrx_word' id='word_1_463' title='bbox 415 4011 496 4066; x_wconf 71' lang='lat' dir='ltr'><strong>ira</strong></span> <span class='ocrx_word' id='word_1_464' title='bbox 521 4012 812 4081; x_wconf 83' lang='lat' dir='ltr'><strong>consurgit,</strong></span> <span class='ocrx_word' id='word_1_465' title='bbox 859 4012 953 4080; x_wconf 88' lang='lat' dir='ltr'><strong>qui</strong></span> <span class='ocrx_word' id='word_1_466' title='bbox 1002 4011 1232 4080; x_wconf 82' lang='lat' dir='ltr'><strong>benigna</strong></span> <span class='ocrx_word' id='word_1_467' title='bbox 1255 4010 1403 4087; x_wconf 72' lang='lat' dir='ltr'><strong>jussu</strong></span> <span class='ocrx_word' id='word_1_468' title='bbox 1434 4010 1574 4082; x_wconf 61' lang='lat' dir='ltr'><strong>[Jun</strong></span> <span class='ocrx_word' id='word_1_469' title='bbox 1607 4010 1731 4081; x_wconf 82' lang='lat' dir='ltr'><strong>legit</strong></span> <span class='ocrx_word' id='word_1_470' title='bbox 1769 4008 1915 4081; x_wconf 83' lang='lat' dir='ltr'><strong>jura]</strong></span> <span class='ocrx_word' id='word_1_471' title='bbox 1944 4009 2000 4063; x_wconf 75' lang='lat' dir='ltr'><strong>in</strong></span> 
     </span>
    </p>
   </div>
   <div class='ocr_carea' id='block_1_70' title="bbox 415 4099 2000 4173">
    <p class='ocr_par' dir='ltr' id='par_1_70' title="bbox 415 4099 2000 4173">
     <span class='ocr_line' id='line_1_70' title="bbox 415 4099 2000 4173; baseline 0 -19"><span class='ocrx_word' id='word_1_472' title='bbox 415 4101 721 4165; x_wconf 79' lang='lat' dir='ltr'><strong>truculenta</strong></span> <span class='ocrx_word' id='word_1_473' title='bbox 763 4102 1057 4159; x_wconf 72' lang='lat' dir='ltr'><strong>ministeria</strong></span> <span class='ocrx_word' id='word_1_474' title='bbox 1110 4110 1475 4161; x_wconf 87' lang='lat' dir='ltr'><strong>mutaverunt.</strong></span> <span class='ocrx_word' id='word_1_475' title='bbox 1511 4099 1645 4159; x_wconf 80' lang='lat' dir='ltr'><strong>Nam</strong></span> <span class='ocrx_word' id='word_1_476' title='bbox 1672 4114 1793 4173; x_wconf 68' lang='lat' dir='ltr'><strong>qua:</strong></span> <span class='ocrx_word' id='word_1_477' title='bbox 1840 4107 2000 4155; x_wconf 88' lang='lat' dir='ltr'><strong>erunt</strong></span> 
     </span>
    </p>
   </div>
   <div class='ocr_carea' id='block_1_71' title="bbox 414 4192 1997 4263">
    <p class='ocr_par' dir='ltr' id='par_1_71' title="bbox 414 4192 1997 4263">
     <span class='ocr_line' id='line_1_71' title="bbox 414 4192 1997 4263; baseline -0.001 -13"><span class='ocrx_word' id='word_1_478' title='bbox 414 4192 612 4263; x_wconf 76' lang='lat' dir='ltr'><strong>refugis</strong></span> <span class='ocrx_word' id='word_1_479' title='bbox 644 4195 1087 4263; x_wconf 71' lang='lat' dir='ltr'><strong>supplicantibus,</strong></span> <span class='ocrx_word' id='word_1_480' title='bbox 1118 4195 1165 4250; x_wconf 91' lang='lat' dir='ltr'><strong>si</strong></span> <span class='ocrx_word' id='word_1_481' title='bbox 1195 4203 1251 4250; x_wconf 91' lang='lat' dir='ltr'><strong>et</strong></span> <span class='ocrx_word' id='word_1_482' title='bbox 1281 4202 1465 4250; x_wconf 87' lang='lat' dir='ltr'><strong>nostra</strong></span> <span class='ocrx_word' id='word_1_483' title='bbox 1508 4193 1771 4257; x_wconf 73' lang='lat' dir='ltr'><strong>beneﬁcia</strong></span> <span class='ocrx_word' id='word_1_484' title='bbox 1809 4193 1997 4251; x_wconf 83' lang='lat' dir='ltr'><strong>vulne-</strong></span> 
     </span>
    </p>
   </div>
   <div class='ocr_carea' id='block_1_72' title="bbox 413 4282 2000 4354">
    <p class='ocr_par' dir='ltr' id='par_1_72' title="bbox 413 4282 2000 4354">
     <span class='ocr_line' id='line_1_72' title="bbox 413 4282 2000 4354; baseline 0 -17"><span class='ocrx_word' id='word_1_485' title='bbox 413 4282 647 4338; x_wconf 82' lang='lat' dir='ltr'><strong>rabunt?</strong></span> <span class='ocrx_word' id='word_1_486' title='bbox 668 4283 902 4338; x_wconf 82' lang='lat' dir='ltr'><strong>Proinde</strong></span> <span class='ocrx_word' id='word_1_487' title='bbox 923 4284 1173 4354; x_wconf 65' lang='lat' dir='ltr'><strong>prmsenti</strong></span> <span class='ocrx_word' id='word_1_488' title='bbox 1193 4283 1435 4353; x_wconf 71' lang='lat' dir='ltr'><strong>iussione</strong></span> <span class='ocrx_word' id='word_1_489' title='bbox 1454 4297 1755 4347; x_wconf 89' lang='lat' dir='ltr'><strong>censemus,</strong></span> <span class='ocrx_word' id='word_1_490' title='bbox 1771 4291 1830 4337; x_wconf 92' lang='lat' dir='ltr'><strong>ut</strong></span> <span class='ocrx_word' id='word_1_491' title='bbox 1847 4282 2000 4351; x_wconf 86' lang='lat' dir='ltr'><strong>quid-</strong></span> 
     </span>
    </p>
   </div>
   <div class='ocr_carea' id='block_1_73' title="bbox 411 4373 1998 4445">
    <p class='ocr_par' dir='ltr' id='par_1_73' title="bbox 411 4373 1998 4445">
     <span class='ocr_line' id='line_1_73' title="bbox 411 4373 1998 4445; baseline 0.001 -16"><span class='ocrx_word' id='word_1_492' title='bbox 411 4373 541 4445; x_wconf 83' lang='lat' dir='ltr'><strong>quid</strong></span> <span class='ocrx_word' id='word_1_493' title='bbox 561 4374 954 4445; x_wconf 83' lang='lat' dir='ltr'><strong>suprascriptus</strong></span> <span class='ocrx_word' id='word_1_494' title='bbox 975 4375 1169 4427; x_wconf 86' lang='lat' dir='ltr'><strong>Amara</strong></span> <span class='ocrx_word' id='word_1_495' title='bbox 1198 4373 1470 4429; x_wconf 89' lang='lat' dir='ltr'><strong>commodi</strong></span> <span class='ocrx_word' id='word_1_496' title='bbox 1492 4374 1709 4429; x_wconf 90' lang='lat' dir='ltr'><strong>nomine</strong></span> <span class='ocrx_word' id='word_1_497' title='bbox 1736 4373 1803 4428; x_wconf 91' lang='lat' dir='ltr'><strong>de</strong></span> <span class='ocrx_word' id='word_1_498' title='bbox 1823 4374 1998 4431; x_wconf 90' lang='lat' dir='ltr'><strong>causis</strong></span> 
     </span>
    </p>
   </div>
   <div class='ocr_carea' id='block_1_74' title="bbox 411 4464 1994 4537">
    <p class='ocr_par' dir='ltr' id='par_1_74' title="bbox 411 4464 1994 4537">
     <span class='ocr_line' id='line_1_74' title="bbox 411 4464 1994 4537; baseline 0.002 -18"><span class='ocrx_word' id='word_1_499' title='bbox 411 4464 696 4521; x_wconf 87' lang='lat' dir='ltr'><strong>memorati</strong></span> <span class='ocrx_word' id='word_1_500' title='bbox 725 4464 1076 4536; x_wconf 89' lang='lat' dir='ltr'><strong>supplicantis</strong></span> <span class='ocrx_word' id='word_1_501' title='bbox 1104 4465 1334 4535; x_wconf 83' lang='lat' dir='ltr'><strong>accepit,</strong></span> <span class='ocrx_word' id='word_1_502' title='bbox 1365 4466 1517 4536; x_wconf 89' lang='lat' dir='ltr'><strong>quasi</strong></span> <span class='ocrx_word' id='word_1_503' title='bbox 1545 4474 1884 4537; x_wconf 79' lang='lat' dir='ltr'><strong>oppugnatur</strong></span> <span class='ocrx_word' id='word_1_504' title='bbox 1910 4466 1994 4522; x_wconf 91' lang='lat' dir='ltr'><strong>in-</strong></span> 
     </span>
    </p>
   </div>
   <div class='ocr_carea' id='block_1_75' title="bbox 2104 3300 3713 3375">
    <p class='ocr_par' dir='ltr' id='par_1_75' title="bbox 2104 3300 3713 3375">
     <span class='ocr_line' id='line_1_75' title="bbox 2104 3300 3713 3375; baseline 0.004 -20"><span class='ocrx_word' id='word_1_505' title='bbox 2104 3307 2287 3356; x_wconf 88' lang='lat' dir='ltr'><strong>menta</strong></span> <span class='ocrx_word' id='word_1_506' title='bbox 2312 3301 2570 3371; x_wconf 86' lang='lat' dir='ltr'><strong>cogitare,</strong></span> <span class='ocrx_word' id='word_1_507' title='bbox 2601 3300 2817 3371; x_wconf 85' lang='lat' dir='ltr'><strong>quando</strong></span> <span class='ocrx_word' id='word_1_508' title='bbox 2845 3300 2999 3357; x_wconf 68' lang='lat' dir='ltr'><strong>fama:</strong></span> <span class='ocrx_word' id='word_1_509' title='bbox 3019 3302 3261 3372; x_wconf 68' lang='lat' dir='ltr'><strong>prmsulis</strong></span> <span class='ocrx_word' id='word_1_510' title='bbox 3289 3302 3528 3374; x_wconf 82' lang='lat' dir='ltr'><strong>prolicit,</strong></span> <span class='ocrx_word' id='word_1_511' title='bbox 3560 3306 3713 3375; x_wconf 85' lang='lat' dir='ltr'><strong>quod</strong></span> 
     </span>
    </p>
   </div>
   <div class='ocr_carea' id='block_1_76' title="bbox 2103 3389 3713 3461">
    <p class='ocr_par' dir='ltr' id='par_1_76' title="bbox 2103 3389 3713 3461">
     <span class='ocr_line' id='line_1_76' title="bbox 2103 3389 3713 3461; baseline 0.004 -16"><span class='ocrx_word' id='word_1_512' title='bbox 2103 3389 2239 3451; x_wconf 90' lang='lat' dir='ltr'><strong>ordo</strong></span> <span class='ocrx_word' id='word_1_513' title='bbox 2257 3404 2412 3447; x_wconf 87' lang='lat' dir='ltr'><strong>sacer</strong></span> <span class='ocrx_word' id='word_1_514' title='bbox 2430 3390 2702 3460; x_wconf 86' lang='lat' dir='ltr'><strong>acquirit?</strong></span> <span class='ocrx_word' id='word_1_515' title='bbox 2730 3391 2836 3448; x_wconf 91' lang='lat' dir='ltr'><strong>Sed</strong></span> <span class='ocrx_word' id='word_1_516' title='bbox 2857 3402 3118 3461; x_wconf 84' lang='lat' dir='ltr'><strong>quantum</strong></span> <span class='ocrx_word' id='word_1_517' title='bbox 3146 3393 3252 3448; x_wconf 88' lang='lat' dir='ltr'><strong>viri</strong></span> <span class='ocrx_word' id='word_1_518' title='bbox 3279 3395 3576 3451; x_wconf 86' lang='lat' dir='ltr'><strong>clarissimi</strong></span> <span class='ocrx_word' id='word_1_519' title='bbox 3605 3398 3713 3452; x_wconf 80' lang='lat' dir='ltr'><strong>Ar-</strong></span> 
     </span>
    </p>
   </div>
   <div class='ocr_carea' id='block_1_77' title="bbox 2102 3480 3711 3551">
    <p class='ocr_par' dir='ltr' id='par_1_77' title="bbox 2102 3480 3711 3551">
     <span class='ocr_line' id='line_1_77' title="bbox 2102 3480 3711 3551; baseline 0.006 -17"><span class='ocrx_word' id='word_1_520' title='bbox 2102 3480 2354 3535; x_wconf 81' lang='lat' dir='ltr'><strong>mentarii</strong></span> <span class='ocrx_word' id='word_1_521' title='bbox 2373 3489 2603 3537; x_wconf 85' lang='lat' dir='ltr'><strong>testatur</strong></span> <span class='ocrx_word' id='word_1_522' title='bbox 2621 3482 2783 3537; x_wconf 86' lang='lat' dir='ltr'><strong>missa</strong></span> <span class='ocrx_word' id='word_1_523' title='bbox 2801 3482 3096 3551; x_wconf 84' lang='lat' dir='ltr'><strong>suggestio,</strong></span> <span class='ocrx_word' id='word_1_524' title='bbox 3119 3483 3173 3538; x_wconf 91' lang='lat' dir='ltr'><strong>in</strong></span> <span class='ocrx_word' id='word_1_525' title='bbox 3196 3486 3536 3540; x_wconf 82' lang='lat' dir='ltr'><strong>contrarium</strong></span> <span class='ocrx_word' id='word_1_526' title='bbox 3557 3484 3711 3543; x_wconf 65' lang='lat' dir='ltr'><strong>{mdo</strong></span> 
     </span>
    </p>
   </div>
   <div class='ocr_carea' id='block_1_78' title="bbox 2102 3571 3713 3649">
    <p class='ocr_par' dir='ltr' id='par_1_78' title="bbox 2102 3571 3713 3649">
     <span class='ocr_line' id='line_1_78' title="bbox 2102 3571 3713 3649; baseline 0.004 -23"><span class='ocrx_word' id='word_1_527' title='bbox 2102 3572 2306 3628; x_wconf 85' lang='lat' dir='ltr'><strong>ambitu</strong></span> <span class='ocrx_word' id='word_1_528' title='bbox 2330 3571 2395 3628; x_wconf 88' lang='lat' dir='ltr'><strong>de</strong></span> <span class='ocrx_word' id='word_1_529' title='bbox 2421 3588 2575 3630; x_wconf 87' lang='lat' dir='ltr'><strong>mora</strong></span> <span class='ocrx_word' id='word_1_530' title='bbox 2595 3574 2836 3643; x_wconf 67' lang='lat' dir='ltr'><strong>quaeritis</strong></span> <span class='ocrx_word' id='word_1_531' title='bbox 2863 3574 3169 3639; x_wconf 84' lang='lat' dir='ltr'><strong>commoda,</strong></span> <span class='ocrx_word' id='word_1_532' title='bbox 3194 3574 3350 3645; x_wconf 84' lang='lat' dir='ltr'><strong>cujus</strong></span> <span class='ocrx_word' id='word_1_533' title='bbox 3377 3592 3478 3632; x_wconf 90' lang='lat' dir='ltr'><strong>vos</strong></span> <span class='ocrx_word' id='word_1_534' title='bbox 3511 3587 3713 3649; x_wconf 86' lang='lat' dir='ltr'><strong>optare</strong></span> 
     </span>
    </p>
   </div>
   <div class='ocr_carea' id='block_1_79' title="bbox 2103 3661 3712 3737">
    <p class='ocr_par' dir='ltr' id='par_1_79' title="bbox 2103 3661 3712 3737">
     <span class='ocr_line' id='line_1_79' title="bbox 2103 3661 3712 3737; baseline 0.005 -20"><span class='ocrx_word' id='word_1_535' title='bbox 2103 3661 2355 3718; x_wconf 89' lang='lat' dir='ltr'><strong>debuisse</strong></span> <span class='ocrx_word' id='word_1_536' title='bbox 2380 3671 2596 3719; x_wconf 87' lang='lat' dir='ltr'><strong>constat</strong></span> <span class='ocrx_word' id='word_1_537' title='bbox 2621 3671 2930 3732; x_wconf 84' lang='lat' dir='ltr'><strong>augmenta.</strong></span> <span class='ocrx_word' id='word_1_538' title='bbox 2958 3663 3099 3732; x_wconf 84' lang='lat' dir='ltr'><strong>Quid</strong></span> <span class='ocrx_word' id='word_1_539' title='bbox 3125 3665 3273 3721; x_wconf 81' lang='lat' dir='ltr'><strong>enim</strong></span> <span class='ocrx_word' id='word_1_540' title='bbox 3319 3667 3559 3737; x_wconf 89' lang='lat' dir='ltr'><strong>amplius</strong></span> <span class='ocrx_word' id='word_1_541' title='bbox 3583 3684 3712 3725; x_wconf 86' lang='lat' dir='ltr'><strong>esse</strong></span> 
     </span>
    </p>
   </div>
   <div class='ocr_carea' id='block_1_80' title="bbox 2100 3755 3708 3828">
    <p class='ocr_par' dir='ltr' id='par_1_80' title="bbox 2100 3755 3708 3828">
     <span class='ocr_line' id='line_1_80' title="bbox 2100 3755 3708 3828; baseline 0.002 -14"><span class='ocrx_word' id='word_1_542' title='bbox 2100 3755 2275 3825; x_wconf 75' lang='lat' dir='ltr'><strong>possit</strong></span> <span class='ocrx_word' id='word_1_543' title='bbox 2325 3755 2681 3825; x_wconf 80' lang='lat' dir='ltr'><strong>incongruum</strong></span> <span class='ocrx_word' id='word_1_544' title='bbox 2703 3796 2718 3823; x_wconf 95' lang='lat'><strong>,</strong></span> <span class='ocrx_word' id='word_1_545' title='bbox 2765 3772 2927 3828; x_wconf 84' lang='lat' dir='ltr'><strong>quam</strong></span> <span class='ocrx_word' id='word_1_546' title='bbox 2971 3757 3171 3813; x_wconf 86' lang='lat' dir='ltr'><strong>nostris</strong></span> <span class='ocrx_word' id='word_1_547' title='bbox 3216 3757 3561 3827; x_wconf 83' lang='lat' dir='ltr'><strong>jussionibus</strong></span> <span class='ocrx_word' id='word_1_548' title='bbox 3602 3775 3708 3817; x_wconf 86' lang='lat' dir='ltr'><strong>ex-</strong></span> 
     </span>
    </p>
   </div>
   <div class='ocr_carea' id='block_1_81' title="bbox 2101 3847 3709 3921">
    <p class='ocr_par' dir='ltr' id='par_1_81' title="bbox 2101 3847 3709 3921">
     <span class='ocr_line' id='line_1_81' title="bbox 2101 3847 3709 3921; baseline 0.004 -19"><span class='ocrx_word' id='word_1_549' title='bbox 2101 3847 2296 3918; x_wconf 89' lang='lat' dir='ltr'><strong>peditis</strong></span> <span class='ocrx_word' id='word_1_550' title='bbox 2347 3847 2762 3919; x_wconf 84' lang='lat' dir='ltr'><strong>supplicantium</strong></span> <span class='ocrx_word' id='word_1_551' title='bbox 2812 3856 2942 3903; x_wconf 89' lang='lat' dir='ltr'><strong>vota</strong></span> <span class='ocrx_word' id='word_1_552' title='bbox 2997 3848 3331 3919; x_wconf 84' lang='lat' dir='ltr'><strong>suspendere</strong></span> <span class='ocrx_word' id='word_1_553' title='bbox 3356 3887 3374 3914; x_wconf 93' lang='lat'><strong>,</strong></span> <span class='ocrx_word' id='word_1_554' title='bbox 3442 3859 3502 3906; x_wconf 91' lang='lat' dir='ltr'><strong>et</strong></span> <span class='ocrx_word' id='word_1_555' title='bbox 3575 3860 3709 3921; x_wconf 83' lang='lat' dir='ltr'><strong>post</strong></span> 
     </span>
    </p>
   </div>
   <div class='ocr_carea' id='block_1_82' title="bbox 2101 3938 3708 4011">
    <p class='ocr_par' dir='ltr' id='par_1_82' title="bbox 2101 3938 3708 4011">
     <span class='ocr_line' id='line_1_82' title="bbox 2101 3938 3708 4011; baseline 0.005 -18"><span class='ocrx_word' id='word_1_556' title='bbox 2101 3953 2268 3995; x_wconf 74' lang='lat' dir='ltr'><strong>sacrm</strong></span> <span class='ocrx_word' id='word_1_557' title='bbox 2296 3939 2670 4010; x_wconf 64' lang='lat' dir='ltr'><strong>praeceptionis</strong></span> <span class='ocrx_word' id='word_1_558' title='bbox 2713 3938 2963 4006; x_wconf 77' lang='lat' dir='ltr'><strong>aB‘atum,</strong></span> <span class='ocrx_word' id='word_1_559' title='bbox 2998 3942 3046 3996; x_wconf 90' lang='lat' dir='ltr'><strong>si</strong></span> <span class='ocrx_word' id='word_1_560' title='bbox 3090 3942 3195 3998; x_wconf 84' lang='lat' dir='ltr'><strong>dici</strong></span> <span class='ocrx_word' id='word_1_561' title='bbox 3235 3941 3319 3996; x_wconf 78' lang='lat' dir='ltr'><strong>fas</strong></span> <span class='ocrx_word' id='word_1_562' title='bbox 3358 3951 3478 4011; x_wconf 89' lang='lat' dir='ltr'><strong>est,</strong></span> <span class='ocrx_word' id='word_1_563' title='bbox 3520 3943 3708 4001; x_wconf 77' lang='lat' dir='ltr'><strong>adhuc</strong></span> 
     </span>
    </p>
   </div>
   <div class='ocr_carea' id='block_1_83' title="bbox 2099 4030 3709 4105">
    <p class='ocr_par' dir='ltr' id='par_1_83' title="bbox 2099 4030 3709 4105">
     <span class='ocr_line' id='line_1_83' title="bbox 2099 4030 3709 4105; baseline 0.004 -19"><span class='ocrx_word' id='word_1_564' title='bbox 2099 4030 2209 4103; x_wconf 76' lang='lat'><strong>69</strong></span> <span class='ocrx_word' id='word_1_565' title='bbox 2238 4032 2441 4101; x_wconf 87' lang='lat' dir='ltr'><strong>regium</strong></span> <span class='ocrx_word' id='word_1_566' title='bbox 2482 4033 2824 4102; x_wconf 84' lang='lat' dir='ltr'><strong>suspendisse</strong></span> <span class='ocrx_word' id='word_1_567' title='bbox 2871 4033 3132 4103; x_wconf 82' lang='lat' dir='ltr'><strong>judicium</strong></span> <span class='ocrx_word' id='word_1_568' title='bbox 3161 4035 3186 4090; x_wconf 85' lang='lat'><strong>?</strong></span> <span class='ocrx_word' id='word_1_569' title='bbox 3214 4033 3322 4089; x_wconf 89' lang='lat' dir='ltr'><strong>Sed</strong></span> <span class='ocrx_word' id='word_1_570' title='bbox 3352 4051 3478 4102; x_wconf 89' lang='lat' dir='ltr'><strong>nos,</strong></span> <span class='ocrx_word' id='word_1_571' title='bbox 3501 4037 3709 4105; x_wconf 87' lang='lat' dir='ltr'><strong>quibus</strong></span> 
     </span>
    </p>
   </div>
   <div class='ocr_carea' id='block_1_84' title="bbox 2100 4123 3708 4197">
    <p class='ocr_par' dir='ltr' id='par_1_84' title="bbox 2100 4123 3708 4197">
     <span class='ocr_line' id='line_1_84' title="bbox 2100 4123 3708 4197; baseline 0.004 -20"><span class='ocrx_word' id='word_1_572' title='bbox 2100 4123 2250 4178; x_wconf 90' lang='lat' dir='ltr'><strong>cordi</strong></span> <span class='ocrx_word' id='word_1_573' title='bbox 2280 4132 2363 4179; x_wconf 89' lang='lat' dir='ltr'><strong>est</strong></span> <span class='ocrx_word' id='word_1_574' title='bbox 2389 4131 2512 4194; x_wconf 91' lang='lat' dir='ltr'><strong>post</strong></span> <span class='ocrx_word' id='word_1_575' title='bbox 2538 4125 2765 4195; x_wconf 88' lang='lat' dir='ltr'><strong>primam</strong></span> <span class='ocrx_word' id='word_1_576' title='bbox 2788 4125 3000 4196; x_wconf 89' lang='lat' dir='ltr'><strong>culpam</strong></span> <span class='ocrx_word' id='word_1_577' title='bbox 3030 4141 3139 4181; x_wconf 89' lang='lat' dir='ltr'><strong>non</strong></span> <span class='ocrx_word' id='word_1_578' title='bbox 3168 4127 3353 4183; x_wconf 87' lang='lat' dir='ltr'><strong>statim</strong></span> <span class='ocrx_word' id='word_1_579' title='bbox 3382 4127 3708 4197; x_wconf 80' lang='lat' dir='ltr'><strong>desiderare</strong></span> 
     </span>
    </p>
   </div>
   <div class='ocr_carea' id='block_1_85' title="bbox 2098 4213 3707 4287">
    <p class='ocr_par' dir='ltr' id='par_1_85' title="bbox 2098 4213 3707 4287">
     <span class='ocr_line' id='line_1_85' title="bbox 2098 4213 3707 4287; baseline 0.004 -18"><span class='ocrx_word' id='word_1_580' title='bbox 2098 4214 2410 4281; x_wconf 85' lang='lat' dir='ltr'><strong>vindictam,</strong></span> <span class='ocrx_word' id='word_1_581' title='bbox 2449 4213 2516 4271; x_wconf 83' lang='lat' dir='ltr'><strong>ad</strong></span> <span class='ocrx_word' id='word_1_582' title='bbox 2543 4214 2966 4271; x_wconf 88' lang='lat' dir='ltr'><strong>admonitionem</strong></span> <span class='ocrx_word' id='word_1_583' title='bbox 3004 4216 3188 4287; x_wconf 88' lang='lat' dir='ltr'><strong>potius</strong></span> <span class='ocrx_word' id='word_1_584' title='bbox 3225 4216 3380 4286; x_wconf 88' lang='lat' dir='ltr'><strong>jussa</strong></span> <span class='ocrx_word' id='word_1_585' title='bbox 3416 4221 3707 4275; x_wconf 90' lang='lat' dir='ltr'><strong>converti-</strong></span> 
     </span>
    </p>
   </div>
   <div class='ocr_carea' id='block_1_86' title="bbox 2097 4308 3706 4384">
    <p class='ocr_par' dir='ltr' id='par_1_86' title="bbox 2097 4308 3706 4384">
     <span class='ocr_line' id='line_1_86' title="bbox 2097 4308 3706 4384; baseline 0.004 -23"><span class='ocrx_word' id='word_1_586' title='bbox 2097 4324 2219 4368; x_wconf 84' lang='lat' dir='ltr'><strong>mus</strong></span> <span class='ocrx_word' id='word_1_587' title='bbox 2250 4326 2264 4362; x_wconf 87' lang='lat'><strong>:</strong></span> <span class='ocrx_word' id='word_1_588' title='bbox 2305 4324 2375 4367; x_wconf 88' lang='lat' dir='ltr'><strong>ne</strong></span> <span class='ocrx_word' id='word_1_589' title='bbox 2416 4309 2487 4368; x_wconf 89' lang='lat' dir='ltr'><strong>sit</strong></span> <span class='ocrx_word' id='word_1_590' title='bbox 2511 4317 2701 4369; x_wconf 87' lang='lat' dir='ltr'><strong>nostra</strong></span> <span class='ocrx_word' id='word_1_591' title='bbox 2727 4308 2991 4371; x_wconf 84' lang='lat' dir='ltr'><strong>districtio</strong></span> <span class='ocrx_word' id='word_1_592' title='bbox 3018 4309 3208 4378; x_wconf 85' lang='lat' dir='ltr'><strong>nimia,</strong></span> <span class='ocrx_word' id='word_1_593' title='bbox 3234 4325 3401 4379; x_wconf 82' lang='lat' dir='ltr'><strong>quam</strong></span> <span class='ocrx_word' id='word_1_594' title='bbox 3431 4310 3577 4368; x_wconf 88' lang='lat' dir='ltr'><strong>lenis</strong></span> <span class='ocrx_word' id='word_1_595' title='bbox 3599 4328 3706 4384; x_wconf 81' lang='lat' dir='ltr'><strong>pa-</strong></span> 
     </span>
    </p>
   </div>
   <div class='ocr_carea' id='block_1_87' title="bbox 2100 4398 3708 4471">
    <p class='ocr_par' dir='ltr' id='par_1_87' title="bbox 2100 4398 3708 4471">
     <span class='ocr_line' id='line_1_87' title="bbox 2100 4398 3708 4471; baseline 0.004 -18"><span class='ocrx_word' id='word_1_596' title='bbox 2100 4398 2287 4455; x_wconf 90' lang='lat' dir='ltr'><strong>tientia</strong></span> <span class='ocrx_word' id='word_1_597' title='bbox 2339 4415 2448 4455; x_wconf 93' lang='lat' dir='ltr'><strong>non</strong></span> <span class='ocrx_word' id='word_1_598' title='bbox 2476 4400 2764 4469; x_wconf 59' lang='lat' dir='ltr'><strong>praecedat.</strong></span> <span class='ocrx_word' id='word_1_599' title='bbox 2811 4399 3047 4471; x_wconf 87' lang='lat' dir='ltr'><strong>Ideoque</strong></span> <span class='ocrx_word' id='word_1_600' title='bbox 3082 4401 3339 4471; x_wconf 78' lang='lat' dir='ltr'><strong>praesenti</strong></span> <span class='ocrx_word' id='word_1_601' title='bbox 3367 4404 3708 4460; x_wconf 71' lang='lat' dir='ltr'><strong>auctoritate</strong></span> 
     </span>
    </p>
   </div>
   <div class='ocr_carea' id='block_1_88' title="bbox 2096 4488 3704 4559">
    <p class='ocr_par' dir='ltr' id='par_1_88' title="bbox 2096 4488 3704 4559">
     <span class='ocr_line' id='line_1_88' title="bbox 2096 4488 3704 4559; baseline 0.004 -15"><span class='ocrx_word' id='word_1_602' title='bbox 2096 4488 2456 4555; x_wconf 78' lang='lat' dir='ltr'><strong>decernimus,</strong></span> <span class='ocrx_word' id='word_1_603' title='bbox 2514 4499 2575 4545; x_wconf 90' lang='lat' dir='ltr'><strong>ut</strong></span> <span class='ocrx_word' id='word_1_604' title='bbox 2615 4489 2950 4559; x_wconf 85' lang='lat' dir='ltr'><strong>jussionibus</strong></span> <span class='ocrx_word' id='word_1_605' title='bbox 2978 4490 3178 4547; x_wconf 87' lang='lat' dir='ltr'><strong>nostris</strong></span> <span class='ocrx_word' id='word_1_606' title='bbox 3219 4492 3374 4547; x_wconf 80' lang='lat' dir='ltr'><strong>nulla</strong></span> <span class='ocrx_word' id='word_1_607' title='bbox 3408 4491 3704 4551; x_wconf 84' lang='lat' dir='ltr'><strong>diiationis</strong></span> 
     </span>
    </p>
   </div>
   <div class='ocr_carea' id='block_1_89' title="bbox 409 4545 3705 4655">
    <p class='ocr_par' dir='ltr' id='par_1_89' title="bbox 409 4545 3705 4655">
     <span class='ocr_line' id='line_1_89' title="bbox 409 4545 3705 4655; baseline 0.001 -45"><span class='ocrx_word' id='word_1_608' title='bbox 409 4563 595 4624; x_wconf 86' lang='lat' dir='ltr'><strong>gratus</strong></span> <span class='ocrx_word' id='word_1_609' title='bbox 616 4570 648 4610; x_wconf 85' lang='lat' dir='ltr'><strong>a</strong></span> <span class='ocrx_word' id='word_1_610' title='bbox 672 4564 727 4610; x_wconf 92' lang='lat' dir='ltr'><strong>te</strong></span> <span class='ocrx_word' id='word_1_611' title='bbox 753 4556 1095 4624; x_wconf 89' lang='lat' dir='ltr'><strong>constrictus,</strong></span> <span class='ocrx_word' id='word_1_612' title='bbox 1114 4555 1165 4611; x_wconf 92' lang='lat' dir='ltr'><strong>in</strong></span> <span class='ocrx_word' id='word_1_613' title='bbox 1187 4555 1349 4655; x_wconf 80' lang='lat' dir='ltr'><strong>duplo</strong></span> <span class='ocrx_word' id='word_1_614' title='bbox 1370 4557 1419 4610; x_wconf 90' lang='lat' dir='ltr'><strong>ei</strong></span> <span class='ocrx_word' id='word_1_615' title='bbox 1441 4545 1663 4625; x_wconf 80' lang='lat' dir='ltr'><strong>cogatur</strong></span> <span class='ocrx_word' id='word_1_616' title='bbox 1682 4557 1988 4613; x_wconf 81' lang='lat' dir='ltr'><strong>exsolvere:</strong></span> <span class='ocrx_word' id='word_1_617' title='bbox 2021 4567 2071 4628; x_wconf 77' lang='grc' dir='ltr'><strong>υ</strong></span> <span class='ocrx_word' id='word_1_618' title='bbox 2090 4579 2358 4636; x_wconf 52' lang='lat' dir='ltr'><strong>calliditas</strong></span> <span class='ocrx_word' id='word_1_619' title='bbox 2382 4545 2667 4635; x_wconf 54' lang='grc' dir='ltr'><strong>θέω,ωῇ</strong></span> <span class='ocrx_word' id='word_1_620' title='bbox 2686 4545 2823 4651; x_wconf 12' lang='grc' dir='ltr'><strong>ἧψε,</strong></span> <span class='ocrx_word' id='word_1_621' title='bbox 2847 4545 2954 4641; x_wconf 57' lang='grc' dir='ltr'><strong>ηοξ,</strong></span> <span class='ocrx_word' id='word_1_622' title='bbox 2980 4545 3705 4655; x_wconf 43' lang='grc' dir='ltr'><strong>νέηίξιοξῶἷξέιξ</strong></span> 
     </span>
    </p>
   </div>
   <div class='ocr_carea' id='block_1_90' title="bbox 408 4647 1991 4720">
    <p class='ocr_par' dir='ltr' id='par_1_90' title="bbox 408 4647 1991 4720">
     <span class='ocr_line' id='line_1_90' title="bbox 408 4647 1991 4720; baseline 0 -17"><span class='ocrx_word' id='word_1_623' title='bbox 408 4648 537 4717; x_wconf 81' lang='lat' dir='ltr'><strong>quia</strong></span> <span class='ocrx_word' id='word_1_624' title='bbox 581 4648 682 4703; x_wconf 85' lang='lat' dir='ltr'><strong>sub</strong></span> <span class='ocrx_word' id='word_1_625' title='bbox 734 4662 898 4720; x_wconf 68' lang='lat' dir='ltr'><strong>paena</strong></span> <span class='ocrx_word' id='word_1_626' title='bbox 950 4648 1161 4703; x_wconf 87' lang='lat' dir='ltr'><strong>restitui</strong></span> <span class='ocrx_word' id='word_1_627' title='bbox 1196 4647 1412 4717; x_wconf 86' lang='lat' dir='ltr'><strong>dignum</strong></span> <span class='ocrx_word' id='word_1_628' title='bbox 1434 4657 1534 4712; x_wconf 88' lang='lat' dir='ltr'><strong>est,</strong></span> <span class='ocrx_word' id='word_1_629' title='bbox 1577 4648 1721 4717; x_wconf 91' lang='lat' dir='ltr'><strong>quod</strong></span> <span class='ocrx_word' id='word_1_630' title='bbox 1748 4649 1991 4719; x_wconf 88' lang='lat' dir='ltr'><strong>improba</strong></span> 
     </span>
    </p>
   </div>
   <div class='ocr_carea' id='block_1_91' title="bbox 409 4738 1992 4809">
    <p class='ocr_par' dir='ltr' id='par_1_91' title="bbox 409 4738 1992 4809">
     <span class='ocr_line' id='line_1_91' title="bbox 409 4738 1992 4809; baseline 0.001 -17"><span class='ocrx_word' id='word_1_631' title='bbox 409 4738 711 4793; x_wconf 82' lang='lat' dir='ltr'><strong>temeritate</strong></span> <span class='ocrx_word' id='word_1_632' title='bbox 755 4747 967 4794; x_wconf 86' lang='lat' dir='ltr'><strong>constat</strong></span> <span class='ocrx_word' id='word_1_633' title='bbox 1006 4748 1298 4795; x_wconf 88' lang='lat' dir='ltr'><strong>extortum.</strong></span> <span class='ocrx_word' id='word_1_634' title='bbox 1359 4738 1439 4794; x_wconf 83' lang='lat' dir='ltr'><strong>De</strong></span> <span class='ocrx_word' id='word_1_635' title='bbox 1481 4738 1635 4809; x_wconf 85' lang='lat' dir='ltr'><strong>plaga</strong></span> <span class='ocrx_word' id='word_1_636' title='bbox 1665 4754 1795 4795; x_wconf 86' lang='lat' dir='ltr'><strong>vero</strong></span> <span class='ocrx_word' id='word_1_637' title='bbox 1828 4753 1992 4808; x_wconf 89' lang='lat' dir='ltr'><strong>quam</strong></span> 
     </span>
    </p>
   </div>
   <div class='ocr_carea' id='block_1_92' title="bbox 406 4828 1992 4902">
    <p class='ocr_par' dir='ltr' id='par_1_92' title="bbox 406 4828 1992 4902">
     <span class='ocr_line' id='line_1_92' title="bbox 406 4828 1992 4902; baseline -0.001 -16"><span class='ocrx_word' id='word_1_638' title='bbox 406 4830 601 4887; x_wconf 90' lang='lat' dir='ltr'><strong>educto</strong></span> <span class='ocrx_word' id='word_1_639' title='bbox 628 4830 805 4899; x_wconf 89' lang='lat' dir='ltr'><strong>gladio</strong></span> <span class='ocrx_word' id='word_1_640' title='bbox 834 4831 1152 4887; x_wconf 88' lang='lat' dir='ltr'><strong>temerarius</strong></span> <span class='ocrx_word' id='word_1_641' title='bbox 1179 4838 1535 4902; x_wconf 62' lang='lat' dir='ltr'><strong>praesumptor</strong></span> <span class='ocrx_word' id='word_1_642' title='bbox 1562 4828 1775 4898; x_wconf 79' lang='lat' dir='ltr'><strong>inﬂixit,</strong></span> <span class='ocrx_word' id='word_1_643' title='bbox 1808 4830 1876 4884; x_wconf 88' lang='lat' dir='ltr'><strong>ad</strong></span> <span class='ocrx_word' id='word_1_644' title='bbox 1903 4831 1992 4900; x_wconf 91' lang='lat' dir='ltr'><strong>ju-</strong></span> 
     </span>
    </p>
   </div>
   <div class='ocr_carea' id='block_1_93' title="bbox 403 4918 1990 4991">
    <p class='ocr_par' dir='ltr' id='par_1_93' title="bbox 403 4918 1990 4991">
     <span class='ocr_line' id='line_1_93' title="bbox 403 4918 1990 4991; baseline 0.001 -16"><span class='ocrx_word' id='word_1_645' title='bbox 403 4919 602 4975; x_wconf 84' lang='lat' dir='ltr'><strong>dicium</strong></span> <span class='ocrx_word' id='word_1_646' title='bbox 628 4920 842 4977; x_wconf 89' lang='lat' dir='ltr'><strong>comitis</strong></span> <span class='ocrx_word' id='word_1_647' title='bbox 862 4919 1027 4976; x_wconf 72' lang='lat' dir='ltr'><strong>Duda:</strong></span> <span class='ocrx_word' id='word_1_648' title='bbox 1053 4934 1197 4991; x_wconf 70' lang='lat' dir='ltr'><strong>smpe</strong></span> <span class='ocrx_word' id='word_1_649' title='bbox 1217 4918 1528 4987; x_wconf 81' lang='lat' dir='ltr'><strong>dictus’sajo</strong></span> <span class='ocrx_word' id='word_1_650' title='bbox 1550 4928 1603 4975; x_wconf 91' lang='lat' dir='ltr'><strong>te</strong></span> <span class='ocrx_word' id='word_1_651' title='bbox 1631 4920 1990 4989; x_wconf 85' lang='lat' dir='ltr'><strong>compellente</strong></span> 
     </span>
    </p>
   </div>
   <div class='ocr_carea' id='block_1_94' title="bbox 404 5010 1977 5079">
    <p class='ocr_par' dir='ltr' id='par_1_94' title="bbox 404 5010 1977 5079">
     <span class='ocr_line' id='line_1_94' title="bbox 404 5010 1977 5079; baseline 0.001 -13"><span class='ocrx_word' id='word_1_652' title='bbox 404 5014 583 5068; x_wconf 88' lang='lat' dir='ltr'><strong>veniat</strong></span> <span class='ocrx_word' id='word_1_653' title='bbox 633 5012 963 5079; x_wconf 87' lang='lat' dir='ltr'><strong>audiendus;</strong></span> <span class='ocrx_word' id='word_1_654' title='bbox 994 5022 1051 5068; x_wconf 93' lang='lat' dir='ltr'><strong>ut</strong></span> <span class='ocrx_word' id='word_1_655' title='bbox 1101 5011 1399 5069; x_wconf 89' lang='lat' dir='ltr'><strong>secundum</strong></span> <span class='ocrx_word' id='word_1_656' title='bbox 1440 5010 1739 5067; x_wconf 82' lang='lat' dir='ltr'><strong>edictorum</strong></span> <span class='ocrx_word' id='word_1_657' title='bbox 1782 5012 1977 5067; x_wconf 90' lang='lat' dir='ltr'><strong>seriem</strong></span> 
     </span>
    </p>
   </div>
   <div class='ocr_carea' id='block_1_95' title="bbox 476 5188 1983 5270">
    <p class='ocr_par' dir='ltr' id='par_1_95' title="bbox 476 5188 1983 5270">
     <span class='ocr_line' id='line_1_95' title="bbox 476 5188 1983 5270; baseline -0.011 -15"><span class='ocrx_word' id='word_1_658' title='bbox 476 5202 504 5231; x_wconf 79' lang='grc'><strong>⁸</strong></span> <span class='ocrx_word' id='word_1_659' title='bbox 527 5193 783 5270; x_wconf 67' lang='lat' dir='ltr'><strong>Consedit</strong></span> <span class='ocrx_word' id='word_1_660' title='bbox 810 5192 1173 5270; x_wconf 74' lang='lat' dir='ltr'><strong>Thecdoricus</strong></span> <span class='ocrx_word' id='word_1_661' title='bbox 1217 5191 1634 5270; x_wconf 80' lang='lat' dir='ltr'><strong>Massiliensibus</strong></span> <span class='ocrx_word' id='word_1_662' title='bbox 1662 5202 1856 5245; x_wconf 87' lang='lat' dir='ltr'><strong>census</strong></span> <span class='ocrx_word' id='word_1_663' title='bbox 1882 5188 1983 5270; x_wconf 71' lang='lat' dir='ltr'><strong>im.</strong></span> 
     </span>
    </p>
   </div>
   <div class='ocr_carea' id='block_1_96' title="bbox 403 5262 1983 5334">
    <p class='ocr_par' dir='ltr' id='par_1_96' title="bbox 403 5262 1983 5334">
     <span class='ocr_line' id='line_1_96' title="bbox 403 5262 1983 5334; baseline -0.006 -14"><span class='ocrx_word' id='word_1_664' title='bbox 403 5265 752 5321; x_wconf 81' lang='lat' dir='ltr'><strong>tuunitatem:</strong></span> <span class='ocrx_word' id='word_1_665' title='bbox 776 5263 992 5332; x_wconf 89' lang='lat' dir='ltr'><strong>quando</strong></span> <span class='ocrx_word' id='word_1_666' title='bbox 1021 5273 1200 5334; x_wconf 74' lang='lat' dir='ltr'><strong>autem</strong></span> <span class='ocrx_word' id='word_1_667' title='bbox 1226 5262 1449 5334; x_wconf 62' lang='lat' dir='ltr'><strong>eruperit</strong></span> <span class='ocrx_word' id='word_1_668' title='bbox 1477 5275 1690 5323; x_wconf 85' lang='lat' dir='ltr'><strong>census,</strong></span> <span class='ocrx_word' id='word_1_669' title='bbox 1720 5262 1983 5334; x_wconf 71' lang='lat' dir='ltr'><strong>nonsatis</strong></span> 
     </span>
    </p>
   </div>
   <div class='ocr_carea' id='block_1_97' title="bbox 394 5328 1982 5403">
    <p class='ocr_par' dir='ltr' id='par_1_97' title="bbox 394 5328 1982 5403">
     <span class='ocr_line' id='line_1_97' title="bbox 394 5328 1982 5403; baseline -0.001 -16"><span class='ocrx_word' id='word_1_670' title='bbox 394 5344 647 5403; x_wconf 77' lang='lat' dir='ltr'><strong>constat;</strong></span> <span class='ocrx_word' id='word_1_671' title='bbox 693 5328 971 5389; x_wconf 42' lang='lat' dir='ltr'><strong>alii-enim</strong></span> <span class='ocrx_word' id='word_1_672' title='bbox 998 5349 1030 5388; x_wconf 89' lang='lat' dir='ltr'><strong>a</strong></span> <span class='ocrx_word' id='word_1_673' title='bbox 1074 5332 1216 5389; x_wconf 82' lang='lat' dir='ltr'><strong>Julio</strong></span> <span class='ocrx_word' id='word_1_674' title='bbox 1265 5328 1478 5388; x_wconf 72' lang='lat' dir='ltr'><strong>Céesare</strong></span> <span class='ocrx_word' id='word_1_675' title='bbox 1524 5338 1733 5401; x_wconf 91' lang='lat' dir='ltr'><strong>putant,</strong></span> <span class='ocrx_word' id='word_1_676' title='bbox 1788 5329 1875 5403; x_wconf 76' lang='lat' dir='ltr'><strong>a_l_ii</strong></span> <span class='ocrx_word' id='word_1_677' title='bbox 1913 5328 1982 5385; x_wconf 84' lang='lat' dir='ltr'><strong>ab</strong></span> 
     </span>
    </p>
   </div>
   <div class='ocr_carea' id='block_1_98' title="bbox 402 5399 1985 5528">
    <p class='ocr_par' dir='ltr' id='par_1_98' title="bbox 402 5399 1985 5528">
     <span class='ocr_line' id='line_1_98' title="bbox 402 5399 1985 5528; baseline -0.006 -68"><span class='ocrx_word' id='word_1_678' title='bbox 402 5399 665 5528; x_wconf 54' lang='lat' dir='ltr'><strong>Augusto,</strong></span> <span class='ocrx_word' id='word_1_679' title='bbox 696 5414 753 5460; x_wconf 89' lang='lat' dir='ltr'><strong>et</strong></span> <span class='ocrx_word' id='word_1_680' title='bbox 777 5404 969 5459; x_wconf 87' lang='lat' dir='ltr'><strong>melius</strong></span> <span class='ocrx_word' id='word_1_681' title='bbox 1003 5419 1125 5485; x_wconf 79' lang='lat' dir='ltr'><strong>meo</strong></span> <span class='ocrx_word' id='word_1_682' title='bbox 1164 5404 1386 5484; x_wconf 76' lang='lat' dir='ltr'><strong>judicio,</strong></span> <span class='ocrx_word' id='word_1_683' title='bbox 1420 5411 1476 5456; x_wconf 91' lang='lat' dir='ltr'><strong>ut</strong></span> <span class='ocrx_word' id='word_1_684' title='bbox 1504 5399 1768 5480; x_wconf 81' lang='lat' dir='ltr'><strong>testantur</strong></span> <span class='ocrx_word' id='word_1_685' title='bbox 1794 5399 1985 5453; x_wconf 88' lang='lat' dir='ltr'><strong>Florus</strong></span> 
     </span>
     <span class='ocr_line' id='line_1_99' title="bbox 404 5469 1981 5528; baseline -0.005 0"><span class='ocrx_word' id='word_1_686' title='bbox 404 5490 469 5528; x_wconf 86' lang='lat' dir='ltr'><strong>ac</strong></span> <span class='ocrx_word' id='word_1_687' title='bbox 538 5476 708 5528; x_wconf 86' lang='lat' dir='ltr'><strong>ivius:</strong></span> <span class='ocrx_word' id='word_1_688' title='bbox 734 5474 891 5528; x_wconf 86' lang='lat' dir='ltr'><strong>idaue</strong></span> <span class='ocrx_word' id='word_1_689' title='bbox 917 5475 1177 5528; x_wconf 78' lang='lat' dir='ltr'><strong>accidisse</strong></span> <span class='ocrx_word' id='word_1_690' title='bbox 1203 5483 1432 5528; x_wconf 77' lang='lat' dir='ltr'><strong>septimo</strong></span> <span class='ocrx_word' id='word_1_691' title='bbox 1454 5472 1677 5528; x_wconf 66' lang='lat' dir='ltr'><strong>Augusti</strong></span> <span class='ocrx_word' id='word_1_692' title='bbox 1699 5469 1981 5525; x_wconf 72' lang='lat' dir='ltr'><strong>consulatu</strong></span> 
     </span>
    </p>
   </div>
   <div class='ocr_carea' id='block_1_99' title="bbox 404 5469 1981 5543">
    <p class='ocr_par' dir='ltr' id='par_1_99' title="bbox 404 5469 1981 5543">
     <span class='ocr_line' id='line_1_100' title="bbox 404 5469 1981 5543; baseline -0.006 -14"><span class='ocrx_word' id='word_1_693' title='bbox 404 5490 469 5530; x_wconf 86' lang='lat' dir='ltr'><strong>ac</strong></span> <span class='ocrx_word' id='word_1_694' title='bbox 493 5469 708 5540; x_wconf 78' lang='lat' dir='ltr'><strong>Livius;</strong></span> <span class='ocrx_word' id='word_1_695' title='bbox 734 5474 891 5543; x_wconf 87' lang='lat' dir='ltr'><strong>idque</strong></span> <span class='ocrx_word' id='word_1_696' title='bbox 917 5469 1181 5543; x_wconf 78' lang='lat' dir='ltr'><strong>accidisse</strong></span> <span class='ocrx_word' id='word_1_697' title='bbox 1203 5477 1432 5543; x_wconf 83' lang='lat' dir='ltr'><strong>septimo</strong></span> <span class='ocrx_word' id='word_1_698' title='bbox 1454 5471 1677 5543; x_wconf 77' lang='lat' dir='ltr'><strong>Augusti</strong></span> <span class='ocrx_word' id='word_1_699' title='bbox 1699 5469 1981 5543; x_wconf 72' lang='lat' dir='ltr'><strong>consulatu</strong></span> 
     </span>
    </p>
   </div>
   <div class='ocr_carea' id='block_1_100' title="bbox 404 5540 1983 5619">
    <p class='ocr_par' dir='ltr' id='par_1_100' title="bbox 404 5540 1983 5619">
     <span class='ocr_line' id='line_1_101' title="bbox 404 5540 1983 5619; baseline -0.005 -20"><span class='ocrx_word' id='word_1_700' title='bbox 404 5560 475 5619; x_wconf 82' lang='lat' dir='ltr'><strong>ex</strong></span> <span class='ocrx_word' id='word_1_701' title='bbox 504 5544 673 5619; x_wconf 82' lang='lat' dir='ltr'><strong>Dione</strong></span> <span class='ocrx_word' id='word_1_702' title='bbox 701 5540 976 5619; x_wconf 71' lang='lat' dir='ltr'><strong>discimus.</strong></span> <span class='ocrx_word' id='word_1_703' title='bbox 1011 5542 1180 5619; x_wconf 81' lang='lat' dir='ltr'><strong>Hujus</strong></span> <span class='ocrx_word' id='word_1_704' title='bbox 1205 5540 1607 5619; x_wconf 55' lang='lat' dir='ltr'><strong>au&#39;tem_censu_s</strong></span> <span class='ocrx_word' id='word_1_705' title='bbox 1634 5540 1983 5619; x_wconf 47' lang='lat' dir='ltr'><strong>duplexnmo-</strong></span> 
     </span>
    </p>
   </div>
   <div class='ocr_carea' id='block_1_101' title="bbox 404 5608 1985 5681">
    <p class='ocr_par' dir='ltr' id='par_1_101' title="bbox 404 5608 1985 5681">
     <span class='ocr_line' id='line_1_102' title="bbox 404 5608 1985 5681; baseline -0.004 -15"><span class='ocrx_word' id='word_1_706' title='bbox 404 5616 505 5668; x_wconf 85' lang='lat' dir='ltr'><strong>dus</strong></span> <span class='ocrx_word' id='word_1_707' title='bbox 539 5632 557 5667; x_wconf 86' lang='lat'><strong>:</strong></span> <span class='ocrx_word' id='word_1_708' title='bbox 575 5614 826 5671; x_wconf 85' lang='lat' dir='ltr'><strong>videntur</strong></span> <span class='ocrx_word' id='word_1_709' title='bbox 853 5614 997 5670; x_wconf 87' lang='lat' dir='ltr'><strong>enim</strong></span> <span class='ocrx_word' id='word_1_710' title='bbox 1024 5608 1284 5667; x_wconf 80' lang='lat' dir='ltr'><strong>tributum</strong></span> <span class='ocrx_word' id='word_1_711' title='bbox 1309 5621 1365 5665; x_wconf 92' lang='lat' dir='ltr'><strong>et</strong></span> <span class='ocrx_word' id='word_1_712' title='bbox 1389 5612 1443 5666; x_wconf 88' lang='lat' dir='ltr'><strong>in</strong></span> <span class='ocrx_word' id='word_1_713' title='bbox 1468 5613 1642 5681; x_wconf 87' lang='lat' dir='ltr'><strong>capita</strong></span> <span class='ocrx_word' id='word_1_714' title='bbox 1670 5608 1985 5681; x_wconf 79' lang='lat' dir='ltr'><strong>contulisse,</strong></span> 
     </span>
    </p>
   </div>
   <div class='ocr_carea' id='block_1_102' title="bbox 405 5678 1981 5752">
    <p class='ocr_par' dir='ltr' id='par_1_102' title="bbox 405 5678 1981 5752">
     <span class='ocr_line' id='line_1_103' title="bbox 405 5678 1981 5752; baseline -0.004 -15"><span class='ocrx_word' id='word_1_715' title='bbox 405 5691 463 5737; x_wconf 83' lang='lat' dir='ltr'><strong>et</strong></span> <span class='ocrx_word' id='word_1_716' title='bbox 488 5684 541 5736; x_wconf 90' lang='lat' dir='ltr'><strong>in</strong></span> <span class='ocrx_word' id='word_1_717' title='bbox 570 5698 743 5752; x_wconf 88' lang='lat' dir='ltr'><strong>agros,</strong></span> <span class='ocrx_word' id='word_1_718' title='bbox 779 5684 952 5749; x_wconf 90' lang='lat' dir='ltr'><strong>lacus,</strong></span> <span class='ocrx_word' id='word_1_719' title='bbox 982 5683 1239 5751; x_wconf 85' lang='lat' dir='ltr'><strong>pecudes,</strong></span> <span class='ocrx_word' id='word_1_720' title='bbox 1291 5678 1859 5752; x_wconf 7' lang='lat' dir='ltr'><strong>aliasqueigl‘acultates</strong></span> <span class='ocrx_word' id='word_1_721' title='bbox 1884 5696 1897 5729; x_wconf 91' lang='lat'><strong>:</strong></span> <span class='ocrx_word' id='word_1_722' title='bbox 1928 5678 1981 5730; x_wconf 89' lang='lat' dir='ltr'><strong>in</strong></span> 
     </span>
    </p>
   </div>
   <div class='ocr_carea' id='block_1_103' title="bbox 363 5748 1982 5826">
    <p class='ocr_par' dir='ltr' id='par_1_103' title="bbox 363 5748 1982 5826">
     <span class='ocr_line' id='line_1_104' title="bbox 363 5748 1982 5826; baseline -0.001 -22"><span class='ocrx_word' id='word_1_723' title='bbox 363 5796 379 5814; x_wconf 87' lang='grc'><em>,</em></span> <span class='ocrx_word' id='word_1_724' title='bbox 406 5748 627 5826; x_wconf 49' lang='lat' dir='ltr'><strong>capita;</strong></span> <span class='ocrx_word' id='word_1_725' title='bbox 652 5754 884 5826; x_wconf 85' lang='lat' dir='ltr'><strong>inquam,</strong></span> <span class='ocrx_word' id='word_1_726' title='bbox 935 5748 999 5806; x_wconf 69' lang='lat' dir='ltr'><strong>ut</strong></span> <span class='ocrx_word' id='word_1_727' title='bbox 1038 5753 1324 5826; x_wconf 67' lang='lat' dir='ltr'><strong>apudAm.</strong></span> <span class='ocrx_word' id='word_1_728' title='bbox 1360 5748 1723 5826; x_wconf 77' lang='lat' dir='ltr'><strong>Marcellinum</strong></span> <span class='ocrx_word' id='word_1_729' title='bbox 1766 5748 1861 5826; x_wconf 75' lang='lat' dir='ltr'><strong>lib.</strong></span> <span class='ocrx_word' id='word_1_730' title='bbox 1894 5764 1982 5802; x_wconf 79' lang='lat' dir='ltr'><strong>xvt</strong></span> 
     </span>
    </p>
   </div>
   <div class='ocr_carea' id='block_1_104' title="bbox 407 5819 1978 5893">
    <p class='ocr_par' dir='ltr' id='par_1_104' title="bbox 407 5819 1978 5893">
     <span class='ocr_line' id='line_1_105' title="bbox 407 5819 1978 5893; baseline -0.003 -18"><span class='ocrx_word' id='word_1_731' title='bbox 407 5822 593 5876; x_wconf 82' lang='lat' dir='ltr'><strong>\iderc</strong></span> <span class='ocrx_word' id='word_1_732' title='bbox 622 5819 739 5889; x_wconf 53' lang='lat' dir='ltr'><strong>esti</strong></span> <span class='ocrx_word' id='word_1_733' title='bbox 762 5823 817 5877; x_wconf 86' lang='lat' dir='ltr'><strong>in</strong></span> <span class='ocrx_word' id='word_1_734' title='bbox 845 5837 1021 5893; x_wconf 80' lang='lat' dir='ltr'><strong>agros,</strong></span> <span class='ocrx_word' id='word_1_735' title='bbox 1055 5822 1193 5893; x_wconf 84' lang='lat' dir='ltr'><strong>apud</strong></span> <span class='ocrx_word' id='word_1_736' title='bbox 1219 5821 1627 5892; x_wconf 80' lang='lat' dir='ltr'><strong>jurisconsultos</strong></span> <span class='ocrx_word' id='word_1_737' title='bbox 1654 5819 1736 5875; x_wconf 85' lang='lat' dir='ltr'><strong>tit.</strong></span> <span class='ocrx_word' id='word_1_738' title='bbox 1763 5819 1832 5875; x_wconf 86' lang='lat' dir='ltr'><strong>de</strong></span> <span class='ocrx_word' id='word_1_739' title='bbox 1851 5834 1978 5875; x_wconf 82' lang='lat' dir='ltr'><strong>cen-</strong></span> 
     </span>
    </p>
   </div>
   <div class='ocr_carea' id='block_1_105' title="bbox 2096 4668 2715 4740">
    <p class='ocr_par' dir='ltr' id='par_1_105' title="bbox 2096 4668 2715 4740">
     <span class='ocr_line' id='line_1_106' title="bbox 2096 4668 2715 4740; baseline -0.005 -15"><span class='ocrx_word' id='word_1_740' title='bbox 2096 4668 2359 4740; x_wconf 90' lang='lat' dir='ltr'><strong>delinquit</strong></span> <span class='ocrx_word' id='word_1_741' title='bbox 2387 4671 2715 4726; x_wconf 83' lang='lat' dir='ltr'><strong>admonitus.</strong></span> 
     </span>
    </p>
   </div>
   <div class='ocr_carea' id='block_1_106' title="bbox 2614 4801 3163 4863">
    <p class='ocr_par' dir='ltr' id='par_1_106' title="bbox 2614 4801 3163 4863">
     <span class='ocr_line' id='line_1_107' title="bbox 2614 4801 3163 4863; baseline 0.005 -7"><span class='ocrx_word' id='word_1_742' title='bbox 2614 4801 2945 4859; x_wconf 79' lang='lat' dir='ltr'><strong>EPISTOLA</strong></span> <span class='ocrx_word' id='word_1_743' title='bbox 2993 4801 3163 4863; x_wconf 78' lang='lat' dir='ltr'><strong>XXX.</strong></span> 
     </span>
    </p>
   </div>
   <div class='ocr_carea' id='block_1_107' title="bbox 2147 4912 3645 4963">
    <p class='ocr_par' dir='ltr' id='par_1_107' title="bbox 2147 4912 3645 4963">
     <span class='ocr_line' id='line_1_108' title="bbox 2147 4912 3645 4963; baseline -0.001 -9"><span class='ocrx_word' id='word_1_744' title='bbox 2147 4913 2336 4957; x_wconf 68' lang='grc' dir='ltr'><strong>Αιιιιθιο</strong></span> <span class='ocrx_word' id='word_1_745' title='bbox 2361 4912 2484 4957; x_wconf 73' lang='lat' dir='ltr'><strong>vnto</strong></span> <span class='ocrx_word' id='word_1_746' title='bbox 2511 4912 2775 4963; x_wconf 74' lang='grc' dir='ltr'><strong>ιιιυετιιι,</strong></span> <span class='ocrx_word' id='word_1_747' title='bbox 2808 4912 3077 4963; x_wconf 71' lang='grc' dir='ltr'><strong>ΡΑτιιιςιο,</strong></span> <span class='ocrx_word' id='word_1_748' title='bbox 3109 4912 3486 4962; x_wconf 71' lang='grc' dir='ltr'><strong>ΤΠΕΟᾨΟΒῙΩῦε</strong></span> <span class='ocrx_word' id='word_1_749' title='bbox 3513 4913 3645 4953; x_wconf 70' lang='lat' dir='ltr'><strong>REI.</strong></span> 
     </span>
    </p>
   </div>
   <div class='ocr_carea' id='block_1_108' title="bbox 2094 5008 3702 5081">
    <p class='ocr_par' dir='ltr' id='par_1_108' title="bbox 2094 5008 3702 5081">
     <span class='ocr_line' id='line_1_109' title="bbox 2094 5008 3702 5081; baseline -0.002 -15"><span class='ocrx_word' id='word_1_750' title='bbox 2094 5011 2185 5066; x_wconf 85' lang='lat' dir='ltr'><strong>Illi</strong></span> <span class='ocrx_word' id='word_1_751' title='bbox 2211 5012 2508 5066; x_wconf 74' lang='lat' dir='ltr'><strong>conceditur</strong></span> <span class='ocrx_word' id='word_1_752' title='bbox 2546 5008 2717 5065; x_wconf 64' lang='lat' dir='ltr'><strong>carbas</strong></span> <span class='ocrx_word' id='word_1_753' title='bbox 2756 5010 2983 5077; x_wconf 82' lang='lat' dir='ltr'><strong>porticus</strong></span> <span class='ocrx_word' id='word_1_754' title='bbox 3018 5009 3252 5076; x_wconf 74' lang='lat' dir='ltr'><strong>licentia,</strong></span> <span class='ocrx_word' id='word_1_755' title='bbox 3297 5018 3357 5064; x_wconf 81' lang='lat' dir='ltr'><strong>ut</strong></span> <span class='ocrx_word' id='word_1_756' title='bbox 3393 5026 3555 5081; x_wconf 79' lang='lat' dir='ltr'><strong>super</strong></span> <span class='ocrx_word' id='word_1_757' title='bbox 3579 5027 3702 5065; x_wconf 85' lang='lat' dir='ltr'><strong>eam</strong></span> 
     </span>
    </p>
   </div>
   <div class='ocr_carea' id='block_1_109' title="bbox 2048 5186 2479 5262">
    <p class='ocr_par' dir='ltr' id='par_1_109' title="bbox 2048 5186 2479 5262">
     <span class='ocr_line' id='line_1_110' title="bbox 2048 5186 2479 5262; baseline -0.007 -18"><span class='ocrx_word' id='word_1_758' title='bbox 2048 5211 2057 5219; x_wconf 61' lang='grc' dir='ltr'><strong>υ</strong></span> <span class='ocrx_word' id='word_1_759' title='bbox 2082 5186 2479 5262; x_wconf 41' lang='lat' dir='ltr'><strong>sibusLBnoss.</strong></span> 
     </span>
    </p>
   </div>
   <div class='ocr_carea' id='block_1_110' title="bbox 2159 5253 3698 5321">
    <p class='ocr_par' dir='ltr' id='par_1_110' title="bbox 2159 5253 3698 5321">
     <span class='ocr_line' id='line_1_111' title="bbox 2159 5253 3698 5321; baseline -0.002 -8"><span class='ocrx_word' id='word_1_760' title='bbox 2159 5259 2184 5298; x_wconf 73' lang='grc' dir='ltr'>δ</span> <span class='ocrx_word' id='word_1_761' title='bbox 2241 5257 2566 5321; x_wconf 85' lang='lat' dir='ltr'><strong>Tuitionem,</strong></span> <span class='ocrx_word' id='word_1_762' title='bbox 2606 5254 2907 5319; x_wconf 84' lang='lat' dir='ltr'><strong>Nostrates,</strong></span> <span class='ocrx_word' id='word_1_763' title='bbox 2950 5253 3291 5321; x_wconf 79' lang='lat' dir='ltr'><strong>sauvegarde,</strong></span> <span class='ocrx_word' id='word_1_764' title='bbox 3347 5262 3579 5321; x_wconf 88' lang='lat' dir='ltr'><strong>vocant,</strong></span> <span class='ocrx_word' id='word_1_765' title='bbox 3626 5254 3698 5310; x_wconf 86' lang='lat' dir='ltr'><strong>de</strong></span> 
     </span>
    </p>
   </div>
   <div class='ocr_carea' id='block_1_111' title="bbox 2084 5323 3364 5399">
    <p class='ocr_par' dir='ltr' id='par_1_111' title="bbox 2084 5323 3364 5399">
     <span class='ocr_line' id='line_1_112' title="bbox 2084 5323 3364 5399; baseline -0.005 -14"><span class='ocrx_word' id='word_1_766' title='bbox 2084 5345 2190 5399; x_wconf 83' lang='lat' dir='ltr'><strong>qua</strong></span> <span class='ocrx_word' id='word_1_767' title='bbox 2220 5328 2354 5383; x_wconf 82' lang='lat' dir='ltr'><strong>infra</strong></span> <span class='ocrx_word' id='word_1_768' title='bbox 2383 5342 2598 5397; x_wconf 85' lang='lat' dir='ltr'><strong>quoque</strong></span> <span class='ocrx_word' id='word_1_769' title='bbox 2627 5326 2718 5381; x_wconf 88' lang='lat' dir='ltr'><strong>lib.</strong></span> <span class='ocrx_word' id='word_1_770' title='bbox 2750 5341 2843 5390; x_wconf 84' lang='lat' dir='ltr'><strong>vn,</strong></span> <span class='ocrx_word' id='word_1_771' title='bbox 2874 5324 3031 5399; x_wconf 81' lang='lat' dir='ltr'><strong>form.</strong></span> <span class='ocrx_word' id='word_1_772' title='bbox 3066 5323 3155 5399; x_wconf 54' lang='grc' dir='ltr'><strong>ὅθ.</strong></span> <span class='ocrx_word' id='word_1_773' title='bbox 3174 5323 3364 5399; x_wconf 61' lang='lat' dir='ltr'><strong>fouit.</strong></span> 
     </span>
    </p>
   </div>
   <div class='ocr_carea' id='block_1_112' title="bbox 2164 5391 3442 5467">
    <p class='ocr_par' dir='ltr' id='par_1_112' title="bbox 2164 5391 3442 5467">
     <span class='ocr_line' id='line_1_113' title="bbox 2164 5391 3442 5467; baseline -0.005 -15"><span class='ocrx_word' id='word_1_774' title='bbox 2164 5412 2184 5436; x_wconf 75' lang='grc' dir='ltr'><strong>ο</strong></span> <span class='ocrx_word' id='word_1_775' title='bbox 2220 5391 2628 5467; x_wconf 50' lang='lat' dir='ltr'><strong>Aliqui-legunt,</strong></span> <span class='ocrx_word' id='word_1_776' title='bbox 2662 5396 3131 5467; x_wconf 12' lang='lat' dir='ltr'><strong>reverentiaicuriw</strong></span> <span class='ocrx_word' id='word_1_777' title='bbox 3161 5391 3442 5467; x_wconf 69' lang='lat' dir='ltr'><strong>Romanae.</strong></span> 
     </span>
    </p>
   </div>
   <div class='ocr_carea' id='block_1_113' title="bbox 2159 5464 3693 5533">
    <p class='ocr_par' dir='ltr' id='par_1_113' title="bbox 2159 5464 3693 5533">
     <span class='ocr_line' id='line_1_114' title="bbox 2159 5464 3693 5533; baseline -0.002 -12"><span class='ocrx_word' id='word_1_778' title='bbox 2159 5469 2185 5506; x_wconf 78' lang='grc' dir='ltr'>ά</span> <span class='ocrx_word' id='word_1_779' title='bbox 2220 5464 2548 5523; x_wconf 69' lang='lat' dir='ltr'><strong>Pmifectum:</strong></span> <span class='ocrx_word' id='word_1_780' title='bbox 2577 5467 2793 5521; x_wconf 70' lang='lat' dir='ltr'><strong>urbana:</strong></span> <span class='ocrx_word' id='word_1_781' title='bbox 2822 5465 3056 5533; x_wconf 83' lang='lat' dir='ltr'><strong>dignitas</strong></span> <span class='ocrx_word' id='word_1_782' title='bbox 3084 5479 3277 5519; x_wconf 85' lang='lat' dir='ltr'><strong>omnes</strong></span> <span class='ocrx_word' id='word_1_783' title='bbox 3302 5464 3557 5533; x_wconf 65' lang='lat' dir='ltr'><strong>urbanos</strong></span> <span class='ocrx_word' id='word_1_784' title='bbox 3574 5478 3693 5518; x_wconf 87' lang='lat' dir='ltr'><strong>ma-</strong></span> 
     </span>
    </p>
   </div>
   <div class='ocr_carea' id='block_1_114' title="bbox 2086 5530 3694 5609">
    <p class='ocr_par' dir='ltr' id='par_1_114' title="bbox 2086 5530 3694 5609">
     <span class='ocr_line' id='line_1_115' title="bbox 2086 5530 3694 5609; baseline -0.004 -15"><span class='ocrx_word' id='word_1_785' title='bbox 2086 5540 2340 5609; x_wconf 82' lang='lat' dir='ltr'><strong>gistratus</strong></span> <span class='ocrx_word' id='word_1_786' title='bbox 2368 5536 2676 5609; x_wconf 80' lang='lat' dir='ltr'><strong>superabat.</strong></span> <span class='ocrx_word' id='word_1_787' title='bbox 2707 5534 2778 5609; x_wconf 43' lang='lat' dir='ltr'><strong>li</strong></span> <span class='ocrx_word' id='word_1_788' title='bbox 2794 5530 2941 5609; x_wconf 88' lang='lat'><strong>&#39;5,_</strong></span> <span class='ocrx_word' id='word_1_789' title='bbox 2970 5536 3037 5589; x_wconf 88' lang='lat' dir='ltr'><strong>de</strong></span> <span class='ocrx_word' id='word_1_790' title='bbox 3060 5533 3158 5589; x_wconf 74' lang='lat' dir='ltr'><strong>oti.</strong></span> <span class='ocrx_word' id='word_1_791' title='bbox 3180 5530 3507 5609; x_wconf 74' lang='lat' dir='ltr'><strong>pmf._Urb.</strong></span> <span class='ocrx_word' id='word_1_792' title='bbox 3535 5531 3694 5604; x_wconf 74' lang='lat' dir='ltr'><strong>Sym-</strong></span> 
     </span>
    </p>
   </div>
   <div class='ocr_carea' id='block_1_115' title="bbox 2089 5602 3692 5682">
    <p class='ocr_par' dir='ltr' id='par_1_115' title="bbox 2089 5602 3692 5682">
     <span class='ocr_line' id='line_1_116' title="bbox 2089 5602 3692 5682; baseline -0.004 -17"><span class='ocrx_word' id='word_1_793' title='bbox 2089 5602 2265 5682; x_wconf 68' lang='lat' dir='ltr'><strong>ipacli.</strong></span> <span class='ocrx_word' id='word_1_794' title='bbox 2294 5610 2389 5682; x_wconf 75' lang='lat' dir='ltr'><strong>lib.</strong></span> <span class='ocrx_word' id='word_1_795' title='bbox 2437 5602 2475 5673; x_wconf 83' lang='lat' dir='ltr'><strong>i,</strong></span> <span class='ocrx_word' id='word_1_796' title='bbox 2525 5604 2803 5682; x_wconf 39' lang='grc' dir='ltr'><strong>βρίθει-ᾖε.</strong></span> <span class='ocrx_word' id='word_1_797' title='bbox 2850 5604 3123 5682; x_wconf 65' lang='lat' dir='ltr'><strong>Urbanum</strong></span> <span class='ocrx_word' id='word_1_798' title='bbox 3155 5602 3449 5682; x_wconf 72' lang='lat' dir='ltr'><strong>praesulem</strong></span> <span class='ocrx_word' id='word_1_799' title='bbox 3503 5602 3692 5659; x_wconf 63' lang='lat' dir='ltr'><strong>noeter</strong></span> 
     </span>
    </p>
   </div>
   <div class='ocr_carea' id='block_1_116' title="bbox 2087 5672 3689 5745">
    <p class='ocr_par' dir='ltr' id='par_1_116' title="bbox 2087 5672 3689 5745">
     <span class='ocr_line' id='line_1_117' title="bbox 2087 5672 3689 5745; baseline -0.005 -9"><span class='ocrx_word' id='word_1_800' title='bbox 2087 5678 2331 5736; x_wconf 77' lang='lat' dir='ltr'><strong>Cassiod.</strong></span> <span class='ocrx_word' id='word_1_801' title='bbox 2364 5672 2656 5744; x_wconf 79' lang='lat' dir='ltr'><strong>superioris</strong></span> <span class='ocrx_word' id='word_1_802' title='bbox 2683 5675 2777 5729; x_wconf 88' lang='lat' dir='ltr'><strong>lib.</strong></span> <span class='ocrx_word' id='word_1_803' title='bbox 2797 5676 2955 5745; x_wconf 67' lang='lat' dir='ltr'><strong>epist.</strong></span> <span class='ocrx_word' id='word_1_804' title='bbox 2977 5674 3035 5726; x_wconf 80' lang='lat' dir='ltr'><strong>it</strong></span> <span class='ocrx_word' id='word_1_805' title='bbox 3066 5672 3386 5745; x_wconf 73' lang='lat' dir='ltr'><strong>dignitatem</strong></span> <span class='ocrx_word' id='word_1_806' title='bbox 3401 5672 3689 5745; x_wconf 62' lang='lat' dir='ltr'><strong>bonorum</strong></span> 
     </span>
    </p>
   </div>
   <div class='ocr_carea' id='block_1_117' title="bbox 2086 5740 3657 5817">
    <p class='ocr_par' dir='ltr' id='par_1_117' title="bbox 2086 5740 3657 5817">
     <span class='ocr_line' id='line_1_118' title="bbox 2086 5740 3657 5817; baseline -0.004 -12"><span class='ocrx_word' id='word_1_807' title='bbox 2086 5758 2246 5807; x_wconf 84' lang='lat' dir='ltr'><strong>vocat</strong></span> <span class='ocrx_word' id='word_1_808' title='bbox 2274 5766 2286 5802; x_wconf 91' lang='lat'><strong>:</strong></span> <span class='ocrx_word' id='word_1_809' title='bbox 2319 5750 2383 5805; x_wconf 84' lang='lat' dir='ltr'><strong>de</strong></span> <span class='ocrx_word' id='word_1_810' title='bbox 2420 5740 2520 5817; x_wconf 52' lang='lat' dir='ltr'><strong>(tuo</strong></span> <span class='ocrx_word' id='word_1_811' title='bbox 2551 5747 2688 5801; x_wconf 76' lang='lat' dir='ltr'><strong>intra</strong></span> <span class='ocrx_word' id='word_1_812' title='bbox 2715 5740 2930 5816; x_wconf 76' lang='lat' dir='ltr'><strong>quoque</strong></span> <span class='ocrx_word' id='word_1_813' title='bbox 2958 5745 3050 5801; x_wconf 84' lang='lat' dir='ltr'><strong>lib.</strong></span> <span class='ocrx_word' id='word_1_814' title='bbox 3080 5759 3156 5810; x_wconf 74' lang='grc' dir='ltr'><strong>γι,</strong></span> <span class='ocrx_word' id='word_1_815' title='bbox 3189 5740 3351 5795; x_wconf 85' lang='lat' dir='ltr'><strong>form.</strong></span> <span class='ocrx_word' id='word_1_816' title='bbox 3388 5741 3446 5799; x_wconf 68' lang='grc'><strong>4.</strong></span> <span class='ocrx_word' id='word_1_817' title='bbox 3483 5743 3657 5801; x_wconf 62' lang='lat' dir='ltr'><strong>Fons.</strong></span> 
     </span>
    </p>
   </div>
  </div>
