  <div class='ocr_page' id='page_1' title='image "/cluster/home/n/w/nwhite01/storage/ocr_20150623/69/umn.31951002477362u/324.png"; bbox 0 0 3974 6380; ppageno 0'>
   <div class='ocr_carea' id='block_1_1' title="bbox 233 348 339 404">
    <p class='ocr_par' dir='ltr' id='par_1_1' title="bbox 233 348 339 404">
     <span class='ocr_line' id='line_1_1' title="bbox 233 348 339 404; baseline 0.019 -2"><span class='ocrx_word' id='word_1_1' title='bbox 233 348 339 404; x_wconf 72' lang='lat'><strong>6‘29</strong></span> 
     </span>
    </p>
   </div>
   <div class='ocr_carea' id='block_1_2' title="bbox 300 527 1248 604">
    <p class='ocr_par' dir='ltr' id='par_1_2' title="bbox 300 527 1248 604">
     <span class='ocr_line' id='line_1_2' title="bbox 300 527 1248 604; baseline -0.004 -20"><span class='ocrx_word' id='word_1_2' title='bbox 300 527 524 604; x_wconf 69' lang='lat' dir='ltr'><strong>publica:</strong></span> <span class='ocrx_word' id='word_1_3' title='bbox 553 545 657 582; x_wconf 86' lang='lat' dir='ltr'><strong>non</strong></span> <span class='ocrx_word' id='word_1_4' title='bbox 687 527 916 598; x_wconf 78' lang='lat' dir='ltr'><strong>officiant</strong></span> <span class='ocrx_word' id='word_1_5' title='bbox 938 538 1028 582; x_wconf 90' lang='lat' dir='ltr'><strong>aut</strong></span> <span class='ocrx_word' id='word_1_6' title='bbox 1054 529 1248 583; x_wconf 83' lang='lat' dir='ltr'><strong>decori.</strong></span> 
     </span>
    </p>
   </div>
   <div class='ocr_carea' id='block_1_3' title="bbox 303 635 1839 715">
    <p class='ocr_par' dir='ltr' id='par_1_3' title="bbox 303 635 1839 715">
     <span class='ocr_line' id='line_1_3' title="bbox 303 635 1839 715; baseline -0.008 -13"><span class='ocrx_word' id='word_1_7' title='bbox 303 645 475 702; x_wconf 86' lang='lat' dir='ltr'><strong>Decet</strong></span> <span class='ocrx_word' id='word_1_8' title='bbox 498 643 719 715; x_wconf 79' lang='lat' dir='ltr'><strong>quidem</strong></span> <span class='ocrx_word' id='word_1_9' title='bbox 745 649 974 699; x_wconf 88' lang='lat' dir='ltr'><strong>cunctos</strong></span> <span class='ocrx_word' id='word_1_10' title='bbox 1001 642 1189 712; x_wconf 71' lang='lat' dir='ltr'><strong>patria:</strong></span> <span class='ocrx_word' id='word_1_11' title='bbox 1217 655 1329 698; x_wconf 72' lang='lat' dir='ltr'><strong>suze</strong></span> <span class='ocrx_word' id='word_1_12' title='bbox 1357 646 1646 711; x_wconf 85' lang='lat' dir='ltr'><strong>augmenta</strong></span> <span class='ocrx_word' id='word_1_13' title='bbox 1686 635 1839 703; x_wconf 82' lang='lat' dir='ltr'><strong>cogi-</strong></span> 
     </span>
    </p>
   </div>
   <div class='ocr_carea' id='block_1_4' title="bbox 235 729 1843 804">
    <p class='ocr_par' dir='ltr' id='par_1_4' title="bbox 235 729 1843 804">
     <span class='ocr_line' id='line_1_4' title="bbox 235 729 1843 804; baseline -0.007 -10"><span class='ocrx_word' id='word_1_14' title='bbox 235 747 373 803; x_wconf 86' lang='lat' dir='ltr'><strong>tare,</strong></span> <span class='ocrx_word' id='word_1_15' title='bbox 401 735 500 792; x_wconf 87' lang='lat' dir='ltr'><strong>sed</strong></span> <span class='ocrx_word' id='word_1_16' title='bbox 530 750 626 790; x_wconf 87' lang='lat' dir='ltr'><strong>eos</strong></span> <span class='ocrx_word' id='word_1_17' title='bbox 665 735 905 790; x_wconf 79' lang='lat' dir='ltr'><strong>maxime</strong></span> <span class='ocrx_word' id='word_1_18' title='bbox 923 748 1072 802; x_wconf 82' lang='lat' dir='ltr'><strong>quos</strong></span> <span class='ocrx_word' id='word_1_19' title='bbox 1097 732 1322 804; x_wconf 86' lang='lat' dir='ltr'><strong>respub.</strong></span> <span class='ocrx_word' id='word_1_20' title='bbox 1351 732 1454 788; x_wconf 88' lang='lat' dir='ltr'><strong>sibi</strong></span> <span class='ocrx_word' id='word_1_21' title='bbox 1487 729 1713 786; x_wconf 89' lang='lat' dir='ltr'><strong>summis</strong></span> <span class='ocrx_word' id='word_1_22' title='bbox 1741 729 1843 784; x_wconf 84' lang='lat' dir='ltr'><strong>ho-</strong></span> 
     </span>
    </p>
   </div>
   <div class='ocr_carea' id='block_1_5' title="bbox 233 827 1840 898">
    <p class='ocr_par' dir='ltr' id='par_1_5' title="bbox 233 827 1840 898">
     <span class='ocr_line' id='line_1_5' title="bbox 233 827 1840 898; baseline -0.007 -10"><span class='ocrx_word' id='word_1_23' title='bbox 233 833 460 888; x_wconf 85' lang='lat' dir='ltr'><strong>noribus</strong></span> <span class='ocrx_word' id='word_1_24' title='bbox 487 828 746 898; x_wconf 84' lang='lat' dir='ltr'><strong>obligavit</strong></span> <span class='ocrx_word' id='word_1_25' title='bbox 771 845 784 880; x_wconf 93' lang='lat'>:</span> <span class='ocrx_word' id='word_1_26' title='bbox 816 827 940 896; x_wconf 91' lang='lat' dir='ltr'><strong>quia</strong></span> <span class='ocrx_word' id='word_1_27' title='bbox 973 827 1114 881; x_wconf 74' lang='lat' dir='ltr'><strong>ratio</strong></span> <span class='ocrx_word' id='word_1_28' title='bbox 1141 841 1324 882; x_wconf 90' lang='lat' dir='ltr'><strong>rerum</strong></span> <span class='ocrx_word' id='word_1_29' title='bbox 1355 833 1458 888; x_wconf 85' lang='lat' dir='ltr'><strong>est,</strong></span> <span class='ocrx_word' id='word_1_30' title='bbox 1492 830 1552 880; x_wconf 91' lang='lat' dir='ltr'><strong>ut</strong></span> <span class='ocrx_word' id='word_1_31' title='bbox 1578 837 1703 878; x_wconf 89' lang='lat' dir='ltr'><strong>eum</strong></span> <span class='ocrx_word' id='word_1_32' title='bbox 1742 834 1840 876; x_wconf 91' lang='lat' dir='ltr'><strong>ue-</strong></span> 
     </span>
    </p>
   </div>
   <div class='ocr_carea' id='block_1_6' title="bbox 234 910 1838 989">
    <p class='ocr_par' dir='ltr' id='par_1_6' title="bbox 234 910 1838 989">
     <span class='ocr_line' id='line_1_6' title="bbox 234 910 1838 989; baseline -0.008 -12"><span class='ocrx_word' id='word_1_33' title='bbox 234 936 391 977; x_wconf 89' lang='lat' dir='ltr'><strong>cesse</strong></span> <span class='ocrx_word' id='word_1_34' title='bbox 419 920 491 974; x_wconf 90' lang='lat' dir='ltr'><strong>sit</strong></span> <span class='ocrx_word' id='word_1_35' title='bbox 515 918 638 989; x_wconf 85' lang='lat' dir='ltr'><strong>plus</strong></span> <span class='ocrx_word' id='word_1_36' title='bbox 665 915 888 982; x_wconf 83' lang='lat' dir='ltr'><strong>debere,</strong></span> <span class='ocrx_word' id='word_1_37' title='bbox 911 915 1004 986; x_wconf 85' lang='lat' dir='ltr'><strong>qui</strong></span> <span class='ocrx_word' id='word_1_38' title='bbox 1033 915 1182 972; x_wconf 90' lang='lat' dir='ltr'><strong>visus</strong></span> <span class='ocrx_word' id='word_1_39' title='bbox 1201 921 1286 969; x_wconf 88' lang='lat' dir='ltr'><strong>est</strong></span> <span class='ocrx_word' id='word_1_40' title='bbox 1313 911 1519 983; x_wconf 81' lang='lat' dir='ltr'><strong>majora</strong></span> <span class='ocrx_word' id='word_1_41' title='bbox 1539 910 1838 980; x_wconf 87' lang='lat' dir='ltr'><strong>suscipere.</strong></span> 
     </span>
    </p>
   </div>
   <div class='ocr_carea' id='block_1_7' title="bbox 235 1001 1836 1080">
    <p class='ocr_par' dir='ltr' id='par_1_7' title="bbox 235 1001 1836 1080">
     <span class='ocr_line' id='line_1_7' title="bbox 235 1001 1836 1080; baseline -0.007 -12"><span class='ocrx_word' id='word_1_42' title='bbox 235 1013 495 1070; x_wconf 82' lang='lat' dir='ltr'><strong>Porrecta</strong></span> <span class='ocrx_word' id='word_1_43' title='bbox 518 1011 702 1080; x_wconf 92' lang='lat' dir='ltr'><strong>itaque</strong></span> <span class='ocrx_word' id='word_1_44' title='bbox 721 1008 1119 1078; x_wconf 80' lang='lat' dir='ltr'><strong>supplicatione</strong></span> <span class='ocrx_word' id='word_1_45' title='bbox 1141 1015 1372 1064; x_wconf 86' lang='lat' dir='ltr'><strong>testatus</strong></span> <span class='ocrx_word' id='word_1_46' title='bbox 1392 1021 1470 1072; x_wconf 85' lang='lat' dir='ltr'><strong>es,</strong></span> <span class='ocrx_word' id='word_1_47' title='bbox 1485 1005 1666 1062; x_wconf 73' lang='lat' dir='ltr'><strong>curbre</strong></span> <span class='ocrx_word' id='word_1_48' title='bbox 1687 1001 1836 1076; x_wconf 81' lang='lat' dir='ltr'><strong>{Niv.</strong></span> 
     </span>
    </p>
   </div>
   <div class='ocr_carea' id='block_1_8' title="bbox 233 1095 1839 1172">
    <p class='ocr_par' dir='ltr' id='par_1_8' title="bbox 233 1095 1839 1172">
     <span class='ocr_line' id='line_1_8' title="bbox 233 1095 1839 1172; baseline -0.007 -12"><span class='ocrx_word' id='word_1_49' title='bbox 233 1115 285 1162; x_wconf 85' lang='lat' dir='ltr'><strong>et</strong></span> <span class='ocrx_word' id='word_1_50' title='bbox 315 1103 500 1168; x_wconf 68' lang='lat' dir='ltr'><strong>(iam,</strong></span> <span class='ocrx_word' id='word_1_51' title='bbox 524 1099 710 1171; x_wconf 76' lang='lat' dir='ltr'><strong>curize]</strong></span> <span class='ocrx_word' id='word_1_52' title='bbox 735 1101 976 1172; x_wconf 89' lang='lat' dir='ltr'><strong>porticus</strong></span> <span class='ocrx_word' id='word_1_53' title='bbox 999 1115 1119 1168; x_wconf 64' lang='lat' dir='ltr'><strong>quae</strong></span> <span class='ocrx_word' id='word_1_54' title='bbox 1138 1098 1293 1168; x_wconf 90' lang='lat' dir='ltr'><strong>juxta</strong></span> <span class='ocrx_word' id='word_1_55' title='bbox 1305 1098 1526 1153; x_wconf 90' lang='lat' dir='ltr'><strong>domum</strong></span> <span class='ocrx_word' id='word_1_56' title='bbox 1543 1095 1839 1152; x_wconf 86' lang='lat' dir='ltr'><strong>Palmatam</strong></span> 
     </span>
    </p>
   </div>
   <div class='ocr_carea' id='block_1_9' title="bbox 233 1189 1842 1270">
    <p class='ocr_par' dir='ltr' id='par_1_9' title="bbox 233 1189 1842 1270">
     <span class='ocr_line' id='line_1_9' title="bbox 233 1189 1842 1270; baseline -0.007 -16"><span class='ocrx_word' id='word_1_57' title='bbox 233 1199 437 1270; x_wconf 88' lang='lat' dir='ltr'><strong>posita,</strong></span> <span class='ocrx_word' id='word_1_58' title='bbox 468 1195 645 1252; x_wconf 87' lang='lat' dir='ltr'><strong>forum</strong></span> <span class='ocrx_word' id='word_1_59' title='bbox 671 1194 730 1248; x_wconf 87' lang='lat' dir='ltr'><strong>in</strong></span> <span class='ocrx_word' id='word_1_60' title='bbox 761 1193 982 1249; x_wconf 83' lang='lat' dir='ltr'><strong>modum</strong></span> <span class='ocrx_word' id='word_1_61' title='bbox 1009 1208 1152 1247; x_wconf 71' lang='lat' dir='ltr'><strong>arcte</strong></span> <span class='ocrx_word' id='word_1_62' title='bbox 1177 1191 1437 1247; x_wconf 89' lang='lat' dir='ltr'><strong>decenter</strong></span> <span class='ocrx_word' id='word_1_63' title='bbox 1458 1189 1706 1253; x_wconf 82' lang='lat' dir='ltr'><strong>includit,</strong></span> <span class='ocrx_word' id='word_1_64' title='bbox 1751 1203 1842 1243; x_wconf 83' lang='lat' dir='ltr'><strong>su-</strong></span> 
     </span>
    </p>
   </div>
   <div class='ocr_carea' id='block_1_10' title="bbox 233 1282 1844 1362">
    <p class='ocr_par' dir='ltr' id='par_1_10' title="bbox 233 1282 1844 1362">
     <span class='ocr_line' id='line_1_10' title="bbox 233 1282 1844 1362; baseline -0.005 -18"><span class='ocrx_word' id='word_1_65' title='bbox 233 1286 682 1362; x_wconf 88' lang='lat' dir='ltr'><strong>perimponeudis</strong></span> <span class='ocrx_word' id='word_1_66' title='bbox 727 1283 946 1340; x_wconf 75' lang='lat' dir='ltr'><strong>fabricis</strong></span> <span class='ocrx_word' id='word_1_67' title='bbox 998 1284 1273 1340; x_wconf 77' lang='lat' dir='ltr'><strong>licentiam</strong></span> <span class='ocrx_word' id='word_1_68' title='bbox 1309 1282 1638 1347; x_wconf 84' lang='lat' dir='ltr'><strong>condonari;</strong></span> <span class='ocrx_word' id='word_1_69' title='bbox 1684 1290 1746 1337; x_wconf 92' lang='lat' dir='ltr'><strong>ut</strong></span> <span class='ocrx_word' id='word_1_70' title='bbox 1787 1290 1844 1336; x_wconf 83' lang='lat' dir='ltr'><strong>et</strong></span> 
     </span>
    </p>
   </div>
   <div class='ocr_carea' id='block_1_11' title="bbox 233 1375 1842 1452">
    <p class='ocr_par' dir='ltr' id='par_1_11' title="bbox 233 1375 1842 1452">
     <span class='ocr_line' id='line_1_11' title="bbox 233 1375 1842 1452; baseline -0.002 -18"><span class='ocrx_word' id='word_1_71' title='bbox 233 1381 569 1452; x_wconf 88' lang='lat' dir='ltr'><strong>privatarum</strong></span> <span class='ocrx_word' id='word_1_72' title='bbox 599 1377 796 1432; x_wconf 68' lang='lat' dir='ltr'><strong>aedium</strong></span> <span class='ocrx_word' id='word_1_73' title='bbox 825 1377 1090 1432; x_wconf 81' lang='lat' dir='ltr'><strong>habitatio</strong></span> <span class='ocrx_word' id='word_1_74' title='bbox 1117 1377 1492 1448; x_wconf 83' lang='lat' dir='ltr'><strong>protendatur,</strong></span> <span class='ocrx_word' id='word_1_75' title='bbox 1521 1383 1575 1431; x_wconf 88' lang='lat' dir='ltr'><strong>et</strong></span> <span class='ocrx_word' id='word_1_76' title='bbox 1605 1375 1842 1444; x_wconf 79' lang='lat' dir='ltr'><strong>antiquis</strong></span> 
     </span>
    </p>
   </div>
   <div class='ocr_carea' id='block_1_12' title="bbox 234 1464 1842 1538">
    <p class='ocr_par' dir='ltr' id='par_1_12' title="bbox 234 1464 1842 1538">
     <span class='ocr_line' id='line_1_12' title="bbox 234 1464 1842 1538; baseline -0.004 -12"><span class='ocrx_word' id='word_1_77' title='bbox 234 1470 506 1528; x_wconf 65' lang='lat' dir='ltr'><strong>mamilius</strong></span> <span class='ocrx_word' id='word_1_78' title='bbox 535 1467 790 1524; x_wconf 84' lang='lat' dir='ltr'><strong>novitatis</strong></span> <span class='ocrx_word' id='word_1_79' title='bbox 830 1476 1043 1523; x_wconf 87' lang='lat' dir='ltr'><strong>crescat</strong></span> <span class='ocrx_word' id='word_1_80' title='bbox 1085 1476 1359 1538; x_wconf 84' lang='lat' dir='ltr'><strong>aspectus.</strong></span> <span class='ocrx_word' id='word_1_81' title='bbox 1413 1465 1494 1522; x_wconf 90' lang='lat' dir='ltr'><strong>Ita</strong></span> <span class='ocrx_word' id='word_1_82' title='bbox 1523 1466 1580 1520; x_wconf 89' lang='lat' dir='ltr'><strong>Iit</strong></span> <span class='ocrx_word' id='word_1_83' title='bbox 1610 1475 1668 1521; x_wconf 92' lang='lat' dir='ltr'><strong>ut</strong></span> <span class='ocrx_word' id='word_1_84' title='bbox 1696 1464 1842 1536; x_wconf 91' lang='lat' dir='ltr'><strong>quod</strong></span> 
     </span>
    </p>
   </div>
   <div class='ocr_carea' id='block_1_13' title="bbox 235 1557 1844 1635">
    <p class='ocr_par' dir='ltr' id='par_1_13' title="bbox 235 1557 1844 1635">
     <span class='ocr_line' id='line_1_13' title="bbox 235 1557 1844 1635; baseline -0.004 -17"><span class='ocrx_word' id='word_1_85' title='bbox 235 1579 334 1635; x_wconf 90' lang='lat' dir='ltr'><strong>per</strong></span> <span class='ocrx_word' id='word_1_86' title='bbox 358 1561 624 1618; x_wconf 88' lang='lat' dir='ltr'><strong>incuriam</strong></span> <span class='ocrx_word' id='word_1_87' title='bbox 653 1568 870 1630; x_wconf 86' lang='lat' dir='ltr'><strong>poterat</strong></span> <span class='ocrx_word' id='word_1_88' title='bbox 912 1560 1040 1628; x_wconf 88' lang='lat' dir='ltr'><strong>labi,</strong></span> <span class='ocrx_word' id='word_1_89' title='bbox 1073 1561 1408 1615; x_wconf 87' lang='lat' dir='ltr'><strong>manentium</strong></span> <span class='ocrx_word' id='word_1_90' title='bbox 1437 1559 1688 1614; x_wconf 88' lang='lat' dir='ltr'><strong>videatur</strong></span> <span class='ocrx_word' id='word_1_91' title='bbox 1724 1557 1844 1612; x_wconf 88' lang='lat' dir='ltr'><strong>dili-</strong></span> 
     </span>
    </p>
   </div>
   <div class='ocr_carea' id='block_1_14' title="bbox 235 1649 1840 1725">
    <p class='ocr_par' dir='ltr' id='par_1_14' title="bbox 235 1649 1840 1725">
     <span class='ocr_line' id='line_1_14' title="bbox 235 1649 1840 1725; baseline -0.006 -14"><span class='ocrx_word' id='word_1_92' title='bbox 235 1655 419 1725; x_wconf 90' lang='lat' dir='ltr'><strong>gentia</strong></span> <span class='ocrx_word' id='word_1_93' title='bbox 448 1653 702 1710; x_wconf 88' lang='lat' dir='ltr'><strong>sustineri</strong></span> <span class='ocrx_word' id='word_1_94' title='bbox 736 1652 904 1723; x_wconf 88' lang='lat' dir='ltr'><strong>:quia</strong></span> <span class='ocrx_word' id='word_1_95' title='bbox 946 1651 1119 1708; x_wconf 80' lang='lat' dir='ltr'><strong>facilis</strong></span> <span class='ocrx_word' id='word_1_96' title='bbox 1161 1662 1245 1708; x_wconf 75' lang='lat' dir='ltr'><strong>est</strong></span> <span class='ocrx_word' id='word_1_97' title='bbox 1284 1651 1634 1707; x_wconf 73' lang='lat' dir='ltr'><strong>zediliciorum</strong></span> <span class='ocrx_word' id='word_1_98' title='bbox 1663 1649 1840 1716; x_wconf 89' lang='lat' dir='ltr'><strong>ruina,</strong></span> 
     </span>
    </p>
   </div>
   <div class='ocr_carea' id='block_1_15' title="bbox 237 1741 1844 1808">
    <p class='ocr_par' dir='ltr' id='par_1_15' title="bbox 237 1741 1844 1808">
     <span class='ocr_line' id='line_1_15' title="bbox 237 1741 1844 1808; baseline -0.004 -6"><span class='ocrx_word' id='word_1_99' title='bbox 237 1746 538 1802; x_wconf 88' lang='lat' dir='ltr'><strong>incolarum</strong></span> <span class='ocrx_word' id='word_1_100' title='bbox 569 1745 847 1800; x_wconf 87' lang='lat' dir='ltr'><strong>subtracta</strong></span> <span class='ocrx_word' id='word_1_101' title='bbox 884 1741 1162 1808; x_wconf 85' lang='lat' dir='ltr'><strong>custodia;</strong></span> <span class='ocrx_word' id='word_1_102' title='bbox 1191 1753 1247 1799; x_wconf 91' lang='lat' dir='ltr'><strong>et</strong></span> <span class='ocrx_word' id='word_1_103' title='bbox 1285 1747 1396 1798; x_wconf 89' lang='lat' dir='ltr'><strong>cito</strong></span> <span class='ocrx_word' id='word_1_104' title='bbox 1425 1741 1712 1798; x_wconf 81' lang='lat' dir='ltr'><strong>vetustatis</strong></span> <span class='ocrx_word' id='word_1_105' title='bbox 1748 1741 1844 1796; x_wconf 85' lang='lat' dir='ltr'><strong>de-</strong></span> 
     </span>
    </p>
   </div>
   <div class='ocr_carea' id='block_1_16' title="bbox 1533 335 2258 394">
    <p class='ocr_par' dir='ltr' id='par_1_16' title="bbox 1533 335 2258 394">
     <span class='ocr_line' id='line_1_16' title="bbox 1533 335 2258 394; baseline -0.003 0"><span class='ocrx_word' id='word_1_106' title='bbox 1533 337 1895 394; x_wconf 75' lang='lat' dir='ltr'><strong>VABIARUM</strong></span> <span class='ocrx_word' id='word_1_107' title='bbox 1931 335 2129 394; x_wconf 75' lang='lat' dir='ltr'><strong>LIBER</strong></span> <span class='ocrx_word' id='word_1_108' title='bbox 2169 338 2258 392; x_wconf 76' lang='lat' dir='ltr'><strong>IV.</strong></span> 
     </span>
    </p>
   </div>
   <div class='ocr_carea' id='block_1_17' title="bbox 301 451 1916 531">
    <p class='ocr_par' dir='ltr' id='par_1_17' title="bbox 301 451 1916 531">
     <span class='ocr_line' id='line_1_17' title="bbox 301 451 1916 531; baseline -0.006 -15"><span class='ocrx_word' id='word_1_109' title='bbox 301 462 468 531; x_wconf 69' lang='lat' dir='ltr'><strong>possit</strong></span> <span class='ocrx_word' id='word_1_110' title='bbox 497 475 656 513; x_wconf 82' lang='lat' dir='ltr'><strong>novas</strong></span> <span class='ocrx_word' id='word_1_111' title='bbox 688 456 915 531; x_wconf 52' lang='lat' dir='ltr'><strong>fabricas</strong></span> <span class='ocrx_word' id='word_1_112' title='bbox 951 465 1272 531; x_wconf 80' lang='lat' dir='ltr'><strong>construere,</strong></span> <span class='ocrx_word' id='word_1_113' title='bbox 1305 453 1584 512; x_wconf 76' lang='lat' dir='ltr'><strong>dummodo</strong></span> <span class='ocrx_word' id='word_1_114' title='bbox 1616 451 1834 506; x_wconf 74' lang='lat' dir='ltr'><strong>utilitati</strong></span> <span class='ocrx_word' id='word_1_115' title='bbox 1867 453 1916 511; x_wconf 79' lang='grc' dir='ltr'><strong>Δ</strong></span> 
     </span>
    </p>
   </div>
   <div class='ocr_carea' id='block_1_18' title="bbox 3435 337 3541 392">
    <p class='ocr_par' dir='ltr' id='par_1_18' title="bbox 3435 337 3541 392">
     <span class='ocr_line' id='line_1_18' title="bbox 3435 337 3541 392; baseline 0 -2"><span class='ocrx_word' id='word_1_116' title='bbox 3435 337 3541 392; x_wconf 75' lang='lat'><strong>0&#39;50</strong></span> 
     </span>
    </p>
   </div>
   <div class='ocr_carea' id='block_1_19' title="bbox 3410 412 3438 436">
    <p class='ocr_par' dir='ltr' id='par_1_19' title="bbox 3410 412 3438 436">
     <span class='ocr_line' id='line_1_19' title="bbox 3410 412 3438 436; baseline 0 -3"><span class='ocrx_word' id='word_1_117' title='bbox 3410 412 3438 436; x_wconf 54' lang='lat' dir='ltr'><strong>ﬁ</strong></span> 
     </span>
    </p>
   </div>
   <div class='ocr_carea' id='block_1_20' title="bbox 2015 448 3543 522">
    <p class='ocr_par' dir='ltr' id='par_1_20' title="bbox 2015 448 3543 522">
     <span class='ocr_line' id='line_1_20' title="bbox 2015 448 3543 522; baseline 0.001 -18"><span class='ocrx_word' id='word_1_118' title='bbox 2015 450 2272 505; x_wconf 80' lang='lat' dir='ltr'><strong>Joannem</strong></span> <span class='ocrx_word' id='word_1_119' title='bbox 2300 448 2396 503; x_wconf 86' lang='lat' dir='ltr'><strong>sub</strong></span> <span class='ocrx_word' id='word_1_120' title='bbox 2416 451 2702 522; x_wconf 79' lang='lat' dir='ltr'><strong>emissione</strong></span> <span class='ocrx_word' id='word_1_121' title='bbox 2711 450 3043 522; x_wconf 74' lang='lat' dir='ltr'><strong>chirographi</strong></span> <span class='ocrx_word' id='word_1_122' title='bbox 3071 451 3230 520; x_wconf 79' lang='lat' dir='ltr'><strong>fuisse</strong></span> <span class='ocrx_word' id='word_1_123' title='bbox 3248 448 3543 522; x_wconf 75' lang='lat' dir='ltr'><strong>depositas;</strong></span> 
     </span>
    </p>
   </div>
   <div class='ocr_carea' id='block_1_21' title="bbox 2016 519 3544 593">
    <p class='ocr_par' dir='ltr' id='par_1_21' title="bbox 2016 519 3544 593">
     <span class='ocr_line' id='line_1_21' title="bbox 2016 519 3544 593; baseline -0.001 -19"><span class='ocrx_word' id='word_1_124' title='bbox 2016 531 2066 574; x_wconf 90' lang='lat' dir='ltr'><strong>et</strong></span> <span class='ocrx_word' id='word_1_125' title='bbox 2090 523 2324 591; x_wconf 75' lang='grc' dir='ltr'><strong><em>ρτωείρίι</em></strong></span> <span class='ocrx_word' id='word_1_126' title='bbox 2353 529 2408 593; x_wconf 77' lang='lat' dir='ltr'><strong>ut</strong></span> <span class='ocrx_word' id='word_1_127' title='bbox 2432 537 2645 574; x_wconf 71' lang='lat' dir='ltr'><strong>uxorem</strong></span> <span class='ocrx_word' id='word_1_128' title='bbox 2670 519 2890 593; x_wconf 72' lang='lat' dir='ltr'><strong>Joannis</strong></span> <span class='ocrx_word' id='word_1_129' title='bbox 2917 519 3182 592; x_wconf 73' lang='lat' dir='ltr'><strong>ﬁliumque</strong></span> <span class='ocrx_word' id='word_1_130' title='bbox 3207 519 3320 593; x_wconf 82' lang='lat' dir='ltr'><strong>ejus</strong></span> <span class='ocrx_word' id='word_1_131' title='bbox 3348 519 3544 593; x_wconf 52' lang='lat' dir='ltr'><strong>lanula</strong></span> 
     </span>
    </p>
   </div>
   <div class='ocr_carea' id='block_1_22' title="bbox 2017 591 3545 660">
    <p class='ocr_par' dir='ltr' id='par_1_22' title="bbox 2017 591 3545 660">
     <span class='ocr_line' id='line_1_22' title="bbox 2017 591 3545 660; baseline 0.001 -16"><span class='ocrx_word' id='word_1_132' title='bbox 2017 593 2151 645; x_wconf 77' lang='lat' dir='ltr'><strong>rium</strong></span> <span class='ocrx_word' id='word_1_133' title='bbox 2181 591 2475 658; x_wconf 79' lang='lat' dir='ltr'><strong>conveniat,</strong></span> <span class='ocrx_word' id='word_1_134' title='bbox 2501 602 2551 644; x_wconf 90' lang='lat' dir='ltr'><strong>et</strong></span> <span class='ocrx_word' id='word_1_135' title='bbox 2581 593 2681 646; x_wconf 87' lang='lat' dir='ltr'><strong>nisi</strong></span> <span class='ocrx_word' id='word_1_136' title='bbox 2726 592 2884 645; x_wconf 82' lang='lat' dir='ltr'><strong>libere</strong></span> <span class='ocrx_word' id='word_1_137' title='bbox 2925 607 3018 645; x_wconf 84' lang='lat' dir='ltr'><strong>eas</strong></span> <span class='ocrx_word' id='word_1_138' title='bbox 3063 591 3406 655; x_wconf 67' lang='lat' dir='ltr'><strong>restituerint,</strong></span> <span class='ocrx_word' id='word_1_139' title='bbox 3443 592 3545 660; x_wconf 80' lang='lat' dir='ltr'><strong>ipsi</strong></span> 
     </span>
    </p>
   </div>
   <div class='ocr_carea' id='block_1_23' title="bbox 2015 660 3545 786">
    <p class='ocr_par' dir='ltr' id='par_1_23' title="bbox 2015 660 3545 786">
     <span class='ocr_line' id='line_1_23' title="bbox 2015 660 3545 786; baseline -0.001 -70"><span class='ocrx_word' id='word_1_140' title='bbox 2015 663 2226 786; x_wconf 44' lang='lat' dir='ltr'><strong>garriant</strong></span> <span class='ocrx_word' id='word_1_141' title='bbox 2273 660 2344 715; x_wconf 78' lang='lat' dir='ltr'><strong>ad</strong></span> <span class='ocrx_word' id='word_1_142' title='bbox 2387 662 2714 717; x_wconf 72' lang='lat' dir='ltr'><strong>consularem</strong></span> <span class='ocrx_word' id='word_1_143' title='bbox 2753 660 3058 732; x_wconf 66' lang='lat' dir='ltr'><strong>Campania</strong></span> <span class='ocrx_word' id='word_1_144' title='bbox 3093 663 3252 734; x_wconf 72' lang='lat' dir='ltr'><strong>juxta</strong></span> <span class='ocrx_word' id='word_1_145' title='bbox 3275 661 3416 733; x_wconf 73' lang='lat' dir='ltr'><strong>leges</strong></span> <span class='ocrx_word' id='word_1_146' title='bbox 3446 679 3545 715; x_wconf 86' lang='lat' dir='ltr'><strong>uu-</strong></span> 
     </span>
     <span class='ocr_line' id='line_1_24' title="bbox 2055 749 2218 786; baseline 0 0"><span class='ocrx_word' id='word_1_147' title='bbox 2055 749 2139 786; x_wconf 77' lang='lat' dir='ltr'><strong>ten</strong></span> <span class='ocrx_word' id='word_1_148' title='bbox 2181 749 2218 786; x_wconf 85' lang='grc' dir='ltr'>ι.</span> 
     </span>
    </p>
   </div>
   <div class='ocr_carea' id='block_1_24' title="bbox 2055 749 2218 787">
    <p class='ocr_par' dir='ltr' id='par_1_24' title="bbox 2055 749 2218 787">
     <span class='ocr_line' id='line_1_25' title="bbox 2055 749 2218 787; baseline -0.006 0"><span class='ocrx_word' id='word_1_149' title='bbox 2055 749 2218 787; x_wconf 71' lang='grc' dir='ltr'>ιειιαι.</span> 
     </span>
    </p>
   </div>
   <div class='ocr_carea' id='block_1_25' title="bbox 2017 822 3548 893">
    <p class='ocr_par' dir='ltr' id='par_1_25' title="bbox 2017 822 3548 893">
     <span class='ocr_line' id='line_1_26' title="bbox 2017 822 3548 893; baseline -0.001 -13"><span class='ocrx_word' id='word_1_150' title='bbox 2017 823 2152 880; x_wconf 88' lang='lat' dir='ltr'><strong>Cum</strong></span> <span class='ocrx_word' id='word_1_151' title='bbox 2183 824 2238 879; x_wconf 89' lang='lat' dir='ltr'><strong>in</strong></span> <span class='ocrx_word' id='word_1_152' title='bbox 2262 823 2517 880; x_wconf 86' lang='lat' dir='ltr'><strong>omnibus</strong></span> <span class='ocrx_word' id='word_1_153' title='bbox 2543 825 2724 880; x_wconf 85' lang='lat' dir='ltr'><strong>causis</strong></span> <span class='ocrx_word' id='word_1_154' title='bbox 2751 823 2978 880; x_wconf 85' lang='lat' dir='ltr'><strong>velimus</strong></span> <span class='ocrx_word' id='word_1_155' title='bbox 3001 822 3263 893; x_wconf 86' lang='lat' dir='ltr'><strong>justitiam</strong></span> <span class='ocrx_word' id='word_1_156' title='bbox 3285 822 3548 878; x_wconf 74' lang='lat' dir='ltr'><strong>custodiri</strong></span> 
     </span>
    </p>
   </div>
   <div class='ocr_carea' id='block_1_26' title="bbox 1948 914 3550 988">
    <p class='ocr_par' dir='ltr' id='par_1_26' title="bbox 1948 914 3550 988">
     <span class='ocr_line' id='line_1_27' title="bbox 1948 914 3550 988; baseline -0.001 -17"><span class='ocrx_word' id='word_1_157' title='bbox 1948 915 2095 987; x_wconf 87' lang='lat' dir='ltr'><strong>(quia</strong></span> <span class='ocrx_word' id='word_1_158' title='bbox 2124 915 2276 986; x_wconf 89' lang='lat' dir='ltr'><strong>regni</strong></span> <span class='ocrx_word' id='word_1_159' title='bbox 2303 915 2469 972; x_wconf 88' lang='lat' dir='ltr'><strong>decus</strong></span> <span class='ocrx_word' id='word_1_160' title='bbox 2494 923 2578 972; x_wconf 88' lang='lat' dir='ltr'><strong>est</strong></span> <span class='ocrx_word' id='word_1_161' title='bbox 2603 915 2876 986; x_wconf 71' lang='lat' dir='ltr'><strong>mquilatis</strong></span> <span class='ocrx_word' id='word_1_162' title='bbox 2899 914 3170 988; x_wconf 73' lang='lat' dir='ltr'><strong>allectus),</strong></span> <span class='ocrx_word' id='word_1_163' title='bbox 3199 915 3256 971; x_wconf 92' lang='lat' dir='ltr'><strong>in</strong></span> <span class='ocrx_word' id='word_1_164' title='bbox 3277 916 3357 972; x_wconf 92' lang='lat' dir='ltr'><strong>eis</strong></span> <span class='ocrx_word' id='word_1_165' title='bbox 3377 931 3461 970; x_wconf 89' lang='lat' dir='ltr'><strong>ma</strong></span> <span class='ocrx_word' id='word_1_166' title='bbox 3471 916 3550 970; x_wconf 50' lang='lat' dir='ltr'><strong>xi.-</strong></span> 
     </span>
    </p>
   </div>
   <div class='ocr_carea' id='block_1_27' title="bbox 1945 1001 3547 1081">
    <p class='ocr_par' dir='ltr' id='par_1_27' title="bbox 1945 1001 3547 1081">
     <span class='ocr_line' id='line_1_28' title="bbox 1945 1001 3547 1081; baseline -0.003 -18"><span class='ocrx_word' id='word_1_167' title='bbox 1945 1023 2033 1064; x_wconf 86' lang='lat' dir='ltr'><strong>me</strong></span> <span class='ocrx_word' id='word_1_168' title='bbox 2061 1024 2181 1081; x_wconf 72' lang='lat' dir='ltr'><strong>qua:</strong></span> <span class='ocrx_word' id='word_1_169' title='bbox 2205 1007 2326 1065; x_wconf 72' lang='lat' dir='ltr'><strong>fisci</strong></span> <span class='ocrx_word' id='word_1_170' title='bbox 2355 1007 2526 1064; x_wconf 88' lang='lat' dir='ltr'><strong>nostri</strong></span> <span class='ocrx_word' id='word_1_171' title='bbox 2562 1007 2784 1064; x_wconf 87' lang='lat' dir='ltr'><strong>nomine</strong></span> <span class='ocrx_word' id='word_1_172' title='bbox 2811 1015 3223 1079; x_wconf 88' lang='lat' dir='ltr'><strong>proponuntur:</strong></span> <span class='ocrx_word' id='word_1_173' title='bbox 3253 1021 3328 1063; x_wconf 91' lang='lat' dir='ltr'><strong>ne</strong></span> <span class='ocrx_word' id='word_1_174' title='bbox 3355 1001 3547 1076; x_wconf 80' lang='lat' dir='ltr'><strong>queui-</strong></span> 
     </span>
    </p>
   </div>
   <div class='ocr_carea' id='block_1_28' title="bbox 1945 1096 3547 1171">
    <p class='ocr_par' dir='ltr' id='par_1_28' title="bbox 1945 1096 3547 1171">
     <span class='ocr_line' id='line_1_29' title="bbox 1945 1096 3547 1171; baseline -0.001 -17"><span class='ocrx_word' id='word_1_175' title='bbox 1945 1115 2109 1171; x_wconf 89' lang='lat' dir='ltr'><strong>quam</strong></span> <span class='ocrx_word' id='word_1_176' title='bbox 2135 1100 2469 1156; x_wconf 83' lang='lat' dir='ltr'><strong>detestabilis</strong></span> <span class='ocrx_word' id='word_1_177' title='bbox 2488 1100 2760 1157; x_wconf 83' lang='lat' dir='ltr'><strong>calumnia</strong></span> <span class='ocrx_word' id='word_1_178' title='bbox 2789 1099 2847 1155; x_wconf 86' lang='lat' dir='ltr'><strong>in</strong></span> <span class='ocrx_word' id='word_1_179' title='bbox 2873 1099 3133 1156; x_wconf 89' lang='lat' dir='ltr'><strong>invidiam</strong></span> <span class='ocrx_word' id='word_1_180' title='bbox 3163 1100 3438 1171; x_wconf 88' lang='lat' dir='ltr'><strong>regnantis</strong></span> <span class='ocrx_word' id='word_1_181' title='bbox 3466 1096 3526 1152; x_wconf 88' lang='lat' dir='ltr'><strong>af</strong></span> <span class='ocrx_word' id='word_1_182' title='bbox 3531 1129 3547 1138; x_wconf 88' lang='lat'><em>-</em></span> 
     </span>
    </p>
   </div>
   <div class='ocr_carea' id='block_1_29' title="bbox 1945 1190 3550 1264">
    <p class='ocr_par' dir='ltr' id='par_1_29' title="bbox 1945 1190 3550 1264">
     <span class='ocr_line' id='line_1_30' title="bbox 1945 1190 3550 1264; baseline -0.001 -17"><span class='ocrx_word' id='word_1_183' title='bbox 1945 1190 2112 1262; x_wconf 82' lang='lat' dir='ltr'><strong>ﬂigat.</strong></span> <span class='ocrx_word' id='word_1_184' title='bbox 2147 1192 2391 1248; x_wconf 77' lang='lat' dir='ltr'><strong>Patimur</strong></span> <span class='ocrx_word' id='word_1_185' title='bbox 2421 1193 2569 1249; x_wconf 88' lang='lat' dir='ltr'><strong>enim</strong></span> <span class='ocrx_word' id='word_1_186' title='bbox 2597 1193 2844 1264; x_wconf 82' lang='lat' dir='ltr'><strong>superari</strong></span> <span class='ocrx_word' id='word_1_187' title='bbox 2867 1193 3014 1249; x_wconf 87' lang='lat' dir='ltr'><strong>salva</strong></span> <span class='ocrx_word' id='word_1_188' title='bbox 3043 1192 3300 1264; x_wconf 80' lang='lat' dir='ltr'><strong>:equitate</strong></span> <span class='ocrx_word' id='word_1_189' title='bbox 3333 1207 3432 1262; x_wconf 88' lang='lat' dir='ltr'><strong>per</strong></span> <span class='ocrx_word' id='word_1_190' title='bbox 3471 1193 3550 1245; x_wconf 87' lang='lat' dir='ltr'><strong>le—</strong></span> 
     </span>
    </p>
   </div>
   <div class='ocr_carea' id='block_1_30' title="bbox 1941 1282 3638 1356">
    <p class='ocr_par' dir='ltr' id='par_1_30' title="bbox 1941 1282 3638 1356">
     <span class='ocr_line' id='line_1_31' title="bbox 1941 1282 3638 1356; baseline -0.004 -14"><span class='ocrx_word' id='word_1_191' title='bbox 1941 1301 2064 1356; x_wconf 86' lang='lat' dir='ltr'><strong>ges,</strong></span> <span class='ocrx_word' id='word_1_192' title='bbox 2092 1293 2152 1341; x_wconf 89' lang='lat' dir='ltr'><strong>ut</strong></span> <span class='ocrx_word' id='word_1_193' title='bbox 2196 1285 2340 1342; x_wconf 88' lang='lat' dir='ltr'><strong>inter</strong></span> <span class='ocrx_word' id='word_1_194' title='bbox 2370 1300 2523 1341; x_wconf 89' lang='lat' dir='ltr'><strong>arma</strong></span> <span class='ocrx_word' id='word_1_195' title='bbox 2570 1301 2789 1356; x_wconf 85' lang='lat' dir='ltr'><strong>semper</strong></span> <span class='ocrx_word' id='word_1_196' title='bbox 2827 1285 3096 1356; x_wconf 85' lang='lat' dir='ltr'><strong>possimus</strong></span> <span class='ocrx_word' id='word_1_197' title='bbox 3133 1300 3256 1342; x_wconf 86' lang='lat' dir='ltr'><strong>esse</strong></span> <span class='ocrx_word' id='word_1_198' title='bbox 3292 1285 3546 1340; x_wconf 74' lang='lat' dir='ltr'><strong>victores.</strong></span> <span class='ocrx_word' id='word_1_199' title='bbox 3629 1282 3638 1291; x_wconf 88' lang='lat'><strong>&#39;</strong></span> 
     </span>
    </p>
   </div>
   <div class='ocr_carea' id='block_1_31' title="bbox 1946 1376 3552 1448">
    <p class='ocr_par' dir='ltr' id='par_1_31' title="bbox 1946 1376 3552 1448">
     <span class='ocr_line' id='line_1_32' title="bbox 1946 1376 3552 1448; baseline -0.001 -16"><span class='ocrx_word' id='word_1_200' title='bbox 1946 1377 2080 1432; x_wconf 84' lang='lat' dir='ltr'><strong>Nam</strong></span> <span class='ocrx_word' id='word_1_201' title='bbox 2103 1392 2267 1447; x_wconf 91' lang='lat' dir='ltr'><strong>quem</strong></span> <span class='ocrx_word' id='word_1_202' title='bbox 2305 1376 2535 1434; x_wconf 88' lang='lat' dir='ltr'><strong>licenter</strong></span> <span class='ocrx_word' id='word_1_203' title='bbox 2574 1377 2852 1448; x_wconf 85' lang='lat' dir='ltr'><strong>subjectus</strong></span> <span class='ocrx_word' id='word_1_204' title='bbox 2880 1386 3124 1448; x_wconf 86' lang='lat' dir='ltr'><strong>superat,</strong></span> <span class='ocrx_word' id='word_1_205' title='bbox 3161 1392 3274 1433; x_wconf 78' lang='lat' dir='ltr'><strong>non</strong></span> <span class='ocrx_word' id='word_1_206' title='bbox 3315 1376 3552 1432; x_wconf 82' lang='lat' dir='ltr'><strong>debellat</strong></span> 
     </span>
    </p>
   </div>
   <div class='ocr_carea' id='block_1_32' title="bbox 1947 1469 3548 1542">
    <p class='ocr_par' dir='ltr' id='par_1_32' title="bbox 1947 1469 3548 1542">
     <span class='ocr_line' id='line_1_33' title="bbox 1947 1469 3548 1542; baseline 0.001 -18"><span class='ocrx_word' id='word_1_207' title='bbox 1947 1470 2224 1526; x_wconf 86' lang='lat' dir='ltr'><strong>adversus.</strong></span> <span class='ocrx_word' id='word_1_208' title='bbox 2271 1469 2464 1526; x_wconf 76' lang='lat' dir='ltr'><strong>Marini</strong></span> <span class='ocrx_word' id='word_1_209' title='bbox 2512 1472 2695 1541; x_wconf 91' lang='lat' dir='ltr'><strong>itaque</strong></span> <span class='ocrx_word' id='word_1_210' title='bbox 2741 1471 3008 1527; x_wconf 83' lang='lat' dir='ltr'><strong>relatione</strong></span> <span class='ocrx_word' id='word_1_211' title='bbox 3051 1471 3420 1542; x_wconf 77' lang='lat' dir='ltr'><strong>comperimus</strong></span> <span class='ocrx_word' id='word_1_212' title='bbox 3459 1486 3548 1526; x_wconf 77' lang='lat' dir='ltr'><strong>res</strong></span> 
     </span>
    </p>
   </div>
   <div class='ocr_carea' id='block_1_33' title="bbox 1947 1559 3549 1633">
    <p class='ocr_par' dir='ltr' id='par_1_33' title="bbox 1947 1559 3549 1633">
     <span class='ocr_line' id='line_1_34' title="bbox 1947 1559 3549 1633; baseline -0.001 -17"><span class='ocrx_word' id='word_1_213' title='bbox 1947 1559 2149 1633; x_wconf 77' lang='lat' dir='ltr'><strong>Tupbte</strong></span> <span class='ocrx_word' id='word_1_214' title='bbox 2178 1561 2322 1633; x_wconf 82' lang='lat' dir='ltr'><strong>apud</strong></span> <span class='ocrx_word' id='word_1_215' title='bbox 2351 1561 2615 1618; x_wconf 74' lang='lat' dir='ltr'><strong>Joannem</strong></span> <span class='ocrx_word' id='word_1_216' title='bbox 2641 1561 2917 1632; x_wconf 81' lang='lat' dir='ltr'><strong>quondam</strong></span> <span class='ocrx_word' id='word_1_217' title='bbox 2967 1563 3070 1618; x_wconf 78' lang='lat' dir='ltr'><strong>sub</strong></span> <span class='ocrx_word' id='word_1_218' title='bbox 3109 1561 3404 1619; x_wconf 79' lang='lat' dir='ltr'><strong>emissione</strong></span> <span class='ocrx_word' id='word_1_219' title='bbox 3432 1561 3549 1616; x_wconf 86' lang='lat' dir='ltr'><strong>cbi-</strong></span> 
     </span>
    </p>
   </div>
   <div class='ocr_carea' id='block_1_34' title="bbox 1950 1650 3550 1724">
    <p class='ocr_par' dir='ltr' id='par_1_34' title="bbox 1950 1650 3550 1724">
     <span class='ocr_line' id='line_1_35' title="bbox 1950 1650 3550 1724; baseline 0.003 -20"><span class='ocrx_word' id='word_1_220' title='bbox 1950 1650 2205 1721; x_wconf 83' lang='lat' dir='ltr'><strong>rograplu&#39;</strong></span> <span class='ocrx_word' id='word_1_221' title='bbox 2249 1650 2418 1707; x_wconf 90' lang='lat' dir='ltr'><strong>fuisse</strong></span> <span class='ocrx_word' id='word_1_222' title='bbox 2454 1651 2755 1724; x_wconf 82' lang='lat' dir='ltr'><strong>depositas.</strong></span> <span class='ocrx_word' id='word_1_223' title='bbox 2806 1651 2874 1707; x_wconf 83' lang='lat' dir='ltr'><strong>Et</strong></span> <span class='ocrx_word' id='word_1_224' title='bbox 2900 1652 3027 1722; x_wconf 87' lang='lat' dir='ltr'><strong>quia</strong></span> <span class='ocrx_word' id='word_1_225' title='bbox 3060 1652 3218 1707; x_wconf 89' lang='lat' dir='ltr'><strong>nobis</strong></span> <span class='ocrx_word' id='word_1_226' title='bbox 3237 1660 3550 1723; x_wconf 88' lang='lat' dir='ltr'><strong>competere</strong></span> 
     </span>
    </p>
   </div>
   <div class='ocr_carea' id='block_1_35' title="bbox 1949 1741 3552 1824">
    <p class='ocr_par' dir='ltr' id='par_1_35' title="bbox 1949 1741 3552 1824">
     <span class='ocr_line' id='line_1_36' title="bbox 1949 1741 3552 1824; baseline 0.004 -29"><span class='ocrx_word' id='word_1_227' title='bbox 1949 1741 2294 1799; x_wconf 85' lang='lat' dir='ltr'><strong>manifestum</strong></span> <span class='ocrx_word' id='word_1_228' title='bbox 2321 1750 2406 1799; x_wconf 83' lang='lat' dir='ltr'><strong>est</strong></span> <span class='ocrx_word' id='word_1_229' title='bbox 2445 1743 2593 1813; x_wconf 90' lang='lat' dir='ltr'><strong>quod</strong></span> <span class='ocrx_word' id='word_1_230' title='bbox 2621 1743 2689 1800; x_wconf 89' lang='lat' dir='ltr'><strong>ad</strong></span> <span class='ocrx_word' id='word_1_231' title='bbox 2732 1744 3092 1815; x_wconf 84' lang='lat' dir='ltr'><strong>proscriptum</strong></span> <span class='ocrx_word' id='word_1_232' title='bbox 3137 1753 3355 1816; x_wconf 86' lang='lat' dir='ltr'><strong>poterat</strong></span> <span class='ocrx_word' id='word_1_233' title='bbox 3381 1746 3552 1824; x_wconf 61' lang='lat' dir='ltr'><strong>perti;</strong></span> 
     </span>
    </p>
   </div>
   <div class='ocr_carea' id='block_1_36' title="bbox 199 1830 3555 1907">
    <p class='ocr_par' dir='ltr' id='par_1_36' title="bbox 199 1830 3555 1907">
     <span class='ocr_line' id='line_1_37' title="bbox 199 1830 3555 1907; baseline -0.001 -12"><span class='ocrx_word' id='word_1_234' title='bbox 199 1840 492 1895; x_wconf 75' lang='lat' dir='ltr'><strong>‘coctione</strong></span> <span class='ocrx_word' id='word_1_235' title='bbox 523 1845 550 1875; x_wconf 82' lang='grc' dir='ltr'><strong>ι</strong></span> <span class='ocrx_word' id='word_1_236' title='bbox 582 1835 900 1904; x_wconf 88' lang='lat' dir='ltr'><strong>resolvitur,</strong></span> <span class='ocrx_word' id='word_1_237' title='bbox 933 1835 1078 1907; x_wconf 91' lang='lat' dir='ltr'><strong>quod</strong></span> <span class='ocrx_word' id='word_1_238' title='bbox 1110 1834 1390 1890; x_wconf 83' lang='lat' dir='ltr'><strong>hominum</strong></span> <span class='ocrx_word' id='word_1_239' title='bbox 1422 1833 1708 1906; x_wconf 72' lang='lat' dir='ltr'><strong>praesentia</strong></span> <span class='ocrx_word' id='word_1_240' title='bbox 1735 1848 1843 1888; x_wconf 92' lang='lat' dir='ltr'><strong>non</strong></span> <span class='ocrx_word' id='word_1_241' title='bbox 1883 1841 1928 1901; x_wconf 78' lang='grc' dir='ltr'><strong>Β</strong></span> <span class='ocrx_word' id='word_1_242' title='bbox 1955 1846 2089 1887; x_wconf 88' lang='lat' dir='ltr'><strong>nere</strong></span> <span class='ocrx_word' id='word_1_243' title='bbox 2109 1842 2154 1898; x_wconf 74' lang='grc' dir='ltr'>ε,</span> <span class='ocrx_word' id='word_1_244' title='bbox 2186 1830 2309 1889; x_wconf 91' lang='lat' dir='ltr'><strong>ideo</strong></span> <span class='ocrx_word' id='word_1_245' title='bbox 2322 1833 2575 1904; x_wconf 60' lang='lat' dir='ltr'><strong>praesenti</strong></span> <span class='ocrx_word' id='word_1_246' title='bbox 2600 1833 2929 1890; x_wconf 83' lang='lat' dir='ltr'><strong>auctoritate</strong></span> <span class='ocrx_word' id='word_1_247' title='bbox 2955 1833 3316 1904; x_wconf 59' lang='lat' dir='ltr'><strong>praecipimus.</strong></span> <span class='ocrx_word' id='word_1_248' title='bbox 3341 1843 3555 1890; x_wconf 80' lang='lat' dir='ltr'><strong>utuxo-</strong></span> 
     </span>
    </p>
   </div>
   <div class='ocr_carea' id='block_1_37' title="bbox 240 1924 1845 1999">
    <p class='ocr_par' dir='ltr' id='par_1_37' title="bbox 240 1924 1845 1999">
     <span class='ocr_line' id='line_1_38' title="bbox 240 1924 1845 1999; baseline -0.004 -13"><span class='ocrx_word' id='word_1_249' title='bbox 240 1939 446 1986; x_wconf 84' lang='lat' dir='ltr'><strong>tuetur.</strong></span> <span class='ocrx_word' id='word_1_250' title='bbox 489 1927 648 1985; x_wconf 88' lang='lat' dir='ltr'><strong>Unde</strong></span> <span class='ocrx_word' id='word_1_251' title='bbox 686 1944 806 1991; x_wconf 89' lang='lat' dir='ltr'><strong>nos,</strong></span> <span class='ocrx_word' id='word_1_252' title='bbox 842 1928 936 1998; x_wconf 90' lang='lat' dir='ltr'><strong>qui</strong></span> <span class='ocrx_word' id='word_1_253' title='bbox 967 1925 1167 1984; x_wconf 89' lang='lat' dir='ltr'><strong>Urbem</strong></span> <span class='ocrx_word' id='word_1_254' title='bbox 1199 1927 1374 1983; x_wconf 87' lang='lat' dir='ltr'><strong>nitore</strong></span> <span class='ocrx_word' id='word_1_255' title='bbox 1403 1927 1652 1999; x_wconf 90' lang='lat' dir='ltr'><strong>cupimus</strong></span> <span class='ocrx_word' id='word_1_256' title='bbox 1681 1924 1845 1981; x_wconf 89' lang='lat' dir='ltr'><strong>fabri-</strong></span> 
     </span>
    </p>
   </div>
   <div class='ocr_carea' id='block_1_38' title="bbox 243 2013 1846 2089">
    <p class='ocr_par' dir='ltr' id='par_1_38' title="bbox 243 2013 1846 2089">
     <span class='ocr_line' id='line_1_39' title="bbox 243 2013 1846 2089; baseline -0.003 -13"><span class='ocrx_word' id='word_1_257' title='bbox 243 2034 432 2076; x_wconf 87' lang='lat' dir='ltr'><strong>carum</strong></span> <span class='ocrx_word' id='word_1_258' title='bbox 461 2016 795 2088; x_wconf 80' lang='lat' dir='ltr'><strong>surgentium</strong></span> <span class='ocrx_word' id='word_1_259' title='bbox 825 2017 1100 2089; x_wconf 86' lang='lat' dir='ltr'><strong>componi,</strong></span> <span class='ocrx_word' id='word_1_260' title='bbox 1144 2013 1450 2072; x_wconf 80' lang='lat' dir='ltr'><strong>facultatem</strong></span> <span class='ocrx_word' id='word_1_261' title='bbox 1499 2013 1846 2072; x_wconf 87' lang='lat' dir='ltr'><strong>concedimus</strong></span> 
     </span>
    </p>
   </div>
   <div class='ocr_carea' id='block_1_39' title="bbox 242 2106 1846 2182">
    <p class='ocr_par' dir='ltr' id='par_1_39' title="bbox 242 2106 1846 2182">
     <span class='ocr_line' id='line_1_40' title="bbox 242 2106 1846 2182; baseline -0.001 -18"><span class='ocrx_word' id='word_1_262' title='bbox 242 2109 571 2182; x_wconf 88' lang='lat' dir='ltr'><strong>postulatam</strong></span> <span class='ocrx_word' id='word_1_263' title='bbox 603 2107 724 2162; x_wconf 74' lang='lat' dir='ltr'><strong>:‘ita</strong></span> <span class='ocrx_word' id='word_1_264' title='bbox 753 2113 956 2171; x_wconf 90' lang='lat' dir='ltr'><strong>tamen,</strong></span> <span class='ocrx_word' id='word_1_265' title='bbox 987 2107 1032 2162; x_wconf 90' lang='lat' dir='ltr'><strong>si</strong></span> <span class='ocrx_word' id='word_1_266' title='bbox 1061 2123 1148 2162; x_wconf 89' lang='lat' dir='ltr'><strong>res</strong></span> <span class='ocrx_word' id='word_1_267' title='bbox 1179 2107 1344 2177; x_wconf 91' lang='lat' dir='ltr'><strong>petita</strong></span> <span class='ocrx_word' id='word_1_268' title='bbox 1373 2115 1470 2162; x_wconf 89' lang='lat' dir='ltr'><strong>aut</strong></span> <span class='ocrx_word' id='word_1_269' title='bbox 1498 2106 1714 2163; x_wconf 86' lang='lat' dir='ltr'><strong>utilitati</strong></span> <span class='ocrx_word' id='word_1_270' title='bbox 1742 2123 1846 2178; x_wconf 90' lang='lat' dir='ltr'><strong>pu-</strong></span> 
     </span>
    </p>
   </div>
   <div class='ocr_carea' id='block_1_40' title="bbox 241 2196 1847 2269">
    <p class='ocr_par' dir='ltr' id='par_1_40' title="bbox 241 2196 1847 2269">
     <span class='ocr_line' id='line_1_41' title="bbox 241 2196 1847 2269; baseline -0.002 -14"><span class='ocrx_word' id='word_1_271' title='bbox 241 2199 399 2255; x_wconf 72' lang='lat' dir='ltr'><strong>blica:</strong></span> <span class='ocrx_word' id='word_1_272' title='bbox 427 2213 538 2254; x_wconf 91' lang='lat' dir='ltr'><strong>non</strong></span> <span class='ocrx_word' id='word_1_273' title='bbox 567 2196 738 2254; x_wconf 77' lang='lat' dir='ltr'><strong>ofﬁcit</strong></span> <span class='ocrx_word' id='word_1_274' title='bbox 763 2205 858 2253; x_wconf 90' lang='lat' dir='ltr'><strong>aut</strong></span> <span class='ocrx_word' id='word_1_275' title='bbox 885 2197 1090 2253; x_wconf 91' lang='lat' dir='ltr'><strong>decori.</strong></span> <span class='ocrx_word' id='word_1_276' title='bbox 1123 2197 1468 2269; x_wconf 85' lang='lat' dir='ltr'><strong>QuaprOpter</strong></span> <span class='ocrx_word' id='word_1_277' title='bbox 1514 2197 1676 2254; x_wconf 88' lang='lat' dir='ltr'><strong>rebus</strong></span> <span class='ocrx_word' id='word_1_278' title='bbox 1719 2212 1847 2268; x_wconf 89' lang='lat' dir='ltr'><strong>spe-</strong></span> 
     </span>
    </p>
   </div>
   <div class='ocr_carea' id='block_1_41' title="bbox 245 2289 1852 2363">
    <p class='ocr_par' dir='ltr' id='par_1_41' title="bbox 245 2289 1852 2363">
     <span class='ocr_line' id='line_1_42' title="bbox 245 2289 1852 2363; baseline -0.001 -15"><span class='ocrx_word' id='word_1_279' title='bbox 245 2293 378 2348; x_wconf 87' lang='lat' dir='ltr'><strong>ratis</strong></span> <span class='ocrx_word' id='word_1_280' title='bbox 423 2307 649 2363; x_wconf 75' lang='lat' dir='ltr'><strong>securus</strong></span> <span class='ocrx_word' id='word_1_281' title='bbox 694 2291 954 2358; x_wconf 90' lang='lat' dir='ltr'><strong>iunitere;</strong></span> <span class='ocrx_word' id='word_1_282' title='bbox 989 2297 1047 2346; x_wconf 93' lang='lat' dir='ltr'><strong>ut</strong></span> <span class='ocrx_word' id='word_1_283' title='bbox 1085 2291 1277 2361; x_wconf 88' lang='lat' dir='ltr'><strong>dignus</strong></span> <span class='ocrx_word' id='word_1_284' title='bbox 1321 2289 1580 2348; x_wconf 83' lang='lat' dir='ltr'><strong>Romanis</strong></span> <span class='ocrx_word' id='word_1_285' title='bbox 1633 2290 1852 2347; x_wconf 82' lang='lat' dir='ltr'><strong>fabricis</strong></span> 
     </span>
    </p>
   </div>
   <div class='ocr_carea' id='block_1_42' title="bbox 245 2382 1854 2455">
    <p class='ocr_par' dir='ltr' id='par_1_42' title="bbox 245 2382 1854 2455">
     <span class='ocr_line' id='line_1_43' title="bbox 245 2382 1854 2455; baseline 0 -17"><span class='ocrx_word' id='word_1_286' title='bbox 245 2383 522 2439; x_wconf 81' lang='lat' dir='ltr'><strong>habitatur</strong></span> <span class='ocrx_word' id='word_1_287' title='bbox 550 2398 835 2454; x_wconf 88' lang='lat' dir='ltr'><strong>appareas,</strong></span> <span class='ocrx_word' id='word_1_288' title='bbox 865 2382 1276 2455; x_wconf 84' lang='lat' dir='ltr'><strong>perfectumque</strong></span> <span class='ocrx_word' id='word_1_289' title='bbox 1319 2399 1457 2455; x_wconf 87' lang='lat' dir='ltr'><strong>opus</strong></span> <span class='ocrx_word' id='word_1_290' title='bbox 1484 2400 1637 2439; x_wconf 90' lang='lat' dir='ltr'><strong>suum</strong></span> <span class='ocrx_word' id='word_1_291' title='bbox 1670 2383 1854 2440; x_wconf 86' lang='lat' dir='ltr'><strong>laudet</strong></span> 
     </span>
    </p>
   </div>
   <div class='ocr_carea' id='block_1_43' title="bbox 246 2473 1853 2546">
    <p class='ocr_par' dir='ltr' id='par_1_43' title="bbox 246 2473 1853 2546">
     <span class='ocr_line' id='line_1_44' title="bbox 246 2473 1853 2546; baseline 0.001 -17"><span class='ocrx_word' id='word_1_292' title='bbox 246 2483 546 2530; x_wconf 76' lang='lat' dir='ltr'><strong>amtorem.</strong></span> <span class='ocrx_word' id='word_1_293' title='bbox 573 2473 728 2529; x_wconf 85' lang='lat' dir='ltr'><strong>Nulla</strong></span> <span class='ocrx_word' id='word_1_294' title='bbox 758 2474 901 2530; x_wconf 90' lang='lat' dir='ltr'><strong>enim</strong></span> <span class='ocrx_word' id='word_1_295' title='bbox 924 2490 1011 2530; x_wconf 89' lang='lat' dir='ltr'><strong>res</strong></span> <span class='ocrx_word' id='word_1_296' title='bbox 1041 2483 1142 2540; x_wconf 88' lang='lat' dir='ltr'><strong>est,</strong></span> <span class='ocrx_word' id='word_1_297' title='bbox 1173 2490 1272 2546; x_wconf 88' lang='lat' dir='ltr'><strong>per</strong></span> <span class='ocrx_word' id='word_1_298' title='bbox 1299 2489 1462 2545; x_wconf 86' lang='lat' dir='ltr'><strong>quam</strong></span> <span class='ocrx_word' id='word_1_299' title='bbox 1492 2475 1687 2529; x_wconf 80' lang='lat' dir='ltr'><strong>melius</strong></span> <span class='ocrx_word' id='word_1_300' title='bbox 1726 2489 1853 2546; x_wconf 83' lang='lat' dir='ltr'><strong>pos-</strong></span> 
     </span>
    </p>
   </div>
   <div class='ocr_carea' id='block_1_44' title="bbox 248 2565 1854 2639">
    <p class='ocr_par' dir='ltr' id='par_1_44' title="bbox 248 2565 1854 2639">
     <span class='ocr_line' id='line_1_45' title="bbox 248 2565 1854 2639; baseline 0 -18"><span class='ocrx_word' id='word_1_301' title='bbox 248 2567 317 2621; x_wconf 88' lang='lat' dir='ltr'><strong>sit</strong></span> <span class='ocrx_word' id='word_1_302' title='bbox 355 2567 578 2638; x_wconf 89' lang='lat' dir='ltr'><strong>agnosci</strong></span> <span class='ocrx_word' id='word_1_303' title='bbox 608 2574 666 2622; x_wconf 91' lang='lat' dir='ltr'><strong>et</strong></span> <span class='ocrx_word' id='word_1_304' title='bbox 718 2567 998 2639; x_wconf 86' lang='lat' dir='ltr'><strong>prudentis</strong></span> <span class='ocrx_word' id='word_1_305' title='bbox 1049 2567 1346 2637; x_wconf 85' lang='lat' dir='ltr'><strong>ingenium,</strong></span> <span class='ocrx_word' id='word_1_306' title='bbox 1375 2575 1434 2623; x_wconf 90' lang='lat' dir='ltr'><strong>et</strong></span> <span class='ocrx_word' id='word_1_307' title='bbox 1461 2567 1726 2636; x_wconf 76' lang='lat' dir='ltr'><strong>largitatis</strong></span> <span class='ocrx_word' id='word_1_308' title='bbox 1773 2565 1854 2622; x_wconf 91' lang='lat' dir='ltr'><strong>ef-</strong></span> 
     </span>
    </p>
   </div>
   <div class='ocr_carea' id='block_1_45' title="bbox 251 2657 954 2715">
    <p class='ocr_par' dir='ltr' id='par_1_45' title="bbox 251 2657 954 2715">
     <span class='ocr_line' id='line_1_46' title="bbox 251 2657 954 2715; baseline 0.006 -2"><span class='ocrx_word' id='word_1_309' title='bbox 251 2657 452 2715; x_wconf 78' lang='lat' dir='ltr'><strong>fectus.</strong></span> <span class='ocrx_word' id='word_1_310' title='bbox 948 2663 954 2669; x_wconf 90' lang='grc'><em>’</em></span> 
     </span>
    </p>
   </div>
   <div class='ocr_carea' id='block_1_46' title="bbox 765 2761 1332 2850">
    <p class='ocr_par' dir='ltr' id='par_1_46' title="bbox 765 2761 1332 2850">
     <span class='ocr_line' id='line_1_47' title="bbox 765 2761 1332 2850; baseline 0 -2"><span class='ocrx_word' id='word_1_311' title='bbox 765 2761 1102 2850; x_wconf 67' lang='lat' dir='ltr'><strong>EPISTOLA</strong></span> <span class='ocrx_word' id='word_1_312' title='bbox 1140 2792 1332 2848; x_wconf 82' lang='grc' dir='ltr'>χχχι.</span> 
     </span>
    </p>
   </div>
   <div class='ocr_carea' id='block_1_47' title="bbox 255 2923 1848 2973">
    <p class='ocr_par' dir='ltr' id='par_1_47' title="bbox 255 2923 1848 2973">
     <span class='ocr_line' id='line_1_48' title="bbox 255 2923 1848 2973; baseline 0.001 -9"><span class='ocrx_word' id='word_1_313' title='bbox 255 2923 525 2964; x_wconf 63' lang='grc' dir='ltr'><strong>ΑΕΙΙιΙΑΝΟ</strong></span> <span class='ocrx_word' id='word_1_314' title='bbox 544 2923 668 2964; x_wconf 73' lang='lat' dir='ltr'><strong>VIBO</strong></span> <span class='ocrx_word' id='word_1_315' title='bbox 685 2924 1025 2971; x_wconf 64' lang='lat' dir='ltr'><strong>VENBBABILI,</strong></span> <span class='ocrx_word' id='word_1_316' title='bbox 1052 2923 1319 2973; x_wconf 75' lang='lat' dir='ltr'><strong>EPISCOI‘O,</strong></span> <span class='ocrx_word' id='word_1_317' title='bbox 1337 2923 1703 2964; x_wconf 74' lang='lat' dir='ltr'><strong>TIIEODOBICUS</strong></span> <span class='ocrx_word' id='word_1_318' title='bbox 1725 2925 1848 2965; x_wconf 72' lang='lat' dir='ltr'><strong>IlI-IX.</strong></span> 
     </span>
    </p>
   </div>
   <div class='ocr_carea' id='block_1_48' title="bbox 256 3019 1855 3093">
    <p class='ocr_par' dir='ltr' id='par_1_48' title="bbox 256 3019 1855 3093">
     <span class='ocr_line' id='line_1_49' title="bbox 256 3019 1855 3093; baseline 0.002 -19"><span class='ocrx_word' id='word_1_319' title='bbox 256 3019 420 3074; x_wconf 87' lang='lat' dir='ltr'><strong>Illum</strong></span> <span class='ocrx_word' id='word_1_320' title='bbox 444 3020 684 3076; x_wconf 79' lang='lat' dir='ltr'><strong>hortatur</strong></span> <span class='ocrx_word' id='word_1_321' title='bbox 703 3028 758 3073; x_wconf 86' lang='lat' dir='ltr'><strong>ut</strong></span> <span class='ocrx_word' id='word_1_322' title='bbox 785 3021 1026 3093; x_wconf 79' lang='lat' dir='ltr'><strong>perﬁciat</strong></span> <span class='ocrx_word' id='word_1_323' title='bbox 1051 3019 1412 3093; x_wconf 74' lang='lat' dir='ltr'><strong>aquwductum</strong></span> <span class='ocrx_word' id='word_1_324' title='bbox 1437 3037 1588 3093; x_wconf 81' lang='lat' dir='ltr'><strong>quem</strong></span> <span class='ocrx_word' id='word_1_325' title='bbox 1625 3023 1855 3078; x_wconf 83' lang='lat' dir='ltr'><strong>auctori-</strong></span> 
     </span>
    </p>
   </div>
   <div class='ocr_carea' id='block_1_49' title="bbox 567 3091 1551 3163">
    <p class='ocr_par' dir='ltr' id='par_1_49' title="bbox 567 3091 1551 3163">
     <span class='ocr_line' id='line_1_50' title="bbox 567 3091 1551 3163; baseline 0.002 -18"><span class='ocrx_word' id='word_1_326' title='bbox 567 3099 674 3145; x_wconf 84' lang='lat' dir='ltr'><strong>tate</strong></span> <span class='ocrx_word' id='word_1_327' title='bbox 701 3092 839 3163; x_wconf 83' lang='lat' dir='ltr'><strong>regis</strong></span> <span class='ocrx_word' id='word_1_328' title='bbox 865 3100 1162 3161; x_wconf 62' lang='lat' dir='ltr'><strong>susceperat</strong></span> <span class='ocrx_word' id='word_1_329' title='bbox 1193 3091 1551 3160; x_wconf 76' lang='lat' dir='ltr'><strong>reﬁciendum.</strong></span> 
     </span>
    </p>
   </div>
   <div class='ocr_carea' id='block_1_50' title="bbox 329 3199 1933 3294">
    <p class='ocr_par' dir='ltr' id='par_1_50' title="bbox 329 3199 1933 3294">
     <span class='ocr_line' id='line_1_51' title="bbox 329 3199 1933 3294; baseline 0.002 -40"><span class='ocrx_word' id='word_1_330' title='bbox 329 3199 422 3294; x_wconf 79' lang='lat' dir='ltr'><strong>Ad</strong></span> <span class='ocrx_word' id='word_1_331' title='bbox 443 3199 603 3256; x_wconf 86' lang='lat' dir='ltr'><strong>ﬁnem</strong></span> <span class='ocrx_word' id='word_1_332' title='bbox 629 3199 790 3256; x_wconf 89' lang='lat' dir='ltr'><strong>debet</strong></span> <span class='ocrx_word' id='word_1_333' title='bbox 817 3199 1137 3294; x_wconf 79' lang='lat' dir='ltr'><strong>perducere,</strong></span> <span class='ocrx_word' id='word_1_334' title='bbox 1175 3216 1295 3294; x_wconf 73' lang='lat' dir='ltr'><strong>qua:</strong></span> <span class='ocrx_word' id='word_1_335' title='bbox 1323 3201 1647 3294; x_wconf 75' lang='lat' dir='ltr'><strong>prudentum</strong></span> <span class='ocrx_word' id='word_1_336' title='bbox 1674 3203 1852 3294; x_wconf 85' lang='lat' dir='ltr'><strong>inten-</strong></span> <span class='ocrx_word' id='word_1_337' title='bbox 1879 3226 1933 3294; x_wconf 66' lang='grc' dir='ltr'><strong>ο</strong></span> 
     </span>
    </p>
   </div>
   <div class='ocr_carea' id='block_1_51' title="bbox 257 3290 1856 3362">
    <p class='ocr_par' dir='ltr' id='par_1_51' title="bbox 257 3290 1856 3362">
     <span class='ocr_line' id='line_1_52' title="bbox 257 3290 1856 3362; baseline 0.001 -16"><span class='ocrx_word' id='word_1_338' title='bbox 257 3291 336 3346; x_wconf 91' lang='lat' dir='ltr'><strong>tio</strong></span> <span class='ocrx_word' id='word_1_339' title='bbox 375 3291 489 3346; x_wconf 88' lang='lat' dir='ltr'><strong>visa</strong></span> <span class='ocrx_word' id='word_1_340' title='bbox 537 3298 620 3347; x_wconf 87' lang='lat' dir='ltr'><strong>est</strong></span> <span class='ocrx_word' id='word_1_341' title='bbox 661 3290 1006 3362; x_wconf 89' lang='lat' dir='ltr'><strong>suscepisse:</strong></span> <span class='ocrx_word' id='word_1_342' title='bbox 1037 3291 1164 3360; x_wconf 86' lang='lat' dir='ltr'><strong>quia</strong></span> <span class='ocrx_word' id='word_1_343' title='bbox 1192 3291 1334 3348; x_wconf 90' lang='lat' dir='ltr'><strong>sicut</strong></span> <span class='ocrx_word' id='word_1_344' title='bbox 1361 3291 1600 3362; x_wconf 88' lang='lat' dir='ltr'><strong>perfecta</strong></span> <span class='ocrx_word' id='word_1_345' title='bbox 1643 3293 1856 3349; x_wconf 87' lang='lat' dir='ltr'><strong>laudem</strong></span> 
     </span>
    </p>
   </div>
   <div class='ocr_carea' id='block_1_52' title="bbox 258 3385 1860 3458">
    <p class='ocr_par' dir='ltr' id='par_1_52' title="bbox 258 3385 1860 3458">
     <span class='ocr_line' id='line_1_53' title="bbox 258 3385 1860 3458; baseline 0.001 -18"><span class='ocrx_word' id='word_1_346' title='bbox 258 3387 500 3458; x_wconf 89' lang='lat' dir='ltr'><strong>pariunt,</strong></span> <span class='ocrx_word' id='word_1_347' title='bbox 529 3386 603 3441; x_wconf 91' lang='lat' dir='ltr'><strong>ita</strong></span> <span class='ocrx_word' id='word_1_348' title='bbox 630 3393 687 3442; x_wconf 90' lang='lat' dir='ltr'><strong>et</strong></span> <span class='ocrx_word' id='word_1_349' title='bbox 725 3385 1177 3457; x_wconf 90' lang='lat' dir='ltr'><strong>vituperationem</strong></span> <span class='ocrx_word' id='word_1_350' title='bbox 1206 3394 1486 3455; x_wconf 86' lang='lat' dir='ltr'><strong>generant,</strong></span> <span class='ocrx_word' id='word_1_351' title='bbox 1517 3401 1637 3456; x_wconf 66' lang='lat' dir='ltr'><strong>quae</strong></span> <span class='ocrx_word' id='word_1_352' title='bbox 1670 3387 1721 3442; x_wconf 92' lang='lat' dir='ltr'><strong>in</strong></span> <span class='ocrx_word' id='word_1_353' title='bbox 1745 3402 1860 3442; x_wconf 90' lang='lat' dir='ltr'><strong>me-</strong></span> 
     </span>
    </p>
   </div>
   <div class='ocr_carea' id='block_1_53' title="bbox 258 3476 1860 3547">
    <p class='ocr_par' dir='ltr' id='par_1_53' title="bbox 258 3476 1860 3547">
     <span class='ocr_line' id='line_1_54' title="bbox 258 3476 1860 3547; baseline 0.001 -13"><span class='ocrx_word' id='word_1_354' title='bbox 258 3477 363 3534; x_wconf 89' lang='lat' dir='ltr'><strong>diis</strong></span> <span class='ocrx_word' id='word_1_355' title='bbox 389 3478 674 3534; x_wconf 85' lang='lat' dir='ltr'><strong>conatibus</strong></span> <span class='ocrx_word' id='word_1_356' title='bbox 700 3490 843 3547; x_wconf 81' lang='lat' dir='ltr'><strong>aegra</strong></span> <span class='ocrx_word' id='word_1_357' title='bbox 871 3477 1212 3534; x_wconf 89' lang='lat' dir='ltr'><strong>deseruntur.</strong></span> <span class='ocrx_word' id='word_1_358' title='bbox 1239 3476 1489 3533; x_wconf 88' lang='lat' dir='ltr'><strong>Defectus</strong></span> <span class='ocrx_word' id='word_1_359' title='bbox 1509 3478 1653 3534; x_wconf 89' lang='lat' dir='ltr'><strong>enim</strong></span> <span class='ocrx_word' id='word_1_360' title='bbox 1676 3494 1860 3535; x_wconf 89' lang='lat' dir='ltr'><strong>rerum</strong></span> 
     </span>
    </p>
   </div>
   <div class='ocr_carea' id='block_1_54' title="bbox 259 3569 1857 3640">
    <p class='ocr_par' dir='ltr' id='par_1_54' title="bbox 259 3569 1857 3640">
     <span class='ocr_line' id='line_1_55' title="bbox 259 3569 1857 3640; baseline 0 -15"><span class='ocrx_word' id='word_1_361' title='bbox 259 3578 356 3625; x_wconf 86' lang='lat' dir='ltr'><strong>aut</strong></span> <span class='ocrx_word' id='word_1_362' title='bbox 405 3571 692 3627; x_wconf 91' lang='lat' dir='ltr'><strong>consilium</strong></span> <span class='ocrx_word' id='word_1_363' title='bbox 733 3571 990 3637; x_wconf 89' lang='lat' dir='ltr'><strong>titubare,</strong></span> <span class='ocrx_word' id='word_1_364' title='bbox 1048 3577 1144 3626; x_wconf 90' lang='lat' dir='ltr'><strong>aut</strong></span> <span class='ocrx_word' id='word_1_365' title='bbox 1191 3569 1336 3626; x_wconf 90' lang='lat' dir='ltr'><strong>vires</strong></span> <span class='ocrx_word' id='word_1_366' title='bbox 1381 3571 1558 3640; x_wconf 90' lang='lat' dir='ltr'><strong>arguit</strong></span> <span class='ocrx_word' id='word_1_367' title='bbox 1603 3570 1857 3628; x_wconf 84' lang='lat' dir='ltr'><strong>defuisse.</strong></span> 
     </span>
    </p>
   </div>
   <div class='ocr_carea' id='block_1_55' title="bbox 261 3663 1860 3737">
    <p class='ocr_par' dir='ltr' id='par_1_55' title="bbox 261 3663 1860 3737">
     <span class='ocr_line' id='line_1_56' title="bbox 261 3663 1860 3737; baseline 0.002 -20"><span class='ocrx_word' id='word_1_368' title='bbox 261 3664 607 3737; x_wconf 81' lang='lat' dir='ltr'><strong>Quapmpter</strong></span> <span class='ocrx_word' id='word_1_369' title='bbox 633 3663 894 3722; x_wconf 88' lang='lat' dir='ltr'><strong>sanctitas</strong></span> <span class='ocrx_word' id='word_1_370' title='bbox 921 3671 1102 3719; x_wconf 89' lang='lat' dir='ltr'><strong>vestra</strong></span> <span class='ocrx_word' id='word_1_371' title='bbox 1131 3679 1163 3719; x_wconf 90' lang='lat' dir='ltr'><strong>a</strong></span> <span class='ocrx_word' id='word_1_372' title='bbox 1207 3663 1304 3718; x_wconf 93' lang='lat' dir='ltr'><strong>tali</strong></span> <span class='ocrx_word' id='word_1_373' title='bbox 1333 3664 1684 3721; x_wconf 90' lang='lat' dir='ltr'><strong>oblocutione</strong></span> <span class='ocrx_word' id='word_1_374' title='bbox 1711 3664 1860 3721; x_wconf 88' lang='lat' dir='ltr'><strong>refu-</strong></span> 
     </span>
    </p>
   </div>
   <div class='ocr_carea' id='block_1_56' title="bbox 261 3753 1862 3828">
    <p class='ocr_par' dir='ltr' id='par_1_56' title="bbox 261 3753 1862 3828">
     <span class='ocr_line' id='line_1_57' title="bbox 261 3753 1862 3828; baseline 0.001 -18"><span class='ocrx_word' id='word_1_375' title='bbox 261 3755 436 3826; x_wconf 72' lang='lat' dir='ltr'><strong>giens,</strong></span> <span class='ocrx_word' id='word_1_376' title='bbox 467 3769 588 3826; x_wconf 73' lang='lat' dir='ltr'><strong>qua:</strong></span> <span class='ocrx_word' id='word_1_377' title='bbox 609 3755 662 3810; x_wconf 90' lang='lat' dir='ltr'><strong>in</strong></span> <span class='ocrx_word' id='word_1_378' title='bbox 684 3753 1005 3826; x_wconf 68' lang='lat' dir='ltr'><strong>aqumductu</strong></span> <span class='ocrx_word' id='word_1_379' title='bbox 1033 3753 1327 3812; x_wconf 83' lang='lat' dir='ltr'><strong>reficiendo</strong></span> <span class='ocrx_word' id='word_1_380' title='bbox 1356 3756 1623 3828; x_wconf 89' lang='lat' dir='ltr'><strong>probabili</strong></span> <span class='ocrx_word' id='word_1_381' title='bbox 1646 3771 1774 3814; x_wconf 92' lang='lat' dir='ltr'><strong>cura</strong></span> <span class='ocrx_word' id='word_1_382' title='bbox 1796 3773 1862 3824; x_wconf 85' lang='lat' dir='ltr'><strong>ex</strong></span> 
     </span>
    </p>
   </div>
   <div class='ocr_carea' id='block_1_57' title="bbox 263 3845 1863 3918">
    <p class='ocr_par' dir='ltr' id='par_1_57' title="bbox 263 3845 1863 3918">
     <span class='ocr_line' id='line_1_58' title="bbox 263 3845 1863 3918; baseline -0.001 -14"><span class='ocrx_word' id='word_1_383' title='bbox 263 3857 452 3904; x_wconf 86' lang='lat' dir='ltr'><strong>nostra</strong></span> <span class='ocrx_word' id='word_1_384' title='bbox 479 3848 806 3904; x_wconf 87' lang='lat' dir='ltr'><strong>auctoritate</strong></span> <span class='ocrx_word' id='word_1_385' title='bbox 832 3847 1090 3918; x_wconf 89' lang='lat' dir='ltr'><strong>suscepit,</strong></span> <span class='ocrx_word' id='word_1_386' title='bbox 1124 3847 1380 3904; x_wconf 84' lang='lat' dir='ltr'><strong>celeriter</strong></span> <span class='ocrx_word' id='word_1_387' title='bbox 1407 3848 1476 3903; x_wconf 90' lang='lat' dir='ltr'><strong>ad</strong></span> <span class='ocrx_word' id='word_1_388' title='bbox 1501 3845 1752 3904; x_wconf 83' lang='lat' dir='ltr'><strong>ell‘ecturn</strong></span> <span class='ocrx_word' id='word_1_389' title='bbox 1779 3845 1863 3902; x_wconf 85' lang='lat' dir='ltr'><strong>fa-</strong></span> 
     </span>
    </p>
   </div>
   <div class='ocr_carea' id='block_1_58' title="bbox 265 3935 1865 4008">
    <p class='ocr_par' dir='ltr' id='par_1_58' title="bbox 265 3935 1865 4008">
     <span class='ocr_line' id='line_1_59' title="bbox 265 3935 1865 4008; baseline -0.001 -15"><span class='ocrx_word' id='word_1_390' title='bbox 265 3939 374 3993; x_wconf 86' lang='lat' dir='ltr'><strong>ciat</strong></span> <span class='ocrx_word' id='word_1_391' title='bbox 413 3937 718 4008; x_wconf 89' lang='lat' dir='ltr'><strong>pervenire.</strong></span> <span class='ocrx_word' id='word_1_392' title='bbox 775 3935 913 3992; x_wconf 82' lang='lat' dir='ltr'><strong>Nam</strong></span> <span class='ocrx_word' id='word_1_393' title='bbox 942 3937 1071 4008; x_wconf 89' lang='lat' dir='ltr'><strong>quid</strong></span> <span class='ocrx_word' id='word_1_394' title='bbox 1120 3937 1298 4008; x_wconf 85' lang='lat' dir='ltr'><strong>aptius</strong></span> <span class='ocrx_word' id='word_1_395' title='bbox 1351 3951 1514 4007; x_wconf 88' lang='lat' dir='ltr'><strong>quam</strong></span> <span class='ocrx_word' id='word_1_396' title='bbox 1559 3945 1620 3993; x_wconf 89' lang='lat' dir='ltr'><strong>ut</strong></span> <span class='ocrx_word' id='word_1_397' title='bbox 1642 3937 1865 3998; x_wconf 88' lang='lat' dir='ltr'><strong>.sitieuti</strong></span> 
     </span>
    </p>
   </div>
   <div class='ocr_carea' id='block_1_59' title="bbox 267 4028 1869 4103">
    <p class='ocr_par' dir='ltr' id='par_1_59' title="bbox 267 4028 1869 4103">
     <span class='ocr_line' id='line_1_60' title="bbox 267 4028 1869 4103; baseline -0.002 -17"><span class='ocrx_word' id='word_1_398' title='bbox 267 4030 414 4103; x_wconf 89' lang='lat' dir='ltr'><strong>plebi</strong></span> <span class='ocrx_word' id='word_1_399' title='bbox 440 4029 725 4100; x_wconf 90' lang='lat' dir='ltr'><strong>provideat</strong></span> <span class='ocrx_word' id='word_1_400' title='bbox 761 4041 931 4099; x_wconf 88' lang='lat' dir='ltr'><strong>aquas</strong></span> <span class='ocrx_word' id='word_1_401' title='bbox 958 4028 1332 4084; x_wconf 84' lang='lat' dir='ltr'><strong>sanctissimus</strong></span> <span class='ocrx_word' id='word_1_402' title='bbox 1360 4028 1452 4084; x_wconf 91' lang='lat' dir='ltr'><strong>ille</strong></span> <span class='ocrx_word' id='word_1_403' title='bbox 1480 4029 1763 4096; x_wconf 89' lang='lat' dir='ltr'><strong>sacerdos;</strong></span> <span class='ocrx_word' id='word_1_404' title='bbox 1812 4036 1869 4085; x_wconf 89' lang='lat' dir='ltr'><strong>et</strong></span> 
     </span>
    </p>
   </div>
   <div class='ocr_carea' id='block_1_60' title="bbox 271 4119 1868 4192">
    <p class='ocr_par' dir='ltr' id='par_1_60' title="bbox 271 4119 1868 4192">
     <span class='ocr_line' id='line_1_61' title="bbox 271 4119 1868 4192; baseline -0.002 -14"><span class='ocrx_word' id='word_1_405' title='bbox 271 4123 509 4178; x_wconf 75' lang='lat' dir='ltr'><strong>bunana</strong></span> <span class='ocrx_word' id='word_1_406' title='bbox 536 4120 877 4191; x_wconf 84' lang='lat' dir='ltr'><strong>providentia</strong></span> <span class='ocrx_word' id='word_1_407' title='bbox 904 4119 1090 4188; x_wconf 86' lang='lat' dir='ltr'><strong>satiet,</strong></span> <span class='ocrx_word' id='word_1_408' title='bbox 1115 4135 1257 4191; x_wconf 88' lang='lat' dir='ltr'><strong>quos</strong></span> <span class='ocrx_word' id='word_1_409' title='bbox 1279 4120 1446 4175; x_wconf 86' lang='lat' dir='ltr'><strong>etiam</strong></span> <span class='ocrx_word' id='word_1_410' title='bbox 1470 4119 1744 4176; x_wconf 87' lang='lat' dir='ltr'><strong>miraculis</strong></span> <span class='ocrx_word' id='word_1_411' title='bbox 1772 4136 1868 4192; x_wconf 91' lang='lat' dir='ltr'><strong>pa-</strong></span> 
     </span>
    </p>
   </div>
   <div class='ocr_carea' id='block_1_61' title="bbox 267 4209 1868 4284">
    <p class='ocr_par' dir='ltr' id='par_1_61' title="bbox 267 4209 1868 4284">
     <span class='ocr_line' id='line_1_62' title="bbox 267 4209 1868 4284; baseline -0.003 -14"><span class='ocrx_word' id='word_1_412' title='bbox 267 4227 428 4270; x_wconf 85' lang='lat' dir='ltr'><strong>scere</strong></span> <span class='ocrx_word' id='word_1_413' title='bbox 439 4209 752 4268; x_wconf 78' lang='lat' dir='ltr'><strong>debuissetl</strong></span> <span class='ocrx_word' id='word_1_414' title='bbox 772 4209 1004 4265; x_wconf 78' lang='lat' dir='ltr'><strong>Imitaris</strong></span> <span class='ocrx_word' id='word_1_415' title='bbox 1017 4209 1162 4266; x_wconf 87' lang='lat' dir='ltr'><strong>enim</strong></span> <span class='ocrx_word' id='word_1_416' title='bbox 1179 4210 1608 4282; x_wconf 83' lang='lat' dir='ltr'><strong>antiquissimum</strong></span> <span class='ocrx_word' id='word_1_417' title='bbox 1623 4210 1868 4284; x_wconf 74' lang='lat' dir='ltr'><strong>Moysen,</strong></span> 
     </span>
    </p>
   </div>
   <div class='ocr_carea' id='block_1_62' title="bbox 269 4300 1870 4376">
    <p class='ocr_par' dir='ltr' id='par_1_62' title="bbox 269 4300 1870 4376">
     <span class='ocr_line' id='line_1_63' title="bbox 269 4300 1870 4376; baseline 0 -16"><span class='ocrx_word' id='word_1_418' title='bbox 269 4305 364 4376; x_wconf 89' lang='lat' dir='ltr'><strong>qui</strong></span> <span class='ocrx_word' id='word_1_419' title='bbox 392 4301 688 4359; x_wconf 86' lang='lat' dir='ltr'><strong>Israelitico</strong></span> <span class='ocrx_word' id='word_1_420' title='bbox 715 4301 916 4374; x_wconf 90' lang='lat' dir='ltr'><strong>populo</strong></span> <span class='ocrx_word' id='word_1_421' title='bbox 939 4301 1100 4372; x_wconf 86' lang='lat' dir='ltr'><strong>longa</strong></span> <span class='ocrx_word' id='word_1_422' title='bbox 1135 4300 1392 4357; x_wconf 85' lang='lat' dir='ltr'><strong>ariditate</strong></span> <span class='ocrx_word' id='word_1_423' title='bbox 1411 4303 1638 4371; x_wconf 90' lang='lat' dir='ltr'><strong>siccato,</strong></span> <span class='ocrx_word' id='word_1_424' title='bbox 1665 4303 1735 4360; x_wconf 89' lang='lat' dir='ltr'><strong>de</strong></span> <span class='ocrx_word' id='word_1_425' title='bbox 1754 4305 1870 4360; x_wconf 89' lang='lat' dir='ltr'><strong>saxi</strong></span> 
     </span>
    </p>
   </div>
   <div class='ocr_carea' id='block_1_63' title="bbox 268 4393 1870 4468">
    <p class='ocr_par' dir='ltr' id='par_1_63' title="bbox 268 4393 1870 4468">
     <span class='ocr_line' id='line_1_64' title="bbox 268 4393 1870 4468; baseline -0.003 -11"><span class='ocrx_word' id='word_1_426' title='bbox 268 4397 559 4457; x_wconf 80' lang='lat' dir='ltr'><strong>sterilitate</strong></span> <span class='ocrx_word' id='word_1_427' title='bbox 582 4393 836 4468; x_wconf 88' lang='lat' dir='ltr'><strong>copiosos</strong></span> <span class='ocrx_word' id='word_1_428' title='bbox 859 4394 1046 4451; x_wconf 85' lang='lat' dir='ltr'><strong>latices</strong></span> <span class='ocrx_word' id='word_1_429' title='bbox 1063 4393 1248 4450; x_wconf 78' lang='lat' dir='ltr'><strong>eduxit</strong></span> <span class='ocrx_word' id='word_1_430' title='bbox 1269 4393 1332 4462; x_wconf 69' lang='grc' dir='ltr'><strong>ινς</strong></span> <span class='ocrx_word' id='word_1_431' title='bbox 1358 4404 1414 4451; x_wconf 90' lang='lat' dir='ltr'><strong>et</strong></span> <span class='ocrx_word' id='word_1_432' title='bbox 1442 4395 1509 4450; x_wconf 87' lang='lat' dir='ltr'><strong>ad</strong></span> <span class='ocrx_word' id='word_1_433' title='bbox 1537 4395 1870 4466; x_wconf 89' lang='lat' dir='ltr'><strong>implendum</strong></span> 
     </span>
    </p>
   </div>
   <div class='ocr_carea' id='block_1_64' title="bbox 270 4486 1871 4560">
    <p class='ocr_par' dir='ltr' id='par_1_64' title="bbox 270 4486 1871 4560">
     <span class='ocr_line' id='line_1_65' title="bbox 270 4486 1871 4560; baseline -0.002 -14"><span class='ocrx_word' id='word_1_434' title='bbox 270 4489 614 4560; x_wconf 89' lang='lat' dir='ltr'><strong>miraculum,</strong></span> <span class='ocrx_word' id='word_1_435' title='bbox 648 4489 775 4544; x_wconf 90' lang='lat' dir='ltr'><strong>inde</strong></span> <span class='ocrx_word' id='word_1_436' title='bbox 804 4487 934 4544; x_wconf 89' lang='lat' dir='ltr'><strong>fecit</strong></span> <span class='ocrx_word' id='word_1_437' title='bbox 955 4502 1178 4543; x_wconf 86' lang='lat' dir='ltr'><strong>currere</strong></span> <span class='ocrx_word' id='word_1_438' title='bbox 1202 4486 1452 4542; x_wconf 86' lang='lat' dir='ltr'><strong>humidos</strong></span> <span class='ocrx_word' id='word_1_439' title='bbox 1491 4487 1748 4556; x_wconf 87' lang='lat' dir='ltr'><strong>liquores,</strong></span> <span class='ocrx_word' id='word_1_440' title='bbox 1781 4488 1871 4543; x_wconf 92' lang='lat' dir='ltr'><strong>ubi</strong></span> 
     </span>
    </p>
   </div>
   <div class='ocr_carea' id='block_1_65' title="bbox 271 4578 1870 4648">
    <p class='ocr_par' dir='ltr' id='par_1_65' title="bbox 271 4578 1870 4648">
     <span class='ocr_line' id='line_1_66' title="bbox 271 4578 1870 4648; baseline -0.003 -8"><span class='ocrx_word' id='word_1_441' title='bbox 271 4592 396 4640; x_wconf 86' lang='lat' dir='ltr'><strong>erat</strong></span> <span class='ocrx_word' id='word_1_442' title='bbox 422 4583 564 4641; x_wconf 74' lang='lat' dir='ltr'><strong>sicca</strong></span> <span class='ocrx_word' id='word_1_443' title='bbox 583 4581 829 4638; x_wconf 87' lang='lat' dir='ltr'><strong>durities.</strong></span> <span class='ocrx_word' id='word_1_444' title='bbox 861 4578 944 4635; x_wconf 84' lang='lat' dir='ltr'><strong>Tu</strong></span> <span class='ocrx_word' id='word_1_445' title='bbox 963 4587 1147 4636; x_wconf 85' lang='lat' dir='ltr'><strong>autem</strong></span> <span class='ocrx_word' id='word_1_446' title='bbox 1169 4579 1215 4634; x_wconf 88' lang='lat' dir='ltr'><strong>si</strong></span> <span class='ocrx_word' id='word_1_447' title='bbox 1243 4579 1421 4635; x_wconf 87' lang='lat' dir='ltr'><strong>fontes</strong></span> <span class='ocrx_word' id='word_1_448' title='bbox 1453 4579 1685 4648; x_wconf 79' lang='lat' dir='ltr'><strong>irriguos</strong></span> <span class='ocrx_word' id='word_1_449' title='bbox 1706 4596 1870 4637; x_wconf 82' lang='lat' dir='ltr'><strong>saxo-</strong></span> 
     </span>
    </p>
   </div>
   <div class='ocr_carea' id='block_1_66' title="bbox 271 4668 1872 4745">
    <p class='ocr_par' dir='ltr' id='par_1_66' title="bbox 271 4668 1872 4745">
     <span class='ocr_line' id='line_1_67' title="bbox 271 4668 1872 4745; baseline -0.001 -15"><span class='ocrx_word' id='word_1_450' title='bbox 271 4691 399 4732; x_wconf 90' lang='lat' dir='ltr'><strong>rum</strong></span> <span class='ocrx_word' id='word_1_451' title='bbox 436 4673 845 4732; x_wconf 88' lang='lat' dir='ltr'><strong>constructione</strong></span> <span class='ocrx_word' id='word_1_452' title='bbox 883 4670 988 4745; x_wconf 84' lang='lat' dir='ltr'><strong>[ed.</strong></span> <span class='ocrx_word' id='word_1_453' title='bbox 1022 4669 1148 4726; x_wconf 83' lang='lat' dir='ltr'><strong>Niu.</strong></span> <span class='ocrx_word' id='word_1_454' title='bbox 1171 4679 1221 4726; x_wconf 87' lang='lat' dir='ltr'><strong>et</strong></span> <span class='ocrx_word' id='word_1_455' title='bbox 1255 4668 1432 4734; x_wconf 84' lang='lat' dir='ltr'><strong>Gam.,</strong></span> <span class='ocrx_word' id='word_1_456' title='bbox 1463 4669 1872 4745; x_wconf 89' lang='lat' dir='ltr'><strong>constitutione]</strong></span> 
     </span>
    </p>
   </div>
   <div class='ocr_carea' id='block_1_67' title="bbox 273 4763 1876 4837">
    <p class='ocr_par' dir='ltr' id='par_1_67' title="bbox 273 4763 1876 4837">
     <span class='ocr_line' id='line_1_68' title="bbox 273 4763 1876 4837; baseline -0.002 -13"><span class='ocrx_word' id='word_1_457' title='bbox 273 4767 521 4836; x_wconf 89' lang='lat' dir='ltr'><strong>deducis,</strong></span> <span class='ocrx_word' id='word_1_458' title='bbox 563 4768 670 4824; x_wconf 89' lang='lat' dir='ltr'><strong>hoc</strong></span> <span class='ocrx_word' id='word_1_459' title='bbox 710 4765 896 4822; x_wconf 89' lang='lat' dir='ltr'><strong>labore</strong></span> <span class='ocrx_word' id='word_1_460' title='bbox 925 4773 1018 4822; x_wconf 91' lang='lat' dir='ltr'><strong>tuo</strong></span> <span class='ocrx_word' id='word_1_461' title='bbox 1057 4771 1281 4837; x_wconf 71' lang='lat' dir='ltr'><strong>prtestas</strong></span> <span class='ocrx_word' id='word_1_462' title='bbox 1323 4763 1558 4836; x_wconf 89' lang='lat' dir='ltr'><strong>populis,</strong></span> <span class='ocrx_word' id='word_1_463' title='bbox 1607 4764 1754 4836; x_wconf 91' lang='lat' dir='ltr'><strong>quod</strong></span> <span class='ocrx_word' id='word_1_464' title='bbox 1783 4765 1876 4821; x_wconf 90' lang='lat' dir='ltr'><strong>ille</strong></span> 
     </span>
    </p>
   </div>
   <div class='ocr_carea' id='block_1_68' title="bbox 274 4859 572 4916">
    <p class='ocr_par' dir='ltr' id='par_1_68' title="bbox 274 4859 572 4916">
     <span class='ocr_line' id='line_1_69' title="bbox 274 4859 572 4916; baseline -0.007 0"><span class='ocrx_word' id='word_1_465' title='bbox 274 4859 572 4916; x_wconf 86' lang='lat' dir='ltr'><strong>miraculis.</strong></span> 
     </span>
    </p>
   </div>
   <div class='ocr_carea' id='block_1_69' title="bbox 773 4990 1366 5050">
    <p class='ocr_par' dir='ltr' id='par_1_69' title="bbox 773 4990 1366 5050">
     <span class='ocr_line' id='line_1_70' title="bbox 773 4990 1366 5050; baseline -0.005 0"><span class='ocrx_word' id='word_1_466' title='bbox 773 4991 1114 5050; x_wconf 79' lang='lat' dir='ltr'><strong>EPISTOLA</strong></span> <span class='ocrx_word' id='word_1_467' title='bbox 1150 4990 1366 5048; x_wconf 70' lang='lat' dir='ltr'><strong>XXXII.</strong></span> 
     </span>
    </p>
   </div>
   <div class='ocr_carea' id='block_1_70' title="bbox 629 5121 1530 5163">
    <p class='ocr_par' dir='ltr' id='par_1_70' title="bbox 629 5121 1530 5163">
     <span class='ocr_line' id='line_1_71' title="bbox 629 5121 1530 5163; baseline -0.004 -1"><span class='ocrx_word' id='word_1_468' title='bbox 629 5122 784 5163; x_wconf 70' lang='lat' dir='ltr'><strong>DUDE</strong></span> <span class='ocrx_word' id='word_1_469' title='bbox 805 5121 986 5162; x_wconf 66' lang='grc' dir='ltr'>ςλιοειι</span> <span class='ocrx_word' id='word_1_470' title='bbox 1007 5121 1374 5162; x_wconf 72' lang='grc' dir='ltr'>τιιεοιιοωοιιε</span> <span class='ocrx_word' id='word_1_471' title='bbox 1402 5121 1530 5160; x_wconf 74' lang='grc' dir='ltr'>ιιεχ.</span> 
     </span>
    </p>
   </div>
   <div class='ocr_carea' id='block_1_71' title="bbox 280 5218 1880 5294">
    <p class='ocr_par' dir='ltr' id='par_1_71' title="bbox 280 5218 1880 5294">
     <span class='ocr_line' id='line_1_72' title="bbox 280 5218 1880 5294; baseline -0.002 -15"><span class='ocrx_word' id='word_1_472' title='bbox 280 5221 567 5294; x_wconf 76' lang='lat' dir='ltr'><strong>Signiﬁcat</strong></span> <span class='ocrx_word' id='word_1_473' title='bbox 608 5239 665 5277; x_wconf 87' lang='lat' dir='ltr'><strong>se</strong></span> <span class='ocrx_word' id='word_1_474' title='bbox 707 5222 972 5292; x_wconf 81' lang='lat' dir='ltr'><strong>accepisse</strong></span> <span class='ocrx_word' id='word_1_475' title='bbox 1019 5236 1104 5274; x_wconf 87' lang='lat' dir='ltr'><strong>res</strong></span> <span class='ocrx_word' id='word_1_476' title='bbox 1162 5218 1359 5290; x_wconf 77' lang='lat' dir='ltr'><strong>Tuplue</strong></span> <span class='ocrx_word' id='word_1_477' title='bbox 1399 5220 1698 5290; x_wconf 80' lang='lat' dir='ltr'><strong>proscripti,</strong></span> <span class='ocrx_word' id='word_1_478' title='bbox 1739 5222 1880 5291; x_wconf 83' lang='lat' dir='ltr'><strong>apud</strong></span> 
     </span>
    </p>
   </div>
   <div class='ocr_carea' id='block_1_72' title="bbox 359 5388 1883 5465">
    <p class='ocr_par' dir='ltr' id='par_1_72' title="bbox 359 5388 1883 5465">
     <span class='ocr_line' id='line_1_73' title="bbox 359 5388 1883 5465; baseline -0.01 -13"><span class='ocrx_word' id='word_1_479' title='bbox 359 5406 386 5435; x_wconf 74' lang='grc'>⁸</span> <span class='ocrx_word' id='word_1_480' title='bbox 415 5394 606 5451; x_wconf 85' lang='lat' dir='ltr'><strong>Omnia</strong></span> <span class='ocrx_word' id='word_1_481' title='bbox 655 5405 866 5465; x_wconf 80' lang='lat' dir='ltr'><strong>tempus</strong></span> <span class='ocrx_word' id='word_1_482' title='bbox 895 5392 1222 5465; x_wconf 56' lang='lat' dir='ltr'><strong>depascitur,</strong></span> <span class='ocrx_word' id='word_1_483' title='bbox 1252 5388 1478 5465; x_wconf 53' lang='lat' dir='ltr'><strong>adificiis</strong></span> <span class='ocrx_word' id='word_1_484' title='bbox 1515 5405 1754 5465; x_wconf 71' lang='lat' dir='ltr'><strong>quoque,</strong></span> <span class='ocrx_word' id='word_1_485' title='bbox 1787 5391 1883 5449; x_wconf 75' lang='lat' dir='ltr'><strong>vi-</strong></span> 
     </span>
    </p>
   </div>
   <div class='ocr_carea' id='block_1_73' title="bbox 283 5459 1874 5530">
    <p class='ocr_par' dir='ltr' id='par_1_73' title="bbox 283 5459 1874 5530">
     <span class='ocr_line' id='line_1_74' title="bbox 283 5459 1874 5530; baseline -0.004 -7"><span class='ocrx_word' id='word_1_486' title='bbox 283 5468 500 5523; x_wconf 84' lang='lat' dir='ltr'><strong>truvius</strong></span> <span class='ocrx_word' id='word_1_487' title='bbox 535 5467 630 5522; x_wconf 87' lang='lat' dir='ltr'><strong>lib.</strong></span> <span class='ocrx_word' id='word_1_488' title='bbox 663 5483 710 5530; x_wconf 86' lang='grc' dir='ltr'>ι,</span> <span class='ocrx_word' id='word_1_489' title='bbox 742 5459 790 5521; x_wconf 62' lang='grc' dir='ltr'><strong>εἰ</strong></span> <span class='ocrx_word' id='word_1_490' title='bbox 821 5464 873 5518; x_wconf 88' lang='grc'><strong>8.</strong></span> <span class='ocrx_word' id='word_1_491' title='bbox 910 5459 1049 5516; x_wconf 83' lang='lat' dir='ltr'><strong>Plin.</strong></span> <span class='ocrx_word' id='word_1_492' title='bbox 1075 5461 1165 5526; x_wconf 78' lang='lat'><strong>56,</strong></span> <span class='ocrx_word' id='word_1_493' title='bbox 1194 5475 1313 5530; x_wconf 83' lang='lat' dir='ltr'><strong>cap.</strong></span> <span class='ocrx_word' id='word_1_494' title='bbox 1347 5459 1414 5530; x_wconf 84' lang='lat'><strong>6;</strong></span> <span class='ocrx_word' id='word_1_495' title='bbox 1445 5461 1482 5514; x_wconf 87' lang='grc' dir='ltr'>ι.</span> <span class='ocrx_word' id='word_1_496' title='bbox 1514 5461 1600 5528; x_wconf 82' lang='lat' dir='ltr'><strong>l5,</strong></span> <span class='ocrx_word' id='word_1_497' title='bbox 1634 5463 1677 5516; x_wconf 91' lang='lat' dir='ltr'><strong>si</strong></span> <span class='ocrx_word' id='word_1_498' title='bbox 1704 5477 1874 5530; x_wconf 78' lang='lat' dir='ltr'><strong>quau-</strong></span> 
     </span>
    </p>
   </div>
   <div class='ocr_carea' id='block_1_74' title="bbox 283 5475 1876 5606">
    <p class='ocr_par' dir='ltr' id='par_1_74' title="bbox 283 5475 1876 5606">
     <span class='ocr_line' id='line_1_75' title="bbox 283 5475 1874 5584; baseline -0.004 -61"><span class='ocrx_word' id='word_1_499' title='bbox 283 5475 500 5523; x_wconf 84' lang='lat' dir='ltr'><strong>truvius</strong></span> <span class='ocrx_word' id='word_1_500' title='bbox 535 5475 630 5522; x_wconf 87' lang='lat' dir='ltr'><strong>lib.</strong></span> <span class='ocrx_word' id='word_1_501' title='bbox 663 5483 710 5530; x_wconf 86' lang='grc' dir='ltr'>ι,</span> <span class='ocrx_word' id='word_1_502' title='bbox 742 5483 790 5521; x_wconf 92' lang='lat' dir='ltr'><strong>c.</strong></span> <span class='ocrx_word' id='word_1_503' title='bbox 821 5475 873 5518; x_wconf 76' lang='grc' dir='ltr'><strong>δ.</strong></span> <span class='ocrx_word' id='word_1_504' title='bbox 910 5475 1049 5516; x_wconf 76' lang='grc' dir='ltr'>ιἰιιι.</span> <span class='ocrx_word' id='word_1_505' title='bbox 1075 5475 1165 5526; x_wconf 76' lang='lat' dir='ltr'><strong>oo,</strong></span> <span class='ocrx_word' id='word_1_506' title='bbox 1194 5475 1313 5584; x_wconf 52' lang='grc' dir='ltr'><strong>(ηιξ.</strong></span> <span class='ocrx_word' id='word_1_507' title='bbox 1347 5475 1414 5524; x_wconf 84' lang='lat' dir='ltr'><strong>o;</strong></span> <span class='ocrx_word' id='word_1_508' title='bbox 1445 5475 1482 5514; x_wconf 90' lang='grc' dir='ltr'>ι.</span> <span class='ocrx_word' id='word_1_509' title='bbox 1514 5475 1600 5528; x_wconf 76' lang='lat' dir='ltr'><strong>to,</strong></span> <span class='ocrx_word' id='word_1_510' title='bbox 1634 5477 1677 5516; x_wconf 74' lang='lat' dir='ltr'><strong>sn</strong></span> <span class='ocrx_word' id='word_1_511' title='bbox 1704 5477 1874 5530; x_wconf 78' lang='lat' dir='ltr'><strong>quau-</strong></span> 
     </span>
     <span class='ocr_line' id='line_1_76' title="bbox 283 5529 1876 5606; baseline -0.003 -14"><span class='ocrx_word' id='word_1_512' title='bbox 283 5539 377 5594; x_wconf 91' lang='lat' dir='ltr'><strong>do.</strong></span> <span class='ocrx_word' id='word_1_513' title='bbox 407 5537 445 5591; x_wconf 71' lang='grc'><strong>2</strong></span> <span class='ocrx_word' id='word_1_514' title='bbox 487 5537 549 5593; x_wconf 76' lang='lat' dir='ltr'><strong>C.</strong></span> <span class='ocrx_word' id='word_1_515' title='bbox 586 5539 654 5592; x_wconf 90' lang='lat' dir='ltr'><strong>de</strong></span> <span class='ocrx_word' id='word_1_516' title='bbox 693 5553 844 5606; x_wconf 71' lang='lat' dir='ltr'><strong>oper.</strong></span> <span class='ocrx_word' id='word_1_517' title='bbox 892 5533 1122 5606; x_wconf 59' lang='lat' dir='ltr'><strong>public,</strong></span> <span class='ocrx_word' id='word_1_518' title='bbox 1155 5531 1258 5606; x_wconf 85' lang='lat' dir='ltr'><strong>l._5</strong></span> <span class='ocrx_word' id='word_1_519' title='bbox 1301 5569 1316 5592; x_wconf 84' lang='lat'><strong>,</strong></span> <span class='ocrx_word' id='word_1_520' title='bbox 1346 5529 1562 5600; x_wconf 86' lang='lat' dir='ltr'><strong>domus,</strong></span> <span class='ocrx_word' id='word_1_521' title='bbox 1591 5531 1659 5587; x_wconf 90' lang='lat' dir='ltr'><strong>de</strong></span> <span class='ocrx_word' id='word_1_522' title='bbox 1688 5532 1790 5602; x_wconf 89' lang='lat' dir='ltr'><strong>leg.</strong></span> <span class='ocrx_word' id='word_1_523' title='bbox 1824 5535 1876 5589; x_wconf 82' lang='lat' dir='ltr'><strong>l.</strong></span> 
     </span>
    </p>
   </div>
   <div class='ocr_carea' id='block_1_75' title="bbox 285 5601 1430 5664">
    <p class='ocr_par' dir='ltr' id='par_1_75' title="bbox 285 5601 1430 5664">
     <span class='ocr_line' id='line_1_77' title="bbox 285 5601 1430 5664; baseline -0.007 -1"><span class='ocrx_word' id='word_1_524' title='bbox 285 5607 543 5664; x_wconf 80' lang='lat' dir='ltr'><strong>Paulinus</strong></span> <span class='ocrx_word' id='word_1_525' title='bbox 571 5608 623 5664; x_wconf 91' lang='lat' dir='ltr'><strong>in</strong></span> <span class='ocrx_word' id='word_1_526' title='bbox 652 5601 920 5662; x_wconf 36' lang='lat' dir='ltr'><strong>lO&#39;Natal‘i</strong></span> <span class='ocrx_word' id='word_1_527' title='bbox 949 5603 1160 5658; x_wconf 82' lang='lat' dir='ltr'><strong>Felicis.</strong></span> <span class='ocrx_word' id='word_1_528' title='bbox 1191 5601 1430 5657; x_wconf 70' lang='lat' dir='ltr'><strong>Fonnss.</strong></span> 
     </span>
    </p>
   </div>
   <div class='ocr_carea' id='block_1_76' title="bbox 360 5673 1887 5746">
    <p class='ocr_par' dir='ltr' id='par_1_76' title="bbox 360 5673 1887 5746">
     <span class='ocr_line' id='line_1_78' title="bbox 360 5673 1887 5746; baseline -0.005 -11"><span class='ocrx_word' id='word_1_529' title='bbox 360 5679 388 5719; x_wconf 74' lang='grc' dir='ltr'>δ</span> <span class='ocrx_word' id='word_1_530' title='bbox 421 5679 560 5734; x_wconf 82' lang='lat' dir='ltr'><strong>Psal.</strong></span> <span class='ocrx_word' id='word_1_531' title='bbox 587 5694 714 5734; x_wconf 75' lang='lat' dir='ltr'><strong>cxm</strong></span> <span class='ocrx_word' id='word_1_532' title='bbox 742 5695 756 5730; x_wconf 93' lang='lat'><strong>:</strong></span> <span class='ocrx_word' id='word_1_533' title='bbox 791 5677 895 5740; x_wconf 76' lang='lat' dir='ltr'><strong>Qui</strong></span> <span class='ocrx_word' id='word_1_534' title='bbox 923 5675 1174 5730; x_wconf 77' lang='lat' dir='ltr'><strong>corwertit</strong></span> <span class='ocrx_word' id='word_1_535' title='bbox 1200 5682 1402 5746; x_wconf 56' lang='lat' dir='ltr'><strong>petram</strong></span> <span class='ocrx_word' id='word_1_536' title='bbox 1430 5673 1486 5726; x_wconf 82' lang='lat' dir='ltr'><strong>in</strong></span> <span class='ocrx_word' id='word_1_537' title='bbox 1505 5679 1696 5743; x_wconf 80' lang='lat' dir='ltr'><strong>stagna</strong></span> <span class='ocrx_word' id='word_1_538' title='bbox 1724 5692 1887 5746; x_wconf 84' lang='lat' dir='ltr'><strong>(tqtta-</strong></span> 
     </span>
    </p>
   </div>
   <div class='ocr_carea' id='block_1_77' title="bbox 283 5742 1764 5818">
    <p class='ocr_par' dir='ltr' id='par_1_77' title="bbox 283 5742 1764 5818">
     <span class='ocr_line' id='line_1_79' title="bbox 283 5742 1764 5818; baseline -0.011 -12"><span class='ocrx_word' id='word_1_539' title='bbox 283 5768 425 5816; x_wconf 84' lang='lat' dir='ltr'><strong>rum,</strong></span> <span class='ocrx_word' id='word_1_540' title='bbox 450 5759 500 5804; x_wconf 87' lang='lat' dir='ltr'><strong>et</strong></span> <span class='ocrx_word' id='word_1_541' title='bbox 528 5766 709 5818; x_wconf 78' lang='lat' dir='ltr'><strong>rupem</strong></span> <span class='ocrx_word' id='word_1_542' title='bbox 734 5749 790 5801; x_wconf 87' lang='lat' dir='ltr'><strong>in</strong></span> <span class='ocrx_word' id='word_1_543' title='bbox 819 5749 988 5818; x_wconf 71' lang='lat' dir='ltr'><strong>fontes</strong></span> <span class='ocrx_word' id='word_1_544' title='bbox 1015 5742 1288 5818; x_wconf 72' lang='lat' dir='ltr'><strong>aquarum.</strong></span> <span class='ocrx_word' id='word_1_545' title='bbox 1319 5742 1557 5818; x_wconf 62' lang='lat' dir='ltr'><strong>Eonssn.</strong></span> <span class='ocrx_word' id='word_1_546' title='bbox 1597 5742 1604 5743; x_wconf 56' lang='grc'><strong><em>⁷</em></strong></span> <span class='ocrx_word' id='word_1_547' title='bbox 1637 5815 1644 5818; x_wconf 87' lang='lat'>_</span> <span class='ocrx_word' id='word_1_548' title='bbox 1732 5777 1764 5818; x_wconf 13' lang='grc' dir='ltr'><strong>ί,</strong></span> 
     </span>
    </p>
   </div>
   <div class='ocr_carea' id='block_1_78' title="bbox 365 5815 1882 5888">
    <p class='ocr_par' dir='ltr' id='par_1_78' title="bbox 365 5815 1882 5888">
     <span class='ocr_line' id='line_1_80' title="bbox 365 5815 1882 5888; baseline -0.001 -14"><span class='ocrx_word' id='word_1_549' title='bbox 365 5831 389 5860; x_wconf 74' lang='grc' dir='ltr'>ε</span> <span class='ocrx_word' id='word_1_550' title='bbox 422 5815 856 5888; x_wconf 81' lang='lat' dir='ltr'><strong>Proscriptorum</strong></span> <span class='ocrx_word' id='word_1_551' title='bbox 889 5817 1031 5888; x_wconf 77' lang='lat' dir='ltr'><strong>bona</strong></span> <span class='ocrx_word' id='word_1_552' title='bbox 1063 5815 1190 5888; x_wconf 81' lang='lat' dir='ltr'><strong>lisco</strong></span> <span class='ocrx_word' id='word_1_553' title='bbox 1215 5815 1572 5888; x_wconf 60' lang='lat' dir='ltr'><strong>applicantur.</strong></span> <span class='ocrx_word' id='word_1_554' title='bbox 1620 5815 1882 5873; x_wconf 82' lang='lat' dir='ltr'><strong>Authent.</strong></span> 
     </span>
    </p>
   </div>
   <div class='ocr_carea' id='block_1_79' title="bbox 288 5885 1718 5958">
    <p class='ocr_par' dir='ltr' id='par_1_79' title="bbox 288 5885 1718 5958">
     <span class='ocr_line' id='line_1_81' title="bbox 288 5885 1718 5958; baseline -0.006 -10"><span class='ocrx_word' id='word_1_555' title='bbox 288 5892 434 5948; x_wconf 86' lang='lat' dir='ltr'><strong>bona</strong></span> <span class='ocrx_word' id='word_1_556' title='bbox 466 5885 864 5946; x_wconf 78' lang='lat' dir='ltr'><strong>damnatorum.</strong></span> <span class='ocrx_word' id='word_1_557' title='bbox 893 5885 1054 5945; x_wconf 87' lang='lat' dir='ltr'><strong>C..de</strong></span> <span class='ocrx_word' id='word_1_558' title='bbox 1076 5885 1200 5940; x_wconf 77' lang='lat' dir='ltr'><strong>bon.</strong></span> <span class='ocrx_word' id='word_1_559' title='bbox 1237 5886 1497 5958; x_wconf 54' lang='lat' dir='ltr'><strong>proscrip.</strong></span> <span class='ocrx_word' id='word_1_560' title='bbox 1533 5885 1718 5942; x_wconf 69' lang='lat' dir='ltr'><strong>lit-.055.</strong></span> 
     </span>
    </p>
   </div>
   <div class='ocr_carea' id='block_1_80' title="bbox 1949 1921 3555 1998">
    <p class='ocr_par' dir='ltr' id='par_1_80' title="bbox 1949 1921 3555 1998">
     <span class='ocr_line' id='line_1_82' title="bbox 1949 1921 3555 1998; baseline 0.004 -22"><span class='ocrx_word' id='word_1_561' title='bbox 1949 1935 2067 1976; x_wconf 89' lang='lat' dir='ltr'><strong>rem</strong></span> <span class='ocrx_word' id='word_1_562' title='bbox 2095 1921 2390 1994; x_wconf 85' lang='lat' dir='ltr'><strong>supradicti</strong></span> <span class='ocrx_word' id='word_1_563' title='bbox 2409 1921 2634 1980; x_wconf 83' lang='lat' dir='ltr'><strong>Joannis</strong></span> <span class='ocrx_word' id='word_1_564' title='bbox 2659 1922 2936 1998; x_wconf 75' lang='lat' dir='ltr'><strong>liliumque</strong></span> <span class='ocrx_word' id='word_1_565' title='bbox 2959 1923 3079 1995; x_wconf 87' lang='lat' dir='ltr'><strong>ejus</strong></span> <span class='ocrx_word' id='word_1_566' title='bbox 3098 1923 3415 1982; x_wconf 78' lang='lat' dir='ltr'><strong>Januarium</strong></span> <span class='ocrx_word' id='word_1_567' title='bbox 3437 1942 3555 1984; x_wconf 83' lang='lat' dir='ltr'><strong>tuo—</strong></span> 
     </span>
    </p>
   </div>
   <div class='ocr_carea' id='block_1_81' title="bbox 1949 2011 3555 2092">
    <p class='ocr_par' dir='ltr' id='par_1_81' title="bbox 1949 2011 3555 2092">
     <span class='ocr_line' id='line_1_83' title="bbox 1949 2011 3555 2092; baseline 0.006 -25"><span class='ocrx_word' id='word_1_568' title='bbox 1949 2011 2137 2069; x_wconf 85' lang='lat' dir='ltr'><strong>derata</strong></span> <span class='ocrx_word' id='word_1_569' title='bbox 2164 2014 2516 2072; x_wconf 83' lang='lat' dir='ltr'><strong>exsecutione</strong></span> <span class='ocrx_word' id='word_1_570' title='bbox 2541 2017 2857 2074; x_wconf 85' lang='lat' dir='ltr'><strong>convenias.</strong></span> <span class='ocrx_word' id='word_1_571' title='bbox 2901 2015 3005 2085; x_wconf 87' lang='lat' dir='ltr'><strong>Qui</strong></span> <span class='ocrx_word' id='word_1_572' title='bbox 3052 2019 3098 2074; x_wconf 78' lang='lat' dir='ltr'><strong>si</strong></span> <span class='ocrx_word' id='word_1_573' title='bbox 3139 2018 3394 2076; x_wconf 75' lang='lat' dir='ltr'><strong>intestata</strong></span> <span class='ocrx_word' id='word_1_574' title='bbox 3424 2019 3555 2092; x_wconf 69' lang='grc' dir='ltr'><strong>[σόη</strong></span> 
     </span>
    </p>
   </div>
   <div class='ocr_carea' id='block_1_82' title="bbox 1949 2102 3556 2182">
    <p class='ocr_par' dir='ltr' id='par_1_82' title="bbox 1949 2102 3556 2182">
     <span class='ocr_line' id='line_1_84' title="bbox 1949 2102 3556 2182; baseline 0.004 -22"><span class='ocrx_word' id='word_1_575' title='bbox 1949 2102 2240 2176; x_wconf 86' lang='lat' dir='ltr'><strong>intentata]</strong></span> <span class='ocrx_word' id='word_1_576' title='bbox 2289 2105 2491 2176; x_wconf 81' lang='lat' dir='ltr'><strong>injuste</strong></span> <span class='ocrx_word' id='word_1_577' title='bbox 2535 2122 2598 2165; x_wconf 84' lang='lat' dir='ltr'><strong>se</strong></span> <span class='ocrx_word' id='word_1_578' title='bbox 2623 2107 2864 2166; x_wconf 83' lang='lat' dir='ltr'><strong>retinere</strong></span> <span class='ocrx_word' id='word_1_579' title='bbox 2891 2119 3242 2180; x_wconf 78' lang='lat' dir='ltr'><strong>eognosomt,</strong></span> <span class='ocrx_word' id='word_1_580' title='bbox 3289 2112 3556 2182; x_wconf 70' lang='lat' dir='ltr'><strong>aequitatis</strong></span> 
     </span>
    </p>
   </div>
   <div class='ocr_carea' id='block_1_83' title="bbox 1952 2195 3552 2276">
    <p class='ocr_par' dir='ltr' id='par_1_83' title="bbox 1952 2195 3552 2276">
     <span class='ocr_line' id='line_1_85' title="bbox 1952 2195 3552 2276; baseline 0.004 -24"><span class='ocrx_word' id='word_1_581' title='bbox 1952 2195 2387 2253; x_wconf 79' lang='lat' dir='ltr'><strong>consideratione</strong></span> <span class='ocrx_word' id='word_1_582' title='bbox 2401 2197 2724 2255; x_wconf 83' lang='lat' dir='ltr'><strong>restituant:</strong></span> <span class='ocrx_word' id='word_1_583' title='bbox 2744 2199 2994 2256; x_wconf 87' lang='lat' dir='ltr'><strong>minusve</strong></span> <span class='ocrx_word' id='word_1_584' title='bbox 3012 2201 3090 2274; x_wconf 72' lang='lat' dir='ltr'><strong>[id</strong></span> <span class='ocrx_word' id='word_1_585' title='bbox 3108 2211 3206 2269; x_wconf 79' lang='lat' dir='ltr'><strong>est,</strong></span> <span class='ocrx_word' id='word_1_586' title='bbox 3225 2203 3314 2258; x_wconf 88' lang='lat' dir='ltr'><strong>sin</strong></span> <span class='ocrx_word' id='word_1_587' title='bbox 3323 2201 3552 2276; x_wconf 76' lang='lat' dir='ltr'><strong>minus],</strong></span> 
     </span>
    </p>
   </div>
   <div class='ocr_carea' id='block_1_84' title="bbox 1955 2287 3557 2358">
    <p class='ocr_par' dir='ltr' id='par_1_84' title="bbox 1955 2287 3557 2358">
     <span class='ocr_line' id='line_1_86' title="bbox 1955 2287 3557 2358; baseline 0.006 -18"><span class='ocrx_word' id='word_1_588' title='bbox 1955 2287 2286 2356; x_wconf 86' lang='lat' dir='ltr'><strong>competenti</strong></span> <span class='ocrx_word' id='word_1_589' title='bbox 2313 2287 2610 2356; x_wconf 85' lang='lat' dir='ltr'><strong>sponsione</strong></span> <span class='ocrx_word' id='word_1_590' title='bbox 2627 2289 2928 2358; x_wconf 62' lang='lat' dir='ltr'><strong>prmm&#39;msa,</strong></span> <span class='ocrx_word' id='word_1_591' title='bbox 2942 2289 3009 2345; x_wconf 84' lang='lat' dir='ltr'><strong>ad</strong></span> <span class='ocrx_word' id='word_1_592' title='bbox 3033 2291 3372 2354; x_wconf 68' lang='lat' dir='ltr'><strong>consularem</strong></span> <span class='ocrx_word' id='word_1_593' title='bbox 3395 2291 3557 2348; x_wconf 78' lang='lat' dir='ltr'><strong>Caru-</strong></span> 
     </span>
    </p>
   </div>
   <div class='ocr_carea' id='block_1_85' title="bbox 1956 2377 3557 2456">
    <p class='ocr_par' dir='ltr' id='par_1_85' title="bbox 1956 2377 3557 2456">
     <span class='ocr_line' id='line_1_87' title="bbox 1956 2377 3557 2456; baseline 0.006 -23"><span class='ocrx_word' id='word_1_594' title='bbox 1956 2377 2132 2449; x_wconf 70' lang='lat' dir='ltr'><strong>panize</strong></span> <span class='ocrx_word' id='word_1_595' title='bbox 2171 2378 2394 2436; x_wconf 79' lang='lat' dir='ltr'><strong>veniam</strong></span> <span class='ocrx_word' id='word_1_596' title='bbox 2427 2378 2638 2451; x_wconf 80' lang='lat' dir='ltr'><strong>legibus</strong></span> <span class='ocrx_word' id='word_1_597' title='bbox 2663 2381 2950 2450; x_wconf 86' lang='lat' dir='ltr'><strong>audiendi;</strong></span> <span class='ocrx_word' id='word_1_598' title='bbox 2983 2391 3042 2440; x_wconf 87' lang='lat' dir='ltr'><strong>ut</strong></span> <span class='ocrx_word' id='word_1_599' title='bbox 3081 2399 3266 2440; x_wconf 82' lang='lat' dir='ltr'><strong>eorum</strong></span> <span class='ocrx_word' id='word_1_600' title='bbox 3316 2386 3557 2456; x_wconf 57' lang='lat' dir='ltr'><strong>punitus</strong></span> 
     </span>
    </p>
   </div>
   <div class='ocr_carea' id='block_1_86' title="bbox 1957 2471 3558 2544">
    <p class='ocr_par' dir='ltr' id='par_1_86' title="bbox 1957 2471 3558 2544">
     <span class='ocr_line' id='line_1_88' title="bbox 1957 2471 3558 2544; baseline 0.002 -16"><span class='ocrx_word' id='word_1_601' title='bbox 1957 2471 2172 2543; x_wconf 84' lang='lat' dir='ltr'><strong>positis,</strong></span> <span class='ocrx_word' id='word_1_602' title='bbox 2201 2479 2258 2528; x_wconf 90' lang='lat' dir='ltr'><strong>te</strong></span> <span class='ocrx_word' id='word_1_603' title='bbox 2300 2471 2640 2544; x_wconf 83' lang='lat' dir='ltr'><strong>imminente,</strong></span> <span class='ocrx_word' id='word_1_604' title='bbox 2664 2474 2813 2544; x_wconf 83' lang='lat' dir='ltr'><strong>quod</strong></span> <span class='ocrx_word' id='word_1_605' title='bbox 2839 2473 3013 2533; x_wconf 67' lang='lat' dir='ltr'><strong>fama</strong></span> <span class='ocrx_word' id='word_1_606' title='bbox 3041 2475 3284 2533; x_wconf 82' lang='lat' dir='ltr'><strong>continet</strong></span> <span class='ocrx_word' id='word_1_607' title='bbox 3319 2477 3558 2536; x_wconf 80' lang='lat' dir='ltr'><strong>sanctio-</strong></span> 
     </span>
    </p>
   </div>
   <div class='ocr_carea' id='block_1_87' title="bbox 1959 2564 3559 2640">
    <p class='ocr_par' dir='ltr' id='par_1_87' title="bbox 1959 2564 3559 2640">
     <span class='ocr_line' id='line_1_89' title="bbox 1959 2564 3559 2640; baseline 0.004 -19"><span class='ocrx_word' id='word_1_608' title='bbox 1959 2580 2088 2621; x_wconf 87' lang='lat' dir='ltr'><strong>num</strong></span> <span class='ocrx_word' id='word_1_609' title='bbox 2115 2565 2394 2631; x_wconf 82' lang='lat' dir='ltr'><strong>divalium,</strong></span> <span class='ocrx_word' id='word_1_610' title='bbox 2426 2575 2736 2626; x_wconf 85' lang='lat' dir='ltr'><strong>censeatur.</strong></span> <span class='ocrx_word' id='word_1_611' title='bbox 2763 2567 2845 2624; x_wconf 83' lang='lat' dir='ltr'><strong>Ita</strong></span> <span class='ocrx_word' id='word_1_612' title='bbox 2873 2575 3077 2637; x_wconf 80' lang='lat' dir='ltr'><strong>tamen,</strong></span> <span class='ocrx_word' id='word_1_613' title='bbox 3103 2575 3168 2625; x_wconf 92' lang='lat' dir='ltr'><strong>ut</strong></span> <span class='ocrx_word' id='word_1_614' title='bbox 3189 2564 3342 2626; x_wconf 83' lang='lat' dir='ltr'><strong>nullo</strong></span> <span class='ocrx_word' id='word_1_615' title='bbox 3361 2568 3559 2640; x_wconf 69' lang='lat' dir='ltr'><strong>prmiu-</strong></span> 
     </span>
    </p>
   </div>
   <div class='ocr_carea' id='block_1_88' title="bbox 1959 2657 3560 2734">
    <p class='ocr_par' dir='ltr' id='par_1_88' title="bbox 1959 2657 3560 2734">
     <span class='ocr_line' id='line_1_90' title="bbox 1959 2657 3560 2734; baseline 0.002 -21"><span class='ocrx_word' id='word_1_616' title='bbox 1959 2657 2126 2726; x_wconf 84' lang='lat' dir='ltr'><strong>dicio,</strong></span> <span class='ocrx_word' id='word_1_617' title='bbox 2155 2659 2303 2715; x_wconf 87' lang='lat' dir='ltr'><strong>nulla</strong></span> <span class='ocrx_word' id='word_1_618' title='bbox 2327 2659 2540 2730; x_wconf 87' lang='lat' dir='ltr'><strong>injuria,</strong></span> <span class='ocrx_word' id='word_1_619' title='bbox 2567 2659 2718 2717; x_wconf 85' lang='lat' dir='ltr'><strong>nullo</strong></span> <span class='ocrx_word' id='word_1_620' title='bbox 2745 2660 2965 2725; x_wconf 77' lang='lat' dir='ltr'><strong>damno.</strong></span> <span class='ocrx_word' id='word_1_621' title='bbox 2997 2661 3304 2718; x_wconf 85' lang='lat' dir='ltr'><strong>innocentia</strong></span> <span class='ocrx_word' id='word_1_622' title='bbox 3332 2676 3560 2734; x_wconf 63' lang='grc' dir='ltr'>ιιι-πιθη-</span> 
     </span>
    </p>
   </div>
   <div class='ocr_carea' id='block_1_89' title="bbox 1964 2751 3561 2812">
    <p class='ocr_par' dir='ltr' id='par_1_89' title="bbox 1964 2751 3561 2812">
     <span class='ocr_line' id='line_1_91' title="bbox 1964 2751 3561 2812; baseline 0.004 -6"><span class='ocrx_word' id='word_1_623' title='bbox 1964 2759 2158 2807; x_wconf 86' lang='lat' dir='ltr'><strong>vetur:</strong></span> <span class='ocrx_word' id='word_1_624' title='bbox 2187 2766 2257 2808; x_wconf 88' lang='lat' dir='ltr'><strong>ne</strong></span> <span class='ocrx_word' id='word_1_625' title='bbox 2284 2751 2475 2809; x_wconf 65' lang='lat' dir='ltr'><strong>aliena:</strong></span> <span class='ocrx_word' id='word_1_626' title='bbox 2507 2752 2867 2810; x_wconf 81' lang='lat' dir='ltr'><strong>accusationis</strong></span> <span class='ocrx_word' id='word_1_627' title='bbox 2905 2753 3162 2810; x_wconf 80' lang='lat' dir='ltr'><strong>invidiam</strong></span> <span class='ocrx_word' id='word_1_628' title='bbox 3191 2763 3339 2810; x_wconf 73' lang='lat' dir='ltr'><strong>mam</strong></span> <span class='ocrx_word' id='word_1_629' title='bbox 3379 2755 3561 2812; x_wconf 67' lang='lat' dir='ltr'><strong>lacero</strong></span> 
     </span>
    </p>
   </div>
   <div class='ocr_carea' id='block_1_90' title="bbox 1964 2844 2574 2903">
    <p class='ocr_par' dir='ltr' id='par_1_90' title="bbox 1964 2844 2574 2903">
     <span class='ocr_line' id='line_1_92' title="bbox 1964 2844 2574 2903; baseline 0.007 -5"><span class='ocrx_word' id='word_1_630' title='bbox 1964 2844 2199 2902; x_wconf 90' lang='lat' dir='ltr'><strong>videaris</strong></span> <span class='ocrx_word' id='word_1_631' title='bbox 2229 2845 2490 2903; x_wconf 77' lang='lat' dir='ltr'><strong>offensam</strong></span> <span class='ocrx_word' id='word_1_632' title='bbox 2519 2847 2574 2902; x_wconf 68' lang='grc' dir='ltr'><strong>ἀ.</strong></span> 
     </span>
    </p>
   </div>
   <div class='ocr_carea' id='block_1_91' title="bbox 2396 2979 3146 3052">
    <p class='ocr_par' dir='ltr' id='par_1_91' title="bbox 2396 2979 3146 3052">
     <span class='ocr_line' id='line_1_93' title="bbox 2396 2979 3146 3052; baseline 0.004 -18"><span class='ocrx_word' id='word_1_633' title='bbox 2396 2982 2506 3052; x_wconf 78' lang='grc' dir='ltr'><strong>7ο</strong></span> <span class='ocrx_word' id='word_1_634' title='bbox 2531 2979 2869 3038; x_wconf 75' lang='lat' dir='ltr'><strong>EPISTOLA</strong></span> <span class='ocrx_word' id='word_1_635' title='bbox 2905 2981 3146 3037; x_wconf 87' lang='grc' dir='ltr'>χχχιιι.</span> 
     </span>
    </p>
   </div>
   <div class='ocr_carea' id='block_1_92' title="bbox 1967 3087 3557 3132">
    <p class='ocr_par' dir='ltr' id='par_1_92' title="bbox 1967 3087 3557 3132">
     <span class='ocr_line' id='line_1_94' title="bbox 1967 3087 3557 3132; baseline 0.004 -6"><span class='ocrx_word' id='word_1_636' title='bbox 1967 3087 2237 3127; x_wconf 65' lang='lat' dir='ltr'><strong>INIVERSIS</strong></span> <span class='ocrx_word' id='word_1_637' title='bbox 2254 3088 2449 3128; x_wconf 63' lang='lat' dir='ltr'><strong>JUDEIS</strong></span> <span class='ocrx_word' id='word_1_638' title='bbox 2461 3089 2652 3129; x_wconf 64' lang='grc' dir='ltr'>αειιυι</span> <span class='ocrx_word' id='word_1_639' title='bbox 2673 3089 3023 3130; x_wconf 67' lang='grc' dir='ltr'><strong>οοκετιτυτιι</strong></span> <span class='ocrx_word' id='word_1_640' title='bbox 3042 3089 3408 3132; x_wconf 74' lang='grc' dir='ltr'><strong>τιιιουοιιιςυε</strong></span> <span class='ocrx_word' id='word_1_641' title='bbox 3431 3093 3557 3132; x_wconf 73' lang='lat' dir='ltr'><strong>REX.</strong></span> 
     </span>
    </p>
   </div>
   <div class='ocr_carea' id='block_1_93' title="bbox 2074 3163 3429 3238">
    <p class='ocr_par' dir='ltr' id='par_1_93' title="bbox 2074 3163 3429 3238">
     <span class='ocr_line' id='line_1_95' title="bbox 2074 3163 3429 3238; baseline 0.001 -18"><span class='ocrx_word' id='word_1_642' title='bbox 2074 3163 2364 3236; x_wconf 71' lang='lat' dir='ltr'><strong>Conﬁrmat</strong></span> <span class='ocrx_word' id='word_1_643' title='bbox 2395 3165 2670 3238; x_wconf 72' lang='lat' dir='ltr'><strong>privilegia</strong></span> <span class='ocrx_word' id='word_1_644' title='bbox 2695 3181 2812 3238; x_wconf 67' lang='lat' dir='ltr'><strong>qua</strong></span> <span class='ocrx_word' id='word_1_645' title='bbox 2833 3165 2908 3221; x_wconf 81' lang='lat' dir='ltr'><strong>eis</strong></span> <span class='ocrx_word' id='word_1_646' title='bbox 2937 3167 3071 3238; x_wconf 83' lang='lat' dir='ltr'><strong>leges</strong></span> <span class='ocrx_word' id='word_1_647' title='bbox 3101 3166 3429 3223; x_wconf 76' lang='lat' dir='ltr'><strong>indulserunt</strong></span> 
     </span>
    </p>
   </div>
   <div class='ocr_carea' id='block_1_94' title="bbox 2031 3276 3562 3348">
    <p class='ocr_par' dir='ltr' id='par_1_94' title="bbox 2031 3276 3562 3348">
     <span class='ocr_line' id='line_1_96' title="bbox 2031 3276 3562 3348; baseline 0.005 -16"><span class='ocrx_word' id='word_1_648' title='bbox 2031 3276 2286 3333; x_wconf 88' lang='lat' dir='ltr'><strong>Custodia</strong></span> <span class='ocrx_word' id='word_1_649' title='bbox 2315 3276 2494 3347; x_wconf 90' lang='lat' dir='ltr'><strong>legum</strong></span> <span class='ocrx_word' id='word_1_650' title='bbox 2522 3279 2795 3334; x_wconf 88' lang='lat' dir='ltr'><strong>civilitatis</strong></span> <span class='ocrx_word' id='word_1_651' title='bbox 2819 3287 2904 3334; x_wconf 90' lang='lat' dir='ltr'><strong>est</strong></span> <span class='ocrx_word' id='word_1_652' title='bbox 2925 3279 3204 3348; x_wconf 80' lang='lat' dir='ltr'><strong>iudicium,</strong></span> <span class='ocrx_word' id='word_1_653' title='bbox 3235 3289 3292 3337; x_wconf 91' lang='lat' dir='ltr'><strong>et</strong></span> <span class='ocrx_word' id='word_1_654' title='bbox 3311 3297 3562 3339; x_wconf 89' lang='lat' dir='ltr'><strong>reveren-</strong></span> 
     </span>
    </p>
   </div>
   <div class='ocr_carea' id='block_1_95' title="bbox 1963 3369 3561 3444">
    <p class='ocr_par' dir='ltr' id='par_1_95' title="bbox 1963 3369 3561 3444">
     <span class='ocr_line' id='line_1_97' title="bbox 1963 3369 3561 3444; baseline 0.004 -20"><span class='ocrx_word' id='word_1_655' title='bbox 1963 3369 2038 3424; x_wconf 88' lang='lat' dir='ltr'><strong>tia</strong></span> <span class='ocrx_word' id='word_1_656' title='bbox 2069 3370 2310 3441; x_wconf 86' lang='lat' dir='ltr'><strong>priorurn</strong></span> <span class='ocrx_word' id='word_1_657' title='bbox 2337 3371 2642 3442; x_wconf 89' lang='lat' dir='ltr'><strong>principum</strong></span> <span class='ocrx_word' id='word_1_658' title='bbox 2670 3381 2872 3428; x_wconf 65' lang='lat' dir='ltr'><strong>nostrae</strong></span> <span class='ocrx_word' id='word_1_659' title='bbox 2898 3388 3116 3444; x_wconf 92' lang='lat' dir='ltr'><strong>quoque</strong></span> <span class='ocrx_word' id='word_1_660' title='bbox 3137 3382 3365 3430; x_wconf 86' lang='lat' dir='ltr'><strong>testatur</strong></span> <span class='ocrx_word' id='word_1_661' title='bbox 3391 3374 3561 3432; x_wconf 81' lang='lat' dir='ltr'><strong>devo-</strong></span> 
     </span>
    </p>
   </div>
   <div class='ocr_carea' id='block_1_96' title="bbox 1965 3461 3563 3536">
    <p class='ocr_par' dir='ltr' id='par_1_96' title="bbox 1965 3461 3563 3536">
     <span class='ocr_line' id='line_1_98' title="bbox 1965 3461 3563 3536; baseline 0.006 -21"><span class='ocrx_word' id='word_1_662' title='bbox 1965 3461 2126 3517; x_wconf 85' lang='lat' dir='ltr'><strong>tionis</strong></span> <span class='ocrx_word' id='word_1_663' title='bbox 2148 3463 2474 3534; x_wconf 84' lang='lat' dir='ltr'><strong>exemplum.</strong></span> <span class='ocrx_word' id='word_1_664' title='bbox 2497 3462 2639 3532; x_wconf 87' lang='lat' dir='ltr'><strong>Quid</strong></span> <span class='ocrx_word' id='word_1_665' title='bbox 2659 3464 2803 3520; x_wconf 89' lang='lat' dir='ltr'><strong>enim</strong></span> <span class='ocrx_word' id='word_1_666' title='bbox 2825 3464 3016 3519; x_wconf 89' lang='lat' dir='ltr'><strong>melius</strong></span> <span class='ocrx_word' id='word_1_667' title='bbox 3036 3480 3199 3536; x_wconf 90' lang='lat' dir='ltr'><strong>quam</strong></span> <span class='ocrx_word' id='word_1_668' title='bbox 3225 3467 3441 3536; x_wconf 86' lang='lat' dir='ltr'><strong>plebem</strong></span> <span class='ocrx_word' id='word_1_669' title='bbox 3461 3469 3563 3524; x_wconf 86' lang='lat' dir='ltr'><strong>sub</strong></span> 
     </span>
    </p>
   </div>
   <div class='ocr_carea' id='block_1_97' title="bbox 1965 3555 3564 3627">
    <p class='ocr_par' dir='ltr' id='par_1_97' title="bbox 1965 3555 3564 3627">
     <span class='ocr_line' id='line_1_99' title="bbox 1965 3555 3564 3627; baseline 0.002 -17"><span class='ocrx_word' id='word_1_670' title='bbox 1965 3564 2238 3627; x_wconf 66' lang='lat' dir='ltr'><strong>praecepto</strong></span> <span class='ocrx_word' id='word_1_671' title='bbox 2265 3555 2464 3626; x_wconf 85' lang='lat' dir='ltr'><strong>degere</strong></span> <span class='ocrx_word' id='word_1_672' title='bbox 2493 3556 2631 3613; x_wconf 87' lang='lat' dir='ltr'><strong>velle</strong></span> <span class='ocrx_word' id='word_1_673' title='bbox 2666 3555 2913 3626; x_wconf 65' lang='lat' dir='ltr'><strong>iustitiae,</strong></span> <span class='ocrx_word' id='word_1_674' title='bbox 2945 3565 3006 3612; x_wconf 91' lang='lat' dir='ltr'><strong>ut</strong></span> <span class='ocrx_word' id='word_1_675' title='bbox 3032 3567 3332 3615; x_wconf 88' lang='lat' dir='ltr'><strong>conventus</strong></span> <span class='ocrx_word' id='word_1_676' title='bbox 3362 3559 3564 3614; x_wconf 85' lang='lat' dir='ltr'><strong>multo-</strong></span> 
     </span>
    </p>
   </div>
   <div class='ocr_carea' id='block_1_98' title="bbox 1964 3645 3568 3721">
    <p class='ocr_par' dir='ltr' id='par_1_98' title="bbox 1964 3645 3568 3721">
     <span class='ocr_line' id='line_1_100' title="bbox 1964 3645 3568 3721; baseline 0.002 -19"><span class='ocrx_word' id='word_1_677' title='bbox 1964 3661 2083 3702; x_wconf 91' lang='lat' dir='ltr'><strong>rum</strong></span> <span class='ocrx_word' id='word_1_678' title='bbox 2113 3646 2582 3721; x_wconf 86' lang='lat' dir='ltr'><strong>disciplinabilium</strong></span> <span class='ocrx_word' id='word_1_679' title='bbox 2611 3645 2684 3704; x_wconf 87' lang='lat' dir='ltr'><strong>sit</strong></span> <span class='ocrx_word' id='word_1_680' title='bbox 2710 3647 2968 3704; x_wconf 90' lang='lat' dir='ltr'><strong>adunatio</strong></span> <span class='ocrx_word' id='word_1_681' title='bbox 2993 3657 3017 3686; x_wconf 76' lang='grc' dir='ltr'><strong>ο</strong></span> <span class='ocrx_word' id='word_1_682' title='bbox 3047 3647 3422 3704; x_wconf 79' lang='lat' dir='ltr'><strong>voluntatum?</strong></span> <span class='ocrx_word' id='word_1_683' title='bbox 3439 3647 3568 3706; x_wconf 66' lang='lat' dir='ltr'><strong>Haec</strong></span> 
     </span>
    </p>
   </div>
   <div class='ocr_carea' id='block_1_99' title="bbox 1966 3727 3568 3812">
    <p class='ocr_par' dir='ltr' id='par_1_99' title="bbox 1966 3727 3568 3812">
     <span class='ocr_line' id='line_1_101' title="bbox 1966 3727 3568 3812; baseline 0.001 -18"><span class='ocrx_word' id='word_1_684' title='bbox 1966 3739 2108 3794; x_wconf 89' lang='lat' dir='ltr'><strong>enim</strong></span> <span class='ocrx_word' id='word_1_685' title='bbox 2133 3739 2363 3812; x_wconf 88' lang='lat' dir='ltr'><strong>populos</strong></span> <span class='ocrx_word' id='word_1_686' title='bbox 2391 3739 2460 3794; x_wconf 89' lang='lat' dir='ltr'><strong>ab</strong></span> <span class='ocrx_word' id='word_1_687' title='bbox 2486 3739 2688 3808; x_wconf 89' lang='lat' dir='ltr'><strong>agresti</strong></span> <span class='ocrx_word' id='word_1_688' title='bbox 2713 3727 2824 3794; x_wconf 76' lang='lat' dir='ltr'><strong>vita</strong></span> <span class='ocrx_word' id='word_1_689' title='bbox 2851 3739 2906 3794; x_wconf 94' lang='lat' dir='ltr'><strong>in</strong></span> <span class='ocrx_word' id='word_1_690' title='bbox 2933 3738 3184 3794; x_wconf 73' lang='lat' dir='ltr'><strong>humana:</strong></span> <span class='ocrx_word' id='word_1_691' title='bbox 3203 3738 3568 3796; x_wconf 86' lang='lat' dir='ltr'><strong>conversatio-</strong></span> 
     </span>
    </p>
   </div>
   <div class='ocr_carea' id='block_1_100' title="bbox 1968 3825 3564 3898">
    <p class='ocr_par' dir='ltr' id='par_1_100' title="bbox 1968 3825 3564 3898">
     <span class='ocr_line' id='line_1_102' title="bbox 1968 3825 3564 3898; baseline -0.002 -14"><span class='ocrx_word' id='word_1_692' title='bbox 1968 3829 2053 3886; x_wconf 86' lang='lat' dir='ltr'><strong>nis</strong></span> <span class='ocrx_word' id='word_1_693' title='bbox 2076 3829 2317 3898; x_wconf 88' lang='lat' dir='ltr'><strong>regulam</strong></span> <span class='ocrx_word' id='word_1_694' title='bbox 2342 3827 2709 3897; x_wconf 88' lang='lat' dir='ltr'><strong>congregavit.</strong></span> <span class='ocrx_word' id='word_1_695' title='bbox 2742 3827 2869 3882; x_wconf 70' lang='lat' dir='ltr'><strong>Iltec</strong></span> <span class='ocrx_word' id='word_1_696' title='bbox 2893 3831 3034 3881; x_wconf 90' lang='lat' dir='ltr'><strong>ratlo</strong></span> <span class='ocrx_word' id='word_1_697' title='bbox 3058 3843 3090 3882; x_wconf 88' lang='lat' dir='ltr'><strong>a</strong></span> <span class='ocrx_word' id='word_1_698' title='bbox 3116 3825 3327 3882; x_wconf 82' lang='lat' dir='ltr'><strong>feritate</strong></span> <span class='ocrx_word' id='word_1_699' title='bbox 3347 3827 3564 3883; x_wconf 90' lang='lat' dir='ltr'><strong>divisit:</strong></span> 
     </span>
    </p>
   </div>
   <div class='ocr_carea' id='block_1_101' title="bbox 1968 3917 3569 3988">
    <p class='ocr_par' dir='ltr' id='par_1_101' title="bbox 1968 3917 3569 3988">
     <span class='ocr_line' id='line_1_103' title="bbox 1968 3917 3569 3988; baseline -0.002 -11"><span class='ocrx_word' id='word_1_700' title='bbox 1968 3937 2040 3977; x_wconf 92' lang='lat' dir='ltr'><strong>ne</strong></span> <span class='ocrx_word' id='word_1_701' title='bbox 2068 3920 2294 3976; x_wconf 88' lang='lat' dir='ltr'><strong>arbitrio</strong></span> <span class='ocrx_word' id='word_1_702' title='bbox 2319 3919 2522 3975; x_wconf 90' lang='lat' dir='ltr'><strong>casuali</strong></span> <span class='ocrx_word' id='word_1_703' title='bbox 2550 3927 2897 3988; x_wconf 88' lang='lat' dir='ltr'><strong>vagarentur,</strong></span> <span class='ocrx_word' id='word_1_704' title='bbox 2926 3933 3066 3987; x_wconf 93' lang='lat' dir='ltr'><strong>quos</strong></span> <span class='ocrx_word' id='word_1_705' title='bbox 3093 3919 3206 3988; x_wconf 87' lang='lat' dir='ltr'><strong>regi</strong></span> <span class='ocrx_word' id='word_1_706' title='bbox 3234 3917 3463 3975; x_wconf 90' lang='lat' dir='ltr'><strong>consilio</strong></span> <span class='ocrx_word' id='word_1_707' title='bbox 3484 3917 3569 3976; x_wconf 84' lang='lat' dir='ltr'><strong>di-</strong></span> 
     </span>
    </p>
   </div>
   <div class='ocr_carea' id='block_1_102' title="bbox 1972 4011 3570 4084">
    <p class='ocr_par' dir='ltr' id='par_1_102' title="bbox 1972 4011 3570 4084">
     <span class='ocr_line' id='line_1_104' title="bbox 1972 4011 3570 4084; baseline 0.001 -16"><span class='ocrx_word' id='word_1_708' title='bbox 1972 4014 2094 4068; x_wconf 88' lang='lat' dir='ltr'><strong>vina</strong></span> <span class='ocrx_word' id='word_1_709' title='bbox 2125 4012 2429 4068; x_wconf 88' lang='lat' dir='ltr'><strong>voluerunt.</strong></span> <span class='ocrx_word' id='word_1_710' title='bbox 2461 4011 2654 4068; x_wconf 89' lang='lat' dir='ltr'><strong>Oblata</strong></span> <span class='ocrx_word' id='word_1_711' title='bbox 2679 4012 2862 4082; x_wconf 88' lang='lat' dir='ltr'><strong>itaque</strong></span> <span class='ocrx_word' id='word_1_712' title='bbox 2889 4011 3283 4083; x_wconf 85' lang='lat' dir='ltr'><strong>supplicatione</strong></span> <span class='ocrx_word' id='word_1_713' title='bbox 3316 4011 3570 4084; x_wconf 87' lang='lat' dir='ltr'><strong>deposci-</strong></span> 
     </span>
    </p>
   </div>
   <div class='ocr_carea' id='block_1_103' title="bbox 1973 4101 3573 4178">
    <p class='ocr_par' dir='ltr' id='par_1_103' title="bbox 1973 4101 3573 4178">
     <span class='ocr_line' id='line_1_105' title="bbox 1973 4101 3573 4178; baseline -0.002 -16"><span class='ocrx_word' id='word_1_714' title='bbox 1973 4107 2040 4162; x_wconf 88' lang='lat' dir='ltr'><strong>tis</strong></span> <span class='ocrx_word' id='word_1_715' title='bbox 2069 4106 2347 4178; x_wconf 86' lang='lat' dir='ltr'><strong>privilegia</strong></span> <span class='ocrx_word' id='word_1_716' title='bbox 2375 4105 2530 4161; x_wconf 87' lang='lat' dir='ltr'><strong>vobis</strong></span> <span class='ocrx_word' id='word_1_717' title='bbox 2553 4105 2754 4161; x_wconf 90' lang='lat' dir='ltr'><strong>debere</strong></span> <span class='ocrx_word' id='word_1_718' title='bbox 2781 4104 3009 4172; x_wconf 88' lang='lat' dir='ltr'><strong>servari,</strong></span> <span class='ocrx_word' id='word_1_719' title='bbox 3047 4119 3170 4177; x_wconf 71' lang='lat' dir='ltr'><strong>quae</strong></span> <span class='ocrx_word' id='word_1_720' title='bbox 3206 4101 3444 4161; x_wconf 76' lang='lat' dir='ltr'><strong>Judaieis</strong></span> <span class='ocrx_word' id='word_1_721' title='bbox 3482 4104 3573 4160; x_wconf 83' lang='lat' dir='ltr'><strong>in-</strong></span> 
     </span>
    </p>
   </div>
   <div class='ocr_carea' id='block_1_104' title="bbox 1973 4191 3575 4269">
    <p class='ocr_par' dir='ltr' id='par_1_104' title="bbox 1973 4191 3575 4269">
     <span class='ocr_line' id='line_1_106' title="bbox 1973 4191 3575 4269; baseline -0.004 -13"><span class='ocrx_word' id='word_1_722' title='bbox 1973 4199 2178 4256; x_wconf 88' lang='lat' dir='ltr'><strong>stitutis</strong></span> <span class='ocrx_word' id='word_1_723' title='bbox 2206 4198 2383 4268; x_wconf 89' lang='lat' dir='ltr'><strong>legum</strong></span> <span class='ocrx_word' id='word_1_724' title='bbox 2420 4195 2647 4269; x_wconf 88' lang='lat' dir='ltr'><strong>provida</strong></span> <span class='ocrx_word' id='word_1_725' title='bbox 2670 4195 2911 4252; x_wconf 90' lang='lat' dir='ltr'><strong>decrevit</strong></span> <span class='ocrx_word' id='word_1_726' title='bbox 2937 4195 3268 4265; x_wconf 86' lang='lat' dir='ltr'><strong>antiquitas:</strong></span> <span class='ocrx_word' id='word_1_727' title='bbox 3301 4191 3446 4265; x_wconf 88' lang='lat' dir='ltr'><strong>quod</strong></span> <span class='ocrx_word' id='word_1_728' title='bbox 3475 4209 3575 4250; x_wconf 89' lang='lat' dir='ltr'><strong>nos</strong></span> 
     </span>
    </p>
   </div>
   <div class='ocr_carea' id='block_1_105' title="bbox 1977 4285 3572 4358">
    <p class='ocr_par' dir='ltr' id='par_1_105' title="bbox 1977 4285 3572 4358">
     <span class='ocr_line' id='line_1_107' title="bbox 1977 4285 3572 4358; baseline -0.003 -14"><span class='ocrx_word' id='word_1_729' title='bbox 1977 4290 2208 4345; x_wconf 85' lang='lat' dir='ltr'><strong>libenter</strong></span> <span class='ocrx_word' id='word_1_730' title='bbox 2232 4286 2541 4353; x_wconf 90' lang='lat' dir='ltr'><strong>annulmus,</strong></span> <span class='ocrx_word' id='word_1_731' title='bbox 2573 4285 2665 4358; x_wconf 89' lang='lat' dir='ltr'><strong>qui</strong></span> <span class='ocrx_word' id='word_1_732' title='bbox 2689 4285 2811 4357; x_wconf 91' lang='lat' dir='ltr'><strong>jura</strong></span> <span class='ocrx_word' id='word_1_733' title='bbox 2841 4296 3085 4342; x_wconf 87' lang='lat' dir='ltr'><strong>veterum</strong></span> <span class='ocrx_word' id='word_1_734' title='bbox 3115 4285 3183 4342; x_wconf 92' lang='lat' dir='ltr'><strong>ad</strong></span> <span class='ocrx_word' id='word_1_735' title='bbox 3212 4295 3451 4342; x_wconf 90' lang='lat' dir='ltr'><strong>nostram</strong></span> <span class='ocrx_word' id='word_1_736' title='bbox 3475 4302 3572 4341; x_wconf 85' lang='lat' dir='ltr'><strong>cu-</strong></span> 
     </span>
    </p>
   </div>
   <div class='ocr_carea' id='block_1_106' title="bbox 1975 4376 3576 4454">
    <p class='ocr_par' dir='ltr' id='par_1_106' title="bbox 1975 4376 3576 4454">
     <span class='ocr_line' id='line_1_108' title="bbox 1975 4376 3576 4454; baseline -0.003 -18"><span class='ocrx_word' id='word_1_737' title='bbox 1975 4381 2154 4454; x_wconf 87' lang='lat' dir='ltr'><strong>pimus</strong></span> <span class='ocrx_word' id='word_1_738' title='bbox 2180 4379 2543 4436; x_wconf 83' lang='lat' dir='ltr'><strong>reverentiam</strong></span> <span class='ocrx_word' id='word_1_739' title='bbox 2591 4377 2877 4436; x_wconf 88' lang='lat' dir='ltr'><strong>custodiri.</strong></span> <span class='ocrx_word' id='word_1_740' title='bbox 2924 4378 3102 4448; x_wconf 84' lang='lat' dir='ltr'><strong>Atque</strong></span> <span class='ocrx_word' id='word_1_741' title='bbox 3150 4376 3273 4432; x_wconf 91' lang='lat' dir='ltr'><strong>ideo</strong></span> <span class='ocrx_word' id='word_1_742' title='bbox 3325 4377 3576 4449; x_wconf 71' lang='lat' dir='ltr'><strong>prmseuti</strong></span> 
     </span>
    </p>
   </div>
   <div class='ocr_carea' id='block_1_107' title="bbox 1978 4455 3578 4544">
    <p class='ocr_par' dir='ltr' id='par_1_107' title="bbox 1978 4455 3578 4544">
     <span class='ocr_line' id='line_1_109' title="bbox 1978 4455 3578 4544; baseline -0.004 -14"><span class='ocrx_word' id='word_1_743' title='bbox 1978 4473 2302 4532; x_wconf 88' lang='lat' dir='ltr'><strong>auctoritate</strong></span> <span class='ocrx_word' id='word_1_744' title='bbox 2345 4489 2647 4540; x_wconf 90' lang='lat' dir='ltr'><strong>censemus,</strong></span> <span class='ocrx_word' id='word_1_745' title='bbox 2696 4479 2756 4528; x_wconf 90' lang='lat' dir='ltr'><strong>ut</strong></span> <span class='ocrx_word' id='word_1_746' title='bbox 2801 4455 3136 4544; x_wconf 65' lang='lat' dir='ltr'><strong>quaecunque</strong></span> <span class='ocrx_word' id='word_1_747' title='bbox 3163 4469 3341 4540; x_wconf 88' lang='lat' dir='ltr'><strong>legum</strong></span> <span class='ocrx_word' id='word_1_748' title='bbox 3375 4476 3578 4525; x_wconf 90' lang='lat' dir='ltr'><strong>statuta</strong></span> 
     </span>
    </p>
   </div>
   <div class='ocr_carea' id='block_1_108' title="bbox 1979 4566 3580 4634">
    <p class='ocr_par' dir='ltr' id='par_1_108' title="bbox 1979 4566 3580 4634">
     <span class='ocr_line' id='line_1_110' title="bbox 1979 4566 3580 4634; baseline -0.004 -11"><span class='ocrx_word' id='word_1_749' title='bbox 1979 4575 2327 4631; x_wconf 87' lang='lat' dir='ltr'><strong>monuerunt,</strong></span> <span class='ocrx_word' id='word_1_750' title='bbox 2372 4567 2518 4623; x_wconf 89' lang='lat' dir='ltr'><strong>circa</strong></span> <span class='ocrx_word' id='word_1_751' title='bbox 2566 4581 2664 4624; x_wconf 88' lang='lat' dir='ltr'><strong>vos</strong></span> <span class='ocrx_word' id='word_1_752' title='bbox 2709 4566 2916 4620; x_wconf 88' lang='lat' dir='ltr'><strong>illibata</strong></span> <span class='ocrx_word' id='word_1_753' title='bbox 2945 4572 3264 4632; x_wconf 88' lang='lat' dir='ltr'><strong>serventur;</strong></span> <span class='ocrx_word' id='word_1_754' title='bbox 3313 4574 3580 4634; x_wconf 84' lang='lat' dir='ltr'><strong>quatenus</strong></span> 
     </span>
    </p>
   </div>
   <div class='ocr_carea' id='block_1_109' title="bbox 1980 4655 3580 4732">
    <p class='ocr_par' dir='ltr' id='par_1_109' title="bbox 1980 4655 3580 4732">
     <span class='ocr_line' id='line_1_111' title="bbox 1980 4655 3580 4732; baseline -0.001 -18"><span class='ocrx_word' id='word_1_755' title='bbox 1980 4658 2126 4732; x_wconf 92' lang='lat' dir='ltr'><strong>quod</strong></span> <span class='ocrx_word' id='word_1_756' title='bbox 2153 4659 2223 4715; x_wconf 90' lang='lat' dir='ltr'><strong>ad</strong></span> <span class='ocrx_word' id='word_1_757' title='bbox 2251 4657 2524 4715; x_wconf 90' lang='lat' dir='ltr'><strong>civilitatis</strong></span> <span class='ocrx_word' id='word_1_758' title='bbox 2555 4657 2726 4732; x_wconf 87' lang='lat' dir='ltr'><strong>[mss.,</strong></span> <span class='ocrx_word' id='word_1_759' title='bbox 2758 4655 3015 4728; x_wconf 87' lang='lat' dir='ltr'><strong>civitatis]</strong></span> <span class='ocrx_word' id='word_1_760' title='bbox 3046 4671 3202 4712; x_wconf 89' lang='lat' dir='ltr'><strong>usum</strong></span> <span class='ocrx_word' id='word_1_761' title='bbox 3228 4663 3443 4713; x_wconf 90' lang='lat' dir='ltr'><strong>constat</strong></span> <span class='ocrx_word' id='word_1_762' title='bbox 3461 4671 3580 4712; x_wconf 86' lang='lat' dir='ltr'><strong>esse</strong></span> 
     </span>
    </p>
   </div>
   <div class='ocr_carea' id='block_1_110' title="bbox 1981 4751 3135 4824">
    <p class='ocr_par' dir='ltr' id='par_1_110' title="bbox 1981 4751 3135 4824">
     <span class='ocr_line' id='line_1_112' title="bbox 1981 4751 3135 4824; baseline -0.003 -16"><span class='ocrx_word' id='word_1_763' title='bbox 1981 4761 2278 4824; x_wconf 88' lang='lat' dir='ltr'><strong>repertum,</strong></span> <span class='ocrx_word' id='word_1_764' title='bbox 2310 4751 2520 4822; x_wconf 88' lang='lat' dir='ltr'><strong>perpeti</strong></span> <span class='ocrx_word' id='word_1_765' title='bbox 2543 4751 2835 4806; x_wconf 87' lang='lat' dir='ltr'><strong>devotione</strong></span> <span class='ocrx_word' id='word_1_766' title='bbox 2865 4757 3135 4806; x_wconf 83' lang='lat' dir='ltr'><strong>teneatur.</strong></span> 
     </span>
    </p>
   </div>
   <div class='ocr_carea' id='block_1_111' title="bbox 2475 4881 3086 4939">
    <p class='ocr_par' dir='ltr' id='par_1_111' title="bbox 2475 4881 3086 4939">
     <span class='ocr_line' id='line_1_113' title="bbox 2475 4881 3086 4939; baseline 0.002 -1"><span class='ocrx_word' id='word_1_767' title='bbox 2475 4881 2809 4938; x_wconf 83' lang='lat' dir='ltr'><strong>EPISTOLA</strong></span> <span class='ocrx_word' id='word_1_768' title='bbox 2849 4881 3086 4939; x_wconf 73' lang='lat' dir='ltr'><strong>XXXIV.</strong></span> 
     </span>
    </p>
   </div>
   <div class='ocr_carea' id='block_1_112' title="bbox 2331 4991 3242 5032">
    <p class='ocr_par' dir='ltr' id='par_1_112' title="bbox 2331 4991 3242 5032">
     <span class='ocr_line' id='line_1_114' title="bbox 2331 4991 3242 5032; baseline -0.001 -1"><span class='ocrx_word' id='word_1_769' title='bbox 2331 4991 2486 5031; x_wconf 69' lang='grc' dir='ltr'><strong>Μ]υῶ</strong></span> <span class='ocrx_word' id='word_1_770' title='bbox 2515 4991 2690 5032; x_wconf 71' lang='lat' dir='ltr'><strong>SAJONI</strong></span> <span class='ocrx_word' id='word_1_771' title='bbox 2720 4991 3089 5032; x_wconf 70' lang='grc' dir='ltr'><strong>τηεουοιιιευε</strong></span> <span class='ocrx_word' id='word_1_772' title='bbox 3115 4991 3242 5031; x_wconf 60' lang='grc' dir='ltr'><strong>κεί.</strong></span> 
     </span>
    </p>
   </div>
   <div class='ocr_carea' id='block_1_113' title="bbox 1991 5065 3581 5132">
    <p class='ocr_par' dir='ltr' id='par_1_113' title="bbox 1991 5065 3581 5132">
     <span class='ocr_line' id='line_1_115' title="bbox 1991 5065 3581 5132; baseline -0.001 -10"><span class='ocrx_word' id='word_1_773' title='bbox 1991 5065 2232 5123; x_wconf 86' lang='lat' dir='ltr'><strong>Decernit</strong></span> <span class='ocrx_word' id='word_1_774' title='bbox 2261 5074 2319 5121; x_wconf 88' lang='lat' dir='ltr'><strong>ut</strong></span> <span class='ocrx_word' id='word_1_775' title='bbox 2345 5067 2459 5122; x_wconf 85' lang='lat' dir='ltr'><strong>loca</strong></span> <span class='ocrx_word' id='word_1_776' title='bbox 2488 5067 2642 5120; x_wconf 82' lang='lat' dir='ltr'><strong>adeat</strong></span> <span class='ocrx_word' id='word_1_777' title='bbox 2659 5066 2745 5121; x_wconf 82' lang='lat' dir='ltr'><strong>ubi</strong></span> <span class='ocrx_word' id='word_1_778' title='bbox 2769 5067 2996 5121; x_wconf 74' lang='lat' dir='ltr'><strong>thesauri</strong></span> <span class='ocrx_word' id='word_1_779' title='bbox 3018 5067 3200 5131; x_wconf 83' lang='lat' dir='ltr'><strong>latent,</strong></span> <span class='ocrx_word' id='word_1_780' title='bbox 3230 5075 3300 5132; x_wconf 87' lang='lat' dir='ltr'><strong>et,</strong></span> <span class='ocrx_word' id='word_1_781' title='bbox 3322 5067 3371 5121; x_wconf 87' lang='lat' dir='ltr'><strong>si</strong></span> <span class='ocrx_word' id='word_1_782' title='bbox 3391 5068 3581 5120; x_wconf 70' lang='lat' dir='ltr'><strong>inventi</strong></span> 
     </span>
    </p>
   </div>
   <div class='ocr_carea' id='block_1_114' title="bbox 2361 5135 3210 5209">
    <p class='ocr_par' dir='ltr' id='par_1_114' title="bbox 2361 5135 3210 5209">
     <span class='ocr_line' id='line_1_116' title="bbox 2361 5135 3210 5209; baseline 0 -18"><span class='ocrx_word' id='word_1_783' title='bbox 2361 5137 2571 5209; x_wconf 76' lang='lat' dir='ltr'><strong>fuerint,</strong></span> <span class='ocrx_word' id='word_1_784' title='bbox 2603 5138 2732 5208; x_wconf 72' lang='lat' dir='ltr'><strong>ﬁsco</strong></span> <span class='ocrx_word' id='word_1_785' title='bbox 2757 5136 2968 5191; x_wconf 85' lang='lat' dir='ltr'><strong>addicat</strong></span> <span class='ocrx_word' id='word_1_786' title='bbox 2989 5135 3210 5208; x_wconf 82' lang='lat' dir='ltr'><strong>publica.</strong></span> 
     </span>
    </p>
   </div>
   <div class='ocr_carea' id='block_1_115' title="bbox 2061 5225 3582 5285">
    <p class='ocr_par' dir='ltr' id='par_1_115' title="bbox 2061 5225 3582 5285">
     <span class='ocr_line' id='line_1_117' title="bbox 2061 5225 3582 5285; baseline -0.003 -3"><span class='ocrx_word' id='word_1_787' title='bbox 2061 5227 2366 5285; x_wconf 70' lang='lat' dir='ltr'><strong>Prudentia)</strong></span> <span class='ocrx_word' id='word_1_788' title='bbox 2394 5245 2512 5284; x_wconf 83' lang='lat' dir='ltr'><strong>mos</strong></span> <span class='ocrx_word' id='word_1_789' title='bbox 2535 5237 2620 5284; x_wconf 88' lang='lat' dir='ltr'><strong>cst</strong></span> <span class='ocrx_word' id='word_1_790' title='bbox 2646 5229 2701 5283; x_wconf 88' lang='lat' dir='ltr'><strong>in</strong></span> <span class='ocrx_word' id='word_1_791' title='bbox 2748 5228 3012 5284; x_wconf 89' lang='lat' dir='ltr'><strong>bumauos</strong></span> <span class='ocrx_word' id='word_1_792' title='bbox 3042 5242 3170 5282; x_wconf 86' lang='lat' dir='ltr'><strong>usus</strong></span> <span class='ocrx_word' id='word_1_793' title='bbox 3204 5227 3364 5284; x_wconf 85' lang='lat' dir='ltr'><strong>terris</strong></span> <span class='ocrx_word' id='word_1_794' title='bbox 3403 5225 3582 5282; x_wconf 85' lang='lat' dir='ltr'><strong>abdita</strong></span> 
     </span>
    </p>
   </div>
   <div class='ocr_carea' id='block_1_116' title="bbox 2061 5395 3585 5470">
    <p class='ocr_par' dir='ltr' id='par_1_116' title="bbox 2061 5395 3585 5470">
     <span class='ocr_line' id='line_1_118' title="bbox 2061 5395 3585 5470; baseline -0.005 -15"><span class='ocrx_word' id='word_1_795' title='bbox 2061 5397 2088 5438; x_wconf 75' lang='grc' dir='ltr'><strong><em>ἀ</em></strong></span> <span class='ocrx_word' id='word_1_796' title='bbox 2119 5399 2189 5455; x_wconf 88' lang='lat' dir='ltr'><strong>Ut</strong></span> <span class='ocrx_word' id='word_1_797' title='bbox 2210 5399 2374 5467; x_wconf 87' lang='lat' dir='ltr'><strong>judex</strong></span> <span class='ocrx_word' id='word_1_798' title='bbox 2403 5400 2544 5455; x_wconf 85' lang='lat' dir='ltr'><strong>male</strong></span> <span class='ocrx_word' id='word_1_799' title='bbox 2567 5397 2880 5470; x_wconf 76' lang='lat' dir='ltr'><strong>iudicando.</strong></span> <span class='ocrx_word' id='word_1_800' title='bbox 2913 5396 3061 5470; x_wconf 81' lang='lat' dir='ltr'><strong>litem</strong></span> <span class='ocrx_word' id='word_1_801' title='bbox 3103 5412 3258 5470; x_wconf 83' lang='lat' dir='ltr'><strong>suam</strong></span> <span class='ocrx_word' id='word_1_802' title='bbox 3299 5395 3476 5470; x_wconf 83' lang='lat' dir='ltr'><strong>facere</strong></span> <span class='ocrx_word' id='word_1_803' title='bbox 3506 5397 3585 5450; x_wconf 78' lang='lat' dir='ltr'><strong>tli-</strong></span> 
     </span>
    </p>
   </div>
   <div class='ocr_carea' id='block_1_117' title="bbox 1985 5468 3582 5595">
    <p class='ocr_par' dir='ltr' id='par_1_117' title="bbox 1985 5468 3582 5595">
     <span class='ocr_line' id='line_1_119' title="bbox 1985 5468 3582 5595; baseline -0.001 -71"><span class='ocrx_word' id='word_1_804' title='bbox 1985 5472 2144 5595; x_wconf 58' lang='grc' dir='ltr'>ἶριιιτ.</span> <span class='ocrx_word' id='word_1_805' title='bbox 2181 5471 2398 5528; x_wconf 79' lang='lat' dir='ltr'><strong>Publius</strong></span> <span class='ocrx_word' id='word_1_806' title='bbox 2421 5468 2652 5526; x_wconf 77' lang='lat' dir='ltr'><strong>Mimos:</strong></span> <span class='ocrx_word' id='word_1_807' title='bbox 2686 5469 2856 5524; x_wconf 84' lang='lat' dir='ltr'><strong>Amici</strong></span> <span class='ocrx_word' id='word_1_808' title='bbox 2878 5469 3006 5523; x_wconf 86' lang='lat' dir='ltr'><strong>vitia</strong></span> <span class='ocrx_word' id='word_1_809' title='bbox 3031 5469 3078 5524; x_wconf 90' lang='lat' dir='ltr'><strong>si</strong></span> <span class='ocrx_word' id='word_1_810' title='bbox 3103 5468 3262 5534; x_wconf 79' lang='lat' dir='ltr'><strong>feras,</strong></span> <span class='ocrx_word' id='word_1_811' title='bbox 3304 5468 3439 5522; x_wconf 86' lang='lat' dir='ltr'><strong>fucis</strong></span> <span class='ocrx_word' id='word_1_812' title='bbox 3472 5476 3582 5522; x_wconf 83' lang='lat' dir='ltr'><strong>tua.</strong></span> 
     </span>
     <span class='ocr_line' id='line_1_120' title="bbox 2034 5558 2157 5595; baseline 0.008 -1"><span class='ocrx_word' id='word_1_813' title='bbox 2034 5558 2157 5595; x_wconf 54' lang='lat' dir='ltr'><strong>nam</strong></span> 
     </span>
    </p>
   </div>
   <div class='ocr_carea' id='block_1_118' title="bbox 2034 5558 2157 5596">
    <p class='ocr_par' dir='ltr' id='par_1_118' title="bbox 2034 5558 2157 5596">
     <span class='ocr_line' id='line_1_121' title="bbox 2034 5558 2157 5596; baseline 0.016 -2"><span class='ocrx_word' id='word_1_814' title='bbox 2034 5558 2157 5596; x_wconf 68' lang='lat' dir='ltr'><strong>URN.</strong></span> 
     </span>
    </p>
   </div>
   <div class='ocr_carea' id='block_1_119' title="bbox 2063 5609 3584 5682">
    <p class='ocr_par' dir='ltr' id='par_1_119' title="bbox 2063 5609 3584 5682">
     <span class='ocr_line' id='line_1_122' title="bbox 2063 5609 3584 5682; baseline -0.004 -15"><span class='ocrx_word' id='word_1_815' title='bbox 2063 5625 2086 5650; x_wconf 73' lang='grc' dir='ltr'>ε</span> <span class='ocrx_word' id='word_1_816' title='bbox 2116 5613 2317 5668; x_wconf 82' lang='lat' dir='ltr'><strong>Gellius</strong></span> <span class='ocrx_word' id='word_1_817' title='bbox 2345 5613 2434 5667; x_wconf 82' lang='lat' dir='ltr'><strong>lib.</strong></span> <span class='ocrx_word' id='word_1_818' title='bbox 2465 5627 2524 5679; x_wconf 90' lang='grc' dir='ltr'>ιι,</span> <span class='ocrx_word' id='word_1_819' title='bbox 2549 5625 2669 5682; x_wconf 83' lang='lat' dir='ltr'><strong>cap.</strong></span> <span class='ocrx_word' id='word_1_820' title='bbox 2699 5609 2788 5676; x_wconf 72' lang='lat'><strong>29,</strong></span> <span class='ocrx_word' id='word_1_821' title='bbox 2813 5609 3051 5666; x_wconf 80' lang='lat' dir='ltr'><strong>adunare</strong></span> <span class='ocrx_word' id='word_1_822' title='bbox 3079 5625 3331 5673; x_wconf 76' lang='lat' dir='ltr'><strong>messem,</strong></span> <span class='ocrx_word' id='word_1_823' title='bbox 3358 5617 3584 5664; x_wconf 83' lang='lat' dir='ltr'><strong>tractum</strong></span> 
     </span>
    </p>
   </div>
   <div class='ocr_carea' id='block_1_120' title="bbox 1991 5683 3586 5754">
    <p class='ocr_par' dir='ltr' id='par_1_120' title="bbox 1991 5683 3586 5754">
     <span class='ocr_line' id='line_1_123' title="bbox 1991 5683 3586 5754; baseline -0.005 -17"><span class='ocrx_word' id='word_1_824' title='bbox 1991 5699 2022 5736; x_wconf 89' lang='lat' dir='ltr'><strong>a</strong></span> <span class='ocrx_word' id='word_1_825' title='bbox 2048 5683 2256 5746; x_wconf 73' lang='lat' dir='ltr'><strong>Gneco,</strong></span> <span class='ocrx_word' id='word_1_826' title='bbox 2284 5683 2594 5754; x_wconf 20' lang='lat' dir='ltr'><strong>quiieodem</strong></span> <span class='ocrx_word' id='word_1_827' title='bbox 2623 5699 2795 5754; x_wconf 87' lang='lat' dir='ltr'><strong>sensu</strong></span> <span class='ocrx_word' id='word_1_828' title='bbox 2815 5685 3066 5754; x_wconf 70' lang='grc' dir='ltr'><strong>ἡνωμένον</strong></span> <span class='ocrx_word' id='word_1_829' title='bbox 3090 5691 3145 5736; x_wconf 85' lang='lat' dir='ltr'><strong>et</strong></span> <span class='ocrx_word' id='word_1_830' title='bbox 3182 5701 3456 5753; x_wconf 69' lang='grc' dir='ltr'><strong>συνημενου</strong></span> <span class='ocrx_word' id='word_1_831' title='bbox 3489 5696 3586 5732; x_wconf 80' lang='lat' dir='ltr'><strong>V0-</strong></span> 
     </span>
    </p>
   </div>
   <div class='ocr_carea' id='block_1_121' title="bbox 1990 5753 3584 5822">
    <p class='ocr_par' dir='ltr' id='par_1_121' title="bbox 1990 5753 3584 5822">
     <span class='ocr_line' id='line_1_124' title="bbox 1990 5753 3584 5822; baseline -0.002 -16"><span class='ocrx_word' id='word_1_832' title='bbox 1990 5763 2136 5816; x_wconf 85' lang='lat' dir='ltr'><strong>eaut,</strong></span> <span class='ocrx_word' id='word_1_833' title='bbox 2187 5755 2220 5807; x_wconf 95' lang='lat' dir='ltr'><strong>l.</strong></span> <span class='ocrx_word' id='word_1_834' title='bbox 2255 5755 2342 5816; x_wconf 74' lang='lat'><strong>50,</strong></span> <span class='ocrx_word' id='word_1_835' title='bbox 2379 5753 2597 5818; x_wconf 65' lang='lat' dir='ltr'><strong>Iterum,</strong></span> <span class='ocrx_word' id='word_1_836' title='bbox 2655 5754 2714 5807; x_wconf 82' lang='grc' dir='ltr'><strong>Ι).</strong></span> <span class='ocrx_word' id='word_1_837' title='bbox 2771 5753 2838 5807; x_wconf 84' lang='lat' dir='ltr'><strong>de</strong></span> <span class='ocrx_word' id='word_1_838' title='bbox 2881 5753 3101 5821; x_wconf 60' lang='lat' dir='ltr'><strong>uSucap.</strong></span> <span class='ocrx_word' id='word_1_839' title='bbox 3134 5754 3282 5806; x_wconf 85' lang='lat' dir='ltr'><strong>unita</strong></span> <span class='ocrx_word' id='word_1_840' title='bbox 3313 5766 3540 5822; x_wconf 72' lang='lat' dir='ltr'><strong>corpora</strong></span> <span class='ocrx_word' id='word_1_841' title='bbox 3570 5767 3584 5815; x_wconf 87' lang='lat'><strong>;</strong></span> 
     </span>
    </p>
   </div>
   <div class='ocr_carea' id='block_1_122' title="bbox 1990 5823 3217 5896">
    <p class='ocr_par' dir='ltr' id='par_1_122' title="bbox 1990 5823 3217 5896">
     <span class='ocr_line' id='line_1_125' title="bbox 1990 5823 3217 5896; baseline -0.001 -16"><span class='ocrx_word' id='word_1_842' title='bbox 1990 5825 2215 5882; x_wconf 62' lang='lat' dir='ltr'><strong>Senecae</strong></span> <span class='ocrx_word' id='word_1_843' title='bbox 2242 5825 2333 5882; x_wconf 78' lang='grc' dir='ltr'><strong>Ιώ.</strong></span> <span class='ocrx_word' id='word_1_844' title='bbox 2367 5841 2423 5892; x_wconf 87' lang='grc' dir='ltr'>ιι,</span> <span class='ocrx_word' id='word_1_845' title='bbox 2455 5841 2574 5896; x_wconf 87' lang='lat' dir='ltr'><strong>cap.</strong></span> <span class='ocrx_word' id='word_1_846' title='bbox 2599 5824 2652 5890; x_wconf 79' lang='lat'><strong>‘2,</strong></span> <span class='ocrx_word' id='word_1_847' title='bbox 2671 5825 2792 5880; x_wconf 81' lang='lat' dir='ltr'><strong>Nat.</strong></span> <span class='ocrx_word' id='word_1_848' title='bbox 2815 5825 3014 5889; x_wconf 70' lang='lat' dir='ltr'><strong>Qumst.</strong></span> <span class='ocrx_word' id='word_1_849' title='bbox 3052 5823 3217 5880; x_wconf 57' lang='grc' dir='ltr'><strong>ἰδυίας.</strong></span> 
     </span>
    </p>
   </div>
  </div>
