3974 6402
457 380 553 434 031

1663 374 1734 429 Μ.
1777 371 2056 429 Αυιιιῖιιι
2093 369 2488 429 CASSIODOBI

3619 363 3731 423 632

454 491 654 549 talenta
678 507 952 555 revocare,
984 490 1474 559 commerciumque
1503 487 1798 543 viventium
1821 502 1924 542 non
1949 485 2026 542 di-
2055 491 2108 550 Α
2130 484 2451 542 beneficium
2479 485 2625 553 leges
2645 483 3022 540 sacratissima
3049 483 3436 554 praestiterunt,
3482 482 3731 553 nihilque

451 599 577 642 cere
599 590 930 638 mortuorum
961 598 974 634 :
1016 579 1141 650 quia
1168 587 1222 635 et
1251 578 1406 634 nobis
1435 577 1487 632 in
1516 575 1657 632 fossa
1689 585 1936 646 pereunt,
1975 583 2031 630 et

452 673 556 731 illis
583 673 639 728 in
667 673 810 726 nulla
841 679 997 742 parte
1029 669 1310 742 profutura
1339 669 1652 738 linquuntur
1677 667 1816 742 [atii,
1849 667 2031 722 locan-

451 760 582 833 tur].
610 761 944 816 Metallorum
965 758 1165 830 quippe
1204 759 1434 813 ambitus
1458 757 1649 814 solatia
1691 764 1816 814 sunt
1856 757 2032 812 homi-

453 868 599 910 num.
631 851 764 906 Nam
788 849 968 907 divitis
995 851 1110 905 auri
1138 865 1276 906 vena
1299 849 1489 904 similis
1509 858 1592 906 est
1613 848 1830 918 reliqua:
1853 855 2032 916 terras,

451 945 497 1001 si
521 945 733 1014 jaceat:
767 959 883 1010 usu,
915 942 1107 998 crescit
1152 941 1220 996 ad
1247 941 1498 1012 pretium,
1543 939 1758 1010 quando
1795 947 1851 993 et
1893 937 2034 1008 apud

454 1035 606 1090 vivos
633 1033 840 1104 sepulta
867 1039 1010 1095 sunt,
1043 1045 1163 1100 quze
1191 1030 1458 1086 tenacium
1486 1028 1730 1084 manibus
1751 1027 2034 1084 includun-

453 1131 564 1180 tur.
592 1123 767 1194 Atque
791 1120 912 1177 ideo
931 1120 1204 1176 moderata
1227 1119 1470 1190 jussione
1494 1117 1854 1184 decernimus,
1877 1125 1938 1172 ut
1968 1116 2036 1171 ad

455 1213 602 1268 illum
631 1213 812 1268 locum
839 1212 895 1266 in
932 1224 1042 1280 quo
1066 1209 1236 1266 latere
1262 1209 1492 1280 plurima
1531 1216 1910 1278 suggeruntur,
1936 1207 2036 1262 sub

456 1301 672 1370 publica
701 1299 1078 1357 testiﬁcatione
1105 1299 1430 1364 convenias;
1463 1307 1518 1354 et
1547 1298 1592 1352 si
1635 1313 1844 1363 aurum,
1873 1304 1933 1351 ut
1957 1295 2040 1351 di-

456 1394 616 1462 citur,
643 1393 728 1448 vel
757 1399 1034 1463 argentum
1064 1390 1224 1446 fuerit
1253 1399 1344 1446 tua
1373 1389 1717 1459 inalagatione
1743 1389 2036 1456 detectum,

460 1483 775 1554 compendio
802 1482 1016 1552 publico
1050 1481 1276 1536 fideliter
1297 1480 1591 1536 viudicabis
1618 1497 1632 1532 :
1665 1477 1739 1533 ita
1773 1487 1952 1532 tamen
1980 1487 2039 1532 ut

455 1573 726 1629 abstineas
797 1587 986 1628 manus
1016 1587 1048 1626 a
1072 1570 1342 1628 cineribus
1370 1577 1727 1632 mortuorum,
1773 1567 1899 1636 quia
1939 1581 2039 1620 no-

457 1661 630 1718 lumus
669 1661 814 1717 lucra
840 1662 1003 1730 quaari
1037 1675 1158 1731 qua:
1197 1675 1295 1730 per
1329 1659 1539 1714 funesta
1573 1669 1799 1731 possunt
1837 1658 2040 1714 scelera

2134 585 2216 634 est
2243 575 2389 646 quod
2427 576 2551 646 jure
2593 583 2784 632 contra
2813 573 3108 640 referatur;
3160 583 3454 644 patronum
3483 582 3731 630 vestrum

2131 666 2445 722 solemniter
2463 680 2623 722 causa
2643 665 2858 733 cognita
2904 664 2958 718 in
2987 663 3256 732 integrum
3295 663 3513 718 restitui
3537 671 3731 719 nostra

2131 772 2348 829 quoque
2373 757 2637 828 permittit
2658 755 2976 811 auctoritas.
3019 753 3101 809 lta
3129 763 3311 809 tamen
3341 761 3404 808 ut
3427 753 3615 809 omnia
3644 767 3734 808 se-

2132 845 2368 902 cundum
2411 845 2674 916 justitiam
2722 844 2974 913 legesque
3020 851 3387 915 peragantur,
3468 842 3598 914 quia
3653 843 3734 897 sic

2133 936 2559 1008 supplicantibus
2591 935 2878 992 consulere
2903 933 3173 998 volumus,
3212 941 3273 988 ut
3299 948 3493 990 eorum
3536 931 3728 988 adver-

2134 1025 2307 1082 sarios
2335 1040 2433 1097 per
2450 1024 2765 1094 iniustitiam
2791 1039 2902 1080 non
2925 1035 3227 1093 gravemus.

2561 1162 2664 1232 71
2695 1157 3030 1214 EPISTOLA
3056 1156 3296 1212 χχχιι.

2245 1266 2445 1306 FAUS'I‘O
2470 1265 2760 1306 PBJSFECTO
2788 1264 3068 1305 Ριιιιτοιιιο
3099 1263 3463 1304 τιιεοιιοιιιίιυε
3490 1264 3626 1303 REX.

2142 1343 2420 1465 Signiﬁcat
2463 1359 2519 1398 se
2558 1339 2960 1424 provincialibus
2988 1342 3198 1412 Alpium
3225 1340 3518 1396 Cottiarum
3562 1359 3735 1398 assem

2212 1431 2275 1465 nu
2314 1417 2471 1465 ticum
2497 1430 2587 1465 uer
2606 1429 2660 1465 ill
2678 1411 3011 1465 indictionem
3035 1411 3324 1465 relaxasse.
3348 1428 3574 1465 auorum
3615 1423 3735 1465 sata

2211 1411 2471 1495 publicum
2496 1411 2587 1482 per
2606 1411 3011 1495 iniudictionem
3035 1411 3324 1479 relaxasse,
3348 1428 3574 1484 quorum
3615 1423 3736 1466 sata

2214 1489 2466 1537 transiens
2494 1489 2748 1537 exercitus
2769 1489 3074 1536 vastaverat.

2211 1591 2669 1648 Providentissimi
2715 1591 2974 1662 principis
3016 1601 3103 1647 est
3146 1591 3388 1661 graviter
3431 1591 3740 1648 imminutis

2139 1683 2444 1751 relinquere
2473 1681 2806 1736 tributariam
2836 1681 3186 1748 functionem,
3231 1691 3288 1737 ut
3315 1683 3580 1739 redivivis
3619 1697 3737 1740 stu-

458 1752 697 1824 τερετίτί·
731 1751 1186 1844 Ᾰὲιιίθοίειίιεεειηι
1213 1751 1444 1844 Cineres,
1475 1749 1756 1815 θοιιιηιηῖθν
1780 1749 1864 1804 νει
1895 1765 2038 1844 ξηδῦ
2142 1770 2244 1825 diis
2279 1749 2346 1824 ad
2391 1769 2662 1840 implenda
2709 1770 2968 1826 solemnia
3015 1779 3360 1838 recreentur,
3413 1771 3512 1840 qui
3563 1775 3740 1844 pressi

459 1859 607 1900 mora
635 1851 831 1900 ornent
857 1843 1135 1913 sepulcra;
1181 1841 1382 1897 talenta
1421 1856 1528 1896 non
1558 1849 1794 1907 teneant,
1823 1841 1915 1910 qui
1953 1840 2037 1894 vi-

2163 1859 2457 1912 Iamuorum
2487 1857 2782 1912 acerbitate
2809 1857 3136 1912 defecerant.
3183 1857 3319 1913 Nam
3365 1859 3414 1913 si
3441 1840 3608 1915 fessis
3632 1861 3740 1916 mi-

459 1935 617 1990 νειιάί
647 1933 966 1990 οοωῐηθτοίθ
993 1933 1342 2023 τθιξειιιεωηι·
1374 1931 1578 2023 Aurum
1610 1931 1753 2023 enim
1782 1931 2042 2023 εθρυιςενῖε
2144 1947 2288 2003 nime
2309 1947 2578 2003 relevetur
2603 1963 2760 2015 onus,
2790 1948 3116 2004 necessitate
3136 1949 3376 2005 cernitur
3399 1954 3590 2021 jacere
3613 1968 3740 2023 pro-

459 2025 600 2094 iuste
620 2023 939 2090 detrahitur,
955 2023 1044 2078 ubi
1060 2021 1312 2078 dominus
1331 2036 1440 2076 non
1461 2021 1718 2076 habetur:
1737 2021 1846 2075 imo
1873 2020 2042 2091 culpa:

460 2128 629 2183 genus
663 2121 766 2182 est,
809 2112 1070 2167 inutiliter
1097 2111 1289 2167 abditis
1323 2109 1468 2185 [Con
1501 2109 1680 2180 Cum,
1707 2108 1912 2182 abdita]
1957 2125 2044 2166 re-

461 2205 702 2276 linquere
744 2213 1099 2270 mortuorum,
1135 2203 1275 2258 unde
1297 2217 1358 2258 se
1385 2201 1494 2258 vita
1522 2210 1706 2274 potest
1743 2210 2046 2258 sustentare

462 2293 786 2350 viventium;
830 2293 948 2349 Non
1007 2301 1093 2349 est
1149 2293 1292 2350 enim
1339 2293 1604 2364 cupiditas
1647 2294 1877 2365 eripere,
1925 2309 2046 2366 quas

462 2384 639 2440 nullus
664 2399 726 2440 se
751 2383 1000 2440 dominus
1028 2384 1343 2452 ingemiscat
1369 2384 1612 2442 amisisse
1636 2393 1684 2440 ιι.
1713 2384 1878 2440 Primi
1903 2386 2047 2440 enim

463 2473 715 2529 dicuntur
739 2487 930 2528 aurum
965 2471 1158 2542 Eacus,
1188 2481 1468 2543 argentum
1506 2472 1666 2530 lndus
1693 2488 1790 2530 rex
1817 2474 2048 2546 Scythiae

465 2565 750 2636 reperisse,
781 2572 838 2622 et
863 2565 1101 2620 humano
1138 2566 1258 2622 usui
1305 2580 1514 2622 summa
1561 2565 1720 2622 laude
1743 2566 2046 2622 tradidisse.

471 2654 629 2724 Quod
655 2669 757 2712 nos
801 2655 857 2710 in
881 2656 1212 2712 contrarium
1240 2655 1510 2726 negligere
1541 2671 1648 2712 non
1676 2655 1950 2722 debemus,
1984 2671 2052 2712 ne

467 2745 609 2803 sicut
651 2745 870 2802 latentia
895 2761 1017 2802 cum
1062 2745 1223 2802 laude
1267 2753 1395 2801 sunt
1438 2745 1672 2816 prodita,
1716 2747 1792 2802 ita
1832 2747 2050 2803 inventa

469 2850 597 2892 cum
621 2835 1018 2906 vituperatione
1043 2834 1330 2890 videantur
1356 2849 1475 2889 esse
1505 2835 1768 2904 neglecta.
1845 2845 1852 2853 '

983 2963 1310 3022 EPISTOLA
1345 2963 1559 3021 XXXV.

760 3071 1046 3114 ACTORIBUS
1073 3071 1244 3111 ALBINI
1272 3070 1634 3112 THBODORICIJS
1659 3071 1784 3110 REX.

479 3146 741 3204 Permittit
761 3156 818 3200 ut
845 3145 980 3201 bona
999 3145 1192 3212 Albini,
1224 3146 1268 3200 si
1281 3163 1372 3216 per
1389 3154 1590 3200 (etatem
1609 3145 1782 3214 liceat,
1802 3145 2055 3216 calcisque

2143 2049 2364 2098 stratus.
2397 2041 2585 2098 Melius
2611 2049 2696 2097 est
2723 2041 2866 2096 enim
2905 2041 3191 2112 praasentia
3236 2039 3438 2097 damna
3487 2053 3742 2100 contem~

2146 2145 2296 2196 nere,
2341 2144 2502 2201 quam
2542 2130 2736 2202 exiguo
2763 2139 2971 2200 qumstu
3012 2138 3274 2202 perpetua
3303 2133 3599 2189 commoda
3628 2151 3741 2190 non

2145 2222 2362 2278 habere.
2399 2221 2578 2292 Atque
2623 2222 2744 2277 ideo
2771 2223 2992 2277 illustris
3023 2221 3421 2292 magnificentia
3465 2233 3563 2280 tua
3608 2243 3744 2298 pro-

2146 2312 2462 2370 vincialibus
2491 2313 2706 2383 Alpium
2750 2311 3048 2368 Cottiarum
3100 2329 3276 2370 assem
3325 2315 3605 2384 publicum
3641 2332 3740 2388 per

2149 2405 2361 2460 tertiam
2391 2404 2734 2461 indictionem
2767 2405 2844 2476 (id
2871 2417 2967 2469 est,
2999 2424 3088 2461 an.
3125 2405 3249 2461 Chr.
3279 2406 3412 2478 5|0)
3463 2424 3568 2464 nos
3597 2411 3743 2464 rela-

2150 2509 2309 2550 xasse
2361 2503 2680 2564 cognoscat;
2729 2511 2864 2566 quos
2915 2497 3180 2551 transiens
3222 2505 3412 2552 noster
3463 2499 3746 2556 exercitus

2150 2598 2302 2640 more
2327 2582 2578 2652 ﬂuminis,
2609 2584 2736 2640 dum
2772 2586 2974 2655 irrigat,
3001 2587 3290 2657 oppressit.
3315 2587 3453 2644 Nam
3483 2590 3615 2646 licet
3641 2607 3748 2662 pro

2151 2675 2388 2746 generali
2429 2675 2720 2731 securitate
2747 2674 2995 2732 frementi
3024 2677 3360 2734 aduuatione
3404 2679 3749 2750 proruperit,

2152 2765 2468 2835 praeteriens
2497 2773 2675 2820 tamen
2705 2765 2928 2822 istarum
2957 2767 3104 2822 culta
3131 2769 3383 2823 vastavit.
3415 2768 3584 2825 Radit
3602 2770 3750 2831 enim

2153 2869 2370 2925 semper
2387 2852 2578 2910 fluvius
2607 2855 2820 2911 alveum
2859 2871 3046 2922 suum;
3077 2865 3134 2912 et
3160 2857 3288 2914 licet
3319 2858 3562 2914 molliter
3588 2873 3750 2928 egre-

2155 2943 2306 3000 diens
2334 2945 2504 3000 vicina
2533 2943 2804 3014 fecundet,
2835 2946 2966 3002 illud
2988 2955 3164 3003 tamen
3196 2947 3373 3003 reddit
3400 2949 3617 3020 sterile,
3639 2967 3751 3022 quo

2156 3034 2413 3090 collectus
2443 3032 2730 3090 influxerit.
2763 3033 2916 3092 Unde
2944 3050 3168 3092 necesse
3195 3036 3315 3104 fuit,
3362 3039 3538 3094 civica
3565 3050 3750 3097 vasta-

2160 3125 2307 3181 tione
2333 3125 2554 3196 dejectis
2581 3127 2857 3200 porrigere
2885 3126 3130 3182 dextram
3155 3129 3475 3199 salutarem,
3527 3147 3635 3188 nec
3664 3133 3752 3188 in-

549 3217 747 3280 iustitia
769 3225 817 3271 et
845 3216 1039 3300 legibus
1065 3218 1118 3300 in
1139 3217 1393 3298 integrum
1418 3216 1848 3300 restituanturhin
1873 3216 2052 3300 quiin“
2081 3224 2126 3288 ρ
2155 3221 2294 3290 grati
2321 3221 2502 3278 dicant
2531 3237 2590 3278 se
2618 3224 2840 3300 periisse
2869 3223 3016 3280 solos
3042 3239 3142 3295 pro
3170 3223 3493 3283 defensione
3521 3236 3754 3284 cuncto-

549 3303 640 3356 per
657 3303 842 3358 pravos
869 3285 1159 3342 contractus
1183 3285 1364 3356 gravia
1390 3301 1574 3354 passus
1600 3295 1712 3340 erat
1741 3285 2030 3354 dispendia.

553 3401 814 3456 Consulto
841 3400 1064 3472 provida
1083 3399 1320 3456 decrevit
1341 3399 1652 3471 antiquitas,
1678 3398 1911 3455 Minores
1935 3415 2060 3454 con-

482 3500 686 3547 tractus
729 3491 930 3546 liberos
956 3506 1064 3546 non
1090 3490 1290 3546 habere
1321 3489 1372 3558 δ,
1403 3497 1464 3546 ιιι
1489 3497 1544 3546 et
1578 3489 1942 3547 insidiantium
1980 3489 2060 3545 la-

484 3580 612 3654 quei
637 3593 662 3622 ο
693 3581 1096 3650 frustrarentur,
1137 3589 1194 3638 et
1227 3581 1391 3651 lapsis
1416 3589 1548 3637 aetas
1575 3581 1778 3637 lubrica
1807 3581 2059 3638 subveni-

481 3681 583 3730 ret.
598 3672 925 3730 Obrueretur
935 3672 1132 3744 quippe
1153 3673 1478 3740 innocentia,
1491 3671 1534 3728 si
1551 3671 1884 3728 relaxaretur
1903 3671 2061 3726 auda-

481 3765 608 3831 cia,
663 3773 910 3834 essetque
963 3764 1180 3830 cunctis,
1217 3761 1432 3818 fallendi
1484 3763 1740 3830 studium,
1804 3763 1851 3818 si
1912 3762 2058 3818 fraus

481 3852 860 3922 subreptitium
915 3851 1216 3907 lucraretur
1259 3850 1554 3910 elfectum..
1583 3849 1651 3906 Et
1700 3850 1821 3906 idro
1871 3851 2058 3922 prisca:

479 3941 882 3998 consuetudinis
919 3940 1308 4011 supplicatione
1347 3947 1596 4011 porrecta
1617 3939 1918 4008 ,suggeritis
1958 3954 2056 4009 pa-

480 4037 696 4090 tronum
725 4041 962 4088 vestrum
990 4035 1044 4086 in
1073 4031 1229 4088 annis
1263 4029 1560 4086 minoribus
1601 4030 1976 4094 constitutum,
2002 4028 2058 4083 in

481 4121 826 4190 facultatibus
854 4121 966 4176 suis
994 4121 1172 4192 potius
1201 4133 1518 4189 aggregasse
1563 4117 1838 4188 dispendia
1871 4135 1887 4186 ;
1931 4117 2058 4172 dum

479 4215 664 4284 ignara
691 4215 923 4286 pueritia
947 4212 1216 4268 contraria
1251 4211 1408 4280 gerit,
1439 4223 1560 4280 quae
1587 4209 1862 4280 profutura
1901 4218 2058 4280 puta-

477 4305 647 4374 verit;
678 4314 735 4360 et
789 4319 930 4360 nunc
972 4303 1027 4358 id
1056 4311 1268 4372 tempus
1311 4301 1486 4356 etatis
1532 4313 1714 4370 agere,
1744 4315 1852 4372 quo
1893 4301 2057 4371 lapsis

479 4397 746 4468 possimus
773 4411 873 4466 per
909 4395 1266 4464 ignorantiam
1287 4394 1609 4450 subvenire:
1639 4375 1950 4464 allegantes;
1997 4405 2060 4450 ut

480 4488 626 4560 quod
657 4488 779 4559 jura
811 4489 1128 4550 tribuerunt,
1175 4493 1358 4542 nostra
1385 4501 1600 4557 quoque
1641 4486 1900 4554 beneficia
1948 4486 2058 4542 lar-

479 4581 715 4652 giantnr.
762 4580 937 4648 Atque
965 4580 1107 4648 ideo,
1135 4579 1179 4634 si
1208 4579 1396 4649 petitio
1423 4588 1600 4634 vestra
1626 4593 1654 4630 a
1693 4579 1922 4632 veritate
1945 4594 2052 4633 non

478 4671 676 4735 deviat,
715 4677 770 4724 et
819 4671 958 4724 intra
1004 4684 1264 4724 annorum
1313 4667 1483 4738 spatia
1523 4667 1699 4736 deget,
1730 4667 1922 4735 quibus
1953 4666 2055 4722 hoc

553 4815 578 4842 ι
607 4807 653 4860 A
670 4805 790 4874 jure
816 4811 1079 4874 tractum.
1097 4801 1404 4874 Thesaurus
1423 4801 1586 4874 enim,
1611 4798 1826 4874 favente
1858 4798 2047 4863 Paulo,

477 4885 562 4932 est
585 4869 741 4930 vet'us
767 4873 1010 4943 quaedam
1049 4873 1316 4942 depositio
1345 4871 1622 4943 pecuniae,
1637 4869 1788 4936 cujus
1825 4885 1932 4943 non
1957 4885 2050 4943 ex-

475 4954 585 5002 stat
611 4939 888 5006 memoria,
914 4941 1096 5012 utjam
1115 4939 1384 4996 dominum
1410 4957 1518 5012 non
1540 4939 1733 5012 habeat
1757 4955 1772 5004 ;
1803 4939 1882 5012 sic
1907 4939 2049 5012 enim

477 5017 537 5070 lit
563 5015 681 5084 ejus
707 5015 798 5084 qui
826 5008 1052 5084 invenit,
1077 5013 1221 5084 quod
1263 5026 1370 5065 non
1417 5009 1640 5084 alterius
1665 5009 1735 5063 sit
1766 5024 1779 5061 :
1812 5008 2050 5084 alioquin

479 5031 537 5070 ιιι
563 5031 681 5084 ejus
739 5031 798 5074 ,ιιι
826 5031 1046 5073 Invenit.
1077 5031 1221 5082 quou
1263 5031 1370 5065 non
1417 5031 1640 5064 alterius
1665 5031 1735 5063 su
1766 5031 1779 5061 :
1812 5031 2050 5077 auoqutu

479 5087 524 5142 si
549 5087 668 5156 quis
695 5031 895 5156 ahquid
921 5083 1022 5156 vel
1043 5082 1176 5136 lucri
1208 5095 1394 5146 causa,
1417 5079 1504 5134 vel
1530 5086 1722 5156 metus,
1755 5078 1838 5133 vel
1866 5086 2050 5156 custo-

475 5147 584 5211 diai
621 5147 919 5210 condiderit
945 5152 1044 5207 sub
1070 5160 1236 5214 terra,
1273 5166 1380 5204 non
1409 5158 1490 5203 est
1529 5149 1810 5218 thesaurus
1839 5165 1852 5200 :
1880 5147 2052 5218 cujus

475 5226 638 5281 etiam
665 5223 862 5279 furtum
894 5221 968 5275 lit.
1004 5221 1062 5275 L.
1091 5220 1180 5289 5i,
1211 5233 1500 5288 nunquam,
1541 5217 1604 5270 D.
1633 5217 1700 5272 de
1735 5217 1922 5289 aequi.
1942 5217 2051 5289 rer.

475 5296 623 5350 dom.
657 5292 898 5350 Scmvola
932 5291 1023 5346 lib.
1054 5306 1073 5346 ι
1102 5287 1434 5360 responsor.,
1476 5307 1507 5342 a
1537 5295 1715 5360 tutore
1743 5287 1928 5360 pupilli
1955 5287 2055 5360 do-

476 5380 624 5419 mum
653 5370 924 5422 mercatus
961 5361 1030 5415 ad
1069 5355 1557 5430 ejus'refectionem
1585 5355 1792 5412 fabrum
1820 5357 2049 5430 induxit.

377 5489 388 5498 ,
477 5434 528 5504 is
555 5434 836 5504 pecuniam
877 5433 1078 5504 invenit
1099 5426 1128 5482 ’ς
1151 5427 1508 5504 quaeritunad
1554 5441 1712 5504 quem
1765 5426 2051 5504 pertineat.

479 5495 774 5573 Respondit
800 5501 1039 5573 Scaevola
1086 5518 1098 5552 :
1147 5495 1355 5573 Sinon
1396 5497 1633 5554 thesauri
1659 5495 1915 5573 fuerunt,
1957 5497 2052 5552 sed

479 5565 704 5643 pecunia
733 5571 870 5628 forte
893 5571 1124 5643 perdita,
1145 5569 1230 5622 vel
1252 5578 1602 5643 pererrorem
1624 5566 1692 5643 ab
1713 5580 1780 5620 eo
1800 5565 1867 5618 ad
1888 5579 2052 5634 quem

480 5635 781 5711 pertinebat
821 5635 928 5696 non
957 5639 1132 5711 ablata
1173 5655 1185 5690 :
1239 5635 1581 5711 nihilominus
1600 5635 1728 5711 ejus
1747 5649 2054 5711 -eant_esse

482 5703 636 5780 cujus
662 5712 852 5766 fuerat.
885 5711 922 5762 Ι.
955 5708 1046 5772 67,
1067 5723 1097 5761 a
1119 5715 1316 5770 tutore,
1349 5705 1412 5760 D.
1441 5704 1508 5759 de
1536 5704 1614 5760 rei
1639 5703 1836 5780 vindic.
1882 5703 2050 5780 Fons.

556 5772 580 5818 δ’
613 5781 743 5833 Dion
757 5780 944 5850 Chrys.
957 5821 972 5846 ,
987 5783 1102 5856 περὶ
1115 5781 1374 5856 Δἀιττήιςιητιίιιις
1395 5783 1501 5856 rei:
1517 5777 1776 5856 γεωτέροές
1795 5772 2052 5856 rae-auram

485 5851 604 5905 δτῶν
629 5853 774 5921 νόμος
804 5841 888 5904 οὑξ
994 5841 1319 5920 quaealia-1,
1343 5849 1410 5906 ὡς
1435 5841 1846 5904 ἆπίστοιςόὗσιν.
1883 5842 2050 5898 Fons.

2159 3327 2278 3367 rum
2304 3329 2317 3366 :
2350 3315 2676 3369 misceantur
2703 3315 2882 3385 potius
2905 3314 3122 3382 laetitiae,
3151 3317 3244 3386 qui
3276 3317 3421 3372 viam
3451 3317 3626 3374 Italia:
3658 3319 3754 3376 dc-

2161 3401 2464 3459 fensoribus
2505 3405 2884 3475 praestiterunt.
2925 3403 3149 3461 Tributa
3199 3407 3345 3465 enim
3397 3424 3510 3465 non
3555 3409 3755 3466 debent

2161 3493 2342 3548 tristes
2366 3494 2528 3564 exigi,
2559 3510 2656 3566 per
2679 3509 2816 3564 quos
2843 3495 3155 3551 tributarios
3184 3494 3418 3553 feliciter
3465 3499 3755 3569 acquisivi.

2160 3583 2312 3640 Dicat
2339 3601 2438 3656 pro
2465 3587 2570 3645 illis
2613 3596 2797 3642 noster
2819 3587 3048 3654 animus,
3097 3587 3242 3658 quod
3273 3589 3386 3658 regi
3424 3605 3539 3645 non
3571 3599 3756 3662 pateat

2161 3677 2424 3746 imputare
2465 3679 2758 3748 subjectus.
2789 3677 3028 3733 Emimus
3076 3691 3262 3736 nostro
3311 3681 3604 3752 dispendio
3631 3699 3755 3754 prp-

2155 3767 2468 3838 speritatem
2511 3767 2855 3824 Gothorum:
2899 3786 3000 3826 nos
3045 3773 3348 3828 necessaria
3398 3775 3756 3845 przebuimus,

2159 3869 2219 3915 ut
2246 3860 2414 3916 hostis
2437 3860 2745 3917 vinceretur
2770 3859 2992 3917 illaesus.

2626 3991 2961 4054 EPISTOLA
2998 3995 3258 4053 XXXVII.

2217 4101 2613 4144 τιιεοωθιιιωι
2643 4103 2886 4144 ιιιυετιιι
2914 4101 3128 4143 ΡΕΙΙΝΒ
3158 4102 3532 4144 THEODORICUS
3561 4105 3696 4144 ιιι.

2158 4177 2356 4234 Notum
2384 4178 2512 4258 [agit
2539 4175 2798 4258 liquatum
2823 4185 3154 4258 conquestum
3183 4193 3323 4258 esse,
3349 4178 3758 4258 cum‘judieiunt

2228 4245 2408 4320 contra
2438 4247 2769 4320 Inquilinam_
2783 4245 3071 4320 meruisset,
3093 4245 3323 4320 nondum
3353 4245 3532 4320 tamen
3561 4248 3756 4320 aduer-

2227 4319 2356 4373 sarii
2390 4314 2594 4372 cessare
2621 4314 3045 4388 calumniamaet
3081 4315 3227 4385 jubet
3253 4325 3312 4368 ut
3339 4318 3614 4388 negotium
3636 4319 3756 4388 jam

2225 4389 2430 4457 ﬁnitum
2457 4389 2510 4441 in
2537 4403 2634 4440 sua
2674 4395 2816 4440 curet
2853 4387 3100 4457 firmitate
3137 4387 3464 4452 permanere,
3505 4387 3554 4441 si
3597 4387 3758 4444 modo

2214 4456 2480 4530 lnquitina
2497 4458 2618 4526 jure
2643 4472 2748 4511 non
2767 4456 3138 4526 provocaverit.

2226 4570 2394 4626 Decet
2420 4567 2716 4639 prudentiae
2735 4574 2934 4623 nostra:
2958 4581 3142 4622 curam
3171 4565 3550 4634 subiectorum
3584 4580 3760 4634 nego-

2165 4663 2250 4718 tiis
2273 4660 2526 4715 adhibere
2566 4657 2882 4724 custodiam,
2914 4658 3039 4726 quia
3069 4656 3228 4712 nobis
3255 4655 3642 4714 ordinantibus
3669 4659 3759 4714 illa

2223 4795 2348 4850 llmc
2389 4803 2574 4850 narrat
2619 4790 2832 4861 Ulpian.
2883 4791 2973 4846 lib.
3008 4807 3063 4846 x1
3113 4791 3180 4846 ad
3206 4791 3480 4855 edictum,
3534 4793 3632 4850 ubi
3683 4795 3762 4850 ait

2151 4865 2420 4920 infirmum
2449 4879 2568 4918 esse
2597 4861 2900 4930 bujusmodi
2947 4870 3165 4918 attalum
3205 4862 3516 4928 consilium,
3559 4865 3751 4920 multis

2151 4935 2490 5005 captionibus
2519 4932 2878 5012 suppositum,
2908 4931 3133 5011 multum
3163 4931 3372 4986 insidiis
3397 4934 3755 5002 expositum;

2151 5005 2276 5059 ideo
2301 5003 2554 5058 auxilium
2585 5016 2662 5056 ets
2691 5009 2890 5059 nrmtor
2915 5000 3093 5056 edicto
3122 4999 3395 5059 pollicitus
3425 5010 3538 5059 est.
3573 5013 3634 5058 et
3661 5003 3755 5059 ad-

2151 5003 2276 5060 ideo
2301 5003 2554 5058 auxilium
2585 5003 2662 5056 eis
2691 5009 2890 5072 praetor
2915 5003 3093 5056 edicto
3122 5003 3395 5068 pollicitus
3425 5010 3538 5072 est,
3573 5013 3634 5058 et
3661 5003 3761 5059 ad-

2151 5089 2342 5150 versus
2362 5073 2639 5150 captiones
2661 5070 3095 5150 ρρίιιιι-ιιιίιξιιειιιιἔ
3127 5069 3318 5150 B_noss.

2229 5155 2253 5184 c
2286 5139 2494 5198 Insidiae
2519 5157 2615 5211 pro
2643 5139 2790 5211 dolo,
2827 5141 2878 5211 Ι.Δ
2899 5140 3018 5203 ult.,
3050 5139 3112 5196 C.
3143 5141 3214 5195 de
3238 5155 3306 5211 re
3325 5139 3484 5211 milii.
3513 5139 3616 5196 lib.
3649 5158 3754 5204 In;

2156 5215 2202 5270 l.‘
2227 5228 2350 5284 pen.
2385 5213 2438 5265 ll.
2469 5208 2535 5284 de
2557 5211 2681 5284 iur.
2703 5210 2818 5284 (ιρι.
2867 5209 2904 5284 l.
2949 5219 3227 5284 antepen._,
3267 5208 3332 5265 C.
3363 5209 3438 5284 de
3462 5211 3580 5284 dol.
3619 5229 3635 5284 ξ
3665 5213 3756 5268 ubi

2156 5279 2300 5354 quod
2328 5291 2474 5354 ante,
2504 5279 2732 5354 indiciis,
2764 5279 3042 5354 legebatur
3071 5279 3268 5354 passim
3304 5279 3503 5354 merito
3532 5280 3592 5354 in
3622 5283 3724 5337 insi

2157 5348 2280 5432 diis,
2311 5352 2457 5432 docti
2485 5351 2584 5432 viri
2605 5348 3088 5432 mutant..ldeoque
3115 5348 3395 5432 probanda
3423 5350 3572 5432 esti.
3603 5367 3752 5432 pen?

2158 5423 2220 5502 C_.
2248 5417 2316 5476 de
2355 5421 2464 5502 (101ε
2483 5418 2652 5502 βοειιι.
2693 5418 2854 5474 Fabri
2893 5417 3077 5502 lectio,
3109 5417 3201 5488 qui
3227 5417 3370 5502 quod
3401 5417 3624 5502 postea:
3641 5421 3757 5502 aliis

2156 5489 2592 5564 placereuvideo,
2642 5505 2840 5564 nonex
2891 5489 3119 5564 indiciis,
3169 5488 3266 5543 sed
3316 5488 3752 5564 insidiis__legit:

2157 5558 2302 5630 quod
2348 5559 2468 5614 libri
2495 5559 2840 5630 manuscripti
2868 5559 3212 5630 conﬁrmant,
3243 5558 3756 5630 et_consit_nilesiju-

2161 5625 2235 5686 ris
2267 5631 2369 5685 loci
2401 5630 2436 5683 Ι.
2468 5629 2590 5693 ιιΙι.,
2621 5628 2692 5696 Ο.
2713 5625 2780 5683 de
2805 5643 2866 5683 re
2893 5628 3048 5682 milit.
3074 5628 3134 5696 in
3167 5628 3258 5683 lin.
3295 5626 3362 5682 Ι).
3387 5627 3456 5682 de
3483 5625 3616 5696 jure
3645 5625 3753 5684 dot.

2156 5699 2297 5825 Elinc
2323 5699 2529 5754 insidiae
2551 5699 2798 5764 fortunae,
2828 5698 2866 5754 ι.
2901 5698 3024 5766 ult.,
3051 5695 3113 5752 C.
3145 5697 3214 5754 de
3233 5713 3452 5754 necess.
3480 5695 3606 5755 her.
3633 5701 3756 5756 inst;

2205 5787 2326 5825 0R3.

2205 5787 2326 5826 οιικ.
