3974 6444
218 351 338 409 633

218 561 490 618 sentiam.
534 561 626 618 Sic
654 564 799 618 enim
831 558 1123 631 credimu's,
1166 565 1289 636 quia
1332 580 1543 622 memor
1568 566 1830 622 natalium

218 663 454 710 tuorum
486 670 519 709 a
547 663 601 710 te
624 656 845 726 abjicias
870 673 1032 713 omne
1058 660 1337 726 vitiosum,
1364 668 1422 716 et
1448 660 1539 716 illa
1568 659 1684 716 sola
1713 659 1833 715 dili—

218 759 362 815 gere
387 746 568 815 possis
595 761 716 817 quae
744 756 800 803 et
826 764 924 804 nos
952 764 1138 805 amare
1162 752 1467 821 cognoscis.
1498 751 1831 808 Proavorum

220 839 464 898 forsitan
494 842 875 899 oblitterentur
903 844 1172 916 exempla,
1204 846 1251 902 si
1279 846 1426 915 longi
1469 849 1685 916 generis
1726 849 1831 903 mi-

220 947 336 987 nus
362 930 510 986 facta
541 932 880 999 recolantur;
909 933 1114 990 similes
1134 941 1317 990 autem
1342 936 1435 991 lilii
1456 944 1669 1006 patrum
1696 950 1834 1007 prie-

222 1022 398 1077 eonia
447 1038 576 1077 mox
605 1033 921 1093 sequuntur.
953 1016 1200 1082 Renatus'
1242 1025 1427 1096 itaque
1465 1025 1632 1082 ﬂebili
1678 1025 1835 1082 nobis

222 1113 479 1171 aditione
504 1123 835 1184 conquestus
864 1125 966 1182 est,
991 1118 1148 1173 nobis
1183 1117 1556 1188 delegantibus
1582 1119 1831 1188 cognito-

222 1219 320 1260 res
337 1205 643 1275 judicatum
665 1222 724 1263 se
746 1217 934 1263 contra
951 1207 1273 1278 Inquilinam
1300 1210 1514 1266 nomine
1536 1218 1658 1280 post
1674 1209 1834 1280 longa

225 1297 502 1367 temporis
530 1298 812 1353 intervalla
838 1298 1130 1366 meruisse;
1168 1307 1225 1355 et
1248 1300 1491 1356 excubiis
1517 1299 1834 1371 damnisque

225 1387 487 1445 confecto
513 1400 750 1446 vestram
782 1391 995 1447 tandem
1025 1394 1366 1464 prospexisse
1398 1394 1661 1463 justitiam
1689 1412 1702 1448 :
1735 1410 1835 1449 nec

230 1488 421 1534 tamen
448 1480 735 1549 litigatoris
766 1482 1066 1552 improbam
1094 1500 1310 1540 cessare
1340 1485 1685 1553 calumniam,
1708 1485 1833 1541 dum

228 1569 495 1626 redivivis
523 1570 710 1627 litibus
758 1572 1077 1628 tenuitatem
1118 1574 1420 1645 insequitur
1446 1576 1832 1646 supplicantis;

230 1668 294 1715 ut
325 1677 437 1717 nou
467 1670 579 1717 tam
606 1663 853 1719 vincendi
883 1673 1069 1720 votum
1098 1675 1148 1733 ι,
1200 1683 1361 1737 quam
1410 1668 1702 1724 adversarii
1748 1669 1834 1724 vi-

231 1750 432 1807 deatur
454 1754 728 1823 qumsiisse
773 1754 1177 1811 detrimentum.
1227 1755 1571 1829 Quapropter
1599 1759 1643 1813 si
1680 1759 1836 1815 nobis

1518 360 1875 417 VARIARUM
1917 362 2113 420 LIBER
2151 366 2240 423 IV.

218 471 346 527 ﬁeri
377 470 581 527 debent
610 487 731 543 qua:
778 474 982 545 regiam
1012 482 1240 546 possunt
1265 474 1639 532 demonstrare
1685 491 1829 546 prai-
1857 486 1907 540 Α

3421 375 3525 430 6⁸54

2006 485 2128 566 ejus
2147 500 2350 566 summa
2378 502 2492 566 eum
2519 486 2712 566 injuria
2741 488 2934 566 fuerint
2976 500 3268 566 occupatae;
3315 503 3364 548 et
3387 514 3525 566 prte—

2005 555 2130 623 cipit
2155 564 2231 629 ut,
2262 554 2965 629 inrminente'Duda'sajone,
2999 554 3201 629 direpta
3229 554 3404 618 omnia
3431 585 3524 620 eu-

2006 634 2084 676 ret
2120 626 2233 695 sine
2261 626 2435 695 aliqua
2466 638 2611 679 mora
2644 628 2840 682 restitui
2872 646 2888 681 :
2914 631 2958 683 si
2988 626 3157 684 tamen
3204 633 3526 692 invasoribus

2006 693 2130 770 quid
2157 696 2326 770 facere
2348 693 2641 758 crediderit,
2671 697 2975 770 instructam
3004 718 3278 770 personam
3304 707 3436 759 mitti
3457 708 3526 759 ad

2007 764 2184 845 aulam
2211 766 2450 845 imperat,
2481 782 2581 835 quo
2628 768 2862 836 partibus
2889 764 3129 842 utrinque
3170 774 3361 845 auditis
3379 776 3524 845 justa

2007 835 2207 904 feratur
2227 837 2504 889 sententia.
2631 835 2635 836 ⁷
3044 835 3055 842 ’
3194 836 3204 853 ⁸

2005 925 2151 979 inter
2178 934 2398 980 ceteras
2425 927 2617 996 quibus
2654 932 2946 983 humanum
2994 943 3162 998 genus
3210 935 3524 991 sollicitatur

1934 1018 2255 1088 illecebras,
2301 1021 2571 1090 praecipue
2616 1021 2836 1075 vitanda
2876 1033 2959 1077 est
3005 1024 3297 1081 alienarum
3344 1044 3522 1084 rerum

1935 1110 2108 1179 turpis
2135 1110 2360 1164 ambitio
2386 1126 2401 1162 :
2433 1110 2558 1179 quia
2587 1110 2641 1165 in
2674 1111 2992 1167 immensum
3018 1113 3221 1181 jactata
3250 1118 3355 1188 72
3378 1121 3524 1188 rapi-

1934 1208 2043 1268 tur,
2081 1203 2125 1256 si
2151 1201 2373 1271 justitiae
2398 1202 2729 1273 ponderibus
2771 1219 2878 1259 non
2910 1217 3206 1276 prematur.
3235 1207 3525 1264 Avaritiam

1934 1291 2198 1360 siquidem
2223 1292 2460 1348 radicem
2497 1308 2616 1348 esse
2645 1295 2886 1351 omnium
2925 1297 3189 1352 malorum
3218 1297 3245 1336 δ
3268 1307 3326 1353 et
3365 1299 3527 1354 lectio

1935 1382 2114 1438 divina
2130 1390 2518 1454 testatur,quie
2540 1386 2630 1441 tali
2648 1396 2794 1443 sorte
2815 1389 2997 1459 punita
3017 1389 3189 1462 [mss.,
3205 1390 3400 1464 potita]
3423 1403 3524 1455 est,

1937 1482 1997 1529 ut
2025 1491 2147 1530 cum
2190 1477 2357 1530 multa
2386 1478 2582 1547 rapiat,
2626 1495 2842 1548 semper
2878 1490 3068 1549 egeat:
3098 1497 3260 1550 quam
3307 1493 3529 1554 propter

1936 1567 2265 1623 vicinitatem
2305 1570 2519 1637 generis
2550 1572 2718 1625 nostri
2747 1572 2825 1627 sic
2860 1572 2913 1625 in
2943 1573 3136 1627 animis
3161 1574 3356 1630 vestris
3395 1590 3526 1630 coa-

1938 1659 2147 1715 lescere
2195 1659 2444 1715 nolumus
2491 1661 2638 1734 (mss.
2674 1661 2741 1716 Β.
2768 1672 2818 1717 et
2857 1663 2946 1728 Α.,
2995 1675 3343 1736 quapropter,
3395 1675 3526 1734 ete.,

1938 1750 2230 1823 volumus],
2262 1760 2323 1806 ut
2367 1751 2444 1806 illi
2490 1767 2591 1808 nec
2628 1752 2778 1807 initia
2806 1754 3185 1810 concedamus.
3217 1755 3355 1822 Quid
3385 1757 3528 1811 enim

233 1841 555 1912 iubentibus
592 1843 830 1913 judicata
875 1846 1221 1913 cognoscitis,
1266 1862 1370 1903 nec
1398 1856 1613 1903 constat
1639 1847 1836 1903 adver-
1868 1861 1915 1920 Β
1940 1843 2144 1899 faciunt
2157 1843 2347 1899 sordes
2371 1844 2670 1898 animorum
2697 1844 2752 1898 in
2772 1844 3058 1913 splendore
3079 1845 3377 1901 natalium?
3396 1845 3530 1901 illud

234 1933 444 1988 sarium
487 1949 815 2003 provocasse
848 1934 1112 2004 legaliter,
1145 1935 1354 1991 ﬁnitum
1398 1936 1521 2007 jure
1560 1939 1836 2005 negotium

236 2025 294 2080 in
322 2040 423 2081 sua
450 2023 611 2081 facias
641 2026 893 2082 ﬁrmitate
918 2043 1139 2084 manere
1164 2044 1178 2082 :
1206 2044 1275 2084 ne
1304 2024 1461 2099 longa
1490 2030 1716 2102 quaestio
1742 2029 1839 2085 liti-

238 2117 485 2184 gantium
534 2133 646 2171 non
691 2126 803 2172 tam
853 2126 1047 2187 augeat
1103 2119 1426 2190 patrimonia
1468 2134 1630 2189 quam
1676 2134 1835 2174 ever-

242 2214 358 2273 tat;
387 2207 606 2279 etquod
634 2208 692 2262 lit
717 2208 920 2264 ambitu
945 2208 1099 2277 lucri,
1127 2224 1291 2267 causa
1318 2209 1561 2265 videatur
1584 2224 1703 2267 esse
1726 2210 1833 2265 dis-

238 2299 445 2369 pendii.

718 2432 1051 2491 EPISTOLA
1087 2432 1372 2490 XXXVIII.

348 2539 554 2581 ηυετο
581 2540 874 2582 PMFECTO
900 2540 1181 2580 PRE'I’ORIO
1201 2539 1569 2581 TBEODORICUS
1595 2540 1723 2579 REX.

242 2614 528 2687 Signiﬁcat
576 2612 925 2670 Grauasianos
972 2624 1125 2683 atque
1173 2612 1493 2669 Pontonates
1532 2623 1836 2686 conquestos

312 2702 427 2740 esse
451 2702 509 2741 se
538 2703 571 2757 a
596 2683 853 2739 Januario
880 2694 928 2739 et
955 2683 1130 2757 Probo
1161 2685 1365 2757 iniquis
1387 2683 1629 2740 oneribus
1665 2685 1839 2757 ingraf

311 2765 490 2828 ratos;
528 2756 852 2828 decernitque
877 2764 933 2808 ut
964 2754 1092 2808 nihil
1117 2754 1267 2808 aliud
1286 2755 1490 2809 solvant
1527 2771 1681 2828 quam
1700 2754 1836 2826 auod

317 2822 576 2881 Odoacris
600 2822 826 2897 tempore
854 2832 1248 2880 consueverant.

315 2917 454 2975 Cum
483 2933 675 2976 omnes
700 2918 1010 2989 reipublicae
1038 2924 1237 2972 nostra:
1278 2924 1461 2985 partes
1503 2916 1839 2988 aequabiliter

241 3011 613 3069 desideremus
639 3010 846 3080 augeri,
870 3016 1147 3065 crementa
1168 3018 1348 3065 tamen
1378 3009 1641 3066 ﬁscalium
1667 3010 1839 3067 tribu-

243 3114 424 3159 torum
448 3100 748 3171 justissimo
798 3108 924 3157 sunt
967 3100 1248 3170 pensanda
1292 3100 1496 3170 judicio
1526 3118 1541 3155 :
1566 3100 1692 3172 quia
1717 3116 1834 3157 ser-

1939 1943 1994 1991 te
2014 1936 2193 2006 potius
2212 1935 2371 1992 decet
2396 1936 2617 2005 eligere,
2634 1935 2777 2005 quod
2807 1952 2907 1992 nos
2930 1938 3102 2006 possit
3121 1952 3336 1993 ornare.
3355 1937 3530 1993 Amali

1937 2025 2212 2096 sanguinis
2231 2026 2406 2081 virum
2431 2041 2539 2081 non
2565 2025 2723 2081 decet
2752 2025 2971 2095 vulgare
2999 2012 3322 2082 desiderium
3357 2044 3371 2080 :
3402 2028 3530 2096 quia

1937 2132 2107 2188 genus
2130 2134 2287 2175 suum
2313 2117 2581 2187 conspicit
2620 2133 2739 2172 esse
2768 2125 3143 2188 purpuratum.
3187 2117 3532 2187 Corrigamus

1936 2213 2119 2283 itaque
2148 2220 2203 2267 te
2238 2227 2338 2283 per
2380 2211 2732 2266 incitamenta
2772 2211 3049 2281 praeconii,
3100 2211 3153 2266 in
3199 2224 3310 2280 quo
3355 2210 3531 2266 adhuc

1914 2319 2046 2380 .non
2073 2303 2331 2359 debemus
2353 2317 2473 2357 esse
2496 2301 2747 2357 districti.
2794 2300 3060 2357 Domitius
3087 2301 3271 2371 itaque
3295 2301 3376 2357 vir
3402 2316 3529 2372 spe-

1934 2394 2147 2451 ctabilis
2173 2393 2300 2448 data
2329 2392 2486 2449 nobis
2511 2392 2907 2464 supplicatione
2928 2401 3258 2463 conquestus
3279 2401 3380 2457 est,
3403 2409 3529 2464 ρος-

1933 2485 2203 2541 sessiones
2221 2484 2359 2553 juris
2384 2483 2488 2548 sui,
2511 2482 2564 2538 id
2588 2490 2674 2537 est
2692 2472 2841 2537 illam
2866 2490 3030 2553 atque
3056 2483 3225 2547 illam,
3250 2483 3322 2538 ab
3349 2484 3530 2539 homi-

1936 2574 2095 2629 nibus
2123 2574 2318 2629 vestris
2344 2572 2605 2642 neglectis
2648 2571 2855 2640 legibus
2882 2571 3049 2627 fuisse
3094 2587 3371 2642 pervasas,
3402 2572 3529 2630 dum

1935 2666 2166 2722 civiliter
2192 2664 2493 2737 oportuerit
2518 2662 2708 2732 recipi,
2757 2662 2801 2717 si
2843 2662 2967 2731 jure
3012 2662 3257 2720 videatur
3285 2663 3525 2733 exposci.

1934 2753 2044 2811 Sed
2069 2756 2197 2825 quia
2223 2754 2292 2811 de
2318 2753 2474 2811 vobis
2512 2768 2621 2808 non
2651 2752 2884 2823 patimur
2930 2751 3131 2807 diutius
3180 2752 3411 2807 obscura
3448 2752 3531 2823 ja-

1936 2847 2093 2915 ctari,
2140 2846 2233 2915 qui
2259 2844 2473 2914 generis
2497 2843 2746 2898 claritate
2789 2841 3025 2912 fulgetis,
3058 2842 3311 2912 praesenti
3340 2849 3530 2897 aucto-

1934 2933 2100 2991 ritate’
2124 2949 2427 2997 censemus,
2475 2940 2535 2988 ut
2583 2932 2902 2987 imminente
2929 2930 3084 2986 Duda
3108 2931 3297 3001 sajone
3324 2937 3531 2995 nostro',

1937 3025 1983 3081 si
2010 3025 2270 3080 momenti
2313 3032 2559 3094 tempora
2592 3022 2955 3091 suﬂ‘ragantur
2980 3032 3027 3088 ε,
3073 3029 3335 3091 occupata
3361 3035 3532 3091 nuper

1937 3131 2062 3173 cum
2086 3116 2337 3171 omnibus
2363 3129 2485 3184 quae
2529 3108 2740 3185 direpta
2770 3121 2918 3181 sunt,
2968 3112 3293 3182 supplicanti
3326 3111 3533 3167 faciatis

243 3194 506 3250 viantium
555 3192 870 3291 imminuti}:
909 3199 993 3248 est
1040 3190 1200 3291 liuius
1260 3190 1834 3291 illationisaccessio;
1865 3228 1910 3291 ο
1940 3208 2057 3263 sine
2083 3207 2262 3276 aliqua
2289 3205 2550 3261 dilatione
2575 3205 2806 3261 restitui.
2840 3202 2908 3257 Et
2934 3204 2980 3259 si
3007 3202 3136 3272 quid
3172 3202 3415 3272 partibus
3441 3216 3530 3257 ve-

185 3344 189 3348 .
244 3296 615 3358 quantumque
663 3300 789 3357 pars
816 3285 906 3341 illa
934 3283 1168 3355 proiicit,
1203 3291 1413 3339 tantum
1440 3300 1502 3341 se
1526 3284 1644 3341 inec
1686 3299 1716 3339 a
1747 3282 1838 3339 lir-

244 3380 432 3434 mitate
456 3376 724 3434 subducit.
747 3375 855 3432 Sed
882 3390 914 3430 a
941 3374 1118 3438 nobis,
1150 3374 1243 3444 qui
1270 3373 1382 3431 ﬁsci
1413 3374 1699 3429 utilitatem
1728 3382 1838 3428 sta-

245 3468 340 3525 bili
367 3469 617 3525 volumus
643 3467 996 3523 diuturnitate
1037 3466 1355 3530 consistere,
1402 3464 1733 3521 excludenda
1757 3471 1841 3519 est

245 3559 592 3631 dispendiosa
612 3572 829 3628 semper
854 3556 1150 3613 enormitas
1178 3574 1192 3609 ε
1225 3570 1295 3611 ne
1314 3562 1604 3624 augmento
1631 3570 1732 3611 suo
1755 3562 1838 3609 tu-

247 3667 400 3708 mens
426 3666 636 3706 summa
663 3649 899 3717 deﬁciat,
925 3648 1253 3719 incipiatque
1270 3647 1443 3716 magis
1468 3646 1681 3715 deesse,
1709 3647 1838 3717 quia

247 3742 557 3798 immaniter
580 3741 696 3797 visa
738 3748 822 3796 est
849 3739 1169 3796 acerevisse.
1200 3736 1433 3794 Proinde
1472 3737 1696 3793 illustris
1724 3753 1842 3791 ma-

245 3832 467 3902 gnitudo
495 3838 587 3886 tua
605 3829 965 3887 Gravasianos
990 3836 1153 3900 atque
1172 3827 1503 3885 Pontonates
1528 3827 1685 3883 nobis
1711 3842 1837 3897 sup-

247 3925 475 3995 plicasse
503 3932 813 3991 cognoscat,
844 3937 877 3977 a
901 3921 1158 3977 Januario
1184 3920 1282 3977 sed
1322 3928 1380 3976 et
1406 3918 1586 3976 Probo
1633 3919 1840 3975 discus-

247 4014 478 4079 soribus,
506 4013 703 4082 iniquis
727 4027 788 4067 se
813 4011 1068 4067 oneribus
1095 4011 1440 4079 ingravatos;
1486 4024 1607 4065 cum
1639 4009 1839 4064 sterili-

249 4113 330 4160 tas
346 4104 532 4175 jejuna
558 4104 801 4160 locorum
829 4102 971 4159 nulla
996 4102 1099 4158 sibi
1118 4112 1403 4172 augmenta
1434 4100 1551 4159 fieri
1579 4103 1833 4173 patiatur.

249 4195 605 4266 Bepugnaute
631 4193 896 4265 siquidem
942 4201 1154 4259 natura,
1196 4194 1450 4264 quaelibet
1487 4193 1631 4250 cedit
1677 4193 1836 4249 indu-

246 4289 406 4354 atria;
439 4302 542 4344 nec
562 4287 783 4358 prodest
809 4286 1043 4342 studium
1071 4285 1274 4342 laboris
1309 4284 1644 4356 impendere,
1674 4301 1836 4357 quem

248 4379 466 4435 ubertas
513 4379 620 4435 loci
666 4393 779 4435 non
823 4378 1166 4448 cognoscitur
1210 4376 1490 4446 adjuvare.
1532 4376 1610 4432 lbi
1655 4386 1837 4447 potest

249 4485 442 4527 census
463 4469 608 4536 addi,
630 4468 719 4524 ubi
746 4468 956 4525 cultura
985 4466 1292 4538 profecerit.
1326 4465 1456 4522 Inde
1480 4475 1536 4521 et
1560 4466 1709 4521 varia
1740 4467 1835 4521 tri-

248 4564 397 4629 bula,
430 4561 556 4633 quia
595 4575 704 4615 non
734 4568 818 4616 est
860 4572 1111 4628 agrorum
1140 4572 1247 4612 una
1292 4555 1612 4613 fecunditas.
1654 4554 1833 4624 Atque

250 4658 374 4714 ideo
394 4654 840 4713 consuetudinem
867 4654 947 4708 eis
975 4652 1255 4723 pristinam
1275 4638 1559 4706 censemus
1584 4663 1706 4705 esse
1735 4664 1822 4704 re-

245 4748 573 4815 vocandam;
622 4754 681 4801 ut
703 4747 843 4802 sicut
862 4743 1123 4801 Odoacris
1153 4752 1395 4813 tempore
1429 4742 1626 4797 tributa
1653 4742 1831 4797 solve-

247 4848 391 4908 runt,
437 4840 510 4895 ita
539 4848 596 4895 et
623 4855 766 4895 nunc
792 4840 861 4895 ab
889 4840 968 4894 eis
995 4838 1225 4909 publicis
1266 4836 1586 4891 utilitatibus
1625 4835 1832 4891 servia-

247 4945 366 5002 tur;
397 4944 451 4991 et
477 4936 521 4992 si
549 4934 679 5004 quid
706 4933 935 5004 amplius
972 4931 1233 5003 probatur
1259 4929 1553 4999 adjectum,
1582 4927 1832 4984 conside—

250 5028 457 5082 ratione
502 5025 831 5082 defectarum
878 5024 1070 5079 virium
1116 5024 1517 5080 submovemus.
1572 5019 1835 5075 Nolumus

248 5119 392 5173 enim
423 5118 529 5172 tale
557 5115 760 5186 aliquid
789 5115 971 5181 indici,
1003 5114 1148 5184 quod
1176 5113 1248 5170 si‘t
1276 5127 1500 5170 necesse
1543 5109 1832 5167 removeri.

738 5248 1073 5307 EPISTOLA
1108 5247 1349 5303 XXXIX.

383 5359 735 5399 THEODAHADO
763 5358 887 5398 ιἰιιο
915 5356 1161 5396 ιιιυετιιι
1184 5354 1547 5395 τιιεουοιιιευδ
1576 5355 1701 5393 REX.

251 5434 443 5491 Scribit
484 5435 841 5489 Domitianum
879 5430 1264 5503 expostulem,
1309 5429 1444 5500 quod
1491 5429 1838 5500 possessiones

323 5633 348 5661 ι
378 5619 656 5690 Papinian.
688 5615 959 5690 Videtur,
990 5611 1186 5690 inquit,
1462 5606 1701 5690 succurri
1728 5605 1841 5690 Ade-

248 5695 413 5757 bere,
458 5677 590 5745 'cum
639 5688 848 5757 animus
876 5677 1178 5757 litigantis
1209 5687 1267 5757 et
1328 5677 1836 5757 obtmendi_votum

254 5745 727 5831 bancepinionem
749 5745 1015 5823 admittat,
1046 5753 1083 5807 l.
1109 5750 1197 5819 11,
1227 5749 1281 5804 in
1308 5749 1537 5814 ratione,
1569 5746 1638 5803 ad
1658 5747 1696 5803 l.
1722 5745 1840 5801 Fal-

251 5835 351 5944 cldl;
379 5830 657 5958 axium
700 5896 938 5954 omnium
986 5902 1160 5951 mater
1208 5889 1527 5965 appellatur.
1558 5886 1745 5944 Claud.
1778 5885 1835 5942 2.

1938 3302 2065 3357 stris
2087 3300 2156 3356 de
2185 3300 2392 3369 legibus
2419 3298 2635 3355 creditis
2663 3313 2824 3368 posse
2852 3305 3185 3367 competere,
3216 3297 3532 3350 instructam

1940 3407 2227 3464 personam
2265 3390 2333 3446 ad
2361 3396 2605 3446 nostrum
2629 3390 2946 3444 comitatuin
2973 3386 3248 3441 destinare
3272 3400 3369 3439 vos
3396 3400 3532 3440 eon-

1938 3486 2117 3551 venit;
2148 3492 2209 3539 ut
2234 3482 2625 3540 intentionibus
2648 3482 2882 3553 partium
2913 3480 3012 3534 sub
3053 3480 3308 3548 :equitate
3333 3478 3533 3534 discus-

1939 3575 2036 3641 sis,
2085 3575 2293 3631 feratur
2319 3574 2612 3640 sententia,
2662 3587 2824 3643 quam
2858 3571 2996 3641 juris
3023 3570 3189 3625 dictat
3216 3569 3530 3626 auctoritas.

1939 3665 2246 3723 Generosos
2288 3666 2490 3736 quippe
2514 3664 2662 3720 viros
2689 3664 2872 3718 omnia
2917 3663 3170 3717 convenit
3216 3660 3315 3715 sub
3342 3659 3533 3715 mode-

1938 3768 2057 3815 rata
2079 3758 2335 3814 civilitale
2362 3770 2625 3827 peragere
2656 3774 2670 3809 :
2702 3755 2828 3826 quia
2851 3749 3059 3810 tantun'i
3096 3753 3410 3825 potentibus
3437 3751 3533 3808 ias-

1937 3850 2107 3907 sionis
2133 3851 2331 3907 crescit
2360 3848 2582 3915 invidia,
2602 3857 2864 3917 quantum
2890 3847 3063 3917 premi
3094 3860 3258 3917 posse
3274 3844 3531 3910 creditur,

1938 3939 2031 4010 qui
2057 3938 2272 3995 fortuna
2298 3938 2524 3994 inferior
2547 3936 2956 4006 comprobatur.

2487 4093 2823 4151 EPISTOLA
2859 4093 2972 4149 XL.

2200 4203 2492 4244 ACTORIBUS
2520 4202 2727 4242 PROBINI
2755 4198 3119 4241 THEODORICUS
3144 4199 3271 4241 REX.

1938 4279 2120 4336 Monet
2147 4296 2202 4333 se
2222 4279 2432 4349 jamdiu
2457 4278 2785 4349 praecepisse,
2813 4274 3103 4349 utBasilio
3118 4274 3379 4349 possessio
3400 4273 3533 4327 Are-

2009 4343 2246 4414 ciretina',
2274 4364 2428 4417 quam
2454 4343 2517 4400 ab
2546 4343 2710 4417 uxore
2730 4347 2839 4416 ejus
2854 4345 3080 4417 Agapita
3106 4343 3364 4417 Erobinus
3391 4360 3529 4417 eme-

2009 4430 2112 4485 rat,
2159 4413 2488 4481 redderetur;
2534 4416 2686 4471 modo
2707 4413 2870 4488 jubet?
2891 4413 2948 4468 ut
2971 4413 3219 4468 Basilius
3253 4415 3363 4488 ipse
3389 4415 3534 4468 novis

2008 4484 2297 4562 emptorum
2322 4488 2613 4543 rationibus
2635 4484 3017 4557 quamprimum
3044 4484 3372 4555 respondeat.

1860 4606 1912 4669 D
2006 4602 2312 4659 Districtius
2340 4600 2520 4671 aliqua
2546 4598 2735 4668 jubere
2763 4595 3143 4667 compellimur
3164 4610 3352 4651 amore
3374 4594 3535 4664 justi-

1936 4694 2042 4759 tite,
2090 4692 2218 4747 dum
2262 4691 2403 4747 circa
2434 4690 2672 4745 minores
2718 4682 2964 4742 fortunas
3004 4686 3359 4741 clementiora
3409 4692 3535 4741 sunt

1936 4784 2107 4840 nostri
2151 4781 2389 4853 pectoris
2437 4778 2699 4835 instituta.
2730 4776 2921 4832 Trahit
2950 4777 3094 4833 enim
3124 4776 3193 4831 ad
3221 4776 3534 4832 misericor-
3589 4790 3592 4794 λ

1935 4876 2102 4939 diam,
2160 4874 2252 4945 qui
2298 4871 2475 4943 potuit
2502 4870 2690 4936 subdi;
2742 4876 2799 4924 et
2844 4870 2948 4925 hoc
3001 4868 3166 4925 habet
3209 4868 3533 4925 beneﬁcium

1937 4963 2325 5022 mediocritatis
2367 4975 2496 5024 suat,
2545 4968 2606 5015 ut
2646 4959 2969 5031 probatione
2993 4960 3142 5014 salva
3168 4959 3384 5015 interim
3411 4972 3533 5013 ino~

1939 5065 2062 5112 veat
2087 5055 2153 5110 ad
2200 5053 2444 5109 dolorem
2475 5071 2488 5107 :
2521 5053 2647 5121 quia
2693 5051 2984 5107 crudelitas
3028 5050 3139 5124 [εᾶ.
3168 5049 3294 5105 Niv.
3335 5059 3385 5104 et
3409 5050 3529 5116 Λα,

1937 5141 2248 5215 credulitas]
2276 5143 2523 5199 sublevat
2553 5141 2803 5206 humiles,
2820 5140 3020 5210 premit
3047 5139 3245 5194 invidia
3265 5136 3528 5210 potiores.

1941 5238 2090 5293 Datis
2114 5238 2297 5305 itaque
2324 5234 2580 5305 precibus
2625 5231 2870 5300 allegatis
2895 5231 3148 5286 Basilium
3184 5230 3359 5284 virum
3405 5242 3532 5298 spe-

1943 5329 2190 5386 ctabilem
2232 5336 2415 5383 nostra
2445 5326 2642 5381 dudum
2672 5329 2944 5395 praecepta
2986 5321 3271 5389 meruisse,
3321 5327 3382 5375 ut
3406 5334 3507 5391 pos

1941 5422 2114 5481 sessio
2142 5420 2497 5499 Areciretina,
2544 5431 2707 5488 quam
2752 5423 3011 5486 patronus
3041 5420 3223 5470 vester
3245 5427 3278 5468 a
3304 5409 3534 5481 conjuge

1946 5602 2066 5660 Stil.
2101 5602 2320 5657 Petron.
2350 5599 2574 5655 arbiter.
2621 5595 2825 5652 Lucan.
2877 5594 2973 5652 lib.
3000 5610 3060 5651 ιιι
3102 5600 3157 5649 et
3181 5609 3272 5649 vn.
3304 5591 3529 5660 Proper.

1945 5673 2002 5739 5,
2033 5674 2083 5735 7,
2119 5673 2204 5727 15.
2238 5669 2436 5725 Tibull.
2468 5669 2519 5723 1.
2554 5667 2640 5722 10.
2672 5667 2827 5739 Mart.
2874 5667 2966 5739 lib_.
2997 5682 3092 5739 λιιι.
3121 5662 3313 5739 Juv_en.
3350 5660 3530 5733 Satyr.

1947 5734 2033 5798 ιι.
2064 5740 2218 5798 Ovid.
2238 5740 2298 5813 _l.
2324 5738 2693 5813 Fast._iiorat.
2725 5736 2961 5813 Satyr._l
2992 5734 3167 5813 Serm.
3200 5734 3400 5813 Bnoss.

2019 5826 2043 5854 ο
2073 5811 2364 5868 lnterdicta
2407 5811 2551 5865 enim
2580 5818 2705 5864 sunt
2746 5800 2978 5872 annalia,
3019 5807 3259 5862 Auianus
3286 5803 3339 5859 in
3362 5802 3449 5859 tit.
3478 5800 3530 5872 ti,

1942 5884 2034 5942 lib.
2071 5901 2121 5954 v,
2152 5883 2399 5941 Senteut.
2432 5879 2583 5937 Paul.
2613 5878 2783 5934 Fons.
