3974 6408
485 349 590 404 0'55

1674 339 1722 394 Μ
1731 377 1745 392 .
1785 333 2056 392 AUBELII
2095 329 2498 390 CASSIODORI

3653 317 3759 371 656

484 464 603 534 ejus
623 463 846 532 Agapita
863 461 998 532 juris
1025 460 1200 515 fuerat
1223 457 1568 514 solemnitate
1591 463 1880 516 mercatus,
1905 459 2058 522 post-
2086 453 2134 510 Α
2163 448 2297 504 nihil
2326 447 2443 502 ﬁeri
2478 445 2727 501 volumus
2754 440 2985 506 incivile,
3039 437 3194 508 cujus
3218 433 3578 506 quotidianus
3605 429 3762 486 labor

483 553 657 628 posita
685 551 941 606 dilatione
968 564 1090 604 cum
1135 547 1470 603 documemis
1508 545 1756 600 omnibus
1803 543 2056 614 prtedicto

485 641 700 710 coujugi
745 639 1076 706 redderetur,
1117 638 1243 692 dum
1271 653 1302 692 a
1330 637 1440 692 suis
1464 635 1826 708 penetralibus
1861 633 2060 690 SOIIICI-z

485 737 654 788 tatam
700 729 1028 800 laerymabili
1074 729 1368 797 qua:stione
1418 735 1736 798 quereretur
1791 741 2056 780 uxorem:

489 818 744 874 addentes
772 833 926 873 more
953 826 1148 873 nostra:
1183 816 1402 886 justitia:
1431 826 1616 886 postea
1651 815 1812 871 fuisse
1853 829 2058 885 prtece-

485 914 661 977 ptum,
689 915 751 961 ut
787 905 834 962 si
861 907 1072 977 patroni
1100 907 1260 961 vestri
1283 906 1351 962 de
1377 921 1552 962 causa:
1578 907 1834 977 qualitate
1857 922 2062 976 praesu-

489 1005 720 1066 merent,
762 997 830 1052 ad
872 1005 1114 1054 nostrum
1162 997 1474 1051 comitatum
1508 997 1660 1052 ocius
1696 996 2060 1061 destinarent;

468 1095 552 1170 -pt
576 1101 697 1156 qtae
735 1087 948 1144 ratione
989 1087 1264 1144 conveniri
1305 1096 1572 1158 poterant,
1616 1089 1764 1142 velut
1791 1103 1822 1142 a
1843 1087 2064 1156 justitize

489 1171 728 1232 fontibus
772 1185 1098 1232 emanarent.
1147 1176 1486 1247 Quapropter
1511 1177 1558 1232 si
1607 1177 1756 1231 nullo
1783 1175 2066 1230 mendacio

489 1267 750 1322 vitiantur
771 1277 997 1334 asserta,
1025 1282 1124 1338 per
1149 1268 1384 1324 cilicium
1424 1278 1621 1322 nostra
1639 1266 1790 1323 sedis
1813 1265 2068 1321 Basilium

493 1358 830 1416 decernimus
856 1360 1165 1425 admoneri;
1196 1368 1256 1436 ut
1283 1361 1330 1418 si
1366 1361 1500 1415 nihil
1525 1368 1610 1415 est
1649 1359 1798 1430 quod
1827 1374 1928 1429 pro
1955 1357 2068 1414 suis

490 1451 734 1522 partibus
774 1452 946 1522 possit
991 1466 1288 1524 Opponece,
1329 1451 1615 1520 quominus
1657 1450 1714 1504 in
1759 1449 1862 1504 hac
1905 1463 2070 1503 causa

491 1540 753 1610 pulsetur,
775 1539 970 1594 vestris
997 1539 1384 1594 intentionibus
1417 1552 1773 1610 responsurus
1802 1537 2068 1603 occurrat,

491 1607 588 1685 seu
616 1628 682 1683 ad
703 1629 1016 1686 comitatum
1037 1627 1244 1694 venire,
1269 1641 1366 1682 seu
1391 1607 1448 1680 ni
1472 1607 1801 1698 competenti
1823 1625 1940 1680 foro
1955 1625 2073 1694 jur—

492 1731 621 1786 gare
647 1717 898 1772 maluerit
923 1733 938 1770 :
960 1717 1088 1786 quia
1115 1716 1277 1771 nullis
1301 1716 1679 1772 necessitatem
1707 1714 2071 1784 longinquita-

493 1809 564 1863 tis
589 1808 934 1878 imponimus,
963 1807 1064 1862 nisi
1088 1807 1180 1876 qui
1213 1806 1326 1861 suis
1367 1805 1472 1860 hoc
1498 1805 1795 1860 commodis
1817 1802 2072 1874 expedire
2102 1817 2150 1877 Β

493 1904 846 1966 cognoscunt.
890 1895 950 1951 in
996 1897 1175 1951 locum
1217 1894 1480 1964 siquidem
1535 1893 1782 1949 beneficii
1828 1901 2072 1948 nostram

494 1991 834 2062 pmsentiam
853 1991 1075 2079 damus;
1106 1998 1163 2046 et
1186 1990 1307 2046 ideo
1330 2005 1440 2045 non
1459 1989 1616 2045 decet
1643 1989 1824 2046 invitis
1847 1989 2070 2060 imponi,

495 2082 641 2152 quod
669 2091 908 2140 meretur
934 2084 1132 2154 optari.

1031 2214 1364 2274 EPISTOLA
1401 2215 1538 2272 XLI.

763 2343 945 2386 ιΙΟΔΙΝΙ
969 2343 1272 2385 Αιειωτιο
1296 2343 1656 2387 τιιεοωιῖιευε
1681 2343 1808 2384 ιιι.

498 2439 745 2495 Dederat
769 2458 824 2496 se
850 2441 1054 2497 abolere
1087 2431 1392 2497 sententiam
1417 2459 1452 2496 α
1487 2443 1678 2497 ricario
1711 2441 1856 2497 urbis
1899 2440 2080 2496 Bm

566 2521 749 2583 contra
789 2529 910 2566 nisi
947 2514 1169 2583 artiﬁcio
1205 2511 1418 2583 Vioiani,
1443 2513 1844 2583 promulgatum,
1889 2521 1938 2568 et
1963 2527 2080 2566 eum

567 2581 739 2655 reddit
764 2583 950 2651 patrita
976 2581 1234 2655 rebusque
1261 2581 1516 2655 cautibus,
1557 2581 1930 2655 communitgue
1966 2598 2081 2635 eum

567 2653 902 2723 imposterum
929 2653 1144 2706 tuitione
1169 2652 1343 2706 Albini
1372 2653 1598 2720 patricii.

571 2766 916 2838 Propositum
943 2767 1124 2836 regale
1141 2774 1226 2821 est
1250 2767 1446 2837 pressis
1465 2767 1588 2822 labe
1613 2766 1841 2824 fortuna:
1870 2767 2084 2837 pietatis

503 2861 743 2918 remedio
771 2861 1074 2926 subvenire,
1105 2868 1161 2916 et
1183 2860 1408 2916 acerbos
1435 2875 1592 2916 casus
1616 2859 1820 2930 injuria:
1859 2859 2085 2918 meliore

503 2961 650 3006 sorte
687 2958 917 3006 mutare.
948 2951 1082 3006 Data
1117 2950 1383 3020 siquidem
1427 2949 1816 3023 supplicatione
1843 2966 2084 3026 conque-

503 3043 660 3109 reris,
688 3043 860 3098 virum
897 3043 1242 3113 spectabilem
1284 3041 1565 3100 Vivianum
1611 3043 1790 3112 legum
1836 3044 2086 3112 artiﬁcio,

2160 551 2240 598 est
2265 556 2365 612 pro
2391 539 2630 610 generali
2655 536 2838 606 quiete
2859 541 3110 590 tractare.

2693 647 3026 704 EPISTOLA
3061 645 3220 700 XLII.

2301 757 2562 799 ARGOLICO
2587 755 2880 796 πει-ἐετο
2910 752 3056 792 URBIS
3085 747 3451 790 τιιεοῐισιιιαυε
3477 747 3613 786 REX.

2159 835 2314 890 lubet
2356 845 2414 888 ut
2454 834 2793 887 restituantur
2841 829 3116 882 Marciano
3159 835 3312 896 atque
3355 823 3603 896 Has-into
3632 824 3765 894 ﬁliis

2205 955 2212 961 .
2245 905 2513 960 Volusiani
2542 905 2696 956 turris
2724 901 2846 954 circi
2877 910 3028 969 atque
3047 899 3188 952 locus
3213 895 3616 969 amphitheatri,
3647 908 3762 964 qua

2230 976 2329 1031 sibi
2357 982 2568 1043 erepta,
2617 973 2741 1025 dum
2768 966 3022 1038 deﬂenda
3067 966 3226 1021 morti
3267 968 3435 1036 patris
3476 973 3762 1032 uacarent,

2233 1045 2691 1116 conquerebantur.

2235 1133 2383 1189 Bene
2424 1131 2736 1204 principalis
2780 1128 3066 1186 clementia
3111 1127 3373 1196 suscipit,
3404 1139 3548 1196 quos
3591 1126 3768 1195 pietas

2161 1235 2391 1299 paterna
2431 1225 2693 1290 destituit,
2719 1223 2842 1292 quia
2871 1222 2968 1276 sub
2997 1229 3217 1292 parente
3241 1218 3459 1288 publico
3491 1227 3516 1256 ο
3546 1216 3766 1285 genito-

2168 1317 2244 1371 ris
2285 1314 2503 1370 minime
2530 1312 2719 1368 sentiri
2746 1311 2907 1366 debet
2936 1309 3174 1364 amissio.
3227 1306 3308 1362 Ad
3351 1323 3454 1362 nos
3493 1304 3769 1374 siquidem

2163 1410 2286 1480 jure
2316 1407 2544 1464 recurrit
2571 1406 2791 1462 infantia
2819 1405 3104 1471 destituta,
3139 1403 3334 1472 quibus
3383 1402 3771 1457 universorum

2170 1498 2443 1554 hominum
2467 1495 2749 1567 proliciunt
2773 1495 3123 1550 incrementa.
3139 1491 3582 1546 Clarissimorum
3608 1490 3774 1558 igitur

2174 1591 2482 1646 adultorum
2517 1587 2777 1644 Marciani
2811 1594 2977 1656 atque
3017 1584 3235 1640 Maximi
3269 1599 3370 1638 nos
3395 1583 3624 1654 querela
3655 1582 3774 1654 pul-

2174 1683 2342 1746 savit,
2368 1695 2490 1736 cum
2533 1678 2872 1750 paschalibus
2898 1677 3089 1734 diebus
3133 1676 3344 1746 paterni
3371 1676 3556 1732 luctus
3586 1683 3776 1730 essent

2174 1773 2396 1828 vulnere
2415 1770 2660 1835 sauciati,
2689 1776 2746 1824 et
2765 1770 2818 1823 in
2839 1769 2956 1840 ipso
2985 1769 3181 1824 laetitia:
3208 1775 3460 1837 tempore
3487 1766 3595 1822 soli
3622 1781 3776 1836 coge-

2176 1870 2360 1918 rentur
2388 1860 2660 1915 tristitiam
2701 1859 2984 1924 snstinere,
3027 1858 3313 1912 utilitatem
3351 1872 3514 1912 suam
3553 1856 3649 1927 pio
3677 1871 3776 1910 ne-

2173 1951 2406 2024 giexisse
2433 1957 2765 2019 contemptu,
2796 1963 2920 2002 cum
2948 1948 3032 2003 vel
3063 1946 3230 2003 ﬁrma:
3246 1947 3396 2002 :etati
3425 1947 3576 2002 inter
3597 1945 3777 2016 laci-y-

2175 2057 2292 2096 mas
2338 2039 2437 2094 ista
2478 2037 2736 2107 cogitare,
2783 2050 2953 2108 genus
2977 2036 3255 2092 videretur
3280 2036 3528 2092 insanire.
3584 2035 3778 2091 Cessat

2176 2133 2320 2188 enim
2346 2131 2482 2186 lucri
2509 2129 2768 2195 ambitus,
2799 2143 2921 2184 cum
2964 2135 3190 2183 vacatur
3230 2125 3300 2182 ad
3349 2127 3636 2196 planctus;
3679 2143 3779 2182 nec

2176 2242 2331 2282 mens
2355 2225 2632 2297 quodlibet
2651 2223 2794 2278 aliud
2816 2223 2980 2292 capit,
3007 2237 3130 2277 cum
3149 2235 3271 2276 eam
3291 2219 3534 2291 qualitas
3558 2221 3780 2292 pietatis

2179 2319 2499 2390 impleverit.
2547 2315 2661 2372 liae
2688 2313 2893 2370 crudeli
2918 2313 3268 2383 subreptione
3295 2320 3518 2384 captata
3569 2320 3780 2369 turrem

2179 2411 2308 2466 circi
2335 2419 2497 2479 atque
2527 2408 2705 2463 locum
2721 2405 3099 2476 amphitheatri
3131 2404 3354 2460 illustris
3375 2405 3784 2461 recordationis

2180 2501 2350 2573 patris
2391 2513 2578 2555 eorum
2603 2496 2907 2554 detestabili
2932 2497 3138 2550 ambitu
3178 2508 3209 2549 a
3250 2495 3454 2550 vestris
3481 2505 3783 2564 suggerunt

2181 2593 2412 2648 fascibus
2437 2591 2749 2663 expetitum.
2777 2588 3016 2656 Quorum
3044 2587 3416 2646 insidiatorem
3445 2602 3558 2641 non
3587 2588 3784 2642 huma-

2181 2683 2366 2740 nitatis
2393 2682 2530 2740 ullus
2574 2680 2850 2736 revocavit
2894 2675 3154 2745 affectus,
3186 2691 3294 2732 non
3339 2675 3537 2731 similis
3589 2677 3784 2732 terruit

2182 2789 2340 2831 casus
2371 2791 2384 2827 :
2413 2773 2656 2842 gravavit
2695 2769 3009 2838 infantiam,
3035 2769 3125 2825 cui
3171 2784 3280 2824 non
3313 2767 3646 2837 subvenire,
3669 2785 3786 2824 me-

2181 2865 2290 2922 rito
2313 2857 2536 2933 pudoris
2557 2861 2855 2920 aestimatur
2877 2875 2998 2915 esse
3018 2859 3254 2930 jactura.
3287 2857 3399 2914 Sed
3425 2873 3552 2924 nos,
3564 2860 3676 2930 qui
3701 2873 3786 2915 re-

2147 2943 2152 2950 ’
2179 2955 2337 3022 gulae
2369 2961 2634 3017 veterum,
2657 2951 2758 3022 qui
2785 2965 3062 3006 servamus
3099 2956 3378 3004 momenta
3405 2949 3671 3019 pietatis,
3701 2963 3788 3004 sa-

2186 3047 2326 3104 lubri
2351 3045 2688 3106 ordinatione
2712 3057 3025 3108 censemus;
3051 3050 3110 3098 ut
3130 3041 3183 3099 si
3205 3041 3482 3112 quondam
3524 3041 3789 3112 patricius

505 3151 612 3205 quo
659 3135 822 3192 callet
867 3133 1010 3208 [Con
1042 3132 1217 3201 Gesn,
1265 3132 1424 3207 calet]
1445 3175 1464 3201 ,
1511 3135 1708 3192 elatum
1729 3177 1749 3204 ,
1797 3150 2084 3208 personam
2111 3175 2158 3236 ς
2186 3145 2352 3206 atque
2395 3133 2712 3236 magniﬁcus
2754 3134 2838 3190 vir
2881 3132 3204 3234 Volusianus
3251 3139 3414 3203 pater
3479 3134 3788 3236 stipplicmn

507 3237 651 3282 tuam
677 3227 904 3296 objectis
929 3227 1391 3283 criminationibus
1425 3227 1754 3292 insecutum;
1803 3235 1857 3284 et
1903 3243 1970 3284 eo
2000 3244 2084 3283 us-

507 3333 612 3386 que
641 3327 978 3388 perventum,
1005 3327 1066 3374 ut
1099 3317 1409 3376 indefensos
1434 3328 1622 3375 contra
1660 3319 1801 3390 juris
1839 3320 2086 3378 ordinem

509 3409 690 3466 vicarii
719 3409 865 3464 urbis
891 3407 1076 3464 Romae
1110 3409 1381 3464 sententia
1405 3409 1736 3468 damnareris
1765 3429 1779 3465 :
1811 3428 1956 3468 nunc
1993 3428 2090 3469 au-

509 3507 619 3552 tem
644 3498 908 3576 religiosa:
930 3499 1126 3558 mentis
1146 3499 1342 3556 aﬁ'ectu
1355 3501 1478 3558 odia
1498 3502 1764 3558 mundana
1779 3503 2088 3573 damnasse,

511 3590 829 3658 auctorique
854 3605 953 3648 suo
981 3597 1132 3648 tuum
1155 3592 1488 3662 displicuisse
1514 3595 1828 3667 periculum.
1850 3595 1920 3652 Et
1941 3597 2086 3663 ideo,

511 3681 558 3738 si
586 3681 748 3738 nullis
773 3681 1263 3752 impugnationibus
1290 3695 1614 3744 enervantur
1645 3697 1874 3760 asserta,
1919 3689 2092 3746 laesio-

515 3785 640 3826 nein
669 3786 777 3826 non
805 3772 1040 3842 patimur
1074 3773 1284 3830 miseris
1309 3775 1595 3848 inhaerere,
1621 3794 1784 3849 quam
1824 3779 1937 3836 suis
1961 3795 2094 3838 con-

515 3861 717 3916 stiterit
735 3863 1190 3924 machinatoribus
1211 3865 1512 3937 displicere.
1530 3869 1870 3941 Quapropter
1889 3871 1943 3928 in
1961 3873 2095 3929 abo-

515 3951 670 4007 litum
717 3953 879 4008 missa
925 3956 1210 4022 sententia,
1260 3972 1378 4028 qua:
1403 3973 1436 4013 a
1480 3959 1680 4015 vicario
1719 3960 1864 4016 urbis
1908 3961 2096 4018 Romae

516 4059 682 4115 super
707 4045 808 4102 hac
835 4054 990 4116 parte
1019 4050 1265 4104 noscitur
1311 4051 1666 4119 promulgata,
1699 4053 1887 4120 patria:
1925 4061 1980 4109 te
2006 4069 2066 4110 re

518 4139 724 4210 busque
743 4140 994 4195 omnibus
1023 4149 1050 4179 ι
1079 4149 1265 4197 nostra
1293 4142 1469 4198 reddit
1499 4144 1825 4212 auctoritas;
1867 4160 1968 4201 nec
1987 4146 2098 4204 ullo

520 4241 766 4302 tempore
788 4212 1112 4287 calumniam
1150 4248 1315 4304 super
1340 4233 1445 4290 hac
1471 4243 1626 4305 parte
1672 4233 1947 4293 formides.
1989 4237 2099 4293 Sed
2167 4255 2179 4262 ·

519 4337 589 4376 ne
631 4321 948 4390 cujusquam
995 4320 1218 4378 forsitan
1265 4323 1546 4392 plectenda
1591 4327 1868 4384 temeritas
1897 4327 1923 4367 δ
1952 4329 2006 4384 in
2047 4337 2102 4386 te

521 4409 754 4479 impetus
800 4425 1054 4480 reparare
1097 4398 1270 4480 possit
1315 4410 1554 4468 audacia:
1575 4452 1592 4479 ,
1642 4416 1854 4485 patricii
1897 4415 2098 4482 Albini,

519 4498 684 4556 salvis
711 4497 944 4568 legibus,
989 4499 1146 4555 tuitio
1192 4509 1246 4557 te
1283 4499 1538 4572 deputata
1581 4505 1912 4562 communiet
1935 4521 1951 4564 :
1974 4507 2102 4575 quia

595 4707 623 4736 ι
646 4696 1001 4772 εθηιθιῃίειηιΔ
1024 4698 1166 4767 passi
1208 4698 1520 4772 restitutio:
1553 4699 1645 4772 lib.
1684 4715 1887 4772 super.,
1928 4703 2096 4772 epist.

526 4767 614 4832 46,
646 4767 947 4836 exemplum
974 4765 1129 4822 fama:
1150 4769 1406 4824 restituta:
1429 4769 1544 4824 fuit.
1577 4765 1896 4834 Antoninus,
1923 4765 2102 4829 Resti-

526 4846 622 4892 tuo
651 4845 705 4891 te
733 4837 806 4908 in,
833 4837 1096 4906 integrum
1146 4839 1434 4908 provinciae
1479 4849 1610 4904 tuae;
1660 4849 1716 4893 et
1761 4840 1998 4906 adjecit:
2033 4841 2102 4897 Ut

527 4915 706 4961 autem
733 4907 874 4960 scias
899 4908 1026 4975 quid
1053 4909 1123 4963 sit
1148 4907 1204 4962 in
1251 4909 1516 4975 integrum
1561 4910 1846 4964 restituere
1870 4949 1886 4976 ,
1939 4911 2103 4966 hono-

526 4978 692 5041 ribus,
720 4985 776 5032 et
795 4975 969 5032 ordini
995 4986 1110 5045 tuo,
1135 4987 1191 5033 et
1209 4980 1418 5034 caeteris
1444 4979 1692 5034 omnibus
1716 4980 1961 5046 restituo,
1983 4983 2021 5036 l.
2046 4981 2096 5035 1.

527 5046 590 5101 C.
614 5047 683 5119 de
720 5055 859 5102 sent.
891 5063 1030 5119 pass.
1057 5057 1112 5103 et
1147 5050 1318 5103 restit.
1348 5046 1592 5104 Julianus
1618 5048 1806 5119 imper.
1830 5049 2102 5104 Zenonem

528 5116 794 5172 medicum
841 5118 1114 5186 religionis
1142 5133 1300 5172 causa
1328 5119 1663 5173 exsulantem
1693 5116 1996 5185 'revocans,
2027 5119 2100 5174 ita

527 5187 817 5262 rescripsit,
848 5189 1014 5262 xs'crcﬁt
1037 5190 1204 5262 τρζνυν
1231 5189 1482 5262 ἐπίτιμος,
1511 5191 1592 5242 ml
1619 5190 1936 5262 τρὶ-πρότερον
1960 5197 2103 5262 ἔχων

527 5245 746 5328 ἁξὶαιμὲι.
777 5245 1046 5328 Ᾱηιιιιίιῃ.
1076 5256 1314 5328 Marce".
1346 5245 1614 5312 lib._xx1x.
1649 5245 1887 5314 Illi'ver'o
1911 5245 2103 5316 exsilio

527 5337 587 5398 et
605 5326 926 5398 pecuniariis
952 5326 1133 5383 aﬂlicti
1163 5327 1453 5398 dispendiis
1488 5328 1648 5398 paulo
1679 5337 1864 5398 postea
1898 5330 2101 5383 reddita

527 5397 627 5468 sibi
675 5398 1032 5468 militia_sunt
1077 5397 1349 5463 revocati,
1393 5397 1742 5468 dignitatibus
1784 5398 2005 5467 integris
2049 5406 2106 5453 et

528 5467 833 5536 Spleinlore.
859 5464 1026 5536 Eous.

601 5538 628 5575 ιι
658 5535 753 5590 Gr.
786 5545 843 5590 et
868 5533 1014 5604 Cuj.,
1040 5537 1302 5590 severitas.
1323 5536 1462 5600 Jur.,
1489 5537 1644 5601 forte,
1679 5541 1932 5593 saturitas.

605 5615 628 5643 ε
661 5604 1027 5677 Theodericus
1053 5621 1169 5677 rex
1210 5621 1329 5677 sese
1358 5617 1645 5676 parentem
1691 5608 1961 5677 publicum
1993 5621 2112 5662 esse

540 5676 744 5744 asserit,
771 5682 826 5728 et
844 5675 1128 5742 aliquoties
1155 5675 1422 5744 principes
1441 5675 1826 5732 dicuntur'esse
1842 5677 1948 5730 nati
1969 5678 2111 5732 bono

535 5743 861 5816 reipublic'e,
891 5754 946 5796 et
973 5743 1348 5816 imperatorem
1370 5745 1435 5798 ad
1463 5746 1690 5800 salutem
1718 5747 1984 5816 publicam
2015 5762 2111 5812 ge-

539 5813 712 5866 nitum
737 5811 984 5882 legimus;
1019 5811 1137 5868 ideo
1169 5814 1372 5868 Seneca
1409 5825 1555 5871 vocat
1588 5811 1851 5887 principes
1879 5827 1933 5872 et
1960 5833 2114 5886 rcges

2189 3233 2610 3282 commemorata
2662 3223 2781 3280 loca
2831 3223 3105 3280 communi
3153 3219 3281 3291 jure
3329 3220 3596 3290 possedit,
3667 3221 3790 3278 ﬁliis

2189 3315 2366 3385 perire
2393 3329 2502 3371 non
2537 3313 2801 3380 debeant;
2831 3313 3127 3383 prmaertim
3156 3326 3280 3368 cum
3306 3325 3538 3382 germen
3561 3319 3791 3368 senato.

2190 3409 2330 3464 rium
2367 3406 2396 3448 ά
2425 3408 2579 3464 novis
2606 3407 2885 3477 cupiamus
2904 3403 3181 3462 beneﬁciis
3206 3403 3477 3469 enutrirc,
3501 3418 3621 3458 non
3652 3401 3791 3458 inter

2191 3502 2306 3572 ipsa
2327 3501 2476 3558 initia
2503 3515 2654 3572 spem
2682 3499 2878 3558 adulta:
2894 3497 3069 3556 atatis
3097 3497 3275 3566 aliqua
3297 3494 3524 3552 lesione
3551 3494 3792 3565 compri-

2189 3609 2361 3649 mere.
2389 3593 2566 3662 Atque
2593 3592 2715 3649 ideo
2757 3591 2978 3648 illustris
3013 3586 3413 3660 magniﬁcentia
3444 3595 3562 3657 tua,
3593 3586 3646 3643 si
3665 3584 3792 3656 quid

2194 3685 2302 3740 tale
2322 3685 2520 3741 factum
2539 3699 2662 3741 esse
2674 3683 2936 3746 meminit.
2957 3683 3105 3740 illico
3125 3681 3340 3738 noverit
3364 3678 3790 3750 corrigendum:

2195 3790 2264 3830 ne
2290 3773 2647 3831 venerandum
2676 3789 2905 3830 examen
2932 3772 3190 3830 senatorii
3219 3771 3426 3828 ordinis
3451 3771 3643 3840 iniqua
3668 3783 3803 3840 pra-

2195 3872 2501 3940 sumptione
2525 3876 2838 3923 temeretur.

2705 3997 3038 4055 EPISTOLA
3073 3999 3252 4054 XLIII.

2427 4109 2651 4148 SENATUI
2678 4109 2827 4148 URBIS
2852 4108 3008 4148 80118
3040 4108 3407 4148 THEODORICUS
3435 4110 3566 4148 REX.

2202 4183 2513 4255 Decernitat
2532 4183 2759 4255 inquirat
2780 4184 2834 4237 in
2862 4200 2950 4239 eos
2977 4184 3064 4255 qui
3079 4184 3383 4237 seditionem
3405 4195 3798 4239 commoverunt

2269 4263 2320 4307 et
2359 4250 2658 4337 {admorunt
2685 4250 3006 4324 synagogani
3031 4263 3528 4337 concremaverunt;
3560 4265 3721 4337 atque
3745 4258 3799 4337 in

2270 4331 2504 4446 amares
2541 4323 2752 4393 paucos,
2801 4323 2926 4392 quos
2971 4325 3195 4392 potuerit
3238 4323 3496 4388 invenire,
3551 4323 3794 4380 euitand-

2270 4409 2355 4446 ver
2439 4433 2453 4446 .

2270 4409 2355 4448 ver
2357 4409 2453 4448 ιαι.

2277 4499 2434 4557 Urbis
2479 4500 2740 4557 Romanae
2771 4501 3003 4557 celebris
3039 4502 3224 4572 opinio
3270 4517 3374 4558 suo
3418 4503 3798 4560 conservanda

2206 4712 2411 4758 tutores
2433 4710 2605 4756 status
2631 4701 2848 4772 publici.
2879 4700 3194 4772 Ammianus
3231 4698 3588 4772 Marcellinus
3615 4700 3800 4756 scribit

2205 4790 2236 4828 a
2279 4773 2451 4828 salute
2491 4769 2777 4842 principis,
2812 4772 2963 4842 velut
2990 4769 3078 4842 ﬁlo
3106 4769 3344 4842 pendere
3380 4778 3591 4842 statum
3619 4787 3800 4826 rerum

2207 4839 2825 4922 prbisnstiliiique‘aliud
2856 4854 2976 4894 esse
2984 4839 3312 4922 imperium,
3342 4839 3447 4922 nisi
3479 4855 3674 4894 curam
3711 4855 3802 4896 sa-

2207 4913 2330 4967 lutis
2356 4909 2585 4968 alienref
2603 4910 2712 4966 Nec
2755 4912 2851 4965 abs
2876 4925 2936 4965 re
2980 4909 3268 4964 Christiani
3297 4910 3534 4964 orabant
3563 4926 3668 4978 pro
3694 4925 3803 4963 ma-

2203 4983 2514 5048 gistratibus
2552 4981 2986 5051 principibusque
3015 4980 3194 5051 etiam
3237 4979 3506 5051 paganis,
3535 4989 3605 5034 ut
3645 4979 3804 5051 refert

2206 5052 2247 5105 Τ
2252 5051 2523 5106 ertullian.
2556 5049 2624 5104 'in
2653 5050 2882 5119 Apolog.
2902 5049 2970 5104 et
2998 5049 3295 5119 Arnobius;
3337 5049 3610 5119 quoniam
3659 5049 3800 5104 salus

2204 5120 2458 5242 principis
2479 5116 2807 5199 privatorum
2830 5116 3045 5200 quoque
3063 5117 3209 5173 salus
3230 5125 3336 5173 est.
3357 5116 3498 5172 Vide
3511 5116 3798 5200 senectuti.

2227 5191 2297 5242 th.
2347 5205 2385 5242 ιι
2432 5190 2500 5242 de
2529 5188 2824 5242 Tranamll.
2857 5197 2980 5242 Vita:
3028 5203 3147 5242 can.
3197 5186 3256 5241 S.
3311 5185 3704 5242 Mamertinum
3751 5202 3798 5240 In

2227 5191 2297 5244 ih.
2347 5185 2395 5244 η’
2432 5185 2500 5244 de
2529 5185 2980 5256 Tranquillfvitai
3028 5203 3147 5256 cap.
3197 5186 3256 5241 S.
3311 5185 3704 5242 Mamertinum
3751 5187 3801 5240 in

2203 5259 2574 5314 Genethliaco.
2607 5257 2755 5328 Paul.
2802 5258 2922 5311 ini.
2965 5258 3016 5322 5,
3067 5257 3128 5328 D.
3173 5256 3267 5328 oti.
3313 5257 3468 5325 prmi.
3509 5258 3693 5328 vigil.,
3731 5258 3802 5309 ait

2203 5329 2430 5383 salutem
2461 5327 2764 5397 reipublica:
2795 5329 2930 5382 tueri
2973 5327 3103 5397 nulli
3131 5327 3300 5396 magis
3341 5327 3684 5397 convenire,
3709 5341 3803 5380 nec

2206 5399 2366 5453 alium
2389 5395 2636 5452 sufﬁcere
2666 5399 2716 5452 ei
2747 5398 2823 5452 rei
2851 5412 3008 5467 quam
3039 5395 3328 5467 Caesarem.
3361 5395 3559 5467 Bnoss.

2283 5467 2658 5522 dSenatorum
2704 5461 3248 5535 velut'paternarum
3294 5465 3517 5520 laudum
3568 5461 3800 5535 hmredes

2213 5539 2409 5592 eximio
2455 5538 2690 5606 quodam
2719 5532 3013 5606 nobilitatis
3034 5539 3240 5606 honore
3267 5537 3662 5602 censebantur,
3692 5532 3801 5606 l._l_i.

2213 5607 2249 5662 1.
2281 5608 2333 5669 7,
2365 5600 2666 5670 Senatoris;
2699 5606 2735 5660 l.
2765 5605 2818 5669 9,
2849 5607 3006 5668 illius,
3032 5605 3090 5659 D.
3124 5605 3193 5661 de
3221 5604 3614 5671 Senatoribus;
3648 5600 3684 5658 l.
3714 5600 3798 5662 59,

2213 5677 2478 5745 exemplo,
2509 5676 2571 5731 C.
2601 5677 2669 5731 de
2697 5678 2883 5731 decur.
2916 5677 3080 5732 multa
3107 5675 3276 5739 Bud.;
3309 5674 3339 5745 ι.
3382 5677 3484 5729 ult.
3519 5677 3582 5729 Ι).
3615 5675 3683 5729 de
3708 5672 3802 5726 Se-

2214 5743 2492 5800 mtorihns
2521 5765 2534 5798 :
2569 5747 2807 5799 nonnihil
2839 5748 2908 5801 cli
2935 5763 3000 5800 .m
3029 5762 3128 5802 nos
3151 5743 3478 5808 notavimus,
3532 5747 3568 5800 ι.
3616 5763 3652 5810 l,
3686 5757 3799 5810 inp.

2219 5818 2303 5880 12,
2333 5819 2517 5871 sclcct.
2552 5817 2782 5870 Flumen.
