3974 6406
517 348 624 404 639

1682 345 1750 398 Μ.
1797 343 2069 399 AURELII
2111 343 2508 403 CASSIODORI

3717 337 3846 390 6ιο

518 469 708 516 contra
732 461 867 530 juris
895 461 1136 516 ordinem
1183 469 1587 532 pracgravatam.
1629 459 1782 527 Quod
1809 460 1855 514 si
1896 461 1966 514 ita
1997 467 2100 524 est,
2129 464 2178 518 Α
2205 476 2356 516 suam
2387 461 2567 532 prodit
2608 459 2852 530 quisquis
2880 475 3064 516 secum
3107 459 3278 514 multa
3313 459 3664 530 portaverit,
3728 468 3846 509 nec

518 553 738 609 remotis
759 553 1097 622 praeiudiciis,
1119 552 1260 623 apud
1281 553 1530 618 arbitros,
1561 567 1698 622 quos
1717 553 1950 622 partium
1971 567 2102 606 con-

516 657 704 696 sensus
731 642 986 710 elegerit,
1017 649 1074 696 te
1119 642 1432 697 imminente
1451 681 1466 706 ,
1493 657 1654 698 causa
1683 642 1890 711 legibus
1917 643 2104 696 audia-

516 738 622 783 tur.
651 730 802 796 Quod
825 732 869 784 si
896 731 1008 785 illic
1036 732 1154 786 linis
1183 732 1386 802 negotii
1409 731 1712 800 nequiverit
1732 731 1978 797 inveniri,
2005 747 2105 802 per

516 819 806 874 instructas
829 835 1110 889 personas,
1128 821 1173 876 si
1193 829 1369 874 tamen
1393 821 1520 888 ipsae
1541 821 1722 876 venire
1748 836 1853 874 non
1879 821 2100 888 eligunt,

516 919 703 964 nostro
732 911 1008 965 comitatui
1037 911 1393 966 concurrendi
1423 909 1702 964 licentiam
1723 911 1966 980 partibus
1995 925 2104 964 nou

517 1017 777 1071 negamus
812 1020 825 1056 :
861 1003 950 1057 ubi
983 1018 1084 1057 nec
1109 1002 1411 1072 redemptio
1438 1002 1510 1056 sit
1537 1000 1675 1056 forte
1702 1009 1972 1070 suspecta,
2003 1015 2105 1056 nec

518 1093 774 1148 insidiosa
803 1091 949 1165 [Νἱυ.
980 1101 1030 1147 et
1058 1091 1233 1160 Gem,
1278 1091 1561 1164 invidiosa]
1588 1091 1760 1162 possit
1787 1105 1986 1146 nocere
2013 1105 2108 1146 ca-

520 1184 740 1240 lumnia.

979 1348 982 1351 .
1012 1296 1344 1354 EPISTOLA
1380 1297 1590 1354 XLVII.

569 1425 786 1467 ουυιειιι.
817 1411 922 1484 [ed.
951 1408 1299 1482 GODISCALCO]
1327 1427 1502 1467 suom
1531 1425 1895 1465 ruconomcus
1923 1427 2052 1466 nux.

519 1521 802 1592 Signiﬁcat
829 1538 884 1576 se
930 1522 1189 1590 accepisse
1216 1538 1249 1573 a
1274 1521 1457 1590 legatis
1498 1522 1604 1575 suis
1634 1521 1841 1576 veredos
1870 1523 2109 1592 frequen-

591 1591 712 1662 tiori
741 1608 893 1646 cursu
917 1593 1165 1662 fatigari;
1197 1600 1244 1644 et
1288 1609 1412 1662 quos
1440 1593 1496 1646 in
1543 1592 1821 1645 utilitatem
1849 1591 2108 1662 publicam

580 1661 814 1731 jusserat
843 1659 1112 1724 custodiri,
1144 1663 1216 1731 _in
1242 1659 1389 1714 usum
1435 1663 1688 1731 privatum
1732 1659 2107 1731 asru'mitldeo

589 1727 818 1784 decernit
835 1741 889 1784 ut
911 1732 1105 1784 nullum
1130 1727 1351 1784 Gothum
1373 1727 1448 1784 vel
1473 1730 1759 1796 Romanum
1777 1733 1918 1784 exire
1945 1729 2108 1785 Roma

589 1803 842 1882 patiatur,
873 1801 974 1882 nisi
1013 1817 1162 1882 quem
1187 1803 1462 1882 praefectus
1492 1803 1735 1870 praetorio
1776 1810 1827 1854 et
1863 1803 2109 1882 magister

591 1871 871 1938 officiorum
907 1870 1225 1932 dimiserint;
1268 1870 1323 1924 ut
1371 1873 1460 1940 qui
1508 1887 1672 1924 unum
1713 1887 1894 1940 equum
1933 1872 2106 1924 invitis

593 1941 702 1993 illis
743 1941 921 2007 quibus
952 1941 1082 2010 tunc
1133 1957 1258 1992 cura
1309 1941 1558 1993 mandata
1605 1951 1698 2003 est,
1749 1942 2106 2010 assmnpserit,

592 2019 795 2082 centum
823 2009 1265 2082 solidos‘mulctte
1292 2012 1753 2082 nominencogatur
1781 2009 2009 2078 inferre;
2053 2018 2110 2062 ut

591 2081 748 2132 etiam
775 2097 922 2134 nemo
965 2079 1237 2151 plusquam
1265 2087 1465 2134 centum
1495 2079 1744 2134 librarum
1785 2097 1945 2134 onera
1979 2095 2108 2149 equo

593 2151 845 2219 imponat.
1047 2155 1064 2168 ‘

591 2264 814 2318 Assidua
844 2263 1206 2319 sollicitudine
1227 2261 1519 2318 refovenda
1544 2268 1671 2316 sunt
1694 2275 1814 2330 qua:
1842 2261 2110 2316 continuis

524 2355 797 2412 exercitiis
817 2353 1096 2424 subiacere
1123 2362 1441 2410 noscuntur.
1472 2352 1934 2420 Quemadmodum
1963 2353 2108 2408 enim

519 2447 744 2515 subjecti
793 2443 1114 2502 veredorum
1155 2445 1462 2502 necessario
1505 2444 1775 2500 sufﬁciant
1822 2445 2014 2513 labori,
2063 2446 2110 2500 si

521 2539 864 2608 permittatur
892 2537 1081 2593 excedi
1127 2539 1202 2592 ιτ
1253 2536 1665 2592 Incitamentum
1704 2536 1967 2605 siquidem
2009 2536 2110 2590 im-

521 2627 707 2698 probae
734 2627 1166 2698 prtesumptionis
1192 2637 1292 2693 est,
1319 2627 1564 2696 neglecta
1593 2626 1857 2683 custodia.
1875 2625 2112 2695 Legato-

523 2734 642 2774 rum
669 2719 853 2788 itaque
890 2727 1196 2773 nostrorum
1233 2719 1574 2788 suggestione
1600 2718 1958 2787 comperimus
1983 2733 2108 2772 cur-

521 2807 701 2862 suales
738 2823 908 2877 equos
943 2807 1208 2878 frequenti
1237 2808 1587 2879 usurpatione
1614 2807 1859 2877 fatigari;
1890 2819 1947 2863 et
1973 2823 2110 2878 quos

523 2915 624 2954 nos
668 2900 1081 2958 necessitatibus
1128 2901 1353 2972 publicis
1409 2901 1654 2972 cupimus
1706 2902 2004 2965 custodiri,
2054 2901 2108 2957 in

524 3005 679 3044 usum
707 2991 1057 3058 cognovimus
1102 2991 1322 3061 privatze
1350 2990 1640 3046 voluntatis
1667 2992 1888 3046 assumi.
1931 2991 2110 3062 Atque

524 3079 646 3136 ideo
674 3080 727 3134 in
765 3081 894 3136 urbe
923 3081 1094 3136 Roma
1122 3083 1461 3138 ordinatione
1489 3082 1723 3152 prml'ecti
1773 3085 2026 3157 praetorio
2054 3096 2110 3141 et

525 3275 579 3320 te
605 3265 842 3322 residere
869 3281 1183 3332 censemus;
1225 3275 1286 3321 ut
1312 3267 1517 3322 nullum
1544 3265 1844 3322 Gothorum
1881 3268 1966 3322 vel
2000 3266 2111 3324 Ro-

524 3371 800 3412 manorum
831 3356 1025 3412 exinde
1053 3357 1235 3424 egredi
1263 3358 1503 3426 patiaris,
1538 3357 1637 3412 nisi
1666 3373 1803 3428 quos
1831 3357 2111 3427 praedicta-

525 3460 644 3500 rum
693 3445 1013 3514 dignitatum
1061 3447 1204 3501 vices
1245 3453 1466 3516 agentes
1507 3445 1646 3502 forte
1685 3447 2004 3502 dimiserint.
2043 3447 2110 3502 Et

526 3535 666 3604 quod
695 3536 850 3591 nobis
879 3535 1189 3606 frequenter
1225 3546 1537 3607 usurpatum
1569 3552 1688 3594 esse
1716 3539 2037 3607 suggeritur,
2065 3539 2110 3593 si

433 3682 442 3692 ι
527 3627 646 3694 quis
674 3626 853 3682 invitis
896 3626 979 3681 his
1006 3627 1200 3697 quibus
1246 3626 1362 3682 haec
1391 3628 1497 3698 75
1528 3644 1654 3682 cura
1704 3628 1956 3683 mandata
1997 3636 2106 3694 est,

527 3719 754 3774 veredos
783 3718 812 3758 δ
847 3735 1174 3790 praesumere
1201 3721 1444 3775 fortassis
1485 3721 1861 3790 assumpserit,
1893 3719 2110 3789 cujusli-

527 3811 618 3866 bet
643 3811 876 3866 nationis
904 3811 1064 3866 fuerit
1083 3813 1168 3868 vel
1195 3813 1438 3882 honoris,
1465 3828 1562 3882 per
1582 3828 1747 3867 unum
1767 3828 1963 3883 equum
1985 3827 2112 3868 cen-

529 3912 642 3958 tum
689 3903 890 3958 solidos
936 3904 1148 3958 mulcta:
1199 3905 1420 3959 nomine
1467 3912 1692 3971 cogatur
1747 3901 1972 3968 inferre;
2002 3918 2111 3958 non

527 3995 670 4065 quod
699 3996 830 4050 tanti
871 4003 954 4050 est
983 3996 1136 4050 unius
1178 3996 1492 4050 testimanda
1515 3995 1744 4064 jumenti
1795 3995 1963 4057 laesio,
2017 3993 2114 4049 sed

525 4087 650 4157 quia
701 4085 888 4155 grandi
915 4087 1114 4142 damno
1142 4085 1479 4156 reprimenda
1521 4096 1605 4142 est
1647 4088 1948 4156 importuna
1980 4101 2114 4154 prte-

525 4177 778 4246 sumptio.
809 4175 1026 4230 Nullum
1051 4185 1312 4246 praeterea
1341 4176 1588 4244 sajonum
1617 4176 1888 4230 discursus
1937 4173 2114 4230 facere

479 4312 484 4318 .
525 4268 778 4338 patiaris;
811 4267 905 4322 sed
949 4268 1016 4321 ad
1065 4281 1281 4321 causam
1324 4281 1484 4334 quam
1515 4265 1749 4320 directus
1777 4264 1953 4330 fuerit,
2005 4282 2112 4321 uno

529 4365 734 4411 tantum
765 4357 957 4412 itinere
986 4357 1330 4426 permittatur
1359 4356 1616 4410 accedere
1643 4355 1726 4410 vel
1756 4356 1948 4411 redire.
1979 4356 2112 4422 Qui-

525 4448 626 4502 bus
647 4448 699 4502 in
729 4447 1062 4517 superiorem
1087 4446 1341 4500 mulctam
1369 4445 1528 4500 cadat
1556 4445 1836 4500 interdicta
1865 4445 2115 4515 frequen-

527 4541 620 4594 tia.
651 4539 1036 4608 Parhipporum
1067 4539 1357 4606 quinetiam
1405 4555 1571 4594 onera
1613 4549 1825 4596 centum
1857 4541 2109 4600 librarum

530 4632 706 4686 nullus
733 4629 978 4684 excedat.
1011 4628 1302 4699 Expeditos
1331 4631 1472 4684 enim
1503 4647 1794 4700 properare
1823 4631 2108 4686 mittenda-

527 4724 638 4778 rios
683 4722 931 4777 volumus
981 4733 1027 4787 ο,
1070 4737 1180 4776 ιιοιι
1223 4723 1450 4791 migrare
1498 4737 1798 4778 censemus.
1856 4722 2108 4778 Inertiam

599 4883 625 4909 ιι
648 4872 742 4929 Gr.
790 4883 844 4928 et
871 4873 1015 4940 Cuj.,
1044 4891 1157 4944 qtae
1192 4875 1262 4928 ad
1297 4877 1506 4930 modum
1547 4877 1770 4932 subvecti
1811 4880 2106 4936 veredorum

527 4945 826 5016 necessario
840 4946 1186 5016 sufﬁciat...”
1223 4948 1418 5016 excedi.
1451 4947 1584 5002 Vide
1611 4964 1696 5016 ep.
1730 4947 1762 4998 5
1784 4949 1874 5003 lib.
1907 4965 1958 5002 ν.

600 5013 638 5086 δᾲ
663 5010 1112 5086 V’el'etlidicnntur
1140 5017 1262 5082 equi
1285 5010 1474 5071 cursus
1495 5010 1836 5081 velocissimi,
1863 5019 2110 5086 qualibus

530 5084 735 5152 antiqui
765 5086 1051 5138 utebantur
1077 5085 1130 5138 in
1153 5087 1456 5141 venatione.
1481 5087 1710 5142 Martial.
1738 5089 1808 5142 lib
1835 5084 1921 5144 xiv
1947 5107 1960 5144 :

597 5203 606 5212 ’
651 5220 874 5283 Stragula
901 5222 1135 5270 ςιιυι-ἱιιιιιί
1166 5231 1340 5269 renato
1393 5235 1534 5272 sume
1558 5225 1731 5273 veredi
1756 5239 1768 5250 '

725 5281 844 5330 Nam
869 5285 996 5332 solet
1018 5299 1042 5330 ει
1068 5282 1196 5331 nudo
1217 5297 1424 5345 surgere
1451 5286 1568 5334 licus
1589 5297 1731 5346 cth.

533 5402 750 5476 Veredis
776 5403 936 5476 etiam
967 5413 1189 5459 utuntur
1213 5406 1513 5476 principum
1556 5408 1840 5472 tabellarii,
1871 5409 1960 5476 qui
1986 5427 2104 5464 mu-

529 5473 656 5525 tatis
680 5488 777 5542 per
796 5475 1054 5547 stationes
1079 5473 1248 5544 equis,
1265 5473 1433 5547 quam
1462 5477 1798 5532 velocissime.
1819 5473 1926 5547 quo
1955 5482 2107 5534 insti-

529 5549 747 5618 tuerunt
772 5543 1384 5618 pervetriitntyquiiijde
1435 5549 1598 5618 etiam
1629 5543 1888 5602 veredarii
1921 5551 2103 5618 appel-

531 5609 793 5690 latiosuutl
823 5610 930 5690 Jul.
949 5609 1218 5690 _Firmi_cus
1246 5615 1338 5668 lib.
1369 5629 1447 5690 nt,
1477 5616 1681 5690 Regum
1710 5620 1926 5690 nuntios
1956 5609 2106 5674 vere—

533 5678 818 5754 dariosque
836 5680 1059 5754 reddent
1081 5683 1171 5754 :_iu
1191 5698 1296 5752 qua
1311 5678 1476 5754 etiam
1505 5678 1890 5754 signiﬁcatione
1912 5705 2100 5743 vocem

535 5747 777 5826 eamdem
795 5750 1067 5826 usurpavit
1095 5747 1340 5823 Procopii
1357 5747 1618 5826 interprés
1637 5756 1728 5812 lib.
1755 5772 1793 5811 ιι
1813 5757 1945 5812 Belli
1976 5758 2102 5813 l’er—

537 5815 650 5869 sici.
679 5815 809 5872 lliuc
838 5815 1088 5876 Martialis
1122 5837 1135 5872 :

2206 551 2408 630 cogitat
2431 549 2500 606 de
2521 551 2797 606 celeritate
2825 550 2916 619 qui
2945 549 3174 606 delicata
3202 565 3262 606 se
3291 551 3552 606 maluerit
3579 563 3845 606 conver-

2205 638 2416 694 satione
2455 647 2708 694 tractare.
2745 639 2919 694 Grues
2958 640 3192 709 denique
3222 641 3446 710 pelagus
3476 639 3845 706 transitura,

2205 742 2402 798 parvos
2445 727 2658 797 lapillos
2695 728 2850 783 uncis
2880 728 3110 798 pedibus
3149 729 3579 800 amplectuntur,
3611 736 3681 783 ut
3725 742 3847 785 nec

2207 832 2394 871 eorum
2425 816 2616 871 levitas
2644 817 2812 872 nimio
2850 826 3014 873 vento
3036 819 3295 889 rapiatur,
3326 835 3432 876 nec
3459 821 3653 875 nativa
3677 819 3850 876 cele—

2206 905 2337 961 ritas
2359 905 2556 977 iniquis
2583 907 2912 977 ponderibus
2954 909 3282 977 ingravetur.
3315 909 3434 966 Hoc
3476 909 3690 964 imitari
3733 925 3849 964 ne-

2206 1005 2412 1066 queunt
2448 999 2540 1066 qui
2570 1013 2629 1052 se
2655 998 2722 1052 ad
2751 999 2996 1068 publicas
3045 1000 3400 1055 necessitates
3437 999 3658 1056 electos
3705 1014 3849 1055 esse

2207 1096 2561 1155 cognoscunt.
2587 1086 2656 1142 Et
2685 1088 2808 1144 ideo
2823 1087 3211 1159 quinquaginta
3233 1088 3536 1144 solidorum
3553 1089 3842 1144 mulctam

2200 1177 2313 1247 jam
2349 1194 2458 1232 non
2499 1177 2847 1244 veredarius,
2895 1177 2992 1235 sed
3039 1179 3406 1234 catabulensis
3450 1175 3478 1215 ἀ
3529 1178 3845 1243 incurrat,

2207 1266 2448 1334 quisquis
2475 1266 2614 1320 ultra
2639 1275 2856 1322 centum
2899 1267 3066 1321 libras
3096 1267 3422 1336 parhippum
3453 1275 3480 1304 ⁸
3522 1265 3846 1321 crediderit

2207 1357 2558 1413 onerandum.
2592 1357 2688 1412 His
2715 1367 2902 1414 autem
2941 1358 3034 1428 qui
3059 1359 3557 1430 suprascriptarum
3585 1357 3844 1428 dignita-

2209 1459 2324 1506 tum
2349 1451 2554 1507 vicibus
2582 1451 2636 1506 in
2666 1449 2812 1506 Urbe
2841 1458 3114 1522 praesunt,
3147 1459 3202 1506 te
3230 1452 3531 1506 observare
3569 1448 3847 1520 ιιι-ωοίρί-

2211 1559 2358 1610 mus;
2391 1552 2656 1614 quatenus
2684 1559 2956 1607 excessus,
2985 1543 3078 1614 qui
3120 1543 3188 1598 ab
3218 1542 3326 1596 illis
3350 1541 3608 1597 detectus
3637 1540 3840 1602 fuerit,

2211 1633 2559 1688 exsecutione
2587 1641 2676 1688 tua
2709 1633 3018 1704 supradicta
3045 1631 3507 1688 condemnatione
3535 1631 3842 1702 puniatur.

2212 1723 2426 1793 Siquos
2465 1731 2644 1778 autem
2675 1723 3042 1794 intemperans
3065 1723 3222 1792 culpa
3263 1720 3596 1792 perculerit,
3651 1718 3844 1774 colle-

2139 1829 2184 1886 Β
2211 1823 2354 1872 ctam
2372 1815 2724 1884 quantitatem
2745 1829 2844 1884 per
2870 1815 3014 1870 vices
3039 1821 3264 1883 agentes
3285 1810 3644 1881 mancipibus
3663 1806 3686 1846 ί
3711 1823 3843 1862 mu-

2213 1908 2476 1962 tationum
2497 1907 2745 1962 volumus
2772 1907 3064 1976 applicari;
3091 1914 3152 1960 ut
3169 1903 3436 1960 cursualis
3457 1910 3677 1957 tractus
3707 1900 3844 1956 inde

2212 1997 2410 2053 habeat
2438 1998 2756 2062 remedium,
2789 1999 2930 2054 unde
2959 1999 3219 2054 hactenus
3247 1995 3484 2067 sumpsit
3511 1995 3846 2051 incommo-

2210 2090 2358 2146 dum.
2405 2089 2690 2144 Mundanis
2726 2081 2992 2157 siqui'dem
3023 2089 3185 2142 rebus
3214 2087 3538 2155 frequenter
3582 2085 3845 2140 nascitur

2210 2179 2536 2233 adversitate
2565 2179 2927 2248 prosperitas;
2961 2185 3018 2232 et
3045 2177 3295 2232 homines
3325 2191 3451 2230 cum
3494 2175 3710 2231 laedere
3739 2190 3844 2230 cu-

2212 2271 2384 2342 piunt,
2415 2255 2676 2325 beneficia
2700 2269 3009 2340 frequenter
3035 2269 3367 2340 impertiunt.
3392 2267 3506 2324 Sed
3529 2267 3726 2323 omnia
3755 2267 3842 2323 sic

2211 2361 2504 2416 el‘licaciter
2529 2375 2594 2416 ac
2619 2359 2905 2429 diligenter
2939 2360 3217 2430 implebis,
3247 2367 3309 2414 ut
3345 2359 3642 2430 provocati
3669 2357 3841 2413 bonis

2211 2450 2416 2506 actibus
2441 2451 2710 2506 devotioni
2739 2461 2842 2506 tua:
2887 2449 3094 2521 majora
3123 2451 3469 2506 committere
3499 2448 3834 2506 debeamus.

2695 2558 3030 2616 EPISTOLA
3062 2560 3296 2616 XLVIII.

2407 2668 2622 2708 sesamo
2649 2669 2770 2708 VIRO
2799 2656 3046 2708 iLLus'rm
3072 2665 3446 2708 ruaooomcos
3463 2667 3602 2706 sex.

2247 2744 2510 2799 Permittit
2531 2753 2584 2797 ut
2633 2762 2724 2813 per
2749 2753 2865 2799 octo
2896 2760 3094 2798 menses
3114 2746 3168 2798 in
3203 2743 3502 2798 Lucaniam
3551 2744 3800 2810 secedat,

2633 2824 2812 2883 postea
2843 2813 3064 2869 Romam
3093 2815 3376 2868 rediturus.

2281 2905 2409 2960 Post
2448 2905 2789 2960 tumultuosae
2820 2903 2977 2960 Urbis
3011 2905 3410 2960 sollicitudines
3439 2905 3733 2972 taediosas,
3775 2915 3832 2963 et

2211 2996 2648 3052 Observationum
2677 2995 2952 3051 molestias
2975 2995 3340 3064 ingravantes,
3371 2997 3711 3064 magnitudo
3743 3007 3836 3052 tua

2211 3086 2521 3158 provinciali
2542 3085 2811 3140 desiderat
2833 3087 3144 3142 ammnitate
3162 3087 3418 3154 recreari,
3451 3103 3725 3146 asserens
3751 3105 3841 3146 oc-

427 3177 441 3190 '
524 3173 763 3242 magistri
784 3172 1103 3239 ofﬁciorum,
1118 3190 1398 3245 quousque
1413 3175 1614 3230 utilitas
1631 3175 1841 3245 publica
1857 3177 2106 3243 suaserit,
2135 3200 2180 3260 ρ
2213 3175 2561 3246 cupationum
2582 3175 2674 3230 tibi
2705 3190 2895 3232 causas
2914 3175 3272 3246 prtesentibus
3291 3177 3591 3232 emersisse
3613 3186 3841 3249 tempo-

2213 3266 2382 3332 ribus,
2431 3266 2625 3336 quibus
2674 3265 2937 3336 expeditis
2988 3266 3153 3320 rurali
3201 3266 3484 3342 desideras
3547 3270 3840 3324 suavitate

2212 3355 2462 3424 gaudere.
2509 3354 2577 3408 Et
2603 3350 2730 3425 quia
2753 3371 2882 3410 vera
2920 3355 3011 3412 illa
3039 3357 3302 3412 securitas
3329 3365 3438 3424 est,
3462 3373 3591 3427 qua!
3622 3361 3841 3415 nostris

2207 3451 2538 3520 jussionibus
2565 3451 2740 3518 datur,
2771 3467 2892 3508 cum
2921 3463 3137 3521 tempus
3165 3451 3261 3506 tibi
3290 3450 3458 3507 fuerit
3505 3453 3841 3524 occupatio-

2212 3543 2298 3596 nis
2326 3557 2601 3596 emensum
2627 3541 2767 3615 [Ac.,
2793 3541 3106 3614 emersum].
3133 3549 3258 3596 octo
3280 3543 3553 3598 mensium
3577 3543 3838 3600 inducias

2213 3633 2266 3686 in
2296 3631 2543 3688 Lucania:
2568 3632 2754 3688 dulces
2780 3647 3025 3688 recessus
3048 3642 3072 3680 ε
3103 3640 3288 3686 nostra
3325 3633 3672 3688 auctoritate
3702 3650 3836 3690 eou—

2214 3723 2477 3787 cedimus,
2526 3732 2585 3778 ut
2629 3738 2698 3778 ex
2741 3723 2836 3778 illo
2883 3731 3126 3793 tempore
3175 3730 3568 3793 supputentur,
3616 3741 3753 3780 eum
3781 3733 3836 3782 te

2215 3813 2398 3888 egredi
2419 3829 2488 3870 ex
2509 3812 2654 3868 Urbe
2673 3813 2855 3869 divino
2879 3813 3065 3870 favore
3113 3815 3424 3882 contigerit.
3456 3815 3698 3883 Quibus‘
3712 3834 3836 3889 per-

2215 3905 2353 3962 actis
2380 3905 2672 3960 multorum
2698 3905 2968 3960 desiderio
3007 3905 3074 3960 ad
3117 3904 3396 3960 Romanas
3442 3906 3609 3964 sedes
3641 3909 3836 3964 venire

2213 3992 2430 4061 festina,
2459 3995 2750 4050 conventui
2781 3995 3063 4064 nobilium,
3095 4002 3150 4051 et
3191 3995 3355 4065 digna
3413 3997 3528 4053 tuis
3579 4001 3835 4056 moribus

2215 4085 2632 4141 conversatione
2658 4085 2983 4142 reddendus.

2742 4215 3079 4272 EPISTOLA
3100 4217 3287 4273 XLIX.

2219 4344 2488 4384 UNIVERSIS
2516 4343 2947 4384 PBOVINCIALIBUS
2973 4345 3044 4384 ΕΤ
3071 4344 3388 4386 (ιΑιηιιΑτιε
3412 4329 3464 4394 1³,
3497 4348 3834 4389 ΒΕΡΒΝΞΟΒΙ·

2287 4415 2380 4454 BUS
2408 4416 2477 4453 ET
2505 4414 2812 4454 CURIALIBUS
2839 4415 2891 4452 IN
2920 4415 3106 4454 ευΑνιΑ
3125 4415 3608 4470 οοΝειετεΝτιιςυδ,
3659 4420 3831 4459 1⁵11Εο-

2219 4520 2224 4524 .
2286 4485 2440 4524 RICUS
2467 4485 2571 4522 REI
2581 4507 2596 4521 .

2144 4570 2186 4626 υ
2215 4557 2458 4621 Insinuat
2485 4575 2541 4613 se
2567 4553 2817 4612 ﬁctorem
2843 4575 3021 4681 eobruén
3068 4560 3352 4627 provincia
3379 4575 3603 4616 creasse
3637 4561 3828 4618 [ι’τίὀί-

2922 4644 2952 4680 α
2994 4645 3100 4681 um.

2922 4644 3100 4682 aaum.

2285 4719 2558 4776 Districtio
2589 4735 2803 4790 semper
2830 4719 3077 4775 subtrahi
3103 4735 3213 4776 non
3232 4721 3398 4777 debet
3425 4722 3601 4791 regite
3623 4723 3828 4794 iussio-

2333 4873 2534 4938 Parcius
2553 4875 2704 4923 utaris
2725 4886 2900 4938 moneo
2920 4875 3149 4935 rapiente
3172 4874 3386 4938 veredo,

2397 4935 2582 4994 Prisce,
2610 4950 2704 4984 nec
2727 4939 2775 4984 in
2801 4936 2999 4998 lepores
3022 4945 3118 4985 tam
3147 4935 3390 4998 violentus
3415 4949 3522 4988 eas.

3207 4996 3397 5053 Bnoss.

2285 5074 2308 5104 ε
2332 5063 2388 5118 Id
2415 5073 2518 5130 est,
2547 5076 2812 5120 exactores
2841 5065 3165 5130 tributorum,
3189 5069 3276 5122 vel
3305 5069 3581 5130 palatinos
3604 5074 3810 5126 milites.

2281 5130 2308 5172 ἀ
2342 5134 2394 5208 l_.l
2418 5145 2518 5208 est,
2547 5135 3048 5208 stabularius._AVide
3070 5138 3229 5208 epist.
3256 5130 3474 5208 10,71“).
3505 5156 3591 5195 ιιι.

2285 5213 2318 5276 οᾼ
2346 5204 2684 5276 Par/timum,
2715 5206 2836 5259 ini‘r.
2863 5205 2950 5259 lib.
2977 5204 3118 5276 seq.,
3149 5210 3306 5276 epist.
3331 5207 3386 5262 5.
3411 5207 3732 5276 Julian.ep.
3750 5210 3812 5264 ad

2212 5273 2437 5339 fEtium,
2467 5273 3139 5342 l.'-l4,quicontra,eodem
3171 5273 3249 5330 tit.
3266 5276 3404 5333 Cod.
3423 5277 3647 5336 Theod.
3676 5273 3807 5335 Fon.

2287 5343 2304 5381 τ
2353 5342 2698 5418 Mancipibus,
2717 5345 2786 5398 al.
2817 5348 3075 5418 mancipes
3101 5363 3291 5401 cursus
3317 5349 3546 5418 publici,
3578 5360 3638 5406 et
3667 5367 3814 5404 man-

2210 5413 2896 5490 cipeselabuniriiﬂursus,
2931 5416 2967 5468 l.
2993 5413 3350 5490 35_mancip_.',
3381 5418 3418 5490 ΙΪ
3445 5418 3525 5472 25
3566 5421 3638 5474 ad
3690 5435 3810 5490 pro-

2209 5484 2626 5559 curationele.
2661 5483 2730 5559 26
2757 5500 2965 5549 cursus,
2993 5485 3033 5559 l._
3055 5485 3124 5559 '_5_5
3153 5501 3182 5538 a
3209 5483 3376 5559 nullo,
3403 5487 3442 5541 ι.
3469 5490 3544 5559 6)}.
3579 5483 3806 5559 usurpa-

2211 5553 2432 5624 tionem.
2455 5550 2517 5605 C.
2541 5552 2643 5606 Th.
2673 5553 2918 5624 decursu
2946 5555 3172 5624 public,
3200 5550 3474 5612 Ammian.
3504 5550 3806 5615 MarceIIiu.

2213 5621 2302 5674 ιιι).
2337 5637 2426 5693 35x,
2451 5631 2506 5676 et
2533 5637 2694 5693 supra
2725 5623 2816 5676 lib.
2850 5639 2889 5688 ι,
2911 5621 2996 5693 cp.
3024 5623 3115 5678 29.

2287 5701 2311 5737 ε
2334 5690 2508 5762 duret.
2541 5692 2668 5762 legit
2695 5690 2957 5757 secessus,
2971 5701 3028 5747 ut
3054 5695 3189 5749 dixit
3209 5695 3275 5748 ad
3295 5695 3620 5762 Symutach.
3645 5699 3741 5755 lib.
3769 5713 3806 5762 ι,

2211 5775 2295 5838 ep.
2443 5753 2726 5838 .ﬁecetlentli
2749 5753 2986 5838 inducite,
3017 5780 3176 5833 supra
3205 5765 3302 5838 lib.
3334 5753 3414 5830 ῖιῐ,
3445 5753 3669 5838 9p.

2283 5827 2306 5865 ¹¹
2336 5830 2583 5897 Capillati
2638 5831 2918 5886 dicebatur
2961 5827 3097 5900 gens
3119 5835 3365 5904 qumdam
3401 5827 3453 5892 re
3485 5827 3802 5894 'Gotltorum
