3974 6388
165 272 266 326 6H

1406 269 1766 328 VARIARUM
1808 270 2003 330 LIBER
2041 275 2135 332 IV.

3349 287 3457 340 68?.

163 388 272 452 nis,
295 397 356 442 ut
381 395 436 442 et
457 389 691 445 audaces
714 395 889 446 metus
903 388 1243 460 comprimat,
1266 393 1323 440 et
1349 387 1618 440 laceratos
1636 399 1760 454 spes
1791 388 1834 442 Α
1864 385 1980 442 lore
1998 397 2226 455 vastata,
2245 404 2366 460 quin
2393 392 2664 449 laetissima
2694 393 2904 450 fuerant
2931 397 3199 454 viriditate
3217 399 3455 470 depicta.

163 477 345 533 futura
373 478 638 534 refoveat.
662 479 988 550 Plerumque
1014 481 1158 567 enim
1178 483 1496 538 denuntiata
1534 483 1766 538 commi-

162 572 317 627 natio
339 573 459 642 plus
487 573 656 628 eflicit
674 588 838 642 quam
865 589 1024 644 ptena
1049 575 1345 645 componit.
1379 573 1443 630 Et
1475 575 1620 638 ideo,
1653 575 1766 630 Deo

161 663 407 734 auspice.
423 662 769 720 Fridibadum
792 665 928 721 locis
951 666 1144 721 vestris
1172 681 1408 735 prmesse
1434 665 1763 731 censuimus,

163 753 258 820 qui
311 753 600 809 abactores
628 754 941 810 animalium
985 755 1226 822 legitima
1281 755 1571 810 severitate
1620 753 1762 826 [Ac.,

163 841 482 914 securitate]
541 850 814 911 coerceat,
863 845 1152 901 homicidia
1204 852 1438 909 resecet,
1467 845 1605 900 furta
1635 861 1766 900 con-

164 934 406 999 demnet,
449 935 775 1005 quietosque
803 951 901 992 vos
927 951 958 991 a
983 937 1262 992 sceleratis
1301 937 1522 992 ausibus
1549 937 1761 1006 reddat,

163 1038 304 1093 quos
335 1040 480 1080 nunc
508 1026 856 1096 prtesumptio
885 1026 1065 1096 iniqua
1093 1027 1376 1082 dilacerat.
1408 1027 1586 1084 Vivite
1613 1044 1766 1084 com-

165 1113 346 1183 positi,
371 1113 540 1170 vivite
567 1115 725 1169 bonis
771 1117 1013 1172 moribus
1062 1116 1313 1184 instituti,
1359 1117 1564 1170 nullum
1612 1118 1762 1173 natio

166 1201 306 1274 [Ac.,
332 1199 494 1274 ratio]
519 1214 568 1267 σι,
600 1203 803 1258 nullum
827 1205 1154 1276 promeritus
1173 1206 1350 1262 honor
1377 1213 1620 1261 excuset.
1654 1205 1761 1262 Ne»

167 1310 319 1350 cesse
349 1303 435 1352 est
462 1296 710 1354 vindicta:
749 1297 1026 1367 subjaceat
1055 1298 1147 1368 qui
1179 1299 1363 1369 pravis
1389 1299 1632 1356 moribus
1661 1299 1760 1354 ob-
1791 1295 1799 1302 ’

169 1385 450 1442 secundat.

748 1543 1080 1601 EPISTOLA
1128 1544 1188 1599 Ι».

265 1651 471 1693 ηυετο
498 1633 793 1692 πίει-ἐστο
823 1653 1104 1694 PRETOBIO
1133 1652 1496 1692 THEODORICUS
1524 1652 1650 1691 REX.

174 1726 418 1798 Principit
438 1727 694 1798 ut_mittat
723 1729 889 1781 virum
925 1726 1158 1790 probata:
1186 1727 1312 1798 ﬁdei
1355 1726 1443 1798 ad”
1490 1723 1759 1798 Nolanum

239 1794 354 1852 ἐνθ’
377 1797 445 1850 ad
467 1794 872 1866 Neapolitanum
897 1794 1207 1851 territorium
1243 1796 1446 1850 Vesuvii
1466 1797 1656 1850 montis
1677 1798 1760 1850 in-

240 1868 424 1922 cendio
441 1876 716 1932 vastatum,
731 1876 788 1920 ut
809 1868 950 1936 agris
973 1866 1167 1921 ibidem
1193 1867 1471 1937 diligenter
1494 1869 1760 1937 inspectis,

276 1947 492 1992 nautam
541 1938 719 1992 damni
747 1954 931 2006 passus
979 1937 1133 2009 fuerit
1177 1953 1463 2009 possessor,
1482 1947 1642 2009 tanto,
1666 1938 1764 2009 Atri-

276 1957 492 1992 naulum
541 1957 718 1992 aamm
747 1957 931 2006 ραεδυε
979 1957 1133 2009 [αρτ-ιι
1177 1957 1463 2006 ροικεδδον,
1493 1957 1635 1991 ιιιηιο
1676 1957 1764 1990 ινι-

239 1957 462 2062 Ζιιιαι-ἰω
483 2009 762 2076 [unctionis
784 2024 940 2062 onere
967 2006 1274 2062 sublevetur.
1299 2006 1436 2060 Mira
1455 2007 1764 2062 describitur

253 2078 459 2133 Vesuvii
488 2079 682 2132 montis
714 2078 1032 2132 incendium.

245 2171 506 2240 Campani
556 2169 770 2224 Vesuvii
813 2172 1012 2226 montis
1063 2168 1362 2224 hostilitate
1404 2167 1599 2222 vastati
1653 2167 1766 2223 cle-

177 2261 392 2316 mentizr
433 2267 634 2314 nostrae
661 2259 930 2330 supplices
967 2259 1236 2331 lacrymas
1282 2257 1656 2328 profuderunt,
1706 2265 1767 2312 ut

179 2366 426 2419 agrorum
458 2349 721 2407 fructibus
748 2351 987 2416 enudati,
1015 2351 1364 2405 subleventur
1390 2364 1556 2404 onere
1595 2349 1765 2404 tribu-

180 2444 329 2499 taria:
363 2442 654 2499 functionis
683 2442 730 2497 δ.
763 2435 917 2510 Quod
947 2443 1061 2498 tieri
1089 2442 1290 2497 debere
1339 2449 1518 2496 nostra
1569 2440 1761 2495 merito

180 2537 352 2600 pietas
378 2535 688 2604 acquiescit.
723 2534 829 2590 Sed
859 2534 985 2604 quia
1033 2533 1188 2589 nobis
1216 2532 1376 2587 dubia
1405 2541 1487 2586 est
1511 2532 1766 2586 uniuscu-

181 2626 369 2697 iusque
390 2624 685 2680 indiscussa
715 2625 1012 2690 calamitas,
1055 2623 1476 2692 magnitudinem
1527 2631 1764 2677 vestram

182 2717 247 2771 ad
279 2717 541 2772 Nolanum
575 2717 688 2770 sive
714 2715 1124 2784 Neapolitanum
1155 2713 1484 2768 territorium
1527 2713 1769 2784 probatae

181 2806 306 2863 fidei
327 2808 500 2862 virum
531 2806 870 2877 praecipimus
901 2805 1194 2869 destinare,
1224 2805 1333 2876 76
1359 2803 1448 2858 ubi
1475 2802 1770 2860 necessitas

184 2901 300 2970 ipsa
345 2899 636 2956 domestica
693 2897 924 2970 quadam
973 2897 1194 2954 laesione
1223 2907 1512 2967 grassatur,
1539 2906 1600 2954 ut
1628 2895 1770 2965 agris

185 2993 382 3050 ibidem
431 2993 716 3059 diligenter
745 2992 1018 3061 inspectis,
1050 2993 1103 3046 in
1133 2999 1390 3060 quantum
1442 2988 1770 3060 possessoris

1872 477 2052 534 Vomit
2073 479 2261 536 fornax
2286 481 2373 535 illa
2403 494 2660 552 perpetua
2681 486 2938 554 puniceas
2962 487 3201 556 quidem,
3228 489 3323 544 sed
3346 489 3455 546 fer-

1868 570 1990 626 tiles
2015 585 2363 641 arcnas,qu:n
2387 575 2513 631 licet
2535 576 2782 632 diuturna
2813 577 3013 633 fuerint
3041 579 3326 639 adustione
3349 583 3459 640 sic-

1867 668 2020 726 caue,
2061 661 2114 715 in
2164 664 2342 718 varios
2395 663 2530 720 fetus
2553 677 2799 738 suscepta
2837 669 3076 737 germina
3107 688 3232 726 mox
3253 673 3455 742 produ—

1867 759 2014 817 cunt,
2039 759 2094 806 et
2111 767 2303 820 magna
2329 756 2558 826 quadam
2585 759 2862 814 celeritate
2884 772 3136 830 reparant
3153 779 3272 832 qua:
3293 765 3456 834 paulo

1867 850 1996 896 ante
2034 851 2395 900 vastaverant.
2449 845 2580 913 Quae
2603 859 2690 916 est
2717 851 2818 904 ista
2862 851 3146 921 singularis
3183 857 3454 925 exceptio,

1866 947 2034 988 unum
2089 943 2331 990 montem
2379 939 2458 993 sic
2484 938 2795 1008 iufremere,
2826 950 2886 996 ut
2939 951 3018 998 tot
3046 945 3230 1000 mundi
3273 958 3454 1017 partes

1865 1025 2130 1096 probetur
2176 1029 2320 1085 aeris
2374 1032 2776 1099 permutatione
2805 1041 3007 1089 terrere
3037 1035 3086 1100 ἀ,
3115 1044 3173 1090 et
3197 1037 3274 1092 sic
3301 1054 3453 1094 suam

1865 1116 2218 1172 substantiam
2236 1119 2432 1190 ubique
2456 1119 2784 1190 dispergere,
2817 1131 2876 1178 ut
2903 1141 3012 1180 non
3038 1125 3282 1182 videatur
3300 1128 3452 1183 dam-

1863 1221 1935 1261 na
1957 1209 2161 1264 sentire
2193 1210 2256 1263 °1
2285 1209 2470 1280 Longe
2517 1211 2729 1284 lateque
2757 1215 3007 1284 pulveres
3036 1227 3214 1283 rorat;
3264 1221 3458 1278 vicinis

1865 1303 2048 1352 autem
2075 1298 2334 1367 quasdam
2364 1301 2533 1355 moles
2576 1313 2808 1372 eructat,
2859 1315 2914 1360 et
2952 1315 3032 1361 tot
3059 1310 3269 1365 smculis
3298 1326 3453 1367 mons

1865 1388 2113 1454 habetur,
2167 1391 2259 1460 qui
2311 1395 2712 1461 erogationibus
2743 1400 2905 1453 tantis
2950 1402 3290 1470 expenditur.
3323 1403 3454 1471 Quis

1864 1484 2049 1538 credat
2075 1493 2183 1538 tam
2211 1486 2456 1554 ingentes
2474 1488 2658 1555 glebas
2687 1505 2856 1559 usque
2903 1493 2956 1548 in
2988 1495 3146 1564 plana
3172 1497 3450 1564 deductas,

1865 1572 1934 1627 de
1951 1581 2059 1626 tam
2081 1574 2606 1644 profundishiatibus
2626 1579 2916 1647 ebulliisse,
2931 1591 2988 1637 et
3006 1586 3196 1654 spiritu
3218 1590 3451 1657 quodam

1865 1662 2084 1719 elllante
2099 1667 2296 1721 montis
2314 1682 2410 1722 ore
2425 1677 2736 1738 consputas,
2752 1675 2904 1740 quasi
2926 1674 3069 1730 leves
3090 1678 3272 1746 paleas
3293 1680 3454 1737 fuisse

1799 1767 1836 1822 Β
1868 1755 2173 1826 projectas?
2199 1759 2340 1814 Alibi
2388 1763 2665 1816 cacumina
2693 1779 2884 1832 magna
2915 1777 3180 1824 terrarum
3212 1773 3456 1830 localiter

1867 1848 2114 1904 videntur
2141 1851 2362 1919 ardere;
2387 1853 2544 1922 hujus
2574 1855 2815 1911 incendia
2847 1874 2985 1928 pene
3033 1863 3234 1919 mundo
3269 1866 3454 1922 datum

1865 1944 1948 1991 est
1976 1953 2135 2007 posse
2175 1955 2521 2008 cognoscere.
2544 1942 3006 2010 Quemadmodum
3054 1967 3183 2019 ergo
3209 1971 3315 2010 non
3339 1972 3457 2013 cre-

1865 2026 2055 2081 damus
2101 2028 2315 2094 incolis,
2347 2031 2493 2110 quod
2538 2034 2848 2092 testimonio
2887 2050 3067 2107 potest
3090 2045 3456 2102 universitatis

1865 2119 2120 2186 agnosci?
2147 2119 2509 2192 Quapropter,
2533 2132 2587 2178 ut
2613 2125 2816 2182 dictum
2847 2140 2950 2192 est,
2993 2133 3153 2188 talem
3181 2137 3342 2206 eligat
3369 2158 3456 2195 ve-

1865 2217 1977 2262 stra
2006 2211 2310 2278 prudentia,
2339 2213 2428 2281 qui
2460 2223 2513 2269 et
2541 2217 2778 2273 remedia
2809 2219 2948 2277 ltcsis
2977 2224 3238 2294 conferat,
3289 2239 3344 2286 et
3372 2233 3452 2288 lo-

1867 2315 1988 2354 cum
2019 2301 2455 2372 subreptionibus
2483 2321 2592 2360 non
2631 2307 2916 2380 relinquat.

2440 2481 2776 2540 EPISTOLA
2804 2485 2888 2542 LI.

2113 2585 2390 2628 εγιιιιΑοιιο
2424 2589 2670 2631 ΡΑτιιιριο
2695 2592 3060 2636 τιιεοιιοιιιοῐιε
3085 2599 3212 2640 REX.

1870 2679 2029 2736 Illum
2053 2682 2232 2768 laudat
2261 2684 2324 2768 ob
2353 2685 2662 2768 multiplices
2689 2697 2740 2768 et
2767 2691 3196 2768 preclarissimas
3227 2701 3456 2768 fabricas

1941 2769 2068 2836 quas
2089 2755 2150 2836 in
2183 2752 2320 2836 Urbe
2348 2763 2398 2809 ct
2427 2752 2734 2836 suburbanis
2764 2752 3138 2836 construenda
3166 2752 3454 2836 curaverat,

1939 2833 1989 2876 et
2015 2824 2142 2906 petit
2171 2833 2249 2910 ,ιιι
2279 2825 2532 2910 theatrum
2554 2907 2564 2910 _
2587 2827 2822 2910 Pompeii
2860 2835 3124 2910 ruinosam
3173 2824 3458 2910 sumptibui

1942 2894 2317 2984 regisroboretj
2334 2907 2678 2984 reparatque.
2721 2894 2887 2966 'Quod
2911 2903 3163 2963 theatrum
3188 2918 3239 2964 et
3266 2894 3380 2984 (iure

1939 2981 2000 3020 eo
2028 2973 2255 3037 aguntur
2281 2966 2658 3024 describuntur.

183 3083 453 3138 laboravit
497 3083 720 3146 utilitas,
753 3082 1098 3147 sublevetur;
1143 3089 1407 3150 quatenus
1449 3087 1770 3135 mensurata:
1797 3095 1843 3158 ο
1942 3075 2077 3133 Cum
2128 3077 2352 3147 privatis
2379 3077 2596 3134 fabricis
2623 3081 2696 3135 ita
2725 3083 3016 3154 studueris,
3066 3069 3133 3143 ἰιι
3175 3089 3228 3144 in
3257 3091 3459 3150 laribus

186 3172 386 3249 [Gam.,
405 3170 736 3245 mensurata]
753 3172 1064 3229 conferatur
1073 3172 1343 3242 quantitas
1356 3171 1618 3237 beneﬁcii,
1642 3171 1770 3225 dum

187 3265 383 3322 modus
428 3265 637 3335 integer
685 3263 1032 3332 cognoscitur
1057 3262 1307 3318 lzcsionis.
1356 3261 1590 3316 Laborat
1625 3261 1770 3316 enim

185 3355 294 3411 huc
317 3369 426 3410 uno
445 3353 589 3408 malo
617 3335 776 3408 terris
800 3350 1057 3407 deﬂorata
1084 3351 1362 3422 provincia
1387 3369 1400 3405 :
1421 3367 1538 3422 qua:
1568 3367 1635 3406 ne
1655 3366 1774 3422 per-

185 3447 323 3504 fecta
353 3444 683 3500 beatitudine
714 3443 1004 3511 frueretur,
1031 3441 1192 3511 hujus
1223 3442 1428 3498 timoris
1458 3443 1772 3512 frequenter

184 3533 479 3592 acerbitate
528 3535 851 3591 concutitur.
881 3533 988 3589 Sed
1029 3550 1138 3588 non
1169 3534 1222 3588 in
1250 3540 1426 3588 totum
1473 3534 1639 3590 durus
1687 3543 1772 3590 est

183 3636 409 3684 eventus
431 3628 520 3684 ille
548 3627 802 3682 terribilis
833 3643 846 3680 :
879 3625 1156 3696 praamittit
1183 3625 1332 3694 signa
1359 3625 1563 3694 gravia,
1596 3635 1657 3682 ut
1687 3635 1773 3682 to-

183 3716 460 3773 lerabilius
481 3717 849 3772 sustineantur
869 3715 1112 3770 adversa.
1139 3714 1327 3770 Tantis
1365 3717 1507 3772 enim
1538 3717 1769 3772 molibus

187 3815 381 3862 natura
429 3807 640 3861 rixante
663 3805 868 3862 montis
897 3806 1041 3862 illius
1084 3805 1264 3861 hiatus
1289 3805 1686 3874 immurmurat,
1711 3816 1772 3862 ut

187 3896 454 3952 excitatus
492 3896 710 3964 quidam
761 3895 982 3966 spiritus
1001 3895 1328 3965 grandisono
1357 3895 1572 3952 fremitu
1597 3898 1771 3952 vicina

183 3984 460 4039 terrificet.
489 3983 794 4040 Fuscantur
813 3985 955 4040 enim
978 4000 1105 4042 aera
1133 3985 1236 4042 loci
1266 3985 1407 4040 illius
1429 3986 1770 4041 exhalatione

183 4075 480 4142 teterrima,
529 4083 584 4128 et
627 4089 726 4144 per
775 4083 944 4129 totam
968 4090 1108 4144 pene
1155 4073 1362 4130 Italiam
1406 4077 1767 4146 cognoscitur,

182 4169 400 4240 quando
428 4168 516 4223 illa
542 4166 840 4235 indignatio
869 4176 1260 4222 commovetur.
1311 4167 1474 4222 Vulat
1497 4183 1597 4238 per
1623 4184 1772 4226 mare

183 4273 436 4329 magnum
457 4259 592 4314 cinis
618 4259 899 4326 decoctus,
929 4267 985 4314 et
1007 4258 1233 4313 terrenis
1250 4258 1482 4314 nubibus
1507 4260 1769 4328 excitatis,

180 4351 573 4407 transmarinas
592 4365 808 4420 quoque
828 4349 1135 4420 provincias
1153 4349 1422 4420 pulvereis
1439 4351 1603 4418 guttis
1623 4367 1772 4406 com-

1871 3169 2103 3241 propriis
2128 3168 2370 3240 quaedam
2412 3171 2608 3226 moenia
2629 3170 2820 3230 fecisse
2847 3175 3098 3247 videaris,
3128 3182 3345 3252 dignum
3376 3196 3458 3244 est
3549 3199 3563 3211 ·

1868 3269 1931 3316 ut
1956 3259 2204 3325 Romam,
2253 3274 2415 3330 quam
2443 3261 2699 3348 domuum
2727 3266 3126 3337 pulchritudine
3163 3275 3454 3348 decorasti,

1869 3353 1926 3408 in
1951 3353 2062 3408 suis
2089 3351 2361 3408 miraculis
2407 3345 2688 3412 continere
2714 3360 2958 3415 noscaris
2989 3379 3003 3416 :
3033 3362 3284 3422 fundator
3307 3345 3459 3438 egre;

1869 3443 1988 3514 gius
2027 3443 2370 3507 fabricamm,
2407 3459 2703 3516 earumque
2748 3460 2998 3520 comptor
3034 3456 3284 3527 eximius,
3335 3463 3460 3533 quia

1868 3541 2158 3604 utrumque
2207 3535 2276 3592 de
2325 3537 2608 3606 prudentia
2650 3541 2817 3606 venit,
2849 3550 2905 3597 et
2932 3553 3057 3615 apte
3077 3547 3382 3618 disponere,
3407 3563 3460 3610 et

1870 3626 2134 3682 exstantia
2159 3636 2534 3697 competenter
2563 3631 2987 3690 ornare.Notum
3018 3645 3101 3693 est
3129 3639 3270 3695 enim
3292 3657 3462 3711 quan-

1869 3723 1924 3772 ta
1948 3717 2105 3807 laude
2141 3718 2196 3772 in
2216 3719 2539 3775 suburbanis
2563 3723 2674 3776 suis
2697 3723 2922 3780 Romam
2945 3731 3192 3798 traxeris,
3215 3742 3273 3788 ut
3301 3752 3461 3807 quem

1869 3807 1989 3864 illas
2009 3806 2236 3867 fabricas
2256 3810 2460 3866 intrare
2485 3813 2788 3882 contigerit,
2813 3827 3090 3886 aspectum
3121 3839 3278 3880 suum
3307 3806 3460 3884 extra

1872 3901 2058 3954 urbem
2080 3915 2199 3956 esse
2220 3916 2327 3956 non
2355 3903 2685 3972 sentiat,nisi
2715 3921 2838 3962 cum
2861 3925 2921 3963 se
2937 3919 2994 3966 et
3021 3927 3271 3982 agrorum
3293 3933 3462 3978 anim.

1870 3991 2126 4047 nitatibus
2155 3993 2416 4048 interesse
2443 4007 2756 4064 cognoscat.
2788 4001 3143 4072 Antiquorum
3173 4008 3462 4079 diligentis-

1871 4082 2036 4137 simus
2066 4083 2324 4151 imitator,
2364 4086 2747 4144 modernorum
2777 4093 3141 4155 nobilissimus
3164 4099 3458 4172 institutor,

1873 4190 2056 4230 mores
2104 4185 2225 4230 tuos
2262 4176 2476 4234 fabricae
2524 4179 2817 4252 loquuntur
2848 4203 2863 4238 :
2893 4187 3019 4256 quia
3075 4205 3240 4246 nemo
3269 4193 3324 4248 in
3354 4195 3461 4254 illis

1871 4266 2095 4334 diligens
2115 4268 2444 4336 agnoscitur,
2469 4271 2569 4328 nisi
2598 4273 2689 4343 qui
2719 4283 2774 4329 et
2800 4275 2853 4330 in
2883 4279 2996 4334 suis
3023 4282 3266 4339 sensibus
3293 4300 3459 4342 orna-

1875 4356 2109 4412 tissimus
2137 4353 2422 4414 invenitur.
2448 4357 2515 4414 Et
2541 4360 2662 4418 ideo
2684 4363 2874 4420 theatri
2905 4365 3160 4425 fabricam
3182 4387 3374 4443 magna
3402 4391 3462 4434 se

179 4443 340 4515 pluit.
371 4441 433 4498 Et
448 4442 573 4513 quid
601 4441 892 4512 Campania
918 4441 1028 4512 pati
1052 4442 1218 4511 possit
1247 4440 1576 4509 agnoscitur,
1600 4455 1772 4510 quan—
1800 4480 1850 4538 Ι)
1875 4448 2016 4502 mole
2045 4449 2364 4516 solventem,
2394 4452 2620 4509 consilio
2647 4463 2828 4510 vestro
2853 4457 3118 4516 credimus
3145 4440 3463 4523 esse—robo-

182 4537 258 4592 do
293 4533 492 4589 malum
540 4532 657 4602 ejus
683 4532 738 4588 in
789 4531 934 4587 orbis
961 4531 1066 4585 alia
1115 4539 1266 4600 parte
1295 4531 1541 4585 sentitur.
1574 4530 1768 4587 Videas

180 4625 295 4682 illic
317 4623 475 4693 quasi
496 4621 757 4694 quosdam
787 4619 979 4677 ﬂuvios
1002 4620 1082 4676 ire
1121 4619 1425 4690 pulvereos,
1455 4627 1510 4674 et
1543 4635 1764 4674 arenam

176 4718 417 4775 sterilem
447 4717 649 4787 impetu
671 4716 911 4772 fervente
931 4715 1080 4770 velut
1107 4713 1308 4784 liquida
1337 4711 1535 4769 ﬂuenta
1571 4713 1762 4771 decur-

176 4823 306 4864 rere
340 4818 386 4862 ε.
412 4805 643 4876 Stupeas
669 4807 848 4862 subito
879 4821 1047 4877 usque
1090 4804 1158 4860 ad
1187 4805 1440 4860 arborum
1482 4807 1760 4863 cacumina

175 4899 339 4954 dorsa
367 4897 682 4953 intumuisse
708 4911 1044 4966 camporum,
1073 4903 1130 4952 et
1157 4897 1402 4952 luctuoso
1445 4896 1626 4951 subito
1669 4913 1762 4953 ca-

177 5089 430 5142 numero,
459 5080 689 5144 eratque
713 5071 766 5126 id
795 5085 992 5144 nomen
1018 5083 1270 5144 magnum
1305 5063 1758 5144 ethonorilicum.

176 5136 436 5202 Testatur
456 5136 754 5198 Jornandes
792 5142 844 5196 in
870 5136 1141 5196 Chronico
1166 5154 1284 5207 cap.
1317 5137 1401 5207 ti.
1434 5136 1566 5192 Vide
1589 5136 1761 5194 Sava-

177 5230 368 5273 ronem
389 5213 454 5268 ad
479 5211 666 5268 Sidon.
703 5212 932 5280 Apollin.
967 5209 1057 5262 lib.
1083 5225 1122 5276 ι,
1149 5206 1310 5276 θρζῖ.
1343 5206 1462 5262 Jun.

252 5294 279 5322 ἰ
306 5283 598 5339 Fornerius
619 5277 836 5335 vulthic
877 5280 978 5348 legi
1007 5281 1157 5348 ratio
1195 5292 1260 5332 ex
1311 5293 1415 5331 uno
1461 5291 1639 5348 v.gc.,,
1664 5277 1761 5348 sed

179 5370 289 5410 non
314 5364 483 5409 recte.
537 5351 778 5406 Nationis
828 5346 971 5406 enim
1019 5347 1236 5402 nomine
1281 5356 1469 5402 auctor
1500 5346 1763 5417 intelligit

175 5424 387 5480 Gothos
415 5425 537 5478 illos
563 5422 653 5490 qui
683 5421 899 5488 speciali
929 5419 1147 5490 nomine
1160 5417 1475 5490 dicebautur
1489 5415 1756 5490 Q_apiilati,

177 5497 248 5551 de
268 5495 460 5566 quibus
491 5494 542 5566 i_n
568 5485 917 5566 inscriptione
956 5489 1112 5557 hujus
1134 5487 1390 5566 epistolae.
1417 5485 1485 5538 Et
1507 5485 1578 5566 illi
1603 5485 1754 5566 vole-

176 5553 307 5620 baui
335 5565 434 5620 sibi
465 5564 585 5632 plus
613 5553 820 5615 caeteris
858 5553 1039 5624 licere,
1100 5553 1184 5633 ut:
1208 5557 1479 5633 arbitror,_
1511 5555 1599 5609 hic
1620 5553 1755 5609 infra

173 5637 270 5692 lib.
296 5651 348 5698 v,
379 5623 478 5703 ep:
502 5633 589 5694 '59,
614 5645 932 5703 quacunque
953 5623 1118 5703 gente
1143 5625 1422 5703 sint__editi.
1453 5623 1574 5678 Jun.

248 5705 275 5744 δ
305 5691 381 5760 lle
412 5691 734 5758 iributoruiu
761 5691 1072 5753 remissione
1100 5708 1152 5750 et
1181 5697 1504 5763 reliquorum
1547 5691 1755 5747 condo-

174 5777 397 5835 natione
426 5774 499 5830 ob
528 5771 890 5828 calamitatem
942 5784 1051 5824 non
1100 5782 1206 5822 uno
1250 5766 1370 5821 loco
1419 5772 1598 5819 actum
1649 5771 1752 5818 est.

1873 4539 2117 4606 randam,
2162 4547 2223 4595 ut
2263 4541 2405 4609 quod
2452 4543 2520 4597 ab
2569 4547 2878 4603 auctoribus
2907 4552 3102 4608 vestris
3127 4552 3179 4608 in
3208 4566 3462 4614 ornatum

1871 4631 2059 4700 patria:
2080 4641 2290 4687 constat
2319 4649 2438 4689 esse
2465 4650 2798 4704 concessum,
2822 4656 2928 4696 non
2958 4644 3202 4701 videatur
3226 4649 3326 4704 sub
3345 4637 3462 4706 meo

1869 4721 2094 4778 lioribus
2123 4725 2354 4793 posteris
2376 4725 2736 4784 imminutum.
2773 4731 2909 4797 Quid
2939 4749 3048 4788 non
3069 4736 3268 4804 solvas,
3295 4755 3329 4795 o
3373 4756 3462 4798 se-

1868 4822 2074 4878 nectus,
2107 4829 2226 4883 quar
2282 4822 2391 4869 tam
2439 4816 2655 4872 robusta
2685 4823 2992 4887 quassasti?
3020 4825 3230 4882 Montes
3255 4829 3460 4889 facilius

1864 4902 2058 4960 cedere
2108 4913 2446 4976 putarentur,
2497 4923 2660 4978 quam
2690 4911 2933 4969 soliditas
2954 4914 3044 4972 illa
3097 4929 3458 4987 quateretur:

1863 5071 2132 5160 gaeterum
2153 5075 2240 5160 hic
2262 5075 2496 5160 notanda
2523 5085 2648 5158 sunt
2664 5079 2864 5160 montis
2883 5084 3126 5160 exarsuri
3151 5086 3458 5160 signaﬂui.

1864 5143 1965 5264 ags
2128 5145 2390 5199 absimilia
2421 5147 2704 5217 descripsit
2741 5147 2875 5204 Plin.
2917 5150 2953 5205 l.
2978 5169 3050 5221 vt,
3083 5143 3240 5224 epist.
3277 5143 3458 5216 ili'et

1940 5253 1952 5265 .
2100 5231 2148 5266 κ.

2232 5300 2304 5347 In,
2331 5299 2419 5366 τερ,
2449 5285 2538 5368 Eii,
2569 5297 2758 5368 stagna
2786 5290 3076 5368 decurrere.
3105 5293 3250 5350 Fons

1936 5349 1960 5426 tl
1995 5349 2128 5408 Vide
2156 5349 2443 5426 Baconium
2469 5363 2597 5410 tom.
2627 5349 2690 5412 νί
2718 5360 2912 5414 Annal.
2945 5363 3012 5416 ad
3037 5379 3231 5419 annum
3257 5367 3454 5426 Christi

1863 5419 1990 5546 ,
2015 5422 2296 5546 $3397,
2327 5425 2415 5478 ubi
2466 5427 2814 5494 reprehendit
2841 5429 3102 5488 Bodinum
3143 5435 3242 5490 ista
3268 5419 3455 5493 'riiéiii

1865 5499 1992 5546 tem.
2023 5499 2216 5546 Juaer.

1877 5630 1892 5646 ‘
1935 5561 2203 5646 o‘Damna
2223 5562 2431 5646 sentire,
2460 5562 2511 5617 id
2541 5573 2620 5646 est
2648 5565 3076 5646 diminutionem.
3129 5573 3279 5631 Paul.
3323 5577 3357 5630 l.
3395 5579 3450 5646 5,

1861 5630 1932 5712 de
1953 5630 2133 5716 damn.
2167 5631 2263 5716 lnf.
2284 5631 2520 5716 Gellius,
2537 5633 2732 5716 damna
2781 5637 2920 5692 luna:
2945 5650 3000 5716 et
3029 5653 3208 5716 aucta,
3235 5630 3341 5716 pro
3372 5630 3453 5702 at:

1863 5705 2162 5758 minutione
2191 5710 2246 5758 et
2273 5713 2584 5771 augmento,
2617 5705 2655 5758 ι.
2684 5722 2774 5774 xx,
2798 5722 2919 5778 cap.
2951 5709 3001 5764 7.
3033 5705 3202 5772 Fons.
