3974 6396
539 292 646 349 (MS

1757 287 1828 342 M.
1870 286 1962 344 AU
1973 287 2151 343 RELll
2191 283 2595 344 CASSIGDORI

3733 276 3850 333 6-H

540 403 758 474 quando
781 411 838 458 et
849 401 1020 457 moles
1044 401 1158 472 ipsa
1179 400 1258 456 sic
1279 407 1391 456 tota
1413 399 1482 456 de
1501 399 1748 456 cautibus
1771 398 1888 466 fuit,
1907 405 1968 454 ut
1991 413 2130 469 pra:-
2155 409 2205 466 Α
2231 413 2352 454 esse
2371 398 2675 454 videantur.
2701 393 2798 452 llis
2825 397 3025 453 levium
3074 409 3381 468 pennarum
3410 373 3677 450 a'cumina
3717 391 3841 450 ideo

544 505 626 552 ter
654 505 824 550 artem
855 495 1106 559 additam,
1130 503 1186 550 et
1208 495 1322 564 ipsa
1353 508 1569 562 quoque
1591 492 1849 548 naturalis
1867 505 1989 548 esse
2015 505 2135 548 cre-
2179 560 2188 568 ο

542 589 781 642 deretur.
805 585 931 641 Hmc
951 587 1313 668 potuissemus
1341 586 1480 640 forte
1503 587 1794 654 itegligere,
1810 585 1854 641 si
1885 599 1983 644 nos
2005 599 2139 640 con-

542 677 752 744 tigisset
781 675 908 730 talia
957 691 1065 730 non
1096 676 1280 731 videre
1307 693 1320 729 :
1351 690 1546 730 caveas
1576 677 1694 730 illas
1720 675 1865 729 saxis
1893 674 2136 745 penden-

539 765 684 820 tibus
735 765 1026 834 apsidatas,
1078 764 1153 818 ita
1177 764 1444 834 juncturis
1473 763 1800 818 absconditis
1833 763 1886 816 in
1937 762 2139 817 formas

539 854 932 926 pulcherrimas
985 855 1324 916 convenisse,
1372 862 1431 908 ut
1472 861 1688 925 cryptas
1729 855 1900 922 magis
1937 851 2140 908 excelsi

541 948 741 1002 montis
763 947 1035 1012 crederes,
1061 962 1224 1016 quam
1271 945 1470 1014 aliquid
1501 944 1818 1000 fabricatum
1862 959 1980 1000 esse
1997 939 2142 1013 judi-

540 1053 718 1094 cares.
749 1036 1023 1092 Fecerunt
1051 1036 1259 1106 antiqui
1291 1037 1466 1090 locum
1494 1037 1658 1090 tantis
1696 1035 1908 1104 populis
1929 1047 2140 1104 parem,

543 1138 603 1186 ut
633 1131 900 1184 haberent
925 1129 1195 1196 singulare
1222 1129 1606 1198 spectaculum,
1635 1129 1728 1198 qui
1757 1128 1942 1183 mundi
1990 1128 2142 1183 vide-

541 1217 740 1272 bantur
763 1219 963 1272 habere
986 1219 1342 1273 dominatum.
1363 1217 1470 1273 Sed
1489 1218 1615 1288 quia
1646 1219 1804 1274 nobis
1823 1233 2002 1274 sermo
2026 1231 2146 1290 pro—

540 1307 700 1362 batur
726 1323 848 1363 esse
879 1324 1003 1363 cum
1055 1309 1237 1375 docto,
1267 1309 1399 1364 libet
1443 1319 1691 1380 repetere
1715 1326 1813 1366 cur
1849 1310 2142 1381 antiquitas

540 1399 689 1454 rudis
714 1399 925 1468 legatur
945 1399 1060 1454 haec
1078 1399 1275 1455 moenia
1294 1399 1617 1455 condidisse.
1634 1398 1768 1455 Cum
1790 1398 2144 1469 agricultores

541 1489 746 1546 feriatis
773 1491 963 1546 diebus
992 1506 1147 1546 sacra
1177 1491 1403 1546 diversis
1427 1491 1735 1547 numinibus
1762 1506 1860 1562 per
1883 1490 2036 1547 lucos
2063 1490 2144 1545 vi-

543 1597 747 1650 cosque
770 1581 1128 1647 celebrarent,
1141 1581 1500 1636 Athenienses
1515 1582 1748 1652 primum
1769 1588 1980 1650 agreste
1996 1580 2146 1651 prin-

545 1669 748 1740 cipium
779 1671 834 1724 in
864 1671 1126 1725 urbanum
1182 1671 1546 1740 spectaculum
1574 1669 1911 1738 collegerunt
1941 1685 1956 1723 :
1986 1669 2144 1724 thea-

2235 489 2290 544 in
2317 490 2495 548 fronte
2529 489 2848 559 pinguntur,
2876 489 3133 558 quoniam
3160 489 3269 561 77
3296 501 3487 545 earum
3514 503 3724 547 sensus
3754 501 3847 544 ce-

2233 579 2335 634 leri
2389 578 2717 646 cogitatione
2769 579 3061 633 subvectus
3106 590 3198 634 res
3247 577 3546 634 altissimas
3585 577 3850 632 intuetur.

2235 669 2577 726 Pantomimo
2605 671 2806 739 igitur°
2826 670 2910 724 cui
2933 684 2962 724 a
2991 670 3283 725 multifaria
3313 670 3626 726 imitatione
3655 680 3858 726 nomen

2236 769 2341 832 est,
2371 779 2492 819 cum
2521 763 2752 834 primum
2775 763 2830 816 in
2853 775 3073 818 scenam
3085 763 3373 838 plauibus
3393 762 3662 818 invitatus
3685 761 3859 818 adve-

2237 855 2400 920 nerit,
2431 854 2688 910 assistunt
2716 854 2946 908 consoni
2971 852 3126 908 chori
3154 851 3384 908 diversis
3412 853 3638 922 crganis
3669 851 3861 908 erudi—

2239 943 2279 997 ti
2313 960 2325 996 :
2359 949 2487 997 tunc
2515 942 2606 996 illa
2631 957 2886 998 sensuum
2911 957 3102 997 manus
3136 943 3311 998 oculis
3336 957 3601 998 canorum
3633 957 3863 999 carmen

2239 1033 2484 1102 exponit,
2507 1040 2562 1087 et
2581 1045 2680 1101 per
2707 1031 2858 1099 signa
2887 1032 3213 1103 composita,
3233 1032 3387 1104 quasi
3409 1032 3742 1102 quibusdam
3773 1032 3864 1087 lit-

2241 1121 2392 1180 teris.
2425 1121 2615 1176 edocet
2637 1121 2894 1178 intuentis
2925 1131 3202 1192 aspectum
3233 1139 3248 1187 ;
3281 1123 3334 1177 in
3365 1123 3570 1193 illaque
3600 1123 3864 1192 leguntur

2243 1211 2426 1282 apices
2452 1227 2654 1276 rerum,
2681 1218 2738 1266 et
2763 1227 2871 1266 non
2902 1212 3188 1268 scribendo
3215 1213 3346 1269 facit
3388 1213 3538 1284 quod
3579 1217 3864 1284 scriptura

2242 1298 2555 1354 declaravit.
2581 1298 2728 1354 idem
2757 1313 2954 1370 corpus
2976 1299 3265 1357 Herculem
3285 1299 3538 1370 designat
3582 1309 3644 1357 et
3670 1301 3864 1358 Vene-

2241 1403 2378 1453 rem,
2427 1386 2679 1444 feminam
2707 1395 2999 1456 prtesentat
3024 1396 3081 1444 et
3107 1403 3335 1453 marem,
3367 1403 3560 1460 regem
3607 1388 3744 1446 facit
3803 1401 3866 1446 et

2242 1479 2488 1544 militem,
2509 1493 2694 1534 senem
2725 1478 2902 1534 reddit
2922 1485 2977 1534 et
2991 1478 3246 1548 juvenem
3281 1487 3381 1535 :ut
3405 1481 3460 1535 in
3506 1497 3620 1536 uno
3661 1480 3864 1537 credas

2243 1585 2366 1626 esse
2417 1571 2618 1625 multos
2663 1577 2772 1624 tam
2825 1570 2979 1626 varia
3008 1571 3312 1626 imitatione
3339 1571 3626 1628 discretos.
3659 1571 3866 1629 Mimus

2244 1662 2428 1727 etiam,
2459 1663 2550 1730 qui
2573 1676 2712 1716 nunc
2741 1661 3114 1717 tantummodo
3139 1662 3342 1718 derisui
3389 1662 3652 1730 habetur,
3705 1672 3864 1718 tanta

542 1769 686 1815 trum
729 1759 924 1816 Grzeco
955 1761 1218 1817 vocabulo
1271 1761 1529 1818 visorium
1581 1762 1946 1827 nominantes,
1995 1761 2138 1832 quod

2245 1750 2576 1807 Philistionis
2603 1751 2817 1806 cautela
2855 1759 3102 1822 repertus
3121 1759 3225 1818 est,
3254 1760 3316 1806 ut
3342 1750 3462 1821 ejus
3491 1759 3653 1824 actus
3682 1769 3862 1823 pone-

544 1853 754 1908 eminus
782 1852 1082 1906 astantibus
1112 1853 1267 1908 turba
1298 1853 1629 1909 conveniens
1669 1853 1786 1909 sine
1812 1853 1995 1923 aliquo
2041 1853 2143 1908 im-

543 1945 855 2016 pedimento
903 1945 1168 2000 videatur.
1214 1944 1389 2000 Frons
1435 1953 1615 2001 autem
1645 1945 1842 2001 theatri
1869 1959 2033 2000 scena
2060 1943 2144 2000 di-

543 2038 706 2102 citur,
739 2037 807 2092 ab
837 2037 1025 2092 umbra
1055 2037 1160 2091 luci
1189 2035 1528 2101 densissima,
1557 2036 1646 2091 ubi
1673 2051 1704 2090 a
1724 2036 2032 2108 pastoribus
2059 2035 2145 2090 in-

545 2127 784 2182 choante
824 2141 994 2180 verno
1025 2126 1250 2181 diversis
1294 2127 1441 2182 sonis
1477 2127 1713 2182 carmina
1761 2125 2139 2182 cantabantur.

544 2215 620 2270 lbi
651 2224 807 2271 actus
827 2218 1062 2271 musicus
1091 2223 1145 2270 et
1157 2215 1554 2286 prudentissimi
1577 2216 1755 2272 smcuii
1775 2216 1918 2272 dicta
1946 2217 2143 2273 florue-

543 2317 688 2362 runt.
720 2307 824 2362 Sed
851 2308 1110 2377 paulatim
1135 2306 1334 2364 factum
1365 2319 1448 2362 ρει
1476 2316 1537 2362 ut
1561 2308 1954 2363 honestissime
1982 2307 2144 2364 disci-

542 2399 700 2468 plinae
728 2399 1095 2470 improborum
1123 2399 1398 2453 consortia
1428 2399 1714 2468 fugientes,
1740 2399 2044 2454 verecunda
2074 2413 2134 2453 se

541 2490 736 2545 exinde
759 2491 1191 2546 consideratione
1219 2491 1618 2546 subtraherent.
1639 2488 1923 2560 Tragmdia
1946 2505 2015 2545 ex
2041 2505 2138 2545 vo-

541 2581 621 2636 cis
641 2581 890 2636 vastitate
919 2581 1258 2648 nominatur;
1289 2595 1410 2650 quac
1438 2580 1691 2636 concavis
1720 2581 2145 2650 repercussioni—

543 2672 647 2726 bus
677 2672 954 2738 roborata,
985 2671 1148 2726 talem
1176 2686 1372 2726 sonum
1397 2671 1608 2726 videtur
1651 2670 1888 2736 eﬂicerc,
1920 2677 1982 2725 ut
2005 2685 2144 2741 pene

543 2763 614 2817 a‘b
643 2763 860 2816 homine
913 2777 1023 2816 non
1071 2762 1322 2818 credatur
1377 2761 1546 2818 exire.
1587 2759 1822 2832 Erigitur
1867 2769 2050 2817 autem
2088 2761 2143 2817 in

544 2852 782 2918 hircinos
804 2851 986 2922 pedes.
1019 2853 1144 2922 quia
1192 2853 1237 2908 si
1261 2853 1384 2922 quis
1411 2854 1552 2909 inter
1579 2863 1826 2924 pastores
1869 2853 1964 2908 tali
2006 2869 2144 2910 voce

546 2946 860 3016 placuisset,
891 2947 1039 3016 capri
1069 2962 1294 3003 munere
1331 2947 1655 3003 donabatur.
1682 2946 1961 3003 Commdia
1989 2961 2022 3002 a
2041 2961 2141 3017 pa-

542 3035 623 3104 gis
651 3037 794 3091 dicta
817 3045 917 3092 est.
950 3037 1150 3094 Comus
1171 3038 1314 3093 enim
1344 3052 1514 3108 pagus
1543 3045 1788 3104 vocatur,
1818 3037 1914 3093 ubi
1954 3037 2142 3093 rustici

2243 1851 2396 1899 retur
2440 1844 2494 1898 in
2545 1843 2761 1912 litteris,
2817 1851 3088 1913 quatenus
3115 1843 3383 1898 mundum
3416 1843 3570 1899 curis
3599 1843 3864 1899 edacibus

2241 1943 2558 1991 aestuantem
2607 1934 2895 1990 laetissimis
2923 1933 3210 1990 sententiis
3259 1940 3598 2004 temperaret
3627 1933 3773 2007 [συί.
3809 1945 3866 1989 et

2243 2024 2436 2090 Fam,
2464 2022 2782 2096 repararet].
2819 2022 2958 2090 Quid
2985 2023 3392 2079 acetabulormn
3422 2018 3692 2078 tinnitus?
3717 2023 3865 2091 Quid

2241 2115 2536 2172 dulcissimi
2584 2115 2704 2171 soni
2742 2116 2976 2171 referam
3021 2116 3172 2170 varia
3201 2115 3562 2186 percussione
3599 2117 3866 2172 modula-

2242 2209 2402 2263 men?
2426 2206 2582 2274 Quod
2610 2215 2758 2263 tanta
2784 2207 2956 2278 gratia
2972 2206 3329 2277 iucunditatis
3355 2207 3645 2277 accipitur,
3676 2216 3738 2262 ut
3767 2208 3864 2263 in-

2243 2309 2328 2356 ter
2351 2300 2590 2371 reliquos
2642 2315 2834 2356 sensus
2854 2299 3094 2354 auditum
3125 2299 3225 2355 sibi
3257 2299 3324 2353 ad
3351 2315 3551 2354 munus
3579 2315 3866 2354 summum

2243 2400 2374 2448 tunc
2399 2393 2650 2450 homines
2677 2393 2947 2448 msliment
2970 2391 3137 2447 fuisse
3165 2391 3447 2456 collatum,
3479 2400 3540 2445 ut
3566 2401 3702 2446 aetas
3721 2393 3864 2446 sub-

2243 2498 2474 2554 sequens
2503 2483 2760 2552 .miscens
2815 2482 3018 2537 lubrica
3070 2481 3238 2555 [Jur.,
3285 2479 3514 2548 ludicral
3547 2482 3865 2550 priscorum

2245 2573 2466 2629 inventa
2493 2573 2662 2628 traxit
2689 2571 2756 2626 ad
2777 2571 2928 2637 vitia,
2959 2580 3015 2628 et
3041 2572 3190 2642 quod
3218 2573 3466 2628 honesta:
3502 2587 3671 2628 causa
3713 2573 3873 2630 dele-

2243 2665 2496 2722 ctationis
2518 2671 2794 2736 repertum
2823 2671 2926 2730 est,
2957 2663 3024 2720 ad
3051 2665 3358 2734 voluptates
3386 2679 3690 2734 corporeas
3716 2679 3869 2735 prm-

2243 2757 2480 2829 cipitatis
2505 2757 2777 2814 mentibus
2791 2755 3143 2827 impulerunt.
3161 2753 3273 2811 Hos
3292 2755 3430 2812 ritus
3459 2753 3718 2820 Romani,
3742 2755 3868 2812 sic-

2243 2856 2304 2903 ut
2329 2855 2554 2904 czeteras
2578 2846 2850 2911 culturas,
2895 2845 2962 2902 ad
2995 2861 3148 2902 suam
3191 2845 3442 2916 rempub.
3495 2845 3706 2900 utiliter
3733 2854 3858 2902 tra-

2241 2937 2458 3040 h°entes,
2486 2935 2773 2992 mdiiicium
2789 2935 2900 2994 alta
2925 2935 3255 3005 cogitatione
3275 2943 3606 3004 conceptum
3624 2949 3865 3006 magna-

2245 3022 2491 3082 nimitate
2537 3025 2774 3081 mirabili
2821 3025 3200 3080 condiderunt.
3234 3022 3391 3081 Unde
3418 3039 3531 3080 non
3580 3026 3862 3082 immerito

543 3129 855 3194 gestientes,
876 3130 1142 3188 humanos
1170 3139 1322 3187 actus
1354 3131 1642 3186 lattissimis
1668 3131 1996 3186 carminibus
2017 3129 2138 3186 irri-

2244 3117 2478 3174 creditur
2503 3115 2791 3193 Pompeius
2812 3116 2940 3172 hinc
2968 3116 3154 3187 potius
3183 3115 3410 3186 Magnus
3440 3115 3610 3172 fuisse
3639 3119 3861 3173 vocita-

543 3219 760 3274 debant.
815 3219 908 3274 ilis
959 3229 1088 3276 sunt
1111 3221 1306 3276 addita?
1345 3209 1704 3278 horcistarum
1745 3221 2140 3291 loquacissimus

542 3325 730 3365 manus
765 3319 814 3376 ³,
849 3311 1080 3380 linguosi
1105 3312 1278 3380 digiti,
1310 3313 1582 3368 silentium
1622 3314 1941 3378 clamosum,
1971 3328 2140 3384 expo-

539 3402 665 3457 sitio
697 3403 878 3466 tacita,
909 3419 1074 3473 quam
1099 3419 1248 3458 musa
1275 3403 1838 3476 Polymnia—reperisse
1866 3411 2136 3470 narratur,

541 3494 832 3550 ostendens
861 3495 1106 3550 homines
1123 3511 1282 3565 posse
1311 3507 1367 3552 et
1389 3497 1505 3552 sine
1532 3497 1643 3553 oris
1663 3496 1825 3552 aﬂatu
1847 3511 2002 3552 suum
2022 3495 2140 3552 vel-

542 3583 593 3637 le
639 3583 936 3640 declarare.
986 3583 1151 3639 Musae
1194 3601 1321 3642 vero
1350 3585 1459 3643 an
1482 3588 1661 3656 lingua
1685 3587 1836 3658 quasi
1862 3585 2134 3658 ὁμοῡσαιδ

540 3672 810 3737 dicuntur,
839 3672 984 3750 quod
1011 3673 1243 3731 invicem
1269 3677 1411 3732 sicut
1434 3677 1663 3733 virtutes
1687 3675 2005 3732 necessaria:
2031 3675 2134 3732 sibi

565 3880 596 3892 η
613 3817 639 3846 ³
661 3808 798 3892 Vide
825 3811 920 3866 lib.
967 3813 1036 3869 de
1060 3815 1176 3892 Div.
1201 3815 1327 3892 Li_t_t.
1353 3832 1488 3892 cap._
1505 3815 1595 3883 '50,
1627 3824 1683 3872 et
1709 3815 1774 3871 D:
1801 3813 2130 3892 Cyprianum

667 3889 854 3960 contra
876 3886 1184 3960 spectacula
1218 3905 1233 3960 ξ
1259 3880 1436 3942 Homo
1461 3880 1665 3960 fractus
1683 3880 1934 3960 omnibus
1962 3899 2133 3960 men:

540 3950 669 4015 bris,
699 3959 754 4005 et
783 3953 862 4006 vir
890 3950 1029 4010 ultra
1058 3957 1373 4012 muliebrem
1401 3958 1680 4012 mollitiem
1707 3956 2024 4021 dissolutus,
2045 3957 2131 4010 cui

541 4021 613 4074 sit
636 4036 724 4074 ars
738 4023 1192 4096 _manibus_verba
1238 4028 1513 4096 expedire.
1547 4026 1610 4080 Et
1628 4026 1784 4091 ibid.,
1813 4025 1873 4079 in
1901 4025 2132 4096 articulo

539 4105 703 4166 sonos
734 4090 984 4166 frangens
1004 4094 1154 4166 loqui
1181 4090 1359 4166 digitis
1381 4090 1908 4166 elaborat,ingratus
1923 4093 2135 4166 artifici

539 4161 896 4284 linguam
916 4161 1091 4220 dedit.
1113 4161 1442 4257 Vide-etiam
1468 4161 1753 4236 supralin
1781 4181 1817 4230 ι,
1847 4165 2014 4236 epist.
2039 4163 2131 4220 20.

573 4245 732 4285 CRET-
1267 4251 1276 4257 ’

542 4373 592 4388 η
613 4307 638 4346 δ
669 4309 799 4388 Aliis
835 4310 1030 4388 placet_
1062 4313 1573 4388 musasappellatas
1599 4315 1702 4388 ἀπὸ
1747 4321 1839 4368 τοῦ
1871 4315 2128 4388 gantiam,

539 4373 594 4452 id
619 4387 702 4432 est
724 4373 1090 4449 a'qtiznrendo,
1117 4383 1263 4452 quod
1311 4373 1409 4452 per
1437 4383 1598 4450 ipsas.
1631 4384 1774 4438 sicut
1800 4373 2008 4452 antiqui
2029 4373 2130 4438 vo;

2245 3217 2330 3264 tus
2353 3204 2405 3263 δ.
2433 3205 2504 3262 Ει
2531 3208 2652 3263 ideo
2679 3207 2795 3264 sive
2823 3207 3082 3262 masculis
3111 3207 3236 3277 pilis
3262 3207 3556 3272 contineri,
3583 3208 3704 3264 sive
3734 3209 3862 3264 talis

2241 3297 2444 3354 fabrica
2471 3297 2785 3353 refectionis
2811 3297 2990 3352 studio
3019 3297 3258 3368 potuerit
3280 3296 3554 3362 innovari,
3581 3313 3862 3370 expensas

2240 3387 2396 3443 vobis
2424 3387 2493 3444 de
2542 3395 2731 3445 nostro
2757 3388 3006 3444 cubiculo
3032 3388 3342 3444 curavimus
3369 3387 3676 3458 destinare,
3705 3399 3768 3445 ut
3800 3400 3860 3446 et

2239 3478 2394 3534 vobis
2436 3479 2747 3550 acquiratur
2805 3489 2913 3536 tam
2939 3481 3070 3540 boni
3115 3483 3299 3554 operis
3343 3483 3516 3552 fama,
3544 3494 3606 3542 et
3649 3488 3862 3543 nostris

2239 3571 2574 3642 temporibus
2597 3571 2848 3627 videatur
2867 3572 3160 3643 antiquitas
3186 3574 3474 3632 decentius
3491 3577 3782 3634 innovata.

2235 3822 2294 3871 tu
2314 3814 2670 3884 manibusque
2697 3812 3019 3880 linguarum,
3047 3819 3152 3868 etc.
3182 3811 3356 3884 Vetus
3383 3822 3440 3870 et
3467 3814 3720 3874 incertus
3748 3833 3860 3874 au-

2237 3895 2360 3942 ctor
2380 3885 2436 3940 in
2463 3883 2856 3955 epigrammate
2875 3885 2944 3938 de
2980 3883 3319 3954 pantomimo
3351 3901 3366 3938 :

2359 3975 2454 4027 Tot
2468 3975 2676 4040 lingua,
2701 3979 2820 4040 quot
2839 3974 3056 4040 membra
3077 3975 3185 4040 viro
3201 3975 3440 4040 mirabilis
3457 3990 3538 4028 ars
3555 3987 3659 4040 est,

2456 4035 2689 4098 Qui'tacit
2712 4035 2942 4087 articulos
2962 4049 3050 4086 ore
3072 4037 3254 4088 silente
3279 4039 3430 4098 loqui.

3274 4097 3472 4156 Junsr.

2307 4169 2336 4206 ά
2363 4168 2582 4242 Servius
2603 4165 2665 4223 P.
2689 4167 2926 4242 Danielis
2947 4167 3008 4242 in
3015 4165 3146 4242 illud
3162 4168 3256 4242 lib.
3277 4168 3529 4242 tzEneid.
3549 4190 3564 4224 :
3582 4169 3626 4224 Α
3645 4185 3860 4242 magno

2239 4239 2535 4312 demissum
2560 4253 2754 4312 nomen
2795 4237 2930 4312 Iulo.
2977 4239 3128 4293 Sicut
3172 4239 3486 4312 Alexander
3523 4242 3672 4312 (ait),
3707 4237 3862 4301 sicut

2239 4308 2548 4378 Pompeius.
2578 4306 2922 4381 Graaci-enim
2974 4324 3138 4381 omne
3188 4306 3541 4381 magniﬁcum
3585 4306 3860 4381 magnum

2235 4387 2562 4451 vocanttut
2599 4379 2770 4434 Mater
2798 4392 3015 4451 magna,
3061 4380 3133 4434 dii
3164 4381 3364 4451 magni.
3410 4379 3768 4451 Lampridius
3801 4387 3860 4441 in

539 4445 774 4522 luerunt,
798 4445 884 4506 vis
909 4445 1164 4522 carminis
1189 4460 1243 4506 et
1273 4445 1563 4508 modulatio
1611 4445 1963 4522 quaereretur.
1995 4452 2130 4508 Cas-
2160 4447 2208 4506 υ
2239 4447 2500 4522 Alexand.
2532 4449 2718 4504 Sever.
2761 4448 2948 4502 scribit
2977 4445 3174 4504 nomen
3221 4445 3400 4522 Magni
3430 4445 3724 4520 acceptum
3784 4457 3860 4512 ab

539 4517 788 4575 siodorus
807 4531 993 4574 noster
1020 4521 1088 4576 de
1118 4521 1316 4578 Musica
1346 4538 1410 4576 ex
1438 4517 1716 4578 Clemente
1738 4523 2128 4578 Alexandrino.

541 4584 892 4670 Qtymologici
911 4591 1090 4670 magni
1119 4602 1326 4655 auctor,
1359 4596 1562 4670 (acinacis:
1589 4596 1871 4666 τινές,φασι
1899 4595 2131 4663 pecua-ara

542 4663 664 4738 εῷραι
711 4663 956 4738 φήῃ-ᾗῇ,
975 4667 1072 4738 γὰρ
1111 4673 1325 4730 μουσικὴ
1352 4663 1510 4738 λόὖδέν
1539 4663 1762 4738 διαφέρει
1785 4672 1884 4720 τῶν
1912 4685 2122 4738 μυστηζ·

539 4730 682 4812 ρὶωης
714 4732 781 4788 ὡς·
802 4727 1226 4812 dé‘@}61,'yriai_
1243 4737 1320 4795 τίς
1343 4736 1484 4812 ἐστὶζ
1497 4743 1574 4808 μῶ
1599 4727 1696 4812 σγᾶῥ
1725 4740 1811 4789 καὶ
1835 4727 2031 4806 prii-pm,
2062 4735 2122 4789 τὸ

541 4798 699 4860 ζητῶ,
721 4808 826 4853 etc.
856 4798 990 4855 Vide
1013 4798 1180 4856 totum
1213 4803 1410 4858 locum.
1443 4798 1609 4860 Fons.

616 4887 722 4964 ξε.
767 4888 1094 4964 Augustinus
1139 4893 1230 4948 lib.
1261 4911 1298 4950 ιι
1325 4895 1392 4951 de
1415 4897 1595 4952 Doctr.
1623 4895 1848 4962 Christ.,
1878 4909 1998 4964 cap.
2037 4886 2129 4960 25,

539 4954 706 5039 refert
724 4954 954 5039 salta'nte
985 4966 1316 5039 pantomimo
1341 4967 1514 5039 moris
1532 4967 1772 5039 fuissent
1797 4954 2132 5039 phccoprae;

542 5033 818 5103 nuntiaret
851 5033 1054 5103 populo
1082 5035 1209 5103 quid
1235 5037 1346 5090 suis
1367 5037 1605 5092 motibus
1629 5033 2125 5103 vellet'signilicari.

2237 4519 2544 4591 Alexandro
2565 4527 2686 4591 post
2715 4533 2905 4591 magna
2935 4527 3107 4591 gesta,
3130 4527 3186 4574 et
3215 4535 3246 4574 a
3278 4518 3538 4591 Pompeio
3565 4518 3695 4591 post
3723 4539 3859 4580 ma-

2236 4605 2371 4660 gnos
2394 4589 2794 4660 triurmibos,et
2820 4589 2980 4660 fuisse
3009 4589 3370 4660 rej'ectumwab
3401 4589 3728 4650 Alexandro
3757 4593 3865 4650 Se.

2237 4659 2367 4738 vero
2390 4659 2526 4738 imp.
2536 4667 2925 4738 _cum__seuatus
2947 4659 3106 4715 Rom.
3137 4660 3190 4716 ei
3218 4659 3458 4716 offerret.
3478 4662 3556 4718 De
3579 4661 3859 4738 Pompeio

2237 4731 2370 4786 scite
2395 4729 2615 4805 Ogidius
2644 4729 2735 4784 lib.
2770 4745 2787 4784 1
2821 4746 2834 4784 :

3226 4821 3406 4873 Testor

2332 4885 2529 4944 Magne,
2554 4889 2690 4934 tuum
2715 4895 2922 4942 nomen;
2948 4896 3114 4932 rerum
3141 4894 3219 4934 est
3240 4895 3472 4934 ineusura
3497 4892 3704 4935 tuarum

2392 4947 2488 4995 Sed
2513 4958 2562 4996 te
2589 4947 2672 5006 qui
2697 4949 2818 4995 vicit
2837 4959 2942 4995 nom
2966 4958 3030 4996 ne
3056 4947 3210 5007 major
3233 4953 3361 4996 erat.

2231 4997 2471 5098 CaliguLa
2499 4997 2618 5100 Cn:-
2638 5027 2894 5096 Pmnpeio
2915 5029 3100 5100 stirpis
3131 4997 3378 5098 antiquas
3428 5029 3618 5100 magni
3643 5046 3856 5087 nomen

543 5091 673 5153 Vide
694 5091 882 5155 Claudi
914 5091 1114 5173 i’atteg:
1147 5104 1354 5162 Theod.
1385 5106 1456 5162 de
1484 5091 1816 5176 Spectaculis
1845 5091 1993 5172 :qui
2025 5121 2128 5158 nu-
2231 5091 2455 5165 ademit,
2486 5099 2562 5152 ait
2587 5091 2900 5154 Suetonius.
2924 5091 3121 5154 JUltBT.

1678 5353 2026 5437 LIBER
2099 5349 2662 5460 QUINTUS.

967 5591 1077 5660 7s
1125 5587 1456 5645 EPISTOLA
1497 5589 1732 5646 ruma.

788 5695 912 5737 IEGI
953 5695 1324 5736 WANDALORUM
1356 5699 1719 5739 τηεουοιιιωε
1749 5699 1880 5759 REX:

545 5767 735 5825 Scribit
760 5788 814 5826 sc
842 5770 1191 5826 lubentissime
1227 5774 1486 5828 excepisse
1513 5791 1660 5829 arma
1689 5775 1754 5828 ab
1782 5792 1842 5830 eo
1866 5773 2049 5844 missa,
2078 5781 2127 5827 et

2307 5611 2398 5734 ger
2421 5595 2620 5717 Ιὲσαῑος
2645 5609 2764 5648 suos
2785 5593 2838 5647 in
2861 5597 3298 5652 remunerationis
3313 5598 3490 5654 locum
3519 5601 3628 5656 alia
3648 5603 3700 5657 ei
3717 5619 3855 5660 con-

2330 5674 2406 5718 er!
2472 5682 2596 5718 mm.

2330 5674 2406 5718 ετι
2435 5674 2572 5718 dona
2585 5703 2596 5716 .

2304 5773 2438 5831 Cum
2491 5775 2672 5847 piceis,
2725 5772 3026 5845 tymbribus
3079 5786 3135 5833 et
3163 5792 3368 5848 pueros
3408 5783 3611 5851 geniali
3657 5783 3856 5852 iulius.
