3974 6390
185 271 286 330 ϐἇδ

1444 281 1814 339 VARIARUM
1853 282 2054 341 LIBER
2113 287 2174 344 γ.

3351 305 3454 360 646

184 381 386 456 gentili]
415 382 646 439 candore
671 383 933 452 lucentes,
965 397 1022 444 et
1041 391 1268 461 spathas
1296 391 1451 448 nobis
1471 392 1635 447 etiam
1677 409 1766 448 ar—
1797 400 1848 459 Α
1872 393 2106 451 Prornde
2128 399 2236 470 79
2255 401 2513 470 requirite
2541 417 2640 460 nos
2666 404 2862 474 acilius
2888 420 2986 475 per
3013 407 3128 464 vias
3152 423 3286 480 quas
3305 427 3460 472 amor

182 494 268 555 ina
319 478 644 532 desecantes
681 488 862 535 vestra
903 479 1216 539 fraternitas
1259 484 1571 549 destinavit,
1625 483 1767 541 ferro

182 583 343 638 quam
360 567 478 621 auri
500 567 676 636 pretio
697 567 940 625 ditiores.
968 570 1228 641 Splendet
1265 573 1376 630 illic
1426 573 1646 630 claritas
1672 589 1768 628 ex-

181 659 366 730 polita,
397 665 459 712 ut
483 655 810 712 intuentium
838 659 1008 716 facies
1036 661 1178 716 fideli
1200 663 1439 734 puritate
1456 664 1766 731 restituant,

179 763 404 821 quarum
430 747 702 817 margines
730 748 786 803 in
816 757 1037 806 acutum
1084 752 1180 806 tali
1207 753 1515 822 mqualitate
1543 754 1768 810 descen-

181 841 332 909 dunt,
353 845 415 894 ut
461 854 570 894 non
599 838 744 894 limis
771 843 1104 911 compositae,
1153 844 1247 898 sed
1269 844 1437 911 igneis
1463 843 1769 900 fornacibus

181 930 466 986 credantur
492 927 690 985 effusas
717 929 921 986 Harum
946 933 1124 987 media
1147 935 1386 1004 pulchris
1413 934 1581 990 alveis
1607 949 1770 990 esca-

178 1029 317 1085 vata,
345 1019 670 1090 quibusdam
697 1019 952 1076 videntur
979 1023 1206 1093 crispari
1237 1039 1396 1094 posse
1415 1023 1763 1079 vermiculis:

179 1111 269 1168 ubi
295 1121 447 1167 tanta
468 1111 746 1168 varietatis
771 1113 962 1169 umbra
983 1115 1258 1172 concludit
1283 1115 1427 1190 [Cor.
1467 1115 1644 1188 (iam,
1664 1115 1771 1171 col-

180 1199 356 1273 ludit],
378 1209 440 1256 ut
466 1202 734 1258 intextum
762 1203 935 1272 magis
964 1205 1158 1262 credas
1193 1207 1356 1261 variis
1384 1207 1656 1262 coloribus
1682 1207 1768 1262 lu-

178 1295 351 1351 cidum
378 1295 679 1351 metallum.
713 1295 830 1352 Hoc
851 1303 1035 1354 vestra
1091 1300 1230 1356 cotis
1259 1300 1547 1368 diligenter
1572 1315 1767 1356 emun-

178 1385 286 1454 dat,
309 1385 415 1442 hoc
436 1395 620 1441 vester
646 1387 1112 1457 splendidissimus
1144 1391 1320 1472 pulvis
1341 1392 1411 1445 ita
1443 1391 1770 1448 industriose

177 1474 426 1544 detergit,
456 1484 518 1531 ut
563 1477 847 1547 speculum
885 1479 1159 1548 quoddam
1185 1481 1424 1536 virorum
1475 1481 1638 1538 faciat
1662 1481 1770 1538 fer-

177 1581 324 1622 ream
353 1566 670 1638 Iucem;qui
691 1567 814 1623 ideo
839 1569 1034 1638 patria:
1047 1579 1259 1635 vestra,
1275 1578 1467 1625 natura
1485 1571 1767 1641 largiente,

179 1671 462 1714 concessus
487 1667 590 1723 est,
620 1667 680 1714 ut
705 1658 865 1729 hujus
917 1661 997 1716 rei
1050 1662 1361 1732 opinionem
1408 1662 1566 1718 nobis
1605 1661 1769 1718 faciat

179 1747 518 1816 singularem.
543 1747 712 1805 Enses
730 1749 822 1818 qui
843 1750 1250 1818 pulchritudine
1264 1751 1351 1806 sui
1371 1760 1630 1822 putentur
1649 1768 1768 1808 esse
1803 1771 1846 1830 Β

178 1839 424 1908 Vulcani,
453 1839 550 1908 qui
579 1847 729 1894 tanta
751 1841 1017 1908 elegantia
1041 1840 1248 1897 fabrilia
1277 1843 1424 1898 visus
1451 1851 1536 1899 est
1557 1844 1768 1900 excole-

180 1945 254 1994 re,
283 1938 342 1986 ut
366 1931 516 2001 quod
547 1930 664 2000 ejus
689 1931 938 1988 manibus
959 1933 1314 2002 formabatur,
1333 1949 1446 1991 non
1467 1951 1604 2006 opus
1622 1951 1768 1992 mor-

181 2022 382 2089 talium,
430 2021 529 2078 sed
561 2023 874 2079 crederetur
906 2038 1029 2080 esse
1079 2025 1336 2082 divinum.
1392 2025 1628 2083 Proinde
1669 2043 1768 2098 per

179 2113 322 2170 illum
345 2122 404 2170 et
426 2114 581 2170 illum
602 2115 809 2185 legatos
835 2125 1053 2173 nostros
1081 2119 1356 2176 solventes
1393 2119 1588 2176 debitae
1623 2121 1769 2177 salu-

181 2209 397 2265 tationis
423 2208 703 2278 affectum,
734 2225 886 2266 arma
907 2219 1088 2268 vestra
1115 2212 1350 2268 libenter
1372 2228 1470 2269 nos
1495 2214 1770 2284 accepisse

181 2299 536 2368 declaramus,
567 2315 687 2370 quae
717 2300 874 2358 bona:
924 2303 1074 2374 pacis
1101 2303 1280 2359 studia
1311 2304 1762 2362 transmiserunt:

183 2389 604 2446 vicissitudinem
645 2393 886 2448 muneris
939 2409 1040 2464 pro
1071 2409 1435 2465 espensarum
1463 2404 1767 2452 vestrarum

183 2480 619 2538 consideratione
637 2481 956 2548 tribuentes,
988 2498 1110 2552 quae
1131 2492 1338 2538 tantum
1366 2484 1521 2539 vobis
1546 2484 1773 2540 reddan-

183 2578 268 2625 tur
286 2581 534 2642 accepta,
581 2580 842 2643 quantum
871 2573 1024 2628 nobis
1042 2582 1223 2629 vestra
1239 2573 1400 2631 fuere
1443 2575 1767 2645 gratissima.

184 2661 442 2718 Prtestent
469 2663 656 2717 divina
684 2663 1053 2730 concordiam,
1079 2672 1140 2719 ut
1167 2665 1282 2720 haec
1303 2663 1446 2718 inter
1473 2679 1574 2720 nos
1617 2673 1770 2733 grata

183 2765 356 2812 mente
377 2755 664 2825 facientes,
687 2757 926 2825 gentium
954 2765 1267 2813 nostrarum
1295 2755 1434 2812 velle
1457 2756 1767 2826 jungamns,

185 2859 235 2902 et
261 2849 488 2905 invicem
517 2847 740 2904 solliciti
769 2848 974 2904 mutuis
995 2849 1266 2920 possimus
1290 2847 1620 2906 utilitatibus
1640 2847 1773 2903 obli-

184 2935 312 3008 gari:

779 3049 1112 3108 EPISTOLA
1135 3051 1202 3107 ῐῐ.

591 3157 794 3199 ηιετιε
815 3159 1180 3200 τιιεουοιιιουε
1203 3159 1329 3200 REX.

185 3251 372 3308 Notum
389 3256 517 3326 facit
540 3272 595 3310 se
621 3257 835 3311 licenter
859 3259 1118 3326 accepisse
1132 3273 1222 3327 per
1241 3273 1415 3311 eorum
1431 3258 1628 3327 legatos
1651 3272 1767 3311 suc-

419 3327 628 3392 cinum;
667 3327 802 3398 quod
831 3327 968 3382 unde
995 3329 1197 3382 oriatur
1221 3327 1482 3382 descriﬂit.

250 3435 345 3491 illo
372 3443 428 3492 et
451 3436 554 3492 illo
575 3436 768 3506 legatis
794 3437 991 3493 vestris
1035 3437 1398 3501 venientibus,
1429 3437 1631 3507 grande
1672 3453 1773 3495 vos

187 3525 418 3580 studium
445 3526 658 3582 notitiae
689 3535 890 3582 nostras
937 3527 1192 3584 habuisse
1221 3528 1595 3596 cognovimus,
1627 3536 1688 3582 ut
1715 3529 1772 3584 in

182 3614 376 3670 Oceani
399 3616 679 3672 littoribus
707 3617 1010 3682 constituti,
1042 3632 1162 3672 cum
1213 3625 1397 3672 nostra
1443 3625 1625 3672 mente
1647 3617 1774 3687 jun-

182 3704 375 3772 gamini
400 3721 414 3760 :
439 3705 626 3761 suavis
645 3705 803 3762 nobis
831 3705 1116 3762 admodum
1137 3717 1194 3762 et
1211 3715 1364 3776 grata
1393 3707 1678 3776 petitio,ut
1708 3707 1775 3765 ed

184 3810 275 3851 vos
298 3797 610 3866 perveniret
634 3794 778 3852 fama
804 3804 1011 3866 nostra,
1035 3795 1110 3852 ad
1145 3813 1282 3869 quos
1309 3798 1454 3854 nulla
1501 3799 1774 3870 potuimus

181 3883 448 3944 destinare
495 3887 774 3943 mandata.
823 3888 1017 3944 Amate
1037 3889 1150 3958 iam
1179 3889 1472 3958 cognitum,
1499 3903 1664 3958 quem
1683 3903 1772 3944 re-

181 3979 414 4047 quisistis
462 3980 768 4035 ambienter
804 3981 1066 4050 ignotum.
1109 3980 1243 4036 Nam
1274 3981 1416 4036 inter
1461 3988 1544 4036 tot
1586 3989 1774 4050 gentes

182 4071 316 4126 viam
342 4087 694 4144 praesumere,
733 4088 842 4128 non
879 4083 962 4130 est
989 4071 1190 4144 aliquid
1229 4072 1386 4129 facile
1413 4073 1770 4144 concupiisse.

182 4160 243 4215 Et
266 4163 389 4220 ideo
434 4163 764 4238 salutatione
795 4180 890 4222 vos
933 4163 1227 4221 all‘ectuosa
1252 4163 1606 4236 requirentes,
1637 4164 1774 4220 indi-

181 4269 363 4311 camus
390 4257 632 4320 succina,
657 4272 775 4328 qua:
799 4273 834 4313 a
862 4257 1024 4313 vobis
1043 4273 1140 4328 per
1163 4257 1359 4314 harum
1380 4258 1676 4328 portitores
1693 4257 1775 4313 di-

179 4354 322 4400 recta
343 4355 490 4413 sunt,
521 4357 678 4416 grato
696 4346 878 4402 animo
904 4344 1076 4402 fuisse
1106 4354 1357 4416 suscepta
1388 4363 1401 4398 :
1431 4361 1552 4416 qum
1579 4347 1646 4401 ad
1678 4362 1774 4402 vos

179 4431 374 4490 Oceani
401 4437 548 4492 unda
576 4433 933 4503 descendens,
961 4435 1104 4490 hanc
1154 4435 1476 4491 levissimam
1517 4437 1770 4492 substan-

1868 495 2051 542 vester
2096 491 2327 559 aperuit,
2372 493 2500 562 quia
2526 509 2742 564 semper
2769 496 2989 566 prodest
3013 497 3233 555 divitum
3273 518 3459 575 regum

1869 576 2138 644 acquisita
2159 580 2481 646 concordia;
2507 583 2602 650 qui
2627 586 2754 637 dum
2782 599 2950 653 parvo
2982 597 3206 644 munere
3249 591 3461 649 leniun-

1867 673 1976 730 tur,
1998 667 2208 736 majore
2233 685 2450 740 semper
2477 676 2916 744 compensatione
2958 683 3310 752 prospiciunt.
3342 687 3458 742 Ali-

1868 771 1975 826 qua
2001 759 2153 814 vobis
2177 761 2338 816 etiam
2372 778 2466 830 per
2492 764 2696 832 legatos
2721 776 2932 824 vestros
2973 772 3140 827 verbo
3182 779 3459 833 mandavi-

1867 862 2006 912 mus,
2030 864 2127 919 pcr
2145 864 2300 918 quos,
2315 866 2433 920 quae
2456 863 2740 920 grataessc
2763 856 3015 925 debeant,
3034 876 3134 917 nos
3159 863 3460 922 destinasse

1867 937 2222 996 declaramus.

2436 1112 2766 1169 EPISTOLA
2796 1115 2881 1170 Ill.

1867 1237 2152 1279 “08035130
2178 1239 2308 1281 νῑιιθ
2329 1241 2592 1294 ιιιυετκῐ,
2613 1244 2912 1296 ρυιεετοιιι,
2937 1247 3304 1291 τιιεοῡοιιιεῠε
3327 1253 3454 1292 κει.

1869 1333 2082 1418 Confert
2096 1336 2178 1418 illi
2205 1340 2475 1418 qztwsroris
2500 1339 2740 1418 ofﬁcium,
2759 1357 2858 1411 quo
2889 1339 3175 1418 DecoraIus
3203 1347 3317 1416 ejus
3347 1349 3458 1417 fra-

2217 1405 2427 1474 t‘iveret,
2457 1405 2783 1480 poiiebatur,‘
2829 1420 2878 1465 et
2929 1413 3080 1468 ambo
3111 1405 3458 1488 maximopere

2161 1493 2243 1530 ur.

2161 1493 2243 1530 ur.

1943 1609 2052 1666 Usu
2073 1611 2290 1681 quidem
2320 1613 2566 1682 provenit
2593 1612 2955 1672 benemeritos
2969 1616 3109 1672 dona
3131 1628 3316 1676 nostra
3338 1637 3453 1677 sus-

1871 1699 2078 1769 cipere;
2111 1699 2205 1754 sed
2235 1709 2290 1755 tu
2308 1699 2428 1770 jure
2451 1702 2780 1758 hmreditatis
2809 1706 3062 1776 principis
3085 1707 3180 1762 tibi
3197 1708 3458 1766 benelima

1870 1775 2172 1844 vindicasti.
2199 1787 2471 1846 Honorem
2498 1791 2676 1848 fratris
2705 1775 3175 1866 adipisceris,quia
3197 1800 3457 1870 sapientia

1869 1893 2086 1949 quoque
2113 1894 2402 1948 germanus
2431 1897 2508 1936 es.
2541 1883 2623 1937 Ab
2651 1883 2854 1940 eisdem
2880 1885 3037 1941 bonis
3079 1903 3185 1942 non
3242 1891 3460 1958 repelli-

1869 1984 1991 2025 mus
2015 1984 2177 2040 quem
2205 1971 2432 2026 similem
2462 1974 2896 2044 comprobamus.
2928 1974 3066 2032 Eant
3091 1992 3236 2034 nunc
3265 1993 3460 2050 paren-

1871 2069 1954 2117 tes
1973 2077 2038 2118 ac
2063 2063 2236 2128 liberi,
2271 2073 2327 2120 et
2355 2065 2617 2120 bonarum
2644 2067 2838 2121 artium
2878 2069 3054 2124 studia
3109 2071 3460 2127 incitamento

1869 2151 2234 2208 similitudinis
2262 2155 2600 2211 ammlentur.
2618 2156 2818 2211 Novam
2846 2158 2898 2212 in
2927 2167 2979 2213 te
3007 2159 3235 2216 fecimus
3263 2162 3457 2231 legem,

1869 2249 2122 2311 parentes
2148 2242 2200 2296 in
2232 2243 2699 2300 administratione
2723 2246 3034 2303 succedere.
3055 2247 3153 2305 Hie
3173 2260 3459 2321 provectus

1870 2351 1979 2391 non
2037 2335 2309 2402 adimitur,
2366 2337 2461 2393 sed
2507 2345 2564 2392 et
2609 2347 2848 2394 mutatur
2879 2359 2892 2394 :
2925 2343 3048 2410 quia
3077 2343 3204 2398 licet
3227 2361 3459 2415 persona

1870 2425 2162 2492 subrogata
2186 2425 2276 2490 sit,
2299 2423 2514 2480 familia:
2542 2435 2720 2482 tamen
2746 2444 2854 2484 non
2876 2430 3074 2498 deficit,
3099 2433 3244 2502 quod
3265 2439 3460 2504 gratis-

1870 2517 2038 2572 simus
2059 2529 2348 2586 germanus
2373 2519 2624 2588 acquirit.
2639 2517 2685 2575 0
2701 2537 2827 2578 vere
2847 2525 3041 2579 vestris
3061 2527 3265 2582 meritis
3279 2529 3460 2596 electi,

1871 2619 1930 2664 et
1956 2609 2197 2680 auspicio
2225 2611 2460 2666 nominis
2505 2611 2787 2668 honorati!
2831 2611 3189 2673 Prmsentiunt
3216 2621 3462 2691 quadam

1872 2709 2152 2774 parentes,
2180 2704 2370 2774 positis
2398 2703 2452 2759 in
2481 2705 2634 2776 prole
2661 2707 2936 2763 vocabulis
2967 2718 3016 2778 ο,
3037 2718 3090 2764 et
3119 2716 3180 2766 tit
3206 2723 3463 2768 ventura-

1873 2808 1992 2848 rum
2017 2808 2198 2850 rerum
2227 2811 2415 2851 cursus
2440 2809 2507 2850 es
2528 2795 2639 2850 allo
2669 2805 2751 2850 est
2770 2797 2994 2868 imperio
3020 2797 3338 2868 Divinitatis,
3369 2820 3465 2858 co-

1872 2882 2063 2955 gitatio
2085 2885 2433 2955 pmsagantis
2459 2885 2772 2954 instruitur;
2824 2887 2970 2958 loqui
2995 2889 3154 2946 datur
3191 2893 3333 2963 quod
3363 2911 3464 2949 nos

1873 2974 2106 3030 sensisse
2117 2974 2412 3042 nescimus;
2437 2975 2531 3030 sed
2559 2983 2683 3046 post
2707 2991 2890 3032 casum
2905 2980 3294 3037 reminiscimur
3317 2985 3464 3054 quod

1873 3064 2188 3134 ignorantes
2243 3065 2508 3122 veraciter
2560 3065 2887 3123 dixeramus.
2919 3067 3034 3124 Tali
3081 3071 3244 3140 igitur
3281 3076 3465 3130 omine

1796 3148 1844 3208 ι]
1879 3155 2168 3212 decoratus
2187 3155 2390 3213 evaluit
2421 3175 2435 3211 :
2462 3158 2684 3224 evaluit,
2716 3159 2958 3228 inquam,
2991 3176 3057 3217 ac
3083 3177 3142 3218 se
3170 3163 3466 3222 honoribus

1873 3251 2146 3322 palatinis,
2171 3231 2604 3321 judicio'nostro
2635 3251 2901 3316 laudatus,
2947 3253 3258 3321 immiscuit,
3287 3258 3463 3327 digni-

1874 3349 2044 3398 tatem
2072 3357 2290 3398 sumens
2317 3356 2479 3412 quam
2507 3343 2745 3401 solemus
2771 3345 2902 3401 dare
2925 3347 3294 3416 prudentibus.
3347 3350 3466 3409 lioc

1873 3429 2036 3504 plane
2063 3447 2226 3504 supra
2253 3442 2482 3490 caeteros
2510 3433 2832 3504 adipiscens,
2853 3436 2998 3506 quod
3023 3437 3199 3508 potuit
3218 3454 3466 3510 emerge-

1875 3537 1936 3578 re
1963 3532 2090 3594 post
2115 3523 2339 3580 electos.
2363 3523 2474 3580 Sub
2499 3525 2643 3593 genii
2673 3527 2842 3582 nostri
2873 3526 2994 3582 luce
3022 3527 3318 3600 intrepidus
3341 3533 3467 3603 qui-

1876 3610 2020 3678 dem,
2043 3611 2140 3669 sed
2170 3623 2484 3670 reverenter
2510 3616 2743 3681 astabat,
2775 3627 3080 3688 opportune
3107 3621 3320 3694 tacitus,
3370 3641 3468 3682 ue-

1877 3703 2112 3760 cessarie
2139 3703 2409 3776 copiosus,
2438 3721 2686 3762 curarum
2709 3717 3014 3764 nostrarum
3045 3711 3300 3769 eximium
3330 3713 3473 3771 leva—

1874 3811 2029 3861 men;
2061 3804 2116 3852 et
2143 3812 2266 3852 cum
2295 3798 2578 3868 potestatis
2607 3807 2806 3854 nostra:
2828 3803 2999 3870 gratia
3029 3803 3313 3872 ditaretur,
3343 3822 3461 3862 mo-

1874 3903 1938 3943 ru
1962 3909 1989 3938 ιι
2021 3887 2194 3956 magis
2239 3885 2407 3966 laude
2457 3896 2764 3956 contentus,
2797 3891 3158 3949 mediocribus
3177 3909 3238 3950 se
3279 3897 3460 3965 potius

1875 3979 2212 4049 exmquabat.
2235 3977 2378 4034 Vivit
2407 3979 2548 4048 apud
2572 3995 2672 4036 nos
2699 3981 3004 4038 recordatio
3026 3982 3316 4054 bonorum,
3331 3989 3458 4056 quia

1876 4067 2010 4128 fides
2037 4069 2270 4125 hominis
2316 4069 2491 4124 nescit
2543 4085 2665 4126 cum
2714 4080 2889 4126 morte
2935 4071 3186 4129 deiicere.
3237 4073 3462 4134 Secreta

1877 4171 2084 4233 nostra,
2109 4163 2262 4233 quasi
2289 4161 2723 4227 oblivisceretur,
2775 4164 3048 4233 occuluit;
3093 4165 3264 4236 iussa,
3307 4171 3464 4239 quasi

1875 4255 2154 4323 scriberet,
2169 4271 2270 4327 per
2290 4254 2535 4311 ordinem
2557 4255 2809 4312 retinuit:
2834 4257 2952 4314 sine
2980 4259 3204 4315 avaritia
3225 4263 3470 4319 serviens

1876 4355 1932 4401 et
1978 4347 2206 4415 gratiam
2255 4355 2495 4401 nostram
2541 4359 2752 4400 summa
2795 4347 3090 4411 cupiditate
3129 4349 3464 4420 perquirens.

1876 4435 2203 4492 Divertimus
2229 4434 2446 4506 quidem
2475 4435 2544 4491 ad
2589 4435 2908 4492 benemeriti
2948 4436 3152 4510 laudes,
3183 4439 3281 4496 sed
3313 4456 3470 4499 com-

181 4527 326 4596 tiam,
355 4530 499 4585 sicut
519 4536 575 4585 et
600 4537 901 4584 vestrorum
921 4528 1116 4584 relatio
1129 4529 1464 4595 continebat,
1485 4537 1766 4598 exportat;
1798 4529 1852 4590 D
1878 4525 2076 4598 pendio
2105 4527 2371 4584 sermonis
2400 4527 2678 4598 assumpti,
2728 4543 2852 4584 cum
2881 4527 3032 4584 illum
3063 4529 3365 4600 referimus,
3417 4543 3470 4590 te

177 4617 267 4673 sed
297 4620 464 4676 unde.
495 4619 696 4680 veniat,
728 4620 1064 4690 incognitum
1102 4635 1200 4676 vos
1246 4620 1450 4676 habere
1493 4620 1766 4686 dixerunt,

175 4724 336 4778 quam
383 4717 512 4766 ante
541 4725 728 4766 omnes
773 4711 1024 4768 homines
1069 4711 1243 4782 patria
1298 4719 1479 4767 vestra
1509 4709 1771 4767 offerente

178 4801 466 4874 suscipitis.
526 4801 672 4868 lltcc,
721 4801 1234 4873 quodamﬁornelio
1259 4802 1548 4868 scribente,
1577 4801 1772 4870 legitur

179 4893 229 4947 in
270 4894 618 4950 interioribus
668 4894 856 4952 insulis
907 4891 1110 4950 Oceani
1157 4909 1227 4950 ex
1247 4893 1457 4950 arboris
1483 4909 1646 4948 succo
1672 4893 1769 4948 de-

178 4981 369 5050 ﬂuens,
400 4985 544 5040 unde
564 4993 620 5040 et
637 4986 912 5041 succinu
941 4985 1160 5050 dicitur,
1179 4984 1440 5056 paulatim
1459 4983 1588 5038 solis
1619 4981 1772 5038 ardo-

177 5090 238 5130 re
275 5075 586 5132 coalescere
634 5075 850 5150 [Forn.,
879 5072 1206 5148 canescere].
1253 5073 1342 5129 Fit
1369 5073 1514 5130 enim
1541 5072 1771 5127 sudatile

181 5167 456 5222 metallum
488 5167 792 5224 teneritudo
823 5167 1130 5238 perspicua,
1157 5165 1320 5222 modo
1363 5179 1562 5221 croceo
1589 5163 1773 5220 colore

182 5260 398 5324 rubens,
426 5259 594 5314 modo
613 5258 862 5316 ﬂammea
883 5259 1128 5316 claritate
1154 5259 1540 5329 pinguescens;
1568 5265 1628 5311 ut
1647 5271 1769 5313 cum

181 5351 234 5406 in
262 5354 429 5409 maris
449 5352 610 5408 fuerit
630 5353 848 5424 delapsa
877 5349 1138 5420 confinio,
1158 5359 1291 5406 testu
1321 5350 1622 5406 alternante
1644 5365 1774 5420 pur-

180 5451 328 5514 gata,
357 5445 552 5501 vestris
577 5445 848 5501 littoribus
876 5443 1124 5500 tradatur
1151 5443 1416 5513 exposita.
1449 5440 1610 5524 Quod.
1652 5441 1772 5496 ideo

177 5535 535 5604 indicavimus
563 5537 923 5604 indicandum,
954 5553 1024 5592 ne
1052 5537 1274 5591 omnino
1304 5535 1504 5606 putetis
1524 5533 1772 5588 notitiam

184 5635 426 5684 nostram
455 5627 660 5700 fugere,
687 5631 834 5702 quod
861 5629 1134 5687 occultum
1181 5628 1400 5684 creditis
1425 5641 1524 5684 vos
1547 5627 1772 5684 habere.

1876 4618 2152 4675 docemus.
2185 4616 2308 4672 Fuit
2336 4617 2584 4672 nimirum
2613 4619 2952 4689 gratusquod
2979 4619 3120 4690 apud
3139 4635 3239 4677 nos
3267 4630 3471 4694 etpost

1876 4709 1986 4765 fata
2015 4725 2136 4767 esse
2165 4726 2273 4765 non
2302 4709 2520 4765 desinit.
2551 4708 2756 4766 Tristes
2809 4713 3099 4782 quaerimus
3151 4730 3314 4786 quem
3367 4733 3471 4780 nus

1877 4801 2124 4856 amisisse
2151 4799 2414 4857 dolemus.
2437 4798 2542 4854 Sed
2573 4801 2826 4855 acerbum
2850 4817 3036 4858 casum
3057 4803 3292 4878 mitigat,
3323 4811 3470 4884 quod

1877 4893 1927 4947 ei
1945 4891 2145 4948 vicaria
2169 4889 2368 4946 virtute
2406 4888 2648 4945 succedis
2677 4907 2690 4944 :
2716 4892 2841 4960 quia
2893 4908 3054 4954 nemo
3084 4898 3383 4968 perdidisse
3411 4916 3472 4956 se

1877 4983 2046 5039 sentit
2086 4981 2310 5052 quodin
2341 4981 2570 5036 alterum
2599 4981 2873 5042 invenisse
2897 4989 3196 5056 cognoscit.
3227 4987 3343 5045 Non
3375 5005 3472 5046 ex-

1875 5082 2063 5128 tranea
2086 5071 2312 5131 secteris
2324 5071 2696 5144 exempla,cui
2723 5075 3019 5133 domestica
3045 5087 3339 5148 suppetunt
3361 5087 3470 5135 tam

1876 5179 2071 5236 magna
2103 5163 2392 5234 prmconia.
2417 5160 2499 5222 Tu
2528 5165 2819 5222 decoratus
2845 5181 2912 5223 ex
2940 5167 3034 5222 illo
3057 5183 3135 5234 es,
3164 5169 3258 5224 ille
3294 5169 3472 5226 hono-

1877 5271 2028 5318 ratus
2051 5277 2120 5317 ex
2137 5270 2190 5318 te
2209 5269 2316 5320 est.
2338 5263 2589 5319 Adunent
2616 5277 2676 5318 se
2703 5264 2897 5318 merita
2918 5263 3136 5332 quando
3158 5279 3220 5319 se
3239 5263 3473 5334 iunxere

1876 5354 1957 5410 sic
1986 5356 2227 5412 nomina.
2253 5354 2386 5410 Nam
2410 5356 2479 5411 de
2503 5365 2557 5411 te
2580 5354 2777 5424 iustius
2804 5355 3072 5411 credimus
3103 5356 3346 5424 meliora,
3375 5360 3470 5428 qui

1879 5445 2144 5514 sequeris.
2169 5447 2293 5518 quia
2317 5461 2532 5518 semper
2557 5454 2641 5502 est
2665 5444 2972 5514 diligentior
2992 5446 3232 5503 imitator
3248 5448 3468 5520 prioris,

1879 5537 2098 5607 quando
2121 5544 2174 5593 te
2200 5537 2552 5606 pneccdentis
2573 5536 2714 5592 bona
2743 5535 2871 5591 licet
2916 5535 3114 5605 el=gere
3137 5545 3192 5591 et
3210 5553 3351 5593 nova
3375 5552 3472 5594 cu-

1880 5629 2108 5683 mulare.
2158 5627 2334 5698 Atque
2390 5627 2514 5684 ideo
2559 5627 2628 5683 ab
2657 5626 2955 5683 indictione
2981 5629 3137 5683 tertia
3187 5639 3471 5700 qutesture

259 5791 287 5820 ⁸
315 5781 484 5838 Forn.
512 5800 526 5838 :
551 5785 742 5838 Omnes
767 5793 971 5840 natura:
1005 5781 1203 5837 meritis
1223 5780 1390 5837 electi.
1424 5779 1771 5837 Prmentiunt
1817 5781 2053 5855 quaedam
2077 5788 2339 5854 parentes,
2368 5789 2551 5851 pastus
2571 5795 2630 5834 tn
2659 5780 2808 5852 prole
2834 5780 3114 5836 uocabulis.
