  <div class='ocr_page' id='page_1' title='image "/cluster/home/n/w/nwhite01/storage/ocr_20150623/69/umn.31951002477362u/333.png"; bbox 0 0 3974 6396; ppageno 0'>
   <div class='ocr_carea' id='block_1_1' title="bbox 524 269 634 325">
    <p class='ocr_par' dir='ltr' id='par_1_1' title="bbox 524 269 634 325">
     <span class='ocr_line' id='line_1_1' title="bbox 524 269 634 325; baseline 0.045 -5"><span class='ocrx_word' id='word_1_1' title='bbox 524 269 634 325; x_wconf 71' lang='grc'><strong>647</strong></span> 
     </span>
    </p>
   </div>
   <div class='ocr_carea' id='block_1_2' title="bbox 1728 249 2550 319">
    <p class='ocr_par' dir='ltr' id='par_1_2' title="bbox 1728 249 2550 319">
     <span class='ocr_line' id='line_1_2' title="bbox 1728 249 2550 319; baseline -0.017 0"><span class='ocrx_word' id='word_1_2' title='bbox 1728 262 1800 319; x_wconf 82' lang='grc' dir='ltr'>Μ.</span> <span class='ocrx_word' id='word_1_3' title='bbox 1840 256 2118 318; x_wconf 67' lang='grc' dir='ltr'><strong>ΑυιὶΕιιι</strong></span> <span class='ocrx_word' id='word_1_4' title='bbox 2151 249 2550 314; x_wconf 74' lang='lat' dir='ltr'><strong>CASSIODORI</strong></span> 
     </span>
    </p>
   </div>
   <div class='ocr_carea' id='block_1_3' title="bbox 3683 232 3790 290">
    <p class='ocr_par' dir='ltr' id='par_1_3' title="bbox 3683 232 3790 290">
     <span class='ocr_line' id='line_1_3' title="bbox 3683 232 3790 290; baseline -0.019 0"><span class='ocrx_word' id='word_1_5' title='bbox 3683 232 3790 290; x_wconf 69' lang='lat'><strong>648</strong></span> 
     </span>
    </p>
   </div>
   <div class='ocr_carea' id='block_1_4' title="bbox 534 348 3791 463">
    <p class='ocr_par' dir='ltr' id='par_1_4' title="bbox 534 348 3791 463">
     <span class='ocr_line' id='line_1_4' title="bbox 534 348 3791 463; baseline -0.015 -11"><span class='ocrx_word' id='word_1_6' title='bbox 534 404 586 452; x_wconf 91' lang='lat' dir='ltr'><strong>te</strong></span> <span class='ocrx_word' id='word_1_7' title='bbox 611 389 870 463; x_wconf 87' lang='lat' dir='ltr'><strong>dignitate</strong></span> <span class='ocrx_word' id='word_1_8' title='bbox 894 387 1238 446; x_wconf 87' lang='lat' dir='ltr'><strong>subvehimus</strong></span> <span class='ocrx_word' id='word_1_9' title='bbox 1265 383 1438 456; x_wconf 79' lang='lat' dir='ltr'><strong>(Anno</strong></span> <span class='ocrx_word' id='word_1_10' title='bbox 1465 381 1588 437; x_wconf 84' lang='lat' dir='ltr'><strong>Chr.</strong></span> <span class='ocrx_word' id='word_1_11' title='bbox 1616 377 1720 433; x_wconf 84' lang='lat' dir='ltr'><strong>5l0</strong></span> <span class='ocrx_word' id='word_1_12' title='bbox 1741 377 1818 432; x_wconf 74' lang='lat' dir='ltr'><strong>oet</strong></span> <span class='ocrx_word' id='word_1_13' title='bbox 1853 375 1914 430; x_wconf 77' lang='lat' dir='ltr'><strong>5f</strong></span> <span class='ocrx_word' id='word_1_14' title='bbox 1929 379 1946 434; x_wconf 79' lang='grc' dir='ltr'><strong>Ι</strong></span> <span class='ocrx_word' id='word_1_15' title='bbox 1963 386 2004 445; x_wconf 79' lang='lat'><strong>),</strong></span> <span class='ocrx_word' id='word_1_16' title='bbox 2035 371 2102 426; x_wconf 88' lang='lat' dir='ltr'><strong>fa-</strong></span> <span class='ocrx_word' id='word_1_17' title='bbox 2128 374 2182 436; x_wconf 78' lang='grc' dir='ltr'>Α</span> <span class='ocrx_word' id='word_1_18' title='bbox 2204 366 2489 463; x_wconf 74' lang='lat' dir='ltr'><strong>titubantia</strong></span> <span class='ocrx_word' id='word_1_19' title='bbox 2513 378 2623 419; x_wconf 90' lang='lat' dir='ltr'><strong>non</strong></span> <span class='ocrx_word' id='word_1_20' title='bbox 2643 357 2905 432; x_wconf 86' lang='lat' dir='ltr'><strong>proferre.</strong></span> <span class='ocrx_word' id='word_1_21' title='bbox 2923 355 3039 463; x_wconf 58' lang='lat' dir='ltr'><strong>[doc</strong></span> <span class='ocrx_word' id='word_1_22' title='bbox 3063 355 3118 463; x_wconf 62' lang='lat' dir='ltr'><strong>in</strong></span> <span class='ocrx_word' id='word_1_23' title='bbox 3139 348 3791 463; x_wconf 38' lang='lat' dir='ltr'><strong>Decoratokcertissinlium</strong></span> 
     </span>
    </p>
   </div>
   <div class='ocr_carea' id='block_1_5' title="bbox 530 466 2095 550">
    <p class='ocr_par' dir='ltr' id='par_1_5' title="bbox 530 466 2095 550">
     <span class='ocr_line' id='line_1_5' title="bbox 530 466 2095 550; baseline -0.015 -11"><span class='ocrx_word' id='word_1_24' title='bbox 530 489 802 550; x_wconf 82' lang='lat' dir='ltr'><strong>clmusque</strong></span> <span class='ocrx_word' id='word_1_25' title='bbox 838 479 1005 534; x_wconf 79' lang='lat' dir='ltr'><strong>nostri</strong></span> <span class='ocrx_word' id='word_1_26' title='bbox 1033 474 1237 532; x_wconf 87' lang='lat' dir='ltr'><strong>consilii</strong></span> <span class='ocrx_word' id='word_1_27' title='bbox 1266 473 1512 529; x_wconf 73' lang='lat' dir='ltr'><strong>claritate</strong></span> <span class='ocrx_word' id='word_1_28' title='bbox 1537 471 1717 524; x_wconf 81' lang='lat' dir='ltr'><strong>vivere</strong></span> <span class='ocrx_word' id='word_1_29' title='bbox 1743 466 2095 528; x_wconf 73' lang='lat' dir='ltr'><strong>Honoratum,</strong></span> 
     </span>
    </p>
   </div>
   <div class='ocr_carea' id='block_1_6' title="bbox 533 555 2102 635">
    <p class='ocr_par' dir='ltr' id='par_1_6' title="bbox 533 555 2102 635">
     <span class='ocr_line' id='line_1_6' title="bbox 533 555 2102 635; baseline -0.011 -11"><span class='ocrx_word' id='word_1_30' title='bbox 533 581 588 624; x_wconf 89' lang='lat' dir='ltr'><strong>nt</strong></span> <span class='ocrx_word' id='word_1_31' title='bbox 617 587 733 625; x_wconf 89' lang='lat' dir='ltr'><strong>esse</strong></span> <span class='ocrx_word' id='word_1_32' title='bbox 755 583 894 622; x_wconf 92' lang='lat' dir='ltr'><strong>nunc</strong></span> <span class='ocrx_word' id='word_1_33' title='bbox 922 565 1143 635; x_wconf 85' lang='lat' dir='ltr'><strong>incipias</strong></span> <span class='ocrx_word' id='word_1_34' title='bbox 1169 563 1312 632; x_wconf 90' lang='lat' dir='ltr'><strong>quod</strong></span> <span class='ocrx_word' id='word_1_35' title='bbox 1341 569 1468 616; x_wconf 85' lang='lat' dir='ltr'><strong>ante</strong></span> <span class='ocrx_word' id='word_1_36' title='bbox 1490 558 1784 614; x_wconf 89' lang='lat' dir='ltr'><strong>vocabaris.</strong></span> <span class='ocrx_word' id='word_1_37' title='bbox 1818 555 1930 624; x_wconf 81' lang='lat' dir='ltr'><strong>Age</strong></span> <span class='ocrx_word' id='word_1_38' title='bbox 1957 565 2102 610; x_wconf 89' lang='lat' dir='ltr'><strong>nunc</strong></span> 
     </span>
    </p>
   </div>
   <div class='ocr_carea' id='block_1_7' title="bbox 533 640 2102 722">
    <p class='ocr_par' dir='ltr' id='par_1_7' title="bbox 533 640 2102 722">
     <span class='ocr_line' id='line_1_7' title="bbox 533 640 2102 722; baseline -0.01 -11"><span class='ocrx_word' id='word_1_39' title='bbox 533 655 840 712; x_wconf 71' lang='lat' dir='ltr'><strong>inluerendo</strong></span> <span class='ocrx_word' id='word_1_40' title='bbox 861 653 1104 722; x_wconf 74' lang='lat' dir='ltr'><strong>justitim,</strong></span> <span class='ocrx_word' id='word_1_41' title='bbox 1127 661 1184 706; x_wconf 92' lang='lat' dir='ltr'><strong>ut</strong></span> <span class='ocrx_word' id='word_1_42' title='bbox 1231 651 1323 718; x_wconf 87' lang='lat' dir='ltr'><strong>qui</strong></span> <span class='ocrx_word' id='word_1_43' title='bbox 1349 650 1629 718; x_wconf 79' lang='lat' dir='ltr'><strong>inexperto</strong></span> <span class='ocrx_word' id='word_1_44' title='bbox 1653 647 1918 701; x_wconf 80' lang='lat' dir='ltr'><strong>honorem</strong></span> <span class='ocrx_word' id='word_1_45' title='bbox 1953 640 2102 697; x_wconf 86' lang='lat' dir='ltr'><strong>dedi—</strong></span> 
     </span>
    </p>
   </div>
   <div class='ocr_carea' id='block_1_8' title="bbox 533 736 1827 812">
    <p class='ocr_par' dir='ltr' id='par_1_8' title="bbox 533 736 1827 812">
     <span class='ocr_line' id='line_1_8' title="bbox 533 736 1827 812; baseline -0.009 -13"><span class='ocrx_word' id='word_1_46' title='bbox 533 763 667 811; x_wconf 85' lang='lat' dir='ltr'><strong>mus,</strong></span> <span class='ocrx_word' id='word_1_47' title='bbox 700 744 924 799; x_wconf 84' lang='lat' dir='ltr'><strong>meliora</strong></span> <span class='ocrx_word' id='word_1_48' title='bbox 950 743 1043 797; x_wconf 87' lang='lat' dir='ltr'><strong>tibi</strong></span> <span class='ocrx_word' id='word_1_49' title='bbox 1066 740 1442 812; x_wconf 91' lang='lat' dir='ltr'><strong>probatissimo</strong></span> <span class='ocrx_word' id='word_1_50' title='bbox 1471 736 1827 794; x_wconf 83' lang='lat' dir='ltr'><strong>conferamus.</strong></span> 
     </span>
    </p>
   </div>
   <div class='ocr_carea' id='block_1_9' title="bbox 1089 869 1534 928">
    <p class='ocr_par' dir='ltr' id='par_1_9' title="bbox 1089 869 1534 928">
     <span class='ocr_line' id='line_1_9' title="bbox 1089 869 1534 928; baseline -0.007 -2"><span class='ocrx_word' id='word_1_51' title='bbox 1089 871 1416 928; x_wconf 79' lang='lat' dir='ltr'><strong>EPISTOLA</strong></span> <span class='ocrx_word' id='word_1_52' title='bbox 1443 869 1534 924; x_wconf 77' lang='lat' dir='ltr'><strong>iV.</strong></span> 
     </span>
    </p>
   </div>
   <div class='ocr_carea' id='block_1_10' title="bbox 739 973 1866 1022">
    <p class='ocr_par' dir='ltr' id='par_1_10' title="bbox 739 973 1866 1022">
     <span class='ocr_line' id='line_1_10' title="bbox 739 973 1866 1022; baseline -0.009 -1"><span class='ocrx_word' id='word_1_53' title='bbox 739 983 964 1022; x_wconf 73' lang='lat' dir='ltr'><strong>SENATUI</strong></span> <span class='ocrx_word' id='word_1_54' title='bbox 993 981 1138 1020; x_wconf 70' lang='lat' dir='ltr'><strong>URBIS</strong></span> <span class='ocrx_word' id='word_1_55' title='bbox 1167 980 1322 1019; x_wconf 69' lang='grc' dir='ltr'><strong>ῐιοεΜῑ</strong></span> <span class='ocrx_word' id='word_1_56' title='bbox 1354 975 1714 1016; x_wconf 72' lang='grc' dir='ltr'><strong>τιιεουοιιιουε</strong></span> <span class='ocrx_word' id='word_1_57' title='bbox 1740 973 1866 1012; x_wconf 69' lang='lat' dir='ltr'><strong>REX.</strong></span> 
     </span>
    </p>
   </div>
   <div class='ocr_carea' id='block_1_11' title="bbox 538 1066 2104 1146">
    <p class='ocr_par' dir='ltr' id='par_1_11' title="bbox 538 1066 2104 1146">
     <span class='ocr_line' id='line_1_11' title="bbox 538 1066 2104 1146; baseline -0.01 -14"><span class='ocrx_word' id='word_1_58' title='bbox 538 1077 780 1132; x_wconf 79' lang='lat' dir='ltr'><strong>Declarat</strong></span> <span class='ocrx_word' id='word_1_59' title='bbox 807 1094 862 1130; x_wconf 79' lang='lat' dir='ltr'><strong>se</strong></span> <span class='ocrx_word' id='word_1_60' title='bbox 882 1077 1093 1146; x_wconf 79' lang='lat' dir='ltr'><strong>elegisse</strong></span> <span class='ocrx_word' id='word_1_61' title='bbox 1119 1077 1170 1128; x_wconf 87' lang='lat' dir='ltr'><strong>in</strong></span> <span class='ocrx_word' id='word_1_62' title='bbox 1201 1081 1502 1142; x_wconf 75' lang='lat' dir='ltr'><strong>qnmstorem</strong></span> <span class='ocrx_word' id='word_1_63' title='bbox 1531 1067 1859 1146; x_wconf 68' lang='lat' dir='ltr'><strong>Honoratum</strong></span> <span class='ocrx_word' id='word_1_64' title='bbox 1889 1066 2104 1135; x_wconf 77' lang='lat' dir='ltr'><strong>fratrem</strong></span> 
     </span>
    </p>
   </div>
   <div class='ocr_carea' id='block_1_12' title="bbox 609 1137 2106 1215">
    <p class='ocr_par' dir='ltr' id='par_1_12' title="bbox 609 1137 2106 1215">
     <span class='ocr_line' id='line_1_12' title="bbox 609 1137 2106 1215; baseline -0.01 -14"><span class='ocrx_word' id='word_1_65' title='bbox 609 1148 846 1201; x_wconf 66' lang='lat' dir='ltr'><strong>Decortiti</strong></span> <span class='ocrx_word' id='word_1_66' title='bbox 865 1163 881 1199; x_wconf 93' lang='lat'><strong><em>:</em></strong></span> <span class='ocrx_word' id='word_1_67' title='bbox 897 1137 980 1215; x_wconf 68' lang='lat' dir='ltr'><strong>qui</strong></span> <span class='ocrx_word' id='word_1_68' title='bbox 1011 1145 1176 1206; x_wconf 83' lang='lat' dir='ltr'><strong>umbo,</strong></span> <span class='ocrx_word' id='word_1_69' title='bbox 1197 1137 1460 1215; x_wconf 65' lang='lat' dir='ltr'><strong>postquam</strong></span> <span class='ocrx_word' id='word_1_70' title='bbox 1484 1139 1736 1208; x_wconf 62' lang='lat' dir='ltr'><strong>praetura</strong></span> <span class='ocrx_word' id='word_1_71' title='bbox 1764 1137 1827 1215; x_wconf 64' lang='lat' dir='ltr'><strong>de</strong></span> <span class='ocrx_word' id='word_1_72' title='bbox 1845 1144 2106 1215; x_wconf 64' lang='lat' dir='ltr'><strong>quastura</strong></span> 
     </span>
    </p>
   </div>
   <div class='ocr_carea' id='block_1_13' title="bbox 607 1202 2106 1279">
    <p class='ocr_par' dir='ltr' id='par_1_13' title="bbox 607 1202 2106 1279">
     <span class='ocr_line' id='line_1_13' title="bbox 607 1202 2106 1279; baseline -0.011 -8"><span class='ocrx_word' id='word_1_73' title='bbox 607 1219 761 1279; x_wconf 75' lang='lat' dir='ltr'><strong>dixit,</strong></span> <span class='ocrx_word' id='word_1_74' title='bbox 793 1202 1070 1270; x_wconf 65' lang='lat' dir='ltr'><strong>laudimtur</strong></span> <span class='ocrx_word' id='word_1_75' title='bbox 1088 1232 1102 1274; x_wconf 83' lang='lat'><em>;</em></span> <span class='ocrx_word' id='word_1_76' title='bbox 1133 1202 1182 1266; x_wconf 82' lang='lat' dir='ltr'><strong>et</strong></span> <span class='ocrx_word' id='word_1_77' title='bbox 1197 1202 1263 1264; x_wconf 78' lang='grc' dir='ltr'><strong><em>ἰιι</em></strong></span> <span class='ocrx_word' id='word_1_78' title='bbox 1294 1202 1620 1264; x_wconf 70' lang='lat' dir='ltr'><strong>Honoratum</strong></span> <span class='ocrx_word' id='word_1_79' title='bbox 1647 1207 1797 1260; x_wconf 64' lang='lat' dir='ltr'><strong>actui</strong></span> <span class='ocrx_word' id='word_1_80' title='bbox 1839 1202 2106 1258; x_wconf 73' lang='lat' dir='ltr'><strong>ascribunt</strong></span> 
     </span>
    </p>
   </div>
   <div class='ocr_carea' id='block_1_14' title="bbox 609 1286 879 1356">
    <p class='ocr_par' dir='ltr' id='par_1_14' title="bbox 609 1286 879 1356">
     <span class='ocr_line' id='line_1_14' title="bbox 609 1286 879 1356; baseline -0.004 -18"><span class='ocrx_word' id='word_1_81' title='bbox 609 1304 702 1339; x_wconf 78' lang='lat' dir='ltr'><strong>suo</strong></span> <span class='ocrx_word' id='word_1_82' title='bbox 737 1286 879 1356; x_wconf 81' lang='lat' dir='ltr'><strong>petit.</strong></span> 
     </span>
    </p>
   </div>
   <div class='ocr_carea' id='block_1_15' title="bbox 612 1363 2114 1438">
    <p class='ocr_par' dir='ltr' id='par_1_15' title="bbox 612 1363 2114 1438">
     <span class='ocr_line' id='line_1_15' title="bbox 612 1363 2114 1438; baseline -0.011 -6"><span class='ocrx_word' id='word_1_83' title='bbox 612 1377 826 1432; x_wconf 85' lang='lat' dir='ltr'><strong>Certum</strong></span> <span class='ocrx_word' id='word_1_84' title='bbox 845 1383 946 1438; x_wconf 89' lang='lat' dir='ltr'><strong>est,</strong></span> <span class='ocrx_word' id='word_1_85' title='bbox 972 1372 1160 1428; x_wconf 89' lang='lat' dir='ltr'><strong>Patres</strong></span> <span class='ocrx_word' id='word_1_86' title='bbox 1173 1367 1495 1438; x_wconf 87' lang='lat' dir='ltr'><strong>Conscripti,</strong></span> <span class='ocrx_word' id='word_1_87' title='bbox 1521 1365 1865 1437; x_wconf 86' lang='lat' dir='ltr'><strong>prudentibus</strong></span> <span class='ocrx_word' id='word_1_88' title='bbox 1877 1363 2006 1418; x_wconf 89' lang='lat' dir='ltr'><strong>viris</strong></span> <span class='ocrx_word' id='word_1_89' title='bbox 2023 1376 2114 1416; x_wconf 84' lang='lat' dir='ltr'><strong>vc—</strong></span> 
     </span>
    </p>
   </div>
   <div class='ocr_carea' id='block_1_16' title="bbox 540 1452 2112 1526">
    <p class='ocr_par' dir='ltr' id='par_1_16' title="bbox 540 1452 2112 1526">
     <span class='ocr_line' id='line_1_16' title="bbox 540 1452 2112 1526; baseline -0.013 -2"><span class='ocrx_word' id='word_1_90' title='bbox 540 1477 708 1524; x_wconf 89' lang='lat' dir='ltr'><strong>strum</strong></span> <span class='ocrx_word' id='word_1_91' title='bbox 729 1467 920 1520; x_wconf 85' lang='lat' dir='ltr'><strong>florere</strong></span> <span class='ocrx_word' id='word_1_92' title='bbox 930 1464 1238 1526; x_wconf 87' lang='lat' dir='ltr'><strong>consilium;</strong></span> <span class='ocrx_word' id='word_1_93' title='bbox 1262 1459 1354 1514; x_wconf 90' lang='lat' dir='ltr'><strong>sed</strong></span> <span class='ocrx_word' id='word_1_94' title='bbox 1371 1457 1541 1513; x_wconf 84' lang='lat' dir='ltr'><strong>ethoc</strong></span> <span class='ocrx_word' id='word_1_95' title='bbox 1559 1452 2112 1526; x_wconf 86' lang='lat' dir='ltr'><strong>probaturegregium,</strong></span> 
     </span>
    </p>
   </div>
   <div class='ocr_carea' id='block_1_17' title="bbox 541 1540 2118 1625">
    <p class='ocr_par' dir='ltr' id='par_1_17' title="bbox 541 1540 2118 1625">
     <span class='ocr_line' id='line_1_17' title="bbox 541 1540 2118 1625; baseline -0.011 -15"><span class='ocrx_word' id='word_1_96' title='bbox 541 1556 682 1625; x_wconf 90' lang='lat' dir='ltr'><strong>quod</strong></span> <span class='ocrx_word' id='word_1_97' title='bbox 728 1555 880 1609; x_wconf 87' lang='lat' dir='ltr'><strong>vobis</strong></span> <span class='ocrx_word' id='word_1_98' title='bbox 919 1552 1268 1622; x_wconf 86' lang='lat' dir='ltr'><strong>permiscetur</strong></span> <span class='ocrx_word' id='word_1_99' title='bbox 1305 1549 1535 1615; x_wconf 78' lang='lat' dir='ltr'><strong>dignitas</strong></span> <span class='ocrx_word' id='word_1_100' title='bbox 1563 1546 1880 1620; x_wconf 79' lang='lat' dir='ltr'><strong>litterarum.</strong></span> <span class='ocrx_word' id='word_1_101' title='bbox 1919 1540 2118 1596; x_wconf 91' lang='lat' dir='ltr'><strong>Omnes</strong></span> 
     </span>
    </p>
   </div>
   <div class='ocr_carea' id='block_1_18' title="bbox 541 1629 2114 1714">
    <p class='ocr_par' dir='ltr' id='par_1_18' title="bbox 541 1629 2114 1714">
     <span class='ocr_line' id='line_1_18' title="bbox 541 1629 2114 1714; baseline -0.011 -13"><span class='ocrx_word' id='word_1_102' title='bbox 541 1647 679 1701; x_wconf 87' lang='lat' dir='ltr'><strong>enim</strong></span> <span class='ocrx_word' id='word_1_103' title='bbox 709 1660 844 1714; x_wconf 91' lang='lat' dir='ltr'><strong>quos</strong></span> <span class='ocrx_word' id='word_1_104' title='bbox 873 1643 937 1698; x_wconf 90' lang='lat' dir='ltr'><strong>ad</strong></span> <span class='ocrx_word' id='word_1_105' title='bbox 963 1649 1245 1714; x_wconf 65' lang='lat' dir='ltr'><strong>quaestum</strong></span> <span class='ocrx_word' id='word_1_106' title='bbox 1270 1639 1478 1694; x_wconf 86' lang='lat' dir='ltr'><strong>culmen</strong></span> <span class='ocrx_word' id='word_1_107' title='bbox 1505 1635 1778 1690; x_wconf 83' lang='lat' dir='ltr'><strong>evehimus</strong></span> <span class='ocrx_word' id='word_1_108' title='bbox 1799 1642 1846 1698; x_wconf 79' lang='grc'><strong>⁸,</strong></span> <span class='ocrx_word' id='word_1_109' title='bbox 1869 1629 2114 1686; x_wconf 85' lang='lat' dir='ltr'><strong>doctissi-</strong></span> 
     </span>
    </p>
   </div>
   <div class='ocr_carea' id='block_1_19' title="bbox 2199 437 3791 523">
    <p class='ocr_par' dir='ltr' id='par_1_19' title="bbox 2199 437 3791 523">
     <span class='ocr_line' id='line_1_19' title="bbox 2199 437 3791 523; baseline -0.014 -10"><span class='ocrx_word' id='word_1_110' title='bbox 2199 456 2318 523; x_wconf 90' lang='lat' dir='ltr'><strong>fuit,</strong></span> <span class='ocrx_word' id='word_1_111' title='bbox 2355 457 2458 511; x_wconf 86' lang='lat' dir='ltr'><strong>hoc</strong></span> <span class='ocrx_word' id='word_1_112' title='bbox 2488 462 2545 509; x_wconf 90' lang='lat' dir='ltr'><strong>et</strong></span> <span class='ocrx_word' id='word_1_113' title='bbox 2569 459 2694 508; x_wconf 89' lang='lat' dir='ltr'><strong>ante</strong></span> <span class='ocrx_word' id='word_1_114' title='bbox 2722 457 2906 504; x_wconf 90' lang='lat' dir='ltr'><strong>nostra</strong></span> <span class='ocrx_word' id='word_1_115' title='bbox 2929 446 3130 516; x_wconf 75' lang='lat' dir='ltr'><strong>judicia</strong></span> <span class='ocrx_word' id='word_1_116' title='bbox 3177 459 3276 500; x_wconf 83' lang='lat' dir='ltr'><strong>vos</strong></span> <span class='ocrx_word' id='word_1_117' title='bbox 3301 441 3600 514; x_wconf 82' lang='lat' dir='ltr'><strong>probastis.</strong></span> <span class='ocrx_word' id='word_1_118' title='bbox 3661 437 3791 505; x_wconf 84' lang='lat' dir='ltr'><strong>Quis</strong></span> 
     </span>
    </p>
   </div>
   <div class='ocr_carea' id='block_1_20' title="bbox 2201 530 3788 615">
    <p class='ocr_par' dir='ltr' id='par_1_20' title="bbox 2201 530 3788 615">
     <span class='ocr_line' id='line_1_20' title="bbox 2201 530 3788 615; baseline -0.014 -11"><span class='ocrx_word' id='word_1_119' title='bbox 2201 549 2342 604; x_wconf 88' lang='lat' dir='ltr'><strong>enim</strong></span> <span class='ocrx_word' id='word_1_120' title='bbox 2363 556 2608 615; x_wconf 87' lang='lat' dir='ltr'><strong>tempore</strong></span> <span class='ocrx_word' id='word_1_121' title='bbox 2649 559 2748 598; x_wconf 87' lang='lat' dir='ltr'><strong>suo</strong></span> <span class='ocrx_word' id='word_1_122' title='bbox 2797 553 2921 595; x_wconf 86' lang='lat' dir='ltr'><strong>eum</strong></span> <span class='ocrx_word' id='word_1_123' title='bbox 2948 538 3101 608; x_wconf 87' lang='lat' dir='ltr'><strong>quasi</strong></span> <span class='ocrx_word' id='word_1_124' title='bbox 3145 537 3572 605; x_wconf 73' lang='lat' dir='ltr'><strong>gubernatorem</strong></span> <span class='ocrx_word' id='word_1_125' title='bbox 3617 530 3788 586; x_wconf 88' lang='lat' dir='ltr'><strong>litium</strong></span> 
     </span>
    </p>
   </div>
   <div class='ocr_carea' id='block_1_21' title="bbox 2201 619 3792 708">
    <p class='ocr_par' dir='ltr' id='par_1_21' title="bbox 2201 619 3792 708">
     <span class='ocr_line' id='line_1_21' title="bbox 2201 619 3792 708; baseline -0.013 -14"><span class='ocrx_word' id='word_1_126' title='bbox 2201 639 2451 708; x_wconf 89' lang='lat' dir='ltr'><strong>ignorare</strong></span> <span class='ocrx_word' id='word_1_127' title='bbox 2506 634 2700 705; x_wconf 87' lang='lat' dir='ltr'><strong>potuit,</strong></span> <span class='ocrx_word' id='word_1_128' title='bbox 2747 630 2838 699; x_wconf 92' lang='lat' dir='ltr'><strong>qui</strong></span> <span class='ocrx_word' id='word_1_129' title='bbox 2889 641 3176 684; x_wconf 88' lang='lat' dir='ltr'><strong>causarum</strong></span> <span class='ocrx_word' id='word_1_130' title='bbox 3229 622 3490 694; x_wconf 89' lang='lat' dir='ltr'><strong>scopulos</strong></span> <span class='ocrx_word' id='word_1_131' title='bbox 3557 619 3792 674; x_wconf 83' lang='lat' dir='ltr'><strong>transire</strong></span> 
     </span>
    </p>
   </div>
   <div class='ocr_carea' id='block_1_22' title="bbox 2205 709 3795 792">
    <p class='ocr_par' dir='ltr' id='par_1_22' title="bbox 2205 709 3795 792">
     <span class='ocr_line' id='line_1_22' title="bbox 2205 709 3795 792; baseline -0.012 -10"><span class='ocrx_word' id='word_1_132' title='bbox 2205 725 2518 783; x_wconf 85' lang='lat' dir='ltr'><strong>contendit?</strong></span> <span class='ocrx_word' id='word_1_133' title='bbox 2547 723 2778 792; x_wconf 79' lang='lat' dir='ltr'><strong>Legibus</strong></span> <span class='ocrx_word' id='word_1_134' title='bbox 2797 717 3040 790; x_wconf 81' lang='lat' dir='ltr'><strong>profectu</strong></span> <span class='ocrx_word' id='word_1_135' title='bbox 3070 717 3247 770; x_wconf 90' lang='lat' dir='ltr'><strong>minus</strong></span> <span class='ocrx_word' id='word_1_136' title='bbox 3285 713 3533 782; x_wconf 88' lang='lat' dir='ltr'><strong>indiguit,</strong></span> <span class='ocrx_word' id='word_1_137' title='bbox 3557 709 3653 782; x_wconf 88' lang='lat' dir='ltr'><strong>qui</strong></span> <span class='ocrx_word' id='word_1_138' title='bbox 3679 709 3795 778; x_wconf 83' lang='lat' dir='ltr'><strong>ejus</strong></span> 
     </span>
    </p>
   </div>
   <div class='ocr_carea' id='block_1_23' title="bbox 2205 803 3792 884">
    <p class='ocr_par' dir='ltr' id='par_1_23' title="bbox 2205 803 3792 884">
     <span class='ocr_line' id='line_1_23' title="bbox 2205 803 3792 884; baseline -0.012 -12"><span class='ocrx_word' id='word_1_139' title='bbox 2205 817 2402 874; x_wconf 88' lang='lat' dir='ltr'><strong>solatia</strong></span> <span class='ocrx_word' id='word_1_140' title='bbox 2421 830 2528 870; x_wconf 93' lang='lat' dir='ltr'><strong>non</strong></span> <span class='ocrx_word' id='word_1_141' title='bbox 2555 811 2816 884; x_wconf 63' lang='lat' dir='ltr'><strong>quaesivit.</strong></span> <span class='ocrx_word' id='word_1_142' title='bbox 2837 808 2953 863; x_wconf 84' lang='lat' dir='ltr'><strong>Jam</strong></span> <span class='ocrx_word' id='word_1_143' title='bbox 2986 823 3092 862; x_wconf 90' lang='lat' dir='ltr'><strong>non</strong></span> <span class='ocrx_word' id='word_1_144' title='bbox 3107 807 3174 861; x_wconf 90' lang='lat' dir='ltr'><strong>de</strong></span> <span class='ocrx_word' id='word_1_145' title='bbox 3195 814 3370 860; x_wconf 91' lang='lat' dir='ltr'><strong>morte</strong></span> <span class='ocrx_word' id='word_1_146' title='bbox 3385 803 3644 858; x_wconf 84' lang='lat' dir='ltr'><strong>festinata</strong></span> <span class='ocrx_word' id='word_1_147' title='bbox 3665 815 3792 855; x_wconf 68' lang='lat' dir='ltr'><strong>cono</strong></span> 
     </span>
    </p>
   </div>
   <div class='ocr_carea' id='block_1_24' title="bbox 2219 895 3799 977">
    <p class='ocr_par' dir='ltr' id='par_1_24' title="bbox 2219 895 3799 977">
     <span class='ocr_line' id='line_1_24' title="bbox 2219 895 3799 977; baseline -0.009 -17"><span class='ocrx_word' id='word_1_148' title='bbox 2219 907 2508 977; x_wconf 79' lang='lat' dir='ltr'><strong>querimur,</strong></span> <span class='ocrx_word' id='word_1_149' title='bbox 2531 921 2599 960; x_wconf 80' lang='lat' dir='ltr'><strong>ex</strong></span> <span class='ocrx_word' id='word_1_150' title='bbox 2625 903 2782 972; x_wconf 84' lang='lat' dir='ltr'><strong>hujus</strong></span> <span class='ocrx_word' id='word_1_151' title='bbox 2810 899 3034 955; x_wconf 89' lang='lat' dir='ltr'><strong>fecunda</strong></span> <span class='ocrx_word' id='word_1_152' title='bbox 3063 897 3342 970; x_wconf 89' lang='lat' dir='ltr'><strong>pullulavit</strong></span> <span class='ocrx_word' id='word_1_153' title='bbox 3387 895 3561 966; x_wconf 87' lang='lat' dir='ltr'><strong>stirpe</strong></span> <span class='ocrx_word' id='word_1_154' title='bbox 3580 907 3799 964; x_wconf 80' lang='lat' dir='ltr'><strong>germa-</strong></span> 
     </span>
    </p>
   </div>
   <div class='ocr_carea' id='block_1_25' title="bbox 2206 983 3796 1064">
    <p class='ocr_par' dir='ltr' id='par_1_25' title="bbox 2206 983 3796 1064">
     <span class='ocr_line' id='line_1_25' title="bbox 2206 983 3796 1064; baseline -0.011 -12"><span class='ocrx_word' id='word_1_155' title='bbox 2206 1011 2324 1052; x_wconf 88' lang='lat' dir='ltr'><strong>nus.</strong></span> <span class='ocrx_word' id='word_1_156' title='bbox 2357 997 2486 1050; x_wconf 81' lang='lat' dir='ltr'><strong>Nam</strong></span> <span class='ocrx_word' id='word_1_157' title='bbox 2515 993 2605 1064; x_wconf 90' lang='lat' dir='ltr'><strong>qui</strong></span> <span class='ocrx_word' id='word_1_158' title='bbox 2651 993 2798 1063; x_wconf 90' lang='lat' dir='ltr'><strong>prius</strong></span> <span class='ocrx_word' id='word_1_159' title='bbox 2825 989 3004 1044; x_wconf 78' lang='lat' dir='ltr'><strong>fratris</strong></span> <span class='ocrx_word' id='word_1_160' title='bbox 3030 988 3219 1042; x_wconf 91' lang='lat' dir='ltr'><strong>umbra</strong></span> <span class='ocrx_word' id='word_1_161' title='bbox 3247 985 3554 1055; x_wconf 74' lang='lat' dir='ltr'><strong>tegebatur,</strong></span> <span class='ocrx_word' id='word_1_162' title='bbox 3580 983 3677 1036; x_wconf 88' lang='lat' dir='ltr'><strong>illo</strong></span> <span class='ocrx_word' id='word_1_163' title='bbox 3699 997 3796 1036; x_wconf 85' lang='lat' dir='ltr'><strong>na-</strong></span> 
     </span>
    </p>
   </div>
   <div class='ocr_carea' id='block_1_26' title="bbox 2209 1072 3800 1152">
    <p class='ocr_par' dir='ltr' id='par_1_26' title="bbox 2209 1072 3800 1152">
     <span class='ocr_line' id='line_1_26' title="bbox 2209 1072 3800 1152; baseline -0.009 -11"><span class='ocrx_word' id='word_1_164' title='bbox 2209 1095 2340 1140; x_wconf 58' lang='lat' dir='ltr'><strong>tura;</strong></span> <span class='ocrx_word' id='word_1_165' title='bbox 2365 1086 2480 1152; x_wconf 62' lang='lat' dir='ltr'><strong>lege</strong></span> <span class='ocrx_word' id='word_1_166' title='bbox 2503 1083 2780 1147; x_wconf 88' lang='lat' dir='ltr'><strong>subducto,</strong></span> <span class='ocrx_word' id='word_1_167' title='bbox 2811 1081 2966 1136; x_wconf 66' lang='lat' dir='ltr'><strong>famae</strong></span> <span class='ocrx_word' id='word_1_168' title='bbox 2987 1093 3099 1135; x_wconf 65' lang='lat' dir='ltr'><strong>sua</strong></span> <span class='ocrx_word' id='word_1_169' title='bbox 3137 1091 3320 1132; x_wconf 88' lang='lat' dir='ltr'><strong>comas</strong></span> <span class='ocrx_word' id='word_1_170' title='bbox 3343 1091 3441 1146; x_wconf 86' lang='lat' dir='ltr'><strong>per</strong></span> <span class='ocrx_word' id='word_1_171' title='bbox 3469 1082 3662 1144; x_wconf 86' lang='lat' dir='ltr'><strong>aperta</strong></span> <span class='ocrx_word' id='word_1_172' title='bbox 3691 1072 3800 1127; x_wconf 87' lang='lat' dir='ltr'><strong>dis-</strong></span> 
     </span>
    </p>
   </div>
   <div class='ocr_carea' id='block_1_27' title="bbox 2214 1164 3797 1243">
    <p class='ocr_par' dir='ltr' id='par_1_27' title="bbox 2214 1164 3797 1243">
     <span class='ocr_line' id='line_1_27' title="bbox 2214 1164 3797 1243; baseline -0.01 -9"><span class='ocrx_word' id='word_1_173' title='bbox 2214 1179 2404 1234; x_wconf 86' lang='lat' dir='ltr'><strong>tendit.</strong></span> <span class='ocrx_word' id='word_1_174' title='bbox 2437 1177 2583 1231; x_wconf 89' lang='lat' dir='ltr'><strong>Bona</strong></span> <span class='ocrx_word' id='word_1_175' title='bbox 2609 1175 2868 1243; x_wconf 83' lang='lat' dir='ltr'><strong>siquidem</strong></span> <span class='ocrx_word' id='word_1_176' title='bbox 2889 1171 3146 1242; x_wconf 76' lang='lat' dir='ltr'><strong>germinis</strong></span> <span class='ocrx_word' id='word_1_177' title='bbox 3162 1169 3308 1238; x_wconf 87' lang='lat' dir='ltr'><strong>juste</strong></span> <span class='ocrx_word' id='word_1_178' title='bbox 3334 1182 3551 1238; x_wconf 68' lang='lat' dir='ltr'><strong>praecox</strong></span> <span class='ocrx_word' id='word_1_179' title='bbox 3604 1164 3797 1238; x_wconf 69' lang='lat' dir='ltr'><strong>[Form</strong></span> 
     </span>
    </p>
   </div>
   <div class='ocr_carea' id='block_1_28' title="bbox 2213 1254 3799 1335">
    <p class='ocr_par' dir='ltr' id='par_1_28' title="bbox 2213 1254 3799 1335">
     <span class='ocr_line' id='line_1_28' title="bbox 2213 1254 3799 1335; baseline -0.009 -12"><span class='ocrx_word' id='word_1_180' title='bbox 2213 1279 2261 1324; x_wconf 85' lang='lat' dir='ltr'><strong>et</strong></span> <span class='ocrx_word' id='word_1_181' title='bbox 2285 1267 2404 1323; x_wconf 89' lang='lat' dir='ltr'><strong>Cor.</strong></span> <span class='ocrx_word' id='word_1_182' title='bbox 2434 1266 2609 1331; x_wconf 82' lang='lat' dir='ltr'><strong>Gam.,</strong></span> <span class='ocrx_word' id='word_1_183' title='bbox 2637 1259 3024 1335; x_wconf 67' lang='lat' dir='ltr'><strong>prmdecessor]</strong></span> <span class='ocrx_word' id='word_1_184' title='bbox 3043 1264 3156 1333; x_wconf 70' lang='lat' dir='ltr'><strong>so</strong></span> <span class='ocrx_word' id='word_1_185' title='bbox 3179 1259 3378 1324; x_wconf 88' lang='lat' dir='ltr'><strong>intulit,</strong></span> <span class='ocrx_word' id='word_1_186' title='bbox 3400 1259 3495 1328; x_wconf 91' lang='lat' dir='ltr'><strong>qui</strong></span> <span class='ocrx_word' id='word_1_187' title='bbox 3536 1254 3799 1312; x_wconf 86' lang='lat' dir='ltr'><strong>nascendi</strong></span> 
     </span>
    </p>
   </div>
   <div class='ocr_carea' id='block_1_29' title="bbox 2215 1345 3802 1428">
    <p class='ocr_par' dir='ltr' id='par_1_29' title="bbox 2215 1345 3802 1428">
     <span class='ocr_line' id='line_1_29' title="bbox 2215 1345 3802 1428; baseline -0.011 -13"><span class='ocrx_word' id='word_1_188' title='bbox 2215 1360 2403 1416; x_wconf 88' lang='lat' dir='ltr'><strong>ordine</strong></span> <span class='ocrx_word' id='word_1_189' title='bbox 2432 1359 2634 1428; x_wconf 88' lang='lat' dir='ltr'><strong>primus</strong></span> <span class='ocrx_word' id='word_1_190' title='bbox 2659 1356 2860 1410; x_wconf 85' lang='lat' dir='ltr'><strong>evaluit</strong></span> <span class='ocrx_word' id='word_1_191' title='bbox 2890 1366 2912 1395; x_wconf 77' lang='grc' dir='ltr'><em>ε</em></span> <span class='ocrx_word' id='word_1_192' title='bbox 2941 1371 2954 1407; x_wconf 88' lang='grc'><strong>;</strong></span> <span class='ocrx_word' id='word_1_193' title='bbox 2979 1353 3073 1408; x_wconf 89' lang='lat' dir='ltr'><strong>sed</strong></span> <span class='ocrx_word' id='word_1_194' title='bbox 3102 1352 3275 1406; x_wconf 80' lang='lat' dir='ltr'><strong>fetura</strong></span> <span class='ocrx_word' id='word_1_195' title='bbox 3299 1349 3499 1404; x_wconf 90' lang='lat' dir='ltr'><strong>nobilis</strong></span> <span class='ocrx_word' id='word_1_196' title='bbox 3543 1345 3802 1406; x_wconf 87' lang='lat' dir='ltr'><strong>fructum,</strong></span> 
     </span>
    </p>
   </div>
   <div class='ocr_carea' id='block_1_30' title="bbox 2215 1435 3806 1520">
    <p class='ocr_par' dir='ltr' id='par_1_30' title="bbox 2215 1435 3806 1520">
     <span class='ocr_line' id='line_1_30' title="bbox 2215 1435 3806 1520; baseline -0.011 -16"><span class='ocrx_word' id='word_1_197' title='bbox 2215 1465 2376 1520; x_wconf 87' lang='lat' dir='ltr'><strong>quem</strong></span> <span class='ocrx_word' id='word_1_198' title='bbox 2405 1449 2458 1502; x_wconf 92' lang='lat' dir='ltr'><strong>in</strong></span> <span class='ocrx_word' id='word_1_199' title='bbox 2479 1447 2766 1502; x_wconf 85' lang='lat' dir='ltr'><strong>decessore</strong></span> <span class='ocrx_word' id='word_1_200' title='bbox 2793 1443 3043 1514; x_wconf 88' lang='lat' dir='ltr'><strong>perdidit,</strong></span> <span class='ocrx_word' id='word_1_201' title='bbox 3076 1443 3128 1495; x_wconf 91' lang='lat' dir='ltr'><strong>in</strong></span> <span class='ocrx_word' id='word_1_202' title='bbox 3173 1453 3491 1494; x_wconf 86' lang='lat' dir='ltr'><strong>successore</strong></span> <span class='ocrx_word' id='word_1_203' title='bbox 3538 1435 3806 1491; x_wconf 85' lang='lat' dir='ltr'><strong>servavit.</strong></span> 
     </span>
    </p>
   </div>
   <div class='ocr_carea' id='block_1_31' title="bbox 2215 1525 3812 1596">
    <p class='ocr_par' dir='ltr' id='par_1_31' title="bbox 2215 1525 3812 1596">
     <span class='ocr_line' id='line_1_31' title="bbox 2215 1525 3812 1596; baseline -0.011 0"><span class='ocrx_word' id='word_1_204' title='bbox 2215 1538 2521 1596; x_wconf 88' lang='lat' dir='ltr'><strong>Concordat</strong></span> <span class='ocrx_word' id='word_1_205' title='bbox 2543 1537 2670 1592; x_wconf 89' lang='lat' dir='ltr'><strong>huic</strong></span> <span class='ocrx_word' id='word_1_206' title='bbox 2695 1533 2910 1589; x_wconf 70' lang='lat' dir='ltr'><strong>familia:</strong></span> <span class='ocrx_word' id='word_1_207' title='bbox 2937 1548 3115 1588; x_wconf 89' lang='lat' dir='ltr'><strong>ramus</strong></span> <span class='ocrx_word' id='word_1_208' title='bbox 3137 1531 3228 1586; x_wconf 91' lang='lat' dir='ltr'><strong>ille</strong></span> <span class='ocrx_word' id='word_1_209' title='bbox 3245 1529 3545 1585; x_wconf 86' lang='lat' dir='ltr'><strong>ditissimus</strong></span> <span class='ocrx_word' id='word_1_210' title='bbox 3565 1527 3662 1596; x_wconf 91' lang='lat' dir='ltr'><strong>qui</strong></span> <span class='ocrx_word' id='word_1_211' title='bbox 3690 1525 3812 1579; x_wconf 82' lang='lat' dir='ltr'><strong>Vir-</strong></span> 
     </span>
    </p>
   </div>
   <div class='ocr_carea' id='block_1_32' title="bbox 2217 1617 3801 1702">
    <p class='ocr_par' dir='ltr' id='par_1_32' title="bbox 2217 1617 3801 1702">
     <span class='ocr_line' id='line_1_32' title="bbox 2217 1617 3801 1702; baseline -0.011 -16"><span class='ocrx_word' id='word_1_212' title='bbox 2217 1633 2417 1702; x_wconf 88' lang='lat' dir='ltr'><strong>giliano</strong></span> <span class='ocrx_word' id='word_1_213' title='bbox 2437 1629 2674 1684; x_wconf 90' lang='lat' dir='ltr'><strong>carmine</strong></span> <span class='ocrx_word' id='word_1_214' title='bbox 2702 1640 2914 1692; x_wconf 88' lang='lat' dir='ltr'><strong>semper</strong></span> <span class='ocrx_word' id='word_1_215' title='bbox 2941 1624 3209 1680; x_wconf 87' lang='lat' dir='ltr'><strong>enascitur</strong></span> <span class='ocrx_word' id='word_1_216' title='bbox 3233 1639 3247 1676; x_wconf 91' lang='lat'><strong>:</strong></span> <span class='ocrx_word' id='word_1_217' title='bbox 3275 1621 3392 1675; x_wconf 84' lang='lat' dir='ltr'><strong>Hoc</strong></span> <span class='ocrx_word' id='word_1_218' title='bbox 3409 1618 3558 1674; x_wconf 89' lang='lat' dir='ltr'><strong>enim</strong></span> <span class='ocrx_word' id='word_1_219' title='bbox 3585 1617 3801 1682; x_wconf 85' lang='lat' dir='ltr'><strong>avulso,</strong></span> 
     </span>
    </p>
   </div>
   <div class='ocr_carea' id='block_1_33' title="bbox 542 1708 3801 1801">
    <p class='ocr_par' dir='ltr' id='par_1_33' title="bbox 542 1708 3801 1801">
     <span class='ocr_line' id='line_1_33' title="bbox 542 1708 3801 1801; baseline -0.009 -12"><span class='ocrx_word' id='word_1_220' title='bbox 542 1751 660 1790; x_wconf 90' lang='lat' dir='ltr'><strong>mos</strong></span> <span class='ocrx_word' id='word_1_221' title='bbox 687 1708 1010 1789; x_wconf 64' lang='lat' dir='ltr'><strong>aestimamus</strong></span> <span class='ocrx_word' id='word_1_222' title='bbox 1035 1750 1048 1784; x_wconf 89' lang='lat'><strong>:</strong></span> <span class='ocrx_word' id='word_1_223' title='bbox 1075 1731 1260 1801; x_wconf 85' lang='lat' dir='ltr'><strong>quales</strong></span> <span class='ocrx_word' id='word_1_224' title='bbox 1282 1730 1454 1797; x_wconf 86' lang='lat' dir='ltr'><strong>legum</strong></span> <span class='ocrx_word' id='word_1_225' title='bbox 1483 1727 1804 1796; x_wconf 88' lang='lat' dir='ltr'><strong>interpretes</strong></span> <span class='ocrx_word' id='word_1_226' title='bbox 1831 1729 1887 1790; x_wconf 61' lang='lat' dir='ltr'><strong>et</strong></span> <span class='ocrx_word' id='word_1_227' title='bbox 1905 1717 2114 1776; x_wconf 90' lang='lat' dir='ltr'><strong>consilii</strong></span> <span class='ocrx_word' id='word_1_228' title='bbox 2145 1736 2192 1794; x_wconf 78' lang='grc' dir='ltr'>Β</span> <span class='ocrx_word' id='word_1_229' title='bbox 2219 1738 2324 1776; x_wconf 83' lang='lat' dir='ltr'><strong>non</strong></span> <span class='ocrx_word' id='word_1_230' title='bbox 2346 1719 2526 1775; x_wconf 89' lang='lat' dir='ltr'><strong>delicit</strong></span> <span class='ocrx_word' id='word_1_231' title='bbox 2547 1717 2685 1772; x_wconf 88' lang='lat' dir='ltr'><strong>alter</strong></span> <span class='ocrx_word' id='word_1_232' title='bbox 2705 1730 2918 1778; x_wconf 88' lang='lat' dir='ltr'><strong>aureus,</strong></span> <span class='ocrx_word' id='word_1_233' title='bbox 2934 1712 3158 1768; x_wconf 89' lang='lat' dir='ltr'><strong>etsimili</strong></span> <span class='ocrx_word' id='word_1_234' title='bbox 3181 1709 3478 1765; x_wconf 86' lang='lat' dir='ltr'><strong>frondescit</strong></span> <span class='ocrx_word' id='word_1_235' title='bbox 3503 1708 3659 1776; x_wconf 88' lang='lat' dir='ltr'><strong>virga</strong></span> <span class='ocrx_word' id='word_1_236' title='bbox 3689 1721 3801 1761; x_wconf 86' lang='lat' dir='ltr'><strong>me-</strong></span> 
     </span>
    </p>
   </div>
   <div class='ocr_carea' id='block_1_34' title="bbox 543 1807 2117 1890">
    <p class='ocr_par' dir='ltr' id='par_1_34' title="bbox 543 1807 2117 1890">
     <span class='ocr_line' id='line_1_34' title="bbox 543 1807 2117 1890; baseline -0.011 -10"><span class='ocrx_word' id='word_1_237' title='bbox 543 1825 709 1880; x_wconf 89' lang='lat' dir='ltr'><strong>nostri</strong></span> <span class='ocrx_word' id='word_1_238' title='bbox 742 1824 896 1879; x_wconf 89' lang='lat' dir='ltr'><strong>decet</strong></span> <span class='ocrx_word' id='word_1_239' title='bbox 923 1835 1043 1878; x_wconf 87' lang='lat' dir='ltr'><strong>esse</strong></span> <span class='ocrx_word' id='word_1_240' title='bbox 1073 1819 1376 1890; x_wconf 86' lang='lat' dir='ltr'><strong>participes.</strong></span> <span class='ocrx_word' id='word_1_241' title='bbox 1407 1813 1642 1883; x_wconf 84' lang='lat' dir='ltr'><strong>Dignitas</strong></span> <span class='ocrx_word' id='word_1_242' title='bbox 1659 1826 1778 1882; x_wconf 69' lang='lat' dir='ltr'><strong>quae</strong></span> <span class='ocrx_word' id='word_1_243' title='bbox 1799 1825 1896 1865; x_wconf 88' lang='lat' dir='ltr'><strong>nec</strong></span> <span class='ocrx_word' id='word_1_244' title='bbox 1921 1807 2117 1862; x_wconf 87' lang='lat' dir='ltr'><strong>divitiis</strong></span> 
     </span>
    </p>
   </div>
   <div class='ocr_carea' id='block_1_35' title="bbox 545 1897 2120 1972">
    <p class='ocr_par' dir='ltr' id='par_1_35' title="bbox 545 1897 2120 1972">
     <span class='ocr_line' id='line_1_35' title="bbox 545 1897 2120 1972; baseline -0.013 -3"><span class='ocrx_word' id='word_1_245' title='bbox 545 1932 644 1970; x_wconf 88' lang='lat' dir='ltr'><strong>nec</strong></span> <span class='ocrx_word' id='word_1_246' title='bbox 671 1913 800 1970; x_wconf 89' lang='lat' dir='ltr'><strong>solis</strong></span> <span class='ocrx_word' id='word_1_247' title='bbox 830 1913 1095 1966; x_wconf 87' lang='lat' dir='ltr'><strong>natalibus</strong></span> <span class='ocrx_word' id='word_1_248' title='bbox 1115 1909 1401 1972; x_wconf 86' lang='lat' dir='ltr'><strong>invenitur,</strong></span> <span class='ocrx_word' id='word_1_249' title='bbox 1419 1905 1512 1960; x_wconf 88' lang='lat' dir='ltr'><strong>sed</strong></span> <span class='ocrx_word' id='word_1_250' title='bbox 1539 1912 1743 1957; x_wconf 88' lang='lat' dir='ltr'><strong>tantum</strong></span> <span class='ocrx_word' id='word_1_251' title='bbox 1772 1915 1890 1956; x_wconf 89' lang='lat' dir='ltr'><strong>eam</strong></span> <span class='ocrx_word' id='word_1_252' title='bbox 1919 1897 2120 1954; x_wconf 87' lang='lat' dir='ltr'><strong>doctri-</strong></span> 
     </span>
    </p>
   </div>
   <div class='ocr_carea' id='block_1_36' title="bbox 545 1986 2118 2070">
    <p class='ocr_par' dir='ltr' id='par_1_36' title="bbox 545 1986 2118 2070">
     <span class='ocr_line' id='line_1_36' title="bbox 545 1986 2118 2070; baseline -0.011 -13"><span class='ocrx_word' id='word_1_253' title='bbox 545 2020 610 2058; x_wconf 84' lang='lat' dir='ltr'><strong>na</strong></span> <span class='ocrx_word' id='word_1_254' title='bbox 641 2019 758 2059; x_wconf 92' lang='lat' dir='ltr'><strong>cum</strong></span> <span class='ocrx_word' id='word_1_255' title='bbox 783 2001 1066 2070; x_wconf 87' lang='lat' dir='ltr'><strong>conjuncta</strong></span> <span class='ocrx_word' id='word_1_256' title='bbox 1095 2005 1270 2069; x_wconf 88' lang='lat' dir='ltr'><strong>potest</strong></span> <span class='ocrx_word' id='word_1_257' title='bbox 1309 1998 1598 2064; x_wconf 87' lang='lat' dir='ltr'><strong>impetrare</strong></span> <span class='ocrx_word' id='word_1_258' title='bbox 1649 1989 1953 2062; x_wconf 88' lang='lat' dir='ltr'><strong>prudentia.</strong></span> <span class='ocrx_word' id='word_1_259' title='bbox 1984 1986 2118 2042; x_wconf 83' lang='lat' dir='ltr'><strong>Nam</strong></span> 
     </span>
    </p>
   </div>
   <div class='ocr_carea' id='block_1_37' title="bbox 545 2076 2122 2149">
    <p class='ocr_par' dir='ltr' id='par_1_37' title="bbox 545 2076 2122 2149">
     <span class='ocr_line' id='line_1_37' title="bbox 545 2076 2122 2149; baseline -0.011 0"><span class='ocrx_word' id='word_1_260' title='bbox 545 2097 669 2149; x_wconf 88' lang='lat' dir='ltr'><strong>licet</strong></span> <span class='ocrx_word' id='word_1_261' title='bbox 716 2095 770 2148; x_wconf 83' lang='lat' dir='ltr'><strong>in</strong></span> <span class='ocrx_word' id='word_1_262' title='bbox 827 2090 1120 2146; x_wconf 88' lang='lat' dir='ltr'><strong>honoribus</strong></span> <span class='ocrx_word' id='word_1_263' title='bbox 1149 2087 1266 2141; x_wconf 89' lang='lat' dir='ltr'><strong>aliis</strong></span> <span class='ocrx_word' id='word_1_264' title='bbox 1295 2083 1550 2140; x_wconf 79' lang='lat' dir='ltr'><strong>beneficia</strong></span> <span class='ocrx_word' id='word_1_265' title='bbox 1596 2080 1954 2146; x_wconf 85' lang='lat' dir='ltr'><strong>conferamus,</strong></span> <span class='ocrx_word' id='word_1_266' title='bbox 1993 2076 2122 2132; x_wconf 89' lang='lat' dir='ltr'><strong>hinc</strong></span> 
     </span>
    </p>
   </div>
   <div class='ocr_carea' id='block_1_38' title="bbox 545 2176 2120 2254">
    <p class='ocr_par' dir='ltr' id='par_1_38' title="bbox 545 2176 2120 2254">
     <span class='ocr_line' id='line_1_38' title="bbox 545 2176 2120 2254; baseline -0.013 -14"><span class='ocrx_word' id='word_1_267' title='bbox 545 2200 755 2254; x_wconf 88' lang='lat' dir='ltr'><strong>semper</strong></span> <span class='ocrx_word' id='word_1_268' title='bbox 782 2181 1097 2251; x_wconf 88' lang='lat' dir='ltr'><strong>accipimus.</strong></span> <span class='ocrx_word' id='word_1_269' title='bbox 1129 2177 1223 2231; x_wconf 88' lang='lat' dir='ltr'><strong>Est</strong></span> <span class='ocrx_word' id='word_1_270' title='bbox 1253 2177 1502 2232; x_wconf 89' lang='lat' dir='ltr'><strong>nimirum</strong></span> <span class='ocrx_word' id='word_1_271' title='bbox 1531 2185 1782 2228; x_wconf 88' lang='lat' dir='ltr'><strong>curarum</strong></span> <span class='ocrx_word' id='word_1_272' title='bbox 1815 2176 2120 2223; x_wconf 87' lang='lat' dir='ltr'><strong>nostrarum</strong></span> 
     </span>
    </p>
   </div>
   <div class='ocr_carea' id='block_1_39' title="bbox 545 2259 2118 2344">
    <p class='ocr_par' dir='ltr' id='par_1_39' title="bbox 545 2259 2118 2344">
     <span class='ocr_line' id='line_1_39' title="bbox 545 2259 2118 2344; baseline -0.013 -13"><span class='ocrx_word' id='word_1_273' title='bbox 545 2277 670 2331; x_wconf 85' lang='lat' dir='ltr'><strong>felix</strong></span> <span class='ocrx_word' id='word_1_274' title='bbox 695 2273 872 2344; x_wconf 84' lang='lat' dir='ltr'><strong>portio</strong></span> <span class='ocrx_word' id='word_1_275' title='bbox 901 2290 914 2324; x_wconf 89' lang='lat'><strong>:</strong></span> <span class='ocrx_word' id='word_1_276' title='bbox 935 2273 1153 2341; x_wconf 85' lang='lat' dir='ltr'><strong>januam</strong></span> <span class='ocrx_word' id='word_1_277' title='bbox 1184 2275 1380 2322; x_wconf 61' lang='lat' dir='ltr'><strong>nostrae</strong></span> <span class='ocrx_word' id='word_1_278' title='bbox 1409 2262 1750 2333; x_wconf 83' lang='lat' dir='ltr'><strong>cogitationis</strong></span> <span class='ocrx_word' id='word_1_279' title='bbox 1792 2259 2118 2328; x_wconf 76' lang='lat' dir='ltr'><strong>ingreditur;</strong></span> 
     </span>
    </p>
   </div>
   <div class='ocr_carea' id='block_1_40' title="bbox 544 2352 2122 2439">
    <p class='ocr_par' dir='ltr' id='par_1_40' title="bbox 544 2352 2122 2439">
     <span class='ocr_line' id='line_1_40' title="bbox 544 2352 2122 2439; baseline -0.011 -15"><span class='ocrx_word' id='word_1_280' title='bbox 544 2380 750 2439; x_wconf 86' lang='lat' dir='ltr'><strong>pectus,</strong></span> <span class='ocrx_word' id='word_1_281' title='bbox 779 2379 887 2435; x_wconf 89' lang='lat' dir='ltr'><strong>quo</strong></span> <span class='ocrx_word' id='word_1_282' title='bbox 916 2363 1192 2434; x_wconf 83' lang='lat' dir='ltr'><strong>generales</strong></span> <span class='ocrx_word' id='word_1_283' title='bbox 1219 2376 1362 2416; x_wconf 63' lang='lat' dir='ltr'><strong>curae</strong></span> <span class='ocrx_word' id='word_1_284' title='bbox 1381 2359 1688 2422; x_wconf 92' lang='lat' dir='ltr'><strong>volvuntur,</strong></span> <span class='ocrx_word' id='word_1_285' title='bbox 1708 2354 1970 2424; x_wconf 86' lang='lat' dir='ltr'><strong>agnoscit.</strong></span> <span class='ocrx_word' id='word_1_286' title='bbox 1997 2352 2122 2408; x_wconf 68' lang='lat' dir='ltr'><strong>1E5-</strong></span> 
     </span>
    </p>
   </div>
   <div class='ocr_carea' id='block_1_41' title="bbox 545 2446 2119 2526">
    <p class='ocr_par' dir='ltr' id='par_1_41' title="bbox 545 2446 2119 2526">
     <span class='ocr_line' id='line_1_41' title="bbox 545 2446 2119 2526; baseline -0.008 -14"><span class='ocrx_word' id='word_1_287' title='bbox 545 2460 729 2512; x_wconf 84' lang='lat' dir='ltr'><strong>timate</strong></span> <span class='ocrx_word' id='word_1_288' title='bbox 757 2455 885 2526; x_wconf 91' lang='lat' dir='ltr'><strong>quid</strong></span> <span class='ocrx_word' id='word_1_289' title='bbox 905 2454 972 2509; x_wconf 88' lang='lat' dir='ltr'><strong>de</strong></span> <span class='ocrx_word' id='word_1_290' title='bbox 999 2453 1091 2507; x_wconf 91' lang='lat' dir='ltr'><strong>illo</strong></span> <span class='ocrx_word' id='word_1_291' title='bbox 1121 2452 1312 2507; x_wconf 86' lang='lat' dir='ltr'><strong>debeat</strong></span> <span class='ocrx_word' id='word_1_292' title='bbox 1334 2449 1588 2520; x_wconf 88' lang='lat' dir='ltr'><strong>judicari,</strong></span> <span class='ocrx_word' id='word_1_293' title='bbox 1636 2448 1726 2516; x_wconf 90' lang='lat' dir='ltr'><strong>qui</strong></span> <span class='ocrx_word' id='word_1_294' title='bbox 1762 2446 1893 2500; x_wconf 91' lang='lat' dir='ltr'><strong>tanti</strong></span> <span class='ocrx_word' id='word_1_295' title='bbox 1949 2446 2119 2516; x_wconf 82' lang='lat' dir='ltr'><strong>parti-</strong></span> 
     </span>
    </p>
   </div>
   <div class='ocr_carea' id='block_1_42' title="bbox 545 2534 2124 2614">
    <p class='ocr_par' dir='ltr' id='par_1_42' title="bbox 545 2534 2124 2614">
     <span class='ocr_line' id='line_1_42' title="bbox 545 2534 2124 2614; baseline -0.009 -12"><span class='ocrx_word' id='word_1_296' title='bbox 545 2563 672 2614; x_wconf 88' lang='lat' dir='ltr'><strong>ceps</strong></span> <span class='ocrx_word' id='word_1_297' title='bbox 699 2546 770 2600; x_wconf 84' lang='lat' dir='ltr'><strong>sit</strong></span> <span class='ocrx_word' id='word_1_298' title='bbox 792 2542 1006 2598; x_wconf 89' lang='lat' dir='ltr'><strong>secreti.</strong></span> <span class='ocrx_word' id='word_1_299' title='bbox 1033 2541 1111 2596; x_wconf 82' lang='lat' dir='ltr'><strong>Ab</strong></span> <span class='ocrx_word' id='word_1_300' title='bbox 1140 2540 1257 2610; x_wconf 90' lang='lat' dir='ltr'><strong>ipso</strong></span> <span class='ocrx_word' id='word_1_301' title='bbox 1286 2540 1460 2608; x_wconf 84' lang='lat' dir='ltr'><strong>legum</strong></span> <span class='ocrx_word' id='word_1_302' title='bbox 1491 2536 1680 2608; x_wconf 89' lang='lat' dir='ltr'><strong>peritia</strong></span> <span class='ocrx_word' id='word_1_303' title='bbox 1708 2535 2029 2604; x_wconf 88' lang='lat' dir='ltr'><strong>postulatur,</strong></span> <span class='ocrx_word' id='word_1_304' title='bbox 2059 2534 2124 2589; x_wconf 84' lang='lat' dir='ltr'><strong>il-</strong></span> 
     </span>
    </p>
   </div>
   <div class='ocr_carea' id='block_1_43' title="bbox 547 2624 2124 2699">
    <p class='ocr_par' dir='ltr' id='par_1_43' title="bbox 547 2624 2124 2699">
     <span class='ocr_line' id='line_1_43' title="bbox 547 2624 2124 2699; baseline -0.005 -11"><span class='ocrx_word' id='word_1_305' title='bbox 547 2635 635 2689; x_wconf 90' lang='lat' dir='ltr'><strong>lnc</strong></span> <span class='ocrx_word' id='word_1_306' title='bbox 663 2643 790 2688; x_wconf 91' lang='lat' dir='ltr'><strong>vota</strong></span> <span class='ocrx_word' id='word_1_307' title='bbox 831 2630 1107 2688; x_wconf 82' lang='lat' dir='ltr'><strong>confluunt</strong></span> <span class='ocrx_word' id='word_1_308' title='bbox 1139 2629 1568 2699; x_wconf 90' lang='lat' dir='ltr'><strong>supplicantium,</strong></span> <span class='ocrx_word' id='word_1_309' title='bbox 1601 2633 1657 2681; x_wconf 90' lang='lat' dir='ltr'><strong>et</strong></span> <span class='ocrx_word' id='word_1_310' title='bbox 1683 2624 1826 2694; x_wconf 90' lang='lat' dir='ltr'><strong>quod</strong></span> <span class='ocrx_word' id='word_1_311' title='bbox 1851 2631 1932 2680; x_wconf 91' lang='lat' dir='ltr'><strong>est</strong></span> <span class='ocrx_word' id='word_1_312' title='bbox 1978 2625 2124 2680; x_wconf 91' lang='lat' dir='ltr'><strong>omni</strong></span> 
     </span>
    </p>
   </div>
   <div class='ocr_carea' id='block_1_44' title="bbox 551 2715 2124 2790">
    <p class='ocr_par' dir='ltr' id='par_1_44' title="bbox 551 2715 2124 2790">
     <span class='ocr_line' id='line_1_44' title="bbox 551 2715 2124 2790; baseline -0.008 -12"><span class='ocrx_word' id='word_1_313' title='bbox 551 2726 804 2778; x_wconf 87' lang='lat' dir='ltr'><strong>thesauro</strong></span> <span class='ocrx_word' id='word_1_314' title='bbox 822 2721 1129 2790; x_wconf 89' lang='lat' dir='ltr'><strong>pretiosius,</strong></span> <span class='ocrx_word' id='word_1_315' title='bbox 1151 2733 1316 2789; x_wconf 87' lang='lat' dir='ltr'><strong>penes</strong></span> <span class='ocrx_word' id='word_1_316' title='bbox 1345 2719 1518 2786; x_wconf 90' lang='lat' dir='ltr'><strong>ipsum</strong></span> <span class='ocrx_word' id='word_1_317' title='bbox 1539 2715 1808 2772; x_wconf 87' lang='lat' dir='ltr'><strong>civilitatis</strong></span> <span class='ocrx_word' id='word_1_318' title='bbox 1828 2722 2026 2768; x_wconf 65' lang='lat' dir='ltr'><strong>nostra:</strong></span> <span class='ocrx_word' id='word_1_319' title='bbox 2048 2715 2124 2767; x_wconf 89' lang='lat' dir='ltr'><strong>fa-</strong></span> 
     </span>
    </p>
   </div>
   <div class='ocr_carea' id='block_1_45' title="bbox 549 2804 2122 2882">
    <p class='ocr_par' dir='ltr' id='par_1_45' title="bbox 549 2804 2122 2882">
     <span class='ocr_line' id='line_1_45' title="bbox 549 2804 2122 2882; baseline -0.006 -14"><span class='ocrx_word' id='word_1_320' title='bbox 549 2830 636 2868; x_wconf 88' lang='lat' dir='ltr'><strong>ma</strong></span> <span class='ocrx_word' id='word_1_321' title='bbox 666 2811 962 2882; x_wconf 89' lang='lat' dir='ltr'><strong>reponitur.</strong></span> <span class='ocrx_word' id='word_1_322' title='bbox 991 2809 1267 2875; x_wconf 79' lang='lat' dir='ltr'><strong>Quaestore</strong></span> <span class='ocrx_word' id='word_1_323' title='bbox 1291 2807 1437 2876; x_wconf 88' lang='lat' dir='ltr'><strong>justo</strong></span> <span class='ocrx_word' id='word_1_324' title='bbox 1465 2807 1810 2862; x_wconf 89' lang='lat' dir='ltr'><strong>innocentum</strong></span> <span class='ocrx_word' id='word_1_325' title='bbox 1836 2804 2122 2859; x_wconf 89' lang='lat' dir='ltr'><strong>conscien-</strong></span> 
     </span>
    </p>
   </div>
   <div class='ocr_carea' id='block_1_46' title="bbox 551 2897 2127 2971">
    <p class='ocr_par' dir='ltr' id='par_1_46' title="bbox 551 2897 2127 2971">
     <span class='ocr_line' id='line_1_46' title="bbox 551 2897 2127 2971; baseline -0.006 -13"><span class='ocrx_word' id='word_1_326' title='bbox 551 2904 622 2958; x_wconf 90' lang='lat' dir='ltr'><strong>tia</strong></span> <span class='ocrx_word' id='word_1_327' title='bbox 645 2903 702 2958; x_wconf 86' lang='lat' dir='ltr'><strong>flt</strong></span> <span class='ocrx_word' id='word_1_328' title='bbox 721 2917 930 2968; x_wconf 85' lang='lat' dir='ltr'><strong>secura,</strong></span> <span class='ocrx_word' id='word_1_329' title='bbox 956 2901 1319 2971; x_wconf 89' lang='lat' dir='ltr'><strong>improborum</strong></span> <span class='ocrx_word' id='word_1_330' title='bbox 1344 2906 1550 2953; x_wconf 89' lang='lat' dir='ltr'><strong>tantum</strong></span> <span class='ocrx_word' id='word_1_331' title='bbox 1578 2905 1702 2952; x_wconf 87' lang='lat' dir='ltr'><strong>vota</strong></span> <span class='ocrx_word' id='word_1_332' title='bbox 1723 2897 2017 2951; x_wconf 90' lang='lat' dir='ltr'><strong>redduntur</strong></span> <span class='ocrx_word' id='word_1_333' title='bbox 2036 2911 2127 2950; x_wconf 88' lang='lat' dir='ltr'><strong>an-</strong></span> 
     </span>
    </p>
   </div>
   <div class='ocr_carea' id='block_1_47' title="bbox 549 2986 2120 3059">
    <p class='ocr_par' dir='ltr' id='par_1_47' title="bbox 549 2986 2120 3059">
     <span class='ocr_line' id='line_1_47' title="bbox 549 2986 2120 3059; baseline -0.005 -13"><span class='ocrx_word' id='word_1_334' title='bbox 549 2993 632 3046; x_wconf 83' lang='lat' dir='ltr'><strong>xia</strong></span> <span class='ocrx_word' id='word_1_335' title='bbox 649 3009 662 3057; x_wconf 92' lang='lat'><strong>;</strong></span> <span class='ocrx_word' id='word_1_336' title='bbox 681 2999 736 3048; x_wconf 90' lang='lat' dir='ltr'><strong>et</strong></span> <span class='ocrx_word' id='word_1_337' title='bbox 756 3007 874 3047; x_wconf 91' lang='lat' dir='ltr'><strong>cum</strong></span> <span class='ocrx_word' id='word_1_338' title='bbox 895 2991 1048 3045; x_wconf 90' lang='lat' dir='ltr'><strong>malis</strong></span> <span class='ocrx_word' id='word_1_339' title='bbox 1059 2989 1379 3058; x_wconf 88' lang='lat' dir='ltr'><strong>subripiendi</strong></span> <span class='ocrx_word' id='word_1_340' title='bbox 1393 3003 1515 3059; x_wconf 86' lang='lat' dir='ltr'><strong>spes</strong></span> <span class='ocrx_word' id='word_1_341' title='bbox 1535 2987 1756 3052; x_wconf 91' lang='lat' dir='ltr'><strong>tollitur,</strong></span> <span class='ocrx_word' id='word_1_342' title='bbox 1774 2986 2005 3042; x_wconf 88' lang='lat' dir='ltr'><strong>studium</strong></span> <span class='ocrx_word' id='word_1_343' title='bbox 2021 2987 2120 3042; x_wconf 82' lang='lat' dir='ltr'><strong>bo-</strong></span> 
     </span>
    </p>
   </div>
   <div class='ocr_carea' id='block_1_48' title="bbox 2218 1797 3802 1876">
    <p class='ocr_par' dir='ltr' id='par_1_48' title="bbox 2218 1797 3802 1876">
     <span class='ocr_line' id='line_1_48' title="bbox 2218 1797 3802 1876; baseline -0.009 -12"><span class='ocrx_word' id='word_1_344' title='bbox 2218 1811 2368 1866; x_wconf 82' lang='lat' dir='ltr'><strong>tallo.</strong></span> <span class='ocrx_word' id='word_1_345' title='bbox 2398 1808 2632 1864; x_wconf 85' lang='lat' dir='ltr'><strong>Nutrivit</strong></span> <span class='ocrx_word' id='word_1_346' title='bbox 2653 1806 2853 1876; x_wconf 87' lang='lat' dir='ltr'><strong>quippe</strong></span> <span class='ocrx_word' id='word_1_347' title='bbox 2875 1813 2930 1859; x_wconf 87' lang='lat' dir='ltr'><strong>et</strong></span> <span class='ocrx_word' id='word_1_348' title='bbox 2958 1803 3047 1858; x_wconf 86' lang='lat' dir='ltr'><strong>hic</strong></span> <span class='ocrx_word' id='word_1_349' title='bbox 3073 1802 3428 1856; x_wconf 83' lang='lat' dir='ltr'><strong>advocatione</strong></span> <span class='ocrx_word' id='word_1_350' title='bbox 3454 1797 3802 1853; x_wconf 83' lang='lat' dir='ltr'><strong>facundiam:</strong></span> 
     </span>
    </p>
   </div>
   <div class='ocr_carea' id='block_1_49' title="bbox 2218 1889 3806 1973">
    <p class='ocr_par' dir='ltr' id='par_1_49' title="bbox 2218 1889 3806 1973">
     <span class='ocr_line' id='line_1_49' title="bbox 2218 1889 3806 1973; baseline -0.011 -15"><span class='ocrx_word' id='word_1_351' title='bbox 2218 1903 2525 1973; x_wconf 86' lang='lat' dir='ltr'><strong>opinionem</strong></span> <span class='ocrx_word' id='word_1_352' title='bbox 2554 1899 2810 1954; x_wconf 58' lang='lat' dir='ltr'><strong>Romanas</strong></span> <span class='ocrx_word' id='word_1_353' title='bbox 2856 1898 3000 1952; x_wconf 89' lang='lat' dir='ltr'><strong>urbis</strong></span> <span class='ocrx_word' id='word_1_354' title='bbox 3027 1895 3224 1950; x_wconf 84' lang='lat' dir='ltr'><strong>cedens</strong></span> <span class='ocrx_word' id='word_1_355' title='bbox 3267 1892 3440 1954; x_wconf 84' lang='lat' dir='ltr'><strong>fratri,</strong></span> <span class='ocrx_word' id='word_1_356' title='bbox 3491 1889 3806 1959; x_wconf 81' lang='lat' dir='ltr'><strong>Spoletino-</strong></span> 
     </span>
    </p>
   </div>
   <div class='ocr_carea' id='block_1_50' title="bbox 2219 1980 3804 2054">
    <p class='ocr_par' dir='ltr' id='par_1_50' title="bbox 2219 1980 3804 2054">
     <span class='ocr_line' id='line_1_50' title="bbox 2219 1980 3804 2054; baseline -0.009 -7"><span class='ocrx_word' id='word_1_357' title='bbox 2219 2008 2338 2047; x_wconf 88' lang='lat' dir='ltr'><strong>rum</strong></span> <span class='ocrx_word' id='word_1_358' title='bbox 2377 2007 2440 2046; x_wconf 87' lang='lat' dir='ltr'><strong>se</strong></span> <span class='ocrx_word' id='word_1_359' title='bbox 2489 1989 2679 2044; x_wconf 84' lang='lat' dir='ltr'><strong>maluit</strong></span> <span class='ocrx_word' id='word_1_360' title='bbox 2720 1988 2945 2042; x_wconf 88' lang='lat' dir='ltr'><strong>miscere</strong></span> <span class='ocrx_word' id='word_1_361' title='bbox 2973 1984 3201 2054; x_wconf 90' lang='lat' dir='ltr'><strong>negotiis</strong></span> <span class='ocrx_word' id='word_1_362' title='bbox 3234 2001 3247 2035; x_wconf 95' lang='lat'>:</span> <span class='ocrx_word' id='word_1_363' title='bbox 3276 1997 3364 2036; x_wconf 89' lang='lat' dir='ltr'><strong>res</strong></span> <span class='ocrx_word' id='word_1_364' title='bbox 3391 1990 3607 2036; x_wconf 86' lang='lat' dir='ltr'><strong>tantum</strong></span> <span class='ocrx_word' id='word_1_365' title='bbox 3646 1980 3804 2044; x_wconf 84' lang='lat' dir='ltr'><strong>dura,</strong></span> 
     </span>
    </p>
   </div>
   <div class='ocr_carea' id='block_1_51' title="bbox 2218 2071 3806 2151">
    <p class='ocr_par' dir='ltr' id='par_1_51' title="bbox 2218 2071 3806 2151">
     <span class='ocr_line' id='line_1_51' title="bbox 2218 2071 3806 2151; baseline -0.008 -15"><span class='ocrx_word' id='word_1_366' title='bbox 2218 2089 2480 2151; x_wconf 89' lang='lat' dir='ltr'><strong>quantum</strong></span> <span class='ocrx_word' id='word_1_367' title='bbox 2533 2094 2565 2134; x_wconf 90' lang='lat' dir='ltr'><strong>a</strong></span> <span class='ocrx_word' id='word_1_368' title='bbox 2619 2086 2794 2134; x_wconf 88' lang='lat' dir='ltr'><strong>vestra</strong></span> <span class='ocrx_word' id='word_1_369' title='bbox 2821 2075 3103 2148; x_wconf 88' lang='lat' dir='ltr'><strong>prudentia</strong></span> <span class='ocrx_word' id='word_1_370' title='bbox 3133 2071 3477 2142; x_wconf 83' lang='lat' dir='ltr'><strong>cognoscitur</strong></span> <span class='ocrx_word' id='word_1_371' title='bbox 3497 2079 3806 2140; x_wconf 85' lang='lat' dir='ltr'><strong>segregata.</strong></span> 
     </span>
    </p>
   </div>
   <div class='ocr_carea' id='block_1_52' title="bbox 2219 2162 3810 2233">
    <p class='ocr_par' dir='ltr' id='par_1_52' title="bbox 2219 2162 3810 2233">
     <span class='ocr_line' id='line_1_52' title="bbox 2219 2162 3810 2233; baseline -0.008 -5"><span class='ocrx_word' id='word_1_372' title='bbox 2219 2173 2362 2228; x_wconf 81' lang='lat' dir='ltr'><strong>Inter</strong></span> <span class='ocrx_word' id='word_1_373' title='bbox 2392 2169 2528 2228; x_wconf 84' lang='lat' dir='ltr'><strong>bene</strong></span> <span class='ocrx_word' id='word_1_374' title='bbox 2556 2181 2797 2226; x_wconf 88' lang='lat' dir='ltr'><strong>moratos</strong></span> <span class='ocrx_word' id='word_1_375' title='bbox 2823 2169 2966 2224; x_wconf 88' lang='lat' dir='ltr'><strong>enim</strong></span> <span class='ocrx_word' id='word_1_376' title='bbox 2989 2166 3285 2222; x_wconf 86' lang='lat' dir='ltr'><strong>asseruisse</strong></span> <span class='ocrx_word' id='word_1_377' title='bbox 3308 2163 3457 2233; x_wconf 86' lang='lat' dir='ltr'><strong>justa</strong></span> <span class='ocrx_word' id='word_1_378' title='bbox 3487 2162 3810 2218; x_wconf 85' lang='lat' dir='ltr'><strong>facillimum</strong></span> 
     </span>
    </p>
   </div>
   <div class='ocr_carea' id='block_1_53' title="bbox 2221 2255 3814 2331">
    <p class='ocr_par' dir='ltr' id='par_1_53' title="bbox 2221 2255 3814 2331">
     <span class='ocr_line' id='line_1_53' title="bbox 2221 2255 3814 2331; baseline -0.004 -16"><span class='ocrx_word' id='word_1_379' title='bbox 2221 2262 2352 2326; x_wconf 87' lang='lat' dir='ltr'><strong>fuit;</strong></span> <span class='ocrx_word' id='word_1_380' title='bbox 2375 2260 2790 2331; x_wconf 88' lang='lat' dir='ltr'><strong>provincialibus</strong></span> <span class='ocrx_word' id='word_1_381' title='bbox 2816 2267 3015 2322; x_wconf 86' lang='lat' dir='ltr'><strong>autem,</strong></span> <span class='ocrx_word' id='word_1_382' title='bbox 3047 2274 3104 2312; x_wconf 90' lang='lat' dir='ltr'><strong>se</strong></span> <span class='ocrx_word' id='word_1_383' title='bbox 3132 2269 3264 2326; x_wconf 84' lang='lat' dir='ltr'><strong>vaga</strong></span> <span class='ocrx_word' id='word_1_384' title='bbox 3293 2255 3546 2310; x_wconf 87' lang='lat' dir='ltr'><strong>libertate</strong></span> <span class='ocrx_word' id='word_1_385' title='bbox 3567 2261 3814 2308; x_wconf 85' lang='lat' dir='ltr'><strong>tractan-</strong></span> 
     </span>
    </p>
   </div>
   <div class='ocr_carea' id='block_1_54' title="bbox 2223 2344 3816 2417">
    <p class='ocr_par' dir='ltr' id='par_1_54' title="bbox 2223 2344 3816 2417">
     <span class='ocr_line' id='line_1_54' title="bbox 2223 2344 3816 2417; baseline -0.006 -10"><span class='ocrx_word' id='word_1_386' title='bbox 2223 2353 2390 2417; x_wconf 90' lang='lat' dir='ltr'><strong>tibus,</strong></span> <span class='ocrx_word' id='word_1_387' title='bbox 2413 2351 2570 2406; x_wconf 91' lang='lat' dir='ltr'><strong>nimis</strong></span> <span class='ocrx_word' id='word_1_388' title='bbox 2598 2350 2844 2406; x_wconf 89' lang='lat' dir='ltr'><strong>arduum.</strong></span> <span class='ocrx_word' id='word_1_389' title='bbox 2885 2347 3110 2402; x_wconf 77' lang='lat' dir='ltr'><strong>Videtur</strong></span> <span class='ocrx_word' id='word_1_390' title='bbox 3154 2347 3288 2416; x_wconf 87' lang='lat' dir='ltr'><strong>juris</strong></span> <span class='ocrx_word' id='word_1_391' title='bbox 3330 2345 3568 2401; x_wconf 83' lang='lat' dir='ltr'><strong>suasisse</strong></span> <span class='ocrx_word' id='word_1_392' title='bbox 3615 2344 3816 2398; x_wconf 87' lang='lat' dir='ltr'><strong>mode-</strong></span> 
     </span>
    </p>
   </div>
   <div class='ocr_carea' id='block_1_55' title="bbox 2229 2436 3813 2514">
    <p class='ocr_par' dir='ltr' id='par_1_55' title="bbox 2229 2436 3813 2514">
     <span class='ocr_line' id='line_1_55' title="bbox 2229 2436 3813 2514; baseline -0.006 -16"><span class='ocrx_word' id='word_1_393' title='bbox 2229 2445 2406 2509; x_wconf 89' lang='lat' dir='ltr'><strong>stiam,</strong></span> <span class='ocrx_word' id='word_1_394' title='bbox 2422 2443 2512 2499; x_wconf 92' lang='lat' dir='ltr'><strong>ubi</strong></span> <span class='ocrx_word' id='word_1_395' title='bbox 2533 2443 2634 2514; x_wconf 89' lang='lat' dir='ltr'><strong>ipsi</strong></span> <span class='ocrx_word' id='word_1_396' title='bbox 2650 2455 2863 2511; x_wconf 88' lang='lat' dir='ltr'><strong>quoque</strong></span> <span class='ocrx_word' id='word_1_397' title='bbox 2883 2440 3088 2509; x_wconf 90' lang='lat' dir='ltr'><strong>judices</strong></span> <span class='ocrx_word' id='word_1_398' title='bbox 3104 2437 3346 2509; x_wconf 83' lang='lat' dir='ltr'><strong>improba</strong></span> <span class='ocrx_word' id='word_1_399' title='bbox 3365 2436 3691 2506; x_wconf 87' lang='lat' dir='ltr'><strong>plerumque</strong></span> <span class='ocrx_word' id='word_1_400' title='bbox 3711 2451 3813 2490; x_wconf 76' lang='lat' dir='ltr'><strong>cu—</strong></span> 
     </span>
    </p>
   </div>
   <div class='ocr_carea' id='block_1_56' title="bbox 2225 2527 3816 2606">
    <p class='ocr_par' dir='ltr' id='par_1_56' title="bbox 2225 2527 3816 2606">
     <span class='ocr_line' id='line_1_56' title="bbox 2225 2527 3816 2606; baseline -0.007 -15"><span class='ocrx_word' id='word_1_401' title='bbox 2225 2535 2450 2606; x_wconf 87' lang='lat' dir='ltr'><strong>piditate</strong></span> <span class='ocrx_word' id='word_1_402' title='bbox 2477 2534 2790 2604; x_wconf 86' lang='lat' dir='ltr'><strong>rapiuntur;</strong></span> <span class='ocrx_word' id='word_1_403' title='bbox 2830 2540 2884 2587; x_wconf 89' lang='lat' dir='ltr'><strong>et</strong></span> <span class='ocrx_word' id='word_1_404' title='bbox 2913 2539 3173 2601; x_wconf 87' lang='lat' dir='ltr'><strong>quantum</strong></span> <span class='ocrx_word' id='word_1_405' title='bbox 3201 2529 3301 2583; x_wconf 88' lang='lat' dir='ltr'><strong>sibi</strong></span> <span class='ocrx_word' id='word_1_406' title='bbox 3331 2528 3474 2582; x_wconf 88' lang='lat' dir='ltr'><strong>inter</strong></span> <span class='ocrx_word' id='word_1_407' title='bbox 3521 2527 3816 2581; x_wconf 81' lang='lat' dir='ltr'><strong>mediocri-</strong></span> 
     </span>
    </p>
   </div>
   <div class='ocr_carea' id='block_1_57' title="bbox 2223 2623 3819 2696">
    <p class='ocr_par' dir='ltr' id='par_1_57' title="bbox 2223 2623 3819 2696">
     <span class='ocr_line' id='line_1_57' title="bbox 2223 2623 3819 2696; baseline -0.003 -14"><span class='ocrx_word' id='word_1_408' title='bbox 2223 2637 2390 2684; x_wconf 86' lang='lat' dir='ltr'><strong>tatem</strong></span> <span class='ocrx_word' id='word_1_409' title='bbox 2411 2627 2660 2682; x_wconf 86' lang='lat' dir='ltr'><strong>videntur</strong></span> <span class='ocrx_word' id='word_1_410' title='bbox 2685 2641 2804 2682; x_wconf 90' lang='lat' dir='ltr'><strong>esse</strong></span> <span class='ocrx_word' id='word_1_411' title='bbox 2833 2624 3106 2696; x_wconf 64' lang='lat' dir='ltr'><strong>praecipui,</strong></span> <span class='ocrx_word' id='word_1_412' title='bbox 3141 2631 3349 2678; x_wconf 84' lang='lat' dir='ltr'><strong>tantum</strong></span> <span class='ocrx_word' id='word_1_413' title='bbox 3381 2623 3568 2678; x_wconf 88' lang='lat' dir='ltr'><strong>animo</strong></span> <span class='ocrx_word' id='word_1_414' title='bbox 3595 2639 3708 2678; x_wconf 86' lang='lat' dir='ltr'><strong>non</strong></span> <span class='ocrx_word' id='word_1_415' title='bbox 3739 2624 3819 2678; x_wconf 78' lang='lat' dir='ltr'><strong>si-</strong></span> 
     </span>
    </p>
   </div>
   <div class='ocr_carea' id='block_1_58' title="bbox 2224 2711 3814 2782">
    <p class='ocr_par' dir='ltr' id='par_1_58' title="bbox 2224 2711 3814 2782">
     <span class='ocr_line' id='line_1_58' title="bbox 2224 2711 3814 2782; baseline -0.004 -9"><span class='ocrx_word' id='word_1_416' title='bbox 2224 2726 2358 2773; x_wconf 91' lang='lat' dir='ltr'><strong>nunt</strong></span> <span class='ocrx_word' id='word_1_417' title='bbox 2378 2717 2488 2772; x_wconf 88' lang='lat' dir='ltr'><strong>suis</strong></span> <span class='ocrx_word' id='word_1_418' title='bbox 2507 2716 2870 2772; x_wconf 83' lang='lat' dir='ltr'><strong>voluntatibus</strong></span> <span class='ocrx_word' id='word_1_419' title='bbox 2891 2712 3116 2770; x_wconf 73' lang='lat' dir='ltr'><strong>obviare.</strong></span> <span class='ocrx_word' id='word_1_420' title='bbox 3142 2711 3287 2768; x_wconf 85' lang='lat' dir='ltr'><strong>Inter</strong></span> <span class='ocrx_word' id='word_1_421' title='bbox 3308 2713 3436 2768; x_wconf 87' lang='lat' dir='ltr'><strong>talia</strong></span> <span class='ocrx_word' id='word_1_422' title='bbox 3459 2713 3608 2782; x_wconf 85' lang='lat' dir='ltr'><strong>leges</strong></span> <span class='ocrx_word' id='word_1_423' title='bbox 3634 2713 3814 2768; x_wconf 85' lang='lat' dir='ltr'><strong>vindi-</strong></span> 
     </span>
    </p>
   </div>
   <div class='ocr_carea' id='block_1_59' title="bbox 2224 2802 3812 2874">
    <p class='ocr_par' dir='ltr' id='par_1_59' title="bbox 2224 2802 3812 2874">
     <span class='ocr_line' id='line_1_59' title="bbox 2224 2802 3812 2874; baseline -0.003 -10"><span class='ocrx_word' id='word_1_424' title='bbox 2224 2822 2349 2864; x_wconf 87' lang='lat' dir='ltr'><strong>care</strong></span> <span class='ocrx_word' id='word_1_425' title='bbox 2372 2807 2586 2862; x_wconf 88' lang='lat' dir='ltr'><strong>difficile</strong></span> <span class='ocrx_word' id='word_1_426' title='bbox 2613 2814 2715 2872; x_wconf 85' lang='lat' dir='ltr'><strong>est;</strong></span> <span class='ocrx_word' id='word_1_427' title='bbox 2741 2813 2797 2860; x_wconf 90' lang='lat' dir='ltr'><strong>et</strong></span> <span class='ocrx_word' id='word_1_428' title='bbox 2822 2819 3027 2873; x_wconf 80' lang='lat' dir='ltr'><strong>magna:</strong></span> <span class='ocrx_word' id='word_1_429' title='bbox 3056 2804 3420 2874; x_wconf 88' lang='lat' dir='ltr'><strong>persuasionis</strong></span> <span class='ocrx_word' id='word_1_430' title='bbox 3447 2803 3531 2858; x_wconf 85' lang='lat' dir='ltr'><strong>vis</strong></span> <span class='ocrx_word' id='word_1_431' title='bbox 3559 2802 3630 2858; x_wconf 87' lang='lat' dir='ltr'><strong>ad</strong></span> <span class='ocrx_word' id='word_1_432' title='bbox 3681 2819 3812 2874; x_wconf 84' lang='lat' dir='ltr'><strong>pro-</strong></span> 
     </span>
    </p>
   </div>
   <div class='ocr_carea' id='block_1_60' title="bbox 2225 2895 3822 2970">
    <p class='ocr_par' dir='ltr' id='par_1_60' title="bbox 2225 2895 3822 2970">
     <span class='ocr_line' id='line_1_60' title="bbox 2225 2895 3822 2970; baseline -0.003 -15"><span class='ocrx_word' id='word_1_433' title='bbox 2225 2901 2457 2970; x_wconf 88' lang='lat' dir='ltr'><strong>positum</strong></span> <span class='ocrx_word' id='word_1_434' title='bbox 2485 2899 2618 2954; x_wconf 90' lang='lat' dir='ltr'><strong>recti</strong></span> <span class='ocrx_word' id='word_1_435' title='bbox 2637 2897 2976 2954; x_wconf 89' lang='lat' dir='ltr'><strong>venalitatem</strong></span> <span class='ocrx_word' id='word_1_436' title='bbox 2999 2912 3256 2952; x_wconf 88' lang='lat' dir='ltr'><strong>revocare</strong></span> <span class='ocrx_word' id='word_1_437' title='bbox 3265 2896 3580 2964; x_wconf 86' lang='lat' dir='ltr'><strong>judicantis.</strong></span> <span class='ocrx_word' id='word_1_438' title='bbox 3603 2895 3822 2952; x_wconf 88' lang='lat' dir='ltr'><strong>Sumite</strong></span> 
     </span>
    </p>
   </div>
   <div class='ocr_carea' id='block_1_61' title="bbox 2224 2984 3821 3058">
    <p class='ocr_par' dir='ltr' id='par_1_61' title="bbox 2224 2984 3821 3058">
     <span class='ocr_line' id='line_1_61' title="bbox 2224 2984 3821 3058; baseline -0.003 -13"><span class='ocrx_word' id='word_1_439' title='bbox 2224 3002 2374 3058; x_wconf 86' lang='lat' dir='ltr'><strong>ergo,</strong></span> <span class='ocrx_word' id='word_1_440' title='bbox 2405 2987 2466 3043; x_wconf 87' lang='lat' dir='ltr'><strong>P.</strong></span> <span class='ocrx_word' id='word_1_441' title='bbox 2495 2987 2582 3055; x_wconf 87' lang='lat' dir='ltr'><strong>C.,</strong></span> <span class='ocrx_word' id='word_1_442' title='bbox 2610 2987 2838 3044; x_wconf 85' lang='lat' dir='ltr'><strong>libenter</strong></span> <span class='ocrx_word' id='word_1_443' title='bbox 2871 2996 3056 3043; x_wconf 85' lang='lat' dir='ltr'><strong>nostra</strong></span> <span class='ocrx_word' id='word_1_444' title='bbox 3099 2985 3317 3056; x_wconf 88' lang='lat' dir='ltr'><strong>judicia,</strong></span> <span class='ocrx_word' id='word_1_445' title='bbox 3373 2993 3430 3040; x_wconf 88' lang='lat' dir='ltr'><strong>et</strong></span> <span class='ocrx_word' id='word_1_446' title='bbox 3474 2984 3821 3041; x_wconf 78' lang='lat' dir='ltr'><strong>Honoratum</strong></span> 
     </span>
    </p>
   </div>
   <div class='ocr_carea' id='block_1_62' title="bbox 551 3076 3820 3163">
    <p class='ocr_par' dir='ltr' id='par_1_62' title="bbox 551 3076 3820 3163">
     <span class='ocr_line' id='line_1_62' title="bbox 551 3076 3820 3163; baseline -0.003 -25"><span class='ocrx_word' id='word_1_447' title='bbox 551 3086 632 3138; x_wconf 89' lang='lat' dir='ltr'><strong>nis</strong></span> <span class='ocrx_word' id='word_1_448' title='bbox 655 3083 892 3138; x_wconf 89' lang='lat' dir='ltr'><strong>moribus</strong></span> <span class='ocrx_word' id='word_1_449' title='bbox 919 3081 1218 3136; x_wconf 90' lang='lat' dir='ltr'><strong>adhibetur.</strong></span> <span class='ocrx_word' id='word_1_450' title='bbox 1245 3079 1542 3150; x_wconf 85' lang='lat' dir='ltr'><strong>Unicuique</strong></span> <span class='ocrx_word' id='word_1_451' title='bbox 1563 3078 1777 3149; x_wconf 90' lang='lat' dir='ltr'><strong>propria</strong></span> <span class='ocrx_word' id='word_1_452' title='bbox 1793 3076 1912 3146; x_wconf 89' lang='lat' dir='ltr'><strong>jura</strong></span> <span class='ocrx_word' id='word_1_453' title='bbox 1942 3085 2120 3132; x_wconf 81' lang='lat' dir='ltr'><strong>custo—</strong></span> <span class='ocrx_word' id='word_1_454' title='bbox 2149 3100 2194 3163; x_wconf 72' lang='grc' dir='ltr'><strong>ρ</strong></span> <span class='ocrx_word' id='word_1_455' title='bbox 2225 3089 2507 3151; x_wconf 57' lang='lat' dir='ltr'><strong>quaesturae</strong></span> <span class='ocrx_word' id='word_1_456' title='bbox 2527 3080 2760 3137; x_wconf 82' lang='lat' dir='ltr'><strong>culmine</strong></span> <span class='ocrx_word' id='word_1_457' title='bbox 2781 3087 3094 3150; x_wconf 87' lang='lat' dir='ltr'><strong>provectum</strong></span> <span class='ocrx_word' id='word_1_458' title='bbox 3125 3077 3388 3146; x_wconf 88' lang='lat' dir='ltr'><strong>gremium</strong></span> <span class='ocrx_word' id='word_1_459' title='bbox 3413 3085 3664 3130; x_wconf 88' lang='lat' dir='ltr'><strong>vestrum</strong></span> <span class='ocrx_word' id='word_1_460' title='bbox 3689 3088 3820 3142; x_wconf 85' lang='lat' dir='ltr'><strong>gra-</strong></span> 
     </span>
    </p>
   </div>
   <div class='ocr_carea' id='block_1_63' title="bbox 549 3167 2117 3248">
    <p class='ocr_par' dir='ltr' id='par_1_63' title="bbox 549 3167 2117 3248">
     <span class='ocr_line' id='line_1_63' title="bbox 549 3167 2117 3248; baseline -0.004 -18"><span class='ocrx_word' id='word_1_461' title='bbox 549 3177 646 3242; x_wconf 88' lang='lat' dir='ltr'><strong>dit,</strong></span> <span class='ocrx_word' id='word_1_462' title='bbox 699 3173 936 3246; x_wconf 69' lang='lat' dir='ltr'><strong>pecuniae</strong></span> <span class='ocrx_word' id='word_1_463' title='bbox 970 3173 1270 3238; x_wconf 90' lang='lat' dir='ltr'><strong>continens,</strong></span> <span class='ocrx_word' id='word_1_464' title='bbox 1293 3168 1854 3248; x_wconf 54' lang='lat' dir='ltr'><strong>mquitatisgirofusus,</strong></span> <span class='ocrx_word' id='word_1_465' title='bbox 1902 3167 2117 3223; x_wconf 88' lang='lat' dir='ltr'><strong>nescius</strong></span> 
     </span>
    </p>
   </div>
   <div class='ocr_carea' id='block_1_64' title="bbox 546 3257 2117 3336">
    <p class='ocr_par' dir='ltr' id='par_1_64' title="bbox 546 3257 2117 3336">
     <span class='ocr_line' id='line_1_64' title="bbox 546 3257 2117 3336; baseline -0.008 -14"><span class='ocrx_word' id='word_1_466' title='bbox 546 3267 816 3336; x_wconf 90' lang='lat' dir='ltr'><strong>decipere,</strong></span> <span class='ocrx_word' id='word_1_467' title='bbox 847 3263 1275 3334; x_wconf 90' lang='lat' dir='ltr'><strong>promptissimus</strong></span> <span class='ocrx_word' id='word_1_468' title='bbox 1303 3259 1590 3315; x_wconf 89' lang='lat' dir='ltr'><strong>subvenire</strong></span> <span class='ocrx_word' id='word_1_469' title='bbox 1620 3276 1635 3313; x_wconf 87' lang='lat'><strong>:</strong></span> <span class='ocrx_word' id='word_1_470' title='bbox 1675 3257 1888 3328; x_wconf 90' lang='lat' dir='ltr'><strong>ingenio</strong></span> <span class='ocrx_word' id='word_1_471' title='bbox 1915 3257 2117 3328; x_wconf 82' lang='lat' dir='ltr'><strong>princi-</strong></span> 
     </span>
    </p>
   </div>
   <div class='ocr_carea' id='block_1_65' title="bbox 546 3351 2117 3432">
    <p class='ocr_par' dir='ltr' id='par_1_65' title="bbox 546 3351 2117 3432">
     <span class='ocr_line' id='line_1_65' title="bbox 546 3351 2117 3432; baseline -0.007 -16"><span class='ocrx_word' id='word_1_472' title='bbox 546 3363 627 3432; x_wconf 91' lang='lat' dir='ltr'><strong>pis</strong></span> <span class='ocrx_word' id='word_1_473' title='bbox 654 3353 836 3426; x_wconf 82' lang='lat' dir='ltr'><strong>servit,</strong></span> <span class='ocrx_word' id='word_1_474' title='bbox 869 3359 1011 3428; x_wconf 87' lang='lat' dir='ltr'><strong>quod</strong></span> <span class='ocrx_word' id='word_1_475' title='bbox 1031 3359 1276 3412; x_wconf 88' lang='lat' dir='ltr'><strong>universa</strong></span> <span class='ocrx_word' id='word_1_476' title='bbox 1305 3363 1552 3425; x_wconf 89' lang='lat' dir='ltr'><strong>superat;</strong></span> <span class='ocrx_word' id='word_1_477' title='bbox 1571 3354 1712 3408; x_wconf 91' lang='lat' dir='ltr'><strong>illius</strong></span> <span class='ocrx_word' id='word_1_478' title='bbox 1733 3368 1830 3409; x_wconf 92' lang='lat' dir='ltr'><strong>ore</strong></span> <span class='ocrx_word' id='word_1_479' title='bbox 1855 3351 2002 3422; x_wconf 88' lang='lat' dir='ltr'><strong>loqui</strong></span> <span class='ocrx_word' id='word_1_480' title='bbox 2021 3364 2117 3406; x_wconf 79' lang='lat' dir='ltr'><strong>co-</strong></span> 
     </span>
    </p>
   </div>
   <div class='ocr_carea' id='block_1_66' title="bbox 550 3441 2119 3522">
    <p class='ocr_par' dir='ltr' id='par_1_66' title="bbox 550 3441 2119 3522">
     <span class='ocr_line' id='line_1_66' title="bbox 550 3441 2119 3522; baseline -0.007 -15"><span class='ocrx_word' id='word_1_481' title='bbox 550 3455 712 3522; x_wconf 89' lang='lat' dir='ltr'><strong>gitur,</strong></span> <span class='ocrx_word' id='word_1_482' title='bbox 743 3451 830 3506; x_wconf 92' lang='lat' dir='ltr'><strong>cui</strong></span> <span class='ocrx_word' id='word_1_483' title='bbox 859 3450 1034 3504; x_wconf 91' lang='lat' dir='ltr'><strong>nullus</strong></span> <span class='ocrx_word' id='word_1_484' title='bbox 1065 3449 1250 3504; x_wconf 89' lang='lat' dir='ltr'><strong>similis</strong></span> <span class='ocrx_word' id='word_1_485' title='bbox 1276 3445 1561 3502; x_wconf 83' lang='lat' dir='ltr'><strong>invenitur.</strong></span> <span class='ocrx_word' id='word_1_486' title='bbox 1593 3444 1744 3498; x_wconf 84' lang='lat' dir='ltr'><strong>Hunc</strong></span> <span class='ocrx_word' id='word_1_487' title='bbox 1773 3445 1945 3498; x_wconf 89' lang='lat' dir='ltr'><strong>locum</strong></span> <span class='ocrx_word' id='word_1_488' title='bbox 1976 3441 2119 3497; x_wconf 87' lang='lat' dir='ltr'><strong>vitiis</strong></span> 
     </span>
    </p>
   </div>
   <div class='ocr_carea' id='block_1_67' title="bbox 545 3535 2120 3610">
    <p class='ocr_par' dir='ltr' id='par_1_67' title="bbox 545 3535 2120 3610">
     <span class='ocr_line' id='line_1_67' title="bbox 545 3535 2120 3610; baseline -0.006 -10"><span class='ocrx_word' id='word_1_489' title='bbox 545 3559 795 3608; x_wconf 85' lang='lat' dir='ltr'><strong>vacuum,</strong></span> <span class='ocrx_word' id='word_1_490' title='bbox 825 3543 1108 3596; x_wconf 85' lang='lat' dir='ltr'><strong>virtutibus</strong></span> <span class='ocrx_word' id='word_1_491' title='bbox 1129 3541 1365 3610; x_wconf 89' lang='lat' dir='ltr'><strong>plenum,</strong></span> <span class='ocrx_word' id='word_1_492' title='bbox 1389 3538 1478 3608; x_wconf 90' lang='lat' dir='ltr'><strong>qui</strong></span> <span class='ocrx_word' id='word_1_493' title='bbox 1502 3537 1600 3593; x_wconf 86' lang='lat' dir='ltr'><strong>sub</strong></span> <span class='ocrx_word' id='word_1_494' title='bbox 1627 3545 1808 3592; x_wconf 91' lang='lat' dir='ltr'><strong>nostra</strong></span> <span class='ocrx_word' id='word_1_495' title='bbox 1829 3535 2002 3606; x_wconf 91' lang='lat' dir='ltr'><strong>potuit</strong></span> <span class='ocrx_word' id='word_1_496' title='bbox 2023 3551 2120 3590; x_wconf 78' lang='lat' dir='ltr'><strong>ex—</strong></span> 
     </span>
    </p>
   </div>
   <div class='ocr_carea' id='block_1_68' title="bbox 547 3624 2118 3704">
    <p class='ocr_par' dir='ltr' id='par_1_68' title="bbox 547 3624 2118 3704">
     <span class='ocr_line' id='line_1_68' title="bbox 547 3624 2118 3704; baseline -0.006 -16"><span class='ocrx_word' id='word_1_497' title='bbox 547 3633 730 3704; x_wconf 90' lang='lat' dir='ltr'><strong>pedire</strong></span> <span class='ocrx_word' id='word_1_498' title='bbox 750 3631 1051 3702; x_wconf 76' lang='lat' dir='ltr'><strong>prmsentia,</strong></span> <span class='ocrx_word' id='word_1_499' title='bbox 1087 3643 1264 3683; x_wconf 88' lang='lat' dir='ltr'><strong>nonne</strong></span> <span class='ocrx_word' id='word_1_500' title='bbox 1307 3627 1458 3683; x_wconf 88' lang='lat' dir='ltr'><strong>vobis</strong></span> <span class='ocrx_word' id='word_1_501' title='bbox 1483 3627 1672 3696; x_wconf 82' lang='lat' dir='ltr'><strong>dignus</strong></span> <span class='ocrx_word' id='word_1_502' title='bbox 1699 3632 1782 3678; x_wconf 81' lang='lat' dir='ltr'><strong>es-t</strong></span> <span class='ocrx_word' id='word_1_503' title='bbox 1806 3638 1926 3680; x_wconf 91' lang='lat' dir='ltr'><strong>esse</strong></span> <span class='ocrx_word' id='word_1_504' title='bbox 1949 3624 2118 3680; x_wconf 88' lang='lat' dir='ltr'><strong>colle-</strong></span> 
     </span>
    </p>
   </div>
   <div class='ocr_carea' id='block_1_69' title="bbox 544 3718 2119 3796">
    <p class='ocr_par' dir='ltr' id='par_1_69' title="bbox 544 3718 2119 3796">
     <span class='ocr_line' id='line_1_69' title="bbox 544 3718 2119 3796; baseline -0.003 -17"><span class='ocrx_word' id='word_1_505' title='bbox 544 3727 644 3796; x_wconf 87' lang='lat' dir='ltr'><strong>ga?</strong></span> <span class='ocrx_word' id='word_1_506' title='bbox 663 3724 820 3780; x_wconf 89' lang='lat' dir='ltr'><strong>Scitis</strong></span> <span class='ocrx_word' id='word_1_507' title='bbox 841 3723 982 3778; x_wconf 90' lang='lat' dir='ltr'><strong>enim</strong></span> <span class='ocrx_word' id='word_1_508' title='bbox 1006 3737 1110 3791; x_wconf 91' lang='lat' dir='ltr'><strong>qua</strong></span> <span class='ocrx_word' id='word_1_509' title='bbox 1137 3722 1395 3791; x_wconf 81' lang='lat' dir='ltr'><strong>glorietur</strong></span> <span class='ocrx_word' id='word_1_510' title='bbox 1418 3721 1584 3790; x_wconf 89' lang='lat' dir='ltr'><strong>stirpe</strong></span> <span class='ocrx_word' id='word_1_511' title='bbox 1599 3727 1900 3790; x_wconf 88' lang='lat' dir='ltr'><strong>provectus.</strong></span> <span class='ocrx_word' id='word_1_512' title='bbox 1933 3718 2119 3774; x_wconf 83' lang='lat' dir='ltr'><strong>Memi-</strong></span> 
     </span>
    </p>
   </div>
   <div class='ocr_carea' id='block_1_70' title="bbox 543 3809 2116 3872">
    <p class='ocr_par' dir='ltr' id='par_1_70' title="bbox 543 3809 2116 3872">
     <span class='ocr_line' id='line_1_70' title="bbox 543 3809 2116 3872; baseline -0.004 -2"><span class='ocrx_word' id='word_1_513' title='bbox 543 3817 697 3872; x_wconf 82' lang='lat' dir='ltr'><strong>nistis</strong></span> <span class='ocrx_word' id='word_1_514' title='bbox 724 3815 866 3870; x_wconf 90' lang='lat' dir='ltr'><strong>enim</strong></span> <span class='ocrx_word' id='word_1_515' title='bbox 896 3814 1214 3868; x_wconf 83' lang='lat' dir='ltr'><strong>Decoratum</strong></span> <span class='ocrx_word' id='word_1_516' title='bbox 1244 3811 1609 3866; x_wconf 88' lang='lat' dir='ltr'><strong>advocationis</strong></span> <span class='ocrx_word' id='word_1_517' title='bbox 1655 3809 1926 3864; x_wconf 89' lang='lat' dir='ltr'><strong>laboribus</strong></span> <span class='ocrx_word' id='word_1_518' title='bbox 1964 3809 2116 3864; x_wconf 85' lang='lat' dir='ltr'><strong>insu-</strong></span> 
     </span>
    </p>
   </div>
   <div class='ocr_carea' id='block_1_71' title="bbox 545 3898 2119 3972">
    <p class='ocr_par' dir='ltr' id='par_1_71' title="bbox 545 3898 2119 3972">
     <span class='ocr_line' id='line_1_71' title="bbox 545 3898 2119 3972; baseline -0.004 -13"><span class='ocrx_word' id='word_1_519' title='bbox 545 3905 760 3960; x_wconf 88' lang='lat' dir='ltr'><strong>dantem</strong></span> <span class='ocrx_word' id='word_1_520' title='bbox 793 3903 842 3970; x_wconf 72' lang='grc' dir='ltr'><strong>δ,</strong></span> <span class='ocrx_word' id='word_1_521' title='bbox 875 3919 978 3972; x_wconf 91' lang='lat' dir='ltr'><strong>qua</strong></span> <span class='ocrx_word' id='word_1_522' title='bbox 1007 3918 1067 3958; x_wconf 90' lang='lat' dir='ltr'><strong>se</strong></span> <span class='ocrx_word' id='word_1_523' title='bbox 1096 3903 1378 3970; x_wconf 89' lang='lat' dir='ltr'><strong>unicuique</strong></span> <span class='ocrx_word' id='word_1_524' title='bbox 1403 3901 1664 3956; x_wconf 88' lang='lat' dir='ltr'><strong>bonorum</strong></span> <span class='ocrx_word' id='word_1_525' title='bbox 1692 3898 1960 3969; x_wconf 90' lang='lat' dir='ltr'><strong>probitate</strong></span> <span class='ocrx_word' id='word_1_526' title='bbox 1987 3913 2119 3954; x_wconf 90' lang='lat' dir='ltr'><strong>con-</strong></span> 
     </span>
    </p>
   </div>
   <div class='ocr_carea' id='block_1_72' title="bbox 539 3989 2122 4065">
    <p class='ocr_par' dir='ltr' id='par_1_72' title="bbox 539 3989 2122 4065">
     <span class='ocr_line' id='line_1_72' title="bbox 539 3989 2122 4065; baseline -0.003 -17"><span class='ocrx_word' id='word_1_527' title='bbox 539 3993 792 4065; x_wconf 81' lang='lat' dir='ltr'><strong>junxerit.</strong></span> <span class='ocrx_word' id='word_1_528' title='bbox 823 3991 1010 4048; x_wconf 87' lang='lat' dir='ltr'><strong>Causis</strong></span> <span class='ocrx_word' id='word_1_529' title='bbox 1036 3993 1228 4048; x_wconf 87' lang='lat' dir='ltr'><strong>vestris</strong></span> <span class='ocrx_word' id='word_1_530' title='bbox 1249 3990 1423 4045; x_wconf 87' lang='lat' dir='ltr'><strong>fidelis</strong></span> <span class='ocrx_word' id='word_1_531' title='bbox 1443 3998 1628 4044; x_wconf 90' lang='lat' dir='ltr'><strong>orator</strong></span> <span class='ocrx_word' id='word_1_532' title='bbox 1654 3989 1838 4054; x_wconf 88' lang='lat' dir='ltr'><strong>adfuit,</strong></span> <span class='ocrx_word' id='word_1_533' title='bbox 1868 4004 2122 4044; x_wconf 88' lang='lat' dir='ltr'><strong>necessa-</strong></span> 
     </span>
    </p>
   </div>
   <div class='ocr_carea' id='block_1_73' title="bbox 544 4079 2119 4153">
    <p class='ocr_par' dir='ltr' id='par_1_73' title="bbox 544 4079 2119 4153">
     <span class='ocr_line' id='line_1_73' title="bbox 544 4079 2119 4153; baseline -0.003 -13"><span class='ocrx_word' id='word_1_534' title='bbox 544 4087 636 4140; x_wconf 91' lang='lat' dir='ltr'><strong>riis</strong></span> <span class='ocrx_word' id='word_1_535' title='bbox 660 4084 816 4139; x_wconf 89' lang='lat' dir='ltr'><strong>rebus</strong></span> <span class='ocrx_word' id='word_1_536' title='bbox 846 4085 1122 4145; x_wconf 87' lang='lat' dir='ltr'><strong>assistens,</strong></span> <span class='ocrx_word' id='word_1_537' title='bbox 1149 4081 1440 4153; x_wconf 87' lang='lat' dir='ltr'><strong>judicantis</strong></span> <span class='ocrx_word' id='word_1_538' title='bbox 1480 4079 1718 4150; x_wconf 89' lang='lat' dir='ltr'><strong>portavit</strong></span> <span class='ocrx_word' id='word_1_539' title='bbox 1761 4080 1997 4134; x_wconf 90' lang='lat' dir='ltr'><strong>animum</strong></span> <span class='ocrx_word' id='word_1_540' title='bbox 2049 4079 2119 4136; x_wconf 86' lang='lat' dir='ltr'><strong>ad</strong></span> 
     </span>
    </p>
   </div>
   <div class='ocr_carea' id='block_1_74' title="bbox 541 4165 2118 4242">
    <p class='ocr_par' dir='ltr' id='par_1_74' title="bbox 541 4165 2118 4242">
     <span class='ocr_line' id='line_1_74' title="bbox 541 4165 2118 4242; baseline -0.004 -12"><span class='ocrx_word' id='word_1_541' title='bbox 541 4175 791 4230; x_wconf 86' lang='lat' dir='ltr'><strong>subsellia</strong></span> <span class='ocrx_word' id='word_1_542' title='bbox 843 4175 1178 4242; x_wconf 87' lang='lat' dir='ltr'><strong>cognitorum</strong></span> <span class='ocrx_word' id='word_1_543' title='bbox 1227 4189 1242 4226; x_wconf 87' lang='lat'><strong>:</strong></span> <span class='ocrx_word' id='word_1_544' title='bbox 1289 4172 1376 4226; x_wconf 90' lang='lat' dir='ltr'><strong>cui</strong></span> <span class='ocrx_word' id='word_1_545' title='bbox 1429 4169 1622 4224; x_wconf 89' lang='lat' dir='ltr'><strong>merito</strong></span> <span class='ocrx_word' id='word_1_546' title='bbox 1661 4165 1912 4238; x_wconf 89' lang='lat' dir='ltr'><strong>frequens</strong></span> <span class='ocrx_word' id='word_1_547' title='bbox 1937 4169 2118 4239; x_wconf 88' lang='lat' dir='ltr'><strong>palma</strong></span> 
     </span>
    </p>
   </div>
   <div class='ocr_carea' id='block_1_75' title="bbox 541 4255 2117 4334">
    <p class='ocr_par' dir='ltr' id='par_1_75' title="bbox 541 4255 2117 4334">
     <span class='ocr_line' id='line_1_75' title="bbox 541 4255 2117 4334; baseline -0.003 -17"><span class='ocrx_word' id='word_1_548' title='bbox 541 4265 782 4334; x_wconf 81' lang='lat' dir='ltr'><strong>contigit,</strong></span> <span class='ocrx_word' id='word_1_549' title='bbox 813 4263 937 4333; x_wconf 90' lang='lat' dir='ltr'><strong>quia</strong></span> <span class='ocrx_word' id='word_1_550' title='bbox 979 4263 1249 4330; x_wconf 89' lang='lat' dir='ltr'><strong>sapienter</strong></span> <span class='ocrx_word' id='word_1_551' title='bbox 1277 4257 1552 4326; x_wconf 86' lang='lat' dir='ltr'><strong>alleganda</strong></span> <span class='ocrx_word' id='word_1_552' title='bbox 1593 4257 1862 4311; x_wconf 87' lang='lat' dir='ltr'><strong>tractavit.</strong></span> <span class='ocrx_word' id='word_1_553' title='bbox 1891 4255 2117 4313; x_wconf 89' lang='lat' dir='ltr'><strong>Pudoris</strong></span> 
     </span>
    </p>
   </div>
   <div class='ocr_carea' id='block_1_76' title="bbox 543 4346 2118 4420">
    <p class='ocr_par' dir='ltr' id='par_1_76' title="bbox 543 4346 2118 4420">
     <span class='ocr_line' id='line_1_76' title="bbox 543 4346 2118 4420; baseline -0.003 -11"><span class='ocrx_word' id='word_1_554' title='bbox 543 4357 682 4409; x_wconf 90' lang='lat' dir='ltr'><strong>enim</strong></span> <span class='ocrx_word' id='word_1_555' title='bbox 713 4355 978 4409; x_wconf 89' lang='lat' dir='ltr'><strong>sustinere</strong></span> <span class='ocrx_word' id='word_1_556' title='bbox 1002 4351 1266 4420; x_wconf 79' lang='lat' dir='ltr'><strong>jacturam</strong></span> <span class='ocrx_word' id='word_1_557' title='bbox 1295 4349 1559 4411; x_wconf 83' lang='lat' dir='ltr'><strong>nesciunt,</strong></span> <span class='ocrx_word' id='word_1_558' title='bbox 1583 4346 1675 4418; x_wconf 89' lang='lat' dir='ltr'><strong>qui</strong></span> <span class='ocrx_word' id='word_1_559' title='bbox 1701 4361 1759 4402; x_wconf 91' lang='lat' dir='ltr'><strong>se</strong></span> <span class='ocrx_word' id='word_1_560' title='bbox 1778 4349 1926 4418; x_wconf 91' lang='lat' dir='ltr'><strong>prius</strong></span> <span class='ocrx_word' id='word_1_561' title='bbox 1941 4347 2118 4417; x_wconf 88' lang='lat' dir='ltr'><strong>judice</strong></span> 
     </span>
    </p>
   </div>
   <div class='ocr_carea' id='block_1_77' title="bbox 2225 3165 3820 3240">
    <p class='ocr_par' dir='ltr' id='par_1_77' title="bbox 2225 3165 3820 3240">
     <span class='ocr_line' id='line_1_77' title="bbox 2225 3165 3820 3240; baseline -0.006 -14"><span class='ocrx_word' id='word_1_562' title='bbox 2225 3180 2402 3228; x_wconf 87' lang='lat' dir='ltr'><strong>tanter</strong></span> <span class='ocrx_word' id='word_1_563' title='bbox 2426 3170 2678 3240; x_wconf 79' lang='lat' dir='ltr'><strong>excipiat.</strong></span> <span class='ocrx_word' id='word_1_564' title='bbox 2705 3169 2904 3238; x_wconf 86' lang='lat' dir='ltr'><strong>Dignus</strong></span> <span class='ocrx_word' id='word_1_565' title='bbox 2925 3175 3010 3222; x_wconf 92' lang='lat' dir='ltr'><strong>est</strong></span> <span class='ocrx_word' id='word_1_566' title='bbox 3029 3167 3172 3221; x_wconf 89' lang='lat' dir='ltr'><strong>enim</strong></span> <span class='ocrx_word' id='word_1_567' title='bbox 3203 3181 3235 3220; x_wconf 91' lang='lat' dir='ltr'><strong>a</strong></span> <span class='ocrx_word' id='word_1_568' title='bbox 3253 3165 3414 3222; x_wconf 86' lang='lat' dir='ltr'><strong>vobis</strong></span> <span class='ocrx_word' id='word_1_569' title='bbox 3435 3165 3586 3236; x_wconf 86' lang='lat' dir='ltr'><strong>diligi</strong></span> <span class='ocrx_word' id='word_1_570' title='bbox 3603 3165 3697 3235; x_wconf 89' lang='lat' dir='ltr'><strong>qui</strong></span> <span class='ocrx_word' id='word_1_571' title='bbox 3721 3179 3820 3236; x_wconf 85' lang='lat' dir='ltr'><strong>par</strong></span> 
     </span>
    </p>
   </div>
   <div class='ocr_carea' id='block_1_78' title="bbox 2222 3257 3201 3328">
    <p class='ocr_par' dir='ltr' id='par_1_78' title="bbox 2222 3257 3201 3328">
     <span class='ocr_line' id='line_1_78' title="bbox 2222 3257 3201 3328; baseline -0.004 -12"><span class='ocrx_word' id='word_1_572' title='bbox 2222 3261 2384 3317; x_wconf 91' lang='lat' dir='ltr'><strong>tantis</strong></span> <span class='ocrx_word' id='word_1_573' title='bbox 2407 3261 2703 3317; x_wconf 86' lang='lat' dir='ltr'><strong>honoribus</strong></span> <span class='ocrx_word' id='word_1_574' title='bbox 2731 3259 2929 3314; x_wconf 88' lang='lat' dir='ltr'><strong>meruit</strong></span> <span class='ocrx_word' id='word_1_575' title='bbox 2955 3257 3201 3328; x_wconf 90' lang='lat' dir='ltr'><strong>reperiri.</strong></span> 
     </span>
    </p>
   </div>
   <div class='ocr_carea' id='block_1_79' title="bbox 2784 3413 3205 3470">
    <p class='ocr_par' dir='ltr' id='par_1_79' title="bbox 2784 3413 3205 3470">
     <span class='ocr_line' id='line_1_79' title="bbox 2784 3413 3205 3470; baseline 0.002 -1"><span class='ocrx_word' id='word_1_576' title='bbox 2784 3413 3113 3470; x_wconf 80' lang='lat' dir='ltr'><strong>EPISTOLA</strong></span> <span class='ocrx_word' id='word_1_577' title='bbox 3143 3415 3205 3470; x_wconf 83' lang='lat' dir='ltr'><strong>V.</strong></span> 
     </span>
    </p>
   </div>
   <div class='ocr_carea' id='block_1_80' title="bbox 2501 3543 3456 3602">
    <p class='ocr_par' dir='ltr' id='par_1_80' title="bbox 2501 3543 3456 3602">
     <span class='ocr_line' id='line_1_80' title="bbox 2501 3543 3456 3602; baseline 0 -19"><span class='ocrx_word' id='word_1_578' title='bbox 2501 3543 2743 3583; x_wconf 69' lang='lat' dir='ltr'><strong>IANNIL£</strong></span> <span class='ocrx_word' id='word_1_579' title='bbox 2757 3543 2930 3583; x_wconf 66' lang='grc' dir='ltr'><strong>δυοῖσι</strong></span> <span class='ocrx_word' id='word_1_580' title='bbox 2943 3543 3308 3602; x_wconf 68' lang='lat' dir='ltr'><strong>THEODORICUS</strong></span> <span class='ocrx_word' id='word_1_581' title='bbox 3326 3544 3456 3583; x_wconf 76' lang='lat' dir='ltr'><strong>REX.</strong></span> 
     </span>
    </p>
   </div>
   <div class='ocr_carea' id='block_1_81' title="bbox 2223 3629 3821 3703">
    <p class='ocr_par' dir='ltr' id='par_1_81' title="bbox 2223 3629 3821 3703">
     <span class='ocr_line' id='line_1_81' title="bbox 2223 3629 3821 3703; baseline 0.004 -19"><span class='ocrx_word' id='word_1_582' title='bbox 2223 3629 2387 3686; x_wconf 82' lang='lat' dir='ltr'><strong>Docet</strong></span> <span class='ocrx_word' id='word_1_583' title='bbox 2430 3630 2553 3703; x_wconf 85' lang='lat' dir='ltr'><strong>quid</strong></span> <span class='ocrx_word' id='word_1_584' title='bbox 2593 3632 2648 3684; x_wconf 79' lang='lat' dir='ltr'><strong>in</strong></span> <span class='ocrx_word' id='word_1_585' title='bbox 2671 3647 2878 3684; x_wconf 84' lang='lat' dir='ltr'><strong>munere</strong></span> <span class='ocrx_word' id='word_1_586' title='bbox 2904 3631 3104 3702; x_wconf 60' lang='lat' dir='ltr'><strong>sajonfs</strong></span> <span class='ocrx_word' id='word_1_587' title='bbox 3129 3629 3192 3684; x_wconf 85' lang='lat' dir='ltr'><strong>ab</strong></span> <span class='ocrx_word' id='word_1_588' title='bbox 3221 3647 3281 3686; x_wconf 83' lang='lat' dir='ltr'><strong>eo</strong></span> <span class='ocrx_word' id='word_1_589' title='bbox 3305 3633 3592 3702; x_wconf 82' lang='lat' dir='ltr'><strong>gerendum</strong></span> <span class='ocrx_word' id='word_1_590' title='bbox 3621 3636 3709 3703; x_wconf 73' lang='lat' dir='ltr'><strong>sit,</strong></span> <span class='ocrx_word' id='word_1_591' title='bbox 3741 3637 3821 3691; x_wconf 64' lang='lat' dir='ltr'><strong>rei</strong></span> 
     </span>
    </p>
   </div>
   <div class='ocr_carea' id='block_1_82' title="bbox 2957 3716 3082 3754">
    <p class='ocr_par' dir='ltr' id='par_1_82' title="bbox 2957 3716 3082 3754">
     <span class='ocr_line' id='line_1_82' title="bbox 2957 3716 3082 3754; baseline 0 -2"><span class='ocrx_word' id='word_1_592' title='bbox 2957 3716 3082 3754; x_wconf 81' lang='lat' dir='ltr'><strong>non.</strong></span> 
     </span>
    </p>
   </div>
   <div class='ocr_carea' id='block_1_83' title="bbox 2291 3789 3822 3861">
    <p class='ocr_par' dir='ltr' id='par_1_83' title="bbox 2291 3789 3822 3861">
     <span class='ocr_line' id='line_1_83' title="bbox 2291 3789 3822 3861; baseline 0.003 -12"><span class='ocrx_word' id='word_1_593' title='bbox 2291 3791 2586 3849; x_wconf 86' lang='lat' dir='ltr'><strong>Laudabile</strong></span> <span class='ocrx_word' id='word_1_594' title='bbox 2625 3799 2710 3846; x_wconf 89' lang='lat' dir='ltr'><strong>est</strong></span> <span class='ocrx_word' id='word_1_595' title='bbox 2744 3791 2799 3844; x_wconf 90' lang='lat' dir='ltr'><strong>in</strong></span> <span class='ocrx_word' id='word_1_596' title='bbox 2845 3789 2935 3845; x_wconf 89' lang='lat' dir='ltr'><strong>illa</strong></span> <span class='ocrx_word' id='word_1_597' title='bbox 2972 3798 3128 3861; x_wconf 88' lang='lat' dir='ltr'><strong>parte</strong></span> <span class='ocrx_word' id='word_1_598' title='bbox 3171 3791 3450 3858; x_wconf 86' lang='lat' dir='ltr'><strong>geminare</strong></span> <span class='ocrx_word' id='word_1_599' title='bbox 3509 3796 3822 3855; x_wconf 87' lang='lat' dir='ltr'><strong>custodiam</strong></span> 
     </span>
    </p>
   </div>
   <div class='ocr_carea' id='block_1_84' title="bbox 2222 3879 3821 3954">
    <p class='ocr_par' dir='ltr' id='par_1_84' title="bbox 2222 3879 3821 3954">
     <span class='ocr_line' id='line_1_84' title="bbox 2222 3879 3821 3954; baseline 0.001 -15"><span class='ocrx_word' id='word_1_600' title='bbox 2222 3899 2384 3954; x_wconf 91' lang='lat' dir='ltr'><strong>quam</strong></span> <span class='ocrx_word' id='word_1_601' title='bbox 2408 3888 2623 3938; x_wconf 89' lang='lat' dir='ltr'><strong>constat</strong></span> <span class='ocrx_word' id='word_1_602' title='bbox 2651 3879 2866 3950; x_wconf 85' lang='lat' dir='ltr'><strong>reipub.</strong></span> <span class='ocrx_word' id='word_1_603' title='bbox 2897 3880 3306 3936; x_wconf 85' lang='lat' dir='ltr'><strong>necessitatibus</strong></span> <span class='ocrx_word' id='word_1_604' title='bbox 3329 3882 3681 3951; x_wconf 80' lang='lat' dir='ltr'><strong>exquisitam.</strong></span> <span class='ocrx_word' id='word_1_605' title='bbox 3715 3884 3821 3941; x_wconf 88' lang='lat' dir='ltr'><strong>Per</strong></span> 
     </span>
    </p>
   </div>
   <div class='ocr_carea' id='block_1_85' title="bbox 2215 3971 3822 4040">
    <p class='ocr_par' dir='ltr' id='par_1_85' title="bbox 2215 3971 3822 4040">
     <span class='ocr_line' id='line_1_85' title="bbox 2215 3971 3822 4040; baseline 0.001 -9"><span class='ocrx_word' id='word_1_606' title='bbox 2215 3975 2360 4032; x_wconf 87' lang='lat' dir='ltr'><strong>hanc</strong></span> <span class='ocrx_word' id='word_1_607' title='bbox 2411 3975 2556 4030; x_wconf 90' lang='lat' dir='ltr'><strong>enim</strong></span> <span class='ocrx_word' id='word_1_608' title='bbox 2609 3979 2666 4028; x_wconf 91' lang='lat' dir='ltr'><strong>et</strong></span> <span class='ocrx_word' id='word_1_609' title='bbox 2727 3971 3055 4040; x_wconf 86' lang='lat' dir='ltr'><strong>legationum</strong></span> <span class='ocrx_word' id='word_1_610' title='bbox 3105 3971 3330 4036; x_wconf 87' lang='lat' dir='ltr'><strong>utilitas,</strong></span> <span class='ocrx_word' id='word_1_611' title='bbox 3385 3981 3444 4029; x_wconf 88' lang='lat' dir='ltr'><strong>et</strong></span> <span class='ocrx_word' id='word_1_612' title='bbox 3507 3974 3822 4032; x_wconf 84' lang='lat' dir='ltr'><strong>ordinatio-</strong></span> 
     </span>
    </p>
   </div>
   <div class='ocr_carea' id='block_1_86' title="bbox 2219 4063 3821 4133">
    <p class='ocr_par' dir='ltr' id='par_1_86' title="bbox 2219 4063 3821 4133">
     <span class='ocr_line' id='line_1_86' title="bbox 2219 4063 3821 4133; baseline 0.002 -10"><span class='ocrx_word' id='word_1_613' title='bbox 2219 4081 2347 4124; x_wconf 90' lang='lat' dir='ltr'><strong>num</strong></span> <span class='ocrx_word' id='word_1_614' title='bbox 2377 4073 2682 4121; x_wconf 89' lang='lat' dir='ltr'><strong>nostrarum</strong></span> <span class='ocrx_word' id='word_1_615' title='bbox 2706 4063 2956 4120; x_wconf 88' lang='lat' dir='ltr'><strong>celeritas</strong></span> <span class='ocrx_word' id='word_1_616' title='bbox 2982 4063 3302 4133; x_wconf 82' lang='lat' dir='ltr'><strong>explicatur.</strong></span> <span class='ocrx_word' id='word_1_617' title='bbox 3331 4063 3464 4122; x_wconf 61' lang='lat' dir='ltr'><strong>Haec</strong></span> <span class='ocrx_word' id='word_1_618' title='bbox 3511 4075 3571 4122; x_wconf 85' lang='lat' dir='ltr'><strong>et</strong></span> <span class='ocrx_word' id='word_1_619' title='bbox 3618 4069 3821 4126; x_wconf 90' lang='lat' dir='ltr'><strong>aulicis</strong></span> 
     </span>
    </p>
   </div>
   <div class='ocr_carea' id='block_1_87' title="bbox 2215 4153 3818 4228">
    <p class='ocr_par' dir='ltr' id='par_1_87' title="bbox 2215 4153 3818 4228">
     <span class='ocr_line' id='line_1_87' title="bbox 2215 4153 3818 4228; baseline 0.003 -16"><span class='ocrx_word' id='word_1_620' title='bbox 2215 4155 2574 4228; x_wconf 89' lang='lat' dir='ltr'><strong>potestatibus</strong></span> <span class='ocrx_word' id='word_1_621' title='bbox 2593 4169 2693 4224; x_wconf 91' lang='lat' dir='ltr'><strong>per</strong></span> <span class='ocrx_word' id='word_1_622' title='bbox 2719 4155 2898 4212; x_wconf 87' lang='lat' dir='ltr'><strong>varias</strong></span> <span class='ocrx_word' id='word_1_623' title='bbox 2919 4153 3192 4224; x_wconf 86' lang='lat' dir='ltr'><strong>jussiones</strong></span> <span class='ocrx_word' id='word_1_624' title='bbox 3220 4155 3491 4210; x_wconf 88' lang='lat' dir='ltr'><strong>ministrat</strong></span> <span class='ocrx_word' id='word_1_625' title='bbox 3517 4155 3818 4218; x_wconf 79' lang='lat' dir='ltr'><strong>effectum;</strong></span> 
     </span>
    </p>
   </div>
   <div class='ocr_carea' id='block_1_88' title="bbox 2219 4245 3823 4305">
    <p class='ocr_par' dir='ltr' id='par_1_88' title="bbox 2219 4245 3823 4305">
     <span class='ocr_line' id='line_1_88' title="bbox 2219 4245 3823 4305; baseline 0.001 -5"><span class='ocrx_word' id='word_1_626' title='bbox 2219 4246 2332 4301; x_wconf 68' lang='lat' dir='ltr'><strong>haec</strong></span> <span class='ocrx_word' id='word_1_627' title='bbox 2359 4245 2561 4300; x_wconf 89' lang='lat' dir='ltr'><strong>crebris</strong></span> <span class='ocrx_word' id='word_1_628' title='bbox 2580 4245 2910 4300; x_wconf 86' lang='lat' dir='ltr'><strong>illationibus</strong></span> <span class='ocrx_word' id='word_1_629' title='bbox 2935 4253 3180 4299; x_wconf 89' lang='lat' dir='ltr'><strong>nostrum</strong></span> <span class='ocrx_word' id='word_1_630' title='bbox 3219 4245 3360 4300; x_wconf 84' lang='lat' dir='ltr'><strong>ditat</strong></span> <span class='ocrx_word' id='word_1_631' title='bbox 3384 4247 3640 4302; x_wconf 73' lang='lat' dir='ltr'><strong>aerarium</strong></span> <span class='ocrx_word' id='word_1_632' title='bbox 3679 4267 3694 4302; x_wconf 92' lang='lat'><strong>:</strong></span> <span class='ocrx_word' id='word_1_633' title='bbox 3759 4258 3823 4305; x_wconf 90' lang='lat' dir='ltr'><strong>ut</strong></span> 
     </span>
    </p>
   </div>
   <div class='ocr_carea' id='block_1_89' title="bbox 2216 4335 3825 4409">
    <p class='ocr_par' dir='ltr' id='par_1_89' title="bbox 2216 4335 3825 4409">
     <span class='ocr_line' id='line_1_89' title="bbox 2216 4335 3825 4409; baseline 0.002 -16"><span class='ocrx_word' id='word_1_634' title='bbox 2216 4353 2358 4409; x_wconf 89' lang='lat' dir='ltr'><strong>pene</strong></span> <span class='ocrx_word' id='word_1_635' title='bbox 2401 4336 2660 4406; x_wconf 91' lang='lat' dir='ltr'><strong>quidquid</strong></span> <span class='ocrx_word' id='word_1_636' title='bbox 2701 4337 2755 4391; x_wconf 92' lang='lat' dir='ltr'><strong>in</strong></span> <span class='ocrx_word' id='word_1_637' title='bbox 2781 4335 2974 4406; x_wconf 89' lang='lat' dir='ltr'><strong>repub.</strong></span> <span class='ocrx_word' id='word_1_638' title='bbox 3007 4336 3213 4405; x_wconf 89' lang='lat' dir='ltr'><strong>geritur</strong></span> <span class='ocrx_word' id='word_1_639' title='bbox 3239 4337 3479 4392; x_wconf 89' lang='lat' dir='ltr'><strong>cursuali</strong></span> <span class='ocrx_word' id='word_1_640' title='bbox 3505 4338 3825 4397; x_wconf 87' lang='lat' dir='ltr'><strong>ministerio</strong></span> 
     </span>
    </p>
   </div>
   <div class='ocr_carea' id='block_1_90' title="bbox 540 4425 3820 4520">
    <p class='ocr_par' dir='ltr' id='par_1_90' title="bbox 540 4425 3820 4520">
     <span class='ocr_line' id='line_1_90' title="bbox 540 4425 3820 4520; baseline -0.005 -20"><span class='ocrx_word' id='word_1_641' title='bbox 540 4445 897 4512; x_wconf 87' lang='lat' dir='ltr'><strong>corriguntur.</strong></span> <span class='ocrx_word' id='word_1_642' title='bbox 928 4441 1154 4496; x_wconf 84' lang='lat' dir='ltr'><strong>Inferior</strong></span> <span class='ocrx_word' id='word_1_643' title='bbox 1169 4439 1336 4508; x_wconf 84' lang='lat' dir='ltr'><strong>gradu</strong></span> <span class='ocrx_word' id='word_1_644' title='bbox 1356 4441 1644 4510; x_wconf 70' lang='lat' dir='ltr'><strong>pmstabat</strong></span> <span class='ocrx_word' id='word_1_645' title='bbox 1664 4440 1792 4495; x_wconf 90' lang='lat' dir='ltr'><strong>viris</strong></span> <span class='ocrx_word' id='word_1_646' title='bbox 1819 4438 2116 4494; x_wconf 82' lang='lat' dir='ltr'><strong>consulari-</strong></span> <span class='ocrx_word' id='word_1_647' title='bbox 2142 4460 2194 4520; x_wconf 70' lang='grc' dir='ltr'><strong>Β</strong></span> <span class='ocrx_word' id='word_1_648' title='bbox 2219 4429 2572 4500; x_wconf 91' lang='lat' dir='ltr'><strong>compleatur.</strong></span> <span class='ocrx_word' id='word_1_649' title='bbox 2620 4427 2787 4482; x_wconf 90' lang='lat' dir='ltr'><strong>Decet</strong></span> <span class='ocrx_word' id='word_1_650' title='bbox 2840 4425 3065 4497; x_wconf 89' lang='lat' dir='ltr'><strong>proinde</strong></span> <span class='ocrx_word' id='word_1_651' title='bbox 3117 4435 3334 4496; x_wconf 86' lang='lat' dir='ltr'><strong>semper</strong></span> <span class='ocrx_word' id='word_1_652' title='bbox 3373 4441 3496 4482; x_wconf 88' lang='lat' dir='ltr'><strong>esse</strong></span> <span class='ocrx_word' id='word_1_653' title='bbox 3537 4438 3820 4498; x_wconf 87' lang='lat' dir='ltr'><strong>paratum,</strong></span> 
     </span>
    </p>
   </div>
   <div class='ocr_carea' id='block_1_91' title="bbox 539 4529 2116 4602">
    <p class='ocr_par' dir='ltr' id='par_1_91' title="bbox 539 4529 2116 4602">
     <span class='ocr_line' id='line_1_91' title="bbox 539 4529 2116 4602; baseline -0.003 -14"><span class='ocrx_word' id='word_1_654' title='bbox 539 4535 638 4588; x_wconf 91' lang='lat' dir='ltr'><strong>bus</strong></span> <span class='ocrx_word' id='word_1_655' title='bbox 660 4546 720 4588; x_wconf 91' lang='lat' dir='ltr'><strong>se</strong></span> <span class='ocrx_word' id='word_1_656' title='bbox 741 4541 1048 4602; x_wconf 87' lang='lat' dir='ltr'><strong>patronum,</strong></span> <span class='ocrx_word' id='word_1_657' title='bbox 1071 4540 1128 4585; x_wconf 91' lang='lat' dir='ltr'><strong>et</strong></span> <span class='ocrx_word' id='word_1_658' title='bbox 1153 4545 1274 4586; x_wconf 90' lang='lat' dir='ltr'><strong>cum</strong></span> <span class='ocrx_word' id='word_1_659' title='bbox 1301 4530 1591 4584; x_wconf 88' lang='lat' dir='ltr'><strong>honoribus</strong></span> <span class='ocrx_word' id='word_1_660' title='bbox 1614 4530 1808 4585; x_wconf 85' lang='lat' dir='ltr'><strong>vestris</strong></span> <span class='ocrx_word' id='word_1_661' title='bbox 1837 4529 2009 4600; x_wconf 91' lang='lat' dir='ltr'><strong>impar</strong></span> <span class='ocrx_word' id='word_1_662' title='bbox 2027 4529 2116 4584; x_wconf 89' lang='lat' dir='ltr'><strong>ba-</strong></span> 
     </span>
    </p>
   </div>
   <div class='ocr_carea' id='block_1_92' title="bbox 540 4617 2115 4690">
    <p class='ocr_par' dir='ltr' id='par_1_92' title="bbox 540 4617 2115 4690">
     <span class='ocr_line' id='line_1_92' title="bbox 540 4617 2115 4690; baseline -0.004 -12"><span class='ocrx_word' id='word_1_663' title='bbox 540 4624 778 4686; x_wconf 87' lang='lat' dir='ltr'><strong>beretur,</strong></span> <span class='ocrx_word' id='word_1_664' title='bbox 807 4621 1063 4690; x_wconf 90' lang='lat' dir='ltr'><strong>patricius</strong></span> <span class='ocrx_word' id='word_1_665' title='bbox 1093 4621 1142 4674; x_wconf 89' lang='lat' dir='ltr'><strong>ei</strong></span> <span class='ocrx_word' id='word_1_666' title='bbox 1171 4621 1342 4674; x_wconf 91' lang='lat' dir='ltr'><strong>dictus</strong></span> <span class='ocrx_word' id='word_1_667' title='bbox 1363 4628 1446 4674; x_wconf 91' lang='lat' dir='ltr'><strong>est</strong></span> <span class='ocrx_word' id='word_1_668' title='bbox 1477 4621 1529 4673; x_wconf 92' lang='lat' dir='ltr'><strong>in</strong></span> <span class='ocrx_word' id='word_1_669' title='bbox 1559 4617 1904 4674; x_wconf 88' lang='lat' dir='ltr'><strong>celeberrima</strong></span> <span class='ocrx_word' id='word_1_670' title='bbox 1931 4617 2115 4687; x_wconf 86' lang='lat' dir='ltr'><strong>cogni-</strong></span> 
     </span>
    </p>
   </div>
   <div class='ocr_carea' id='block_1_93' title="bbox 539 4706 2110 4784">
    <p class='ocr_par' dir='ltr' id='par_1_93' title="bbox 539 4706 2110 4784">
     <span class='ocr_line' id='line_1_93' title="bbox 539 4706 2110 4784; baseline -0.002 -19"><span class='ocrx_word' id='word_1_671' title='bbox 539 4713 686 4768; x_wconf 91' lang='lat' dir='ltr'><strong>tione</strong></span> <span class='ocrx_word' id='word_1_672' title='bbox 713 4721 992 4782; x_wconf 89' lang='lat' dir='ltr'><strong>susccptus</strong></span> <span class='ocrx_word' id='word_1_673' title='bbox 1015 4712 1092 4784; x_wconf 75' lang='lat' dir='ltr'><strong>[id</strong></span> <span class='ocrx_word' id='word_1_674' title='bbox 1111 4720 1186 4765; x_wconf 81' lang='lat' dir='ltr'><strong>est</strong></span> <span class='ocrx_word' id='word_1_675' title='bbox 1207 4711 1372 4766; x_wconf 89' lang='lat' dir='ltr'><strong>cliens</strong></span> <span class='ocrx_word' id='word_1_676' title='bbox 1374 4708 1416 4783; x_wconf 81' lang='lat' dir='ltr'><strong>J.</strong></span> <span class='ocrx_word' id='word_1_677' title='bbox 1437 4710 1602 4766; x_wconf 79' lang='lat' dir='ltr'><strong>Nimis</strong></span> <span class='ocrx_word' id='word_1_678' title='bbox 1621 4725 1799 4764; x_wconf 89' lang='lat' dir='ltr'><strong>rarum</strong></span> <span class='ocrx_word' id='word_1_679' title='bbox 1823 4717 1924 4776; x_wconf 89' lang='lat' dir='ltr'><strong>est,</strong></span> <span class='ocrx_word' id='word_1_680' title='bbox 1944 4707 2005 4762; x_wconf 90' lang='lat' dir='ltr'><strong>P.</strong></span> <span class='ocrx_word' id='word_1_681' title='bbox 2021 4706 2110 4768; x_wconf 79' lang='grc' dir='ltr'><strong>Ο..</strong></span> 
     </span>
    </p>
   </div>
   <div class='ocr_carea' id='block_1_94' title="bbox 534 4797 2107 4870">
    <p class='ocr_par' dir='ltr' id='par_1_94' title="bbox 534 4797 2107 4870">
     <span class='ocr_line' id='line_1_94' title="bbox 534 4797 2107 4870; baseline -0.003 -13"><span class='ocrx_word' id='word_1_682' title='bbox 534 4802 762 4858; x_wconf 88' lang='lat' dir='ltr'><strong>solidum</strong></span> <span class='ocrx_word' id='word_1_683' title='bbox 815 4802 992 4870; x_wconf 88' lang='lat' dir='ltr'><strong>loqui,</strong></span> <span class='ocrx_word' id='word_1_684' title='bbox 1031 4810 1088 4857; x_wconf 90' lang='lat' dir='ltr'><strong>et</strong></span> <span class='ocrx_word' id='word_1_685' title='bbox 1132 4803 1217 4856; x_wconf 93' lang='lat' dir='ltr'><strong>cui</strong></span> <span class='ocrx_word' id='word_1_686' title='bbox 1265 4800 1430 4856; x_wconf 87' lang='lat' dir='ltr'><strong>multa</strong></span> <span class='ocrx_word' id='word_1_687' title='bbox 1483 4811 1704 4863; x_wconf 85' lang='lat' dir='ltr'><strong>necesse</strong></span> <span class='ocrx_word' id='word_1_688' title='bbox 1749 4806 1834 4854; x_wconf 89' lang='lat' dir='ltr'><strong>est</strong></span> <span class='ocrx_word' id='word_1_689' title='bbox 1885 4797 2107 4860; x_wconf 89' lang='lat' dir='ltr'><strong>dicere,</strong></span> 
     </span>
    </p>
   </div>
   <div class='ocr_carea' id='block_1_95' title="bbox 604 4949 2096 5021">
    <p class='ocr_par' dir='ltr' id='par_1_95' title="bbox 604 4949 2096 5021">
     <span class='ocr_line' id='line_1_95' title="bbox 604 4949 2096 5021; baseline -0.003 -15"><span class='ocrx_word' id='word_1_690' title='bbox 604 4965 629 4992; x_wconf 70' lang='grc' dir='ltr'><em>α</em></span> <span class='ocrx_word' id='word_1_691' title='bbox 662 4954 951 5021; x_wconf 76' lang='lat' dir='ltr'><strong>Quaestoris</strong></span> <span class='ocrx_word' id='word_1_692' title='bbox 979 4951 1212 5009; x_wconf 76' lang='lat' dir='ltr'><strong>ofﬁcium</strong></span> <span class='ocrx_word' id='word_1_693' title='bbox 1233 4952 1569 5018; x_wconf 87' lang='lat' dir='ltr'><strong>describitur,</strong></span> <span class='ocrx_word' id='word_1_694' title='bbox 1594 4951 1662 5008; x_wconf 91' lang='lat' dir='ltr'><strong>de</strong></span> <span class='ocrx_word' id='word_1_695' title='bbox 1680 4965 1788 5021; x_wconf 82' lang='lat' dir='ltr'><strong>quo</strong></span> <span class='ocrx_word' id='word_1_696' title='bbox 1813 4951 1978 5006; x_wconf 88' lang='lat' dir='ltr'><strong>etiam</strong></span> <span class='ocrx_word' id='word_1_697' title='bbox 2001 4949 2096 5004; x_wconf 91' lang='lat' dir='ltr'><strong>lib.</strong></span> 
     </span>
    </p>
   </div>
   <div class='ocr_carea' id='block_1_96' title="bbox 530 5019 1888 5134">
    <p class='ocr_par' dir='ltr' id='par_1_96' title="bbox 530 5019 1888 5134">
     <span class='ocr_line' id='line_1_96' title="bbox 530 5019 1888 5134; baseline -0.005 -53"><span class='ocrx_word' id='word_1_698' title='bbox 530 5019 856 5134; x_wconf 45' lang='lat' dir='ltr'><strong>seqql&#39;fotrm.</strong></span> <span class='ocrx_word' id='word_1_699' title='bbox 887 5024 954 5105; x_wconf 57' lang='lat'><strong>5,</strong></span> <span class='ocrx_word' id='word_1_700' title='bbox 985 5024 1074 5101; x_wconf 71' lang='lat' dir='ltr'><strong>lib.</strong></span> <span class='ocrx_word' id='word_1_701' title='bbox 1101 5039 1210 5086; x_wconf 80' lang='lat' dir='ltr'><strong>vni,</strong></span> <span class='ocrx_word' id='word_1_702' title='bbox 1242 5023 1398 5104; x_wconf 78' lang='lat' dir='ltr'><strong>epist.</strong></span> <span class='ocrx_word' id='word_1_703' title='bbox 1426 5022 1496 5103; x_wconf 79' lang='lat' dir='ltr'><strong>ll_</strong></span> <span class='ocrx_word' id='word_1_704' title='bbox 1516 5031 1572 5078; x_wconf 90' lang='lat' dir='ltr'><strong>et</strong></span> <span class='ocrx_word' id='word_1_705' title='bbox 1587 5021 1679 5104; x_wconf 68' lang='grc' dir='ltr'><strong>μ.</strong></span> <span class='ocrx_word' id='word_1_706' title='bbox 1698 5019 1888 5076; x_wconf 28' lang='lat' dir='ltr'><strong>’Foan.</strong></span> 
     </span>
     <span class='ocr_line' id='line_1_97' title="bbox 691 5088 1888 5134; baseline 0 0"><span class='ocrx_word' id='word_1_707' title='bbox 691 5126 715 5134; x_wconf 65' lang='lat'><strong>.,</strong></span> <span class='ocrx_word' id='word_1_708' title='bbox 753 5096 782 5134; x_wconf 65' lang='grc' dir='ltr'><strong>,ἱ</strong></span> <span class='ocrx_word' id='word_1_709' title='bbox 826 5109 986 5134; x_wconf 74' lang='lat' dir='ltr'><strong>mane</strong></span> <span class='ocrx_word' id='word_1_710' title='bbox 1033 5093 1100 5134; x_wconf 75' lang='grc' dir='ltr'><strong>ιῖρ</strong></span> <span class='ocrx_word' id='word_1_711' title='bbox 1125 5107 1322 5134; x_wconf 68' lang='lat' dir='ltr'><strong>nmmc-</strong></span> <span class='ocrx_word' id='word_1_712' title='bbox 1355 5092 1390 5134; x_wconf 59' lang='lat' dir='ltr'><strong>l,</strong></span> <span class='ocrx_word' id='word_1_713' title='bbox 1423 5091 1444 5134; x_wconf 69' lang='grc' dir='ltr'><strong>«Ι</strong></span> <span class='ocrx_word' id='word_1_714' title='bbox 1484 5109 1534 5134; x_wconf 84' lang='grc' dir='ltr'><strong>ιη</strong></span> <span class='ocrx_word' id='word_1_715' title='bbox 1567 5093 1658 5134; x_wconf 84' lang='lat' dir='ltr'><strong>hn-</strong></span> <span class='ocrx_word' id='word_1_716' title='bbox 1691 5091 1760 5134; x_wconf 65' lang='lat' dir='ltr'><strong>de</strong></span> <span class='ocrx_word' id='word_1_717' title='bbox 1783 5088 1888 5134; x_wconf 75' lang='lat' dir='ltr'><strong>nmt</strong></span> 
     </span>
    </p>
   </div>
   <div class='ocr_carea' id='block_1_97' title="bbox 658 5085 2100 5162">
    <p class='ocr_par' dir='ltr' id='par_1_97' title="bbox 658 5085 2100 5162">
     <span class='ocr_line' id='line_1_98' title="bbox 658 5085 2100 5162; baseline -0.005 -15"><span class='ocrx_word' id='word_1_718' title='bbox 658 5085 719 5147; x_wconf 85' lang='lat' dir='ltr'><strong>L.</strong></span> <span class='ocrx_word' id='word_1_719' title='bbox 749 5094 802 5156; x_wconf 81' lang='lat'><strong>9,</strong></span> <span class='ocrx_word' id='word_1_720' title='bbox 826 5085 1008 5160; x_wconf 85' lang='lat' dir='ltr'><strong>moris,</strong></span> <span class='ocrx_word' id='word_1_721' title='bbox 1029 5091 1100 5148; x_wconf 71' lang='lat' dir='ltr'><strong>‘de</strong></span> <span class='ocrx_word' id='word_1_722' title='bbox 1125 5085 1324 5162; x_wconf 55' lang='lat' dir='ltr'><strong>poenis;</strong></span> <span class='ocrx_word' id='word_1_723' title='bbox 1355 5092 1391 5146; x_wconf 90' lang='grc' dir='ltr'><strong>Ι.</strong></span> <span class='ocrx_word' id='word_1_724' title='bbox 1423 5091 1459 5162; x_wconf 8' lang='grc'><strong>17</strong></span> <span class='ocrx_word' id='word_1_725' title='bbox 1483 5092 1536 5146; x_wconf 92' lang='lat' dir='ltr'><strong>in</strong></span> <span class='ocrx_word' id='word_1_726' title='bbox 1567 5092 1658 5162; x_wconf 87' lang='lat' dir='ltr'><strong>fin.</strong></span> <span class='ocrx_word' id='word_1_727' title='bbox 1691 5091 1760 5146; x_wconf 92' lang='lat' dir='ltr'><strong>de</strong></span> <span class='ocrx_word' id='word_1_728' title='bbox 1783 5088 1924 5162; x_wconf 79' lang='lat' dir='ltr'><strong>offic.</strong></span> <span class='ocrx_word' id='word_1_729' title='bbox 1949 5085 2100 5162; x_wconf 67' lang='lat' dir='ltr'><strong>prmf.</strong></span> 
     </span>
    </p>
   </div>
   <div class='ocr_carea' id='block_1_98' title="bbox 532 5157 2104 5232">
    <p class='ocr_par' dir='ltr' id='par_1_98' title="bbox 532 5157 2104 5232">
     <span class='ocr_line' id='line_1_99' title="bbox 532 5157 2104 5232; baseline -0.007 -11"><span class='ocrx_word' id='word_1_730' title='bbox 532 5164 660 5222; x_wconf 92' lang='lat' dir='ltr'><strong>Urb.</strong></span> <span class='ocrx_word' id='word_1_731' title='bbox 711 5163 844 5217; x_wconf 83' lang='lat' dir='ltr'><strong>Plin.</strong></span> <span class='ocrx_word' id='word_1_732' title='bbox 878 5163 968 5217; x_wconf 90' lang='lat' dir='ltr'><strong>lib.</strong></span> <span class='ocrx_word' id='word_1_733' title='bbox 995 5157 1052 5226; x_wconf 43' lang='lat' dir='ltr'><strong>&#39;r,</strong></span> <span class='ocrx_word' id='word_1_734' title='bbox 1077 5157 1234 5232; x_wconf 76' lang='lat' dir='ltr'><strong>epist.</strong></span> <span class='ocrx_word' id='word_1_735' title='bbox 1249 5159 1325 5232; x_wconf 61' lang='lat'><strong>2|</strong></span> <span class='ocrx_word' id='word_1_736' title='bbox 1350 5161 1682 5232; x_wconf 82' lang='lat' dir='ltr'><strong>;Advocatio</strong></span> <span class='ocrx_word' id='word_1_737' title='bbox 1707 5174 1800 5214; x_wconf 87' lang='lat' dir='ltr'><strong>seu</strong></span> <span class='ocrx_word' id='word_1_738' title='bbox 1826 5157 2104 5232; x_wconf 77' lang='lat' dir='ltr'><strong>advecatia</strong></span> 
     </span>
    </p>
   </div>
   <div class='ocr_carea' id='block_1_99' title="bbox 528 5225 2104 5304">
    <p class='ocr_par' dir='ltr' id='par_1_99' title="bbox 528 5225 2104 5304">
     <span class='ocr_line' id='line_1_100' title="bbox 528 5225 2104 5304; baseline -0.008 -15"><span class='ocrx_word' id='word_1_739' title='bbox 528 5237 736 5304; x_wconf 86' lang='lat' dir='ltr'><strong>species</strong></span> <span class='ocrx_word' id='word_1_740' title='bbox 756 5234 999 5304; x_wconf 80' lang='lat' dir='ltr'><strong>quaedam</strong></span> <span class='ocrx_word' id='word_1_741' title='bbox 1021 5225 1230 5304; x_wconf 77' lang='lat' dir='ltr'><strong>estseu</strong></span> <span class='ocrx_word' id='word_1_742' title='bbox 1239 5230 1393 5304; x_wconf 76' lang='lat' dir='ltr'><strong>fundi</strong></span> <span class='ocrx_word' id='word_1_743' title='bbox 1411 5247 1504 5304; x_wconf 79' lang='lat' dir='ltr'><strong>seu</strong></span> <span class='ocrx_word' id='word_1_744' title='bbox 1525 5232 1968 5304; x_wconf 76' lang='lat' dir='ltr'><strong>commodiquam</strong></span> <span class='ocrx_word' id='word_1_745' title='bbox 1987 5225 2104 5304; x_wconf 86' lang='lat' dir='ltr'><strong>vul-</strong></span> 
     </span>
    </p>
   </div>
   <div class='ocr_carea' id='block_1_100' title="bbox 527 5299 2109 5373">
    <p class='ocr_par' dir='ltr' id='par_1_100' title="bbox 527 5299 2109 5373">
     <span class='ocr_line' id='line_1_101' title="bbox 527 5299 2109 5373; baseline -0.005 -16"><span class='ocrx_word' id='word_1_746' title='bbox 527 5299 596 5372; x_wconf 80' lang='lat' dir='ltr'><strong>go</strong></span> <span class='ocrx_word' id='word_1_747' title='bbox 625 5299 935 5373; x_wconf 73' lang='lat' dir='ltr'><strong>pensionem</strong></span> <span class='ocrx_word' id='word_1_748' title='bbox 954 5303 1196 5373; x_wconf 82' lang='lat' dir='ltr'><strong>dicimus,</strong></span> <span class='ocrx_word' id='word_1_749' title='bbox 1219 5301 1271 5373; x_wconf 83' lang='lat' dir='ltr'><strong>in</strong></span> <span class='ocrx_word' id='word_1_750' title='bbox 1301 5301 1433 5356; x_wconf 89' lang='lat' dir='ltr'><strong>usib.</strong></span> <span class='ocrx_word' id='word_1_751' title='bbox 1467 5299 1650 5373; x_wconf 83' lang='lat' dir='ltr'><strong>feud.,_</strong></span> <span class='ocrx_word' id='word_1_752' title='bbox 1670 5300 1763 5373; x_wconf 88' lang='lat' dir='ltr'><strong>tit_._</strong></span> <span class='ocrx_word' id='word_1_753' title='bbox 1780 5299 1848 5352; x_wconf 87' lang='lat' dir='ltr'><strong>de</strong></span> <span class='ocrx_word' id='word_1_754' title='bbox 1875 5303 2109 5373; x_wconf 57' lang='lat' dir='ltr'><strong>pacate;</strong></span> 
     </span>
    </p>
   </div>
   <div class='ocr_carea' id='block_1_101' title="bbox 529 5363 2098 5452">
    <p class='ocr_par' dir='ltr' id='par_1_101' title="bbox 529 5363 2098 5452">
     <span class='ocr_line' id='line_1_102' title="bbox 529 5363 2098 5452; baseline -0.005 -27"><span class='ocrx_word' id='word_1_755' title='bbox 529 5363 822 5452; x_wconf 47' lang='lat' dir='ltr'><strong>fienil;,.Si</strong></span> <span class='ocrx_word' id='word_1_756' title='bbox 851 5371 970 5452; x_wconf 75' lang='lat' dir='ltr'><strong>quis</strong></span> <span class='ocrx_word' id='word_1_757' title='bbox 987 5369 1348 5452; x_wconf 50' lang='lat' dir='ltr'><strong>&quot;advocatiam</strong></span> <span class='ocrx_word' id='word_1_758' title='bbox 1388 5385 1538 5452; x_wconf 74' lang='lat' dir='ltr'><strong>suam</strong></span> <span class='ocrx_word' id='word_1_759' title='bbox 1567 5363 1656 5452; x_wconf 49' lang='lat' dir='ltr'><strong>Zel-</strong></span> <span class='ocrx_word' id='word_1_760' title='bbox 1698 5363 1913 5452; x_wconf 73' lang='lat' dir='ltr'><strong>aliquod</strong></span> <span class='ocrx_word' id='word_1_761' title='bbox 1953 5363 2098 5452; x_wconf 55' lang='lat' dir='ltr'><strong>aliud</strong></span> 
     </span>
    </p>
   </div>
   <div class='ocr_carea' id='block_1_102' title="bbox 528 5433 2100 5506">
    <p class='ocr_par' dir='ltr' id='par_1_102' title="bbox 528 5433 2100 5506">
     <span class='ocr_line' id='line_1_103' title="bbox 528 5433 2100 5506; baseline -0.006 -10"><span class='ocrx_word' id='word_1_762' title='bbox 528 5433 963 5496; x_wconf 46' lang='lat' dir='ltr'><strong>beneficium-Ac</strong></span> <span class='ocrx_word' id='word_1_763' title='bbox 987 5439 1302 5493; x_wconf 79' lang='lat' dir='ltr'><strong>Theoderns</strong></span> <span class='ocrx_word' id='word_1_764' title='bbox 1323 5439 1536 5506; x_wconf 88' lang='lat' dir='ltr'><strong>quidem</strong></span> <span class='ocrx_word' id='word_1_765' title='bbox 1567 5433 1846 5492; x_wconf 80' lang='lat' dir='ltr'><strong>Balsamon</strong></span> <span class='ocrx_word' id='word_1_766' title='bbox 1871 5437 1976 5506; x_wconf 88' lang='lat' dir='ltr'><strong>duo</strong></span> <span class='ocrx_word' id='word_1_767' title='bbox 2005 5433 2100 5506; x_wconf 79' lang='lat' dir='ltr'><strong>ad-</strong></span> 
     </span>
    </p>
   </div>
   <div class='ocr_carea' id='block_1_103' title="bbox 529 5501 2100 5576">
    <p class='ocr_par' dir='ltr' id='par_1_103' title="bbox 529 5501 2100 5576">
     <span class='ocr_line' id='line_1_104' title="bbox 529 5501 2100 5576; baseline -0.004 -14"><span class='ocrx_word' id='word_1_768' title='bbox 529 5523 840 5564; x_wconf 81' lang='lat' dir='ltr'><strong>vocatorum</strong></span> <span class='ocrx_word' id='word_1_769' title='bbox 855 5524 1048 5576; x_wconf 86' lang='lat' dir='ltr'><strong>genera</strong></span> <span class='ocrx_word' id='word_1_770' title='bbox 1077 5501 1371 5571; x_wconf 71' lang='lat' dir='ltr'><strong>constituit,</strong></span> <span class='ocrx_word' id='word_1_771' title='bbox 1393 5523 1557 5562; x_wconf 86' lang='lat' dir='ltr'><strong>unum</strong></span> <span class='ocrx_word' id='word_1_772' title='bbox 1587 5521 1773 5560; x_wconf 91' lang='lat' dir='ltr'><strong>eorum</strong></span> <span class='ocrx_word' id='word_1_773' title='bbox 1799 5505 1890 5574; x_wconf 92' lang='lat' dir='ltr'><strong>qui</strong></span> <span class='ocrx_word' id='word_1_774' title='bbox 1917 5501 2100 5576; x_wconf 77' lang='lat' dir='ltr'><strong>statio-</strong></span> 
     </span>
    </p>
   </div>
   <div class='ocr_carea' id='block_1_104' title="bbox 529 5573 2099 5632">
    <p class='ocr_par' dir='ltr' id='par_1_104' title="bbox 529 5573 2099 5632">
     <span class='ocr_line' id='line_1_105' title="bbox 529 5573 2099 5632; baseline -0.003 -2"><span class='ocrx_word' id='word_1_775' title='bbox 529 5593 652 5631; x_wconf 85' lang='lat' dir='ltr'><strong>nem</strong></span> <span class='ocrx_word' id='word_1_776' title='bbox 682 5581 734 5631; x_wconf 92' lang='lat' dir='ltr'><strong>in</strong></span> <span class='ocrx_word' id='word_1_777' title='bbox 763 5573 880 5632; x_wconf 77' lang='lat' dir='ltr'><strong>foro</strong></span> <span class='ocrx_word' id='word_1_778' title='bbox 899 5578 1156 5631; x_wconf 87' lang='lat' dir='ltr'><strong>haberent</strong></span> <span class='ocrx_word' id='word_1_779' title='bbox 1180 5586 1236 5630; x_wconf 90' lang='lat' dir='ltr'><strong>et</strong></span> <span class='ocrx_word' id='word_1_780' title='bbox 1257 5587 1488 5632; x_wconf 85' lang='lat' dir='ltr'><strong>tesseras</strong></span> <span class='ocrx_word' id='word_1_781' title='bbox 1507 5573 1880 5630; x_wconf 85' lang='lat' dir='ltr'><strong>frumentarias</strong></span> <span class='ocrx_word' id='word_1_782' title='bbox 1907 5573 1975 5627; x_wconf 88' lang='lat' dir='ltr'><strong>ab</strong></span> <span class='ocrx_word' id='word_1_783' title='bbox 1994 5573 2099 5626; x_wconf 65' lang='lat' dir='ltr'><strong>imo</strong></span> 
     </span>
    </p>
   </div>
   <div class='ocr_carea' id='block_1_105' title="bbox 531 5641 2100 5714">
    <p class='ocr_par' dir='ltr' id='par_1_105' title="bbox 531 5641 2100 5714">
     <span class='ocr_line' id='line_1_106' title="bbox 531 5641 2100 5714; baseline -0.004 -16"><span class='ocrx_word' id='word_1_784' title='bbox 531 5657 780 5713; x_wconf 86' lang='lat' dir='ltr'><strong>peratore</strong></span> <span class='ocrx_word' id='word_1_785' title='bbox 801 5649 1128 5714; x_wconf 87' lang='lat' dir='ltr'><strong>acciperent,</strong></span> <span class='ocrx_word' id='word_1_786' title='bbox 1155 5646 1381 5698; x_wconf 88' lang='lat' dir='ltr'><strong>alterum</strong></span> <span class='ocrx_word' id='word_1_787' title='bbox 1409 5660 1593 5714; x_wconf 82' lang='lat' dir='ltr'><strong>eorum</strong></span> <span class='ocrx_word' id='word_1_788' title='bbox 1625 5643 1716 5712; x_wconf 83' lang='lat' dir='ltr'><strong>qui</strong></span> <span class='ocrx_word' id='word_1_789' title='bbox 1755 5653 2005 5714; x_wconf 84' lang='lat' dir='ltr'><strong>tanquam</strong></span> <span class='ocrx_word' id='word_1_790' title='bbox 2035 5641 2100 5714; x_wconf 81' lang='lat' dir='ltr'><strong>li-</strong></span> 
     </span>
    </p>
   </div>
   <div class='ocr_carea' id='block_1_106' title="bbox 531 5710 2104 5780">
    <p class='ocr_par' dir='ltr' id='par_1_106' title="bbox 531 5710 2104 5780">
     <span class='ocr_line' id='line_1_107' title="bbox 531 5710 2104 5780; baseline -0.001 -14"><span class='ocrx_word' id='word_1_791' title='bbox 531 5710 766 5769; x_wconf 80' lang='lat' dir='ltr'><strong>beralem</strong></span> <span class='ocrx_word' id='word_1_792' title='bbox 814 5710 983 5770; x_wconf 81' lang='lat' dir='ltr'><strong>artem</strong></span> <span class='ocrx_word' id='word_1_793' title='bbox 1019 5721 1352 5780; x_wconf 80' lang='lat' dir='ltr'><strong>exercerent,</strong></span> <span class='ocrx_word' id='word_1_794' title='bbox 1398 5713 1452 5768; x_wconf 89' lang='lat' dir='ltr'><strong>in</strong></span> <span class='ocrx_word' id='word_1_795' title='bbox 1506 5710 1682 5770; x_wconf 80' lang='lat' dir='ltr'><strong>ofﬁcio</strong></span> <span class='ocrx_word' id='word_1_796' title='bbox 1735 5710 2104 5769; x_wconf 88' lang='lat' dir='ltr'><strong>advocationis</strong></span> 
     </span>
    </p>
   </div>
   <div class='ocr_carea' id='block_1_107' title="bbox 2219 4517 3826 4594">
    <p class='ocr_par' dir='ltr' id='par_1_107' title="bbox 2219 4517 3826 4594">
     <span class='ocr_line' id='line_1_108' title="bbox 2219 4517 3826 4594; baseline 0.001 -18"><span class='ocrx_word' id='word_1_797' title='bbox 2219 4521 2364 4594; x_wconf 88' lang='lat' dir='ltr'><strong>quod</strong></span> <span class='ocrx_word' id='word_1_798' title='bbox 2395 4520 2710 4578; x_wconf 88' lang='lat' dir='ltr'><strong>utilitatibus</strong></span> <span class='ocrx_word' id='word_1_799' title='bbox 2729 4517 2957 4588; x_wconf 90' lang='lat' dir='ltr'><strong>publicis</strong></span> <span class='ocrx_word' id='word_1_800' title='bbox 2981 4518 3242 4588; x_wconf 91' lang='lat' dir='ltr'><strong>probatur</strong></span> <span class='ocrx_word' id='word_1_801' title='bbox 3266 4518 3725 4574; x_wconf 89' lang='lat' dir='ltr'><strong>accommodum:</strong></span> <span class='ocrx_word' id='word_1_802' title='bbox 3752 4537 3826 4578; x_wconf 90' lang='lat' dir='ltr'><strong>ne</strong></span> 
     </span>
    </p>
   </div>
   <div class='ocr_carea' id='block_1_108' title="bbox 2218 4611 3826 4684">
    <p class='ocr_par' dir='ltr' id='par_1_108' title="bbox 2218 4611 3826 4684">
     <span class='ocr_line' id='line_1_109' title="bbox 2218 4611 3826 4684; baseline 0.001 -15"><span class='ocrx_word' id='word_1_803' title='bbox 2218 4614 2360 4684; x_wconf 89' lang='lat' dir='ltr'><strong>quod</strong></span> <span class='ocrx_word' id='word_1_804' title='bbox 2385 4612 2453 4668; x_wconf 92' lang='lat' dir='ltr'><strong>ad</strong></span> <span class='ocrx_word' id='word_1_805' title='bbox 2472 4611 2804 4667; x_wconf 87' lang='lat' dir='ltr'><strong>celeritatem</strong></span> <span class='ocrx_word' id='word_1_806' title='bbox 2828 4618 3102 4680; x_wconf 89' lang='lat' dir='ltr'><strong>repertum</strong></span> <span class='ocrx_word' id='word_1_807' title='bbox 3114 4617 3219 4680; x_wconf 88' lang='lat' dir='ltr'><strong>est,</strong></span> <span class='ocrx_word' id='word_1_808' title='bbox 3243 4611 3596 4680; x_wconf 86' lang='lat' dir='ltr'><strong>incongruam</strong></span> <span class='ocrx_word' id='word_1_809' title='bbox 3629 4615 3826 4682; x_wconf 78' lang='lat' dir='ltr'><strong>potius</strong></span> 
     </span>
    </p>
   </div>
   <div class='ocr_carea' id='block_1_109' title="bbox 2217 4699 3823 4774">
    <p class='ocr_par' dir='ltr' id='par_1_109' title="bbox 2217 4699 3823 4774">
     <span class='ocr_line' id='line_1_110' title="bbox 2217 4699 3823 4774; baseline 0.001 -17"><span class='ocrx_word' id='word_1_810' title='bbox 2217 4702 2592 4760; x_wconf 88' lang='lat' dir='ltr'><strong>festinantibus</strong></span> <span class='ocrx_word' id='word_1_811' title='bbox 2614 4701 2809 4756; x_wconf 87' lang='lat' dir='ltr'><strong>inferat</strong></span> <span class='ocrx_word' id='word_1_812' title='bbox 2837 4699 3164 4756; x_wconf 84' lang='lat' dir='ltr'><strong>tarditatem.</strong></span> <span class='ocrx_word' id='word_1_813' title='bbox 3189 4701 3366 4768; x_wconf 81' lang='lat' dir='ltr'><strong>Atque</strong></span> <span class='ocrx_word' id='word_1_814' title='bbox 3394 4701 3518 4756; x_wconf 89' lang='lat' dir='ltr'><strong>ideo</strong></span> <span class='ocrx_word' id='word_1_815' title='bbox 3563 4703 3823 4774; x_wconf 55' lang='lat' dir='ltr'><strong>praefecti</strong></span> 
     </span>
    </p>
   </div>
   <div class='ocr_carea' id='block_1_110' title="bbox 2216 4789 3825 4864">
    <p class='ocr_par' dir='ltr' id='par_1_110' title="bbox 2216 4789 3825 4864">
     <span class='ocr_line' id='line_1_111' title="bbox 2216 4789 3825 4864; baseline 0 -15"><span class='ocrx_word' id='word_1_816' title='bbox 2216 4792 2467 4864; x_wconf 82' lang='lat' dir='ltr'><strong>praetorio</strong></span> <span class='ocrx_word' id='word_1_817' title='bbox 2493 4799 2550 4848; x_wconf 89' lang='lat' dir='ltr'><strong>et</strong></span> <span class='ocrx_word' id='word_1_818' title='bbox 2576 4790 2814 4860; x_wconf 89' lang='lat' dir='ltr'><strong>magistri</strong></span> <span class='ocrx_word' id='word_1_819' title='bbox 2842 4789 3163 4854; x_wconf 75' lang='lat' dir='ltr'><strong>officiorum,</strong></span> <span class='ocrx_word' id='word_1_820' title='bbox 3186 4791 3275 4845; x_wconf 91' lang='lat' dir='ltr'><strong>ubi</strong></span> <span class='ocrx_word' id='word_1_821' title='bbox 3299 4805 3399 4860; x_wconf 90' lang='lat' dir='ltr'><strong>pro</strong></span> <span class='ocrx_word' id='word_1_822' title='bbox 3421 4792 3637 4862; x_wconf 89' lang='lat' dir='ltr'><strong>publica</strong></span> <span class='ocrx_word' id='word_1_823' title='bbox 3667 4795 3825 4850; x_wconf 85' lang='lat' dir='ltr'><strong>utili-</strong></span> 
     </span>
    </p>
   </div>
   <div class='ocr_carea' id='block_1_111' title="bbox 2202 4943 3820 5019">
    <p class='ocr_par' dir='ltr' id='par_1_111' title="bbox 2202 4943 3820 5019">
     <span class='ocr_line' id='line_1_112' title="bbox 2202 4943 3820 5019; baseline 0.004 -19"><span class='ocrx_word' id='word_1_824' title='bbox 2202 4955 2566 5010; x_wconf 87' lang='lat' dir='ltr'><strong>versarentur,</strong></span> <span class='ocrx_word' id='word_1_825' title='bbox 2597 4945 2684 5001; x_wconf 91' lang='lat' dir='ltr'><strong>tit.</strong></span> <span class='ocrx_word' id='word_1_826' title='bbox 2714 4943 2748 5000; x_wconf 86' lang='lat'><strong>8</strong></span> <span class='ocrx_word' id='word_1_827' title='bbox 2801 4945 3100 5002; x_wconf 79' lang='lat' dir='ltr'><strong>Nomocan.</strong></span> <span class='ocrx_word' id='word_1_828' title='bbox 3132 4943 3310 5002; x_wconf 84' lang='lat' dir='ltr'><strong>Photii</strong></span> <span class='ocrx_word' id='word_1_829' title='bbox 3333 4987 3350 5013; x_wconf 95' lang='lat'><strong>,</strong></span> <span class='ocrx_word' id='word_1_830' title='bbox 3381 4962 3504 5019; x_wconf 89' lang='lat' dir='ltr'><strong>cap.</strong></span> <span class='ocrx_word' id='word_1_831' title='bbox 3538 4946 3820 5008; x_wconf 51' lang='lat'><strong>13.170»</strong></span> 
     </span>
    </p>
   </div>
   <div class='ocr_carea' id='block_1_112' title="bbox 2204 5033 2330 5072">
    <p class='ocr_par' dir='ltr' id='par_1_112' title="bbox 2204 5033 2330 5072">
     <span class='ocr_line' id='line_1_113' title="bbox 2204 5033 2330 5072; baseline 0 0"><span class='ocrx_word' id='word_1_832' title='bbox 2204 5033 2330 5072; x_wconf 71' lang='lat' dir='ltr'><strong>NER.</strong></span> 
     </span>
    </p>
   </div>
   <div class='ocr_carea' id='block_1_113' title="bbox 2281 5083 3814 5168">
    <p class='ocr_par' dir='ltr' id='par_1_113' title="bbox 2281 5083 3814 5168">
     <span class='ocr_line' id='line_1_114' title="bbox 2281 5083 3814 5168; baseline 0.008 -32"><span class='ocrx_word' id='word_1_833' title='bbox 2281 5098 2318 5168; x_wconf 50' lang='grc' dir='ltr'><strong>ξ.</strong></span> <span class='ocrx_word' id='word_1_834' title='bbox 2363 5083 2787 5168; x_wconf 29' lang='lat' dir='ltr'><strong>ilionoratiores&quot;</strong></span> <span class='ocrx_word' id='word_1_835' title='bbox 2809 5093 2935 5166; x_wconf 78' lang='lat' dir='ltr'><strong>sunt</strong></span> <span class='ocrx_word' id='word_1_836' title='bbox 2989 5094 3044 5140; x_wconf 92' lang='lat' dir='ltr'><strong>et</strong></span> <span class='ocrx_word' id='word_1_837' title='bbox 3084 5085 3394 5168; x_wconf 34' lang='lat' dir='ltr'><strong>‘chariores‘</strong></span> <span class='ocrx_word' id='word_1_838' title='bbox 3430 5089 3814 5168; x_wconf 73' lang='lat' dir='ltr'><strong>primogeniti.</strong></span> 
     </span>
    </p>
   </div>
   <div class='ocr_carea' id='block_1_114' title="bbox 2203 5152 3815 5223">
    <p class='ocr_par' dir='ltr' id='par_1_114' title="bbox 2203 5152 3815 5223">
     <span class='ocr_line' id='line_1_115' title="bbox 2203 5152 3815 5223; baseline 0.006 -15"><span class='ocrx_word' id='word_1_839' title='bbox 2203 5154 2358 5210; x_wconf 80' lang='lat' dir='ltr'><strong>Philo</strong></span> <span class='ocrx_word' id='word_1_840' title='bbox 2385 5155 2598 5208; x_wconf 69' lang='lat' dir='ltr'><strong>Judmus</strong></span> <span class='ocrx_word' id='word_1_841' title='bbox 2625 5154 2676 5208; x_wconf 93' lang='lat' dir='ltr'><strong>in</strong></span> <span class='ocrx_word' id='word_1_842' title='bbox 2709 5152 2957 5221; x_wconf 70' lang='lat' dir='ltr'><strong>Agrippa:</strong></span> <span class='ocrx_word' id='word_1_843' title='bbox 2983 5157 3231 5208; x_wconf 87' lang='lat' dir='ltr'><strong>oratione</strong></span> <span class='ocrx_word' id='word_1_844' title='bbox 3260 5155 3326 5208; x_wconf 91' lang='lat' dir='ltr'><strong>ad</strong></span> <span class='ocrx_word' id='word_1_845' title='bbox 3353 5152 3570 5223; x_wconf 80' lang='lat' dir='ltr'><strong>Caium,</strong></span> <span class='ocrx_word' id='word_1_846' title='bbox 3589 5152 3815 5218; x_wconf 75' lang='lat' dir='ltr'><strong>Plutar-</strong></span> 
     </span>
    </p>
   </div>
   <div class='ocr_carea' id='block_1_115' title="bbox 2206 5223 3814 5295">
    <p class='ocr_par' dir='ltr' id='par_1_115' title="bbox 2206 5223 3814 5295">
     <span class='ocr_line' id='line_1_116' title="bbox 2206 5223 3814 5295; baseline 0.006 -16"><span class='ocrx_word' id='word_1_847' title='bbox 2206 5226 2338 5295; x_wconf 84' lang='lat' dir='ltr'><strong>chus</strong></span> <span class='ocrx_word' id='word_1_848' title='bbox 2359 5225 2414 5278; x_wconf 91' lang='lat' dir='ltr'><strong>in</strong></span> <span class='ocrx_word' id='word_1_849' title='bbox 2442 5223 2560 5295; x_wconf 57' lang='lat' dir='ltr'><strong>Vita</strong></span> <span class='ocrx_word' id='word_1_850' title='bbox 2613 5223 2694 5295; x_wconf 72' lang='lat'><strong>10_</strong></span> <span class='ocrx_word' id='word_1_851' title='bbox 2708 5226 3006 5295; x_wconf 77' lang='lat' dir='ltr'><strong>rhetorum.</strong></span> <span class='ocrx_word' id='word_1_852' title='bbox 3039 5223 3198 5295; x_wconf 76' lang='lat' dir='ltr'><strong>Hine</strong></span> <span class='ocrx_word' id='word_1_853' title='bbox 3229 5223 3530 5295; x_wconf 65' lang='lat' dir='ltr'><strong>Procopius</strong></span> <span class='ocrx_word' id='word_1_854' title='bbox 3557 5229 3626 5283; x_wconf 89' lang='lat' dir='ltr'><strong>de</strong></span> <span class='ocrx_word' id='word_1_855' title='bbox 3653 5229 3814 5290; x_wconf 90' lang='lat' dir='ltr'><strong>Bello</strong></span> 
     </span>
    </p>
   </div>
   <div class='ocr_carea' id='block_1_116' title="bbox 2207 5291 3788 5366">
    <p class='ocr_par' dir='ltr' id='par_1_116' title="bbox 2207 5291 3788 5366">
     <span class='ocr_line' id='line_1_117' title="bbox 2207 5291 3788 5366; baseline 0.004 -18"><span class='ocrx_word' id='word_1_856' title='bbox 2207 5293 2562 5366; x_wconf 85' lang='lat' dir='ltr'><strong>Persico,_lib.</strong></span> <span class='ocrx_word' id='word_1_857' title='bbox 2589 5309 2639 5366; x_wconf 83' lang='lat' dir='ltr'><strong>_r,_</strong></span> <span class='ocrx_word' id='word_1_858' title='bbox 2655 5291 3072 5366; x_wconf 64' lang='lat' dir='ltr'><strong>Cabadempatu</strong></span> <span class='ocrx_word' id='word_1_859' title='bbox 3097 5291 3583 5366; x_wconf 10' lang='lat' dir='ltr'><strong>majorem,r:etatis</strong></span> <span class='ocrx_word' id='word_1_860' title='bbox 3606 5304 3788 5366; x_wconf 84' lang='lat' dir='ltr'><strong>gratia</strong></span> 
     </span>
    </p>
   </div>
   <div class='ocr_carea' id='block_1_117' title="bbox 2201 5347 3818 5433">
    <p class='ocr_par' dir='ltr' id='par_1_117' title="bbox 2201 5347 3818 5433">
     <span class='ocr_line' id='line_1_118' title="bbox 2201 5347 3818 5433; baseline 0.005 -13"><span class='ocrx_word' id='word_1_861' title='bbox 2201 5347 2558 5433; x_wconf 20' lang='lat' dir='ltr'><strong>leiivecabat.</strong></span> <span class='ocrx_word' id='word_1_862' title='bbox 2589 5347 2731 5433; x_wconf 80' lang='lat' dir='ltr'><strong>idem</strong></span> <span class='ocrx_word' id='word_1_863' title='bbox 2754 5361 2821 5416; x_wconf 88' lang='lat' dir='ltr'><strong>de</strong></span> <span class='ocrx_word' id='word_1_864' title='bbox 2852 5361 3000 5416; x_wconf 85' lang='lat' dir='ltr'><strong>Bello</strong></span> <span class='ocrx_word' id='word_1_865' title='bbox 3028 5347 3346 5428; x_wconf 71' lang='lat' dir='ltr'><strong>Vandalico,</strong></span> <span class='ocrx_word' id='word_1_866' title='bbox 3365 5347 3580 5433; x_wconf 72' lang='lat' dir='ltr'><strong>lib.</strong></span> 
     </span>
    </p>
   </div>
   <div class='ocr_carea' id='block_1_118' title="bbox 2199 5431 3815 5509">
    <p class='ocr_par' dir='ltr' id='par_1_118' title="bbox 2199 5431 3815 5509">
     <span class='ocr_line' id='line_1_119' title="bbox 2199 5431 3815 5509; baseline 0.002 -18"><span class='ocrx_word' id='word_1_867' title='bbox 2199 5450 2297 5491; x_wconf 90' lang='lat' dir='ltr'><strong>cus</strong></span> <span class='ocrx_word' id='word_1_868' title='bbox 2317 5449 2480 5509; x_wconf 77' lang='lat' dir='ltr'><strong>senex</strong></span> <span class='ocrx_word' id='word_1_869' title='bbox 2503 5431 2778 5509; x_wconf 81' lang='lat' dir='ltr'><strong>_d_ece_de_ns</strong></span> <span class='ocrx_word' id='word_1_870' title='bbox 2827 5439 3208 5486; x_wconf 87' lang='lat' dir='ltr'><strong>testamentum</strong></span> <span class='ocrx_word' id='word_1_871' title='bbox 3237 5434 3522 5509; x_wconf 68' lang='lat' dir='ltr'><strong>condidit,</strong></span> <span class='ocrx_word' id='word_1_872' title='bbox 3554 5431 3561 5433; x_wconf 61' lang='grc'><strong><em>“</em></strong></span> <span class='ocrx_word' id='word_1_873' title='bbox 3586 5437 3640 5492; x_wconf 89' lang='lat' dir='ltr'><strong>in</strong></span> <span class='ocrx_word' id='word_1_874' title='bbox 3696 5455 3815 5509; x_wconf 88' lang='lat' dir='ltr'><strong>quo</strong></span> 
     </span>
    </p>
   </div>
   <div class='ocr_carea' id='block_1_119' title="bbox 2199 5501 3815 5572">
    <p class='ocr_par' dir='ltr' id='par_1_119' title="bbox 2199 5501 3815 5572">
     <span class='ocr_line' id='line_1_120' title="bbox 2199 5501 3815 5572; baseline 0.003 -13"><span class='ocrx_word' id='word_1_875' title='bbox 2199 5503 2478 5559; x_wconf 87' lang='lat' dir='ltr'><strong>mandavit</strong></span> <span class='ocrx_word' id='word_1_876' title='bbox 2503 5501 2758 5556; x_wconf 84' lang='lat' dir='ltr'><strong>Vandalis</strong></span> <span class='ocrx_word' id='word_1_877' title='bbox 2779 5511 2838 5572; x_wconf 87' lang='lat' dir='ltr'><strong>ut</strong></span> <span class='ocrx_word' id='word_1_878' title='bbox 2863 5516 2962 5570; x_wconf 90' lang='lat' dir='ltr'><strong>per</strong></span> <span class='ocrx_word' id='word_1_879' title='bbox 2987 5515 3177 5554; x_wconf 86' lang='lat' dir='ltr'><strong>manus</strong></span> <span class='ocrx_word' id='word_1_880' title='bbox 3197 5502 3316 5569; x_wconf 88' lang='lat' dir='ltr'><strong>ejus</strong></span> <span class='ocrx_word' id='word_1_881' title='bbox 3335 5505 3490 5572; x_wconf 85' lang='lat' dir='ltr'><strong>regni</strong></span> <span class='ocrx_word' id='word_1_882' title='bbox 3521 5501 3815 5564; x_wconf 70' lang='lat' dir='ltr'><strong>successo-</strong></span> 
     </span>
    </p>
   </div>
   <div class='ocr_carea' id='block_1_120' title="bbox 2201 5571 3811 5643">
    <p class='ocr_par' dir='ltr' id='par_1_120' title="bbox 2201 5571 3811 5643">
     <span class='ocr_line' id='line_1_121' title="bbox 2201 5571 3811 5643; baseline -0.005 -13"><span class='ocrx_word' id='word_1_883' title='bbox 2201 5589 2290 5630; x_wconf 87' lang='lat' dir='ltr'><strong>res</strong></span> <span class='ocrx_word' id='word_1_884' title='bbox 2314 5573 2390 5628; x_wconf 87' lang='lat' dir='ltr'><strong>illi</strong></span> <span class='ocrx_word' id='word_1_885' title='bbox 2429 5571 2800 5643; x_wconf 84' lang='lat' dir='ltr'><strong>propinquiori</strong></span> <span class='ocrx_word' id='word_1_886' title='bbox 2829 5586 2896 5625; x_wconf 80' lang='lat' dir='ltr'><strong>ex</strong></span> <span class='ocrx_word' id='word_1_887' title='bbox 2942 5583 3142 5638; x_wconf 89' lang='lat' dir='ltr'><strong>genere</strong></span> <span class='ocrx_word' id='word_1_888' title='bbox 3179 5572 3351 5643; x_wconf 81' lang='lat' dir='ltr'><strong>virilis</strong></span> <span class='ocrx_word' id='word_1_889' title='bbox 3389 5571 3562 5643; x_wconf 68' lang='lat' dir='ltr'><strong>prolis</strong></span> <span class='ocrx_word' id='word_1_890' title='bbox 3617 5580 3811 5636; x_wconf 76' lang='lat' dir='ltr'><strong>trade-</strong></span> 
     </span>
    </p>
   </div>
   <div class='ocr_carea' id='block_1_121' title="bbox 2202 5639 3699 5711">
    <p class='ocr_par' dir='ltr' id='par_1_121' title="bbox 2202 5639 3699 5711">
     <span class='ocr_line' id='line_1_122' title="bbox 2202 5639 3699 5711; baseline 0.001 -11"><span class='ocrx_word' id='word_1_891' title='bbox 2202 5653 2409 5710; x_wconf 88' lang='lat' dir='ltr'><strong>rentur,</strong></span> <span class='ocrx_word' id='word_1_892' title='bbox 2433 5639 2488 5697; x_wconf 80' lang='lat' dir='ltr'><strong>et</strong></span> <span class='ocrx_word' id='word_1_893' title='bbox 2516 5639 2581 5697; x_wconf 80' lang='lat' dir='ltr'><strong>ex</strong></span> <span class='ocrx_word' id='word_1_894' title='bbox 2611 5641 2688 5696; x_wconf 84' lang='lat' dir='ltr'><strong>eis</strong></span> <span class='ocrx_word' id='word_1_895' title='bbox 2711 5639 2800 5711; x_wconf 83' lang='lat' dir='ltr'><strong>qui</strong></span> <span class='ocrx_word' id='word_1_896' title='bbox 2825 5647 2983 5694; x_wconf 69' lang='lat' dir='ltr'><strong>astate</strong></span> <span class='ocrx_word' id='word_1_897' title='bbox 3009 5639 3408 5708; x_wconf 59' lang='lat' dir='ltr'><strong>praecederent:</strong></span> <span class='ocrx_word' id='word_1_898' title='bbox 3429 5641 3699 5702; x_wconf 57' lang='lat' dir='ltr'><strong>Fossam»</strong></span> 
     </span>
    </p>
   </div>
  </div>
