3974 6388
182 285 288 340 649

1463 285 1824 344 VARlAllUM
1867 287 2068 342 LIBER
2109 286 2171 343 γ.

3380 289 3484 343 650

178 404 293 454 tate
319 395 638 468 delegerint,
655 399 994 456 ordinatione
1023 401 1254 468 locatus,
1280 400 1658 457 excedentium
1684 401 1786 456 im-
1816 404 1864 464 Α
1889 411 2156 470 quatenus
2177 400 2221 456 si
2248 400 2386 455 intra
2400 402 2501 456 cal.
2535 400 2931 471 Septembrium
2960 401 3125 468 diem,
3148 400 3292 472 quod
3313 404 3484 458 ratio-

177 490 406 560 probam
437 490 912 560 prazsumptionem
942 490 1036 545 tali
1061 499 1112 546 te
1133 492 1476 562 prmcipimus
1493 491 1787 546 districtio-

177 595 248 634 ne
277 594 552 648 resecare,
580 588 639 635 ut
665 580 780 635 sive
804 577 1018 636 Gothus
1037 581 1108 637 sit
1129 593 1224 636 aut
1244 581 1522 638 Romanus
1541 581 1632 651 qni
1669 581 1788 636 sine

176 681 366 728 nostra
393 671 482 727 vel
505 687 694 727 eorum
715 687 945 742 quorum
969 673 1197 729 interest
1216 674 1496 730 evectione
1527 673 1787 729 veredum

177 763 461 834 praesumit
488 764 780 832 attingere,
808 779 908 834 per
937 780 1100 819 unum
1132 781 1330 836 equum
1358 774 1575 820 centum
1601 765 1785 819 statim

177 853 386 908 solidos
414 869 446 908 a
477 862 529 909 te
549 862 776 922 cogatur
789 855 1093 922 exsolvere,
1125 864 1180 911 et
1198 856 1267 912 de
1293 857 1397 911 illis
1424 872 1642 928 quoque
1668 856 1786 928 pari

177 943 473 999 severitate
493 945 908 1014 censemus,qui
938 960 1102 1014 supra
1129 945 1472 1000 evectionum
1504 959 1788 1000 numerum

176 1035 461 1091 cursuales
483 1049 654 1104 equos
676 1051 936 1106 usurpare
963 1045 1313 1106 praesumunt.
1332 1035 1611 1106 Parliippis
1627 1035 1789 1108 [Vide

177 1123 272 1179 lib.
305 1141 384 1192 tv,
429 1126 579 1196 epist.
631 1122 725 1196 4η
754 1125 885 1196 quin
943 1126 1108 1181 etiam
1131 1141 1238 1180 non
1269 1126 1410 1180 ultra
1451 1141 1614 1196 quam
1667 1140 1792 1181 cen-

180 1224 299 1272 tum
325 1216 490 1271 libras
505 1215 760 1286 jnbemus
788 1217 1013 1287 imponi.
1033 1217 1202 1274 Nimis
1222 1217 1366 1273 enim
1391 1217 1680 1273 absurdum
1705 1227 1792 1274 est

181 1315 246 1362 ut
274 1321 306 1361 a
334 1321 444 1376 quo
464 1306 714 1362 celeritas
737 1307 991 1376 exigitur,
1018 1309 1225 1376 magnis
1245 1309 1572 1380 ponderibus
1600 1309 1790 1380 oppri-

180 1405 384 1452 matur.
441 1395 571 1452 Avis
603 1396 720 1470 [Gn
750 1407 800 1451 et
828 1397 972 1469 Cuj.,
1005 1397 1189 1469 Navis]
1239 1401 1353 1469 ipsa
1404 1415 1573 1455 onere
1599 1398 1786 1469 grava-

183 1495 239 1544 ta
262 1488 541 1558 pigrescit.
573 1487 782 1544 Carinae
806 1503 928 1558 quae
958 1489 1172 1545 labores
1200 1507 1308 1544 non
1337 1489 1581 1545 sentiunt
1607 1489 1790 1558 reple-

185 1585 256 1634 ta:
275 1578 494 1648 gravius
520 1587 826 1634 moventur.
857 1579 996 1646 Quid
1023 1580 1332 1650 quadrupes
1368 1580 1549 1636 facere
1597 1579 1787 1649 possit,

185 1672 282 1742 qui
314 1687 535 1742 pressus
582 1671 864 1727 nimietate
919 1673 1259 1728 succumbit?
1287 1672 1348 1727 Si
1384 1672 1506 1742 quis
1549 1678 1728 1726 autem
1759 1685 1789 1724 a

1891 490 2142 545 nabiliter
2169 492 2476 559 exponitur,
2509 507 2538 545 a
2585 491 2850 546 Thomate
2891 491 3112 547 minime
3141 489 3302 546 fuerit
3329 507 3487 547 exso-

1891 580 2082 646 lutum,
2128 581 2382 652 praedicta
2431 583 2734 638 substantia
2781 581 2977 638 ,ἰοειιηί
3019 583 3136 638 viro
3183 585 3484 640 clarissimo

1889 671 2260 738 contradatur,
2287 673 2377 742 qui
2409 672 2525 743 ejus
2551 674 2791 730 debitum
2821 674 2972 730 luere
3001 685 3186 729 nostro
3235 675 3481 744 promisit

1889 762 2269 830 aerario.Quod
2287 765 2330 820 si
2361 766 2741 833 obligationem
2765 779 2918 820 suam
2942 765 3228 835 praedictus
3250 762 3490 820 Thomas

1891 855 2102 910 solvere
2132 856 2274 910 intra
2325 857 2646 927 prmtinitum
2678 865 2892 926 tempus
2943 857 3174 912 fortasse
3223 857 3485 929 potuerit,

1893 947 2140 1004 universa
2165 947 2216 1002 ei
2265 962 2384 1018 quin
2410 948 2620 1003 sublata
2651 957 2776 1002 sunt
2803 947 3006 1002 illibata
3031 945 3327 1002 reddantur
3365 965 3379 1002 :
3413 949 3488 1004 ita

1891 1045 2074 1093 utnec
2103 1037 2262 1094 liscus
2283 1047 2468 1095 noster
2491 1040 2759 1094 sustinere
2785 1042 2890 1110 δι
2920 1038 3166 1093 videatur
3193 1038 3488 1094 incommo-

1893 1125 1987 1196 da,
2015 1135 2071 1182 et
2098 1143 2199 1182 nos
2221 1141 2613 1196 cognoscamnr
2638 1129 2897 1198 subjectis
2923 1129 3139 1182 solitam
3170 1129 3488 1197 praestitisse

1885 1217 2170 1286 justitiam.
2194 1216 2483 1274 Possemus
2503 1218 2647 1272 enim
2669 1217 2845 1274 adhuc
2867 1218 3005 1272 ultra
3033 1215 3270 1284 diﬁ‘erre,
3289 1218 3332 1270 si
3359 1217 3490 1287 quid

1893 1311 2176 1382 prodesset
2197 1313 2712 1382 negligentissimum
2740 1313 3028 1378 sustinere,
3060 1325 3220 1381 quem
3246 1326 3344 1382 per
3381 1323 3488 1368 tam

1895 1401 2112 1471 longum
2137 1405 2399 1474 temporis
2419 1405 2651 1474 spatium
2681 1419 2898 1475 semper
2918 1403 3222 1460 invenimus
3255 1403 3486 1474 impara-

1896 1500 2029 1548 tum.

2451 1627 2787 1684 EPISTOLA
2823 1627 2936 1682 Vll.

185 1764 412 1820 modulo
433 1762 657 1819 deﬁnito
685 1763 916 1833 amplius
943 1763 1109 1818 fuerit
1135 1764 1336 1819 habere
1359 1770 1628 1833 repertus,
1659 1760 1791 1816 dua-

1906 1758 2076 1798 IOANNI
2107 1759 2230 1799 Πκο
2269 1759 2600 1808 ειλιιιεειιο,
2632 1757 2900 1828 μειοηιο,
2949 1757 3318 1797 τηεουοιιιεος
3359 1757 3489 1796 REX.

188 1873 314 1913 rum
353 1856 636 1912 unciarum
683 1858 798 1911 auri
821 1857 1021 1911 damno
1047 1855 1290 1911 feriatur.
1323 1853 1496 1922 Quam
1523 1868 1790 1910 summam

186 1949 444 2021 protinus
459 1957 731 2018 exactam,
757 1949 898 2005 sicut
918 1947 1034 2018 jam
1059 1949 1424 2005 anterioribus
1443 1947 1635 2004 edictis
1659 1961 1794 2002 con-

186 2041 438 2096 stitutum
469 2047 573 2106 est,
604 2055 704 2110 per
734 2023 984 2096 ofﬁcium.
1011 2040 1335 2111 magisteria:
1362 2039 1638 2108 dignitatis
1665 2054 1792 2094 cur-

186 2131 273 2186 sui
304 2128 569 2201 proﬁcere
592 2129 792 2186 debere
819 2146 1136 2198 censemus;
1160 2131 1368 2201 justum
1408 2137 1494 2186 est
1540 2130 1686 2186 enim
1735 2138 1796 2186 ut

189 2231 419 2291 cogatur
447 2221 538 2276 illa
568 2221 800 2277 vendere
821 2221 962 2278 unde
993 2221 1264 2292 publicum
1286 2237 1486 2290 equum
1517 2220 1660 2278 male
1690 2236 1791 2275 no-

189 2313 365 2369 scitur
390 2327 684 2379 onerasse;
710 2313 782 2367 sit
809 2313 1142 2368 nuditatibus
1169 2311 1453 2382 expeditus
1474 2311 1568 2380 qui
1599 2311 1794 2366 volun-

191 2413 310 2460 tate
337 2403 515 2460 noluit
535 2419 655 2461 esse
681 2404 1012 2461 celerrimus.
1025 2402 1292 2460 Praeterea
1307 2416 1714 2458 commonemus
1736 2409 1796 2455 ut

191 2497 608 2567 przepositorum
635 2495 920 2552 commoda
942 2511 1050 2551 non
1072 2509 1389 2566 praesumas,
1411 2507 1513 2549 nec
1535 2492 1795 2563 quidquid

193 2600 294 2641 eos
324 2586 606 2657 potestatis
651 2585 853 2641 habere
899 2585 1200 2642 reverenda
1239 2583 1422 2640 sanxit
1475 2582 1793 2652 antiquitas,

193 2677 377 2748 aliqua
398 2678 748 2749 usurpatione
767 2677 1023 2747 degenies
1039 2687 1061 2712 ο
1081 2677 1195 2749 [δι’.
1215 2686 1266 2732 et
1285 2675 1402 2747 Cuj.
1426 2684 1477 2730 et
1498 2675 1607 2741 cd.,
1631 2673 1796 2729 dene-

194 2768 339 2844 ges].
367 2769 480 2827 Nos
506 2771 649 2828 enim
682 2785 780 2840 per
801 2779 855 2826 te
882 2771 1159 2836 geminare
1191 2769 1444 2825 volumus
1467 2765 1796 2831 custodiam,

200 2875 312 2918 non
332 2862 570 2934 antiquae
596 2861 1001 2918 consuetudinis
1030 2876 1312 2917 removere
1349 2859 1640 2915 cautelam.

781 2953 1113 3011 EPISTOLA
1140 2955 1226 3009 Vl.

406 3061 736 3102 STABULABIO
756 3061 1044 3101 COIITIACO
1063 3059 1429 3100 THEODORICUS
1453 3059 1580 3098 REX.

203 3138 356 3195 Iubet
381 3139 713 3194 ntuniversas
737 3137 1007 3208 facultates
1031 3137 1320 3203 Thomatis,
1346 3138 1434 3207 qui
1457 3136 1519 3191 ob
1541 3145 1682 3208 certa
1703 3141 1798 3189 do-

274 3227 388 3280 mus
410 3211 568 3280 regite
609 3207 808 3278 pra'dia
838 3209 1108 3280 duodecim
1138 3209 1304 3262 millia
1324 3208 1615 3280 solidorum
1645 3207 1799 3280 debe-

276 3279 383 3344 bat,
435 3278 565 3350 ﬁsco
617 3281 864 3350 applicet,
913 3279 1206 3332 reddendas
1234 3279 1352 3350 ipsi,
1384 3279 1430 3332 si
1456 3278 1628 3350 modo
1656 3278 1798 3350 intra

274 3347 483 3404 calend.
511 3347 661 3418 Sept.
685 3347 928 3414 solverit;
951 3351 1031 3402 εἰη
1053 3347 1465 3412 ηιίηιιείειοαηηὶ
1491 3347 1796 3411 tradendus,

275 3421 362 3493 qui
383 3421 661 3492 praefatam
687 3436 942 3475 summam
966 3421 1235 3474 illaturum
1259 3436 1312 3473 se
1334 3420 1522 3474 aerario
1542 3418 1799 3488 promise-

277 3501 383 3545 rat.

276 3578 627 3650 Suscipienda
653 3579 898 3651 precatio
926 3589 1157 3650 estquae
1202 3579 1432 3651 publicis
1479 3576 1802 3634 utilitatibus

203 3691 319 3731 nou
343 3681 630 3744 repugnat,
683 3683 740 3730 et
767 3674 1143 3746 amplectenda
1171 3675 1436 3730 desideria
1468 3674 1801 3745 privatorum

203 3781 329 3838 quin
367 3765 448 3820 sic
490 3765 785 3821 remedium
815 3774 1084 3837 quaerunt,
1108 3772 1168 3821 ut
1197 3765 1356 3822 nobis
1379 3780 1487 3821 non
1515 3764 1804 3819 videantur

203 3869 469 3928 generare
497 3854 855 3926 dispendium.
891 3854 1006 3911 Viri
1044 3857 1227 3925 itaque
1256 3855 1538 3912 clarissimi
1581 3853 1805 3910 Joannis

202 3949 430 4021 querela
452 3949 820 4019 comperimus
853 3947 1170 4005 Thomatem
1200 3949 1394 4005 domus
1417 3957 1617 4004 nostrae
1653 3953 1804 4003 certa

205 4041 410 4114 praedia
447 4042 769 4112 suscepisse,
798 4041 851 4096 id
881 4051 965 4096 est
1003 4041 1131 4096 illud
1161 4050 1325 4110 atque
1378 4039 1532 4108 illud,
1576 4047 1635 4094 et
1661 4054 1806 4094 nunc

204 4133 399 4190 decem
427 4133 594 4188 millia
615 4131 912 4189 solidorum
962 4134 1350 4203 reliquatorem
1379 4131 1578 4188 nostris
1605 4131 1808 4187 utilita-

205 4229 354 4284 tibus
367 4225 664 4292 exstitisse,
687 4234 746 4281 et
771 4241 870 4296 per
894 4225 1137 4282 diversas
1158 4226 1552 4281 ludiﬁcationes
1575 4239 1682 4279 non
1707 4223 1807 4278 im-

204 4319 361 4390 plere
385 4317 627 4372 debitam
654 4317 1016 4388 quantitatem
1047 4336 1060 4372 :
1089 4316 1234 4389 quod
1262 4317 1402 4388 apud
1433 4332 1534 4373 nos
1586 4328 1810 4386 quoque

205 4426 498 4482 procerum
529 4418 840 4466 nostrorum
862 4411 1212 4480 suggestione
1232 4410 1546 4481 perclaruit.
1569 4407 1810 4477 Ideoque

207 4518 428 4558 causam
451 4502 546 4557 tali
575 4502 844 4558 credimus
866 4503 1106 4558 remedio
1129 4502 1572 4570 muniendam,ut
1591 4501 1812 4556 univer-

208 4611 326 4651 sam
354 4595 712 4650 substantiam
741 4595 1035 4666 supradicti
1065 4595 1344 4650 Thomatis
1371 4595 1471 4652 sub
1496 4595 1598 4649 hac
1621 4591 1810 4648 condi-

209 4687 360 4742 tione
414 4683 534 4740 ﬁxis
577 4685 749 4740 titulis
776 4684 804 4724 δ
854 4685 964 4757 juri
1009 4685 1226 4758 publico
1265 4685 1466 4740 debeas
1495 4683 1808 4755 applicare:

287 4889 316 4918 λ
349 4879 526 4949 Aliqui
557 4880 637 4935 sic
675 4879 880 4949 legunt.
911 4879 1030 4935 Vox
1064 4879 1206 4934 enim
1230 4879 1419 4949 genius
1467 4887 1525 4932 et
1566 4875 1816 4944 genialus

207 4953 403 5010 crebra
431 4949 760 5005 Cassiodoro
790 4969 801 5003 :
833 4951 958 5005 inde
987 4951 1188 5005 dictum
1222 4962 1350 5020 puto
1399 4949 1685 5020 degcniare
1716 4961 1814 5020 pro

205 5023 602 5145 debolnestarc,
625 5021 946 5076 diminuere.
982 5016 1466 5090 Degeniatusinfra
1495 5037 1584 5090 ep.
1612 5017 1690 5083 l0,
1716 5016 1811 5071 lib.

209 5108 309 5145 ιιι.
376 5107 460 5145 un.

209 5108 309 5148 ιιι.
341 5107 460 5146 δυῐζ.

288 5163 316 5202 δ
350 5160 421 5217 Ut
467 5161 612 5218 enim
644 5161 870 5217 Athenis
919 5161 1126 5231 signata
1177 5161 1414 5231 praedia,
1461 5159 1816 5231 oppignerata

209 5233 554 5300 dicebantur,
600 5233 772 5288 libera
815 5247 946 5288 vero
990 5229 1239 5296 ἄστικτὸις
1295 5230 1710 5300 llarpocrationi
1761 5229 1815 5282 in

209 5305 450 5376 dictione
480 5298 620 5376 595,-.
666 5313 724 5358 et
849 5301 1094 5376 ἄσῃ-’τον
1117 5306 1340 5376 χῳρίοη
1389 5298 1590 5376 Polluci
1618 5298 1725 5376 _lib_.
1753 5314 1812 5376 l_ll

207 5369 542 5430 Onotnastic'i
571 5391 585 5427 :
610 5375 683 5444 ita
713 5373 861 5428 afﬁxi
909 5371 1083 5444 fundo
1117 5369 1346 5444 privato
1365 5371 1505 5426 tituli
1551 5369 1810 5440 principis

209 5447 598 5572 arationem”,
641 5442 869 5524 Gallice)
911 5459 1024 5498 rem
1056 5441 1186 5498 ﬁsco
1210 5441 1527 5523 vindicatam
1553 5448 1804 5519 arguunt.

268 5518 318 5570 ic
347 5526 404 5570 et
433 5515 661 5572 epistola
707 5529 954 5572 proxime
991 5514 1262 5572 sequenti.
1315 5520 1372 5566 et
1416 5512 1554 5566 infra
1599 5511 1695 5564 lib.
1727 5525 1804 5572 1x,

268 5518 318 5570 ic
347 5526 404 5570 et
433 5515 661 5584 epistola
707 5511 954 5584 proxime
991 5514 1262 5584 sequenti,
1315 5520 1372 5566 et
1416 5512 1554 5566 infra
1599 5511 1695 5564 lib.
1727 5525 1807 5576 1x,

211 5587 443 5658 epistola
476 5584 565 5658 18-ἶ
591 5583 761 5658 Fons.

278 5655 390 5714 Pro
419 5655 696 5710 intellectu
740 5652 898 5723 hujus
941 5654 1047 5710 loci
1086 5653 1207 5708 vide
1246 5668 1365 5722 qua:
1394 5650 1575 5707 notavi
1613 5650 1680 5704 ad
1707 5648 1802 5723 lib.

210 5745 288 5790 rx,
324 5723 630 5798 epist.__16;
662 5719 856 5798 quibus
901 5725 1030 5780 libet
1070 5719 1340 5798 ascribere
1380 5723 1494 5798 haec
1523 5719 1808 5798 Augu51ini

210 5789 378 5855 verba
405 5797 474 5852 de
502 5793 568 5850 iis
593 5789 696 5864 qui"
714 5794 896 5849 titulos
923 5795 1286 5864 potentiorum
1313 5794 1422 5851 suis
1446 5792 1662 5865 prmdiis
1691 5789 1810 5844 afﬁ-

504 5887 781 5948 ΡΑτιιοι..
827 5883 964 5946 LX!
979 5885 1057 5946 Χ.

1899 1854 1988 1910 Illi
2018 1855 2178 1910 tradit
2207 1854 2474 1910 Thomatis
2499 1854 2654 1917 bona,
2683 1854 2962 1910 dummodo
2985 1855 3160 1908 decem
3187 1853 3354 1908 millia
3375 1853 3505 1907 soli-

1966 1928 2150 1980 dorum
2180 1929 2369 1980 (trario
2398 1944 2491 1996 pro
2517 1943 2578 1980 eo
2604 1927 2790 1990 solvat,
2821 1943 2913 1980 nec
2932 1928 3043 1996 ipse
3067 1925 3290 1980 Thomas
3321 1924 3493 1978 debito

1966 1999 2108 2051 intra
2135 1997 2340 2051 calend.
2371 1997 2518 2066 Sept.
2543 1999 2858 2068 satisfaciat.

1966 2103 2135 2161 Decet
2156 2119 2346 2160 eorum
2380 2113 2505 2160 vota
2534 2105 2590 2160 in
2625 2113 2801 2161 tutum
2849 2103 3100 2173 redd-re,
3147 2103 3244 2176 qui
3287 2103 3494 2159 malunt

1896 2195 2161 2252 utilitates
2189 2195 2432 2266 publicas
2460 2196 2777 2262 continere;
2807 2210 2912 2252 nec
2935 2195 3170 2266 patimur
3196 2195 3266 2251 de
3293 2195 3494 2249 damno

1894 2287 2120 2359 proprio
2148 2301 2271 2342 esse
2313 2286 2596 2356 sollicitos,
2645 2287 2738 2357 qui
2785 2301 2886 2343 nos
2913 2301 2945 2342 a
2975 2285 3270 2357 dispendiis
3312 2283 3494 2341 fecere

1895 2393 2141 2435 securos.
2190 2376 2304 2432 Tua
2351 2378 2515 2448 igitur
2557 2377 2908 2448 suggestione
2953 2377 3350 2448 comperimus,
3398 2391 3494 2447 rer

1897 2471 2045 2526 illam
2074 2470 2426 2526 indictionem
2457 2469 2766 2541 patrimonii
2796 2469 2968 2526 nostri
2990 2468 3186 2540 praedia
3217 2467 3270 2522 in
3301 2467 3493 2538 Apulia

1897 2562 2176 2635 provincia
2203 2562 2516 2626 constituta,
2549 2561 2603 2617 id
2631 2569 2715 2617 est
2735 2561 2865 2616 illud
2893 2569 3057 2630 atque
3080 2559 3233 2629 illud,
3262 2559 3494 2614 honesto

1896 2653 2017 2708 viro
2030 2651 2280 2708 Thomati
2299 2652 2562 2708 lihellario
2584 2651 2744 2707 titulo
2765 2662 2788 2691 ο
2810 2650 2887 2722 (id
2910 2659 3005 2718 est,
3023 2651 3327 2720 contractu)
3346 2665 3496 2706 com-

1897 2747 2142 2813 misisse;
2174 2747 2270 2801 seil
2299 2761 2421 2803 eum
2468 2745 2610 2800 male
2638 2742 3062 2800 administrando
3091 2750 3362 2814 suscepta,
3407 2758 3497 2797 us-

1898 2851 2007 2908 que
2036 2837 2103 2893 ad
2132 2839 2318 2892 decem
2346 2836 2512 2890 millia
2540 2836 2838 2892 solidorum
2865 2834 2934 2890 de
2975 2834 3358 2890 indictionibus
3404 2833 3494 2888 illa

1900 2937 2065 3001 atque
2090 2929 2178 2984 illa
2209 2929 2597 3000 reliquatorem
2622 2927 2850 2998 publicis
2872 2927 3172 2982 rationibus
3195 2925 3492 2982 exstitisse:

1899 3021 2041 3090 quia
2067 3021 2382 3092 proceribus
2407 3023 2606 3077 nostris
2631 3020 2944 3091 frequenter
2971 3021 3301 3089 admonitus,
3317 3021 3496 3076 debita

1902 3112 2130 3168 reddere
2178 3111 2487 3168 detestabili
2528 3112 2824 3168 calliditate
2870 3111 3128 3180 neglexit.
3178 3110 3248 3166 Et
3286 3126 3356 3167 ne
3399 3110 3496 3166 tibi

1902 3203 2082 3274 aliqua
2108 3203 2460 3273 imposterum
2490 3203 2718 3274 qumstio
2746 3211 3080 3269 nasceretur,
3132 3200 3360 3272 publicis
3392 3202 3496 3256 uti-

1901 3294 2140 3350 litatibus
2163 3294 2398 3350 debitam
2427 3293 2808 3365 quantitatem,
2837 3292 2936 3348 sub
2977 3292 3080 3348 hac
3099 3292 3315 3347 ratione
3337 3293 3499 3347 satis-

1903 3383 2083 3442 lacere
2114 3393 2168 3440 te
2193 3385 2335 3440 velle
2363 3385 2601 3450 testaris,
2642 3385 2687 3441 si
2721 3383 2812 3440 tibi
2843 3384 3043 3456 przedia
3081 3382 3378 3454 supradicti
3405 3382 3498 3438 de-

1901 3476 2093 3534 bitoris
2140 3476 2263 3534 loco
2311 3477 2552 3548 pignoris
2600 3475 3012 3533 contradantur.
3047 3472 3186 3531 Hinc
3227 3482 3312 3531 est
3353 3475 3499 3544 quod

1903 3567 2234 3626 desiderium
2277 3577 2428 3624 tuum
2453 3569 2598 3641 justa
2627 3564 2841 3625 ratione
2878 3577 3203 3640 conceptum
3249 3568 3499 3640 praesenti

1899 3660 2144 3732 jussione
2167 3659 2464 3718 ﬁrmamus.
2497 3659 2758 3728 Primum,
2787 3670 2848 3716 ut
2871 3660 3074 3716 nullam
3100 3675 3170 3717 ex
3189 3659 3293 3716 hac
3319 3675 3382 3716 re
3407 3676 3502 3716 no-

1903 3754 2051 3809 mine
2077 3753 2295 3824 publico
2325 3761 2537 3810 metuas
2579 3753 2968 3823 qumstionem;
3017 3751 3214 3808 deinde
3249 3752 3352 3808 sub
3399 3751 3502 3808 bac

1907 3842 2220 3899 conditione
2269 3843 2364 3898 tibi
2410 3843 2719 3902 universam
2767 3843 3161 3908 substantiam,
3210 3857 3374 3914 quam
3414 3843 3502 3899 vel

1909 3950 2050 3991 nunc
2076 3942 2246 4000 tenet,
2274 3934 2361 3990 vel
2391 3935 2566 4005 primo
2598 3944 2842 4005 tempore
2881 3933 3214 4005 possidebat,
3244 3949 3368 3989 cum
3398 3950 3501 3990 no-

1907 4029 2033 4082 stris
2060 4026 2363 4082 rationibus
2390 4025 2660 4082 obnoxius
2683 4041 2804 4081 esse
2825 4024 2937 4096 jam
2969 4033 3228 4096 cmperat,
3260 4023 3500 4080 Thoma-

1910 4122 1979 4176 tis
2002 4119 2265 4176 debitoris
2289 4118 2605 4184 addicimus,
2633 4132 2798 4188 quam
2821 4117 3030 4189 pridem
3063 4126 3250 4173 nostro
3280 4117 3501 4173 nomine

1911 4215 2031 4269 lixis
2061 4213 2229 4268 titulis
2253 4211 2481 4268 fecimus
2510 4210 2791 4267 vindicari.
2817 4209 2934 4266 lloc
2963 4216 3168 4265 tantum
3195 4209 3504 4265 humanita-

1914 4310 1982 4365 tis
2010 4307 2208 4364 intuitu
2238 4306 2564 4371 relaxantes;
2593 4313 2652 4359 ut
2679 4317 2852 4374 usque
2877 4301 2946 4358 ad
2969 4302 3073 4358 cal.
3105 4300 3503 4372 Septembrium

1912 4402 2144 4471 spatium
2171 4400 2372 4454 habeat
2417 4395 2676 4452 reddendi
2704 4395 2941 4451 debitam
2979 4393 3366 4466 quantitatem;
3400 4394 3500 4448 mi-

1916 4506 2085 4546 nusve
2135 4493 2274 4564 (pro,
2320 4491 2402 4546 sin
2452 4489 2647 4552 minus,
2697 4497 2754 4542 ut
2781 4505 2862 4560 ep.
2894 4484 2981 4552 52,
3012 4483 3104 4542 lib.
3134 4487 3229 4557 tv).
3275 4501 3396 4541 cum
3444 4485 3509 4542 ad

1915 4585 2281 4656 supradictam
2328 4582 2469 4638 diem
2505 4590 2564 4636 tu
2603 4581 2888 4651 pecuniam
2935 4579 3053 4634 viro
3097 4577 3290 4633 illustri
3327 4577 3510 4633 comiti

1918 4676 2228 4748 patrimonii
2259 4674 2450 4741 nostri,
2505 4687 2626 4743 qua:
2672 4671 2921 4738 debetur,
2971 4671 3237 4734 intuleris,
3286 4669 3512 4726 facultas

1919 4878 2070 4941 gunt.
2105 4869 2181 4924 Ne
2212 4867 2472 4941 domum,_
2502 4867 2694 4941 inquit,
2743 4868 2912 4941 ipsius
2940 4865 3159 4941 invadat
3198 4865 3392 4941 aliquis
3417 4881 3513 4936 po-

1921 4936 2074 5007 tens,
2127 4940 2279 5009 ponit
2323 4939 2392 4994 ibi
2437 4938 2625 4992 titulos
2653 4936 2910 5008 potentis,
2957 4937 3144 5009 titulos
3184 4936 3512 4998 mendaces:

1921 5013 2038 5080 ipse
2081 5007 2196 5064 vult
2220 5025 2340 5064 esse
2371 5007 2669 5078 possessor,
2721 5018 2776 5064 et
2815 5011 3048 5080 frontem
3079 5007 3272 5062 domus
3311 5022 3422 5080 sna».
3448 5009 3514 5080 de

1923 5076 2080 5137 titulo
2119 5081 2295 5134 alieno
2326 5076 2555 5138 muniri:
2601 5087 2658 5132 ut
2706 5095 2828 5136 cum
2881 5079 3067 5134 titulus
3114 5080 3284 5132 lectus
3331 5076 3514 5144 fuerit,

1923 5152 2248 5208 conterritus
2294 5151 2416 5218 quis
2461 5150 2704 5220 potentia
2751 5149 2984 5205 nominis
3030 5147 3304 5202 abstineat
3349 5163 3409 5202 se
3447 5149 3514 5204 ab

1925 5223 2220 5278 invasione.
2255 5220 2443 5275 Bnoss.

2000 5306 2021 5332 ε
2053 5292 2181 5346 Libe
2208 5291 2340 5346 lario
2381 5289 2618 5353 nomine,
2669 5290 2764 5344 lib.
2796 5306 2832 5355 r,
2885 5289 2969 5344 tit.
3005 5287 3040 5341 5
3071 5306 3083 5342 :

1915 5363 2062 5418 feud.
2109 5363 2282 5416 amitt.
2340 5360 2560 5416 nomine
2601 5354 2888 5424 libelli;et
2934 5359 3024 5414 lib.
3069 5375 3128 5426 ιι,
3182 5360 3266 5412 tit.
3293 5354 3363 5410 55
3393 5375 3406 5410 :
3441 5359 3515 5413 De

3117 5286 3323 5354 Quibus
3363 5287 3514 5342 mod.

1913 5435 2186 5504 prohibita
2214 5433 2356 5487 l'eul.
2377 5432 2538 5486 alien.
2565 5447 2660 5500 per
2682 5431 2886 5486 Frider.
2910 5429 2990 5485 An
3014 5433 3139 5500 quia
3161 5428 3309 5504 brevi
3333 5427 3516 5504 libello
3615 5468 3620 5475 .

1911 5497 1968 5559 et
2007 5505 2274 5572 scriptura
2317 5497 2756 5570 eoatralicretur,
2789 5509 2847 5558 ut
2885 5497 3168 5572 perpetua,
3194 5497 3286 5572 l._l
3314 5499 3514 5572 versic.

1911 5567 2179 5644 scriptura
2237 5573 2670 5637 interveniente,
2717 5567 2780 5629 Ο.
2831 5567 2902 5628 de
2942 5567 3052 5642 jur.
3103 5569 3348 5641 emphyt.
3379 5567 3512 5633 Leo,

1913 5646 2115 5701 novell.
2149 5644 2258 5720 ιβ)
2291 5648 2409 5720 περὶ
2436 5652 2536 5698 τῶν
2563 5648 2797 5703 σὶιηνεκῶν
2838 5647 3214 5720 ἐῃμφντεύσρωγ
3238 5661 3512 5720 προσγρα-

1950 5720 2128 5788 ομένης
2169 5715 2392 5792 animm
2421 5723 2522 5792 Eri;
2572 5720 2816 5792 εἰσςιορᾱς
2845 5715 3057 5777 auratam
3088 5717 3139 5769 ἐν
3165 5715 3297 5774 suis
3319 5715 3506 5773 τῆξὲκο

1950 5738 2128 5788 ομενης
2169 5738 2392 5775 amoveri
2431 5738 2522 5775 της
2572 5738 2592 5770 ε

1913 5738 2108 5850 Ξόσιως
2129 5790 2381 5862 χάρταις.
2421 5784 2594 5841 Fourt.

2955 5878 3029 5940 21
