3974 6388
225 300 331 356 6δῖ

223 423 410 486 aptum
442 434 630 490 magis,
658 437 839 484 emere
879 429 1142 486 debeatis.

222 503 338 564 hac
372 525 462 566 res
483 527 770 592 occurrere
798 517 947 585 facit,
978 523 1021 578 si
1047 539 1144 579 vos
1173 531 1479 586 necessaria
1501 548 1821 605 comparare

218 601 517 668 cognoscit.
562 601 775 662 Movete
824 608 1075 683 feliciter,
1127 615 1202 671 ite
1249 619 1536 678 moderati.
1591 601 1721 683 Tale
1749 629 1821 684 sit

217 688 322 746 iter
341 703 602 764 vestrum,
627 699 787 769 quale
809 702 970 759 debet
992 721 1114 762 esse
1137 709 1230 778 qui
1252 711 1498 769 laborant
1519 733 1616 810 pro
1643 721 1818 776 salute

218 791 563 842 cunctorum.

770 903 1105 965 EPISTOLA
1143 911 1258 969 XII.

341 999 702 1048 THEODABADO
729 1011 854 1050 νικο
880 1014 1122 1056 ιιιυετιιι
1151 1020 1521 1064 τηεουοιιιουε
1550 1025 1678 1066 REI.

211 1069 365 1166 luget
383 1085 438 1160 ut
455 1077 769 1166 Paterniano
788 1103 970 1166 iniussa
992 1089 1281 1166 heredibus
1299 1097 1530 1166 Argolici
1552 1110 1602 1154 et
1623 1104 1816 1157 Aman-

283 1147 670 1242 dianierepta,‘
689 1157 996 1242 restituatur
1016 1177 1035 1214 :
1049 1163 1107 1242 ‘si
1141 1147 1314 1242 tamen

279 1219 484 1358 faverit,
509 1219 747 1294 pracipit
775 1237 832 1280 ut
859 1229 930 1281 ad
951 1233 1148 1286 curiam
1170 1219 1808 1309 υεῆίαὴὶξᾶἇῖητᾶὶῖ

305 1304 503 1346 ensun.

279 1379 337 1435 Si
355 1383 623 1451 justitiam
646 1387 828 1446 colere
854 1393 1139 1454 universos
1157 1407 1214 1454 et
1239 1415 1424 1459 amare
1446 1405 1804 1478 praecipimus,

203 1574 342 1630 quos
367 1566 548 1622 omnia
569 1567 727 1626 decet
753 1573 854 1628 sub
883 1575 1046 1635 laude
1067 1593 1277 1650 gerere,
1319 1593 1380 1640 ut
1406 1566 1569 1657 regia:
1594 1566 1806 1660 possint

201 1649 472 1722 fulgorem
503 1663 992 1732 consanguinitatis
1041 1649 1361 1730 ostendere!
1394 1649 1522 1734 Hice
1548 1649 1631 1735 est
1658 1683 1802 1738 enim

201 1741 500 1802 indubitata
533 1749 806 1820 nobilitas,
835 1769 958 1824 qum
997 1761 1240 1819 moribus
1267 1766 1528 1834 probatur
1567 1782 1798 1828 ornata:

1459 329 1818 391 VARIARUM
1863 337 2058 398 LIBER
2103 346 2165 399 V.

1189 434 1320 490 Nam
1351 449 1408 493 et
1448 456 1816 511 possessorem
1851 455 1902 514 Α
1927 453 1996 509 ad
2042 465 2269 518 cunctos
2312 469 2483 535 possit
2526 471 2722 540 quietis
2759 480 2998 537 suavitas
3039 484 3341 556 pervenire.
3388 495 3526 554 Nam

3423 384 3526 438 61‘34

1930 549 2380 616 quemadmodum
2427 563 2764 629 aequabilitas
2813 571 3006 639 agitur,
3039 549 3102 632 ἐἰ
3132 579 3276 636 vires
3311 586 3525 643 medio-

1928 637 2099 694 crium
2121 657 2446 716 consurgere
2467 666 2571 706 non
2594 654 2875 715 sinantur?
2899 660 3308 727 l’rovincialinm
3339 675 3524 747 itaque

1925 739 2231 788 nostrorum
2277 739 2472 808 saepius
2497 747 2718 812 querela
2755 756 3136 824 comperimus,
3181 777 3520 831 possessores

1923 817 2148 878 idoneos
2169 823 2378 883 Suavis:
2406 847 2513 888 non
2545 836 2718 893 solum
2750 857 2996 900 casarum
3025 863 3241 907 suarum
3285 857 3516 913 tributa-

1921 913 2056 968 riam
2095 911 2427 979 l‘unctionem
2477 926 2532 981 in
2578 936 2792 988 tenuem
2819 937 3054 996 rclisisse
3085 941 3200 1015 [pro
3238 948 3511 1017 rejecisse.

1919 1003 1988 1060 D.
2019 1005 2112 1063 Gr.
2144 1017 2195 1065 et
2222 1011 2366 1086 Cuj.,
2397 1019 2654 1094 resilisse]
2684 1023 2974 1098 fortunam,
2992 1049 3180 1091 verum
3209 1041 3370 1095 etiam
3395 1061 3518 1101 scc-

1917 1097 2089 1156 Ierato
2118 1111 2448 1166 commercio
2489 1112 2693 1184 aliquid
2737 1121 2932 1177 exinde
2962 1097 3084 1182 suis
3112 1131 3312 1199 passim
3340 1137 3516 1205 appli-

1914 1203 2041 1246 care
2069 1199 2424 1268 compendiis,
2460 1211 2519 1258 ut
2555 1204 2765 1266 functio
2797 1215 3011 1282 publica
3037 1223 3398 1280 commoditas
3441 1229 3516 1284 sit

1913 1281 2144 1350 privata.
2194 1286 2312 1345 lloc
2360 1293 2579 1363 quidem
2625 1313 2726 1369 per
2773 1281 3035 1373 plurimos
3085 1281 3514 1376 desiderat'imus

1912 1372 2138 1441 corrigi;
2170 1377 2266 1432 sed
2313 1378 2577 1442 hactenus
2625 1388 2678 1443 in
2709 1372 2858 1448 tuam
2905 1395 3120 1454 laudem
3147 1401 3362 1460 videtur
3402 1423 3507 1477 po-

1915 1463 2079 1520 tuisse
2105 1466 2337 1538 diﬂ'erri;
2388 1483 2656 1544 quatenus
2694 1479 2827 1542 ﬁdes
2872 1486 3168 1548 haberetur
3207 1463 3502 1570 acceptior,

1912 1557 2130 1624 quando
2156 1569 2280 1630 post
2307 1563 2506 1622 multos
2534 1572 2814 1642 neglectus
2857 1580 3092 1638 studium
3118 1557 3355 1645 vestrum
3381 1557 3504 1647 etii;

1913 1647 2196 1708 cacissime
2239 1659 2626 1728 comprobatis.
2677 1665 2856 1740 Atque
2895 1671 3016 1729 ideo
3067 1678 3352 1746 prudentia
3396 1699 3503 1755 qua

1914 1748 2076 1797 notus
2103 1759 2181 1812 es,
2210 1748 2520 1808 universum
2542 1772 2909 1826 possessorem
2929 1768 3270 1827 considerata
3293 1774 3501 1844 justitia

198 1832 327 1902 quia
351 1835 632 1905 pulchrum
658 1851 742 1896 est
765 1847 1110 1905 commodum
1131 1831 1312 1923 fama—3’
1337 1855 1475 1914 “eda
1498 1862 1802 1932 neglexisse
1833 1837 1876 1897 Β
1908 1831 2236 1932 te‘jubemus
2255 1839 2569 1932 inspicere,
2616 1858 2670 1904 et
2719 1855 3138 1922 xequabilitatem
3166 1831 3371 1920 tributi
3400 1867 3502 1926 hac

195 1923 347 1980 lucra
375 1930 632 1997 pecuniae.
662 1932 900 2004 Argolici
920 1938 1102 2011 itaque
1121 1943 1222 1999 viri
1251 1946 1496 2018 illustris,
1521 1923 1798 2012 et'Aman-

196 2013 349 2071 diani
376 2019 478 2076 viri
507 2020 789 2082 clarissimi
820 2027 1067 2089 hmredes
1103 2037 1332 2107 supplici
1373 2013 1532 2098 nobis
1559 2045 1798 2104 aditione

195 2109 483 2176 conquesti
506 2121 654 2177 sunt,
689 2117 1053 2178 l’alentianam
1095 2139 1348 2196 massam,
1397 2146 1561 2201 quam
1586 2137 1667 2193 eis
1692 2153 1795 2210 pro

193 2203 644 2278 compensatione
671 2206 892 2277 largitas
920 2224 1106 2271 nostra
1134 2220 1516 2292 trausluderat,
1567 2236 1627 2282 ut
1657 2203 1796 2287 casa:

191 2287 470 2350 Arbitanie
505 2299 851 2358 amissionem
889 2305 996 2364 hac
1039 2313 1428 2372 commoditate
1453 2287 1786 2394 solarentur,

189 2380 261 2435 ab
289 2381 600 2445 hominibus
628 2393 842 2460 vestris,
892 2398 1054 2456 nullis
1106 2403 1285 2461 causis
1321 2411 1680 2479 exstantibus,
1711 2380 1796 2471 in1

187 2469 450 2532 decenter
479 2478 754 2554 invasam;
785 2495 842 2542 et
867 2487 994 2546 inde
1034 2493 1270 2552 crevisse
1291 2497 1574 2570 culpanda:
1599 2505 1792 2562 subre-

188 2566 392 2634 ptionis
427 2570 639 2640 vitium,
671 2576 816 2632 unde
867 2579 986 2636 dari
1016 2583 1205 2642 debuit
1242 2566 1491 2658 gloriosa:
1539 2596 1792 2654 modera-

185 2657 353 2714 tionis
380 2664 712 2737 exemplum.
756 2668 1102 2746 Quapropter
1141 2679 1187 2734 si
1219 2657 1368 2738 nullo
1393 2685 1679 2745 mendacio
1704 2705 1792 2746 as-

183 2755 332 2803 serta
359 2751 662 2824 vitiantur,
691 2756 1008 2830 Magnitudo
1027 2776 1210 2826 vestra
1229 2809 1246 2838 ,
1293 2786 1416 2842 qua:
1443 2786 1571 2833 sunt
1610 2780 1790 2837 ablata

181 2840 469 2907 restituat;
502 2852 560 2902 et
583 2847 630 2903 si
658 2850 788 2919 quid
835 2855 991 2912 vobis
1015 2860 1238 2918 creditis
1263 2840 1426 2934 posse
1449 2879 1784 2941 competere.

181 2929 252 2987 ad
300 2935 618 2992 comitatum
667 2951 914 3000 nostrum
959 2929 1284 3010 instructam
1325 2956 1448 3026 jure
1494 2929 1784 3030 personam

177 3021 361 3078 modis
386 3027 640 3084 omnibus
669 3030 957 3106 destinate,
990 3047 1052 3095 ut
1079 3021 1341 3101 civiliter'
1359 3021 1602 3118 plantata
1634 3053 1777 3127 [σον.

174 3109 360 3180 Gam.,
392 3115 629 3192 placata]
669 3128 914 3184 causatio
954 3129 1116 3189 tinem
1143 3135 1214 3192 de
1245 3109 1453 3208 legibus
1495 3109 1772 3204 sortiatur.

1903 1921 2117 1979 ratione
2143 1926 2450 2000 moderari;
2485 1942 2544 1990 ut
2567 1950 2688 2006 qua:
2715 1921 2816 1997 sub
2843 1943 2963 2002 aliis
2983 1945 3121 2004 facta
3148 1961 3228 2007 est
3258 1956 3500 2014 omnium

1900 2011 2274 2086 redemptione
2300 2033 2530 2089 cessata,
2568 2043 2667 2098 pro
2696 2037 3098 2102 possessionum
3129 2052 3292 2115 atque
3317 2011 3497 2105 hami;

1899 2114 2026 2155 num
2053 2106 2314 2172 qualitate
2342 2113 2478 2169 assis
2505 2117 2755 2186 publicus
2780 2123 3108 2195 imponatur.
3141 2106 3231 2191 Sic
3255 2138 3400 2192 enim
3437 2149 3498 2197 et

1891 2190 2100 2261 justitia
2128 2199 2426 2274 perficitur,
2469 2217 2526 2262 et
2557 2211 2700 2270 vires
2744 2227 3055 2278 nostrorum
3085 2229 3492 2295 provincialium

1895 2286 2266 2349 sublevantur.
2309 2295 2418 2356 Eos
2468 2312 2650 2361 autem
2679 2322 2817 2378 quos
2859 2313 2979 2370 sine
3015 2316 3260 2386 jussione
3304 2335 3490 2384 nostra

1894 2395 2116 2438 censum
2144 2385 2466 2457 imposuisse
2490 2399 2810 2470 constiterit,
2841 2413 2898 2460 et
2927 2385 3030 2476 pro
3045 2409 3199 2468 libito
3225 2429 3324 2471 suo
3351 2431 3490 2487 quo-

1893 2469 2142 2528 rumdam
2173 2491 2340 2534 onera
2369 2481 2424 2536 in
2455 2484 2591 2540 alios
2619 2491 2988 2566 projccernnt,
3019 2497 3196 2570 legum
3224 2505 3488 2564 Severitas

1893 2557 2237 2633 insequatur;
2286 2577 2346 2626 ut
2384 2576 2566 2630 omnia
2598 2557 2701 2635 illis
2719 2557 3053 2643 detrimenta
3071 2557 3334 2660 sarciam,
3366 2599 3488 2666 qui-

1891 2648 1993 2707 bus
2041 2653 2480 2742 inconlpetenter.
2522 2666 2718 2726 damna
2765 2673 3030 2733 fecerunt.
3087 2681 3222 2739 Illud
3266 2648 3485 2760 quoque

1890 2744 2233 2816 praecipimus
2261 2751 2666 2830 inquirendum,
2695 2771 2754 2818 ut
2775 2765 2917 2822 inter
2943 2769 3276 2845 defensores,
3305 2780 3484 2835 curia-

1886 2829 2070 2890 Ics‘et
2116 2854 2459 2908 possessores
2510 2829 2780 2909 illatorum
2837 2859 2977 2916 ratio
3041 2866 3391 2938 vestigetur;
3425 2882 3482 2928 et

1886 2925 2144 2997 quidquid
2173 2933 2240 2987 ab
2269 2943 2460 2993 octava
2494 2940 2786 3002 indictione
2807 2949 2888 3023 [id
2907 2961 3003 3020 est,
3034 2925 3326 3018 annovChr.

1886 3029 2058 3087 nuper
2087 3035 2337 3095 exempla
2359 3042 2524 3116 super
2549 3035 2892 3095 tribularium
2917 3044 3150 3105 solidum
3173 3065 3234 3106 se
3264 3029 3480 3124 posses;

1883 3121 1976 3162 sor
2019 3112 2334 3180 probaverit
2376 3107 2640 3192 intulisse,
2692 3144 2796 3186 nec
2834 3143 3022 3192 nostro
3049 3142 3242 3198 aerario
3264 3107 3479 3204 constat

173 3201 254 3258 Ibi
282 3207 428 3262 enim
456 3210 714 3283 quidquid
751 3219 980 3288 geritur,
1011 3223 1225 3282 invidia:
1268 3199 1370 3285 tua:
1400 3235 1577 3304 potius
1601 3199 1776 3308 app—li;
1800 3207 1846 3269 ο
1880 3199 2110 3308 Ξηδῳηλ
2133 3209 2302 3308 am_in
2333 3217 2583 3308 mensis
2605 3225 2944 3292 necemriis’
2973 3244 3093 3300 qua
3121 3233 3175 3288 in
3197 3239 3475 3306 movmcia

169 3303 358 3362 catur;
400 3306 456 3354 et
502 3301 706 3372 majora
755 3307 1080 3368 detrimenta
1124 3315 1284 3374 fama:
1326 3301 1590 3394 suscipis,
1637 3301 1776 3385 dum

172 3386 304 3442 talia
332 3405 442 3446 non
471 3393 644 3453 vitare
661 3403 950 3460 contendis
975 3423 990 3459 :
1016 3407 1106 3465 hic
1124 3420 1306 3468 autem
1332 3386 1628 3488 conﬂigunt
1645 3436 1776 3478 cau-

167 3493 246 3534 sa:
265 3479 480 3550 juribus
506 3487 640 3556 suis,
672 3499 730 3548 et
755 3495 874 3552 sine
917 3497 1272 3572 derogatione
1305 3479 1535 3579 quilibet
1563 3515 1772 3573 medio-

165 3571 279 3627 cris
305 3573 596 3649 addicitur,
621 3583 842 3652 quando
863 3571 1076 3658 justitia
1107 3600 1246 3652 teste
1271 3571 1581 3670 superatur.

647 3694 756 3766 93
785 3696 1124 3759 EPISTOLA
1161 3704 1300 3764 xui.

369 3795 633 3841 ευτιιοριο
659 3802 728 3842 B‘l‘
753 3804 988 3848 ACRITIO
1021 3810 1389 3856 THEODORICUS
1428 3818 1558 3860 REX.

159 3866 346 3924 Monet
371 3881 430 3926 ut
473 3891 714 3966 antiquas
751 3883 1058 3964 constitutas
1095 3891 1356 3966 exercitui
1386 3895 1670 3966 pereant,
1701 3917 1768 3956 ne

433 3943 548 4016 ejus
575 3949 856 4018 direptioni
879 3965 1100 4024 pateant
1123 3943 1489 4029 prouinciales".

229 4031 482 4090 Studium
511 4046 752 4096 vestrum
778 4043 990 4115 reipub.
1022 4059 1177 4118 grata
1211 4063 1396 4111 mente
1425 4058 1636 4116 debetis
1663 4062 1764 4117 inl-

151 4127 420 4196 pendere,
442 4130 568 4199 quia
592 4149 692 4190 nos
711 4138 1011 4207 agnovistis
1039 4141 1392 4204 benemeritis
1421 4151 1590 4206 multa
1623 4170 1762 4224 pra:-

149 4228 323 4274 stare.
353 4219 488 4276 Nam
513 4224 731 4295 pietatis
753 4228 948 4286 intuitu
963 4232 1392 4296 vicissitudinem
1419 4219 1756 4316 pollicemur,

143 4327 277 4366 cum
309 4320 493 4372 tamen
530 4334 632 4388 pro
671 4321 827 4378 vobis
855 4325 1039 4382 omnia
1060 4326 1373 4398 jubeamus.
1417 4337 1596 4408 Atque
1633 4340 1759 4398 ideo

145 4406 409 4472 praesenti
430 4405 677 4481 jussione
706 4427 806 4468 vos
839 4416 1115 4477 credimus
1151 4405 1540 4497 admonendos,
1572 4443 1632 4486 ut
1655 4449 1757 4488 an-

141 4512 327 4552 nonas
352 4500 674 4557 constitutas
699 4506 960 4563 exercitui
989 4513 1236 4581 przebere
1265 4515 1538 4587 debeatis;
1565 4535 1756 4592 quate-

140 4605 253 4646 nus
281 4605 383 4646 nec
412 4592 486 4646 illi
517 4593 854 4664 negligantur
882 4600 1110 4660 adverso
1139 4615 1290 4678 voto,
1313 4625 1417 4667 nec
1441 4617 1752 4684 provincia-

134 4683 226 4739 ies
252 4685 561 4754 perniciosa
603 4689 800 4748 debeat
833 4708 1061 4764 gravare
1102 4701 1358 4774 direptio.
1399 4683 1751 4771 commodius

132 4775 292 4830 enim
322 4779 422 4832 sub
451 4793 810 4850 expensarum
851 4787 971 4858 lege
1003 4798 1220 4849 tenetur
1257 4800 1546 4868 exercitus,
1586 4819 1750 4873 quam

131 4868 180 4922 si
235 4877 434 4925 cuncta
471 4869 634 4928 fuerit
673 4886 888 4936 vastare
916 4884 1231 4952 permissus.
1281 4887 1500 4960 Ignorat
1526 4868 1748 4954 modum

129 4976 367 5018 servare
395 4969 765 5040 praesumptio,
800 4987 899 5029 nec
921 4982 1105 5044 potest
1133 4980 1234 5037 sub
1264 4982 1426 5040 modo
1447 4985 1637 5058 redigi,
1660 4991 1747 5046 cui

125 5055 361 5110 licentia
389 5056 551 5114 fuerit
578 5061 691 5118 visa
720 5069 968 5123 concedi.
997 5068 1347 5145 Quapropter
1379 5055 1750 5152 consequatur

125 5147 417 5203 exercitus
460 5149 771 5208 alimoniam
817 5155 1154 5231 deputatam,
1205 5178 1275 5219 ne
1299 5181 1406 5236 qua
1443 5147 1585 5240 pars
1614 5188 1750 5243 pra:-

123 5237 342 5294 dictam
370 5241 547 5310 possit
569 5245 841 5302 sustinere
869 5249 1187 5308 violentiam
1218 5254 1358 5328 [alii,
1391 5237 1744 5338 molestiam].

687 5359 1020 5419 EPISTOLA
1057 5363 1197 5422 XIV.

318 5461 614 5507 SEVERIANO
643 5469 766 5510 νικο
792 5471 1036 5513 ιιιυετιιι
1069 5475 1436 5520 THEODOBICUS
1465 5483 1596 5524 REX.

129 5536 377 5609 Prwﬁcit
405 5555 522 5622 eum
557 5543 767 5624 tributis
800 5549 1072 5624 unicuique
1108 5569 1202 5622 pro
1241 5558 1626 5624 possessionum
1655 5563 1738 5618 di-

196 5613 448 5701 versitlate
471 5612 820 5695 impellendis,
843 5629 890 5671 et
909 5612 1419 5701 jubetu'tperquirat
1449 5612 1734 5701 immittiti-

196 5697 288 5734 σεε
310 5679 376 5736 ob
397 5679 794 5761 frequentiorem
805 5679 1216 5761 :per'provinci'as
1238 5679 1526 5755 discursum
1546 5679 1734 5760 ἰτῖεοιὶε

191 5750 404 5805 illicita
421 5750 700 5823 dispendia
725 5750 1092 5830 irrogalierint.

1877 3291 2033 3351 tacta:
2059 3309 2204 3366 sunt,
2223 3301 2370 3372 justa
2398 3307 2608 3368 ratione
2635 3328 2742 3368 non
2764 3291 3019 3375 claruerit
3041 3291 3342 3394 erogatum,
3366 3329 3474 3386 ini-

1875 3399 1982 3455 qua
2035 3397 2381 3464 prmsumptio
2429 3401 2600 3456 modis
2647 3407 2896 3464 omnibus
2941 3416 3264 3485 corrigatur.
3322 3420 3474 3482 Hanc

1874 3494 2091 3550 quoque
2124 3495 2334 3555 partem
2365 3507 2473 3548 non
2509 3497 2747 3556 mstimes
2772 3504 3172 3580 negligendam,
3204 3523 3264 3568 ut
3290 3517 3336 3572 si
3365 3517 3472 3576 hoc

1871 3572 2018 3642 quod
2046 3575 2342 3636 tabularius
2371 3598 2403 3639 a
2431 3587 2680 3646 cubiculo
2709 3572 2898 3650 nostro
2925 3572 3198 3672 suscepit;
3230 3607 3472 3665 rationa-

1871 3665 2054 3724 biliter
2080 3684 2189 3726 non
2219 3673 2448 3732 docetur
2467 3693 2788 3752 expensum,
2813 3686 2881 3744 ab
2907 3665 3108 3760 injuste
3132 3665 3470 3759 retentatore

1870 3759 2150 3818 reddatur.
2181 3765 2317 3832 Quid
2349 3768 2495 3825 enim
2523 3779 2633 3828 tam
2662 3759 2974 3847 absurdum,
3004 3783 3109 3841 nisi
3139 3795 3198 3841 ut
3225 3788 3466 3847 liberali-

1865 4050 2083 4108 quoque
2110 4042 2404 4110 provincia:
2431 4046 2515 4101 vel
2545 4050 2776 4107 curiales
2803 4061 2967 4125 atque
3005 4057 3322 4120 defensores
3351 4074 3461 4121 tam

1865 4127 1933 4183 de
1961 4143 2120 4185 cursu
2149 4147 2309 4202 quam
2339 4135 2407 4190 de
2435 4137 2554 4194 aliis
2581 4139 2744 4198 rebus
2765 4142 2950 4201 illicita
2973 4146 3227 4206 dicuntur
3253 4167 3462 4224 posses-

1862 4222 2076 4278 soribus
2123 4224 2364 4296 irrogare
2409 4228 2707 4302 dispendia.
2739 4235 2894 4304 Quod
2945 4248 2996 4296 te
3038 4222 3378 4313 perquirere,
3403 4256 3461 4304 et

1861 4327 1963 4370 suo
1989 4316 2201 4374 ratione
2229 4319 2408 4388 legum
2433 4326 2723 4385 emendare
2749 4345 3052 4390 censemus.
3081 4337 3302 4410 Antiqui
3329 4341 3461 4397 bar-

1862 4403 1980 4460 bari
2009 4408 2100 4477 qui
2132 4409 2392 4470 Romanis
2429 4417 2745 4477 mulieribus
2793 4423 3055 4494 elegerint
3099 4403 3327 4501 nuptiali
3357 4434 3456 4492 lu:—

1861 4495 1992 4553 dere
2019 4500 2236 4567 sociari,
2269 4505 2512 4574 quolibet
2543 4509 2700 4567 titulo
2736 4515 2936 4584 pricdia
2959 4495 3325 4590 quiesiverint,
3361 4525 3456 4582 iis-

1858 4603 1980 4643 cum
2010 4595 2244 4660 possessi
2278 4598 2499 4668 cespitis
2527 4603 2860 4671 persolvere,
2891 4623 2955 4664 ac
2983 4625 3148 4681 super
3174 4613 3458 4675 indictitiis

1858 4678 2115 4736 oneribus
2169 4698 2361 4753 parere
2410 4699 2688 4758 cogantur.
2757 4693 2928 4752 Judex
2994 4716 3123 4757 vero
3177 4701 3457 4766 Romanus

1859 4776 2084 4838 propter
2113 4785 2382 4842 expensas
2403 4780 2833 4850 provincialium,
2858 4802 2978 4857 qua:
3005 4805 3234 4860 gravare
3257 4813 3456 4870 paupe-

1857 4951 2056 5022 cipium
2102 4957 2272 5012 semel
2301 4961 2557 5016 accedat:
2588 4966 2675 5020 cui
2705 4983 2814 5024 non
2863 4973 3094 5043 amplius
3138 4993 3302 5047 quam
3351 4984 3451 5039 tri-

1852 5043 2045 5100 duana:
2093 5047 2434 5116 praebeantur
2457 5069 2710 5127 annonae,
2740 5059 2878 5116 sicut
2924 5063 3102 5134 legum
3146 5043 3306 5124 cauta
3349 5075 3452 5128 tri-

1854 5129 2108 5194 buerunt.
2140 5139 2372 5210 Maiores
2390 5147 2535 5201 enim
2565 5152 2734 5206 nostri
2761 5153 3036 5212 discursus
3063 5159 3308 5228 judicum
3341 5179 3452 5221 non

1853 5229 2028 5294 Oneri,
2059 5231 2153 5285 sed
2193 5236 2516 5304 compendio
2537 5241 2958 5308 provincialibus
2985 5262 3106 5304 esse
3135 5251 3446 5312 voluerunt.

1851 5318 2142 5378 Domestici
2170 5325 2383 5382 comitis
2407 5326 2730 5400 Gothorum,
2763 5350 2866 5390 nec
2897 5352 3002 5392 non
3033 5347 3089 5394 et
3123 5341 3447 5403 vicedomini

1847 5410 2026 5482 aliqua
2055 5413 2308 5472 dicuntur
2333 5419 2752 5489 provincialibus
2783 5427 3120 5486 concinnatis
3151 5431 3288 5503 lolii,
3314 5450 3449 5492 con-

1849 5503 2090 5583 tinuatis]
2123 5510 2416 5566 terroribus
2443 5512 2748 5572 abstulisse.
2793 5516 2998 5586 Quibus
3021 5522 3225 5593 justitia
3265 5538 3445 5586 vestra

1843 5594 1980 5669 [alii,
2010 5598 2262 5656 instantia
2309 5603 2518 5676 nostra]
2568 5607 2620 5660 in
2671 5611 3126 5672 cxaminationem
3173 5619 3442 5692 deductis,

1839 5687 2095 5758 quidquid
2125 5707 2290 5762 super
2319 5694 2420 5750 hac
2448 5697 2604 5766 parte
2642 5699 2825 5772 inique
2851 5715 3058 5773 gestuin
3089 5725 3208 5765 esse
3237 5687 3444 5783 cogno;

1839 5779 1996 5847 verit,
2045 5784 2242 5838 amotis
2290 5783 2662 5853 dilationibus,
2709 5793 2956 5862 legaliter
2997 5799 3288 5856 ordinabit.
3315 5779 3435 5859 vllis

188 5842 435 5900 Justitia:
474 5845 616 5902 ratio
643 5851 929 5915 persuadet
955 5855 1283 5918 excedentes
1314 5864 1630 5935 reprimere.
1664 5879 1730 5926 ut
1834 5885 1966 5936 ergo
1990 5888 2055 5931 ac
2085 5875 2300 5942 talibus,
2333 5891 2454 5942 qua:
2481 5879 2548 5936 ad
2579 5883 2864 5940 utilitatem
2891 5887 3164 5954 publicam
3195 5894 3280 5948 vel
3309 5911 3438 5966 pro-
