  <div class='ocr_page' id='page_1' title='image "/cluster/home/n/w/nwhite01/storage/ocr_20150623/69/umn.31951002477362u/337.png"; bbox 0 0 3974 6406; ppageno 0'>
   <div class='ocr_carea' id='block_1_1' title="bbox 485 316 594 372">
    <p class='ocr_par' dir='ltr' id='par_1_1' title="bbox 485 316 594 372">
     <span class='ocr_line' id='line_1_1' title="bbox 485 316 594 372; baseline 0 -1"><span class='ocrx_word' id='word_1_1' title='bbox 485 316 594 372; x_wconf 77' lang='grc'>655</span> 
     </span>
    </p>
   </div>
   <div class='ocr_carea' id='block_1_2' title="bbox 486 515 2072 593">
    <p class='ocr_par' dir='ltr' id='par_1_2' title="bbox 486 515 2072 593">
     <span class='ocr_line' id='line_1_2' title="bbox 486 515 2072 593; baseline -0.004 -17"><span class='ocrx_word' id='word_1_2' title='bbox 486 538 584 593; x_wconf 90' lang='lat' dir='ltr'><strong>per</strong></span> <span class='ocrx_word' id='word_1_3' title='bbox 609 521 786 578; x_wconf 87' lang='lat' dir='ltr'><strong>omnia</strong></span> <span class='ocrx_word' id='word_1_4' title='bbox 818 521 1061 576; x_wconf 89' lang='lat' dir='ltr'><strong>volumus</strong></span> <span class='ocrx_word' id='word_1_5' title='bbox 1090 534 1268 588; x_wconf 90' lang='lat' dir='ltr'><strong>agerc,</strong></span> <span class='ocrx_word' id='word_1_6' title='bbox 1300 532 1420 586; x_wconf 62' lang='lat' dir='ltr'><strong>quae</strong></span> <span class='ocrx_word' id='word_1_7' title='bbox 1449 525 1645 571; x_wconf 64' lang='lat' dir='ltr'><strong>nostrae</strong></span> <span class='ocrx_word' id='word_1_8' title='bbox 1676 515 2072 570; x_wconf 91' lang='lat' dir='ltr'><strong>mansuetudini</strong></span> 
     </span>
    </p>
   </div>
   <div class='ocr_carea' id='block_1_3' title="bbox 485 603 2074 680">
    <p class='ocr_par' dir='ltr' id='par_1_3' title="bbox 485 603 2074 680">
     <span class='ocr_line' id='line_1_3' title="bbox 485 603 2074 680; baseline -0.007 -9"><span class='ocrx_word' id='word_1_9' title='bbox 485 629 593 670; x_wconf 90' lang='lat' dir='ltr'><strong>non</strong></span> <span class='ocrx_word' id='word_1_10' title='bbox 621 613 850 668; x_wconf 88' lang='lat' dir='ltr'><strong>debeant</strong></span> <span class='ocrx_word' id='word_1_11' title='bbox 876 609 1179 680; x_wconf 85' lang='lat' dir='ltr'><strong>displicere.</strong></span> <span class='ocrx_word' id='word_1_12' title='bbox 1219 603 1349 663; x_wconf 88' lang='lat' dir='ltr'><strong>Illud</strong></span> <span class='ocrx_word' id='word_1_13' title='bbox 1370 623 1498 662; x_wconf 83' lang='lat' dir='ltr'><strong>sane</strong></span> <span class='ocrx_word' id='word_1_14' title='bbox 1528 606 1861 678; x_wconf 75' lang='lat' dir='ltr'><strong>providentia</strong></span> <span class='ocrx_word' id='word_1_15' title='bbox 1891 615 2074 662; x_wconf 90' lang='lat' dir='ltr'><strong>nostra</strong></span> 
     </span>
    </p>
   </div>
   <div class='ocr_carea' id='block_1_4' title="bbox 485 699 2076 776">
    <p class='ocr_par' dir='ltr' id='par_1_4' title="bbox 485 699 2076 776">
     <span class='ocr_line' id='line_1_4' title="bbox 485 699 2076 776; baseline -0.005 -15"><span class='ocrx_word' id='word_1_16' title='bbox 485 705 740 776; x_wconf 74' lang='lat' dir='ltr'><strong>respexit,</strong></span> <span class='ocrx_word' id='word_1_17' title='bbox 773 712 829 758; x_wconf 90' lang='lat' dir='ltr'><strong>ut</strong></span> <span class='ocrx_word' id='word_1_18' title='bbox 845 703 1092 758; x_wconf 89' lang='lat' dir='ltr'><strong>omnibus</strong></span> <span class='ocrx_word' id='word_1_19' title='bbox 1121 717 1150 754; x_wconf 90' lang='lat' dir='ltr'><strong>a</strong></span> <span class='ocrx_word' id='word_1_20' title='bbox 1179 709 1233 755; x_wconf 91' lang='lat' dir='ltr'><strong>te</strong></span> <span class='ocrx_word' id='word_1_21' title='bbox 1255 701 1486 755; x_wconf 86' lang='lat' dir='ltr'><strong>sollicita</strong></span> <span class='ocrx_word' id='word_1_22' title='bbox 1515 711 1677 769; x_wconf 85' lang='lat' dir='ltr'><strong>atque</strong></span> <span class='ocrx_word' id='word_1_23' title='bbox 1696 699 1947 768; x_wconf 62' lang='lat' dir='ltr'><strong>aequabili</strong></span> <span class='ocrx_word' id='word_1_24' title='bbox 1994 699 2076 754; x_wconf 89' lang='lat' dir='ltr'><strong>in-</strong></span> 
     </span>
    </p>
   </div>
   <div class='ocr_carea' id='block_1_5' title="bbox 483 787 2072 864">
    <p class='ocr_par' dir='ltr' id='par_1_5' title="bbox 483 787 2072 864">
     <span class='ocr_line' id='line_1_5' title="bbox 483 787 2072 864; baseline -0.007 -13"><span class='ocrx_word' id='word_1_25' title='bbox 483 796 770 864; x_wconf 87' lang='lat' dir='ltr'><strong>dagatione</strong></span> <span class='ocrx_word' id='word_1_26' title='bbox 797 792 1090 863; x_wconf 87' lang='lat' dir='ltr'><strong>compertis</strong></span> <span class='ocrx_word' id='word_1_27' title='bbox 1119 789 1456 861; x_wconf 78' lang='lat' dir='ltr'><strong>polyptychis</strong></span> <span class='ocrx_word' id='word_1_28' title='bbox 1477 799 1501 824; x_wconf 78' lang='lat'><strong><em>&quot;</em></strong></span> <span class='ocrx_word' id='word_1_29' title='bbox 1527 788 1820 858; x_wconf 87' lang='lat' dir='ltr'><strong>jubeantur</strong></span> <span class='ocrx_word' id='word_1_30' title='bbox 1849 787 2072 851; x_wconf 83' lang='lat' dir='ltr'><strong>ascribi;</strong></span> 
     </span>
    </p>
   </div>
   <div class='ocr_carea' id='block_1_6' title="bbox 485 878 2074 958">
    <p class='ocr_par' dir='ltr' id='par_1_6' title="bbox 485 878 2074 958">
     <span class='ocr_line' id='line_1_6' title="bbox 485 878 2074 958; baseline -0.006 -15"><span class='ocrx_word' id='word_1_31' title='bbox 485 897 750 958; x_wconf 81' lang='lat' dir='ltr'><strong>quatenus</strong></span> <span class='ocrx_word' id='word_1_32' title='bbox 779 895 833 939; x_wconf 89' lang='lat' dir='ltr'><strong>et</strong></span> <span class='ocrx_word' id='word_1_33' title='bbox 864 883 1166 939; x_wconf 87' lang='lat' dir='ltr'><strong>testimonia</strong></span> <span class='ocrx_word' id='word_1_34' title='bbox 1197 881 1313 935; x_wconf 92' lang='lat' dir='ltr'><strong>fidei</strong></span> <span class='ocrx_word' id='word_1_35' title='bbox 1344 889 1537 935; x_wconf 75' lang='lat' dir='ltr'><strong>vestra:</strong></span> <span class='ocrx_word' id='word_1_36' title='bbox 1559 879 1818 941; x_wconf 86' lang='lat' dir='ltr'><strong>clarcant,</strong></span> <span class='ocrx_word' id='word_1_37' title='bbox 1850 886 1905 932; x_wconf 91' lang='lat' dir='ltr'><strong>et</strong></span> <span class='ocrx_word' id='word_1_38' title='bbox 1929 878 2074 933; x_wconf 87' lang='lat' dir='ltr'><strong>nulla</strong></span> 
     </span>
    </p>
   </div>
   <div class='ocr_carea' id='block_1_7' title="bbox 485 969 2077 1050">
    <p class='ocr_par' dir='ltr' id='par_1_7' title="bbox 485 969 2077 1050">
     <span class='ocr_line' id='line_1_7' title="bbox 485 969 2077 1050; baseline -0.006 -17"><span class='ocrx_word' id='word_1_39' title='bbox 485 979 739 1050; x_wconf 82' lang='lat' dir='ltr'><strong>posthac,</strong></span> <span class='ocrx_word' id='word_1_40' title='bbox 781 991 900 1046; x_wconf 75' lang='lat' dir='ltr'><strong>qua:</strong></span> <span class='ocrx_word' id='word_1_41' title='bbox 942 973 1188 1042; x_wconf 83' lang='lat' dir='ltr'><strong>abrogari</strong></span> <span class='ocrx_word' id='word_1_42' title='bbox 1221 971 1247 1010; x_wconf 70' lang='grc' dir='ltr'><strong><em>ι’</em></strong></span> <span class='ocrx_word' id='word_1_43' title='bbox 1291 972 1570 1036; x_wconf 89' lang='lat' dir='ltr'><strong>volumus,</strong></span> <span class='ocrx_word' id='word_1_44' title='bbox 1623 969 1828 1024; x_wconf 85' lang='lat' dir='ltr'><strong>semina</strong></span> <span class='ocrx_word' id='word_1_45' title='bbox 1877 970 2077 1024; x_wconf 80' lang='lat' dir='ltr'><strong>fraudis</strong></span> 
     </span>
    </p>
   </div>
   <div class='ocr_carea' id='block_1_8' title="bbox 487 1070 848 1124">
    <p class='ocr_par' dir='ltr' id='par_1_8' title="bbox 487 1070 848 1124">
     <span class='ocr_line' id='line_1_8' title="bbox 487 1070 848 1124; baseline -0.008 0"><span class='ocrx_word' id='word_1_46' title='bbox 487 1070 772 1124; x_wconf 89' lang='lat' dir='ltr'><strong>iterentur.</strong></span> <span class='ocrx_word' id='word_1_47' title='bbox 841 1107 848 1113; x_wconf 83' lang='grc'><strong>.</strong></span> 
     </span>
    </p>
   </div>
   <div class='ocr_carea' id='block_1_9' title="bbox 1028 1262 1499 1320">
    <p class='ocr_par' dir='ltr' id='par_1_9' title="bbox 1028 1262 1499 1320">
     <span class='ocr_line' id='line_1_9' title="bbox 1028 1262 1499 1320; baseline -0.004 -1"><span class='ocrx_word' id='word_1_48' title='bbox 1028 1262 1361 1320; x_wconf 82' lang='lat' dir='ltr'><strong>EPISTOLA</strong></span> <span class='ocrx_word' id='word_1_49' title='bbox 1403 1262 1499 1317; x_wconf 76' lang='lat' dir='ltr'><strong>XV</strong></span> 
     </span>
    </p>
   </div>
   <div class='ocr_carea' id='block_1_10' title="bbox 517 1408 2050 1461">
    <p class='ocr_par' dir='ltr' id='par_1_10' title="bbox 517 1408 2050 1461">
     <span class='ocr_line' id='line_1_10' title="bbox 517 1408 2050 1461; baseline -0.01 0"><span class='ocrx_word' id='word_1_50' title='bbox 517 1419 780 1461; x_wconf 70' lang='lat' dir='ltr'><strong>UNWERSIS</strong></span> <span class='ocrx_word' id='word_1_51' title='bbox 851 1413 1249 1456; x_wconf 73' lang='lat' dir='ltr'><strong>POSSESSORIBUS</strong></span> <span class='ocrx_word' id='word_1_52' title='bbox 1319 1413 1370 1452; x_wconf 76' lang='lat' dir='ltr'><strong>IN</strong></span> <span class='ocrx_word' id='word_1_53' title='bbox 1444 1411 1628 1450; x_wconf 74' lang='grc' dir='ltr'><strong>διιΑνΙΑ</strong></span> <span class='ocrx_word' id='word_1_54' title='bbox 1705 1408 2050 1448; x_wconf 64' lang='grc' dir='ltr'><strong>(ῖοΝςτιτυτιε</strong></span> 
     </span>
    </p>
   </div>
   <div class='ocr_carea' id='block_1_11' title="bbox 1018 1507 1544 1548">
    <p class='ocr_par' dir='ltr' id='par_1_11' title="bbox 1018 1507 1544 1548">
     <span class='ocr_line' id='line_1_11' title="bbox 1018 1507 1544 1548; baseline -0.006 -1"><span class='ocrx_word' id='word_1_55' title='bbox 1018 1507 1382 1548; x_wconf 68' lang='grc' dir='ltr'><strong>τιιεουοιιιευδ</strong></span> <span class='ocrx_word' id='word_1_56' title='bbox 1417 1507 1544 1545; x_wconf 77' lang='lat' dir='ltr'><strong>REX.</strong></span> 
     </span>
    </p>
   </div>
   <div class='ocr_carea' id='block_1_12' title="bbox 490 1592 2077 1668">
    <p class='ocr_par' dir='ltr' id='par_1_12' title="bbox 490 1592 2077 1668">
     <span class='ocr_line' id='line_1_12' title="bbox 490 1592 2077 1668; baseline -0.008 -1"><span class='ocrx_word' id='word_1_57' title='bbox 490 1611 682 1667; x_wconf 78' lang='lat' dir='ltr'><strong>Scribit</strong></span> <span class='ocrx_word' id='word_1_58' title='bbox 729 1625 782 1662; x_wconf 83' lang='lat' dir='ltr'><strong>se</strong></span> <span class='ocrx_word' id='word_1_59' title='bbox 825 1609 893 1662; x_wconf 80' lang='lat' dir='ltr'><strong>ad</strong></span> <span class='ocrx_word' id='word_1_60' title='bbox 939 1623 1023 1662; x_wconf 83' lang='lat' dir='ltr'><strong>eos</strong></span> <span class='ocrx_word' id='word_1_61' title='bbox 1065 1606 1268 1660; x_wconf 76' lang='lat' dir='ltr'><strong>misisse</strong></span> <span class='ocrx_word' id='word_1_62' title='bbox 1298 1592 1598 1659; x_wconf 76' lang='lat' dir='ltr'><strong>Severinum</strong></span> <span class='ocrx_word' id='word_1_63' title='bbox 1630 1621 1743 1657; x_wconf 86' lang='lat' dir='ltr'><strong>cum</strong></span> <span class='ocrx_word' id='word_1_64' title='bbox 1780 1604 1986 1668; x_wconf 82' lang='lat' dir='ltr'><strong>edictis,</strong></span> <span class='ocrx_word' id='word_1_65' title='bbox 2021 1612 2077 1655; x_wconf 89' lang='lat' dir='ltr'><strong>ut</strong></span> 
     </span>
    </p>
   </div>
   <div class='ocr_carea' id='block_1_13' title="bbox 738 1675 1826 1750">
    <p class='ocr_par' dir='ltr' id='par_1_13' title="bbox 738 1675 1826 1750">
     <span class='ocr_line' id='line_1_13' title="bbox 738 1675 1826 1750; baseline -0.007 -16"><span class='ocrx_word' id='word_1_66' title='bbox 738 1695 1009 1750; x_wconf 78' lang='lat' dir='ltr'><strong>oppressos</strong></span> <span class='ocrx_word' id='word_1_67' title='bbox 1033 1677 1338 1730; x_wconf 81' lang='lat' dir='ltr'><strong>tributorum</strong></span> <span class='ocrx_word' id='word_1_68' title='bbox 1367 1675 1591 1746; x_wconf 82' lang='lat' dir='ltr'><strong>pondere</strong></span> <span class='ocrx_word' id='word_1_69' title='bbox 1620 1676 1826 1728; x_wconf 78' lang='lat' dir='ltr'><strong>relcrct.</strong></span> 
     </span>
    </p>
   </div>
   <div class='ocr_carea' id='block_1_14' title="bbox 561 1837 2077 1897">
    <p class='ocr_par' dir='ltr' id='par_1_14' title="bbox 561 1837 2077 1897">
     <span class='ocr_line' id='line_1_14' title="bbox 561 1837 2077 1897; baseline -0.006 -1"><span class='ocrx_word' id='word_1_70' title='bbox 561 1841 708 1897; x_wconf 87' lang='lat' dir='ltr'><strong>Licet</strong></span> <span class='ocrx_word' id='word_1_71' title='bbox 738 1839 948 1896; x_wconf 89' lang='lat' dir='ltr'><strong>cunctis</strong></span> <span class='ocrx_word' id='word_1_72' title='bbox 977 1839 1343 1893; x_wconf 81' lang='lat' dir='ltr'><strong>laborantibus</strong></span> <span class='ocrx_word' id='word_1_73' title='bbox 1361 1837 1648 1893; x_wconf 86' lang='lat' dir='ltr'><strong>comitatus</strong></span> <span class='ocrx_word' id='word_1_74' title='bbox 1673 1843 1858 1890; x_wconf 84' lang='lat' dir='ltr'><strong>noster</strong></span> <span class='ocrx_word' id='word_1_75' title='bbox 1881 1850 2077 1890; x_wconf 87' lang='lat' dir='ltr'><strong>concc-</strong></span> 
     </span>
    </p>
   </div>
   <div class='ocr_carea' id='block_1_15' title="bbox 491 1927 2079 2000">
    <p class='ocr_par' dir='ltr' id='par_1_15' title="bbox 491 1927 2079 2000">
     <span class='ocr_line' id='line_1_15' title="bbox 491 1927 2079 2000; baseline -0.006 -11"><span class='ocrx_word' id='word_1_76' title='bbox 491 1934 600 2000; x_wconf 85' lang='lat' dir='ltr'><strong>dat,</strong></span> <span class='ocrx_word' id='word_1_77' title='bbox 634 1933 742 1988; x_wconf 88' lang='lat' dir='ltr'><strong>Deo</strong></span> <span class='ocrx_word' id='word_1_78' title='bbox 770 1931 1084 1996; x_wconf 79' lang='lat' dir='ltr'><strong>auxiliante,</strong></span> <span class='ocrx_word' id='word_1_79' title='bbox 1118 1928 1406 2000; x_wconf 89' lang='lat' dir='ltr'><strong>justitiam,</strong></span> <span class='ocrx_word' id='word_1_80' title='bbox 1437 1936 1492 1983; x_wconf 89' lang='lat' dir='ltr'><strong>et</strong></span> <span class='ocrx_word' id='word_1_81' title='bbox 1525 1927 1650 1983; x_wconf 89' lang='lat' dir='ltr'><strong>hinc</strong></span> <span class='ocrx_word' id='word_1_82' title='bbox 1677 1927 1914 1982; x_wconf 85' lang='lat' dir='ltr'><strong>remedia</strong></span> <span class='ocrx_word' id='word_1_83' title='bbox 1952 1927 2079 1980; x_wconf 89' lang='lat' dir='ltr'><strong>sub-</strong></span> 
     </span>
    </p>
   </div>
   <div class='ocr_carea' id='block_1_16' title="bbox 491 2019 2079 2095">
    <p class='ocr_par' dir='ltr' id='par_1_16' title="bbox 491 2019 2079 2095">
     <span class='ocr_line' id='line_1_16' title="bbox 491 2019 2079 2095; baseline -0.006 -14"><span class='ocrx_word' id='word_1_84' title='bbox 491 2024 645 2095; x_wconf 80' lang='lat' dir='ltr'><strong>jectis</strong></span> <span class='ocrx_word' id='word_1_85' title='bbox 672 2023 740 2078; x_wconf 89' lang='lat' dir='ltr'><strong>ad</strong></span> <span class='ocrx_word' id='word_1_86' title='bbox 784 2023 1021 2092; x_wconf 88' lang='lat' dir='ltr'><strong>reliquas</strong></span> <span class='ocrx_word' id='word_1_87' title='bbox 1063 2021 1214 2090; x_wconf 88' lang='lat' dir='ltr'><strong>regni</strong></span> <span class='ocrx_word' id='word_1_88' title='bbox 1241 2029 1444 2091; x_wconf 87' lang='lat' dir='ltr'><strong>partes,</strong></span> <span class='ocrx_word' id='word_1_89' title='bbox 1490 2020 1641 2090; x_wconf 89' lang='lat' dir='ltr'><strong>quasi</strong></span> <span class='ocrx_word' id='word_1_90' title='bbox 1689 2035 1720 2073; x_wconf 92' lang='lat' dir='ltr'><strong>a</strong></span> <span class='ocrx_word' id='word_1_91' title='bbox 1765 2019 1889 2072; x_wconf 90' lang='lat' dir='ltr'><strong>vivo</strong></span> <span class='ocrx_word' id='word_1_92' title='bbox 1928 2019 2079 2072; x_wconf 85' lang='lat' dir='ltr'><strong>fonte</strong></span> 
     </span>
    </p>
   </div>
   <div class='ocr_carea' id='block_1_17' title="bbox 490 2109 2077 2181">
    <p class='ocr_par' dir='ltr' id='par_1_17' title="bbox 490 2109 2077 2181">
     <span class='ocr_line' id='line_1_17' title="bbox 490 2109 2077 2181; baseline -0.004 -10"><span class='ocrx_word' id='word_1_93' title='bbox 490 2113 838 2178; x_wconf 83' lang='lat' dir='ltr'><strong>descendant,</strong></span> <span class='ocrx_word' id='word_1_94' title='bbox 871 2123 1048 2167; x_wconf 78' lang='lat' dir='ltr'><strong>tamen</strong></span> <span class='ocrx_word' id='word_1_95' title='bbox 1079 2111 1341 2181; x_wconf 81' lang='lat' dir='ltr'><strong>frequenti</strong></span> <span class='ocrx_word' id='word_1_96' title='bbox 1367 2111 1602 2166; x_wconf 88' lang='lat' dir='ltr'><strong>aditione</strong></span> <span class='ocrx_word' id='word_1_97' title='bbox 1627 2109 1879 2180; x_wconf 85' lang='lat' dir='ltr'><strong>permoti,</strong></span> <span class='ocrx_word' id='word_1_98' title='bbox 1927 2109 2077 2176; x_wconf 86' lang='lat' dir='ltr'><strong>inge-</strong></span> 
     </span>
    </p>
   </div>
   <div class='ocr_carea' id='block_1_18' title="bbox 491 2201 2074 2276">
    <p class='ocr_par' dir='ltr' id='par_1_18' title="bbox 491 2201 2074 2276">
     <span class='ocr_line' id='line_1_18' title="bbox 491 2201 2074 2276; baseline -0.006 -14"><span class='ocrx_word' id='word_1_99' title='bbox 491 2208 640 2262; x_wconf 87' lang='lat' dir='ltr'><strong>niosa</strong></span> <span class='ocrx_word' id='word_1_100' title='bbox 659 2207 854 2276; x_wconf 85' lang='lat' dir='ltr'><strong>pietate</strong></span> <span class='ocrx_word' id='word_1_101' title='bbox 870 2204 1168 2274; x_wconf 88' lang='lat' dir='ltr'><strong>reperimus</strong></span> <span class='ocrx_word' id='word_1_102' title='bbox 1187 2213 1238 2257; x_wconf 91' lang='lat' dir='ltr'><strong>et</strong></span> <span class='ocrx_word' id='word_1_103' title='bbox 1259 2203 1566 2272; x_wconf 65' lang='lat' dir='ltr'><strong>aequitatem</strong></span> <span class='ocrx_word' id='word_1_104' title='bbox 1587 2203 1740 2256; x_wconf 81' lang='lat' dir='ltr'><strong>vobis</strong></span> <span class='ocrx_word' id='word_1_105' title='bbox 1760 2201 2074 2268; x_wconf 86' lang='lat' dir='ltr'><strong>concedere,</strong></span> 
     </span>
    </p>
   </div>
   <div class='ocr_carea' id='block_1_19' title="bbox 491 2291 2080 2365">
    <p class='ocr_par' dir='ltr' id='par_1_19' title="bbox 491 2291 2080 2365">
     <span class='ocr_line' id='line_1_19' title="bbox 491 2291 2080 2365; baseline -0.006 -12"><span class='ocrx_word' id='word_1_106' title='bbox 491 2307 545 2353; x_wconf 90' lang='lat' dir='ltr'><strong>et</strong></span> <span class='ocrx_word' id='word_1_107' title='bbox 573 2297 936 2365; x_wconf 79' lang='lat' dir='ltr'><strong>fatigationem</strong></span> <span class='ocrx_word' id='word_1_108' title='bbox 993 2293 1138 2363; x_wconf 90' lang='lat' dir='ltr'><strong>longi</strong></span> <span class='ocrx_word' id='word_1_109' title='bbox 1186 2293 1390 2348; x_wconf 88' lang='lat' dir='ltr'><strong>itineris</strong></span> <span class='ocrx_word' id='word_1_110' title='bbox 1437 2293 1741 2360; x_wconf 88' lang='lat' dir='ltr'><strong>abrogare:</strong></span> <span class='ocrx_word' id='word_1_111' title='bbox 1792 2293 1917 2360; x_wconf 75' lang='lat' dir='ltr'><strong>quia</strong></span> <span class='ocrx_word' id='word_1_112' title='bbox 1961 2291 2080 2346; x_wconf 90' lang='lat' dir='ltr'><strong>dul-</strong></span> 
     </span>
    </p>
   </div>
   <div class='ocr_carea' id='block_1_20' title="bbox 491 2381 2078 2456">
    <p class='ocr_par' dir='ltr' id='par_1_20' title="bbox 491 2381 2078 2456">
     <span class='ocr_line' id='line_1_20' title="bbox 491 2381 2078 2456; baseline -0.006 -11"><span class='ocrx_word' id='word_1_113' title='bbox 491 2389 639 2445; x_wconf 89' lang='lat' dir='ltr'><strong>ciora</strong></span> <span class='ocrx_word' id='word_1_114' title='bbox 667 2395 793 2444; x_wconf 88' lang='lat' dir='ltr'><strong>sunt</strong></span> <span class='ocrx_word' id='word_1_115' title='bbox 837 2383 1098 2442; x_wconf 79' lang='lat' dir='ltr'><strong>beneﬁcia</strong></span> <span class='ocrx_word' id='word_1_116' title='bbox 1125 2400 1246 2456; x_wconf 61' lang='lat' dir='ltr'><strong>quae</strong></span> <span class='ocrx_word' id='word_1_117' title='bbox 1288 2383 1447 2440; x_wconf 89' lang='lat' dir='ltr'><strong>nullis</strong></span> <span class='ocrx_word' id='word_1_118' title='bbox 1489 2381 1890 2439; x_wconf 87' lang='lat' dir='ltr'><strong>difficultatibus</strong></span> <span class='ocrx_word' id='word_1_119' title='bbox 1935 2382 2078 2438; x_wconf 86' lang='lat' dir='ltr'><strong>obti-</strong></span> 
     </span>
    </p>
   </div>
   <div class='ocr_carea' id='block_1_21' title="bbox 493 2475 2082 2548">
    <p class='ocr_par' dir='ltr' id='par_1_21' title="bbox 493 2475 2082 2548">
     <span class='ocr_line' id='line_1_21' title="bbox 493 2475 2082 2548; baseline -0.001 -14"><span class='ocrx_word' id='word_1_120' title='bbox 493 2488 706 2536; x_wconf 87' lang='lat' dir='ltr'><strong>nentur.</strong></span> <span class='ocrx_word' id='word_1_121' title='bbox 738 2478 978 2534; x_wconf 84' lang='lat' dir='ltr'><strong>Misimus</strong></span> <span class='ocrx_word' id='word_1_122' title='bbox 1009 2478 1192 2548; x_wconf 88' lang='lat' dir='ltr'><strong>itaque</strong></span> <span class='ocrx_word' id='word_1_123' title='bbox 1223 2476 1484 2532; x_wconf 88' lang='lat' dir='ltr'><strong>illustrem</strong></span> <span class='ocrx_word' id='word_1_124' title='bbox 1513 2485 1569 2531; x_wconf 90' lang='lat' dir='ltr'><strong>et</strong></span> <span class='ocrx_word' id='word_1_125' title='bbox 1606 2476 1945 2547; x_wconf 86' lang='lat' dir='ltr'><strong>magnificum</strong></span> <span class='ocrx_word' id='word_1_126' title='bbox 1983 2475 2082 2532; x_wconf 87' lang='lat' dir='ltr'><strong>Se-</strong></span> 
     </span>
    </p>
   </div>
   <div class='ocr_carea' id='block_1_22' title="bbox 493 2567 2082 2634">
    <p class='ocr_par' dir='ltr' id='par_1_22' title="bbox 493 2567 2082 2634">
     <span class='ocr_line' id='line_1_22' title="bbox 493 2567 2082 2634; baseline -0.001 -10"><span class='ocrx_word' id='word_1_127' title='bbox 493 2572 736 2626; x_wconf 88' lang='lat' dir='ltr'><strong>verinum</strong></span> <span class='ocrx_word' id='word_1_128' title='bbox 785 2571 985 2625; x_wconf 85' lang='lat' dir='ltr'><strong>nostris</strong></span> <span class='ocrx_word' id='word_1_129' title='bbox 1031 2569 1458 2624; x_wconf 82' lang='lat' dir='ltr'><strong>institutionibus</strong></span> <span class='ocrx_word' id='word_1_130' title='bbox 1509 2567 1820 2634; x_wconf 88' lang='lat' dir='ltr'><strong>eruditum,</strong></span> <span class='ocrx_word' id='word_1_131' title='bbox 1866 2575 1928 2621; x_wconf 92' lang='lat' dir='ltr'><strong>ut</strong></span> <span class='ocrx_word' id='word_1_132' title='bbox 1978 2567 2082 2622; x_wconf 92' lang='lat' dir='ltr'><strong>hoc</strong></span> 
     </span>
    </p>
   </div>
   <div class='ocr_carea' id='block_1_23' title="bbox 494 2659 2084 2735">
    <p class='ocr_par' dir='ltr' id='par_1_23' title="bbox 494 2659 2084 2735">
     <span class='ocr_line' id='line_1_23' title="bbox 494 2659 2084 2735; baseline -0.004 -17"><span class='ocrx_word' id='word_1_133' title='bbox 494 2663 635 2735; x_wconf 92' lang='lat' dir='ltr'><strong>apud</strong></span> <span class='ocrx_word' id='word_1_134' title='bbox 668 2678 764 2719; x_wconf 86' lang='lat' dir='ltr'><strong>vos</strong></span> <span class='ocrx_word' id='word_1_135' title='bbox 791 2670 1003 2731; x_wconf 88' lang='lat' dir='ltr'><strong>gereret</strong></span> <span class='ocrx_word' id='word_1_136' title='bbox 1027 2659 1170 2730; x_wconf 91' lang='lat' dir='ltr'><strong>quod</strong></span> <span class='ocrx_word' id='word_1_137' title='bbox 1191 2659 1346 2714; x_wconf 88' lang='lat' dir='ltr'><strong>nobis</strong></span> <span class='ocrx_word' id='word_1_138' title='bbox 1367 2675 1580 2729; x_wconf 90' lang='lat' dir='ltr'><strong>semper</strong></span> <span class='ocrx_word' id='word_1_139' title='bbox 1599 2659 1860 2728; x_wconf 86' lang='lat' dir='ltr'><strong>placuisse</strong></span> <span class='ocrx_word' id='word_1_140' title='bbox 1882 2672 2084 2726; x_wconf 85' lang='lat' dir='ltr'><strong>cogno-</strong></span> 
     </span>
    </p>
   </div>
   <div class='ocr_carea' id='block_1_24' title="bbox 494 2748 2084 2821">
    <p class='ocr_par' dir='ltr' id='par_1_24' title="bbox 494 2748 2084 2821">
     <span class='ocr_line' id='line_1_24' title="bbox 494 2748 2084 2821; baseline -0.005 -11"><span class='ocrx_word' id='word_1_141' title='bbox 494 2757 586 2810; x_wconf 91' lang='lat' dir='ltr'><strong>vit.</strong></span> <span class='ocrx_word' id='word_1_142' title='bbox 612 2753 759 2808; x_wconf 82' lang='lat' dir='ltr'><strong>Vidit</strong></span> <span class='ocrx_word' id='word_1_143' title='bbox 779 2753 925 2808; x_wconf 88' lang='lat' dir='ltr'><strong>enim</strong></span> <span class='ocrx_word' id='word_1_144' title='bbox 946 2766 1109 2821; x_wconf 89' lang='lat' dir='ltr'><strong>quam</strong></span> <span class='ocrx_word' id='word_1_145' title='bbox 1132 2749 1462 2804; x_wconf 89' lang='lat' dir='ltr'><strong>honorabilis</strong></span> <span class='ocrx_word' id='word_1_146' title='bbox 1482 2749 1623 2820; x_wconf 90' lang='lat' dir='ltr'><strong>apud</strong></span> <span class='ocrx_word' id='word_1_147' title='bbox 1651 2764 1749 2804; x_wconf 92' lang='lat' dir='ltr'><strong>nos</strong></span> <span class='ocrx_word' id='word_1_148' title='bbox 1773 2748 1947 2818; x_wconf 88' lang='lat' dir='ltr'><strong>justus</strong></span> <span class='ocrx_word' id='word_1_149' title='bbox 1972 2748 2084 2820; x_wconf 66' lang='grc'><strong>84</strong></span> 
     </span>
    </p>
   </div>
   <div class='ocr_carea' id='block_1_25' title="bbox 494 2845 2080 2920">
    <p class='ocr_par' dir='ltr' id='par_1_25' title="bbox 494 2845 2080 2920">
     <span class='ocr_line' id='line_1_25' title="bbox 494 2845 2080 2920; baseline -0.005 -11"><span class='ocrx_word' id='word_1_150' title='bbox 494 2854 778 2916; x_wconf 88' lang='lat' dir='ltr'><strong>habeatur,</strong></span> <span class='ocrx_word' id='word_1_151' title='bbox 825 2846 1273 2920; x_wconf 84' lang='lat' dir='ltr'><strong>quemadmodum</strong></span> <span class='ocrx_word' id='word_1_152' title='bbox 1321 2847 1480 2902; x_wconf 88' lang='lat' dir='ltr'><strong>bonis</strong></span> <span class='ocrx_word' id='word_1_153' title='bbox 1525 2845 1736 2902; x_wconf 89' lang='lat' dir='ltr'><strong>actibus</strong></span> <span class='ocrx_word' id='word_1_154' title='bbox 1791 2847 2080 2901; x_wconf 89' lang='lat' dir='ltr'><strong>clementia</strong></span> 
     </span>
    </p>
   </div>
   <div class='ocr_carea' id='block_1_26' title="bbox 494 2937 2083 3009">
    <p class='ocr_par' dir='ltr' id='par_1_26' title="bbox 494 2937 2083 3009">
     <span class='ocr_line' id='line_1_26' title="bbox 494 2937 2083 3009; baseline -0.006 -8"><span class='ocrx_word' id='word_1_155' title='bbox 494 2955 694 3002; x_wconf 69' lang='lat' dir='ltr'><strong>nostra:</strong></span> <span class='ocrx_word' id='word_1_156' title='bbox 717 2941 1022 2998; x_wconf 89' lang='lat' dir='ltr'><strong>serenitatis</strong></span> <span class='ocrx_word' id='word_1_157' title='bbox 1065 2939 1318 2994; x_wconf 89' lang='lat' dir='ltr'><strong>arrideat.</strong></span> <span class='ocrx_word' id='word_1_158' title='bbox 1370 2937 1604 2994; x_wconf 80' lang='lat' dir='ltr'><strong>Exercet</strong></span> <span class='ocrx_word' id='word_1_159' title='bbox 1649 2937 1892 3009; x_wconf 83' lang='lat' dir='ltr'><strong>profecto</strong></span> <span class='ocrx_word' id='word_1_160' title='bbox 1937 2937 2083 3008; x_wconf 90' lang='lat' dir='ltr'><strong>quod</strong></span> 
     </span>
    </p>
   </div>
   <div class='ocr_carea' id='block_1_27' title="bbox 497 3027 2081 3104">
    <p class='ocr_par' dir='ltr' id='par_1_27' title="bbox 497 3027 2081 3104">
     <span class='ocr_line' id='line_1_27' title="bbox 497 3027 2081 3104; baseline -0.007 -11"><span class='ocrx_word' id='word_1_161' title='bbox 497 3052 596 3093; x_wconf 87' lang='lat' dir='ltr'><strong>nos</strong></span> <span class='ocrx_word' id='word_1_162' title='bbox 623 3041 899 3104; x_wconf 72' lang='lat' dir='ltr'><strong>gratanter</strong></span> <span class='ocrx_word' id='word_1_163' title='bbox 935 3031 1168 3086; x_wconf 65' lang='lat' dir='ltr'><strong>aestimat</strong></span> <span class='ocrx_word' id='word_1_164' title='bbox 1214 3029 1496 3099; x_wconf 89' lang='lat' dir='ltr'><strong>accipere;</strong></span> <span class='ocrx_word' id='word_1_165' title='bbox 1543 3045 1644 3084; x_wconf 90' lang='lat' dir='ltr'><strong>nec</strong></span> <span class='ocrx_word' id='word_1_166' title='bbox 1693 3035 1871 3098; x_wconf 87' lang='lat' dir='ltr'><strong>potest</strong></span> <span class='ocrx_word' id='word_1_167' title='bbox 1913 3027 2081 3082; x_wconf 88' lang='lat' dir='ltr'><strong>amari</strong></span> 
     </span>
    </p>
   </div>
   <div class='ocr_carea' id='block_1_28' title="bbox 1704 308 2526 367">
    <p class='ocr_par' dir='ltr' id='par_1_28' title="bbox 1704 308 2526 367">
     <span class='ocr_line' id='line_1_28' title="bbox 1704 308 2526 367; baseline 0.006 -5"><span class='ocrx_word' id='word_1_168' title='bbox 1704 309 1770 362; x_wconf 83' lang='grc' dir='ltr'>Μ.</span> <span class='ocrx_word' id='word_1_169' title='bbox 1813 308 2091 364; x_wconf 73' lang='lat' dir='ltr'><strong>AUllElJl</strong></span> <span class='ocrx_word' id='word_1_170' title='bbox 2129 309 2526 367; x_wconf 77' lang='lat' dir='ltr'><strong>CASSIODOIll</strong></span> 
     </span>
    </p>
   </div>
   <div class='ocr_carea' id='block_1_29' title="bbox 488 397 2148 501">
    <p class='ocr_par' dir='ltr' id='par_1_29' title="bbox 488 421 2148 501">
     <span class='ocr_line' id='line_1_29' title="bbox 488 421 2148 501; baseline -0.005 -17"><span class='ocrx_word' id='word_1_171' title='bbox 488 431 742 486; x_wconf 87' lang='lat' dir='ltr'><strong>vmciales</strong></span> <span class='ocrx_word' id='word_1_172' title='bbox 764 429 1051 501; x_wconf 85' lang='lat' dir='ltr'><strong>pertinent,</strong></span> <span class='ocrx_word' id='word_1_173' title='bbox 1079 433 1179 481; x_wconf 85' lang='lat' dir='ltr'><strong>sub</strong></span> <span class='ocrx_word' id='word_1_174' title='bbox 1203 423 1346 480; x_wconf 92' lang='lat' dir='ltr'><strong>omni</strong></span> <span class='ocrx_word' id='word_1_175' title='bbox 1377 423 1584 477; x_wconf 86' lang='lat' dir='ltr'><strong>ratione</strong></span> <span class='ocrx_word' id='word_1_176' title='bbox 1609 421 1880 485; x_wconf 82' lang='lat' dir='ltr'><strong>discussis,</strong></span> <span class='ocrx_word' id='word_1_177' title='bbox 1924 437 1986 476; x_wconf 88' lang='lat' dir='ltr'><strong>ea</strong></span> <span class='ocrx_word' id='word_1_178' title='bbox 2023 430 2073 476; x_wconf 91' lang='lat' dir='ltr'><strong>te</strong></span> <span class='ocrx_word' id='word_1_179' title='bbox 2108 429 2148 486; x_wconf 77' lang='grc' dir='ltr'><strong>Α</strong></span> 
     </span>
    </p>
   </div>
   <div class='ocr_carea' id='block_1_30' title="bbox 3675 315 3780 369">
    <p class='ocr_par' dir='ltr' id='par_1_30' title="bbox 3675 315 3780 369">
     <span class='ocr_line' id='line_1_30' title="bbox 3675 315 3780 369; baseline 0.01 -1"><span class='ocrx_word' id='word_1_180' title='bbox 3675 315 3780 369; x_wconf 70' lang='lat'><strong>656</strong></span> 
     </span>
    </p>
   </div>
   <div class='ocr_carea' id='block_1_31' title="bbox 2729 425 3236 482">
    <p class='ocr_par' dir='ltr' id='par_1_31' title="bbox 2729 425 3236 482">
     <span class='ocr_line' id='line_1_31' title="bbox 2729 425 3236 482; baseline 0.004 -4"><span class='ocrx_word' id='word_1_181' title='bbox 2729 425 3061 482; x_wconf 80' lang='lat' dir='ltr'><strong>EPISTOLA</strong></span> <span class='ocrx_word' id='word_1_182' title='bbox 3103 427 3236 481; x_wconf 66' lang='lat' dir='ltr'><strong>XVI.</strong></span> 
     </span>
    </p>
   </div>
   <div class='ocr_carea' id='block_1_32' title="bbox 2210 575 3744 616">
    <p class='ocr_par' dir='ltr' id='par_1_32' title="bbox 2210 575 3744 616">
     <span class='ocr_line' id='line_1_32' title="bbox 2210 575 3744 616; baseline 0.002 -5"><span class='ocrx_word' id='word_1_183' title='bbox 2210 575 2542 615; x_wconf 68' lang='lat' dir='ltr'><strong>ABUNDANTIO</strong></span> <span class='ocrx_word' id='word_1_184' title='bbox 2574 576 2867 615; x_wconf 70' lang='grc' dir='ltr'><strong>ΓΒΑ-ΖΡΕοΤο</strong></span> <span class='ocrx_word' id='word_1_185' title='bbox 2897 575 3178 616; x_wconf 69' lang='grc' dir='ltr'><strong>ΡΒᾸΞΤΟΜΟ</strong></span> <span class='ocrx_word' id='word_1_186' title='bbox 3208 576 3580 616; x_wconf 68' lang='grc' dir='ltr'><strong>τιιεουοιιιευδ</strong></span> <span class='ocrx_word' id='word_1_187' title='bbox 3613 577 3744 614; x_wconf 66' lang='lat' dir='ltr'><strong>Ill-2!.</strong></span> 
     </span>
    </p>
   </div>
   <div class='ocr_carea' id='block_1_33' title="bbox 2178 669 3783 746">
    <p class='ocr_par' dir='ltr' id='par_1_33' title="bbox 2178 669 3783 746">
     <span class='ocr_line' id='line_1_33' title="bbox 2178 669 3783 746; baseline 0.002 -22"><span class='ocrx_word' id='word_1_188' title='bbox 2178 669 2426 746; x_wconf 70' lang='lat' dir='ltr'><strong>Pra&#39;cipit</strong></span> <span class='ocrx_word' id='word_1_189' title='bbox 2462 681 2517 746; x_wconf 77' lang='lat' dir='ltr'><strong>ut</strong></span> <span class='ocrx_word' id='word_1_190' title='bbox 2556 690 2646 746; x_wconf 72' lang='lat' dir='ltr'><strong>per</strong></span> <span class='ocrx_word' id='word_1_191' title='bbox 2687 685 2924 746; x_wconf 83' lang='lat' dir='ltr'><strong>cunctam</strong></span> <span class='ocrx_word' id='word_1_192' title='bbox 2971 673 3189 728; x_wconf 83' lang='lat' dir='ltr'><strong>Italiam</strong></span> <span class='ocrx_word' id='word_1_193' title='bbox 3235 675 3489 746; x_wconf 85' lang='lat' dir='ltr'><strong>inquirat,</strong></span> <span class='ocrx_word' id='word_1_194' title='bbox 3541 686 3783 746; x_wconf 84' lang='lat' dir='ltr'><strong>ematque</strong></span> 
     </span>
    </p>
   </div>
   <div class='ocr_carea' id='block_1_34' title="bbox 2247 743 3781 812">
    <p class='ocr_par' dir='ltr' id='par_1_34' title="bbox 2247 743 3781 812">
     <span class='ocr_line' id='line_1_34' title="bbox 2247 743 3781 812; baseline 0.003 -18"><span class='ocrx_word' id='word_1_195' title='bbox 2247 743 2390 812; x_wconf 80' lang='lat' dir='ltr'><strong>ligna</strong></span> <span class='ocrx_word' id='word_1_196' title='bbox 2431 743 2502 794; x_wconf 87' lang='lat' dir='ltr'><strong>ad</strong></span> <span class='ocrx_word' id='word_1_197' title='bbox 2529 743 2671 797; x_wconf 86' lang='lat' dir='ltr'><strong>mille</strong></span> <span class='ocrx_word' id='word_1_198' title='bbox 2715 745 2989 797; x_wconf 79' lang='lat' dir='ltr'><strong>dromoncs</strong></span> <span class='ocrx_word' id='word_1_199' title='bbox 3017 743 3411 810; x_wconf 74' lang='lat' dir='ltr'><strong>constritenilos,</strong></span> <span class='ocrx_word' id='word_1_200' title='bbox 3435 756 3487 798; x_wconf 86' lang='lat' dir='ltr'><strong>et</strong></span> <span class='ocrx_word' id='word_1_201' title='bbox 3532 743 3781 799; x_wconf 76' lang='lat' dir='ltr'><strong>idoneum</strong></span> 
     </span>
    </p>
   </div>
   <div class='ocr_carea' id='block_1_35' title="bbox 2247 813 3700 886">
    <p class='ocr_par' dir='ltr' id='par_1_35' title="bbox 2247 813 3700 886">
     <span class='ocr_line' id='line_1_35' title="bbox 2247 813 3700 886; baseline 0.006 -24"><span class='ocrx_word' id='word_1_202' title='bbox 2247 823 2524 865; x_wconf 80' lang='lat' dir='ltr'><strong>nautarum</strong></span> <span class='ocrx_word' id='word_1_203' title='bbox 2553 830 2818 867; x_wconf 80' lang='lat' dir='ltr'><strong>numerum</strong></span> <span class='ocrx_word' id='word_1_204' title='bbox 2847 813 3096 867; x_wconf 81' lang='lat' dir='ltr'><strong>classibus</strong></span> <span class='ocrx_word' id='word_1_205' title='bbox 3127 815 3436 868; x_wconf 76' lang='lat' dir='ltr'><strong>serviturum</strong></span> <span class='ocrx_word' id='word_1_206' title='bbox 3459 817 3700 886; x_wconf 85' lang='lat' dir='ltr'><strong>colligat.</strong></span> 
     </span>
    </p>
   </div>
   <div class='ocr_carea' id='block_1_36' title="bbox 2248 946 3786 1018">
    <p class='ocr_par' dir='ltr' id='par_1_36' title="bbox 2248 946 3786 1018">
     <span class='ocr_line' id='line_1_36' title="bbox 2248 946 3786 1018; baseline 0.006 -21"><span class='ocrx_word' id='word_1_207' title='bbox 2248 946 2504 1012; x_wconf 82' lang='lat' dir='ltr'><strong>Quamvis</strong></span> <span class='ocrx_word' id='word_1_208' title='bbox 2534 947 2682 1001; x_wconf 89' lang='lat' dir='ltr'><strong>utilia</strong></span> <span class='ocrx_word' id='word_1_209' title='bbox 2705 947 2914 1017; x_wconf 91' lang='lat' dir='ltr'><strong>reipub.</strong></span> <span class='ocrx_word' id='word_1_210' title='bbox 2943 957 3125 1002; x_wconf 91' lang='lat' dir='ltr'><strong>nostra</strong></span> <span class='ocrx_word' id='word_1_211' title='bbox 3144 963 3361 1018; x_wconf 87' lang='lat' dir='ltr'><strong>semper</strong></span> <span class='ocrx_word' id='word_1_212' title='bbox 3384 951 3786 1006; x_wconf 82' lang='lat' dir='ltr'><strong>consuetudine</strong></span> 
     </span>
    </p>
   </div>
   <div class='ocr_carea' id='block_1_37' title="bbox 2177 1037 3784 1110">
    <p class='ocr_par' dir='ltr' id='par_1_37' title="bbox 2177 1037 3784 1110">
     <span class='ocr_line' id='line_1_37' title="bbox 2177 1037 3784 1110; baseline 0.003 -18"><span class='ocrx_word' id='word_1_213' title='bbox 2177 1053 2515 1103; x_wconf 84' lang='lat' dir='ltr'><strong>censeamus,</strong></span> <span class='ocrx_word' id='word_1_214' title='bbox 2547 1048 2603 1093; x_wconf 89' lang='lat' dir='ltr'><strong>et</strong></span> <span class='ocrx_word' id='word_1_215' title='bbox 2623 1039 2698 1094; x_wconf 85' lang='lat' dir='ltr'><strong>&#39;ob</strong></span> <span class='ocrx_word' id='word_1_216' title='bbox 2728 1037 2780 1092; x_wconf 89' lang='lat' dir='ltr'><strong>id</strong></span> <span class='ocrx_word' id='word_1_217' title='bbox 2808 1041 3056 1094; x_wconf 88' lang='lat' dir='ltr'><strong>onmibus</strong></span> <span class='ocrx_word' id='word_1_218' title='bbox 3084 1041 3294 1110; x_wconf 87' lang='lat' dir='ltr'><strong>possint</strong></span> <span class='ocrx_word' id='word_1_219' title='bbox 3321 1054 3440 1095; x_wconf 89' lang='lat' dir='ltr'><strong>esse</strong></span> <span class='ocrx_word' id='word_1_220' title='bbox 3469 1042 3784 1108; x_wconf 84' lang='lat' dir='ltr'><strong>gratissima</strong></span> 
     </span>
    </p>
   </div>
   <div class='ocr_carea' id='block_1_38' title="bbox 2177 1128 3781 1200">
    <p class='ocr_par' dir='ltr' id='par_1_38' title="bbox 2177 1128 3781 1200">
     <span class='ocr_line' id='line_1_38' title="bbox 2177 1128 3781 1200; baseline 0.002 -18"><span class='ocrx_word' id='word_1_221' title='bbox 2177 1144 2297 1198; x_wconf 71' lang='lat' dir='ltr'><strong>qua:</strong></span> <span class='ocrx_word' id='word_1_222' title='bbox 2345 1128 2612 1197; x_wconf 86' lang='lat' dir='ltr'><strong>jubemus,</strong></span> <span class='ocrx_word' id='word_1_223' title='bbox 2663 1129 2788 1199; x_wconf 88' lang='lat' dir='ltr'><strong>quia</strong></span> <span class='ocrx_word' id='word_1_224' title='bbox 2835 1129 3044 1184; x_wconf 90' lang='lat' dir='ltr'><strong>cunctis</strong></span> <span class='ocrx_word' id='word_1_225' title='bbox 3093 1129 3376 1200; x_wconf 89' lang='lat' dir='ltr'><strong>profutura</strong></span> <span class='ocrx_word' id='word_1_226' title='bbox 3431 1141 3781 1188; x_wconf 81' lang='lat' dir='ltr'><strong>noscuntur:</strong></span> 
     </span>
    </p>
   </div>
   <div class='ocr_carea' id='block_1_39' title="bbox 2178 1216 3786 1291">
    <p class='ocr_par' dir='ltr' id='par_1_39' title="bbox 2178 1216 3786 1291">
     <span class='ocr_line' id='line_1_39' title="bbox 2178 1216 3786 1291; baseline 0.004 -20"><span class='ocrx_word' id='word_1_227' title='bbox 2178 1219 2515 1274; x_wconf 87' lang='lat' dir='ltr'><strong>tractandum</strong></span> <span class='ocrx_word' id='word_1_228' title='bbox 2539 1227 2718 1274; x_wconf 88' lang='lat' dir='ltr'><strong>tamen</strong></span> <span class='ocrx_word' id='word_1_229' title='bbox 2747 1229 2850 1279; x_wconf 89' lang='lat' dir='ltr'><strong>est.</strong></span> <span class='ocrx_word' id='word_1_230' title='bbox 2883 1229 2944 1276; x_wconf 90' lang='lat' dir='ltr'><strong>ut</strong></span> <span class='ocrx_word' id='word_1_231' title='bbox 2989 1216 3252 1291; x_wconf 83' lang='lat' dir='ltr'><strong>prihcipis</strong></span> <span class='ocrx_word' id='word_1_232' title='bbox 3279 1221 3614 1277; x_wconf 79' lang='lat' dir='ltr'><strong>desiderium</strong></span> <span class='ocrx_word' id='word_1_233' title='bbox 3649 1225 3786 1278; x_wconf 85' lang='lat' dir='ltr'><strong>nulli</strong></span> 
     </span>
    </p>
   </div>
   <div class='ocr_carea' id='block_1_40' title="bbox 2179 1309 3786 1382">
    <p class='ocr_par' dir='ltr' id='par_1_40' title="bbox 2179 1309 3786 1382">
     <span class='ocr_line' id='line_1_40' title="bbox 2179 1309 3786 1382; baseline 0.003 -19"><span class='ocrx_word' id='word_1_234' title='bbox 2179 1311 2410 1365; x_wconf 80' lang='lat' dir='ltr'><strong>existere</strong></span> <span class='ocrx_word' id='word_1_235' title='bbox 2436 1309 2632 1365; x_wconf 88' lang='lat' dir='ltr'><strong>debeat</strong></span> <span class='ocrx_word' id='word_1_236' title='bbox 2652 1325 2962 1365; x_wconf 89' lang='lat' dir='ltr'><strong>onerosum.</strong></span> <span class='ocrx_word' id='word_1_237' title='bbox 2994 1309 3128 1364; x_wconf 85' lang='lat' dir='ltr'><strong>Nam</strong></span> <span class='ocrx_word' id='word_1_238' title='bbox 3158 1311 3203 1365; x_wconf 94' lang='lat' dir='ltr'><strong>si</strong></span> <span class='ocrx_word' id='word_1_239' title='bbox 3248 1312 3511 1381; x_wconf 65' lang='lat' dir='ltr'><strong>praeclare</strong></span> <span class='ocrx_word' id='word_1_240' title='bbox 3539 1313 3786 1382; x_wconf 85' lang='lat' dir='ltr'><strong>cogitata</strong></span> 
     </span>
    </p>
   </div>
   <div class='ocr_carea' id='block_1_41' title="bbox 2179 1399 3785 1470">
    <p class='ocr_par' dir='ltr' id='par_1_41' title="bbox 2179 1399 3785 1470">
     <span class='ocr_line' id='line_1_41' title="bbox 2179 1399 3785 1470; baseline 0.003 -18"><span class='ocrx_word' id='word_1_241' title='bbox 2179 1414 2288 1452; x_wconf 90' lang='lat' dir='ltr'><strong>non</strong></span> <span class='ocrx_word' id='word_1_242' title='bbox 2321 1399 2457 1453; x_wconf 88' lang='lat' dir='ltr'><strong>bene</strong></span> <span class='ocrx_word' id='word_1_243' title='bbox 2487 1407 2735 1467; x_wconf 84' lang='lat' dir='ltr'><strong>agantur,</strong></span> <span class='ocrx_word' id='word_1_244' title='bbox 2769 1401 2975 1470; x_wconf 88' lang='lat' dir='ltr'><strong>ingrata</strong></span> <span class='ocrx_word' id='word_1_245' title='bbox 3007 1410 3132 1455; x_wconf 91' lang='lat' dir='ltr'><strong>sunt</strong></span> <span class='ocrx_word' id='word_1_246' title='bbox 3158 1418 3172 1466; x_wconf 94' lang='lat'><strong>;</strong></span> <span class='ocrx_word' id='word_1_247' title='bbox 3209 1400 3338 1456; x_wconf 89' lang='lat' dir='ltr'><strong>illud</strong></span> <span class='ocrx_word' id='word_1_248' title='bbox 3361 1410 3547 1456; x_wconf 90' lang='lat' dir='ltr'><strong>autem</strong></span> <span class='ocrx_word' id='word_1_249' title='bbox 3577 1403 3785 1458; x_wconf 86' lang='lat' dir='ltr'><strong>solum-</strong></span> 
     </span>
    </p>
   </div>
   <div class='ocr_carea' id='block_1_42' title="bbox 2180 1488 3788 1559">
    <p class='ocr_par' dir='ltr' id='par_1_42' title="bbox 2180 1488 3788 1559">
     <span class='ocr_line' id='line_1_42' title="bbox 2180 1488 3788 1559; baseline 0.004 -18"><span class='ocrx_word' id='word_1_250' title='bbox 2180 1489 2341 1542; x_wconf 84' lang='lat' dir='ltr'><strong>modo</strong></span> <span class='ocrx_word' id='word_1_251' title='bbox 2370 1488 2663 1558; x_wconf 86' lang='lat' dir='ltr'><strong>perfectum</strong></span> <span class='ocrx_word' id='word_1_252' title='bbox 2689 1490 2901 1554; x_wconf 88' lang='lat' dir='ltr'><strong>dicitur,</strong></span> <span class='ocrx_word' id='word_1_253' title='bbox 2936 1492 3079 1559; x_wconf 85' lang='lat' dir='ltr'><strong>quol</strong></span> <span class='ocrx_word' id='word_1_254' title='bbox 3110 1489 3176 1546; x_wconf 84' lang='lat' dir='ltr'><strong>de</strong></span> <span class='ocrx_word' id='word_1_255' title='bbox 3217 1491 3500 1546; x_wconf 81' lang='lat' dir='ltr'><strong>voluntate</strong></span> <span class='ocrx_word' id='word_1_256' title='bbox 3528 1493 3696 1548; x_wconf 89' lang='lat' dir='ltr'><strong>simul</strong></span> <span class='ocrx_word' id='word_1_257' title='bbox 3727 1505 3788 1548; x_wconf 84' lang='lat' dir='ltr'><strong>et.</strong></span> 
     </span>
    </p>
   </div>
   <div class='ocr_carea' id='block_1_43' title="bbox 2180 1578 3784 1652">
    <p class='ocr_par' dir='ltr' id='par_1_43' title="bbox 2180 1578 3784 1652">
     <span class='ocr_line' id='line_1_43' title="bbox 2180 1578 3784 1652; baseline 0.004 -20"><span class='ocrx_word' id='word_1_258' title='bbox 2180 1579 2392 1633; x_wconf 91' lang='lat' dir='ltr'><strong>actione</strong></span> <span class='ocrx_word' id='word_1_259' title='bbox 2423 1579 2687 1634; x_wconf 86' lang='lat' dir='ltr'><strong>laudatur.</strong></span> <span class='ocrx_word' id='word_1_260' title='bbox 2729 1578 2864 1635; x_wconf 87' lang='lat' dir='ltr'><strong>Cum</strong></span> <span class='ocrx_word' id='word_1_261' title='bbox 2900 1589 3142 1636; x_wconf 91' lang='lat' dir='ltr'><strong>nostrum</strong></span> <span class='ocrx_word' id='word_1_262' title='bbox 3173 1581 3337 1652; x_wconf 79' lang='lat' dir='ltr'><strong>igitur</strong></span> <span class='ocrx_word' id='word_1_263' title='bbox 3382 1582 3625 1637; x_wconf 91' lang='lat' dir='ltr'><strong>animum</strong></span> <span class='ocrx_word' id='word_1_264' title='bbox 3669 1582 3784 1638; x_wconf 84' lang='lat' dir='ltr'><strong>fre-</strong></span> 
     </span>
    </p>
   </div>
   <div class='ocr_carea' id='block_1_44' title="bbox 2179 1671 3785 1741">
    <p class='ocr_par' dir='ltr' id='par_1_44' title="bbox 2179 1671 3785 1741">
     <span class='ocr_line' id='line_1_44' title="bbox 2179 1671 3785 1741; baseline 0.002 -17"><span class='ocrx_word' id='word_1_265' title='bbox 2179 1686 2349 1741; x_wconf 90' lang='lat' dir='ltr'><strong>quens</strong></span> <span class='ocrx_word' id='word_1_266' title='bbox 2369 1687 2497 1725; x_wconf 88' lang='lat' dir='ltr'><strong>cura</strong></span> <span class='ocrx_word' id='word_1_267' title='bbox 2526 1671 2789 1740; x_wconf 87' lang='lat' dir='ltr'><strong>pulsaret,</strong></span> <span class='ocrx_word' id='word_1_268' title='bbox 2834 1687 2998 1726; x_wconf 83' lang='lat' dir='ltr'><strong>naves</strong></span> <span class='ocrx_word' id='word_1_269' title='bbox 3039 1672 3246 1726; x_wconf 84' lang='lat' dir='ltr'><strong>Italiam</strong></span> <span class='ocrx_word' id='word_1_270' title='bbox 3289 1688 3398 1727; x_wconf 91' lang='lat' dir='ltr'><strong>non</strong></span> <span class='ocrx_word' id='word_1_271' title='bbox 3427 1673 3658 1738; x_wconf 85' lang='lat' dir='ltr'><strong>habere,</strong></span> <span class='ocrx_word' id='word_1_272' title='bbox 3694 1675 3785 1728; x_wconf 82' lang='lat' dir='ltr'><strong>tibi</strong></span> 
     </span>
    </p>
   </div>
   <div class='ocr_carea' id='block_1_45' title="bbox 2182 1762 3789 1835">
    <p class='ocr_par' dir='ltr' id='par_1_45' title="bbox 2182 1762 3789 1835">
     <span class='ocr_line' id='line_1_45' title="bbox 2182 1762 3789 1835; baseline 0.003 -21"><span class='ocrx_word' id='word_1_273' title='bbox 2182 1771 2328 1815; x_wconf 67' lang='lat' dir='ltr'><strong>trulla</strong></span> <span class='ocrx_word' id='word_1_274' title='bbox 2390 1762 2657 1830; x_wconf 85' lang='lat' dir='ltr'><strong>lignorum</strong></span> <span class='ocrx_word' id='word_1_275' title='bbox 2695 1762 2848 1833; x_wconf 90' lang='lat' dir='ltr'><strong>copia</strong></span> <span class='ocrx_word' id='word_1_276' title='bbox 2896 1762 3238 1830; x_wconf 73' lang='lat' dir='ltr'><strong>suffragatur,</strong></span> <span class='ocrx_word' id='word_1_277' title='bbox 3289 1771 3349 1817; x_wconf 90' lang='lat' dir='ltr'><strong>ut</strong></span> <span class='ocrx_word' id='word_1_278' title='bbox 3386 1763 3508 1817; x_wconf 85' lang='lat' dir='ltr'><strong>aliis</strong></span> <span class='ocrx_word' id='word_1_279' title='bbox 3561 1779 3789 1835; x_wconf 88' lang='lat' dir='ltr'><strong>quoque</strong></span> 
     </span>
    </p>
   </div>
   <div class='ocr_carea' id='block_1_46' title="bbox 2181 1852 3784 1924">
    <p class='ocr_par' dir='ltr' id='par_1_46' title="bbox 2181 1852 3784 1924">
     <span class='ocr_line' id='line_1_46' title="bbox 2181 1852 3784 1924; baseline 0.001 -18"><span class='ocrx_word' id='word_1_280' title='bbox 2181 1854 2472 1923; x_wconf 84' lang='lat' dir='ltr'><strong>provinciis</strong></span> <span class='ocrx_word' id='word_1_281' title='bbox 2498 1854 2733 1924; x_wconf 81' lang='lat' dir='ltr'><strong>expetita</strong></span> <span class='ocrx_word' id='word_1_282' title='bbox 2758 1853 3101 1916; x_wconf 88' lang='lat' dir='ltr'><strong>transmittat,</strong></span> <span class='ocrx_word' id='word_1_283' title='bbox 3129 1852 3240 1908; x_wconf 90' lang='lat' dir='ltr'><strong>Deo</strong></span> <span class='ocrx_word' id='word_1_284' title='bbox 3271 1852 3428 1908; x_wconf 92' lang='lat' dir='ltr'><strong>nobis</strong></span> <span class='ocrx_word' id='word_1_285' title='bbox 3454 1853 3784 1922; x_wconf 86' lang='lat' dir='ltr'><strong>inspirante,</strong></span> 
     </span>
    </p>
   </div>
   <div class='ocr_carea' id='block_1_47' title="bbox 2181 1944 3790 2001">
    <p class='ocr_par' dir='ltr' id='par_1_47' title="bbox 2181 1944 3790 2001">
     <span class='ocr_line' id='line_1_47' title="bbox 2181 1944 3790 2001; baseline 0.001 -2"><span class='ocrx_word' id='word_1_286' title='bbox 2181 1945 2518 2001; x_wconf 88' lang='lat' dir='ltr'><strong>decrevimus</strong></span> <span class='ocrx_word' id='word_1_287' title='bbox 2561 1947 2705 2000; x_wconf 77' lang='lat' dir='ltr'><strong>mille</strong></span> <span class='ocrx_word' id='word_1_288' title='bbox 2753 1945 2964 2000; x_wconf 90' lang='lat' dir='ltr'><strong>interim</strong></span> <span class='ocrx_word' id='word_1_289' title='bbox 3013 1945 3305 2000; x_wconf 87' lang='lat' dir='ltr'><strong>dromoncs</strong></span> <span class='ocrx_word' id='word_1_290' title='bbox 3350 1944 3376 1982; x_wconf 71' lang='grc' dir='ltr'>ά</span> <span class='ocrx_word' id='word_1_291' title='bbox 3433 1945 3790 2001; x_wconf 86' lang='lat' dir='ltr'><strong>fabricandos</strong></span> 
     </span>
    </p>
   </div>
   <div class='ocr_carea' id='block_1_48' title="bbox 2180 2035 3790 2107">
    <p class='ocr_par' dir='ltr' id='par_1_48' title="bbox 2180 2035 3790 2107">
     <span class='ocr_line' id='line_1_48' title="bbox 2180 2035 3790 2107; baseline -0.001 -17"><span class='ocrx_word' id='word_1_292' title='bbox 2180 2051 2472 2102; x_wconf 72' lang='lat' dir='ltr'><strong>asseruere,</strong></span> <span class='ocrx_word' id='word_1_293' title='bbox 2499 2037 2590 2107; x_wconf 90' lang='lat' dir='ltr'><strong>qui</strong></span> <span class='ocrx_word' id='word_1_294' title='bbox 2619 2044 2673 2090; x_wconf 91' lang='lat' dir='ltr'><strong>et</strong></span> <span class='ocrx_word' id='word_1_295' title='bbox 2699 2035 2965 2090; x_wconf 89' lang='lat' dir='ltr'><strong>frumenta</strong></span> <span class='ocrx_word' id='word_1_296' title='bbox 2987 2035 3196 2104; x_wconf 87' lang='lat' dir='ltr'><strong>publica</strong></span> <span class='ocrx_word' id='word_1_297' title='bbox 3223 2035 3431 2104; x_wconf 85' lang='lat' dir='ltr'><strong>possint</strong></span> <span class='ocrx_word' id='word_1_298' title='bbox 3452 2035 3790 2100; x_wconf 84' lang='lat' dir='ltr'><strong>convehere,</strong></span> 
     </span>
    </p>
   </div>
   <div class='ocr_carea' id='block_1_49' title="bbox 2181 2124 3791 2191">
    <p class='ocr_par' dir='ltr' id='par_1_49' title="bbox 2181 2124 3791 2191">
     <span class='ocr_line' id='line_1_49' title="bbox 2181 2124 3791 2191; baseline 0.001 -10"><span class='ocrx_word' id='word_1_299' title='bbox 2181 2133 2238 2181; x_wconf 90' lang='lat' dir='ltr'><strong>ct</strong></span> <span class='ocrx_word' id='word_1_300' title='bbox 2261 2125 2501 2181; x_wconf 87' lang='lat' dir='ltr'><strong>adversis</strong></span> <span class='ocrx_word' id='word_1_301' title='bbox 2529 2125 2775 2191; x_wconf 86' lang='lat' dir='ltr'><strong>navibus,</strong></span> <span class='ocrx_word' id='word_1_302' title='bbox 2824 2125 2870 2180; x_wconf 89' lang='lat' dir='ltr'><strong>si</strong></span> <span class='ocrx_word' id='word_1_303' title='bbox 2918 2140 3140 2180; x_wconf 87' lang='lat' dir='ltr'><strong>necesse</strong></span> <span class='ocrx_word' id='word_1_304' title='bbox 3169 2125 3347 2186; x_wconf 85' lang='lat' dir='ltr'><strong>fuerit,</strong></span> <span class='ocrx_word' id='word_1_305' title='bbox 3379 2125 3625 2180; x_wconf 87' lang='lat' dir='ltr'><strong>obviare.</strong></span> <span class='ocrx_word' id='word_1_306' title='bbox 3678 2124 3791 2182; x_wconf 86' lang='lat' dir='ltr'><strong>Sed</strong></span> 
     </span>
    </p>
   </div>
   <div class='ocr_carea' id='block_1_50' title="bbox 2180 2214 3792 2286">
    <p class='ocr_par' dir='ltr' id='par_1_50' title="bbox 2180 2214 3792 2286">
     <span class='ocr_line' id='line_1_50' title="bbox 2180 2214 3792 2286; baseline -0.001 -14"><span class='ocrx_word' id='word_1_307' title='bbox 2180 2226 2343 2272; x_wconf 74' lang='lat' dir='ltr'><strong>tantm</strong></span> <span class='ocrx_word' id='word_1_308' title='bbox 2372 2218 2450 2272; x_wconf 88' lang='lat' dir='ltr'><strong>rei</strong></span> <span class='ocrx_word' id='word_1_309' title='bbox 2495 2232 2656 2286; x_wconf 85' lang='lat' dir='ltr'><strong>quem</strong></span> <span class='ocrx_word' id='word_1_310' title='bbox 2685 2216 3054 2271; x_wconf 89' lang='lat' dir='ltr'><strong>desideramus</strong></span> <span class='ocrx_word' id='word_1_311' title='bbox 3083 2214 3357 2284; x_wconf 78' lang='lat' dir='ltr'><strong>effectum,</strong></span> <span class='ocrx_word' id='word_1_312' title='bbox 3391 2217 3792 2284; x_wconf 83' lang='lat' dir='ltr'><strong>magnitudinis</strong></span> 
     </span>
    </p>
   </div>
   <div class='ocr_carea' id='block_1_51' title="bbox 2181 2306 3788 2376">
    <p class='ocr_par' dir='ltr' id='par_1_51' title="bbox 2181 2306 3788 2376">
     <span class='ocr_line' id='line_1_51' title="bbox 2181 2306 3788 2376; baseline 0.001 -15"><span class='ocrx_word' id='word_1_313' title='bbox 2181 2318 2372 2363; x_wconf 71' lang='lat' dir='ltr'><strong>vestra:</strong></span> <span class='ocrx_word' id='word_1_314' title='bbox 2425 2306 2789 2361; x_wconf 87' lang='lat' dir='ltr'><strong>sollicitudine</strong></span> <span class='ocrx_word' id='word_1_315' title='bbox 2839 2307 3109 2361; x_wconf 83' lang='lat' dir='ltr'><strong>credimus</strong></span> <span class='ocrx_word' id='word_1_316' title='bbox 3159 2321 3281 2362; x_wconf 83' lang='lat' dir='ltr'><strong>esse</strong></span> <span class='ocrx_word' id='word_1_317' title='bbox 3347 2307 3788 2376; x_wconf 89' lang='lat' dir='ltr'><strong>procurandum.</strong></span> 
     </span>
    </p>
   </div>
   <div class='ocr_carea' id='block_1_52' title="bbox 2181 2398 3792 2471">
    <p class='ocr_par' dir='ltr' id='par_1_52' title="bbox 2181 2398 3792 2471">
     <span class='ocr_line' id='line_1_52' title="bbox 2181 2398 3792 2471; baseline 0.001 -17"><span class='ocrx_word' id='word_1_318' title='bbox 2181 2399 2416 2469; x_wconf 82' lang='lat' dir='ltr'><strong>Ideoque</strong></span> <span class='ocrx_word' id='word_1_319' title='bbox 2444 2414 2542 2469; x_wconf 88' lang='lat' dir='ltr'><strong>per</strong></span> <span class='ocrx_word' id='word_1_320' title='bbox 2565 2406 2816 2454; x_wconf 89' lang='lat' dir='ltr'><strong>cunctam</strong></span> <span class='ocrx_word' id='word_1_321' title='bbox 2838 2398 3044 2453; x_wconf 89' lang='lat' dir='ltr'><strong>Italiam</strong></span> <span class='ocrx_word' id='word_1_322' title='bbox 3073 2400 3294 2455; x_wconf 90' lang='lat' dir='ltr'><strong>directis</strong></span> <span class='ocrx_word' id='word_1_323' title='bbox 3319 2400 3621 2455; x_wconf 89' lang='lat' dir='ltr'><strong>artificibus</strong></span> <span class='ocrx_word' id='word_1_324' title='bbox 3651 2410 3792 2471; x_wconf 87' lang='lat' dir='ltr'><strong>apta</strong></span> 
     </span>
    </p>
   </div>
   <div class='ocr_carea' id='block_1_53' title="bbox 2182 2489 3788 2561">
    <p class='ocr_par' dir='ltr' id='par_1_53' title="bbox 2182 2489 3788 2561">
     <span class='ocr_line' id='line_1_53' title="bbox 2182 2489 3788 2561; baseline 0.001 -16"><span class='ocrx_word' id='word_1_325' title='bbox 2182 2491 2336 2560; x_wconf 91' lang='lat' dir='ltr'><strong>operi</strong></span> <span class='ocrx_word' id='word_1_326' title='bbox 2366 2490 2508 2558; x_wconf 87' lang='lat' dir='ltr'><strong>ligna</strong></span> <span class='ocrx_word' id='word_1_327' title='bbox 2549 2490 2820 2559; x_wconf 90' lang='lat' dir='ltr'><strong>perquire.</strong></span> <span class='ocrx_word' id='word_1_328' title='bbox 2855 2489 2924 2544; x_wconf 86' lang='lat' dir='ltr'><strong>Et</strong></span> <span class='ocrx_word' id='word_1_329' title='bbox 2960 2491 3134 2546; x_wconf 90' lang='lat' dir='ltr'><strong>sicubi</strong></span> <span class='ocrx_word' id='word_1_330' title='bbox 3173 2506 3465 2561; x_wconf 88' lang='lat' dir='ltr'><strong>cupressos</strong></span> <span class='ocrx_word' id='word_1_331' title='bbox 3491 2500 3593 2545; x_wconf 82' lang='lat' dir='ltr'><strong>aut</strong></span> <span class='ocrx_word' id='word_1_332' title='bbox 3619 2493 3788 2561; x_wconf 90' lang='lat' dir='ltr'><strong>pinos</strong></span> 
     </span>
    </p>
   </div>
   <div class='ocr_carea' id='block_1_54' title="bbox 2181 2583 3794 2656">
    <p class='ocr_par' dir='ltr' id='par_1_54' title="bbox 2181 2583 3794 2656">
     <span class='ocr_line' id='line_1_54' title="bbox 2181 2583 3794 2656; baseline 0.001 -18"><span class='ocrx_word' id='word_1_333' title='bbox 2181 2583 2446 2652; x_wconf 84' lang='lat' dir='ltr'><strong>repereris</strong></span> <span class='ocrx_word' id='word_1_334' title='bbox 2475 2583 2524 2636; x_wconf 88' lang='lat' dir='ltr'><strong>in</strong></span> <span class='ocrx_word' id='word_1_335' title='bbox 2546 2583 2821 2638; x_wconf 84' lang='lat' dir='ltr'><strong>vicinitate</strong></span> <span class='ocrx_word' id='word_1_336' title='bbox 2845 2583 3058 2649; x_wconf 89' lang='lat' dir='ltr'><strong>littoris,</strong></span> <span class='ocrx_word' id='word_1_337' title='bbox 3085 2584 3213 2640; x_wconf 90' lang='lat' dir='ltr'><strong>dato</strong></span> <span class='ocrx_word' id='word_1_338' title='bbox 3237 2586 3571 2654; x_wconf 85' lang='lat' dir='ltr'><strong>competenti</strong></span> <span class='ocrx_word' id='word_1_339' title='bbox 3603 2588 3794 2656; x_wconf 89' lang='lat' dir='ltr'><strong>pretio</strong></span> 
     </span>
    </p>
   </div>
   <div class='ocr_carea' id='block_1_55' title="bbox 2181 2673 3796 2748">
    <p class='ocr_par' dir='ltr' id='par_1_55' title="bbox 2181 2673 3796 2748">
     <span class='ocr_line' id='line_1_55' title="bbox 2181 2673 3796 2748; baseline 0.002 -19"><span class='ocrx_word' id='word_1_340' title='bbox 2181 2673 2413 2730; x_wconf 88' lang='lat' dir='ltr'><strong>dominis</strong></span> <span class='ocrx_word' id='word_1_341' title='bbox 2455 2675 2786 2730; x_wconf 89' lang='lat' dir='ltr'><strong>consulatur.</strong></span> <span class='ocrx_word' id='word_1_342' title='bbox 2843 2674 2971 2730; x_wconf 71' lang='lat' dir='ltr'><strong>Haec</strong></span> <span class='ocrx_word' id='word_1_343' title='bbox 2998 2676 3140 2730; x_wconf 90' lang='lat' dir='ltr'><strong>enim</strong></span> <span class='ocrx_word' id='word_1_344' title='bbox 3173 2685 3378 2731; x_wconf 90' lang='lat' dir='ltr'><strong>tantum</strong></span> <span class='ocrx_word' id='word_1_345' title='bbox 3409 2687 3537 2732; x_wconf 83' lang='lat' dir='ltr'><strong>sunt</strong></span> <span class='ocrx_word' id='word_1_346' title='bbox 3563 2693 3690 2748; x_wconf 75' lang='lat' dir='ltr'><strong>qua:</strong></span> <span class='ocrx_word' id='word_1_347' title='bbox 3721 2679 3796 2735; x_wconf 85' lang='lat' dir='ltr'><strong>ad</strong></span> 
     </span>
    </p>
   </div>
   <div class='ocr_carea' id='block_1_56' title="bbox 2184 2765 3796 2825">
    <p class='ocr_par' dir='ltr' id='par_1_56' title="bbox 2184 2765 3796 2825">
     <span class='ocr_line' id='line_1_56' title="bbox 2184 2765 3796 2825; baseline 0.004 -6"><span class='ocrx_word' id='word_1_348' title='bbox 2184 2765 2514 2820; x_wconf 81' lang='lat' dir='ltr'><strong>taxationem</strong></span> <span class='ocrx_word' id='word_1_349' title='bbox 2541 2775 2820 2821; x_wconf 90' lang='lat' dir='ltr'><strong>vocentur.</strong></span> <span class='ocrx_word' id='word_1_350' title='bbox 2855 2765 3065 2822; x_wconf 59' lang='lat' dir='ltr'><strong>Caetera</strong></span> <span class='ocrx_word' id='word_1_351' title='bbox 3109 2768 3320 2822; x_wconf 88' lang='lat' dir='ltr'><strong>vilitate</strong></span> <span class='ocrx_word' id='word_1_352' title='bbox 3362 2769 3448 2825; x_wconf 92' lang='lat' dir='ltr'><strong>sui</strong></span> <span class='ocrx_word' id='word_1_353' title='bbox 3492 2785 3601 2824; x_wconf 92' lang='lat' dir='ltr'><strong>non</strong></span> <span class='ocrx_word' id='word_1_354' title='bbox 3641 2769 3796 2825; x_wconf 85' lang='lat' dir='ltr'><strong>indi-</strong></span> 
     </span>
    </p>
   </div>
   <div class='ocr_carea' id='block_1_57' title="bbox 2182 2857 3797 2929">
    <p class='ocr_par' dir='ltr' id='par_1_57' title="bbox 2182 2857 3797 2929">
     <span class='ocr_line' id='line_1_57' title="bbox 2182 2857 3797 2929; baseline 0.004 -18"><span class='ocrx_word' id='word_1_355' title='bbox 2182 2865 2310 2926; x_wconf 89' lang='lat' dir='ltr'><strong>gent</strong></span> <span class='ocrx_word' id='word_1_356' title='bbox 2335 2857 2606 2911; x_wconf 67' lang='lat' dir='ltr'><strong>uastimari.</strong></span> <span class='ocrx_word' id='word_1_357' title='bbox 2638 2857 2744 2913; x_wconf 90' lang='lat' dir='ltr'><strong>Sed</strong></span> <span class='ocrx_word' id='word_1_358' title='bbox 2773 2873 2842 2912; x_wconf 92' lang='lat' dir='ltr'><strong>ne</strong></span> <span class='ocrx_word' id='word_1_359' title='bbox 2882 2860 3123 2929; x_wconf 86' lang='lat' dir='ltr'><strong>provisio</strong></span> <span class='ocrx_word' id='word_1_360' title='bbox 3153 2867 3340 2916; x_wconf 86' lang='lat' dir='ltr'><strong>nostra</strong></span> <span class='ocrx_word' id='word_1_361' title='bbox 3366 2861 3419 2914; x_wconf 93' lang='lat' dir='ltr'><strong>in</strong></span> <span class='ocrx_word' id='word_1_362' title='bbox 3451 2862 3650 2916; x_wconf 89' lang='lat' dir='ltr'><strong>mediis</strong></span> <span class='ocrx_word' id='word_1_363' title='bbox 3695 2880 3797 2918; x_wconf 83' lang='lat' dir='ltr'><strong>co-</strong></span> 
     </span>
    </p>
   </div>
   <div class='ocr_carea' id='block_1_58' title="bbox 2184 2949 3798 3022">
    <p class='ocr_par' dir='ltr' id='par_1_58' title="bbox 2184 2949 3798 3022">
     <span class='ocr_line' id='line_1_58' title="bbox 2184 2949 3798 3022; baseline 0.004 -19"><span class='ocrx_word' id='word_1_364' title='bbox 2184 2950 2397 3005; x_wconf 79' lang='lat' dir='ltr'><strong>natibus</strong></span> <span class='ocrx_word' id='word_1_365' title='bbox 2436 2949 2650 3006; x_wconf 90' lang='lat' dir='ltr'><strong>deserta</strong></span> <span class='ocrx_word' id='word_1_366' title='bbox 2699 2949 3050 3020; x_wconf 89' lang='lat' dir='ltr'><strong>languescat,</strong></span> <span class='ocrx_word' id='word_1_367' title='bbox 3094 2962 3381 3006; x_wconf 87' lang='lat' dir='ltr'><strong>nautarum</strong></span> <span class='ocrx_word' id='word_1_368' title='bbox 3439 2962 3492 3008; x_wconf 89' lang='lat' dir='ltr'><strong>te</strong></span> <span class='ocrx_word' id='word_1_369' title='bbox 3531 2952 3798 3022; x_wconf 86' lang='lat' dir='ltr'><strong>jubemus</strong></span> 
     </span>
    </p>
   </div>
   <div class='ocr_carea' id='block_1_59' title="bbox 2182 3039 3795 3113">
    <p class='ocr_par' dir='ltr' id='par_1_59' title="bbox 2182 3039 3795 3113">
     <span class='ocr_line' id='line_1_59' title="bbox 2182 3039 3795 3113; baseline 0.002 -17"><span class='ocrx_word' id='word_1_370' title='bbox 2182 3041 2284 3096; x_wconf 85' lang='lat' dir='ltr'><strong>sub</strong></span> <span class='ocrx_word' id='word_1_371' title='bbox 2317 3039 2420 3096; x_wconf 90' lang='lat' dir='ltr'><strong>hac</strong></span> <span class='ocrx_word' id='word_1_372' title='bbox 2467 3039 2842 3096; x_wconf 84' lang='lat' dir='ltr'><strong>moderatione</strong></span> <span class='ocrx_word' id='word_1_373' title='bbox 2890 3040 3002 3111; x_wconf 89' lang='lat' dir='ltr'><strong>jam</strong></span> <span class='ocrx_word' id='word_1_374' title='bbox 3051 3059 3194 3098; x_wconf 90' lang='lat' dir='ltr'><strong>nunc</strong></span> <span class='ocrx_word' id='word_1_375' title='bbox 3222 3053 3631 3113; x_wconf 90' lang='lat' dir='ltr'><strong>competentcm</strong></span> <span class='ocrx_word' id='word_1_376' title='bbox 3687 3062 3795 3100; x_wconf 90' lang='lat' dir='ltr'><strong>nu-</strong></span> 
     </span>
    </p>
   </div>
   <div class='ocr_carea' id='block_1_60' title="bbox 497 3117 3798 3222">
    <p class='ocr_par' dir='ltr' id='par_1_60' title="bbox 497 3117 3798 3222">
     <span class='ocr_line' id='line_1_60' title="bbox 497 3117 3798 3222; baseline 0.002 -40"><span class='ocrx_word' id='word_1_377' title='bbox 497 3124 762 3197; x_wconf 88' lang='lat' dir='ltr'><strong>rapacitas</strong></span> <span class='ocrx_word' id='word_1_378' title='bbox 789 3120 1089 3178; x_wconf 90' lang='lat' dir='ltr'><strong>continenti</strong></span> <span class='ocrx_word' id='word_1_379' title='bbox 1117 3120 1348 3222; x_wconf 77' lang='lat' dir='ltr'><strong>principi</strong></span> <span class='ocrx_word' id='word_1_380' title='bbox 1373 3119 1910 3222; x_wconf 51' lang='lat' dir='ltr'><strong>nullanredemptione</strong></span> <span class='ocrx_word' id='word_1_381' title='bbox 1937 3117 2076 3192; x_wconf 85' lang='lat' dir='ltr'><strong>[Cuj.</strong></span> <span class='ocrx_word' id='word_1_382' title='bbox 2109 3159 2154 3222; x_wconf 64' lang='grc' dir='ltr'>Ο</span> <span class='ocrx_word' id='word_1_383' title='bbox 2185 3147 2417 3199; x_wconf 71' lang='lat' dir='ltr'><strong>merum,</strong></span> <span class='ocrx_word' id='word_1_384' title='bbox 2465 3131 2674 3186; x_wconf 83' lang='lat' dir='ltr'><strong>Deitate</strong></span> <span class='ocrx_word' id='word_1_385' title='bbox 2709 3130 2972 3200; x_wconf 88' lang='lat' dir='ltr'><strong>juvante,</strong></span> <span class='ocrx_word' id='word_1_386' title='bbox 3021 3148 3336 3203; x_wconf 89' lang='lat' dir='ltr'><strong>procurare.</strong></span> <span class='ocrx_word' id='word_1_387' title='bbox 3397 3132 3464 3189; x_wconf 82' lang='lat' dir='ltr'><strong>Et</strong></span> <span class='ocrx_word' id='word_1_388' title='bbox 3509 3135 3554 3190; x_wconf 91' lang='lat' dir='ltr'><strong>si</strong></span> <span class='ocrx_word' id='word_1_389' title='bbox 3601 3136 3646 3190; x_wconf 90' lang='lat' dir='ltr'><strong>is</strong></span> <span class='ocrx_word' id='word_1_390' title='bbox 3697 3137 3798 3206; x_wconf 90' lang='lat' dir='ltr'><strong>qui</strong></span> 
     </span>
    </p>
   </div>
   <div class='ocr_carea' id='block_1_61' title="bbox 497 3209 2080 3283">
    <p class='ocr_par' dir='ltr' id='par_1_61' title="bbox 497 3209 2080 3283">
     <span class='ocr_line' id='line_1_61' title="bbox 497 3209 2080 3283; baseline -0.004 -10"><span class='ocrx_word' id='word_1_391' title='bbox 497 3218 590 3273; x_wconf 81' lang='lat' dir='ltr'><strong>Gr.</strong></span> <span class='ocrx_word' id='word_1_392' title='bbox 637 3225 688 3270; x_wconf 85' lang='lat' dir='ltr'><strong>et</strong></span> <span class='ocrx_word' id='word_1_393' title='bbox 730 3214 884 3279; x_wconf 87' lang='lat' dir='ltr'><strong>For.,</strong></span> <span class='ocrx_word' id='word_1_394' title='bbox 911 3211 1146 3283; x_wconf 84' lang='lat' dir='ltr'><strong>ratione]</strong></span> <span class='ocrx_word' id='word_1_395' title='bbox 1175 3213 1459 3283; x_wconf 87' lang='lat' dir='ltr'><strong>placitura.</strong></span> <span class='ocrx_word' id='word_1_396' title='bbox 1510 3209 1906 3266; x_wconf 70' lang='lat' dir='ltr'><strong>Prursumenter</strong></span> <span class='ocrx_word' id='word_1_397' title='bbox 1949 3224 2080 3280; x_wconf 90' lang='lat' dir='ltr'><strong>ergo</strong></span> 
     </span>
    </p>
   </div>
   <div class='ocr_carea' id='block_1_62' title="bbox 495 3303 2080 3372">
    <p class='ocr_par' dir='ltr' id='par_1_62' title="bbox 495 3303 2080 3372">
     <span class='ocr_line' id='line_1_62' title="bbox 495 3303 2080 3372; baseline -0.007 -6"><span class='ocrx_word' id='word_1_398' title='bbox 495 3309 782 3368; x_wconf 87' lang='lat' dir='ltr'><strong>conveniat</strong></span> <span class='ocrx_word' id='word_1_399' title='bbox 815 3307 884 3361; x_wconf 87' lang='lat' dir='ltr'><strong>ad</strong></span> <span class='ocrx_word' id='word_1_400' title='bbox 923 3319 1048 3362; x_wconf 90' lang='lat' dir='ltr'><strong>eum</strong></span> <span class='ocrx_word' id='word_1_401' title='bbox 1075 3305 1332 3360; x_wconf 71' lang='lat' dir='ltr'><strong>lmsorum</strong></span> <span class='ocrx_word' id='word_1_402' title='bbox 1362 3303 1622 3358; x_wconf 88' lang='lat' dir='ltr'><strong>tumultus</strong></span> <span class='ocrx_word' id='word_1_403' title='bbox 1649 3319 1664 3368; x_wconf 91' lang='lat'><strong>;</strong></span> <span class='ocrx_word' id='word_1_404' title='bbox 1694 3309 1876 3372; x_wconf 90' lang='lat' dir='ltr'><strong>speret</strong></span> <span class='ocrx_word' id='word_1_405' title='bbox 1902 3316 2080 3356; x_wconf 86' lang='lat' dir='ltr'><strong>reme-</strong></span> 
     </span>
    </p>
   </div>
   <div class='ocr_carea' id='block_1_63' title="bbox 496 3393 2082 3472">
    <p class='ocr_par' dir='ltr' id='par_1_63' title="bbox 496 3393 2082 3472">
     <span class='ocr_line' id='line_1_63' title="bbox 496 3393 2082 3472; baseline -0.008 -12"><span class='ocrx_word' id='word_1_406' title='bbox 496 3405 646 3460; x_wconf 88' lang='lat' dir='ltr'><strong>dium</strong></span> <span class='ocrx_word' id='word_1_407' title='bbox 693 3400 935 3472; x_wconf 86' lang='lat' dir='ltr'><strong>qualibet</strong></span> <span class='ocrx_word' id='word_1_408' title='bbox 979 3412 1198 3470; x_wconf 84' lang='lat' dir='ltr'><strong>pressus</strong></span> <span class='ocrx_word' id='word_1_409' title='bbox 1241 3397 1456 3466; x_wconf 89' lang='lat' dir='ltr'><strong>injuria.</strong></span> <span class='ocrx_word' id='word_1_410' title='bbox 1512 3395 1888 3450; x_wconf 83' lang='lat' dir='ltr'><strong>Diﬂicultatem</strong></span> <span class='ocrx_word' id='word_1_411' title='bbox 1929 3393 2082 3448; x_wconf 88' lang='lat' dir='ltr'><strong>vobis</strong></span> 
     </span>
    </p>
   </div>
   <div class='ocr_carea' id='block_1_64' title="bbox 495 3485 2080 3566">
    <p class='ocr_par' dir='ltr' id='par_1_64' title="bbox 495 3485 2080 3566">
     <span class='ocr_line' id='line_1_64' title="bbox 495 3485 2080 3566; baseline -0.008 -15"><span class='ocrx_word' id='word_1_412' title='bbox 495 3493 732 3566; x_wconf 69' lang='lat' dir='ltr'><strong>querelas</strong></span> <span class='ocrx_word' id='word_1_413' title='bbox 751 3491 1152 3554; x_wconf 85' lang='lat' dir='ltr'><strong>submovemus,</strong></span> <span class='ocrx_word' id='word_1_414' title='bbox 1177 3486 1305 3542; x_wconf 89' lang='lat' dir='ltr'><strong>dum</strong></span> <span class='ocrx_word' id='word_1_415' title='bbox 1334 3487 1389 3542; x_wconf 90' lang='lat' dir='ltr'><strong>in</strong></span> <span class='ocrx_word' id='word_1_416' title='bbox 1420 3486 1550 3556; x_wconf 91' lang='lat' dir='ltr'><strong>ipsis</strong></span> <span class='ocrx_word' id='word_1_417' title='bbox 1568 3485 1850 3540; x_wconf 88' lang='lat' dir='ltr'><strong>cunabulis</strong></span> <span class='ocrx_word' id='word_1_418' title='bbox 1873 3485 2080 3540; x_wconf 90' lang='lat' dir='ltr'><strong>scelera</strong></span> 
     </span>
    </p>
   </div>
   <div class='ocr_carea' id='block_1_65' title="bbox 496 3577 2081 3648">
    <p class='ocr_par' dir='ltr' id='par_1_65' title="bbox 496 3577 2081 3648">
     <span class='ocr_line' id='line_1_65' title="bbox 496 3577 2081 3648; baseline -0.008 -5"><span class='ocrx_word' id='word_1_419' title='bbox 496 3585 787 3643; x_wconf 87' lang='lat' dir='ltr'><strong>commissa</strong></span> <span class='ocrx_word' id='word_1_420' title='bbox 811 3593 1162 3647; x_wconf 89' lang='lat' dir='ltr'><strong>resecantur;</strong></span> <span class='ocrx_word' id='word_1_421' title='bbox 1209 3579 1331 3636; x_wconf 87' lang='lat' dir='ltr'><strong>sine</strong></span> <span class='ocrx_word' id='word_1_422' title='bbox 1383 3578 1560 3648; x_wconf 90' lang='lat' dir='ltr'><strong>aliqua</strong></span> <span class='ocrx_word' id='word_1_423' title='bbox 1606 3577 1891 3632; x_wconf 89' lang='lat' dir='ltr'><strong>formidine</strong></span> <span class='ocrx_word' id='word_1_424' title='bbox 1919 3577 2081 3633; x_wconf 91' lang='lat' dir='ltr'><strong>alieni</strong></span> 
     </span>
    </p>
   </div>
   <div class='ocr_carea' id='block_1_66' title="bbox 499 3678 2077 3744">
    <p class='ocr_par' dir='ltr' id='par_1_66' title="bbox 499 3678 2077 3744">
     <span class='ocr_line' id='line_1_66' title="bbox 499 3678 2077 3744; baseline -0.005 -8"><span class='ocrx_word' id='word_1_425' title='bbox 499 3681 684 3738; x_wconf 86' lang='lat' dir='ltr'><strong>tributi</strong></span> <span class='ocrx_word' id='word_1_426' title='bbox 717 3679 926 3735; x_wconf 88' lang='lat' dir='ltr'><strong>sarcina</strong></span> <span class='ocrx_word' id='word_1_427' title='bbox 955 3685 1208 3744; x_wconf 86' lang='lat' dir='ltr'><strong>gravatus</strong></span> <span class='ocrx_word' id='word_1_428' title='bbox 1235 3678 1520 3740; x_wconf 83' lang='lat' dir='ltr'><strong>exclamet,</strong></span> <span class='ocrx_word' id='word_1_429' title='bbox 1552 3683 1872 3743; x_wconf 87' lang='lat' dir='ltr'><strong>accepturus</strong></span> <span class='ocrx_word' id='word_1_430' title='bbox 1915 3687 2077 3728; x_wconf 87' lang='lat' dir='ltr'><strong>reme-</strong></span> 
     </span>
    </p>
   </div>
   <div class='ocr_carea' id='block_1_67' title="bbox 497 3763 2077 3842">
    <p class='ocr_par' dir='ltr' id='par_1_67' title="bbox 497 3763 2077 3842">
     <span class='ocr_line' id='line_1_67' title="bbox 497 3763 2077 3842; baseline -0.007 -13"><span class='ocrx_word' id='word_1_431' title='bbox 497 3774 644 3829; x_wconf 88' lang='lat' dir='ltr'><strong>dium</strong></span> <span class='ocrx_word' id='word_1_432' title='bbox 666 3769 808 3842; x_wconf 91' lang='lat' dir='ltr'><strong>quod</strong></span> <span class='ocrx_word' id='word_1_433' title='bbox 850 3767 919 3824; x_wconf 91' lang='lat' dir='ltr'><strong>de</strong></span> <span class='ocrx_word' id='word_1_434' title='bbox 965 3767 1172 3836; x_wconf 87' lang='lat' dir='ltr'><strong>legibus</strong></span> <span class='ocrx_word' id='word_1_435' title='bbox 1197 3765 1380 3820; x_wconf 90' lang='lat' dir='ltr'><strong>habet.</strong></span> <span class='ocrx_word' id='word_1_436' title='bbox 1429 3763 1520 3821; x_wconf 90' lang='lat' dir='ltr'><strong>Sic</strong></span> <span class='ocrx_word' id='word_1_437' title='bbox 1545 3766 1689 3821; x_wconf 86' lang='lat' dir='ltr'><strong>enim</strong></span> <span class='ocrx_word' id='word_1_438' title='bbox 1738 3763 2077 3830; x_wconf 78' lang='lat' dir='ltr'><strong>confidimus,</strong></span> 
     </span>
    </p>
   </div>
   <div class='ocr_carea' id='block_1_68' title="bbox 496 3856 2082 3934">
    <p class='ocr_par' dir='ltr' id='par_1_68' title="bbox 496 3856 2082 3934">
     <span class='ocr_line' id='line_1_68' title="bbox 496 3856 2082 3934; baseline -0.005 -16"><span class='ocrx_word' id='word_1_439' title='bbox 496 3863 622 3934; x_wconf 87' lang='lat' dir='ltr'><strong>quia</strong></span> <span class='ocrx_word' id='word_1_440' title='bbox 651 3877 749 3932; x_wconf 86' lang='lat' dir='ltr'><strong>per</strong></span> <span class='ocrx_word' id='word_1_441' title='bbox 772 3875 866 3916; x_wconf 90' lang='lat' dir='ltr'><strong>eos</strong></span> <span class='ocrx_word' id='word_1_442' title='bbox 891 3873 1029 3930; x_wconf 89' lang='lat' dir='ltr'><strong>quos</strong></span> <span class='ocrx_word' id='word_1_443' title='bbox 1063 3859 1301 3912; x_wconf 87' lang='lat' dir='ltr'><strong>instituta</strong></span> <span class='ocrx_word' id='word_1_444' title='bbox 1332 3867 1512 3912; x_wconf 88' lang='lat' dir='ltr'><strong>nostra</strong></span> <span class='ocrx_word' id='word_1_445' title='bbox 1543 3865 1895 3927; x_wconf 89' lang='lat' dir='ltr'><strong>componunt,</strong></span> <span class='ocrx_word' id='word_1_446' title='bbox 1931 3856 2082 3911; x_wconf 92' lang='lat' dir='ltr'><strong>inno-</strong></span> 
     </span>
    </p>
   </div>
   <div class='ocr_carea' id='block_1_69' title="bbox 496 3947 2080 4016">
    <p class='ocr_par' dir='ltr' id='par_1_69' title="bbox 496 3947 2080 4016">
     <span class='ocr_line' id='line_1_69' title="bbox 496 3947 2080 4016; baseline -0.006 -6"><span class='ocrx_word' id='word_1_447' title='bbox 496 3954 744 4010; x_wconf 90' lang='lat' dir='ltr'><strong>centibus</strong></span> <span class='ocrx_word' id='word_1_448' title='bbox 771 3951 1090 4006; x_wconf 88' lang='lat' dir='ltr'><strong>detrimenta</strong></span> <span class='ocrx_word' id='word_1_449' title='bbox 1141 3964 1249 4003; x_wconf 90' lang='lat' dir='ltr'><strong>non</strong></span> <span class='ocrx_word' id='word_1_450' title='bbox 1297 3949 1535 4002; x_wconf 87' lang='lat' dir='ltr'><strong>veniant.</strong></span> <span class='ocrx_word' id='word_1_451' title='bbox 1585 3947 1773 4014; x_wconf 88' lang='lat' dir='ltr'><strong>Qualia</strong></span> <span class='ocrx_word' id='word_1_452' title='bbox 1803 3962 1934 4002; x_wconf 89' lang='lat' dir='ltr'><strong>vero</strong></span> <span class='ocrx_word' id='word_1_453' title='bbox 1981 3962 2080 4016; x_wconf 92' lang='lat' dir='ltr'><strong>pro</strong></span> 
     </span>
    </p>
   </div>
   <div class='ocr_carea' id='block_1_70' title="bbox 496 4039 2081 4115">
    <p class='ocr_par' dir='ltr' id='par_1_70' title="bbox 496 4039 2081 4115">
     <span class='ocr_line' id='line_1_70' title="bbox 496 4039 2081 4115; baseline -0.004 -13"><span class='ocrx_word' id='word_1_454' title='bbox 496 4047 680 4115; x_wconf 89' lang='lat' dir='ltr'><strong>quiete</strong></span> <span class='ocrx_word' id='word_1_455' title='bbox 705 4053 885 4100; x_wconf 87' lang='lat' dir='ltr'><strong>vestra</strong></span> <span class='ocrx_word' id='word_1_456' title='bbox 913 4042 995 4096; x_wconf 90' lang='lat' dir='ltr'><strong>vel</strong></span> <span class='ocrx_word' id='word_1_457' title='bbox 1023 4042 1331 4111; x_wconf 59' lang='lat' dir='ltr'><strong>aequalitate</strong></span> <span class='ocrx_word' id='word_1_458' title='bbox 1381 4041 1700 4096; x_wconf 90' lang='lat' dir='ltr'><strong>tributorum</strong></span> <span class='ocrx_word' id='word_1_459' title='bbox 1747 4039 2081 4111; x_wconf 87' lang='lat' dir='ltr'><strong>disponenda</strong></span> 
     </span>
    </p>
   </div>
   <div class='ocr_carea' id='block_1_71' title="bbox 497 4131 2084 4203">
    <p class='ocr_par' dir='ltr' id='par_1_71' title="bbox 497 4131 2084 4203">
     <span class='ocr_line' id='line_1_71' title="bbox 497 4131 2084 4203; baseline -0.004 -10"><span class='ocrx_word' id='word_1_460' title='bbox 497 4139 804 4193; x_wconf 89' lang='lat' dir='ltr'><strong>censuimus</strong></span> <span class='ocrx_word' id='word_1_461' title='bbox 832 4135 1050 4190; x_wconf 90' lang='lat' dir='ltr'><strong>oracula</strong></span> <span class='ocrx_word' id='word_1_462' title='bbox 1085 4144 1106 4172; x_wconf 75' lang='grc' dir='ltr'><strong>ο</strong></span> <span class='ocrx_word' id='word_1_463' title='bbox 1135 4141 1338 4196; x_wconf 89' lang='lat' dir='ltr'><strong>nostra,</strong></span> <span class='ocrx_word' id='word_1_464' title='bbox 1365 4147 1484 4202; x_wconf 78' lang='lat' dir='ltr'><strong>qua:</strong></span> <span class='ocrx_word' id='word_1_465' title='bbox 1517 4131 1762 4188; x_wconf 88' lang='lat' dir='ltr'><strong>dedimus</strong></span> <span class='ocrx_word' id='word_1_466' title='bbox 1791 4133 1858 4186; x_wconf 91' lang='lat' dir='ltr'><strong>ad</strong></span> <span class='ocrx_word' id='word_1_467' title='bbox 1905 4148 2084 4203; x_wconf 89' lang='lat' dir='ltr'><strong>supra-</strong></span> 
     </span>
    </p>
   </div>
   <div class='ocr_carea' id='block_1_72' title="bbox 498 4223 2083 4292">
    <p class='ocr_par' dir='ltr' id='par_1_72' title="bbox 498 4223 2083 4292">
     <span class='ocr_line' id='line_1_72' title="bbox 498 4223 2083 4292; baseline -0.003 -8"><span class='ocrx_word' id='word_1_468' title='bbox 498 4229 699 4284; x_wconf 80' lang='lat' dir='ltr'><strong>dietum</strong></span> <span class='ocrx_word' id='word_1_469' title='bbox 725 4228 900 4281; x_wconf 89' lang='lat' dir='ltr'><strong>virum</strong></span> <span class='ocrx_word' id='word_1_470' title='bbox 922 4227 1184 4280; x_wconf 90' lang='lat' dir='ltr'><strong>illustrem</strong></span> <span class='ocrx_word' id='word_1_471' title='bbox 1213 4225 1557 4287; x_wconf 88' lang='lat' dir='ltr'><strong>Severinum,</strong></span> <span class='ocrx_word' id='word_1_472' title='bbox 1598 4223 1810 4292; x_wconf 88' lang='lat' dir='ltr'><strong>vulgata</strong></span> <span class='ocrx_word' id='word_1_473' title='bbox 1853 4225 2083 4279; x_wconf 86' lang='lat' dir='ltr'><strong>declara-</strong></span> 
     </span>
    </p>
   </div>
   <div class='ocr_carea' id='block_1_73' title="bbox 498 4314 2082 4385">
    <p class='ocr_par' dir='ltr' id='par_1_73' title="bbox 498 4314 2082 4385">
     <span class='ocr_line' id='line_1_73' title="bbox 498 4314 2082 4385; baseline 0 -12"><span class='ocrx_word' id='word_1_474' title='bbox 498 4319 661 4384; x_wconf 88' lang='lat' dir='ltr'><strong>bunt;</strong></span> <span class='ocrx_word' id='word_1_475' title='bbox 709 4327 770 4372; x_wconf 89' lang='lat' dir='ltr'><strong>ut</strong></span> <span class='ocrx_word' id='word_1_476' title='bbox 796 4317 1164 4385; x_wconf 78' lang='lat' dir='ltr'><strong>unusquisque</strong></span> <span class='ocrx_word' id='word_1_477' title='bbox 1210 4314 1348 4369; x_wconf 91' lang='lat' dir='ltr'><strong>unde</strong></span> <span class='ocrx_word' id='word_1_478' title='bbox 1393 4314 1699 4384; x_wconf 89' lang='lat' dir='ltr'><strong>supplicare</strong></span> <span class='ocrx_word' id='word_1_479' title='bbox 1734 4316 1947 4381; x_wconf 89' lang='lat' dir='ltr'><strong>debeat,</strong></span> <span class='ocrx_word' id='word_1_480' title='bbox 1979 4318 2082 4373; x_wconf 90' lang='lat' dir='ltr'><strong>evi-</strong></span> 
     </span>
    </p>
   </div>
   <div class='ocr_carea' id='block_1_74' title="bbox 500 4409 1892 4477">
    <p class='ocr_par' dir='ltr' id='par_1_74' title="bbox 500 4409 1892 4477">
     <span class='ocr_line' id='line_1_74' title="bbox 500 4409 1892 4477; baseline -0.003 -13"><span class='ocrx_word' id='word_1_481' title='bbox 500 4409 690 4464; x_wconf 89' lang='lat' dir='ltr'><strong>denter</strong></span> <span class='ocrx_word' id='word_1_482' title='bbox 715 4416 992 4477; x_wconf 79' lang='lat' dir='ltr'><strong>agnoscat.</strong></span> <span class='ocrx_word' id='word_1_483' title='bbox 1883 4409 1892 4414; x_wconf 82' lang='grc'><em>”</em></span> 
     </span>
    </p>
   </div>
   <div class='ocr_carea' id='block_1_75' title="bbox 574 4697 2080 4770">
    <p class='ocr_par' dir='ltr' id='par_1_75' title="bbox 574 4697 2080 4770">
     <span class='ocr_line' id='line_1_75' title="bbox 574 4697 2080 4770; baseline -0.002 -12"><span class='ocrx_word' id='word_1_484' title='bbox 574 4715 598 4742; x_wconf 77' lang='grc' dir='ltr'><strong>ι</strong></span> <span class='ocrx_word' id='word_1_485' title='bbox 633 4703 687 4758; x_wconf 91' lang='lat' dir='ltr'><strong>Id</strong></span> <span class='ocrx_word' id='word_1_486' title='bbox 717 4705 830 4770; x_wconf 82' lang='lat' dir='ltr'><strong>est,‘</strong></span> <span class='ocrx_word' id='word_1_487' title='bbox 853 4699 998 4756; x_wconf 85' lang='lat' dir='ltr'><strong>libris</strong></span> <span class='ocrx_word' id='word_1_488' title='bbox 1025 4697 1346 4770; x_wconf 77' lang='lat' dir='ltr'><strong>censualibus</strong></span> <span class='ocrx_word' id='word_1_489' title='bbox 1373 4709 1422 4754; x_wconf 86' lang='lat' dir='ltr'><strong>et</strong></span> <span class='ocrx_word' id='word_1_490' title='bbox 1443 4701 1762 4770; x_wconf 83' lang='lat' dir='ltr'><strong>publicarum</strong></span> <span class='ocrx_word' id='word_1_491' title='bbox 1801 4703 2080 4768; x_wconf 82' lang='lat' dir='ltr'><strong>rationum,</strong></span> 
     </span>
    </p>
   </div>
   <div class='ocr_carea' id='block_1_76' title="bbox 501 4769 2080 4842">
    <p class='ocr_par' dir='ltr' id='par_1_76' title="bbox 501 4769 2080 4842">
     <span class='ocr_line' id='line_1_76' title="bbox 501 4769 2080 4842; baseline -0.001 -13"><span class='ocrx_word' id='word_1_492' title='bbox 501 4769 820 4830; x_wconf 71' lang='lat' dir='ltr'><strong>SIRIONDUS.</strong></span> <span class='ocrx_word' id='word_1_493' title='bbox 848 4797 921 4811; x_wconf 84' lang='lat'><strong>——</strong></span> <span class='ocrx_word' id='word_1_494' title='bbox 950 4769 1240 4842; x_wconf 81' lang='lat' dir='ltr'><strong>lufra,_hoc</strong></span> <span class='ocrx_word' id='word_1_495' title='bbox 1268 4770 1386 4838; x_wconf 90' lang='lat' dir='ltr'><strong>lib.,</strong></span> <span class='ocrx_word' id='word_1_496' title='bbox 1418 4769 1574 4842; x_wconf 85' lang='lat' dir='ltr'><strong>epist.</strong></span> <span class='ocrx_word' id='word_1_497' title='bbox 1613 4772 1682 4825; x_wconf 74' lang='lat'><strong>56</strong></span> <span class='ocrx_word' id='word_1_498' title='bbox 1711 4783 1765 4825; x_wconf 91' lang='lat' dir='ltr'><strong>et</strong></span> <span class='ocrx_word' id='word_1_499' title='bbox 1793 4772 1880 4826; x_wconf 78' lang='lat'><strong>59.</strong></span> <span class='ocrx_word' id='word_1_500' title='bbox 1916 4772 2080 4827; x_wconf 75' lang='lat' dir='ltr'><strong>Am&#39;r.</strong></span> 
     </span>
    </p>
   </div>
   <div class='ocr_carea' id='block_1_77' title="bbox 499 4839 2078 4912">
    <p class='ocr_par' dir='ltr' id='par_1_77' title="bbox 499 4839 2078 4912">
     <span class='ocr_line' id='line_1_77' title="bbox 499 4839 2078 4912; baseline -0.003 -12"><span class='ocrx_word' id='word_1_501' title='bbox 499 4845 742 4900; x_wconf 82' lang='lat' dir='ltr'><strong>Alciatus</strong></span> <span class='ocrx_word' id='word_1_502' title='bbox 767 4843 860 4898; x_wconf 89' lang='lat' dir='ltr'><strong>lib.</strong></span> <span class='ocrx_word' id='word_1_503' title='bbox 892 4857 1086 4911; x_wconf 86' lang='lat' dir='ltr'><strong>u,eap.</strong></span> <span class='ocrx_word' id='word_1_504' title='bbox 1109 4839 1198 4902; x_wconf 69' lang='lat'><strong>96,</strong></span> <span class='ocrx_word' id='word_1_505' title='bbox 1236 4839 1464 4912; x_wconf 44' lang='lat' dir='ltr'><strong>parcrg.‘</strong></span> <span class='ocrx_word' id='word_1_506' title='bbox 1486 4842 1647 4912; x_wconf 81' lang='lat' dir='ltr'><strong>Greg.</strong></span> <span class='ocrx_word' id='word_1_507' title='bbox 1679 4843 1772 4896; x_wconf 85' lang='lat' dir='ltr'><strong>lib.</strong></span> <span class='ocrx_word' id='word_1_508' title='bbox 1805 4859 1895 4910; x_wconf 89' lang='lat' dir='ltr'><strong>vu,</strong></span> <span class='ocrx_word' id='word_1_509' title='bbox 1921 4844 2078 4912; x_wconf 85' lang='lat' dir='ltr'><strong>epist.</strong></span> 
     </span>
    </p>
   </div>
   <div class='ocr_carea' id='block_1_78' title="bbox 499 4911 1397 4982">
    <p class='ocr_par' dir='ltr' id='par_1_78' title="bbox 499 4911 1397 4982">
     <span class='ocr_line' id='line_1_78' title="bbox 499 4911 1397 4982; baseline -0.004 -14"><span class='ocrx_word' id='word_1_510' title='bbox 499 4915 591 4981; x_wconf 77' lang='grc'><strong>40,</strong></span> <span class='ocrx_word' id='word_1_511' title='bbox 613 4923 668 4968; x_wconf 92' lang='lat' dir='ltr'><strong>et</strong></span> <span class='ocrx_word' id='word_1_512' title='bbox 686 4914 781 4968; x_wconf 90' lang='lat' dir='ltr'><strong>lib.</strong></span> <span class='ocrx_word' id='word_1_513' title='bbox 810 4929 901 4976; x_wconf 82' lang='lat' dir='ltr'><strong>xu,</strong></span> <span class='ocrx_word' id='word_1_514' title='bbox 927 4912 1086 4982; x_wconf 90' lang='lat' dir='ltr'><strong>epist.</strong></span> <span class='ocrx_word' id='word_1_515' title='bbox 1117 4912 1202 4965; x_wconf 78' lang='lat'><strong>50.</strong></span> <span class='ocrx_word' id='word_1_516' title='bbox 1233 4911 1397 4965; x_wconf 77' lang='lat' dir='ltr'><strong>Fomv.</strong></span> 
     </span>
    </p>
   </div>
   <div class='ocr_carea' id='block_1_79' title="bbox 569 4980 2080 5050">
    <p class='ocr_par' dir='ltr' id='par_1_79' title="bbox 569 4980 2080 5050">
     <span class='ocr_line' id='line_1_79' title="bbox 569 4980 2080 5050; baseline -0.003 -12"><span class='ocrx_word' id='word_1_517' title='bbox 569 4980 597 5025; x_wconf 64' lang='grc' dir='ltr'>δ</span> <span class='ocrx_word' id='word_1_518' title='bbox 625 4985 704 5040; x_wconf 93' lang='lat' dir='ltr'><strong>0b</strong></span> <span class='ocrx_word' id='word_1_519' title='bbox 726 4999 844 5039; x_wconf 85' lang='lat' dir='ltr'><strong>eam</strong></span> <span class='ocrx_word' id='word_1_520' title='bbox 874 4980 1001 5038; x_wconf 82' lang='lat' dir='ltr'><strong>olim</strong></span> <span class='ocrx_word' id='word_1_521' title='bbox 1043 4996 1261 5036; x_wconf 87' lang='lat' dir='ltr'><strong>causam</strong></span> <span class='ocrx_word' id='word_1_522' title='bbox 1313 4980 1510 5036; x_wconf 76' lang='lat' dir='ltr'><strong>tabula:</strong></span> <span class='ocrx_word' id='word_1_523' title='bbox 1553 4982 1872 5037; x_wconf 82' lang='lat' dir='ltr'><strong>tributorum</strong></span> <span class='ocrx_word' id='word_1_524' title='bbox 1906 4982 2080 5050; x_wconf 89' lang='lat' dir='ltr'><strong>publi-</strong></span> 
     </span>
    </p>
   </div>
   <div class='ocr_carea' id='block_1_80' title="bbox 497 5050 2076 5122">
    <p class='ocr_par' dir='ltr' id='par_1_80' title="bbox 497 5050 2076 5122">
     <span class='ocr_line' id='line_1_80' title="bbox 497 5050 2076 5122; baseline -0.004 -9"><span class='ocrx_word' id='word_1_525' title='bbox 497 5055 636 5113; x_wconf 90' lang='lat' dir='ltr'><strong>citus</strong></span> <span class='ocrx_word' id='word_1_526' title='bbox 673 5053 1061 5110; x_wconf 87' lang='lat' dir='ltr'><strong>incidebantur.</strong></span> <span class='ocrx_word' id='word_1_527' title='bbox 1092 5061 1236 5107; x_wconf 88' lang='lat' dir='ltr'><strong>cent.</strong></span> <span class='ocrx_word' id='word_1_528' title='bbox 1286 5050 1340 5117; x_wconf 88' lang='lat'><strong>6,</strong></span> <span class='ocrx_word' id='word_1_529' title='bbox 1391 5067 1510 5122; x_wconf 92' lang='lat' dir='ltr'><strong>cap.</strong></span> <span class='ocrx_word' id='word_1_530' title='bbox 1541 5051 1610 5106; x_wconf 64' lang='grc'><strong>54</strong></span> <span class='ocrx_word' id='word_1_531' title='bbox 1637 5062 1691 5108; x_wconf 87' lang='lat' dir='ltr'><strong>et</strong></span> <span class='ocrx_word' id='word_1_532' title='bbox 1712 5051 1812 5116; x_wconf 64' lang='lat'><strong>40;</strong></span> <span class='ocrx_word' id='word_1_533' title='bbox 1845 5061 1990 5108; x_wconf 85' lang='lat' dir='ltr'><strong>cent.</strong></span> <span class='ocrx_word' id='word_1_534' title='bbox 2023 5053 2076 5120; x_wconf 81' lang='lat' dir='ltr'><strong>l,</strong></span> 
     </span>
    </p>
   </div>
   <div class='ocr_carea' id='block_1_81' title="bbox 497 5123 2076 5273">
    <p class='ocr_par' dir='ltr' id='par_1_81' title="bbox 497 5123 2076 5273">
     <span class='ocr_line' id='line_1_81' title="bbox 497 5123 938 5198; baseline -0.018 -14"><span class='ocrx_word' id='word_1_535' title='bbox 497 5142 619 5198; x_wconf 91' lang='lat' dir='ltr'><strong>cap.</strong></span> <span class='ocrx_word' id='word_1_536' title='bbox 653 5125 741 5180; x_wconf 71' lang='lat'><strong>72.</strong></span> <span class='ocrx_word' id='word_1_537' title='bbox 773 5123 938 5180; x_wconf 71' lang='lat' dir='ltr'><strong>Fons.</strong></span> 
     </span>
     <span class='ocr_line' id='line_1_82' title="bbox 514 5191 2076 5273; baseline -0.004 -22"><span class='ocrx_word' id='word_1_538' title='bbox 514 5268 529 5273; x_wconf 92' lang='lat'>_</span> <span class='ocrx_word' id='word_1_539' title='bbox 572 5208 596 5237; x_wconf 72' lang='grc' dir='ltr'><strong>ο</strong></span> <span class='ocrx_word' id='word_1_540' title='bbox 625 5191 1132 5273; x_wconf 77' lang='lat' dir='ltr'><strong>Qracula,_lib.i_C.</strong></span> <span class='ocrx_word' id='word_1_541' title='bbox 1177 5191 1383 5273; x_wconf 75' lang='lat' dir='ltr'><strong>Theod.</strong></span> <span class='ocrx_word' id='word_1_542' title='bbox 1414 5191 1494 5273; x_wconf 84' lang='lat' dir='ltr'><strong>_de</strong></span> <span class='ocrx_word' id='word_1_543' title='bbox 1514 5192 1590 5273; x_wconf 86' lang='lat' dir='ltr'><strong>rei</strong></span> <span class='ocrx_word' id='word_1_544' title='bbox 1621 5192 1844 5273; x_wconf 44' lang='lat' dir='ltr'><strong>vindicL,</strong></span> <span class='ocrx_word' id='word_1_545' title='bbox 1867 5202 1921 5273; x_wconf 89' lang='lat' dir='ltr'><strong>e_t</strong></span> <span class='ocrx_word' id='word_1_546' title='bbox 1952 5193 1988 5273; x_wconf 87' lang='lat' dir='ltr'><strong>l_.</strong></span> <span class='ocrx_word' id='word_1_547' title='bbox 2019 5192 2076 5258; x_wconf 75' lang='lat'><strong>9.,</strong></span> 
     </span>
    </p>
   </div>
   <div class='ocr_carea' id='block_1_82' title="bbox 497 5263 2076 5338">
    <p class='ocr_par' dir='ltr' id='par_1_82' title="bbox 497 5263 2076 5338">
     <span class='ocr_line' id='line_1_83' title="bbox 497 5263 2076 5338; baseline -0.005 -14"><span class='ocrx_word' id='word_1_548' title='bbox 497 5268 566 5324; x_wconf 89' lang='lat' dir='ltr'><strong>de</strong></span> <span class='ocrx_word' id='word_1_549' title='bbox 593 5263 939 5338; x_wconf 81' lang='lat' dir='ltr'><strong>episc._au_d.,</strong></span> <span class='ocrx_word' id='word_1_550' title='bbox 971 5271 1028 5318; x_wconf 89' lang='lat' dir='ltr'><strong>et</strong></span> <span class='ocrx_word' id='word_1_551' title='bbox 1047 5263 1090 5338; x_wconf 91' lang='lat' dir='ltr'><strong>_l.</strong></span> <span class='ocrx_word' id='word_1_552' title='bbox 1125 5280 1162 5324; x_wconf 87' lang='grc' dir='ltr'><strong><em>ι,</em></strong></span> <span class='ocrx_word' id='word_1_553' title='bbox 1193 5263 1237 5338; x_wconf 79' lang='lat' dir='ltr'><strong>si</strong></span> <span class='ocrx_word' id='word_1_554' title='bbox 1261 5278 1353 5338; x_wconf 72' lang='lat' dir='ltr'><strong>per</strong></span> <span class='ocrx_word' id='word_1_555' title='bbox 1375 5263 1695 5338; x_wconf 88' lang='lat' dir='ltr'><strong>obr_ept.;_ct</strong></span> <span class='ocrx_word' id='word_1_556' title='bbox 1724 5265 1760 5338; x_wconf 81' lang='lat' dir='ltr'><strong>l.</strong></span> <span class='ocrx_word' id='word_1_557' title='bbox 1793 5263 1846 5329; x_wconf 87' lang='lat'><strong>5,</strong></span> <span class='ocrx_word' id='word_1_558' title='bbox 1875 5264 1943 5338; x_wconf 79' lang='lat' dir='ltr'><strong>de</strong></span> <span class='ocrx_word' id='word_1_559' title='bbox 1971 5265 2076 5316; x_wconf 73' lang='lat' dir='ltr'><strong>ha:-</strong></span> 
     </span>
    </p>
   </div>
   <div class='ocr_carea' id='block_1_83' title="bbox 496 5331 2076 5404">
    <p class='ocr_par' dir='ltr' id='par_1_83' title="bbox 496 5331 2076 5404">
     <span class='ocr_line' id='line_1_84' title="bbox 496 5331 2076 5404; baseline -0.005 -10"><span class='ocrx_word' id='word_1_560' title='bbox 496 5331 694 5396; x_wconf 58' lang='lat' dir='ltr'><strong>ret.:&#39;l.</strong></span> <span class='ocrx_word' id='word_1_561' title='bbox 727 5336 814 5400; x_wconf 70' lang='lat'><strong>18,</strong></span> <span class='ocrx_word' id='word_1_562' title='bbox 839 5335 909 5390; x_wconf 92' lang='lat' dir='ltr'><strong>de</strong></span> <span class='ocrx_word' id='word_1_563' title='bbox 941 5332 1083 5404; x_wconf 87' lang='lat' dir='ltr'><strong>med.</strong></span> <span class='ocrx_word' id='word_1_564' title='bbox 1126 5331 1531 5404; x_wconf 10' lang='lat' dir='ltr'><strong>eoid.’Superba</strong></span> <span class='ocrx_word' id='word_1_565' title='bbox 1561 5333 1862 5404; x_wconf 88' lang='lat' dir='ltr'><strong>principum</strong></span> <span class='ocrx_word' id='word_1_566' title='bbox 1893 5333 1960 5388; x_wconf 91' lang='lat' dir='ltr'><strong>de</strong></span> <span class='ocrx_word' id='word_1_567' title='bbox 1990 5349 2076 5388; x_wconf 86' lang='lat' dir='ltr'><strong>se-</strong></span> 
     </span>
    </p>
   </div>
   <div class='ocr_carea' id='block_1_84' title="bbox 496 5403 2074 5480">
    <p class='ocr_par' dir='ltr' id='par_1_84' title="bbox 496 5403 2074 5480">
     <span class='ocr_line' id='line_1_85' title="bbox 496 5403 2074 5480; baseline -0.006 -17"><span class='ocrx_word' id='word_1_568' title='bbox 496 5409 631 5480; x_wconf 88' lang='lat' dir='ltr'><strong>ipsis</strong></span> <span class='ocrx_word' id='word_1_569' title='bbox 656 5407 872 5480; x_wconf 80' lang='lat' dir='ltr'><strong>ora_tio_:</strong></span> <span class='ocrx_word' id='word_1_570' title='bbox 900 5403 1074 5480; x_wconf 61' lang='lat' dir='ltr'><strong>qualis</strong></span> <span class='ocrx_word' id='word_1_571' title='bbox 1103 5403 1297 5480; x_wconf 82' lang='lat' dir='ltr'><strong>et_illa,</strong></span> <span class='ocrx_word' id='word_1_572' title='bbox 1328 5403 1405 5480; x_wconf 65' lang='lat' dir='ltr'><strong>ad</strong></span> <span class='ocrx_word' id='word_1_573' title='bbox 1436 5403 2074 5480; x_wconf 47' lang='lat' dir='ltr'><strong>orati_onetn&#39;_.&#39;eternit:_uis</strong></span> 
     </span>
    </p>
   </div>
   <div class='ocr_carea' id='block_1_85' title="bbox 498 5472 2074 5542">
    <p class='ocr_par' dir='ltr' id='par_1_85' title="bbox 498 5472 2074 5542">
     <span class='ocr_line' id='line_1_86' title="bbox 498 5472 2074 5542; baseline -0.006 -7"><span class='ocrx_word' id='word_1_574' title='bbox 498 5472 717 5542; x_wconf 66' lang='lat' dir='ltr'><strong>nostrae,</strong></span> <span class='ocrx_word' id='word_1_575' title='bbox 749 5477 785 5530; x_wconf 92' lang='lat' dir='ltr'><strong>l.</strong></span> <span class='ocrx_word' id='word_1_576' title='bbox 838 5475 873 5529; x_wconf 78' lang='lat'><strong>3</strong></span> <span class='ocrx_word' id='word_1_577' title='bbox 899 5473 959 5529; x_wconf 87' lang='lat' dir='ltr'><strong>C.</strong></span> <span class='ocrx_word' id='word_1_578' title='bbox 991 5472 1198 5528; x_wconf 88' lang='lat' dir='ltr'><strong>Theod.</strong></span> <span class='ocrx_word' id='word_1_579' title='bbox 1227 5473 1293 5526; x_wconf 87' lang='lat' dir='ltr'><strong>de</strong></span> <span class='ocrx_word' id='word_1_580' title='bbox 1324 5472 1536 5538; x_wconf 85' lang='lat' dir='ltr'><strong>fahric.;</strong></span> <span class='ocrx_word' id='word_1_581' title='bbox 1571 5473 1608 5526; x_wconf 94' lang='lat' dir='ltr'><strong>l.</strong></span> <span class='ocrx_word' id='word_1_582' title='bbox 1648 5473 1703 5539; x_wconf 73' lang='lat'><strong>2,</strong></span> <span class='ocrx_word' id='word_1_583' title='bbox 1729 5473 1790 5528; x_wconf 87' lang='lat' dir='ltr'><strong>C.</strong></span> <span class='ocrx_word' id='word_1_584' title='bbox 1817 5474 1942 5528; x_wconf 91' lang='lat' dir='ltr'><strong>eod.</strong></span> <span class='ocrx_word' id='word_1_585' title='bbox 1965 5473 2074 5528; x_wconf 88' lang='lat' dir='ltr'><strong>Sed</strong></span> 
     </span>
    </p>
   </div>
   <div class='ocr_carea' id='block_1_86' title="bbox 497 5543 2072 5611">
    <p class='ocr_par' dir='ltr' id='par_1_86' title="bbox 497 5543 2072 5611">
     <span class='ocr_line' id='line_1_87' title="bbox 497 5543 2072 5611; baseline -0.004 -7"><span class='ocrx_word' id='word_1_586' title='bbox 497 5564 601 5604; x_wconf 88' lang='lat' dir='ltr'><strong>nec</strong></span> <span class='ocrx_word' id='word_1_587' title='bbox 627 5546 846 5602; x_wconf 87' lang='lat' dir='ltr'><strong>ferenda</strong></span> <span class='ocrx_word' id='word_1_588' title='bbox 878 5545 998 5607; x_wconf 90' lang='lat' dir='ltr'><strong>ista,</strong></span> <span class='ocrx_word' id='word_1_589' title='bbox 1033 5543 1230 5598; x_wconf 90' lang='lat' dir='ltr'><strong>nostris</strong></span> <span class='ocrx_word' id='word_1_590' title='bbox 1265 5544 1522 5596; x_wconf 61' lang='lat' dir='ltr'><strong>altaribus</strong></span> <span class='ocrx_word' id='word_1_591' title='bbox 1569 5545 1840 5611; x_wconf 83' lang='lat' dir='ltr'><strong>suggestio</strong></span> <span class='ocrx_word' id='word_1_592' title='bbox 1877 5545 2072 5598; x_wconf 85' lang='lat' dir='ltr'><strong>ollere-</strong></span> 
     </span>
    </p>
   </div>
   <div class='ocr_carea' id='block_1_87' title="bbox 499 5611 2074 5681">
    <p class='ocr_par' dir='ltr' id='par_1_87' title="bbox 499 5611 2074 5681">
     <span class='ocr_line' id='line_1_88' title="bbox 499 5611 2074 5681; baseline -0.005 -8"><span class='ocrx_word' id='word_1_593' title='bbox 499 5621 675 5681; x_wconf 88' lang='lat' dir='ltr'><strong>batur,</strong></span> <span class='ocrx_word' id='word_1_594' title='bbox 707 5617 743 5670; x_wconf 92' lang='grc' dir='ltr'><strong>Ι.</strong></span> <span class='ocrx_word' id='word_1_595' title='bbox 776 5617 872 5670; x_wconf 92' lang='lat' dir='ltr'><strong>ult.</strong></span> <span class='ocrx_word' id='word_1_596' title='bbox 905 5614 972 5668; x_wconf 91' lang='lat' dir='ltr'><strong>de</strong></span> <span class='ocrx_word' id='word_1_597' title='bbox 1003 5611 1368 5666; x_wconf 79' lang='lat' dir='ltr'><strong>relationibus.</strong></span> <span class='ocrx_word' id='word_1_598' title='bbox 1411 5612 1472 5667; x_wconf 87' lang='lat' dir='ltr'><strong>C.</strong></span> <span class='ocrx_word' id='word_1_599' title='bbox 1502 5612 1707 5668; x_wconf 85' lang='lat' dir='ltr'><strong>Theod.</strong></span> <span class='ocrx_word' id='word_1_600' title='bbox 1741 5613 1920 5668; x_wconf 87' lang='lat' dir='ltr'><strong>novel.</strong></span> <span class='ocrx_word' id='word_1_601' title='bbox 1963 5613 2074 5666; x_wconf 79' lang='lat' dir='ltr'><strong>Au-</strong></span> 
     </span>
    </p>
   </div>
   <div class='ocr_carea' id='block_1_88' title="bbox 501 5681 2075 5752">
    <p class='ocr_par' dir='ltr' id='par_1_88' title="bbox 501 5681 2075 5752">
     <span class='ocr_line' id='line_1_89' title="bbox 501 5681 2075 5752; baseline -0.003 -12"><span class='ocrx_word' id='word_1_602' title='bbox 501 5689 652 5741; x_wconf 87' lang='lat' dir='ltr'><strong>theu.</strong></span> <span class='ocrx_word' id='word_1_603' title='bbox 683 5686 750 5742; x_wconf 90' lang='lat' dir='ltr'><strong>de</strong></span> <span class='ocrx_word' id='word_1_604' title='bbox 777 5683 988 5739; x_wconf 92' lang='lat' dir='ltr'><strong>mulier.</strong></span> <span class='ocrx_word' id='word_1_605' title='bbox 1017 5697 1136 5752; x_wconf 80' lang='lat' dir='ltr'><strong>quae</strong></span> <span class='ocrx_word' id='word_1_606' title='bbox 1157 5696 1215 5735; x_wconf 90' lang='lat' dir='ltr'><strong>se</strong></span> <span class='ocrx_word' id='word_1_607' title='bbox 1237 5696 1383 5752; x_wconf 41' lang='lat' dir='ltr'><strong>serv;</strong></span> <span class='ocrx_word' id='word_1_608' title='bbox 1412 5681 1679 5737; x_wconf 81' lang='lat' dir='ltr'><strong>Valentia.</strong></span> <span class='ocrx_word' id='word_1_609' title='bbox 1713 5684 1910 5738; x_wconf 89' lang='lat' dir='ltr'><strong>uovell.</strong></span> <span class='ocrx_word' id='word_1_610' title='bbox 1937 5699 1974 5744; x_wconf 89' lang='grc' dir='ltr'><strong><em>ι,</em></strong></span> <span class='ocrx_word' id='word_1_611' title='bbox 2008 5683 2075 5736; x_wconf 85' lang='lat' dir='ltr'><strong>de</strong></span> 
     </span>
    </p>
   </div>
   <div class='ocr_carea' id='block_1_89' title="bbox 503 5750 2071 5821">
    <p class='ocr_par' dir='ltr' id='par_1_89' title="bbox 503 5750 2071 5821">
     <span class='ocr_line' id='line_1_90' title="bbox 503 5750 2071 5821; baseline -0.003 -11"><span class='ocrx_word' id='word_1_612' title='bbox 503 5764 742 5819; x_wconf 66' lang='lat' dir='ltr'><strong>testium;</strong></span> <span class='ocrx_word' id='word_1_613' title='bbox 775 5756 809 5808; x_wconf 94' lang='grc' dir='ltr'><strong>Ι.</strong></span> <span class='ocrx_word' id='word_1_614' title='bbox 842 5754 894 5812; x_wconf 88' lang='lat'><strong>8,</strong></span> <span class='ocrx_word' id='word_1_615' title='bbox 910 5750 1310 5821; x_wconf 82' lang='lat' dir='ltr'><strong>quicunque,C.</strong></span> <span class='ocrx_word' id='word_1_616' title='bbox 1341 5750 1547 5806; x_wconf 85' lang='lat' dir='ltr'><strong>Theod.</strong></span> <span class='ocrx_word' id='word_1_617' title='bbox 1571 5769 1767 5808; x_wconf 84' lang='lat' dir='ltr'><strong>numen</strong></span> <span class='ocrx_word' id='word_1_618' title='bbox 1797 5765 2071 5818; x_wconf 85' lang='lat' dir='ltr'><strong>nostrum;</strong></span> 
     </span>
    </p>
   </div>
   <div class='ocr_carea' id='block_1_90' title="bbox 507 5821 2072 5893">
    <p class='ocr_par' dir='ltr' id='par_1_90' title="bbox 507 5821 2072 5893">
     <span class='ocr_line' id='line_1_91' title="bbox 507 5821 2072 5893; baseline 0 -15"><span class='ocrx_word' id='word_1_619' title='bbox 507 5826 541 5879; x_wconf 89' lang='grc' dir='ltr'><strong><em>ι.</em></strong></span> <span class='ocrx_word' id='word_1_620' title='bbox 578 5842 693 5893; x_wconf 87' lang='lat' dir='ltr'><strong>un.,</strong></span> <span class='ocrx_word' id='word_1_621' title='bbox 715 5823 844 5879; x_wconf 77' lang='lat' dir='ltr'><strong>Cod.</strong></span> <span class='ocrx_word' id='word_1_622' title='bbox 879 5822 1083 5877; x_wconf 85' lang='lat' dir='ltr'><strong>Theod.</strong></span> <span class='ocrx_word' id='word_1_623' title='bbox 1126 5821 1193 5876; x_wconf 86' lang='lat' dir='ltr'><strong>de</strong></span> <span class='ocrx_word' id='word_1_624' title='bbox 1223 5822 1564 5892; x_wconf 81' lang='lat' dir='ltr'><strong>imaginibus,</strong></span> <span class='ocrx_word' id='word_1_625' title='bbox 1593 5826 1743 5892; x_wconf 76' lang='lat' dir='ltr'><strong>quasi</strong></span> <span class='ocrx_word' id='word_1_626' title='bbox 1775 5841 1881 5881; x_wconf 83' lang='lat' dir='ltr'><strong>non</strong></span> <span class='ocrx_word' id='word_1_627' title='bbox 1931 5843 2072 5878; x_wconf 63' lang='grc' dir='ltr'><strong>πψτη</strong></span> 
     </span>
    </p>
   </div>
   <div class='ocr_carea' id='block_1_91' title="bbox 2185 3220 3790 3290">
    <p class='ocr_par' dir='ltr' id='par_1_91' title="bbox 2185 3220 3790 3290">
     <span class='ocr_line' id='line_1_92' title="bbox 2185 3220 3790 3290; baseline 0.002 -16"><span class='ocrx_word' id='word_1_628' title='bbox 2185 3220 2341 3275; x_wconf 91' lang='lat' dir='ltr'><strong>nobis</strong></span> <span class='ocrx_word' id='word_1_629' title='bbox 2384 3220 2719 3275; x_wconf 87' lang='lat' dir='ltr'><strong>necessarius</strong></span> <span class='ocrx_word' id='word_1_630' title='bbox 2742 3220 3059 3286; x_wconf 69' lang='lat' dir='ltr'><strong>instituatur,</strong></span> <span class='ocrx_word' id='word_1_631' title='bbox 3107 3237 3297 3278; x_wconf 87' lang='lat' dir='ltr'><strong>servus</strong></span> <span class='ocrx_word' id='word_1_632' title='bbox 3339 3221 3505 3278; x_wconf 88' lang='lat' dir='ltr'><strong>fuerit</strong></span> <span class='ocrx_word' id='word_1_633' title='bbox 3547 3224 3790 3290; x_wconf 68' lang='lat' dir='ltr'><strong>alienus,</strong></span> 
     </span>
    </p>
   </div>
   <div class='ocr_carea' id='block_1_92' title="bbox 2186 3312 3798 3377">
    <p class='ocr_par' dir='ltr' id='par_1_92' title="bbox 2186 3312 3798 3377">
     <span class='ocr_line' id='line_1_93' title="bbox 2186 3312 3798 3377; baseline 0.002 -9"><span class='ocrx_word' id='word_1_634' title='bbox 2186 3322 2280 3368; x_wconf 90' lang='lat' dir='ltr'><strong>aut</strong></span> <span class='ocrx_word' id='word_1_635' title='bbox 2305 3313 2571 3369; x_wconf 88' lang='lat' dir='ltr'><strong>conducat</strong></span> <span class='ocrx_word' id='word_1_636' title='bbox 2608 3327 2733 3368; x_wconf 93' lang='lat' dir='ltr'><strong>eum</strong></span> <span class='ocrx_word' id='word_1_637' title='bbox 2780 3312 3040 3368; x_wconf 90' lang='lat' dir='ltr'><strong>classibus</strong></span> <span class='ocrx_word' id='word_1_638' title='bbox 3069 3314 3416 3377; x_wconf 89' lang='lat' dir='ltr'><strong>serviturum,</strong></span> <span class='ocrx_word' id='word_1_639' title='bbox 3449 3323 3574 3377; x_wconf 91' lang='lat' dir='ltr'><strong>aut,</strong></span> <span class='ocrx_word' id='word_1_640' title='bbox 3607 3316 3655 3370; x_wconf 91' lang='lat' dir='ltr'><strong>si</strong></span> <span class='ocrx_word' id='word_1_641' title='bbox 3687 3316 3798 3372; x_wconf 88' lang='lat' dir='ltr'><strong>hoc</strong></span> 
     </span>
    </p>
   </div>
   <div class='ocr_carea' id='block_1_93' title="bbox 2185 3404 3797 3479">
    <p class='ocr_par' dir='ltr' id='par_1_93' title="bbox 2185 3404 3797 3479">
     <span class='ocr_line' id='line_1_94' title="bbox 2185 3404 3797 3479; baseline 0.001 -19"><span class='ocrx_word' id='word_1_642' title='bbox 2185 3407 2301 3478; x_wconf 88' lang='lat' dir='ltr'><strong>ipse</strong></span> <span class='ocrx_word' id='word_1_643' title='bbox 2340 3406 2510 3474; x_wconf 90' lang='lat' dir='ltr'><strong>magis</strong></span> <span class='ocrx_word' id='word_1_644' title='bbox 2533 3404 2776 3473; x_wconf 89' lang='lat' dir='ltr'><strong>elegerit,</strong></span> <span class='ocrx_word' id='word_1_645' title='bbox 2831 3415 3056 3475; x_wconf 88' lang='lat' dir='ltr'><strong>accepto</strong></span> <span class='ocrx_word' id='word_1_646' title='bbox 3095 3406 3272 3476; x_wconf 90' lang='lat' dir='ltr'><strong>pretio</strong></span> <span class='ocrx_word' id='word_1_647' title='bbox 3303 3407 3640 3476; x_wconf 85' lang='lat' dir='ltr'><strong>rationabili,</strong></span> <span class='ocrx_word' id='word_1_648' title='bbox 3687 3425 3797 3479; x_wconf 84' lang='lat' dir='ltr'><strong>pu-</strong></span> 
     </span>
    </p>
   </div>
   <div class='ocr_carea' id='block_1_94' title="bbox 2183 3494 3800 3567">
    <p class='ocr_par' dir='ltr' id='par_1_94' title="bbox 2183 3494 3800 3567">
     <span class='ocr_line' id='line_1_95' title="bbox 2183 3494 3800 3567; baseline 0.001 -15"><span class='ocrx_word' id='word_1_649' title='bbox 2183 3497 2326 3552; x_wconf 88' lang='lat' dir='ltr'><strong>blieo</strong></span> <span class='ocrx_word' id='word_1_650' title='bbox 2356 3495 2512 3552; x_wconf 89' lang='lat' dir='ltr'><strong>cedat</strong></span> <span class='ocrx_word' id='word_1_651' title='bbox 2532 3495 2614 3550; x_wconf 89' lang='lat' dir='ltr'><strong>sui</strong></span> <span class='ocrx_word' id='word_1_652' title='bbox 2637 3494 2762 3564; x_wconf 89' lang='lat' dir='ltr'><strong>jura</strong></span> <span class='ocrx_word' id='word_1_653' title='bbox 2790 3494 3031 3550; x_wconf 90' lang='lat' dir='ltr'><strong>dominii.</strong></span> <span class='ocrx_word' id='word_1_654' title='bbox 3065 3495 3120 3550; x_wconf 91' lang='lat' dir='ltr'><strong>Si</strong></span> <span class='ocrx_word' id='word_1_655' title='bbox 3146 3511 3277 3551; x_wconf 91' lang='lat' dir='ltr'><strong>vero</strong></span> <span class='ocrx_word' id='word_1_656' title='bbox 3301 3496 3560 3552; x_wconf 87' lang='lat' dir='ltr'><strong>libertate</strong></span> <span class='ocrx_word' id='word_1_657' title='bbox 3589 3500 3800 3567; x_wconf 84' lang='lat' dir='ltr'><strong>gaudet</strong></span> 
     </span>
    </p>
   </div>
   <div class='ocr_carea' id='block_1_95' title="bbox 2187 3586 3799 3655">
    <p class='ocr_par' dir='ltr' id='par_1_95' title="bbox 2187 3586 3799 3655">
     <span class='ocr_line' id='line_1_96' title="bbox 2187 3586 3799 3655; baseline 0.002 -11"><span class='ocrx_word' id='word_1_658' title='bbox 2187 3589 2422 3653; x_wconf 89' lang='lat' dir='ltr'><strong>electus,</strong></span> <span class='ocrx_word' id='word_1_659' title='bbox 2463 3587 2658 3655; x_wconf 90' lang='lat' dir='ltr'><strong>quinos</strong></span> <span class='ocrx_word' id='word_1_660' title='bbox 2699 3586 2904 3642; x_wconf 89' lang='lat' dir='ltr'><strong>solidos</strong></span> <span class='ocrx_word' id='word_1_661' title='bbox 2931 3586 3266 3654; x_wconf 86' lang='lat' dir='ltr'><strong>donativum,</strong></span> <span class='ocrx_word' id='word_1_662' title='bbox 3303 3596 3360 3643; x_wconf 90' lang='lat' dir='ltr'><strong>et</strong></span> <span class='ocrx_word' id='word_1_663' title='bbox 3402 3603 3684 3646; x_wconf 88' lang='lat' dir='ltr'><strong>annonam</strong></span> <span class='ocrx_word' id='word_1_664' title='bbox 3736 3607 3799 3648; x_wconf 81' lang='lat' dir='ltr'><strong>se</strong></span> 
     </span>
    </p>
   </div>
   <div class='ocr_carea' id='block_1_96' title="bbox 2188 3662 3792 3749">
    <p class='ocr_par' dir='ltr' id='par_1_96' title="bbox 2188 3662 3792 3749">
     <span class='ocr_line' id='line_1_97' title="bbox 2188 3662 3792 3749; baseline 0.001 -13"><span class='ocrx_word' id='word_1_665' title='bbox 2188 3679 2399 3736; x_wconf 89' lang='lat' dir='ltr'><strong>noverit</strong></span> <span class='ocrx_word' id='word_1_666' title='bbox 2441 3680 2686 3749; x_wconf 89' lang='lat' dir='ltr'><strong>accipere</strong></span> <span class='ocrx_word' id='word_1_667' title='bbox 2723 3687 3143 3749; x_wconf 86' lang='lat' dir='ltr'><strong>competentem.</strong></span> <span class='ocrx_word' id='word_1_668' title='bbox 3175 3679 3253 3736; x_wconf 81' lang='lat' dir='ltr'><strong>Eo</strong></span> <span class='ocrx_word' id='word_1_669' title='bbox 3280 3680 3444 3736; x_wconf 89' lang='lat' dir='ltr'><strong>modo</strong></span> <span class='ocrx_word' id='word_1_670' title='bbox 3473 3662 3532 3736; x_wconf 74' lang='lat' dir='ltr'><strong>et</strong></span> <span class='ocrx_word' id='word_1_671' title='bbox 3563 3683 3643 3736; x_wconf 92' lang='lat' dir='ltr'><strong>illi</strong></span> <span class='ocrx_word' id='word_1_672' title='bbox 3677 3690 3792 3738; x_wconf 88' lang='lat' dir='ltr'><strong>tra-</strong></span> 
     </span>
    </p>
   </div>
   <div class='ocr_carea' id='block_1_97' title="bbox 2187 3761 3796 3840">
    <p class='ocr_par' dir='ltr' id='par_1_97' title="bbox 2187 3761 3796 3840">
     <span class='ocr_line' id='line_1_98' title="bbox 2187 3761 3796 3840; baseline -0.001 -13"><span class='ocrx_word' id='word_1_673' title='bbox 2187 3771 2368 3827; x_wconf 89' lang='lat' dir='ltr'><strong>ctandi</strong></span> <span class='ocrx_word' id='word_1_674' title='bbox 2392 3779 2518 3825; x_wconf 88' lang='lat' dir='ltr'><strong>sunt</strong></span> <span class='ocrx_word' id='word_1_675' title='bbox 2541 3769 2632 3840; x_wconf 88' lang='lat' dir='ltr'><strong>qui</strong></span> <span class='ocrx_word' id='word_1_676' title='bbox 2658 3783 2688 3823; x_wconf 90' lang='lat' dir='ltr'><strong>a</strong></span> <span class='ocrx_word' id='word_1_677' title='bbox 2712 3769 2824 3824; x_wconf 91' lang='lat' dir='ltr'><strong>suis</strong></span> <span class='ocrx_word' id='word_1_678' title='bbox 2860 3768 3095 3825; x_wconf 90' lang='lat' dir='ltr'><strong>dominis</strong></span> <span class='ocrx_word' id='word_1_679' title='bbox 3122 3779 3419 3837; x_wconf 81' lang='lat' dir='ltr'><strong>exuuntur,</strong></span> <span class='ocrx_word' id='word_1_680' title='bbox 3465 3761 3697 3840; x_wconf 76' lang='lat' dir='ltr'><strong>quando</strong></span> <span class='ocrx_word' id='word_1_681' title='bbox 3725 3773 3796 3827; x_wconf 84' lang='lat' dir='ltr'><strong>li-</strong></span> 
     </span>
    </p>
   </div>
   <div class='ocr_carea' id='block_1_98' title="bbox 2186 3861 3796 3930">
    <p class='ocr_par' dir='ltr' id='par_1_98' title="bbox 2186 3861 3796 3930">
     <span class='ocr_line' id='line_1_99' title="bbox 2186 3861 3796 3930; baseline 0.001 -14"><span class='ocrx_word' id='word_1_682' title='bbox 2186 3861 2415 3917; x_wconf 88' lang='lat' dir='ltr'><strong>bertatis</strong></span> <span class='ocrx_word' id='word_1_683' title='bbox 2441 3874 2610 3930; x_wconf 89' lang='lat' dir='ltr'><strong>genus</strong></span> <span class='ocrx_word' id='word_1_684' title='bbox 2643 3869 2728 3916; x_wconf 91' lang='lat' dir='ltr'><strong>est</strong></span> <span class='ocrx_word' id='word_1_685' title='bbox 2761 3862 2966 3917; x_wconf 87' lang='lat' dir='ltr'><strong>servire</strong></span> <span class='ocrx_word' id='word_1_686' title='bbox 3013 3862 3232 3916; x_wconf 89' lang='lat' dir='ltr'><strong>rectori.</strong></span> <span class='ocrx_word' id='word_1_687' title='bbox 3266 3861 3614 3930; x_wconf 82' lang='lat' dir='ltr'><strong>Frequenter</strong></span> <span class='ocrx_word' id='word_1_688' title='bbox 3645 3865 3796 3918; x_wconf 86' lang='lat' dir='ltr'><strong>enim</strong></span> 
     </span>
    </p>
   </div>
   <div class='ocr_carea' id='block_1_99' title="bbox 2185 3949 3798 4020">
    <p class='ocr_par' dir='ltr' id='par_1_99' title="bbox 2185 3949 3798 4020">
     <span class='ocr_line' id='line_1_100' title="bbox 2185 3949 3798 4020; baseline 0.002 -16"><span class='ocrx_word' id='word_1_689' title='bbox 2185 3949 2431 4005; x_wconf 88' lang='lat' dir='ltr'><strong>laborum</strong></span> <span class='ocrx_word' id='word_1_690' title='bbox 2476 3950 2742 4020; x_wconf 87' lang='lat' dir='ltr'><strong>patientes</strong></span> <span class='ocrx_word' id='word_1_691' title='bbox 2791 3950 3049 4014; x_wconf 70' lang='lat' dir='ltr'><strong>existunt,</strong></span> <span class='ocrx_word' id='word_1_692' title='bbox 3081 3951 3278 4020; x_wconf 89' lang='lat' dir='ltr'><strong>quibus</strong></span> <span class='ocrx_word' id='word_1_693' title='bbox 3303 3950 3538 4006; x_wconf 86' lang='lat' dir='ltr'><strong>districti</strong></span> <span class='ocrx_word' id='word_1_694' title='bbox 3581 3953 3798 4008; x_wconf 89' lang='lat' dir='ltr'><strong>domini</strong></span> 
     </span>
    </p>
   </div>
   <div class='ocr_carea' id='block_1_100' title="bbox 2185 4041 3802 4114">
    <p class='ocr_par' dir='ltr' id='par_1_100' title="bbox 2185 4041 3802 4114">
     <span class='ocr_line' id='line_1_101' title="bbox 2185 4041 3802 4114; baseline 0.002 -17"><span class='ocrx_word' id='word_1_695' title='bbox 2185 4043 2322 4097; x_wconf 82' lang='lat' dir='ltr'><strong>colla</strong></span> <span class='ocrx_word' id='word_1_696' title='bbox 2347 4051 2664 4112; x_wconf 88' lang='lat' dir='ltr'><strong>presserunt</strong></span> <span class='ocrx_word' id='word_1_697' title='bbox 2697 4060 2710 4096; x_wconf 91' lang='lat'>:</span> <span class='ocrx_word' id='word_1_698' title='bbox 2741 4041 2814 4097; x_wconf 89' lang='lat' dir='ltr'><strong>ita</strong></span> <span class='ocrx_word' id='word_1_699' title='bbox 2858 4052 3038 4099; x_wconf 90' lang='lat' dir='ltr'><strong>tamen</strong></span> <span class='ocrx_word' id='word_1_700' title='bbox 3069 4052 3128 4098; x_wconf 91' lang='lat' dir='ltr'><strong>ut</strong></span> <span class='ocrx_word' id='word_1_701' title='bbox 3155 4043 3450 4114; x_wconf 88' lang='lat' dir='ltr'><strong>supradicti</strong></span> <span class='ocrx_word' id='word_1_702' title='bbox 3493 4054 3681 4100; x_wconf 69' lang='lat' dir='ltr'><strong>nauta:</strong></span> <span class='ocrx_word' id='word_1_703' title='bbox 3710 4063 3802 4100; x_wconf 89' lang='lat' dir='ltr'><strong>ar-</strong></span> 
     </span>
    </p>
   </div>
   <div class='ocr_carea' id='block_1_101' title="bbox 2185 4133 3794 4208">
    <p class='ocr_par' dir='ltr' id='par_1_101' title="bbox 2185 4133 3794 4208">
     <span class='ocr_line' id='line_1_102' title="bbox 2185 4133 3794 4208; baseline 0.002 -19"><span class='ocrx_word' id='word_1_704' title='bbox 2185 4135 2403 4189; x_wconf 87' lang='lat' dir='ltr'><strong>rharum</strong></span> <span class='ocrx_word' id='word_1_705' title='bbox 2431 4133 2564 4207; x_wconf 85' lang='lat' dir='ltr'><strong>[ed.,</strong></span> <span class='ocrx_word' id='word_1_706' title='bbox 2596 4141 2868 4206; x_wconf 77' lang='lat' dir='ltr'><strong>curarum]</strong></span> <span class='ocrx_word' id='word_1_707' title='bbox 2912 4136 3132 4190; x_wconf 84' lang='lat' dir='ltr'><strong>nomine</strong></span> <span class='ocrx_word' id='word_1_708' title='bbox 3155 4151 3258 4206; x_wconf 86' lang='lat' dir='ltr'><strong>pro</strong></span> <span class='ocrx_word' id='word_1_709' title='bbox 3289 4137 3580 4192; x_wconf 89' lang='lat' dir='ltr'><strong>hominum</strong></span> <span class='ocrx_word' id='word_1_710' title='bbox 3615 4139 3794 4208; x_wconf 89' lang='lat' dir='ltr'><strong>quali-</strong></span> 
     </span>
    </p>
   </div>
   <div class='ocr_carea' id='block_1_102' title="bbox 2186 4225 3801 4286">
    <p class='ocr_par' dir='ltr' id='par_1_102' title="bbox 2186 4225 3801 4286">
     <span class='ocr_line' id='line_1_103' title="bbox 2186 4225 3801 4286; baseline 0.004 -8"><span class='ocrx_word' id='word_1_711' title='bbox 2186 4232 2298 4279; x_wconf 82' lang='lat' dir='ltr'><strong>tate</strong></span> <span class='ocrx_word' id='word_1_712' title='bbox 2347 4225 2502 4280; x_wconf 89' lang='lat' dir='ltr'><strong>binos</strong></span> <span class='ocrx_word' id='word_1_713' title='bbox 2548 4234 2640 4280; x_wconf 90' lang='lat' dir='ltr'><strong>aut</strong></span> <span class='ocrx_word' id='word_1_714' title='bbox 2667 4227 2840 4281; x_wconf 91' lang='lat' dir='ltr'><strong>trinos</strong></span> <span class='ocrx_word' id='word_1_715' title='bbox 2868 4226 3070 4284; x_wconf 90' lang='lat' dir='ltr'><strong>solidos</strong></span> <span class='ocrx_word' id='word_1_716' title='bbox 3110 4243 3141 4281; x_wconf 89' lang='lat' dir='ltr'><strong>a</strong></span> <span class='ocrx_word' id='word_1_717' title='bbox 3171 4238 3353 4283; x_wconf 87' lang='lat' dir='ltr'><strong>nostra</strong></span> <span class='ocrx_word' id='word_1_718' title='bbox 3393 4228 3639 4284; x_wconf 87' lang='lat' dir='ltr'><strong>debeant</strong></span> <span class='ocrx_word' id='word_1_719' title='bbox 3668 4231 3801 4286; x_wconf 85' lang='lat' dir='ltr'><strong>sede</strong></span> 
     </span>
    </p>
   </div>
   <div class='ocr_carea' id='block_1_103' title="bbox 2187 4317 3801 4388">
    <p class='ocr_par' dir='ltr' id='par_1_103' title="bbox 2187 4317 3801 4388">
     <span class='ocr_line' id='line_1_104' title="bbox 2187 4317 3801 4388; baseline 0.001 -18"><span class='ocrx_word' id='word_1_720' title='bbox 2187 4317 2505 4387; x_wconf 88' lang='lat' dir='ltr'><strong>percipere;</strong></span> <span class='ocrx_word' id='word_1_721' title='bbox 2536 4327 2804 4386; x_wconf 83' lang='lat' dir='ltr'><strong>quatenus</strong></span> <span class='ocrx_word' id='word_1_722' title='bbox 2834 4319 3204 4388; x_wconf 88' lang='lat' dir='ltr'><strong>unusquisque</strong></span> <span class='ocrx_word' id='word_1_723' title='bbox 3238 4335 3361 4375; x_wconf 92' lang='lat' dir='ltr'><strong>cum</strong></span> <span class='ocrx_word' id='word_1_724' title='bbox 3393 4320 3559 4374; x_wconf 89' lang='lat' dir='ltr'><strong>fuerit</strong></span> <span class='ocrx_word' id='word_1_725' title='bbox 3602 4320 3801 4376; x_wconf 54' lang='lat' dir='ltr'><strong>admu-</strong></span> 
     </span>
    </p>
   </div>
   <div class='ocr_carea' id='block_1_104' title="bbox 2187 4411 3799 4482">
    <p class='ocr_par' dir='ltr' id='par_1_104' title="bbox 2187 4411 3799 4482">
     <span class='ocr_line' id='line_1_105' title="bbox 2187 4411 3799 4482; baseline 0.002 -15"><span class='ocrx_word' id='word_1_726' title='bbox 2187 4411 2353 4478; x_wconf 88' lang='lat' dir='ltr'><strong>nitus,</strong></span> <span class='ocrx_word' id='word_1_727' title='bbox 2385 4420 2605 4482; x_wconf 87' lang='lat' dir='ltr'><strong>paratus</strong></span> <span class='ocrx_word' id='word_1_728' title='bbox 2641 4412 2841 4468; x_wconf 89' lang='lat' dir='ltr'><strong>debeat</strong></span> <span class='ocrx_word' id='word_1_729' title='bbox 2881 4411 3130 4468; x_wconf 89' lang='lat' dir='ltr'><strong>inveniri.</strong></span> <span class='ocrx_word' id='word_1_730' title='bbox 3176 4411 3488 4469; x_wconf 75' lang='lat' dir='ltr'><strong>Piscatores</strong></span> <span class='ocrx_word' id='word_1_731' title='bbox 3514 4429 3656 4472; x_wconf 90' lang='lat' dir='ltr'><strong>vero</strong></span> <span class='ocrx_word' id='word_1_732' title='bbox 3688 4433 3799 4470; x_wconf 88' lang='lat' dir='ltr'><strong>non</strong></span> 
     </span>
    </p>
   </div>
   <div class='ocr_carea' id='block_1_105' title="bbox 2189 4702 3786 4771">
    <p class='ocr_par' dir='ltr' id='par_1_105' title="bbox 2189 4702 3786 4771">
     <span class='ocr_line' id='line_1_106' title="bbox 2189 4702 3786 4771; baseline 0.002 -13"><span class='ocrx_word' id='word_1_733' title='bbox 2189 4704 2281 4758; x_wconf 90' lang='lat' dir='ltr'><strong>tali</strong></span> <span class='ocrx_word' id='word_1_734' title='bbox 2315 4704 2591 4758; x_wconf 82' lang='lat' dir='ltr'><strong>hominum</strong></span> <span class='ocrx_word' id='word_1_735' title='bbox 2621 4702 2930 4758; x_wconf 86' lang='lat' dir='ltr'><strong>conditione</strong></span> <span class='ocrx_word' id='word_1_736' title='bbox 2955 4719 3018 4760; x_wconf 91' lang='lat' dir='ltr'><strong>ac</strong></span> <span class='ocrx_word' id='word_1_737' title='bbox 3047 4703 3186 4771; x_wconf 87' lang='lat' dir='ltr'><strong>lege,</strong></span> <span class='ocrx_word' id='word_1_738' title='bbox 3237 4705 3331 4758; x_wconf 89' lang='lat' dir='ltr'><strong>sed</strong></span> <span class='ocrx_word' id='word_1_739' title='bbox 3357 4702 3634 4770; x_wconf 72' lang='lat' dir='ltr'><strong>singulari</strong></span> <span class='ocrx_word' id='word_1_740' title='bbox 3655 4703 3715 4760; x_wconf 92' lang='lat' dir='ltr'><strong>di</strong></span> <span class='ocrx_word' id='word_1_741' title='bbox 3737 4711 3786 4760; x_wconf 63' lang='grc' dir='ltr'><strong>κ’</strong></span> 
     </span>
    </p>
   </div>
   <div class='ocr_carea' id='block_1_106' title="bbox 2189 4773 3455 4896">
    <p class='ocr_par' dir='ltr' id='par_1_106' title="bbox 2189 4773 3455 4896">
     <span class='ocr_line' id='line_1_107' title="bbox 2189 4773 3455 4896; baseline 0 -68"><span class='ocrx_word' id='word_1_742' title='bbox 2189 4791 2366 4896; x_wconf 48' lang='lat' dir='ltr'><strong>noxio</strong></span> <span class='ocrx_word' id='word_1_743' title='bbox 2384 4775 2503 4841; x_wconf 85' lang='lat' dir='ltr'><strong>jure</strong></span> <span class='ocrx_word' id='word_1_744' title='bbox 2533 4775 2884 4843; x_wconf 84' lang='lat' dir='ltr'><strong>imperatores</strong></span> <span class='ocrx_word' id='word_1_745' title='bbox 2910 4783 3255 4829; x_wconf 87' lang='lat' dir='ltr'><strong>censeantur.</strong></span> <span class='ocrx_word' id='word_1_746' title='bbox 3283 4773 3455 4827; x_wconf 73' lang='lat' dir='ltr'><strong>Fons.</strong></span> 
     </span>
     <span class='ocr_line' id='line_1_108' title="bbox 2303 4844 3455 4896; baseline 0 0"><span class='ocrx_word' id='word_1_747' title='bbox 2303 4844 2659 4896; x_wconf 69' lang='lat' dir='ltr'><strong>&quot;ternitatem.</strong></span> <span class='ocrx_word' id='word_1_748' title='bbox 2689 4845 2876 4896; x_wconf 88' lang='lat' dir='ltr'><strong>altaria</strong></span> <span class='ocrx_word' id='word_1_749' title='bbox 2905 4853 2962 4896; x_wconf 86' lang='lat' dir='ltr'><strong>et</strong></span> <span class='ocrx_word' id='word_1_750' title='bbox 2990 4860 3188 4896; x_wconf 89' lang='lat' dir='ltr'><strong>numen</strong></span> <span class='ocrx_word' id='word_1_751' title='bbox 3216 4845 3455 4896; x_wconf 84' lang='lat' dir='ltr'><strong>nrincinu</strong></span> 
     </span>
    </p>
   </div>
   <div class='ocr_carea' id='block_1_107' title="bbox 2303 4844 3797 4914">
    <p class='ocr_par' dir='ltr' id='par_1_107' title="bbox 2303 4844 3797 4914">
     <span class='ocr_line' id='line_1_109' title="bbox 2303 4844 3797 4914; baseline 0.001 -18"><span class='ocrx_word' id='word_1_752' title='bbox 2303 4844 2659 4914; x_wconf 67' lang='lat' dir='ltr'><strong>Sternitatem,</strong></span> <span class='ocrx_word' id='word_1_753' title='bbox 2689 4845 2876 4898; x_wconf 87' lang='lat' dir='ltr'><strong>altaria</strong></span> <span class='ocrx_word' id='word_1_754' title='bbox 2905 4853 2962 4898; x_wconf 90' lang='lat' dir='ltr'><strong>et</strong></span> <span class='ocrx_word' id='word_1_755' title='bbox 2990 4860 3188 4899; x_wconf 90' lang='lat' dir='ltr'><strong>numen</strong></span> <span class='ocrx_word' id='word_1_756' title='bbox 3216 4845 3522 4914; x_wconf 82' lang='lat' dir='ltr'><strong>principum</strong></span> <span class='ocrx_word' id='word_1_757' title='bbox 3571 4846 3797 4901; x_wconf 84' lang='lat' dir='ltr'><strong>notavit</strong></span> 
     </span>
    </p>
   </div>
   <div class='ocr_carea' id='block_1_108' title="bbox 2185 4912 3450 4984">
    <p class='ocr_par' dir='ltr' id='par_1_108' title="bbox 2185 4912 3450 4984">
     <span class='ocr_line' id='line_1_110' title="bbox 2185 4912 3450 4984; baseline -0.002 -16"><span class='ocrx_word' id='word_1_758' title='bbox 2185 4912 2447 4984; x_wconf 77' lang='lat' dir='ltr'><strong>D._Jurct.</strong></span> <span class='ocrx_word' id='word_1_759' title='bbox 2481 4915 2546 4967; x_wconf 90' lang='lat' dir='ltr'><strong>ad</strong></span> <span class='ocrx_word' id='word_1_760' title='bbox 2572 4913 2972 4984; x_wconf 83' lang='lat' dir='ltr'><strong>Symmachum.</strong></span> <span class='ocrx_word' id='word_1_761' title='bbox 3009 4912 3324 4984; x_wconf 60' lang='lat' dir='ltr'><strong>lib._iv,1ep.</strong></span> <span class='ocrx_word' id='word_1_762' title='bbox 3361 4912 3450 4984; x_wconf 56' lang='lat' dir='ltr'><strong>5d.</strong></span> 
     </span>
    </p>
   </div>
   <div class='ocr_carea' id='block_1_109' title="bbox 2254 4982 3798 5049">
    <p class='ocr_par' dir='ltr' id='par_1_109' title="bbox 2254 4982 3798 5049">
     <span class='ocr_line' id='line_1_111' title="bbox 2254 4982 3798 5049; baseline 0.001 -13"><span class='ocrx_word' id='word_1_763' title='bbox 2254 4982 2280 5021; x_wconf 76' lang='grc' dir='ltr'><strong><em>ἀ</em></strong></span> <span class='ocrx_word' id='word_1_764' title='bbox 2313 4982 2803 5038; x_wconf 70' lang='grc' dir='ltr'><strong>υτοηιοιιρε”ιιειγθε</strong></span> <span class='ocrx_word' id='word_1_765' title='bbox 2832 4993 2977 5049; x_wconf 90' lang='lat' dir='ltr'><strong>sunt,</strong></span> <span class='ocrx_word' id='word_1_766' title='bbox 3025 4993 3084 5037; x_wconf 91' lang='lat' dir='ltr'><strong>ut</strong></span> <span class='ocrx_word' id='word_1_767' title='bbox 3112 4982 3328 5038; x_wconf 85' lang='lat' dir='ltr'><strong>Ethicus</strong></span> <span class='ocrx_word' id='word_1_768' title='bbox 3371 4983 3554 5038; x_wconf 83' lang='lat' dir='ltr'><strong>ll&#39;ster</strong></span> <span class='ocrx_word' id='word_1_769' title='bbox 3601 4986 3798 5040; x_wconf 84' lang='lat' dir='ltr'><strong>scribit</strong></span> 
     </span>
    </p>
   </div>
   <div class='ocr_carea' id='block_1_110' title="bbox 2183 5052 3797 5122">
    <p class='ocr_par' dir='ltr' id='par_1_110' title="bbox 2183 5052 3797 5122">
     <span class='ocr_line' id='line_1_112' title="bbox 2183 5052 3797 5122; baseline 0 -16"><span class='ocrx_word' id='word_1_770' title='bbox 2183 5053 2276 5108; x_wconf 90' lang='lat' dir='ltr'><strong>lib.</strong></span> <span class='ocrx_word' id='word_1_771' title='bbox 2294 5070 2347 5109; x_wconf 82' lang='grc' dir='ltr'><strong>ν.</strong></span> <span class='ocrx_word' id='word_1_772' title='bbox 2363 5053 2560 5107; x_wconf 83' lang='lat' dir='ltr'><strong>liarum</strong></span> <span class='ocrx_word' id='word_1_773' title='bbox 2585 5062 2642 5106; x_wconf 88' lang='lat' dir='ltr'><strong>ut</strong></span> <span class='ocrx_word' id='word_1_774' title='bbox 2660 5054 2725 5107; x_wconf 88' lang='lat' dir='ltr'><strong>ad</strong></span> <span class='ocrx_word' id='word_1_775' title='bbox 2747 5069 2861 5108; x_wconf 89' lang='lat' dir='ltr'><strong>rem</strong></span> <span class='ocrx_word' id='word_1_776' title='bbox 2880 5052 3282 5108; x_wconf 79' lang='lat' dir='ltr'><strong>frumentariam</strong></span> <span class='ocrx_word' id='word_1_777' title='bbox 3312 5061 3564 5122; x_wconf 80' lang='lat' dir='ltr'><strong>aptarunt</strong></span> <span class='ocrx_word' id='word_1_778' title='bbox 3592 5059 3797 5109; x_wconf 88' lang='lat' dir='ltr'><strong>memi-</strong></span> 
     </span>
    </p>
   </div>
   <div class='ocr_carea' id='block_1_111' title="bbox 2183 5123 3798 5191">
    <p class='ocr_par' dir='ltr' id='par_1_111' title="bbox 2183 5123 3798 5191">
     <span class='ocr_line' id='line_1_113' title="bbox 2183 5123 3798 5191; baseline 0.001 -13"><span class='ocrx_word' id='word_1_779' title='bbox 2183 5125 2264 5178; x_wconf 89' lang='lat' dir='ltr'><strong>nit</strong></span> <span class='ocrx_word' id='word_1_780' title='bbox 2289 5124 2376 5179; x_wconf 92' lang='lat' dir='ltr'><strong>hic</strong></span> <span class='ocrx_word' id='word_1_781' title='bbox 2401 5123 2772 5186; x_wconf 73' lang='lat' dir='ltr'><strong>Caesindorus,</strong></span> <span class='ocrx_word' id='word_1_782' title='bbox 2806 5137 2837 5176; x_wconf 90' lang='lat' dir='ltr'><strong>a</strong></span> <span class='ocrx_word' id='word_1_783' title='bbox 2865 5126 3061 5191; x_wconf 90' lang='lat' dir='ltr'><strong>quibus</strong></span> <span class='ocrx_word' id='word_1_784' title='bbox 3087 5135 3141 5178; x_wconf 89' lang='lat' dir='ltr'><strong>et</strong></span> <span class='ocrx_word' id='word_1_785' title='bbox 3167 5123 3503 5181; x_wconf 80' lang='lat' dir='ltr'><strong>dromon-arii</strong></span> <span class='ocrx_word' id='word_1_786' title='bbox 3561 5126 3798 5180; x_wconf 85' lang='lat' dir='ltr'><strong>navicu—</strong></span> 
     </span>
    </p>
   </div>
   <div class='ocr_carea' id='block_1_112' title="bbox 2182 5191 3798 5262">
    <p class='ocr_par' dir='ltr' id='par_1_112' title="bbox 2182 5191 3798 5262">
     <span class='ocr_line' id='line_1_114' title="bbox 2182 5191 3798 5262; baseline 0.002 -17"><span class='ocrx_word' id='word_1_787' title='bbox 2182 5191 2300 5248; x_wconf 80' lang='lat' dir='ltr'><strong>larii</strong></span> <span class='ocrx_word' id='word_1_788' title='bbox 2355 5195 2500 5248; x_wconf 88' lang='lat' dir='ltr'><strong>dicti.</strong></span> <span class='ocrx_word' id='word_1_789' title='bbox 2561 5192 2629 5246; x_wconf 89' lang='lat' dir='ltr'><strong>Et</strong></span> <span class='ocrx_word' id='word_1_790' title='bbox 2675 5191 2969 5262; x_wconf 85' lang='lat' dir='ltr'><strong>Procopius</strong></span> <span class='ocrx_word' id='word_1_791' title='bbox 3001 5196 3091 5248; x_wconf 87' lang='lat' dir='ltr'><strong>lib.</strong></span> <span class='ocrx_word' id='word_1_792' title='bbox 3125 5209 3180 5248; x_wconf 91' lang='grc' dir='ltr'><strong>ιιι</strong></span> <span class='ocrx_word' id='word_1_793' title='bbox 3211 5195 3276 5247; x_wconf 84' lang='lat' dir='ltr'><strong>de</strong></span> <span class='ocrx_word' id='word_1_794' title='bbox 3321 5193 3471 5248; x_wconf 88' lang='lat' dir='ltr'><strong>Bello</strong></span> <span class='ocrx_word' id='word_1_795' title='bbox 3515 5192 3798 5258; x_wconf 86' lang='lat' dir='ltr'><strong>Gothico;</strong></span> 
     </span>
    </p>
   </div>
   <div class='ocr_carea' id='block_1_113' title="bbox 2183 5262 3798 5334">
    <p class='ocr_par' dir='ltr' id='par_1_113' title="bbox 2183 5262 3798 5334">
     <span class='ocr_line' id='line_1_115' title="bbox 2183 5262 3798 5334; baseline 0.001 -18"><span class='ocrx_word' id='word_1_796' title='bbox 2183 5263 2368 5318; x_wconf 72' lang='lat' dir='ltr'><strong>Isidor.</strong></span> <span class='ocrx_word' id='word_1_797' title='bbox 2403 5264 2490 5318; x_wconf 78' lang='lat' dir='ltr'><strong>lib.</strong></span> <span class='ocrx_word' id='word_1_798' title='bbox 2520 5280 2571 5318; x_wconf 73' lang='lat' dir='ltr'><strong>ix</strong></span> <span class='ocrx_word' id='word_1_799' title='bbox 2607 5262 2862 5334; x_wconf 78' lang='lat' dir='ltr'><strong>Elymol.,</strong></span> <span class='ocrx_word' id='word_1_800' title='bbox 2887 5279 3004 5334; x_wconf 87' lang='lat' dir='ltr'><strong>cap.</strong></span> <span class='ocrx_word' id='word_1_801' title='bbox 3043 5264 3092 5327; x_wconf 81' lang='grc'><strong>1,</strong></span> <span class='ocrx_word' id='word_1_802' title='bbox 3127 5267 3420 5317; x_wconf 89' lang='lat' dir='ltr'><strong>dromoncs</strong></span> <span class='ocrx_word' id='word_1_803' title='bbox 3449 5263 3657 5332; x_wconf 82' lang='lat' dir='ltr'><strong>longas</strong></span> <span class='ocrx_word' id='word_1_804' title='bbox 3701 5281 3798 5318; x_wconf 89' lang='lat' dir='ltr'><strong>na-</strong></span> 
     </span>
    </p>
   </div>
   <div class='ocr_carea' id='block_1_114' title="bbox 2182 5333 3799 5402">
    <p class='ocr_par' dir='ltr' id='par_1_114' title="bbox 2182 5333 3799 5402">
     <span class='ocr_line' id='line_1_116' title="bbox 2182 5333 3799 5402; baseline -0.001 -14"><span class='ocrx_word' id='word_1_805' title='bbox 2182 5349 2276 5388; x_wconf 90' lang='lat' dir='ltr'><strong>ves</strong></span> <span class='ocrx_word' id='word_1_806' title='bbox 2305 5343 2460 5388; x_wconf 85' lang='lat' dir='ltr'><strong>vocat</strong></span> <span class='ocrx_word' id='word_1_807' title='bbox 2495 5353 2507 5386; x_wconf 91' lang='lat'>:</span> <span class='ocrx_word' id='word_1_808' title='bbox 2548 5333 2687 5402; x_wconf 74' lang='lat' dir='ltr'><strong>qum,</strong></span> <span class='ocrx_word' id='word_1_809' title='bbox 2733 5333 2987 5402; x_wconf 88' lang='lat' dir='ltr'><strong>quoniam</strong></span> <span class='ocrx_word' id='word_1_810' title='bbox 3019 5334 3154 5401; x_wconf 72' lang='lat' dir='ltr'><strong>fug-.13</strong></span> <span class='ocrx_word' id='word_1_811' title='bbox 3180 5334 3470 5402; x_wconf 87' lang='lat' dir='ltr'><strong>eursuique</strong></span> <span class='ocrx_word' id='word_1_812' title='bbox 3523 5346 3799 5402; x_wconf 84' lang='lat' dir='ltr'><strong>opportu-</strong></span> 
     </span>
    </p>
   </div>
   <div class='ocr_carea' id='block_1_115' title="bbox 2185 5403 3794 5473">
    <p class='ocr_par' dir='ltr' id='par_1_115' title="bbox 2185 5403 3794 5473">
     <span class='ocr_line' id='line_1_117' title="bbox 2185 5403 3794 5473; baseline -0.001 -17"><span class='ocrx_word' id='word_1_813' title='bbox 2185 5405 2364 5458; x_wconf 82' lang='lat' dir='ltr'><strong>niores</strong></span> <span class='ocrx_word' id='word_1_814' title='bbox 2403 5413 2546 5466; x_wconf 89' lang='lat' dir='ltr'><strong>sunt,</strong></span> <span class='ocrx_word' id='word_1_815' title='bbox 2598 5407 2698 5458; x_wconf 77' lang='grc' dir='ltr'><strong>απὸ</strong></span> <span class='ocrx_word' id='word_1_816' title='bbox 2729 5409 2820 5457; x_wconf 79' lang='grc' dir='ltr'><strong>τοῦ</strong></span> <span class='ocrx_word' id='word_1_817' title='bbox 2876 5405 3068 5473; x_wconf 63' lang='grc' dir='ltr'><strong>δρόμου</strong></span> <span class='ocrx_word' id='word_1_818' title='bbox 3116 5404 3272 5473; x_wconf 65' lang='lat' dir='ltr'><strong>dicta:</strong></span> <span class='ocrx_word' id='word_1_819' title='bbox 3313 5405 3590 5473; x_wconf 68' lang='lat' dir='ltr'><strong>videntur,</strong></span> <span class='ocrx_word' id='word_1_820' title='bbox 3637 5403 3794 5473; x_wconf 64' lang='lat' dir='ltr'><strong>quasi</strong></span> 
     </span>
    </p>
   </div>
   <div class='ocr_carea' id='block_1_116' title="bbox 2179 5471 3795 5543">
    <p class='ocr_par' dir='ltr' id='par_1_116' title="bbox 2179 5471 3795 5543">
     <span class='ocr_line' id='line_1_118' title="bbox 2179 5471 3795 5543; baseline -0.002 -16"><span class='ocrx_word' id='word_1_821' title='bbox 2179 5475 2484 5528; x_wconf 67' lang='lat' dir='ltr'><strong>cursuarim.</strong></span> <span class='ocrx_word' id='word_1_822' title='bbox 2508 5473 2614 5527; x_wconf 80' lang='lat' dir='ltr'><strong>Jul.</strong></span> <span class='ocrx_word' id='word_1_823' title='bbox 2659 5473 2848 5543; x_wconf 76' lang='lat' dir='ltr'><strong>Pollux</strong></span> <span class='ocrx_word' id='word_1_824' title='bbox 2875 5471 3156 5526; x_wconf 77' lang='lat' dir='ltr'><strong>Oiioninsl.</strong></span> <span class='ocrx_word' id='word_1_825' title='bbox 3201 5472 3269 5543; x_wconf 82' lang='lat' dir='ltr'><strong>ad</strong></span> <span class='ocrx_word' id='word_1_826' title='bbox 3299 5471 3596 5526; x_wconf 72' lang='lat' dir='ltr'><strong>Commod.</strong></span> <span class='ocrx_word' id='word_1_827' title='bbox 3633 5471 3795 5543; x_wconf 82' lang='lat' dir='ltr'><strong>iiup.,</strong></span> 
     </span>
    </p>
   </div>
   <div class='ocr_carea' id='block_1_117' title="bbox 2180 5542 3793 5616">
    <p class='ocr_par' dir='ltr' id='par_1_117' title="bbox 2180 5542 3793 5616">
     <span class='ocr_line' id='line_1_119' title="bbox 2180 5542 3793 5616; baseline -0.001 -20"><span class='ocrx_word' id='word_1_828' title='bbox 2180 5544 2670 5616; x_wconf 68' lang='lat' dir='ltr'><strong>lmlcadasvocavit</strong></span> <span class='ocrx_word' id='word_1_829' title='bbox 2693 5559 2715 5616; x_wconf 87' lang='lat'><strong>;_</strong></span> <span class='ocrx_word' id='word_1_830' title='bbox 2735 5542 3044 5610; x_wconf 82' lang='lat' dir='ltr'><strong>Fulgentius</strong></span> <span class='ocrx_word' id='word_1_831' title='bbox 3067 5559 3193 5596; x_wconf 86' lang='lat' dir='ltr'><strong>vero</strong></span> <span class='ocrx_word' id='word_1_832' title='bbox 3221 5542 3481 5616; x_wconf 57' lang='grc' dir='ltr'><strong>δραμάτδηγ</strong></span> <span class='ocrx_word' id='word_1_833' title='bbox 3508 5542 3793 5616; x_wconf 72' lang='lat' dir='ltr'><strong>lembum;</strong></span> 
     </span>
    </p>
   </div>
   <div class='ocr_carea' id='block_1_118' title="bbox 2180 5613 3794 5681">
    <p class='ocr_par' dir='ltr' id='par_1_118' title="bbox 2180 5613 3794 5681">
     <span class='ocr_line' id='line_1_120' title="bbox 2180 5613 3794 5681; baseline -0.001 -16"><span class='ocrx_word' id='word_1_834' title='bbox 2180 5613 2274 5666; x_wconf 86' lang='lat' dir='ltr'><strong>sed</strong></span> <span class='ocrx_word' id='word_1_835' title='bbox 2303 5623 2360 5668; x_wconf 89' lang='lat' dir='ltr'><strong>et</strong></span> <span class='ocrx_word' id='word_1_836' title='bbox 2408 5613 2756 5681; x_wconf 63' lang='lat' dir='ltr'><strong>lllosihopulo</strong></span> <span class='ocrx_word' id='word_1_837' title='bbox 2807 5616 2908 5672; x_wconf 75' lang='grc' dir='ltr'><strong>0ωή</strong></span> <span class='ocrx_word' id='word_1_838' title='bbox 2950 5621 3104 5676; x_wconf 69' lang='grc' dir='ltr'>ναῡςς</span> <span class='ocrx_word' id='word_1_839' title='bbox 3157 5613 3354 5666; x_wconf 81' lang='lat' dir='ltr'><strong>usitata</strong></span> <span class='ocrx_word' id='word_1_840' title='bbox 3405 5613 3576 5666; x_wconf 78' lang='lat' dir='ltr'><strong>etiim</strong></span> <span class='ocrx_word' id='word_1_841' title='bbox 3608 5614 3794 5666; x_wconf 84' lang='lat' dir='ltr'><strong>nautis</strong></span> 
     </span>
    </p>
   </div>
   <div class='ocr_carea' id='block_1_119' title="bbox 2181 5681 3793 5806">
    <p class='ocr_par' dir='ltr' id='par_1_119' title="bbox 2181 5681 3793 5806">
     <span class='ocr_line' id='line_1_121' title="bbox 2181 5681 3793 5806; baseline 0.004 -74"><span class='ocrx_word' id='word_1_842' title='bbox 2181 5682 2408 5806; x_wconf 52' lang='grc' dir='ltr'><strong>ἒιὶςρινὲη</strong></span> <span class='ocrx_word' id='word_1_843' title='bbox 2441 5694 2680 5738; x_wconf 84' lang='lat' dir='ltr'><strong>nostrum</strong></span> <span class='ocrx_word' id='word_1_844' title='bbox 2710 5683 3077 5738; x_wconf 87' lang='lat' dir='ltr'><strong>accolentibus</strong></span> <span class='ocrx_word' id='word_1_845' title='bbox 3107 5698 3262 5746; x_wconf 88' lang='lat' dir='ltr'><strong>voce,</strong></span> <span class='ocrx_word' id='word_1_846' title='bbox 3299 5681 3482 5748; x_wconf 86' lang='lat' dir='ltr'><strong>Toue;</strong></span> <span class='ocrx_word' id='word_1_847' title='bbox 3537 5688 3694 5757; x_wconf 64' lang='grc' dir='ltr'><em>παρὰ</em></span> <span class='ocrx_word' id='word_1_848' title='bbox 3739 5689 3793 5738; x_wconf 75' lang='grc' dir='ltr'><strong>τὸ</strong></span> 
     </span>
     <span class='ocr_line' id='line_1_122' title="bbox 2212 5763 2504 5806; baseline 0 0"><span class='ocrx_word' id='word_1_849' title='bbox 2212 5763 2303 5806; x_wconf 61' lang='grc' dir='ltr'>εἰν.</span> <span class='ocrx_word' id='word_1_850' title='bbox 2382 5770 2504 5806; x_wconf 70' lang='lat' dir='ltr'><strong>oux.</strong></span> 
     </span>
    </p>
   </div>
   <div class='ocr_carea' id='block_1_120' title="bbox 2180 5753 2504 5808">
    <p class='ocr_par' dir='ltr' id='par_1_120' title="bbox 2180 5753 2504 5808">
     <span class='ocr_line' id='line_1_123' title="bbox 2180 5753 2504 5808; baseline 0.006 -2"><span class='ocrx_word' id='word_1_851' title='bbox 2180 5757 2303 5808; x_wconf 67' lang='grc' dir='ltr'><strong>Οςίν.</strong></span> <span class='ocrx_word' id='word_1_852' title='bbox 2337 5753 2504 5808; x_wconf 66' lang='lat' dir='ltr'><strong>Fons.</strong></span> 
     </span>
    </p>
   </div>
   <div class='ocr_carea' id='block_1_121' title="bbox 3904 5145 3912 5673">
    <p class='ocr_par' dir='ltr' id='par_1_121' title="bbox 3904 5553 3907 5673">
     <span class='ocr_line' id='line_1_124' title="bbox 3904 5553 3907 5673; baseline 0 0"><span class='ocrx_word' id='word_1_853' title='bbox 3904 5553 3907 5673; x_wconf 73' lang='grc'><strong><em>4</em></strong></span> 
     </span>
    </p>
   </div>
  </div>
