3974 6384
205 387 312 442 657

1532 393 1888 448 VAIIIAIIU'M
1918 393 2120 447 LIBER
2159 396 2217 450 ι’.

3402 402 3508 458 [58

204 506 458 576 iubemus
504 505 557 560 in
599 505 702 560 hac
725 503 1038 562 deﬁnitione
1083 507 1361 574 concludi,
1393 509 1517 579 quia
1558 508 1804 563 dolenter
1834 520 1879 574 Α
1911 510 2031 564 bem
2061 509 2425 564 Ravennatem
2471 517 2818 584 congregatio
2866 518 3081 574 navium
3131 527 3326 576 cuncta
3376 534 3509 574 con-

206 597 491 662 amittitur,
545 599 638 668 qui
669 597 740 652 ad
782 599 1150 669 procurandus
1198 599 1421 655 delicias
1475 601 1804 671 possidetur,

207 687 430 758 quando
467 695 526 743 et
561 689 734 744 altera
772 690 1110 744 consuetudo
1141 698 1225 744 est
1245 691 1420 744 ventis
1461 690 1809 744 smvientibus

209 795 522 848 occurrere,
552 789 610 836 et
634 781 813 835 littora
837 779 1047 851 piscosa
1072 781 1306 836 sulcare.

736 911 1073 968 EPISTULA
1109 912 1272 968 XVII.

247 1019 583 1059 ABUNDANTIO
611 1020 905 1062 PREFECTO
930 1021 1209 1060 PBETORIO
1237 1019 1606 1060 TBEODORICUS
1643 1021 1770 1060 REX.

215 1094 378 1148 Illam
415 1095 598 1150 laudat
637 1099 700 1151 ob
746 1097 970 1150 subitam
1016 1097 1224 1150 navium
1273 1099 1726 1159 constructionem,
1760 1106 1810 1150 et

279 1167 427 1238 jubet
457 1175 510 1219 ut
541 1183 629 1219 eas
654 1165 955 1238 Ravennam
980 1169 1170 1230 mittat,
1197 1167 1432 1238 aliasque
1477 1177 1620 1220 curet
1646 1167 1809 1237 {abri-

286 1237 540 1307 mndas;
565 1247 670 1289 tum
713 1236 948 1307 prohibet
991 1239 1264 1307 quominus
1314 1236 1490 1290 nautis
1527 1236 1810 1306 piscatores

288 1308 457 1360 alueos
481 1305 882 1377 Mincii,'0tlii,
933 1305 1336 1377 statuarumque
1379 1305 1654 1376 ﬂuminum
1700 1309 1809 1361 suis

290 1376 617 1445 practudant
644 1377 870 1448 sepibus.

291 1469 559 1524 Alacriter
579 1467 998 1523 incumbendum
1029 1477 1111 1524 est
1133 1468 1418 1536 inchoatis,
1442 1483 1564 1522 cum
1589 1467 1700 1536 jam
1728 1467 1811 1522 vi-

215 1561 416 1616 ciuitas
444 1559 792 1630 perfectionis
837 1561 1080 1616 arriserit
1124 1577 1138 1614 :
1189 1559 1408 1630 quando
1435 1575 1562 1630 spes
1589 1559 1815 1616 effectus

213 1653 439 1708 taedium
471 1652 674 1707 laboris
704 1651 988 1721 excludit,
1041 1659 1098 1708 et
1137 1665 1390 1719 magnum
1431 1667 1602 1722 genus
1630 1651 1817 1706 incita-

218 1745 415 1813 mcnti,
465 1744 690 1801 credere
729 1743 1029 1800 desiderata
1071 1745 1352 1816 compleri.
1400 1744 1613 1800 Dudum
1653 1746 1816 1814 igitur

215 1834 577 1904 magnitudini
597 1843 814 1902 vestrm,
837 1850 906 1891 ex
946 1835 1114 1890 Italiae
1143 1835 1416 1890 littoribus
1455 1835 1632 1892 oﬂicia
1655 1835 1816 1904 jussi-

218 1941 344 1980 Inus
371 1941 677 1996 prmparare
705 1933 1021 1994 nautarum;
1050 1935 1109 1980 ut
1135 1925 1448 1992 dromones,
1479 1939 1618 1996 quos
1661 1927 1817 1981 indu-

217 2015 356 2070 stria
404 2014 673 2070 fabricare
718 2014 1000 2084 valuisset,
1043 2031 1234 2071 manus
1283 2016 1546 2085 remigum
1597 2017 1814 2087 provisa

217 2105 542 2174 susciperet.
592 2103 701 2160 Sed
729 2112 787 2160 tu
827 2104 1031 2174 judicio
1079 2114 1269 2162 nostro
1323 2107 1688 2178 electioniqne
1723 2123 1815 2163 re-

218 2195 498 2266 spondens
528 2195 836 2262 ostendisti,
881 2212 1046 2267 quam
1088 2196 1253 2254 fuerit
1305 2199 1606 2256 indubitata
1635 2200 1817 2272 perle-

219 2288 357 2357 ctio,
389 2287 779 2344 efﬁcacissimis
804 2289 1119 2361 imperasse,
1133 2291 1276 2361 quod
1304 2293 1580 2362 quaeritur.
1607 2293 1819 2350 Renun-

221 2379 329 2436 tias
373 2379 519 2436 illico
553 2381 884 2451 eompletum
919 2391 946 2420 ι
985 2382 1131 2453 quod
1174 2383 1268 2438 vix
1295 2383 1448 2440 credi
1495 2393 1712 2456 poterat
1737 2387 1820 2442 in-

219 2477 507 2540 choatum;
541 2483 600 2530 ut
627 2490 771 2546 pene
807 2485 1012 2547 quanta
1037 2477 1334 2533 velocitate
1375 2479 1620 2548 navigari
1658 2480 1820 2545 solet,

219 2569 558 2626 constructio
587 2572 805 2626 navium
833 2577 984 2625 tanta
1013 2571 1377 2626 sitceleritate
1405 2572 1822 2641 completa.Nec

219 2661 401 2715 solum
431 2662 596 2718 verba
651 2669 868 2716 narrata
918 2670 1047 2716 sunt
1088 2679 1101 2714 :
1153 2661 1395 2716 obtulisti
1425 2664 1597 2718 oculis
1624 2665 1823 2719 nostris

220 2753 406 2808 subito
443 2753 705 2808 classeam
735 2753 925 2807 silvam
956 2753 1259 2818 hominum,
1283 2754 1477 2808 domos
1523 2755 1821 2823 aquatiles,

221 2843 582 2899 exercituales
643 2843 848 2914 pedes,
906 2843 1000 2913 qui
1053 2844 1202 2898 nullo
1276 2843 1464 2900 labore
1525 2843 1824 2913 deﬁciant,

220 2932 320 2988 sed
357 2932 707 2988 inconcussos
755 2932 1004 2988 homines
1049 2932 1117 2986 ad
1171 2932 1438 2987 destinata
1467 2932 1814 3002 perducant:

225 3023 450 3078 trireme
470 3022 780 3078 vehiculum
827 3038 1100 3078 remorum
1145 3033 1350 3080 tantum
1382 3041 1664 3083 numerum
1695 3042 1826 3097 pro-

225 3115 385 3180 dens,
403 3113 498 3168 sed
515 3113 792 3169 hominum
809 3111 973 3170 facies
1013 3115 1298 3184 diligenter
1312 3117 1671 3174 abscondens.
1708 3119 1825 3176 Hoc

223 3206 464 3278 primum
479 3205 1009 3276 instituisselegimus
1036 3208 1394 3276 Argonautas.
1413 3211 1567 3277 Quod
1585 3219 1641 3266 et
1655 3226 1826 3265 arma-

1911 601 2120 667 veniat;
2172 615 2440 672 quatenus
2485 621 2570 659 res
2605 606 2674 661 de
2717 608 2895 663 vicino
2935 609 3039 664 line
3068 610 3385 678 gaudentes,
3438 611 3509 667 ad

1913 691 2282 759 plenissimum
2332 694 2700 764 perducantur
2749 696 3019 753 effectum.
3090 699 3196 754 Sed
3251 703 3505 770 quoniam

1911 781 2230 838 dromonum
2283 801 2583 851 numerum,
2630 787 2856 856 juvante
2913 789 3045 854 Deo,
3097 792 3343 861 cupimus
3387 808 3508 847 am-

1914 873 2104 943 pliari;
2154 875 2198 929 si
2237 891 2342 946 qua
2373 875 2514 944 ligna
2565 877 2782 934 fabricis
2827 894 3017 936 eorum
3063 883 3366 937 necessaria
3413 897 3512 952 per

1914 977 2197 1037 utramque
2220 967 2351 1024 Padi
2381 971 2550 1041 ripam
2580 973 2856 1040 potuerint
2891 973 3141 1038 inveniri,
3189 974 3338 1030 nullo
3363 975 3507 1029 obsi-

1911 1066 2087 1113 stente
2110 1058 2362 1128 jubemus
2407 1061 2631 1124 abscidi,
2685 1063 2811 1131 quia
2853 1063 2970 1117 sine
3000 1063 3309 1133 pnejudicio
3334 1063 3510 1119 domi-

1912 1169 2103 1208 norum
2135 1154 2285 1224 operi
2315 1162 2522 1210 tantum
2553 1155 2808 1225 praesenti
2842 1157 3089 1214 volumus
3115 1156 3352 1227 injuncta
3377 1173 3512 1214 con-

1911 1243 2050 1298 cedi.
2081 1243 2259 1300 Mitta'.
2285 1243 2463 1301 Padus
2493 1253 2680 1300 noster
2703 1245 2982 1316 indigenas
3003 1247 3197 1318 pelago
3223 1262 3422 1314 naves;
3455 1255 3511 1302 et

1913 1337 2079 1400 abies,
2109 1351 2229 1406 qua:
2257 1335 2476 1392 ﬂuentis
2523 1339 2748 1394 amnicis
2795 1339 3001 1394 nutrita
3043 1341 3296 1405 surrexit,
3344 1341 3513 1395 mari-

1912 1441 2100 1480 narum
2125 1441 2382 1496 superare
2405 1427 2652 1483 cumulos
2675 1427 2848 1486 discat
2875 1429 3160 1486 undarum.
3185 1428 3318 1483 Illud
3343 1430 3506 1485 etiam

1913 1530 2241 1587 magnopere
2288 1517 2618 1574 credidimus
2661 1519 3087 1590 aniputandum;
3139 1521 3284 1591 quod
3329 1531 3508 1576 vestra

1916 1603 2029 1662 ﬁeri
2057 1609 2406 1678 suggestione
2435 1611 2801 1680 comperimus
2827 1630 2840 1665 :
2874 1627 2943 1668 ne
2970 1613 3090 1684 quis
3119 1613 3172 1668 in
3201 1613 3512 1670 ﬂuminibus

1916 1699 2202 1768 navigeris,
2251 1699 2477 1755 diversis
2526 1703 2811 1758 territoriis
2853 1705 3176 1770 meantibus,
3227 1705 3281 1759 id
3327 1713 3406 1760 est
3455 1706 3509 1760 in

1916 1788 2136 1858 Mincio,
2183 1787 2342 1853 Ollio,
2390 1789 2617 1857 Ansere,
2648 1790 2814 1856 Arno,
2867 1791 3070 1859 Tiberi,
3119 1793 3312 1850 audeat
3337 1792 3514 1851 ﬂumi-

1851 1885 1891 1942 ιι
1918 1895 2045 1935 unm
2075 1881 2258 1937 alveos
2297 1883 2538 1953 piscandi
2581 1883 2760 1938 studio
2791 1885 3099 1956 turpissima
3126 1901 3256 1957 sepe
3293 1887 3515 1942 conclu-

1915 1971 2117 2039 dereb;
2148 1981 2204 2028 et
2229 1988 2350 2043 qua:
2377 1982 2504 2029 sunt
2528 1983 2874 2046 praesumpta,
2901 1977 3148 2046 protinus
3175 1974 3508 2036 auferantur.

1920 2059 2111 2118 I’ateat
2155 2065 2331 2119 amnis
2368 2065 2422 2120 in
2468 2067 2684 2121 navium
2725 2082 2954 2132 cursus;
3004 2067 3238 2124 sufﬁciat
3279 2070 3515 2130 humano

1917 2153 2189 2208 desiderio
2233 2156 2508 2211 consuetis
2557 2157 2766 2212 artibus
2811 2157 3034 2214 delicias
3075 2175 3318 2229 qumrere
3345 2202 3360 2228 ,
3407 2176 3512 2214 non

1917 2241 2146 2298 artiﬁcio
2178 2243 2318 2317 με..
2339 2243 2668 2317 commento]
2710 2247 2914 2302 rustico
2940 2247 3247 2304 libertatem
3279 2249 3514 2306 ﬂuminis

1921 2333 2182 2404 impedire
2213 2353 2228 2390 :
2261 2352 2349 2403 ne,
2395 2338 2544 2408 quod
2569 2338 2673 2394 dici
2702 2340 2854 2394 nefas
2883 2350 2986 2404 est,
3035 2341 3256 2398 utilitati
3284 2346 3514 2415 publica:

1923 2425 2170 2496 voluptas
2198 2427 2408 2497 privata
2435 2429 2710 2485 obstitisse
2739 2429 3006 2488 videatur.

2439 2555 2778 2614 EPISTOLA
2805 2557 2991 2616 XVIII.

1927 2663 2118 2704 υνιιΑε
2145 2664 2272 2704 νιιιο
2299 2665 2760 2718 ιιιυετιιι,εοιιιτι
2787 2667 3118 2720 ΡΔΤΜΙΟΝΠ,
3149 2670 3514 2714 τηεοοοιιιους

2649 2739 2776 2778 REX.

1927 2809 2121 2887 Scribit
2143 2829 2198 2865 se
2217 2813 2440 2881 jnssisse
2467 2825 2522 2867 ut
2550 2825 2720 2868 nauta:
2758 2829 3114 2887 quererentur
3139 2830 3187 2872 et
3221 2817 3516 2874 Ravennam

1995 2883 2356 2960 mitterentur;
2388 2895 2493 2960 tum
2521 2883 2838 2960 praecipitat
2863 2889 2908 2940 si
2939 2903 3053 2958 qua?
3077 2890 3220 2960 ligna
3241 2906 3330 2958 per
3349 2890 3517 2958 ripam

1999 2951 2141 3030 Padi
2151 2952 2486 3030 fabricandis
2514 2951 2849 3030 dromonibus
2871 2951 3011 3030 Δαρία
3039 2951 3194 3012 etiam
3223 2951 3276 3013 in
3306 2951 3518 3030 priediis

1999 3022 2255 3092 regalibus
2282 3023 2633 3092 inreniantur,
2663 3022 2968 3080 abscindere
2993 3045 3056 3082 ea
3084 3030 3258 3083 liceat.

2007 3109 2222 3166 Utilitas
2251 3113 2462 3182 publica
2505 3114 2645 3169 sicut
2686 3115 2754 3168 ad
2789 3117 3254 3172 conservationem
3301 3119 3521 3189 respicit

1931 3203 2192 3270 ninnium,
2242 3203 2314 3258 ita
2343 3205 2502 3260 debet
2539 3206 2727 3276 perlici
2756 3207 2935 3262 Sttldio
2963 3224 3028 3264 ac
3067 3209 3252 3265 labore
3292 3221 3520 3267 cuncto-

229 3297 302 3353 tis
317 3306 595 3377 aptum,_et
617 3312 914 3366 congruum
936 3300 1330 3368 probatur-esse
1357 3303 1732 3368 commerciis;
1765 3310 1826 3358 ut
1854 3273 1899 3334 Ο
1931 3309 2049 3348 Tum
2079 3312 2093 3348 ἓ
2119 3296 2244 3364 (Ιιιία
2294 3309 2500 3365 ιηεεηω
2541 3297 2712 3352 laudis
2755 3299 2972 3353 0003510
3012 3310 3114 3363 est.
3165 3302 3211 3355 Si
3262 3301 3315 3356 in
3357 3319 3520 3358 causa

225 3391 322 3464 qui
336 3391 652 3462 peregrinas
677 3391 882 3446 classes
903 3392 1226 3462 Optabamus
1245 3392 1512 3463 aspicere,
1528 3409 1673 3448 nunc
1696 3394 1826 3448 mit-

224 3491 406 3536 tamus
453 3481 572 3536 aliis
622 3481 910 3552 provinciis
939 3482 1046 3552 35
1097 3491 1154 3536 et
1208 3497 1474 3538 terrorem
1511 3485 1717 3559 pariter
1769 3494 1827 3540 et

221 3569 501 3625 decorem.
551 3569 766 3624 Ornasti
813 3571 1063 3638 rempub.
1118 3581 1212 3626 tua
1277 3571 1616 3630 institutione
1665 3591 1827 3642 repa-

223 3670 424 3715 ratam.
443 3659 559 3715 Non
585 3661 748 3716 habet
771 3661 915 3730 quod
936 3664 1093 3716 nobis
1107 3661 1324 3719 Graecus
1342 3663 1568 3735 imputet
1588 3673 1681 3719 aut
1698 3664 1828 3720 Afer

224 3752 464 3807 insultet.
495 3751 632 3808 Illud
651 3751 791 3822 apud
821 3769 919 3808 nos
943 3753 1104 3807 invidi
1127 3755 1309 3823 vigere
1333 3755 1650 3824 respiciunt,
1675 3756 1821 3811 unde

215 3845 306 3903 illi
327 3860 425 3916 per
451 3859 642 3916 magna
665 3845 839 3918 pretia
858 3861 956 3902 sua
980 3854 1108 3900 vota
1134 3847 1498 3916 complebant.
1515 3845 1668 3901 Nunc
1689 3861 1827 3917 prie-

221 3938 383 3994 dictis
404 3939 564 3993 rebus
592 3945 925 3994 armamenta
962 3945 1274 4008 procurate,
1291 3939 1411 3994 vela
1429 3937 1699 4009 prtecipue
1715 3939 1830 3993 alas

221 4027 445 4082 navium
471 4027 925 4094 facientia,linum
952 4028 1192 4090 volatile,
1208 4027 1428 4097 quidam
1453 4029 1674 4098 spiritus
1696 4043 1824 4109 cur-

222 4119 460 4174 rentium
473 4121 801 4189 carinarum,
813 4121 1116 4190 praenuntia
1131 4122 1411 4188 mercium,
1428 4123 1627 4178 auxilia
1640 4124 1824 4194 quieta

222 4219 516 4267 nautarum
539 4230 552 4266 :
576 4226 807 4282 quorum
831 4211 1095 4268 beneﬂcio
1110 4214 1406 4270 coniiciunt
1420 4217 1600 4278 otiosi,
1615 4216 1758 4286 quod
1790 4232 1822 4271 a

222 4301 527 4358 celerrimis
554 4303 746 4359 avibus
774 4303 862 4358 vix
901 4305 1164 4373 probatur
1197 4305 1426 4378 impleri.
1456 4306 1571 4362 Hoc
1598 4306 1695 4362 Isis
1724 4307 1827 4362 rati

224 4395 402 4467 prima
444 4395 747 4466 suspendit,
799 4410 930 4450 cum.
971 4411 1070 4466 per
1116 4397 1286 4452 maria
1332 4399 1617 4468 Apochran
1659 4399 1825 4454 lilium

221 4501 385 4540 suum
434 4486 626 4542 audaci
675 4487 871 4542 femina
923 4488 1122 4556 pietate
1165 4489 1520 4558 perquireret.
1573 4489 1651 4543 Ita
1698 4490 1826 4544 dum

222 4585 471 4633 materna
499 4577 737 4632 charitas
776 4592 932 4631 suum
961 4575 1282 4632 desiderium
1329 4577 1548 4633 festinat
1583 4579 1822 4648 explere,

1929 3385 2206 3440 communi
2231 3385 2433 3454 al.quid
2461 3387 2805 3456 singulariter
2828 3389 3076 3446 videatur
3117 3390 3348 3462 impleri.
3374 3391 3522 3448 Facit

1929 3474 2072 3528 enim
2103 3475 2244 3530 unde
2269 3477 2682 3532 commendetur
2710 3487 2767 3532 et
2811 3479 3054 3548 reliquis,
3103 3481 3194 3552 qui
3243 3491 3421 3537 tanien
3465 3493 3522 3538 et

1927 3565 2030 3621 sibi
2058 3581 2117 3621 se
2147 3566 2414 3637 profuisse
2439 3570 2738 3638 cognoscit.
2764 3567 2978 3627 Pridem
3005 3573 3168 3643 igitur
3185 3589 3285 3628 nos
3300 3571 3520 3642 iussisse

1930 3658 2247 3727 meministi,
2298 3669 2358 3714 ut
2385 3675 2484 3730 per
2511 3661 2730 3717 domum
2761 3671 3004 3720 nostram
3047 3665 3332 3735 navigandi
3377 3682 3521 3737 quaa-

1929 3757 2181 3804 rerentur
2205 3750 2462 3806 artiﬁces.
2496 3749 2664 3818 Quos,
2702 3752 2816 3808 Deo
2843 3755 3158 3820 auxiliante,
3191 3757 3438 3826 provisus
3458 3741 3548 3814 ad,

1931 3833 2303 3892 Ravennatem
2333 3838 2522 3894 urbem
2552 3840 2638 3894 die
2668 3841 2851 3896 iduum
2877 3841 3156 3898 Juniarum
3186 3847 3522 3917 praecipimus

1931 3924 2310 3984 incunctanter
2335 3944 2649 3996 occurrere;
2681 3941 2740 3986 ut
2768 3933 3032 3990 adventus
3055 3950 3244 3991 eorum
3271 3945 3524 3993 constru-

1931 4020 2098 4075 ctioni
2128 4022 2344 4076 navium
2374 4031 2679 4091 opportune
2705 4023 2953 4080 videatur
2979 4025 3159 4081 oﬁ'erri
3188 4044 3203 4081 :
3235 4041 3304 4082 ne
3325 4043 3416 4084 res
3443 4029 3523 4084 di-

1929 4115 2057 4168 visa:
2084 4127 2347 4183 generare
2374 4115 2474 4170 sibi
2508 4115 2793 4172 videantur
2820 4117 3052 4188 aliquam
3079 4119 3420 4187 tarditatem;
3469 4132 3524 4176 et

1929 4221 2122 4275 parum
2165 4207 2237 4260 sit
2265 4223 2427 4261 unam
2475 4204 2760 4278 perﬁcere,
2799 4211 2898 4265 nisi
2928 4213 3206 4282 contingat
3235 4222 3524 4284 utramque

1931 4302 2241 4368 procurare.
2293 4298 2352 4354 Si
2403 4315 2509 4370 qua
2556 4301 2718 4355 etiam
2769 4317 2868 4372 per
2907 4305 3080 4374 ripam
3119 4305 3352 4362 ﬂuminis
3391 4305 3524 4362 Padi

1929 4390 2069 4458 ligna
2111 4390 2440 4446 fabricandis
2465 4400 2588 4462 apta
2615 4391 2970 4450 dromonibus
3011 4395 3066 4450 in
3091 4397 3305 4467 pratdiis
3333 4399 3526 4467 regali-

1929 4483 2030 4536 bus
2049 4482 2330 4552 potuerint
2351 4483 2601 4550 inveniri,
2625 4485 2922 4541 artilicibus
2945 4486 3070 4544 huic
3086 4487 3239 4558 operi
3265 4504 3296 4544 a
3320 4491 3526 4559 magni-

1933 4571 2035 4627 lico
2063 4573 2180 4626 viro
2204 4571 2550 4627 Abundantio
2571 4573 2828 4642 praefecto
2858 4577 3112 4646 primorie
3133 4577 3400 4650 deputatis
3427 4580 3526 4633 ab-

219 4657 429 4724 mundo
457 4669 572 4725 visa
602 4677 686 4725 est
716 4670 898 4738 ignota
926 4684 1192 4726 reserare.
1241 4669 1417 4741 Atque
1467 4672 1608 4737 ideo,
1641 4673 1826 4728 divino
1858 4662 1907 4722 D
1931 4665 2210 4722 scindendi
2257 4666 2328 4720 sit
2356 4666 2618 4736 permissa
2659 4667 2894 4724 Iicentia.
2928 4668 3190 4724 Volumus
3227 4671 3370 4725 enim
3419 4671 3526 4727 hoc

219 4758 385 4813 nobis
407 4759 610 4815 auxilio
638 4758 988 4830 suffragante,
1018 4759 1172 4829 cujus
1192 4761 1406 4818 virtutis
1429 4772 1514 4818 est
1542 4763 1822 4818 hominum

219 4858 351 4904 vota
380 4849 658 4920 perﬁcere,
691 4849 935 4919 proxima
965 4848 1054 4906 die
1089 4851 1274 4907 iduum
1317 4850 1598 4908 Juniarum
1637 4853 1702 4909 ad
1735 4869 1826 4908 ur-

297 5079 322 5106 υ
351 5069 482 5144 'I‘ale
509 5073 758 5144 estquod
789 5073 864 5128 ait
890 5074 1186 5144 imperator
1211 5073 1496 5129 Constant.
1531 5073 1621 5127 lib.
1656 5089 1727 5127 vn
1750 5072 1818 5125 de

217 5143 478 5213 operibus
521 5143 768 5213 publicis.
840 5143 1028 5200 Codex
1075 5143 1348 5200 Theodos.
1394 5144 1645 5200 Monendi
1694 5152 1820 5199 sunt

214 5211 452 5284 indices,
485 5211 593 5268 etc.
624 5213 746 5269 Jun.

295 5281 324 5320 ιι
351 5280 684 5339 Libertatem
728 5283 961 5340 ﬂuminis
1009 5283 1288 5355 impedire.
1334 5283 1552 5338 Prodita
1596 5292 1724 5339 sunt
1764 5285 1819 5340 in

217 5354 506 5426 hancrem
535 5355 912 5426 appetitoribus
937 5354 1249 5426 interdicta,
1281 5370 1350 5410 ne
1379 5355 1703 5426 impediatur
1731 5371 1822 5410 na-

217 5423 423 5495 vigatio
466 5441 506 5495 :_r
533 5423 610 5480 Ne
656 5425 784 5495 quid
831 5425 884 5479 in
929 5423 1150 5480 ﬂumine
1197 5426 1414 5494 publico
1456 5423 1654 5495 'ripave
1702 5425 1820 5492 ejus

215 5493 424 5558 facias;
467 5493 546 5549 Ne
588 5493 718 5564 quid
766 5497 820 5550 in
867 5496 1088 5552 ﬂumine
1135 5493 1371 5566 publico,
1421 5493 1556 5550 neve
1601 5495 1652 5550 in
1703 5499 1817 5566 ripa

215 5567 345 5634 ejus
374 5565 650 5628 immittas,
681 5581 790 5634 quo
819 5567 984 5620 statio
1015 5565 1182 5623 iterVe
1214 5566 1426 5632 navigio
1455 5565 1696 5620 deterior
1723 5565 1814 5631 sit,

216 5633 260 5692 I.
291 5633 348 5706 I,
378 5634 442 5691 Ι).
471 5634 536 5706 de
567 5633 895 5690 ﬂuminibus.
943 5635 1100 5702 Item,
1153 5645 1211 5692 ut
1257 5637 1310 5691 in
1342 5637 1560 5706 ﬂumine
1601 5637 1819 5706 publico

219 5705 481 5774 navigare
506 5705 689 5770 liceat,
724 5707 813 5760 lib.
847 5723 995 5769 XLIII,
1027 5708 1110 5761 tit.
1141 5709 1208 5761 I5
1228 5716 1281 5762 et
1305 5707 1390 5771 14,
1431 5705 1686 5760 Pandect.
1712 5707 1821 5760 Sed

217 5785 279 5831 et
306 5784 548 5848 veterum
582 5785 869 5848 pra‘torum
894 5777 962 5831 de
988 5777 1228 5833 retandis
1249 5777 1558 5832 ﬂuminibus
1580 5777 1821 5848 locandis

218 5847 410 5900 edicta
435 5845 618 5911 refert,
645 5855 698 5900 et
723 5847 1108 5916 interpretatur
1129 5849 1294 5901 Aulus
1315 5848 1454 5902 Gell.
1481 5848 1572 5902 lib.
1603 5864 1672 5911 xi,
1698 5845 1818 5916 cap.

227 5916 323 5971 t7.
354 5916 452 5971 Cui
474 5918 761 5985 respondet
791 5917 1093 5974 institutum
1125 5918 1329 5990 Ligeris
1357 5919 1496 5976 alvei
1539 5919 1822 5988 purgandi.

1931 4760 2238 4830 exemplum
2264 4775 2293 4814 a
2324 4759 2524 4814 nostris
2570 4759 2786 4828 prmdiis
2815 4761 3073 4818 inchoare
3103 4773 3126 4802 ε
3154 4772 3214 4818 ιιι
3241 4764 3372 4818 nulli
3399 4778 3526 4834 gra-

1929 4855 2008 4910 vis
2033 4853 2105 4910 sit
2125 4853 2322 4923 jussio,
2346 4867 2467 4922 qua:
2495 4854 2820 4922 constringit
2845 4864 2900 4910 et
2925 4857 3245 4928 principem.

1921 5071 2064 5141 quod
2087 5071 2494 5127 Aurelianenscs
2518 5073 2736 5135 accolas,
2763 5073 2868 5126 buli
2877 5091 2959 5126 δεῖν
2980 5075 3032 5128 la
3058 5072 3230 5130 Loire.
3267 5073 3438 5131 Fonn.

2001 5155 2022 5181 ε
2053 5143 2312 5196 Volumus
2360 5145 2463 5198 hoc
2503 5145 2812 5213 exemplum
2857 5161 2888 5196 a
2937 5147 3136 5200 nostris
3183 5144 3400 5214 pnediis
3443 5147 3546 5202 ιιι--

1922 5214 2149 5280 choare,
2181 5221 2241 5267 ut
2268 5214 2399 5284 nulli
2445 5216 2663 5282 gravior
2689 5213 2759 5268 sit
2779 5214 2951 5284 jussio
2973 5229 3092 5281 qua!
3119 5213 3441 5284 constringit
3469 5228 3528 5274 et

1921 5283 2244 5358 principem,
2292 5284 2335 5358 I._
2364 5283 2415 5358 4,
2446 5283 2606 5358 C._de
2634 5285 2861 5358 legibus.
2898 5283 3091 5358 Legem
3119 5283 3385 5358 statuens,
3418 5287 3523 5358 legi

1923 5353 1984 5426 se
2013 5354 2278 5426 subjicere
2305 5355 2484 5410 debet.
2518 5355 2724 5410 Seneca
2750 5353 2820 5426 de
2848 5355 3024 5426 legum
3051 5355 3336 5423 latoribus,
3360 5353 3522 5426 epist.

1925 5423 2014 5478 9|.
2041 5423 2313 5480 Ausonius
2341 5441 2408 5480 ex
2440 5426 2686 5480 Pitthaco
2712 5443 2724 5478 :
2749 5423 2949 5479 Pareto
2995 5424 3117 5494 legi,
3170 5423 3414 5493 quisquis
3449 5429 3526 5484 le-

1923 5509 2044 5566 gem
2076 5495 2340 5549 senseris.
2375 5495 2631 5563 Quamvis
2669 5496 2920 5565 princeps
2961 5497 3030 5550 sit
3054 5497 3262 5550 solutus
3290 5497 3519 5566 legibus,

1925 5565 1959 5618 I.
1996 5565 2270 5634 Princeps,
2304 5566 2365 5620 I).
2395 5568 2704 5634 delegibus.
2732 5567 2886 5620 Dion.
2919 5566 3012 5620 lib.
3037 5583 3129 5622 LIII
3161 5585 3174 5620 :
3199 5569 3441 5625 Λέλυνται
3470 5571 3524 5626 δὲ

1924 5645 2026 5690 τῶν
2047 5637 2241 5704 νόμων,
2274 5636 2478 5704 inquit,
2519 5639 2658 5694 τοῦτ’
2686 5637 2830 5693 ἔστιν
2857 5639 3170 5713 ,Λὲλξύθεροι
3209 5642 3313 5694 ἀπὸ
3351 5643 3526 5702 πάσης

1925 5709 2196 5776 ἀναγκαίας
2227 5711 2502 5784 νρμήσετξξ·
2523 5713 2627 5784 εἰσι
2647 5750 2682 5784 ,_
2715 5711 2802 5784 ιιᾳί
2831 5707 3003 5784 οὐδενὶ.
3030 5707 3128 5784 τςῖὲν
3154 5715 3524 5784 ςχξγραμμέιοων

1927 5775 2211 5849 suggerent.
2238 5775 2418 5849 Quare
2445 5777 2840 5849 Theodaliadus
2866 5793 2960 5832 rex
2993 5779 3126 5832 infra
3156 5775 3258 5834 Iib'f
3279 5775 3331 5843 ιζ
3357 5775 3526 5849 epist.

1929 5847 1995 5899 l6
2022 5846 2041 5900 ξ
2069 5846 2202 5918 Cum
2229 5847 2516 5918 possimus,
2547 5847 2737 5915 inquit,
2767 5849 2970 5918 omnia,
3002 5851 3118 5905 sola
3161 5850 3317 5906 nobis
3345 5846 3522 5908 credi-

1929 5934 2047 5974 mus
2076 5916 2240 5974 Iiccre
2267 5917 2554 5974 laudanda.
2599 5919 2768 5974 Fons.
