3974 6398
455 404 560 464 659

985 521 1319 578 EPISTULA
1357 519 1500 575 XIX.

713 651 1012 694 GUDINANDO
1041 649 1214 690 SAJONI
1245 647 1614 689 THEODOBICUS
1643 645 1767 684 REX.

503 728 658 784 Jubet
680 737 734 782 ut
762 727 960 782 collecti
990 742 1164 780 nauta:
1189 725 1489 779 Ravennam
1517 723 1666 776 citius
1693 721 1983 774 mittantur.

528 839 730 910 Maiora
757 839 858 894 sibi
889 839 1016 894 facit
1042 837 1187 893 credi
1213 836 1457 906 quisquis
1476 833 1770 912 efﬁcaciter
1798 831 2037 900 iniuncta

457 930 726 1000 peregerit
749 945 763 981 :
787 928 914 998 quia
943 927 1305 982 indubitanter
1333 925 1406 979 illi
1440 923 1636 992 aliquid
1662 921 2030 983 committitur,

457 1020 548 1090 qui
591 1019 795 1089 optime
839 1018 1248 1088 comprobatur;
1298 1023 1353 1069 et
1401 1015 1686 1069 honestum
1729 1010 2038 1080 suffragium

458 1117 542 1164 est
571 1119 598 1147 ι
647 1109 866 1165 secundi
909 1108 1133 1178 iudicii,
1177 1107 1557 1162 documentum
1598 1103 1814 1175 prioris.
1865 1103 2042 1172 Atque

459 1199 585 1254 ideo
625 1199 967 1254 ordinatione
1007 1195 1410 1267 magnificorum
1449 1195 1686 1252 virorum
1716 1193 2040 1248 Abundantii

460 1289 697 1358 praefecti
727 1289 998 1360 praetorio,
1043 1296 1204 1356 atque
1246 1285 1432 1340 Uviliae
1475 1285 1688 1344 comitis
1734 1283 2042 1356 patrimonii

459 1379 526 1432 ad
555 1380 699 1434 illam
741 1379 1072 1450 provinciam
1101 1387 1153 1433 te
1190 1377 1445 1448 iubemus
1473 1390 1794 1440 excurrere;
1843 1385 1904 1429 ut
1932 1382 2042 1429 tam

461 1471 530 1526 de
557 1471 722 1529 domo
764 1473 910 1541 regia
933 1487 1096 1544 quam
1127 1471 1180 1526 in
1211 1471 1342 1527 locis
1378 1470 1497 1525 aliis
1521 1469 1828 1524 habitantes
1853 1482 2046 1523 secun-

458 1562 586 1616 dum
615 1561 797 1632 priora
819 1571 1089 1634 praecepta
1117 1561 1366 1636 provisus
1411 1568 1604 1614 nautas
1631 1557 1698 1613 ad
1725 1558 1912 1613 urbem
1939 1556 2046 1612 Ra'

458 1661 746 1708 vennatem
776 1651 868 1708 die
892 1652 1075 1708 iduum
1094 1651 1391 1716 Iuniarum,
1425 1649 1536 1704 Deo
1555 1646 1868 1713 auxiliante,
1899 1645 2048 1700 festi-

460 1757 594 1800 nare
621 1743 946 1812 compellas;
987 1752 1257 1814 quatenus
1303 1741 1449 1796 nulla
1480 1738 1703 1794 tarditas
1748 1746 1859 1800 tam
1905 1751 2046 1807 prae-

461 1836 624 1891 claris
645 1837 976 1906 iussionibus
1004 1835 1276 1892 alferatur.
1298 1833 1444 1890 Cave
1463 1848 1592 1904 ergo
1613 1848 1682 1889 ne
1707 1842 1762 1888 te
1784 1831 2048 1888 venalitas

462 1927 716 1997 maculet,
733 1936 827 1984 aut
845 1928 1120 1997 neglectus
1138 1927 1308 1997 turpis
1325 1926 1590 1991 involvat;
1623 1933 1679 1980 et
1701 1930 1812 1978 tam
1841 1937 2047 1992 magnae

461 2021 542 2076 rei
570 2036 732 2091 supra
760 2030 814 2077 te
841 2021 1049 2077 ruentis
1089 2020 1330 2092 pondere
1371 2017 1764 2089 comprimaris,
1811 2015 1858 2072 si
1886 2015 2050 2070 tantis

462 2125 530 2167 ac
553 2112 748 2167 talibus
773 2113 936 2168 rebus
962 2097 1137 2184 impar
1163 2110 1453 2166 exstiteris.

1019 2243 1348 2312 setsroca
1384 2241 1502 2298 xx.

783 2349 974 2390 AVILFO
1001 2349 1178 2390 SAJONI
1209 2347 1574 2390 TBKODORICUS
1603 2349 1726 2388 REI.

466 2448 662 2523 Statuit
703 2457 760 2523 ut
797 2449 878 2523 ad.
899 2450 1069 2523 ripam
1089 2447 1227 2501 Padi
1253 2445 1700 2523 cum_arti)_icibus
1738 2443 1952 2498 accedat
1979 2443 2049 2497 ad

534 2519 680 2590 ligna
725 2515 1059 2574 dronionibus
1087 2529 1213 2590 apta
1251 2515 1594 2590 concidenda,
1643 2515 1831 2590 absque
1878 2523 2047 2568 tamen

536 2587 888 2658 possessorum
922 2587 1132 2658 damno.
1169 2587 1241 2658 Et
1271 2587 1416 2658 jubet
1461 2595 1517 2640 ut
1565 2587 1872 2658 auferantur
1901 2599 2049 2658 sepes

534 2653 566 2711 ὸ
589 2658 886 2727 fluminibus
908 2657 1126 2722 Mincio,
1153 2653 1313 2720 Ollio,
1347 2661 1561 2719 Ansere,
1593 2653 1764 2727 Tiberi
1809 2661 1860 2707 et
1883 2654 2045 2718 Arno,

531 2724 632 2797 quo
662 2728 795 2782 alvei
821 2737 1015 2782 tractus
1043 2727 1172 2781 liber
1199 2728 1266 2781 sit
1294 2727 1500 2780 navium
1517 2724 1836 2779 excursibus.

534 2819 646 2888 86
670 2816 774 2872 Per
801 2825 1083 2888 utramque
1107 2817 1278 2887 ripam
1304 2815 1432 2870 Padi
1476 2813 1700 2884 reperiri
1732 2814 1874 2883 ligna
1894 2828 2048 2870 com-

465 2907 703 2978 perimus
732 2905 1056 2962 fabricandis
1097 2916 1222 2978 apta
1259 2906 1626 2961 dromonibus.
1674 2903 1910 2976 Ideoque
1953 2903 2049 2960 tibi

466 2998 713 3068 prtcsenti
739 2997 982 3068 iussione
1027 2997 1357 3065 delegamus,
1405 3005 1462 3052 ut
1489 2995 1784 3052 secundum
1831 2993 2051 3049 ordina-

467 3087 668 3144 tionem
712 3089 1118 3156 magnilicorum
1165 3088 1403 3144 virorum
1449 3085 1779 3142 Abundantii
1813 3083 2049 3165 prtefecti

467 3179 718 3248 prntorio
746 3187 907 3249 atque
931 3177 1118 3234 Uviliae
1139 3179 1349 3235 comitis
1376 3176 1684 3248 patrimonii
1713 3174 1782 3230 ad
1806 3175 1926 3230 loca
1953 3178 2048 3228 de-

466 3273 674 3340 signata
701 3286 824 3326 cum
853 3269 1152 3326 artiﬁcibus
1174 3271 1545 3326 incunctanter
1571 3266 1829 3332 accedas;
1855 3273 1911 3320 et
1934 3265 2048 3320 sive
2075 3251 2121 3315 C

466 3363 521 3418 in
547 3361 712 3432 domo
740 3361 908 3431 regia,
958 3376 1056 3416 seu
1081 3359 1136 3416 in
1178 3360 1386 3430 privata
1425 3365 1639 3427 reperta
1671 3354 1888 3418 fuerint,
1931 3353 2048 3408 sine

466 3451 646 3522 aliqua
672 3447 837 3506 facias
881 3449 1132 3504 tarditate
1177 3447 1456 3520 procurari
1491 3463 1504 3499 :
1535 3445 1662 3516 quia
1710 3444 1841 3499 nulli
1884 3457 2048 3513 grave

467 3541 737 3598 credimus
763 3541 1002 3611 praebere
1036 3539 1214 3609 quod,
1248 3539 1359 3594 Deo
1405 3537 1716 3602 auxiliante,
1758 3550 1857 3605 pro
1899 3548 2050 3589 com-

469 3632 618 3688 muni
645 3632 874 3688 utilitate
901 3642 1252 3702 praeparatur.
1277 3629 1476 3687 Verum
1505 3628 1580 3683 ita
1612 3627 1858 3683 volumus
1885 3635 1941 3682 te
1968 3626 2040 3682 in-

469 3727 648 3794 juncta
679 3737 957 3794 peragere,
989 3731 1049 3778 ut
1075 3723 1206 3778 nihil
1232 3721 1300 3778 ad
1335 3719 1636 3776 laedendum
1681 3733 2050 3790 possessorem

469 3816 709 3872 studiose
752 3817 994 3872 videatur
1018 3816 1234 3886 inquiri,
1276 3814 1373 3873 sed
1418 3821 1628 3870 tantum
1656 3827 1777 3882 quae
1803 3819 1928 3868 stmt
1954 3827 2053 3868 ne-

469 3909 701 3968 cessaria
737 3909 982 3966 utilitatis
1023 3917 1222 3965 nostrae
1263 3921 1428 3964 causa
1471 3913 1883 3976 prresumantur.
1932 3903 2050 3960 Non

469 3999 782 4068 exquiratur
822 3998 1024 4069 aliquid
1061 4014 1094 4053 a
1127 3997 1370 4063 domino,
1413 3995 1561 4066 quod
1599 3980 1788 4065 postea
1835 3995 2052 4064 publico

468 4107 578 4145 non
597 4090 806 4147 dicatur
825 4100 1128 4161 acceptum.
1153 4089 1319 4159 Ligna
1341 4086 1608 4144 silvestria
1623 4085 1874 4156 iubemus
1895 4085 2049 4150 cadi,

469 4201 578 4238 tum
605 4183 804 4254 aliquid
831 4183 900 4240 de
938 4179 1130 4238 alienis
1160 4179 1502 4246 facultatibus
1539 4177 1804 4246 violenter
1827 4175 2050 4230 abscidi.

471 4274 628 4330 Talia
649 4275 806 4333 nobis
827 4283 1054 4342 prosunt
1079 4273 1255 4342 qualia
1285 4279 1502 4328 nostros
1527 4282 1752 4338 gravare
1780 4269 1888 4324 non
1928 4280 2055 4336 pos-

470 4375 613 4422 sunt.
643 4365 772 4434 Qum
810 4366 858 4422 si
883 4380 1046 4424 causa
1087 4379 1324 4434 praesens
1352 4378 1462 4417 non
1507 4359 1836 4430 exquireret,
1875 4358 1967 4414 ille
1993 4372 2054 4414 se

470 4458 718 4516 crederet
762 4475 870 4512 non
914 4457 1130 4514 habere.
1177 4456 1238 4511 ιη
1263 4455 1478 4520 Mincio,
1515 4451 1676 4519 Ollio,
1707 4453 1931 4518 Ansere,
1962 4451 2052 4506 Ti-

471 4551 587 4606 beri
638 4561 696 4606 et
722 4550 868 4606 Arno
894 4547 1198 4604 ﬂuminibus
1224 4548 1584 4618 comperimus
1623 4544 1880 4613 quosdam
1909 4543 2053 4613 sepi-

471 4645 571 4699 bus
597 4659 814 4699 cursum
841 4640 1096 4706 ﬂuminis,
1123 4649 1386 4712 quantum
1410 4640 1476 4696 ad
1504 4639 1789 4708 navigandi
1816 4637 2052 4694 studium
2084 4664 2134 4725 η

471 4736 746 4806 pertinet,
794 4733 1066 4790 incidisse.
1119 4732 1271 4801 Quod
1319 4740 1374 4790 te
1415 4731 1666 4789 volumus
1713 4729 2053 4789 ordinatione

471 4827 738 4895 nmgnilici
782 4828 883 4884 viri
921 4827 1246 4884 Abundantii
1290 4825 1528 4898 praefecti
1573 4822 1828 4896 praetorio
1876 4821 2053 4877 modis

471 4921 718 4976 omnibus
736 4930 1043 4992 amputare;
1066 4935 1168 4977 nec
1189 4919 1295 4976 tale
1317 4917 1516 4989 aliquid
1538 4914 1860 4988 permittatis
1872 4928 2054 4985 quem-

461 5187 500 5241 Γ
543 5130 572 5160 ι
601 5119 658 5173 L.
709 5135 818 5174 non
865 5133 1078 5184 omnes,
1126 5116 1218 5188 δα
1248 5113 1503 5179 barbaris,
1555 5113 1618 5168 D.
1669 5111 1740 5168 de
1788 5127 1849 5168 re
1894 5109 2049 5165 milit.

479 5207 490 5222 ‘
515 5207 617 5241 ORN
658 5209 708 5241 Ιὶ.

479 5207 490 5238 :‘
515 5207 617 5244 ()RN
658 5209 708 5246 Ιὶ.

547 5262 570 5298 b
599 5261 842 5326 ﬂetibus,
893 5275 1003 5316 non
1042 5257 1258 5326 senibus
1300 5269 1421 5310 esse
1465 5249 2051 5326 piscandumhllumina

471 5331 746 5400 purganda
767 5323 888 5386 esse
915 5338 972 5386 et
1001 5323 1393 5400 iurisconsulti
1419 5323 1738 5400 praecipiunt
1777 5323 2049 5400 lienam",

472 5392 646 5456 1).tit.
677 5416 746 5456 ne
787 5401 914 5470 quid
961 5392 1018 5454 iri
1044 5395 1267 5470 ﬂumine
1307 5392 1492 5470 publ._;
1540 5392 1602 5449 l.'
1629 5410 1722 5470 un.
1773 5392 1849 5470 C.‘
1869 5392 1960 5470 lib.
1996 5406 2052 5470 ξ,

473 5477 556 5525 tit.
584 5470 676 5536 29,
721 5471 791 5526 de
807 5461 1192 5525 'Alexandrinis
1237 5461 1578 5520 Pritnatibus.
1620 5463 1878 5530 Congruit
1927 5461 2053 5516 huic

473 5542 595 5596 lum
636 5541 776 5608 quod
809 5541 929 5593 Aul.
970 5537 1410 5606 quoquel'lcllius
1450 5537 1518 5608 in
1567 5545 1809 5608 veterum
1858 5539 2053 5608 pratic-

477 5630 590 5666 l'tiltl
621 5602 718 5664 edn
743 5613 826 5672 11η,
861 5602 1272 5672 (μι;ι1’ρλ,έξιίίὶεί.ιῐ
1319 5607 1530 5658 l't-iznina
1575 5606 1794 5658 retanda
1846 5602 2055 5672 publice

477 5689 750 5746 rinluniptu
797 5669 1020 5742 habere,
1073 5682 1450 5746 interpretatur
1494 5691 1720 5746 purgare
1761 5673 1973 5746 arctis,
2007 5669 2057 5722 id

477 5769 553 5802 est
589 5743 864 5803 arboribus
895 5766 1013 5818 quae
1042 5758 1133 5800 aut
1161 5763 1225 5800 ex
1271 5746 1399 5814 ripis
1422 5743 1695 5818 ﬂuminum
1736 5744 2054 5804 eminerent,

475 5833 562 5873 aut
603 5822 653 5872 in
683 5820 848 5872 alveis
875 5814 1063 5872 eorum
1095 5826 1400 5878 exstarent;
1441 5814 1704 5883 appellata
1732 5823 1908 5866 autem
1939 5825 2059 5864 esse

474 5890 630 5958 quasi
661 5903 689 5941 a
717 5889 934 5955 retibus,
963 5889 1102 5957 quod
1128 5895 1514 5956 praetereuntes
1534 5899 1694 5940 naves
1717 5883 2062 5953 impedirent,

1653 400 1721 454 Μ.
1765 396 2038 452 Αωιωι
2077 393 2476 450 CASSIODORI

2067 518 2110 578 Α
2135 527 2296 582 quam
2323 512 2463 567 ultra
2489 523 2845 583 przesumere,
2896 507 2994 564 sed
3043 505 3288 562 inviolati
3334 503 3474 559 alvei
3529 509 3739 557 tractus

3623 384 3736 441 660

2139 602 2356 658 navium
2384 601 2718 670 relinquatur
2745 598 3062 654 excursibus
3087 596 3137 650 δ.
3168 596 3382 652 Scimus
3410 593 3560 650 enim
3607 591 3741 650 reti-

2137 691 2256 759 bus,
2289 707 2398 746 non
2425 691 2645 760 sepibus
2672 704 2792 744 esse
2828 687 3166 760 piscantium.
3195 687 3329 742 Nam
3357 686 3486 742 hinc
3514 699 3742 755 quoque

2138 782 2472 837 detestabilis
2496 781 2724 836 aviditas
2767 779 3034 850 proditur,
3077 787 3137 834 ut
3176 779 3279 834 sibi
3320 784 3535 834 tantum
3582 776 3741 832 festi-

2139 881 2232 927 net
2259 871 2553 936 includere,
2575 877 2835 940 quantum
2863 868 2933 924 ad
2955 868 3155 924 multos
3185 875 3402 938 poterat
3423 866 3740 938 pervenire.

2678 1016 3012 1074 EPISTOLA
3046 1015 3190 1073 XXI.

2319 1150 2557 1191 CAPUANO
2587 1149 2710 1189 V180
2737 1146 2996 1188 SENATORI
3023 1145 3395 1188 THEODOBICUS
3427 1147 3557 1187 κει.

2144 1245 2326 1301 Multis
2357 1244 2596 1299 laudibus
2622 1243 2770 1298 illum
2817 1243 2996 1308 evehit,
3042 1243 3241 1313 ipsique
3289 1243 3624 1296 decurionum
3662 1259 3750 1298 re-

2216 1327 2418 1371 cturum
2453 1316 2688 1386 confert;
2715 1323 2765 1368 et
2791 1329 2907 1384 qua
2932 1315 3001 1368 sit
3029 1313 3138 1367 lucc
3165 1313 3396 1384 dignitas
3431 1315 3672 1382 exponit.

2215 1447 2273 1504 Si
2302 1456 2356 1502 te
2385 1446 2616 1501 tironem
2644 1452 2829 1500 nostra
2847 1443 3054 1514 iudicia
3073 1443 3423 1513 delegissent,
3451 1443 3498 1498 si
3522 1443 3591 1499 ad
3613 1460 3740 1501 exa-

2145 1539 2306 1595 minis
2354 1539 2608 1594 trutinam
2656 1536 2896 1592 venisses
2943 1534 3289 1604 iucognitus,
3349 1535 3750 1591 a‘stimaremus

2148 1628 2499 1695 monendum,
2549 1625 2697 1700 quali
2743 1635 2797 1682 te
2825 1625 3129 1697 prudentia,
3158 1640 3267 1696 quo
3296 1625 3499 1682 decore
3546 1617 3752 1682 tracta;

2149 1734 2269 1786 res;
2299 1719 2395 1774 sed
2423 1716 2666 1774 omnium
2687 1715 2926 1772 crederis
2953 1715 3370 1785 intelligentiam
3400 1715 3610 1771 habere
3641 1717 3754 1770 vir-

2153 1821 2341 1868 tutum.
2363 1811 2455 1882 qui
2482 1809 2722 1869 exerceri
2751 1807 2995 1864 meruisti
3024 1809 3212 1864 militia
3236 1808 3566 1864 litterarum.
3587 1808 3754 1864 [Esti-

2149 1916 2268 1957 mas
2311 1902 2456 1957 enim
2501 1915 2607 1972 qua
2649 1908 2704 1956 te
2747 1899 2950 1956 debeas
2990 1899 3259 1956 modestia
3307 1900 3615 1966 continere,
3661 1901 3754 1971 qui

2150 1992 2311 2048 alieni
2339 1991 2541 2062 negotii
2584 1991 2730 2048 visus
2757 2005 2818 2046 es
2843 1998 2972 2046 vota
3001 1990 3293 2060 peregisse.
3327 1989 3462 2044 Nam
3491 1991 3539 2044 si
3571 1998 3628 2045 te
3665 1991 3756 2058 ju-

2149 2081 2284 2138 dicia
2311 2081 2544 2152 suspicio
2568 2095 2706 2146 sava
2736 2078 2876 2154 [Jun
2899 2095 3092 2146 scaeva,
3122 2080 3178 2134 id
3206 2089 3284 2138 est
3303 2079 3523 2136 sinistra
3551 2090 3610 2136 et
3637 2097 3756 2151 per-

2152 2171 2328 2243 versa]
2359 2172 2642 2241 tetigisset,
2693 2170 2964 2228 laudando
3001 2171 3267 2241 justitiam
3313 2171 3424 2228 leni
3475 2187 3542 2228 ac
3578 2188 3759 2244 pene-

2153 2265 2332 2320 trabili
2374 2263 2618 2320 remedio
2664 2263 2782 2333 ejus
2827 2263 3066 2320 animum
3094 2263 3409 2334 corrigebas
3450 2281 3466 2318 :
3496 2264 3760 2322 obtinens

2150 2357 2302 2413 suavi
2327 2357 2675 2428 persuasione
2711 2361 2855 2420 quod
2883 2355 3151 2426 superiori
3189 2371 3299 2412 non
3345 2356 3621 2427 potuisses
3649 2357 3763 2412 im-

2151 2461 2374 2517 ponere.
2407 2446 2538 2514 Quis
2564 2461 2694 2516 ergo
2723 2446 2933 2502 dubitet
2969 2446 3062 2504 illa
3106 2452 3162 2502 te
3188 2445 3433 2518 diligere,
3472 2461 3598 2518 qua:
3621 2464 3763 2504 con-

2150 2547 2260 2595 stat
2287 2553 2422 2595 voce
2464 2539 2677 2609 publica
2721 2537 2982 2594 suasisse!
3030 2535 3280 2596 Professa
3337 2538 3482 2594 bona
3510 2554 3624 2595 non
3654 2540 3763 2596 ha-

2149 2631 2348 2687 bentur
2373 2631 2651 2701 ambigua;
2683 2646 2784 2686 nec
2798 2630 3110 2701 cujusquam
3135 2630 3430 2701 acquiescit
3451 2631 3764 2702 ingenium,

2151 2725 2242 2782 ubi
2268 2723 2414 2796 quod
2443 2723 2556 2794 ipse
2583 2723 2760 2794 potuit
2784 2723 3043 2778 emeritus
3064 2722 3343 2794 prosequi,
3386 2723 3458 2778 ab
3485 2723 3608 2780 aliis
3635 2733 3766 2780 tan-

2149 2831 2313 2887 quam
2349 2814 2498 2872 rudis
2524 2813 2769 2869 videatur
2795 2812 3033 2870 edoceri.
3083 2811 3289 2874 Prolati
3328 2811 3647 2870 documenti
3691 2815 3764 2867 ti-

2150 2907 2275 2962 dem
2304 2906 2423 2962 tleri
2447 2905 2688 2976 legitima
2711 2919 2848 2962 voce
2884 2904 3150 2975 poscebas
3175 2923 3190 2960 :
3217 2906 3559 2974 examinans,
3588 2905 3637 2964 si
3667 2921 3766 2965 re-

2151 2998 2388 3053 tinerent
2407 2996 2770 3067 incorruptam
2801 2995 3000 3051 scrinia
3032 2995 3339 3052 veritatem.
3369 2995 3565 3063 Iudex,
3607 3015 3763 3056 nunc

2150 3089 2368 3158 exhibe,
2394 3088 2538 3158 quod
2565 3097 2618 3142 te
2648 3087 2865 3142 volebas
2909 3085 3052 3157 apud
3081 3087 3219 3150 alios
3247 3087 3500 3144 obtinere
3531 3100 3580 3146 ε.
3611 3091 3761 3161 Age,

2153 3195 2221 3236 ne
2249 3189 2340 3237 tua
2370 3179 2467 3234 tibi
2494 3177 2780 3247 obiiciatur
2805 3177 3009 3243 oratio,
3060 3176 3186 3246 quia
3217 3177 3429 3247 pondus
3457 3188 3542 3234 est
3571 3179 3755 3250 pudo-

2151 3271 2226 3327 ris
2253 3269 2578 3340 gravissimi,
2609 3269 2828 3340 propria
2857 3283 2994 3324 voce
3023 3267 3297 3324 convinci.
3351 3267 3520 3326 Sume
3563 3271 3756 3340 igitur,

2149 3370 2373 3417 auctore
2423 3359 2577 3428 Deo,
2634 3366 2906 3414 recturam
2953 3356 3296 3416 decuriarum
3323 3397 3340 3422 ,
3385 3357 3759 3416 humanorum

2150 3464 2366 3510 actuum
2405 3452 2743 3507 verissimmn
2785 3458 3018 3514 testem,
3075 3449 3426 3505 securitatem
3466 3451 3761 3521 possiden-

2151 3546 2306 3609 tium,
2335 3545 2566 3616 publicze
2594 3543 2718 3598 lidei
2747 3542 3242 3613 splendidissimum
3273 3544 3556 3614 templum.
3598 3545 3762 3604 Unde

2151 3643 2357 3694 tantum
2387 3636 2483 3691 tibi
2526 3633 2698 3690 laudis
2725 3633 3045 3704 acquiritur,
3091 3635 3421 3703 quantoru'm
3450 3633 3478 3673 ἀ
3511 3636 3625 3694 illic
3647 3638 3754 3692 uti-

2151 3728 2273 3786 litas
2297 3729 2608 3796 incorrupta
2635 3733 2900 3781 servatur.
2932 3723 3091 3784 Vivat
3133 3724 3229 3780 tibi
3259 3725 3540 3795 perpetuis
3580 3742 3766 3784 saecu-

2152 3819 2219 3876 lis
2237 3817 2611 3876 decedentium
2636 3816 2918 3882 voluntas;
2967 3824 3248 3872 transeant
3293 3817 3348 3872 in
3379 3826 3636 3888 posteros
3659 3819 3762 3889 iu-

2152 3911 2291 3969 dicia
2319 3919 2636 3982 parentum;
2666 3908 2878 3964 scriniis
2906 3907 3012 3963 tuis
3039 3915 3288 3964 servetur
3306 3909 3550 3966 omnium
3572 3913 3761 3980 quies.

2153 4001 2258 4056 Alii
2289 4003 2522 4058 honores
2568 3997 2803 4054 habeant
2847 4005 2903 4052 et
2949 3997 3216 4057 terribiles
3256 3997 3470 4058 fasces:
3503 3999 3605 4053 tibi
3630 4000 3765 4054 vita

2154 4092 2401 4151 humanae
2441 4089 2729 4158 gratissimi
2774 4088 3025 4144 videntur
3067 4089 3306 4144 militare
3332 4089 3628 4157 custodes;
3683 4091 3766 4147 ibi

2155 4185 2298 4238 enim
2324 4181 2690 4238 absolutiones
2714 4186 2840 4236 sunt
2881 4179 3182 4246 hominum,
3233 4179 3410 4240 vincla
3435 4196 3768 4253 causarum,

2153 4283 2344 4330 catena
2371 4271 2564 4336 litium,
2595 4285 2780 4326 carcer
2809 4268 3024 4324 furoris.
3056 4269 3136 4324 De
3184 4283 3294 4340 quo
3332 4270 3517 4326 verius
3544 4270 3770 4327 diceret

2153 4371 2306 4418 vates
2333 4361 2652 4416 Mantuanus
2695 4378 2708 4412 :
2771 4378 2788 4411 ι
2822 4359 3156 4416 Clauduntur
3201 4359 3312 4418 litis
3356 4368 3552 4430 portae,
3605 4359 3771 4418 furor

2156 4452 2351 4522 impius
2379 4451 2521 4505 intus
2550 4447 2804 4514 inclusus,
2838 4447 3019 4504 fremit
3044 4447 3296 4506 horridus
3316 4464 3417 4506 ore
3444 4460 3706 4508 cruento.
3739 4472 3762 4505 ι

2155 4541 2466 4602 Decuriales
2508 4541 2708 4610 igitur,
2759 4538 2943 4600 habita
2989 4539 3308 4596 meritorum
3367 4539 3770 4608 aestimatione,

2155 4637 2376 4706 deligito
2400 4653 2414 4689 :
2437 4634 2562 4705 quia
2591 4649 2699 4690 non
2728 4632 2887 4698 decet
2915 4639 3078 4690 tantm
3107 4631 3256 4687 urbis
3283 4631 3582 4702 appellare,
3611 4634 3774 4704 quod

2159 4727 2268 4783 vile
2299 4724 2402 4780 est;
2434 4722 2652 4793 Maioris
2695 4721 2860 4782 etiam
2910 4731 3040 4781 natu
3087 4731 3244 4778 utere
3270 4722 3412 4794 (cum
3461 4722 3634 4779 tuerit
3662 4740 3773 4782 ne-

2159 4817 2334 4885 cesse)
2382 4815 2672 4878 sententia,
2713 4813 2883 4868 factus
2931 4821 3014 4868 tot
3056 4813 3300 4882 patribus
3333 4814 3543 4880 senior,
3595 4816 3776 4873 tantis

2159 4906 2462 4964 tacentibus
2489 4921 2596 4960 vox
2625 4913 2862 4960 senatus.
2899 4903 3038 4959 Vide
3065 4903 3194 4974 quid
3223 4905 3502 4972 dignitatis
3530 4921 3778 4978 accepe-

2161 5116 2218 5165 et
2244 5104 2396 5178 quasi
2425 5103 2716 5160 irretirent.
2745 5099 2874 5158 Haec
2902 5102 2992 5157 ille
3041 5103 3133 5158 lib.
3163 5118 3238 5169 xl,
3289 5117 3412 5174 cap.
3455 5101 3548 5170 17,
3596 5104 3774 5165 Noct.

2161 5175 2324 5232 Attio.
2357 5175 2520 5230 FORN.

2236 5259 2258 5288 ε
2307 5244 2606 5301 Notandum
2651 5251 2734 5298 est
2779 5243 3065 5311 collegium
3114 5243 3467 5298 decurialium
3527 5245 3582 5300 iu
3629 5248 3776 5302 urbe

2162 5317 2333 5374 Roma
2373 5314 2564 5382 fuisse,
2605 5315 2694 5384 qui
2735 5314 2792 5368 S.
2840 5313 2903 5384 Cr.
2953 5323 3094 5379 acta,
3137 5315 3492 5370 auctoritates
3535 5327 3776 5373 senatus

2160 5387 2538 5456 excipiebant,
2568 5455 2575 5456 ί
2607 5383 3044 5456 perscribebant,
3103 5384 3487 5456 complebant,
3559 5389 3776 5444 scrinia

2161 5453 2380 5513 senatus
2409 5455 2715 5526 servabant,
2761 5454 2864 5510 viri
2908 5453 3176 5526 scribendi
3218 5454 3546 5524 dicendique
3576 5459 3774 5526 periti,

2161 5531 2356 5596 quibus
2385 5525 2592 5596 praefuit
2616 5535 2813 5596 rector,
2839 5537 3000 5596 quem
3019 5525 3256 5596 iudicem
3279 5534 3476 5596 auctor
3494 5525 3770 5596 appellat,

2163 5593 2415 5665 quoniam
2435 5595 2709 5664 judicabat
2740 5595 2881 5648 inter
2900 5593 3199 5656 decurinles
3222 5603 3276 5648 et
3305 5595 3469 5659 alios;
3499 5593 3627 5650 ideo
3655 5598 3692 5650 Ι.
3714 5597 3769 5661 1,

2163 5670 2223 5722 (ὲ.
2259 5669 2327 5722 de
2359 5666 2742 5728 Decurialibus,
2777 5666 2850 5718 ait
2877 5679 2998 5717 eum
3029 5665 3120 5732 qui
3161 5665 3291 5718 velit
3317 5681 3442 5720 cum
3495 5667 3774 5722 decuriali

2165 5755 2324 5806 agere
2353 5739 2418 5790 de
2449 5736 2741 5806 auferendo
2771 5734 3070 5806 priviicgio,
3105 5744 3160 5788 et
3177 5734 3298 5806 iure
3329 5739 3498 5791 veteri
3530 5753 3774 5792 Conces-

2174 5805 2246 5872 so,
2273 5809 2500 5874 iudicem
2531 5805 2760 5858 decuria:
2788 5805 2934 5857 adire
2965 5805 3181 5874 debere.
3215 5805 3403 5860 Bnnss.

2237 5873 2418 5947 dAlii,
2441 5877 2682 5947 quoniam
2703 5891 2897 5930 eorum.
2922 5874 3050 5933 Cor.
3067 5873 3251 5946 Gam.,
3272 5885 3526 5945 quantum
3552 5893 3764 5933 eorum
