3974 6388
249 375 347 434 661

1523 369 1883 424 γΑηιΑιιωι
1952 363 2153 422 LIBER
2184 363 2246 419 V.

3416 363 3520 417 662

243 495 344 560 ris,
375 501 433 548 ut
474 493 616 548 inter
645 499 722 547 tot
749 491 1066 561 eloquentes
1090 491 1238 545 viros
1282 490 1355 544 sis
1397 487 1604 542 dicendi
1638 487 1834 554 prima-
1865 495 1911 548 Α
1937 484 2172 539 studium
2194 483 2482 538 doceamus
2510 496 2630 536 esse
2658 487 3001 550 conceptum.
3036 479 3129 533 llis
3157 495 3307 548 ergo,
3340 477 3400 534 P.
3431 477 3519 544 C.,

241 587 382 651 rius,
419 599 560 655 quos
605 584 770 640 etiam
812 584 969 638 nobis
997 582 1313 653 profitemur
1339 595 1458 635 esse
1485 577 1830 633 reverendus.

245 675 477 729 Assumo
503 686 634 742 ergo
661 673 960 729 concedere
987 687 1107 742 quae
1125 671 1395 742 jubemus,
1426 679 1682 740 prasstare
1713 682 1834 736 quae

244 766 550 832 credimus;
579 773 638 820 ut
665 765 772 820 illis
798 764 1008 835 aperias
1030 763 1226 832 januas
1253 763 1434 828 curiae,
1483 775 1622 832 quos
1649 767 1833 814 nostra

243 859 448 915 electio
477 859 654 914 aulam
679 857 901 928 jusserit
929 857 1191 912 libertatis
1219 855 1439 910 i'ntrare.

786 989 1118 1047 EPISTULA
1144 987 1306 1044 XXII.

465 1122 690 1163 SENATUI
718 1122 867 1163 URBIS
899 1120 1058 1161 ιιοιω
1085 1117 1450 1160 τεεουοιιιουε
1480 1117 1607 1156 REX.

247 1219 460 1274 Iudicat
483 1236 540 1274 se
561 1219 776 1289 elegisse
813 1217 869 1272 in
891 1224 1139 1289 rectorem
1177 1214 1505 1268 decuriamm
1533 1211 1836 1282 Capuanum

585 1284 854 1358 praetoris
877 1284 1152 1342 virtutibus
1173 1293 1500 1340 exornatum.

322 1399 470 1456 Licet
498 1409 659 1454 caute
687 1413 903 1468 semper
929 1395 1206 1466 eligendus
1232 1395 1304 1450 sit
1349 1393 1441 1462 qui
1469 1391 1622 1447 vobis
1669 1389 1837 1445 mitti-

245 1499 340 1546 tur
364 1488 744 1562 approbandus
771 1488 918 1557 (quia
967 1487 1082 1558 ipse
1111 1485 1280 1554 magis
1327 1483 1554 1538 traditur
1578 1480 1833 1547 examini,

245 1579 402 1650 cujus
429 1579 695 1635 sententia
726 1577 966 1632 noscitur
994 1575 1202 1646 prolata
1227 1572 1483 1645 pensari),
1509 1571 1626 1627 illas
1653 1579 1836 1624 tamen

247 1669 602 1742 prudentibus
617 1668 747 1723 viris
771 1667 964 1722 sociari
993 1665 1238 1736 cupimus
1262 1662 1566 1730 dignitates,
1590 1674 1711 1729 qua:
1735 1658 1839 1713 Ro-

248 1761 426 1818 manis
471 1759 684 1814 arcibus
729 1756 846 1831 [ϐν.
894 1765 944 1810 et
969 1755 1110 1826 Cuj.,
1151 1750 1377 1823 artibus]
1423 1749 1577 1820 quasi
1613 1763 1837 1818 gemmin

1935 575 2251 646 Capuanum
2281 575 2437 630 bonis
2465 573 2729 636 dolatum,
2754 588 2785 626 a
2814 572 3063 642 pncsenti
3099 571 3397 627 indictione
3425 577 3524 625 de-

1935 670 2209 726 curiarum
2239 676 2510 724 rectorem
2539 681 2660 721 esse
2688 664 3043 742 praecipimus,
3093 663 3313 734 majoris
3358 663 3520 719 etiam

1935 771 2069 819 natu
2097 761 2424 817 auctoritate
2449 757 2825 823 subvebimus;
2856 765 2916 812 ut
2942 757 3033 826 qui
3063 773 3124 811 se
3151 771 3362 810 morum
3385 770 3522 810 cana

1935 853 2244 908 maturitate
2267 849 2538 918 tractavit,
2565 847 2708 922 quod
2737 855 2822 902 est
2858 847 3240 916 amplissimum
3270 861 3522 902 reveren-

1936 943 2024 998 tia:
2051 955 2240 1010 genus,
2269 941 2320 996 in
2347 947 2530 996 vestro
2550 937 2740 995 ordine
2767 938 2939 992 anatis
2965 938 3172 992 honore
3199 934 3516 1005 gratuletur.

1937 1033 2166 1102 Augebit
2211 1030 2574 1102 eloquentiam
2616 1027 2798 1084 oﬂicio
2841 1027 3069 1082 meliore
3107 1027 3343 1081 ditatus:
3381 1037 3520 1092 quo-

1935 1126 2078 1180 niam
2093 1124 2317 1179 multum
2333 1121 2611 1178 facundior
2625 1121 2806 1190 estqui
2825 1119 3148 1174 sententiam
3161 1118 3344 1182 dictat,
3357 1132 3519 1186 quam

1937 1216 2026 1272 ille
2054 1215 2145 1285 qui
2187 1214 2476 1286 supplicat.
2526 1212 2771 1268 Libertas
2812 1213 2972 1266 verba
3003 1209 3192 1278 nutrit,
3222 1218 3400 1265 metus
3425 1225 3518 1264 au-

1937 1315 2044 1360 tem
2071 1305 2283 1374 copiam
2313 1304 2624 1373 frequenter
2651 1303 2941 1372 intercipit.
2975 1301 3140 1356 Actus
3162 1315 3376 1370 quoque
3406 1300 3520 1369 ipse

1936 1397 2093 1464 longe
2120 1394 2420 1459 dissimilis;
2452 1401 2512 1448 ut
2538 1393 2627 1464 qui
2658 1392 2864 1463 pridem
2895 1391 3180 1446 assistebat
3208 1391 3368 1444 etiam
3401 1405 3518 1444 me-

1934 1484 2205 1539 diocribus
2255 1482 2653 1552 humilibusque
2701 1481 2969 1546 fortunis,
3027 1496 3170 1535 nune
3215 1478 3518 1534 introducat

1935 1584 2125 1632 vcstrze
2153 1574 2318 1631 curia:
2345 1573 2679 1630 consulares.

2449 1681 2778 1740 EPISTOLA
2812 1681 2996 1737 XXIII.

1969 1791 2302 1832 ABUNDLNTIO
2332 1791 2621 1831 νιιιειηῖετο
2650 1790 2928 1830 ΡΒΕΤΟΒΙΟ
2956 1790 3319 1830 τηεουοιιουδ
3346 1791 3471 1829 REX.

248 1854 460 1910 ιιοὶιῖὶθε
503 1849 810 1938 θαίευιξιυνο
841 1847 941 1938 ubi
971 1847 1112 1902 enim
1140 1841 1640 1938 dig'li‘f§_°l_°q_"e"‘
1667 1855 1828 1938 qua?
1859 1873 1906 1932 Β
1930 1867 2084 1924 lubet
2107 1876 2164 1922 ut
2207 1867 2494 1938 sagittariis
2553 1867 2625 1920 ad
2664 1867 2902 1938 comitem
2934 1865 3203 1938 lulianum
3248 1866 3518 1921 destinatis

244 1945 302 1999 in
331 1941 550 1997 civitate
575 1935 823 2010 proficiat
850 1936 1171 1998 litterarum,
1201 1929 1266 1988 ut'
1303 1933 1376 1988 ibi
1403 1931 1640 1988 declaret
1667 1929 1830 1985 meri-

245 2046 385 2100 tum,
407 2033 499 2090 ubi
523 2031 746 2088 nutrivit
771 2029 1081 2099 ingenium?
1111 2027 1304 2096 Aptum
1331 2033 1413 2081 est
1441 2039 1602 2080 omne
1629 2023 1830 2079 bonum

246 2128 385 2183 locis
431 2125 569 2190 suis;
619 2120 1010 2194 etlaudabilia
1056 2132 1283 2189 qumque
1324 2115 1680 2184 sordescunt,
1729 2113 1832 2169 nisi

246 2232 485 2290 congrua
513 2215 643 2272 sede
667 2215 962 2286 potiantur.
994 2208 1241 2280 Requirit
1280 2221 1457 2278 pugna
1490 2207 1694 2262 validas
1718 2220 1833 2260 ma-

247 2324 374 2376 nus,
403 2305 677 2363 desiderat
705 2301 976 2372 navigium
1003 2307 1193 2370 pectus
1220 2297 1518 2352 animosum
1551 2313 1566 2349 :
1597 2295 1676 2350 sic
1700 2293 1835 2350 scri-

248 2400 341 2454 nia
371 2406 552 2454 vestra
581 2393 738 2450 fidele
767 2391 1120 2465 propositum,
1145 2388 1222 2444 sic
1243 2387 1389 2444 curia
1419 2385 1644 2442 facunda
1669 2384 1836 2440 diser-

248 2499 387 2547 tum.
417 2487 582 2543 Multa
621 2497 751 2555 ergo
773 2481 1164 2540 deliberatione
1185 2477 1489 2550 peusaudus
1513 2491 1632 2532 esse
1660 2475 1837 2531 credi-

248 2589 362 2648 tur,
409 2578 501 2650 qui
545 2575 787 2648 quotidie
817 2572 1015 2630 vestris
1041 2570 1290 2628 sensibus
1316 2566 1590 2624 offeratur.
1622 2565 1834 2636 Capua-

251 2688 385 2729 num
426 2672 586 2741 igitur
635 2667 986 2741 spectabilem
1011 2665 1188 2720 virum
1215 2661 1503 2718 aestimatio
1531 2667 1716 2714 nostra
1745 2672 1836 2714 re-

226 2763 448 2834 ‘spexit,
496 2759 587 2831 qui
636 2759 800 2816 curiae
847 2764 1042 2813 vestrae
1081 2753 1407 2810 sententiam
1455 2749 1676 2820 majoris
1705 2757 1838 2804 natu

249 2852 576 2922 auctoritate
604 2848 868 2907 facundus
894 2847 1153 2912 ediceret,
1179 2853 1235 2901 et
1257 2852 1474 2901 senatus
1492 2843 1689 2900 scrinia
1703 2857 1839 2898 con-

249 2944 493 3000 scientia:
518 2942 752 3016 puritate
774 2946 1048 3006 servaret;
1079 2946 1142 2994 ut
1162 2946 1312 2993 actus
1332 2935 1453 2991 illos
1472 2933 1680 3004 mundo
1693 2933 1840 2990 cele-

251 3036 522 3092 berrimos
548 3035 657 3106 87
687 3048 786 3088 sua
813 3031 1009 3088 reddat
1036 3029 1345 3098 integritate
1383 3027 1695 3083 laudandos.
1727 3024 1841 3080 Ma-

251 3142 420 3197 gnum
447 3141 642 3181 munus
669 3131 772 3189 est,
805 3120 996 3177 Patres
1023 3119 1347 3190 Conscripti,
1378 3117 1446 3173 ad
1477 3117 1836 3187 integritatem

254 3218 450 3289 deligi;
498 3233 596 3274 nec
619 3215 964 3272 mediocriter
991 3212 1252 3284 probatur
1277 3209 1608 3267 conscientia
1636 3207 1722 3264 cui
1757 3215 1841 3264 est

253 3309 458 3364 veritas
504 3307 789 3365 commissa
844 3304 1187 3360 saeculorum.
1228 3300 1370 3357 Nam
1430 3299 1476 3358 si
1523 3298 1844 3370 praedicatur

256 3399 411 3455 testis
437 3397 528 3469 qui
557 3397 611 3452 in
640 3394 890 3467 przesenti
920 3392 1140 3462 negotio
1159 3406 1287 3447 vera
1311 3389 1525 3455 dixerit,
1549 3403 1655 3459 qua
1686 3387 1845 3443 laude

253 3487 468 3568 censeri
495 3487 698 3558 poterit
738 3484 829 3554 qui
859 3483 1067 3539 cunctis
1117 3480 1449 3552 temporibus
1494 3486 1642 3535 certa
1672 3485 1844 3532 trans-

253 3578 462 3634 mittit?
505 3577 611 3632 Sed
658 3575 904 3646 quamvis
947 3572 1152 3628 alumni
1187 3570 1351 3628 vestri
1378 3569 1624 3626 habeatis
1649 3578 1843 3627 cuncta

254 3669 560 3735 notissima,
607 3667 762 3738 juvat
796 3665 968 3736 magis
1014 3663 1102 3720 illa
1147 3671 1397 3734 repetere
1437 3677 1558 3731 quae
1603 3660 1844 3716 omnium

252 3775 555 3819 consensus
599 3758 773 3830 possit
817 3770 1132 3827 agnoscere.
1190 3753 1357 3810 Adest
1413 3767 1628 3824 semper
1672 3751 1843 3808 electa

251 3851 502 3924 quaedam
529 3866 838 3907 sermonum
867 3850 1061 3920 gratia,
1107 3846 1378 3902 blanditur
1405 3846 1641 3910 auribus,
1693 3859 1846 3900 men-

255 3954 370 4000 tem
395 3942 581 4008 trahit,
617 3941 787 3996 utitur
814 3938 1195 4010 perspicuitate
1221 3936 1503 4000 facundiae,
1534 3935 1748 4005 qualem
1775 3932 1846 3988 de

252 4051 394 4108 pura
419 4034 752 4092 conscientia
777 4033 937 4089 decet
964 4046 1242 4087 emanare.
1271 4029 1368 4085 Est
1399 4028 1544 4084 enim
1573 4026 1845 4098 quoddam

251 4125 536 4199 speculum
577 4139 788 4179 morum
817 4121 1024 4192 agentis
1055 4121 1264 4186 oratio;
1315 4134 1420 4174 nec
1465 4117 1642 4188 majus
1669 4123 1846 4187 potest

251 4233 380 4275 esse
425 4215 622 4272 mentis
668 4213 1032 4268 testimonium
1057 4253 1072 4278 ,
1121 4227 1282 4282 quam
1328 4209 1560 4280 qualitas
1606 4208 1845 4278 inspecta

250 4309 568 4363 verborum.
591 4304 724 4360 Nam
755 4311 813 4358 ut
840 4303 956 4374 ejus
985 4305 1202 4373 propria
1231 4301 1616 4365 describamus,
1647 4299 1848 4370 patitur

250 4403 312 4456 in
339 4399 670 4470 simplicibus
694 4395 1082 4467 rebuslmgua:
1110 4395 1411 4450 retinacula
1437 4412 1448 4447 :
1472 4394 1557 4448 his
1575 4408 1642 4447 eo
1664 4401 1845 4446 tamen

253 4491 556 4547 torrentior
577 4489 723 4564 [Alii,
755 4485 1080 4558 correctior]
1109 4501 1230 4542 cum
1258 4491 1508 4555 perorat;
1557 4491 1614 4538 et
1639 4482 1744 4538 hoc
1771 4481 1847 4537 illi

2330 1952 2569 1991 annonas
2587 1944 2636 1990 et
2656 1937 2858 2008 navigia
2878 1935 3123 2007 prtebeat.

2003 2049 2262 2106 Tatanem
2291 2046 2408 2122 [Cr.
2437 2057 2487 2104 et
2513 2047 2656 2120 Cuj.,
2683 2046 2964 2120 Tanmem]
2991 2048 3231 2118 sajonem
3274 2058 3517 2106 nostrum

1931 2159 2053 2200 cum
2077 2141 2367 2210 sagittariis
2387 2140 2455 2196 ad
2484 2140 2746 2196 illustrem
2774 2141 2949 2196 virum
2970 2141 3222 2198 comitem
3246 2140 3516 2196 lulianum

1930 2235 2310 2290 aastimavimus
2337 2246 2454 2288 esse
2479 2231 2837 2301 dirigendum,
2867 2242 2927 2287 ut
2951 2230 3127 2302 majus
3152 2243 3388 2288 sumeret
3427 2247 3517 2286 ro-

1933 2327 2034 2382 bur
2078 2324 2381 2397 duplicatus
2425 2321 2708 2378 exercitus.
2755 2319 3040 2378 Ostentent
3079 2320 3307 2392 juvenes
3347 2323 3515 2376 nostri

1931 2416 2104 2483 bellis,
2121 2414 2266 2486 quod
2285 2415 2336 2469 in
2352 2413 2632 2484 gymnasio
2649 2411 2885 2469 didicere
2898 2412 3350 2469 virtutis.Schola
3373 2413 3515 2468 Mar-

1935 2510 2008 2566 tia
2036 2510 2214 2565 mittat
2239 2508 2504 2574 examina,
2524 2515 2854 2579 pugnaturus
2877 2507 3024 2576 ludo,
3058 2509 3151 2580 qui
3186 2524 3245 2564 se
3266 2523 3516 2564 exercere

1935 2603 2214 2677 consuevit
2241 2602 2295 2658 in
2315 2601 2448 2657 otio.
2479 2601 2654 2670 Atque
2675 2599 2796 2657 ideo
2816 2601 3074 2657 illustrem
3102 2601 3516 2670 magnitudinem

1939 2705 2083 2750 tuam
2101 2694 2180 2750 eis
2203 2707 2446 2749 annonas
2467 2700 2522 2748 et
2540 2692 2748 2762 navigia
2770 2692 3064 2748 secundum
3079 2691 3519 2748 consuetudinem

1936 2787 2180 2858 przebere
2227 2799 2546 2850 censemus;
2576 2795 2841 2855 quatenus
2869 2784 3109 2855 (iuvante
3152 2783 3287 2855 Deo)
3309 2798 3418 2852 quo
3441 2784 3520 2838 di-

1937 2877 2073 2932 recti
2100 2883 2244 2942 sunt,
2275 2874 2509 2931 debeant
2532 2876 2832 2946 pervenire.
2862 2875 3067 2934 Vestrte
3095 2875 3238 2931 enim
3265 2874 3523 2931 sollicitu-

1938 2966 2049 3022 dini
2095 2965 2286 3021 damus
2331 2973 2638 3022 nostrarum
2693 2963 2990 3022 efﬁcaciam
3035 2965 3336 3036 jussiottum
3359 2983 3374 3020 :
3401 2967 3524 3034 quia

1940 3055 2247 3111 nullatenus
2270 3054 2488 3111 destitui
2508 3070 2670 3126 posse
2689 3055 2926 3114 creditur
2955 3057 3121 3126 quod,
3147 3055 3260 3112 Deo
3281 3055 3523 3124 iuvante,

1941 3146 2049 3204 tuis
2066 3145 2493 3203 ordinationibus
2517 3145 2822 3202 inchoatur.

2473 3273 2806 3333 EPISTOLA
2841 3275 3025 3332 XXIV.

1945 3387 2222 3429 NIPIIANIO
2246 3387 2371 3428 Ἦκο
2389 3385 2668 3438 ειεωλτοιιι,
2691 3387 2980 3427 οοκδυιλιιι
3008 3383 3296 3428 Ρῐιονικοιιε
3327 3389 3525 3427 DALIIA-

2396 3458 2500 3498 'I'IAE
2521 3485 2537 3511 ,
2564 3458 2928 3498 τηεουοιιιουε
2953 3458 3079 3497 REX.

1944 3531 2124 3604 Monet
2149 3541 2206 3587 ut
2251 3532 2387 3588 bona
2431 3532 2674 3604 Joannes,
2697 3547 2812 3604 qua
2849 3533 3192 3604 intestata“
3238 3530 3392 3604 nullis
3421 3531 3528 3600 aﬂi.

2014 3603 2168 3658 nibus
2203 3602 2560 3674 superstitibus
2587 3601 2868 3674 decessisse
2893 3601 3284 3674 perhibebautr,‘
3304 3602 3429 3670 ﬁsco
3457 3618 3530 3654 re-

2013 3676 2099 3746 gio
2123 3671 2366 3797 applicet,
2383 3672 2661 3729 dummodo
2691 3682 2861 3728 tamen
2883 3671 2991 3728 rem
3010 3673 3086 3727 ita
3112 3688 3167 3726 se
3197 3671 3383 3726 habere
3405 3687 3528 3726 com

2019 3761 2186 3814 perert
2215 3783 2230 3798 .

2013 3853 2221 3910 Joanna
2235 3852 2462 3909 Andrea:
2481 3851 2752 3922 quondam
2769 3851 2936 3921 jugali
2949 3867 3046 3906 suo
3069 3851 3395 3906 successisse
3409 3850 3537 3918 legis

1944 3957 2166 3998 munere
2194 3926 2665 4015 pcrhibetur;qu:e
2695 3941 2966 4006 intestata,
3005 3941 3164 3995 nullis
3189 3941 3536 3995 existentibus

1945 4035 2235 4108 proximis,
2267 4035 2388 4090 luce
2415 4033 2610 4090 dicitur
2637 4048 2757 4088 esse
2794 4033 3020 4104 privata.
3049 4031 3216 4102 Cujus
3241 4034 3536 4088 substantia

1945 4143 1977 4184 a
1997 4128 2224 4184 diversis
2252 4126 2398 4182 nullo
2420 4125 2658 4194 legitimo
2674 4125 2795 4196 jure
2821 4125 3052 4181 suffultis
3073 4125 3421 4194 usurpatione
3443 4141 3536 4178 vo-

1945 4222 2176 4278 luntaria
2217 4221 2520 4292 suggeritur
2547 4219 2827 4292 possideri.
2864 4218 2933 4273 Et
2977 4219 3102 4289 quia
3151 4218 3351 4274 caduca
3396 4219 3538 4274 bona

1947 4314 2080 4369 fisco
2125 4320 2312 4368 nostro
2346 4319 2656 4382 competere
2685 4320 2710 4347 ⁸
2745 4311 2920 4380 legum
2965 4317 3119 4366 cauta
3163 4308 3540 4375 decreverunt,

1946 4404 2070 4460 ideo
2113 4413 2168 4459 te
2218 4403 2574 4476 prmsentibus
2619 4401 2854 4458 oraculis
2882 4401 3250 4464 admonemus,
3281 4407 3340 4454 ut
3385 4399 3541 4469 hujus

1946 4497 2027 4553 rei
2063 4497 2293 4552 veritate
2337 4495 2598 4561 discussa,
2635 4495 2682 4550 si
2707 4509 2914 4561 revera,
2940 4501 3000 4548 ut
3041 4493 3106 4548 ad
3155 4508 3253 4547 nos
3278 4493 3542 4562 perlatum

250 4583 324 4637 ad
353 4582 581 4651 gratiam
609 4579 794 4634 datum
823 4585 909 4634 est
961 4577 1280 4649 providente
1322 4584 1534 4640 natura,
1583 4583 1644 4628 ut
1684 4587 1842 4642 quem

1949 4595 2050 4652 est,
2078 4587 2256 4643 nullus
2282 4588 2332 4642 ei
2359 4594 2453 4644 aut
2481 4595 2804 4642 testamento
2827 4585 3000 4640 haeres
3028 4584 3229 4640 exstitit
3251 4625 3268 4653 ,
3297 4591 3389 4640 aut
3417 4601 3542 4654 pro-

250 4687 370 4742 pra:
397 4670 600 4726 foribus
625 4668 964 4724 hmsitantem
1001 4666 1233 4730 videras,
1267 4666 1610 4736 eloquentem
1638 4663 1691 4717 in
1727 4676 1842 4718 cer-

1952 4680 2210 4737 xiuitatis
2233 4687 2356 4751 jure
2377 4679 2668 4742 successit,
2689 4676 2800 4734 ﬁsci
2847 4676 3015 4732 nostri
3057 4692 3177 4732 eam
3197 4675 3364 4732 facias
3392 4691 3542 4730 com-

252 4761 550 4819 taminibus
580 4761 950 4832 obstupescas.
982 4757 1079 4814 Illa
1109 4773 1238 4814 vero
1265 4757 1548 4823 memoria,
1575 4769 1698 4826 quas
1725 4768 1850 4809 ora-

253 4867 439 4912 torum
469 4855 754 4910 thesaurus
787 4851 912 4923 jure
933 4853 1222 4918 vocitatur,
1268 4858 1418 4906 tanta
1448 4850 1504 4905 in
1529 4864 1654 4906 eum
1685 4850 1852 4906 ﬁrmi-

251 4954 372 5003 tate
421 4946 684 5012 consedit,
736 4953 796 5001 ut
840 4945 1008 5001 semel
1053 4944 1237 4999 audita
1285 4945 1490 5014 scripto
1539 4943 1679 5014 apud
1724 4959 1850 5000 eum

254 5046 417 5112 putes
453 5053 572 5094 esse
600 5035 901 5093 recondita.
943 5035 1194 5107 Magnum
1241 5034 1588 5104 beneficium,
1615 5035 1848 5092 oblivio-

253 5131 346 5187 nis
393 5131 604 5186 nescire
650 5128 950 5195 defectum;
999 5136 1057 5183 et
1089 5126 1334 5196 quadam
1380 5126 1674 5183 similitudo
1720 5140 1852 5183 vere

252 5226 559 5284 cmlestium
585 5234 690 5295 est,
723 5233 968 5296 tempore
995 5224 1221 5280 decursa
1247 5239 1464 5296 semper
1484 5225 1686 5282 habere
1713 5241 1850 5296 pra:-

253 5318 456 5376 sentia.
487 5317 618 5386 Quae
646 5333 791 5374 nunc
838 5317 960 5373 ideo
999 5315 1364 5383 declaramus,
1407 5325 1468 5373 ut
1511 5317 1854 5387 cognoscatis

251 5409 626 5480 subjectorum
653 5417 836 5480 gratas
862 5425 964 5466 nos
989 5409 1191 5465 habere
1217 5409 1489 5474 virtutes;
1515 5418 1573 5471 et
1587 5408 1850 5478 judicium

255 5511 508 5562 nostrum
535 5517 647 5558 non
673 5517 772 5574 per
797 5502 1014 5558 casuale
1041 5509 1248 5564 votum,
1301 5499 1399 5555 sed
1443 5515 1541 5572 per
1567 5500 1851 5564 electionis

332 5764 359 5794 ι
384 5751 462 5807 Ex
493 5752 610 5828 iure
645 5768 753 5822 quo
773 5751 1058 5828 ᾄδέσποῖα,
1085 5756 1166 5810 καὶ
1201 5754 1577 5828 ἀκληρονᾷμητα
1606 5754 1860 5828 principis

258 5825 394 5879 fisco
423 5823 645 5884 cedunt,
669 5835 730 5876 ut
773 5824 1026 5890 thesauri,
1054 5830 1130 5893 ut,
1151 5823 1396 5879 vacantia
1418 5825 1580 5890 bona,
1608 5823 1730 5893 quae
1753 5823 1861 5880 ha:-

257 5895 450 5952 rcdem
475 5910 584 5949 non
613 5894 908 5959 inveniunt,
937 5893 1024 5949 vel
1043 5891 1274 5963 indignis
1307 5895 1490 5951 relicta
1531 5891 1864 5966 aut—incapa-

1950 4771 2160 4842 pendiis
2183 4769 2458 4839 aggregari
2485 4785 2500 4823 ε
2531 4767 2748 4838 quando
2775 4767 3098 4822 innocentiae
3125 4775 3321 4822 nostr-.e
3339 4765 3544 4836 profes-

1947 4863 2032 4920 sio
2059 4870 2164 4927 est,
2186 4860 2330 4932 justa
2363 4859 2682 4930 compendia
2731 4875 2838 4914 non
2880 4859 3172 4928 negligere,
3215 4859 3360 4929 apud
3385 4874 3545 4928 quem

1949 4952 2216 5009 calumnia
2260 4963 2532 5018 nunquam
2579 4947 2760 5002 locum
2805 4949 2982 5018 potuit
3033 4949 3293 5004 invenire.
3347 4947 3546 5017 Rogari

1953 5042 2096 5098 enim
2125 5042 2178 5096 in
2208 5040 2406 5096 talibus
2433 5038 2608 5095 causis
2635 5053 2742 5093 non
2772 5037 3006 5094 fraudari
3041 5039 3341 5109 principem
3367 5037 3548 5104 decet,

1949 5133 2076 5204 quia
2095 5131 2433 5202 negligentiae
2452 5130 2639 5186 vitium
2661 5139 2746 5186 est
2771 5129 3216 5200 prmumptiones
3243 5129 3549 5198 relinquere

1951 5238 2086 5296 quas
2101 5221 2222 5294 jura
2249 5221 2562 5294 praecipiunt
2591 5231 2889 5292 amputare.
2913 5220 2970 5278 Si
2999 5220 3127 5291 quid
3151 5229 3330 5277 autem
3360 5229 3549 5278 contra

1951 5315 2242 5388 repereris,
2265 5314 2478 5386 quietos
2506 5313 2752 5370 dominos
2782 5312 2980 5368 habere
3007 5313 3248 5382 patieris,
3274 5313 3406 5382 quia
3428 5328 3550 5368 ma-

1951 5408 2033 5476 gis
2052 5407 2141 5462 illa
2180 5415 2364 5461 nostra
2391 5413 2516 5462 sunt
2543 5404 2863 5476 patrimonia
2891 5419 3012 5475 qua:
3033 5421 3064 5460 a
3087 5405 3345 5476 subjectis
3371 5403 3549 5475 legiti-

1953 5513 2042 5553 me
2071 5496 2428 5568 possidentur.

1961 5759 2114 5830 cibus
2133 5759 2463 5830 aufrruntur.
2490 5757 2700 5830 Ulpian.
2726 5759 2916 5829 fragm.
2942 5763 3027 5817 tit.
3051 5761 3120 5814 l7
3143 5769 3199 5817 et
3219 5760 3308 5830 18,
3331 5761 3368 5816 ι.
3383 5761 3552 5829 unic.,

1962 5829 2025 5884 C.
2039 5830 2106 5904 de
2127 5829 2245 5884 ead.
2255 5831 2396 5904 tolli;
2419 5829 2621 5888 Plinius
2641 5831 2969 5904 Panegyrico
2984 5833 3054 5888 ad
3073 5829 3440 5903 Trajan.Sup.
3459 5831 3550 5887 lib.

1964 5916 2036 5966 vi,
2069 5899 2223 5954 foi'm.
2255 5899 2306 5953 5.
2341 5900 2506 5954 Fons.
