3974 6392
463 385 570 442 66⁸5

985 489 1312 548 EPISTULA
1352 486 1512 544 XXV.

660 621 907 660 BACAUDA!
940 620 1058 660 VIRO
1087 619 1290 659 SUBLIMI
1321 615 1680 656 τηεοοοιιιευά
1710 613 1834 652 REX.

457 716 703 773 Concedit
749 718 824 772 illi
870 720 924 772 in
962 728 1258 789 perpetuum
1310 713 1715 768 Mediolanensis
1755 712 2042 766 tribunatus

1150 803 1346 840 curam.

533 899 726 955 Fessos
751 916 921 957 annos
950 900 1312 955 munificentia
1342 906 1524 952 nostra
1555 894 1887 958 corroborat,
1919 891 2043 946 dum

455 1003 666 1048 tetatem
698 993 974 1048 occiduam
1004 992 1239 1063 penuria:
1267 1005 1373 1043 non
1401 988 1530 1041 facit
1557 985 1876 1040 detrimenta
1920 999 2044 1036 sen—

457 1085 580 1140 tire.
624 1083 888 1139 Juvenum
918 1084 1180 1154 siquidem
1213 1081 1381 1134 virtus
1409 1076 1823 1149 pnesumptione
1850 1073 2048 1128 laboris

457 1174 765 1228 animatur:
796 1173 909 1228 sola
957 1152 1144 1228 senum
1171 1169 1282 1224 vita
1309 1177 1392 1223 est
1432 1167 1627 1235 quietis
1670 1162 1934 1218 invenisse
1963 1177 2048 1216 re-

461 1262 658 1318 media.
703 1264 877 1332 Atque
917 1261 1041 1316 ideo
1079 1269 1168 1315 tua
1205 1257 1596 1330 supplicatione
1626 1253 1884 1326 permoti,
1911 1252 2051 1306 desi-

457 1352 604 1419 gnati
624 1351 924 1407 tribunatus
951 1359 974 1388 ³
999 1365 1184 1406 curam
1221 1349 1274 1404 in
1324 1345 1726 1402 Mediolanensi.
1753 1343 1887 1398 urbe
1929 1342 2051 1396 dili-

457 1440 763 1508 gentissime
776 1441 1155 1510 peragendam,
1168 1438 1235 1494 ad
1251 1447 1302 1493 te
1323 1437 1658 1493 decrevimus
1671 1433 1959 1505 pertinere.
1977 1433 2049 1487 ita

457 1543 545 1599 ut,
575 1533 718 1604 quod
740 1543 822 1588 est
850 1534 904 1588 in
931 1533 1158 1602 reipubl.
1181 1531 1370 1586 militia
1397 1545 1616 1593 novum,
1638 1528 1810 1582 donec
1831 1525 2052 1591 vixeris,

458 1638 729 1692 nunquam
759 1623 856 1678 tibi
901 1635 1268 1678 successorem
1309 1619 1510 1674 tribuat
1548 1619 1862 1687 cujusquam
1905 1616 2054 1686 plec—

461 1715 622 1770 tenda
650 1715 1027 1784 prtesumptio;
1057 1722 1319 1783 quatenus
1345 1713 1397 1767 in
1427 1711 1740 1767 exhibendis
1766 1707 2055 1777 voluptati-

461 1805 562 1860 bus
585 1805 746 1860 ofllcii
775 1804 936 1876 hujus
963 1819 1090 1860 cura
1121 1802 1544 1860 mansuetudinis
1571 1809 1766 1856 nostra:
1796 1797 2054 1854 beneﬁcio

459 1895 656 1966 iugiter
699 1892 1026 1966 perfruaris,
1060 1895 1262 1950 habens
1309 1893 1362 1949 in
1417 1901 1676 1961 utroque,
1708 1888 1853 1960 quod
1904 1899 2049 1942 tuam

462 1989 773 2042 consoletur
799 1993 1032 2050 aetatem,
1062 1985 1165 2040 loci
1194 1982 1532 2038 commodum
1562 1990 1616 2036 et
1640 1979 1878 2034 laetitiam
1907 1978 2052 2031 volu-

461 2085 691 2146 ptatum.

892 2189 1004 2258 88
1041 2182 1372 2241 EPISTOLA
1409 2181 1595 2238 XXVI.

461 2291 730 2334 "NIVERSIS
753 2291 942 2333 GO'I'IIIS
969 2291 1070 2330 PER
1100 2289 1326 2329 PICENUH
1357 2289 1424 2328 ET
1452 2287 1681 2328 SAINIUM
1711 2285 2054 2326 CONSTITUTIS

999 2380 1364 2426 THEODORICUS
1391 2379 1516 2418 REX.

463 2457 710 2530 Praecipit
736 2469 794 2512 ut
832 2475 931 2530 vut
960 2458 1139 2530 iduum
1165 2457 1441 2530 Iuniarum
1477 2453 1546 2530 ad
1591 2453 1766 2508 aulam
1791 2454 1920 2530 sine
1945 2450 2052 2505 ulla

535 2523 930 2612 prouincialium
967 2529 1191 2593 damno,
1231 2525 1430 2598 regalia
1475 2526 1614 2578 dona
1666 2523 1922 2592 accepturi
1969 2538 2053 2575 ve—

537 2610 707 2653 aiant.

533 2687 787 2756 Quamvis
813 2686 1177 2740 munificentia
1225 2692 1407 2739 nostra
1453 2683 1522 2738 sit
1564 2683 1812 2738 omnibus
1859 2682 2054 2751 ubique

465 2779 798 2848 gratissima,
837 2777 1016 2845 multo,
1053 2784 1234 2830 tamen
1279 2775 1582 2843 acceptiora
1627 2772 1894 2826 credimus
1937 2787 2055 2842 quae

466 2869 634 2926 nostri
676 2867 956 2938 praesentia
998 2865 1379 2922 conferuntur:
1411 2864 1535 2934 quia
1581 2862 1784 2930 majora
1824 2861 1891 2917 de
1926 2877 2056 2916 con-

467 2968 654 3032 spectu
683 2959 936 3030 principis
965 2957 1145 3028 populi
1167 2964 1404 3024 sumunt,
1429 2969 1589 3023 quam
1609 2954 1676 3008 de
1699 2953 1944 3022 largitate
1963 2953 2056 3006 be-

467 3051 654 3107 neficia
685 3057 1108 3119 consequuntur.
1150 3047 1282 3102 Nam
1313 3061 1450 3117 pene
1489 3045 1681 3102 similis
1709 3053 1791 3100 est
1817 3051 2052 3109 mortuo,

466 3143 557 3210 qui
585 3158 614 3196 a
643 3157 743 3196 suo
767 3141 1078 3196 dominante
1100 3139 1362 3204 nescitur;
1388 3154 1488 3193 nec
1515 3136 1613 3192 sub
1642 3135 1823 3206 aliquo
1851 3134 2058 3189 honore

469 3232 614 3298 vivit,
637 3246 797 3302 quem
836 3231 976 3300 regis
1025 3231 1108 3288 sui
1156 3229 1347 3285 notitia
1388 3244 1495 3284 nou
1539 3225 1791 3283 defendit.
1821 3224 1890 3278 Et
1929 3225 2052 3280 ideo
2080 3233 2125 3294 α

466 3322 713 3394 prtesenti
732 3321 969 3391 jussione
995 3319 1310 3376 mandamus
1346 3326 1408 3372 ut
1449 3327 1641 3372 octavo
1673 3315 1855 3370 iduum
1879 3312 2054 3369 Junia—

467 3426 584 3466 rum
612 3411 719 3478 die,
747 3410 861 3467 Deo
888 3410 1201 3475 auxiliante,
1229 3409 1297 3464 ad
1324 3407 1661 3478 prmsentiam
1687 3415 1924 3462 nostram
1956 3419 2053 3458 ve-

468 3503 586 3558 nire
611 3501 871 3570 debeatis,
897 3501 988 3570 qui
1014 3500 1326 3556 solemniter
1344 3497 1542 3568 regalia
1567 3495 1707 3552 dona
1733 3494 2003 3566 suscipitis
2025 3491 2053 3532 ι)

467 3595 516 3650 si
556 3595 740 3649 venire
776 3593 1022 3664 protinus
1050 3591 1330 3648 festinatis.
1369 3588 1500 3645 Illud
1545 3597 1722 3644 tamen
1753 3589 2055 3644 necessario

470 3689 874 3739 commonentes
891 3719 908 3747 ,
932 3689 992 3735 ut
1025 3679 1354 3736 venientium
1383 3678 1558 3734 nullus
1581 3677 1863 3748 provenire
1889 3676 2060 3746 possit

467 3788 741 3839 excessus,
773 3788 873 3828 nec
899 3785 1269 3842 possessorum
1297 3778 1528 3840 segetes,
1559 3777 1652 3824 aut
1680 3776 1833 3840 prata
1876 3776 2057 3822 vaste-

471 3866 540 3919 tis
573 3875 626 3902 ε·
654 3864 747 3920 sed
776 3865 875 3920 sub
903 3863 1046 3918 omni
1075 3862 1404 3919 continentia
1433 3869 1816 3933 properantes,
1849 3859 1918 3915 de
1961 3875 2058 3916 cu-

541 4122 568 4150 *
599 4113 659 4166 D.
673 4112 842 4168 Juret.
861 4114 1133 4168 existimat
1147 4114 1260 4168 haec
1273 4111 1613 4180 intelligenda
1628 4127 1746 4166 esse
1764 4112 1832 4166 de
1847 4113 2060 4168 tribuno

470 4184 824 4266 xnluptatum,
847 4183 1003 4266 cujus
1023 4184 1225 4239 mentio
1251 4191 1336 4239 est
1371 4181 1508 4236 infra
1539 4181 1632 4236 lib.
1665 4197 1735 4243 vt,
1762 4184 1860 4236 for.
1893 4182 1979 4246 I9,
2010 4193 2065 4238 et

471 4253 564 4309 lib.
593 4251 684 4315 vn,
707 4251 808 4308 for.
841 4251 928 4306 1οζ

545 4323 572 4360 δ
593 4321 736 4391 ,Vide
760 4319 1164 4391 Luitprandum,
1180 4320 1273 4391 lib.
1287 4336 1362 4386 vt,
1377 4335 1495 4389 cap.
1511 4319 1562 4391 5,
1575 4318 1900 4391 Haacautem
1924 4323 2065 4378 dona

472 4389 898 4447 conferebantur
935 4391 1173 4446 calendis
1218 4389 1505 4444 Januariis.
1543 4389 1829 4459 Nicephor.
1873 4392 1962 4446 lib.
2011 4410 2062 4458 κ,

473 4477 594 4531 cap.
627 4460 724 4526 35;
754 4459 969 4515 Sozom.
995 4460 1088 4515 lib.
1134 4477 1164 4514 ν
1211 4475 1330 4530 cap.
1367 4459 1466 4526 i7;
1494 4459 1740 4531 Ambros.
1777 4476 1938 4516 serm.
1972 4463 2058 4517 N.

1671 4529 1862 4586 Junsr.

548 4611 572 4639 ε
603 4598 883 4656 Transitus
911 4599 1139 4656 militum
1170 4599 1240 4654 sit
1268 4599 1556 4663 innocens,
1588 4615 1724 4654 neve
1768 4599 1945 4668 fruges
1972 4601 2062 4656 lae-

473 4669 790 4738 dat.ltaque
811 4669 951 4738 quod
983 4669 1180 4738 dejure
1207 4671 1483 4726 servitutis
1510 4643 1676 4724 hasta:
1705 4643 2067 4727 rectae.villmsis
2095 4643 2148 4702 D

475 4741 738 4810 fructibus
778 4739 1009 4810 ferenda:
1056 4756 1088 4794 a
1125 4741 1292 4795 Paulo
1337 4741 1591 4810 scriptum
1631 4750 1744 4806 est,
1785 4741 1820 4794 Ι.
1873 4741 1936 4802 7,
1976 4742 2067 4809 qui

474 4810 628 4874 sella,
661 4809 722 4862 υ.
763 4809 832 4864 de
859 4826 997 4864 serv.
1031 4819 1163 4864 rust.
1194 4811 1358 4880 praui.
1377 4852 1394 4876 ,
1417 4809 1632 4880 quidam
1664 4819 1890 4864 tractum
1920 4827 1950 4865 a
1979 4827 2070 4865 re-

475 4880 630 4944 gibus
675 4881 1047 4947 suspicantur,
1077 4881 1167 4949 qui
1219 4889 1406 4934 extero
1455 4881 1715 4933 exercitui
1763 4897 2070 4936 commeare

477 4951 695 5003 ditionis
724 4965 832 5002 sua:
862 4951 1131 5016 regionem
1162 4966 1258 5018 per
1287 4951 1518 5016 aliquam
1550 4950 1882 5015 permittunt.
1921 4949 2070 5006 Unde

475 5019 751 5090 Lysander
769 5019 1040 5090 Laconum
1055 5019 1164 5074 dux
1185 5021 1324 5090 apud
1348 5019 1689 5073 Plutarchum
1711 5019 1896 5075 videns
1917 5021 2072 5076 Βωο-

477 5088 564 5146 tos
595 5090 810 5144 incerta:
838 5088 980 5155 fidei,
1009 5104 1128 5144 cum
1156 5088 1254 5159 per
1277 5105 1463 5143 eorum
1485 5103 1644 5159 agros
1665 5091 1932 5154 transiret,
1960 5091 2068 5146 sci-

478 5161 701 5214 scitatus
717 5169 798 5214 est
820 5167 996 5214 utrum
1029 5158 1190 5214 rectis
1217 5175 1284 5212 an
1315 5159 1579 5213 inclinatis
1605 5158 1772 5214 hastis
1795 5163 2066 5216 transiret.

478 5228 585 5284 Sed
613 5243 715 5297 ego
738 5236 918 5298 putem
949 5228 1388 5299 jurisconsultum
1418 5227 1488 5283 de
1527 5229 1735 5299 privato
1777 5229 1928 5298 jure,
1959 5246 2066 5284 non

477 5299 826 5371 imperatorio
871 5300 1138 5371 sensisse,
1179 5299 1214 5353 Ι.
1257 5298 1826 5371 λιδξῇἰιεωὶιυῳτίιιπ,
1859 5301 1886 5371 §
1917 5317 2067 5356 exer-

478 5370 614 5430 citu;
644 5369 680 5422 Ι.
708 5368 796 5434 15,
820 5383 887 5423 ex
915 5367 1428 5439 conductolversic.
1461 5369 1729 5439 exercitus
1757 5367 2068 5439 prteleriens

481 5454 582 5510 per
605 5439 898 5510 lasciviam,
923 5439 985 5493 D.
1015 5439 1174 5494 locat.
1201 5437 1345 5494 Idem
1366 5436 1694 5510 Justinianus
1719 5436 1913 5510 novell.
1943 5441 2066 5504 I50,

481 5508 602 5586 ἶπερί
621 5509 852 5586 πβρὸδε)
875 5518 1201 5586 ςτραςιωτῶν
1217 5509 1584 5586 constituerat
1607 5508 1797 5586 :_cujus
1819 5511 2068 5586 auspiciis

483 5577 772 5647 ac'legibus
800 5577 1083 5632 Belisarius
1118 5578 1256 5632 rexit
1289 5579 1603 5647 exercitum.
1627 5577 1757 5631 Nam
1779 5595 1898 5633 cum
1921 5577 2056 5635 mili-

485 5655 596 5700 tum
618 5646 830 5716 quidam
857 5648 908 5700 in
931 5663 1088 5714 agros
1107 5647 1486 5713 discurrentes,
1501 5646 1704 5701 fructus
1723 5651 2068 5716 attingerent,

487 5729 583 5784 ens
614 5717 899 5783 ignominia
930 5726 1142 5770 notatos
1177 5731 1509 5784 convocans,
1539 5717 1618 5770 sic
1657 5726 1735 5771 est
1766 5719 2066 5775 allocutus:

490 5783 607 5856 _V'im
632 5785 848 5856 alfcrt‘e.
882 5796 936 5843 et
963 5802 1028 5841 ex
1049 5787 1238 5840 alienis
1267 5788 1410 5853 pasci
1434 5795 1590 5852 turpe
1617 5801 1832 5856 semper
1850 5805 1916 5844 ac
1941 5805 2069 5856 pro-

490 5849 708 5908 brosum
737 5854 961 5916 videtur,
988 5857 1132 5924 quod
1161 5849 1412 5926 injustum
1445 5857 1494 5910 in
1516 5849 1630 5926 ipso
1663 5849 1877 5913 feratur.
1913 5849 2067 5914 A'uct.

1662 348 1761 430 Tu.
1804 372 2081 428 AURELli
2121 367 2515 427 cassmoom

2075 489 2120 544 Α
2149 481 2344 538 stodita
2383 478 2659 550 disciplina
2707 483 2855 546 grata
2901 475 3057 532 nobis
3100 489 3220 530 esse
3263 481 3444 528 vestra
3495 471 3758 528 occursio

3641 357 3757 415 665

2145 573 2317 642 possit
2341 589 2353 624 :
2385 571 2510 640 quia
2551 569 2672 624 ideo
2701 567 3056 624 exercituales
3081 575 3357 634 gratanter
3381 563 3632 619 subimus
3653 577 3725 617 ex
3741 593 3765 605 -

2143 676 2361 732 pensas,
2390 669 2451 715 ut
2475 660 2542 714 ab
2562 659 2781 713 armatis
2807 657 3146 713 custodiatur
3168 657 3368 711 intacta
3395 654 3654 711 civilitas.

2651 789 2984 846 EPISTOLA
3021 789 3230 845 XXVII.

2475 899 2670 939 GUDUII
2699 898 2874 937 SAJONI
2904 896 3266 936 τιιεουοιιιευε
3293 897 3421 936 REX.

2152 974 2383 1042 Imperat
2423 974 2741 1028 millenarios
2779 974 3059 1041 provincia:
3092 970 3269 1026 Piceni
3292 982 3343 1026 et
3371 972 3584 1028 Samnis
3615 989 3766 1027 cont—

2219 1054 2427 1100 moneat
2455 1053 2508 1096 ut
2536 1045 2604 1096 ad
2633 1046 2808 1096 uittam
2849 1053 2954 1095 tum
2990 1043 3288 1095 donativum
3334 1045 3624 1112 accepturi,
3647 1051 3764 1095 tum

2225 1125 2480 1184 gestarum
2511 1116 2564 1167 in
2610 1113 2742 1167 bello
2789 1129 2960 1166 rerum
3007 1113 3258 1166 rationem
3300 1113 3558 1166 reddituri
3604 1113 3766 1167 citius

2222 1193 2514 1255 properent.

2221 1273 2624 1331 Consuetudine
2668 1273 3003 1330 liberalitatis
3051 1275 3214 1342 regite
3256 1289 3678 1331 commonemur
3707 1285 3771 1329 ut

2153 1368 2345 1424 Gothis
2371 1367 2569 1423 nostris
2604 1367 2896 1422 debeamus
2927 1367 3188 1422 solemnia
3218 1366 3360 1422 dona
3390 1367 3581 1437 largiri
3611 1366 3664 1423 (³.
3699 1367 3772 1422 Εῑ

2154 1461 2277 1518 ideo
2295 1459 2511 1515 devotio
2528 1468 2617 1513 tua
2646 1458 2976 1514 millenarios
3001 1458 3295 1528 provincia:
3314 1457 3495 1516 Piceni
3518 1468 3578 1515 et
3599 1459 3768 1515 Sam-

2155 1551 2228 1605 nii
2251 1553 2368 1605 sine
2394 1549 2570 1618 aliqua
2597 1547 2854 1604 dilatione
2881 1554 3244 1612 commoneat,
3276 1556 3335 1602 ut
3357 1563 3457 1604 eos
3483 1549 3583 1618 qui
3606 1551 3772 1605 annis

2158 1641 2381 1710 singulis
2417 1647 2615 1695 nostra:
2639 1639 3061 1694 mansuetudinis
3085 1639 3307 1710 praemia
3326 1649 3769 1710 consequuntur,

2156 1749 2256 1804 pro
2284 1732 2594 1803 accipiendo
2646 1733 2902 1788 donativo
2926 1731 2994 1787 ad
3033 1732 3348 1788 comitatum
3374 1731 3545 1788 faciat
3571 1748 3773 1790 moun—

2089 1861 2126 1914 μ
2158 1834 2368 1880 ctanter
2413 1837 2736 1890 occurrere;
2783 1830 3050 1893 quatenus
3087 1821 3178 1890 qui
3221 1821 3360 1877 bene
3387 1822 3550 1877 nobis
3578 1823 3774 1878 meriti

2153 1913 2380 1982 fuerint,
2439 1913 2646 1983 majore
2691 1911 3055 1968 muniﬁcentia
3099 1913 3456 1981 gratulentur.
3506 1911 3775 1984 Inculpa-

2150 2004 2331 2060 biliter
2357 2004 2499 2059 enim
2543 2019 2763 2058 necesse
2798 2011 2881 2058 est
2922 2003 3068 2057 vivat
3107 2003 3199 2073 qui
3228 2018 3383 2058 suam
3411 2005 3775 2072 prtesentiam

2152 2086 2304 2150 novit
2322 2094 2650 2164 principibus
2670 2093 3019 2148 offerendam.
3045 2092 3226 2148 Bonos
3251 2095 3397 2148 enim
3427 2094 3567 2161 laus,
3592 2095 3777 2151 malos

2153 2186 2370 2256 querela
2388 2187 2696 2240 comitatur.
2719 2185 2883 2240 Decet
2901 2186 3062 2240 etiam
3089 2201 3190 2242 nos
3211 2187 3312 2241 sub
3339 2187 3446 2242 hac
3472 2187 3778 2244 occasione

2153 2277 2480 2346 singulorum
2513 2276 2652 2331 facta
2681 2277 2994 2346 perquirere
3023 2285 3073 2345 ⁸,
3095 2285 3158 2331 ut
3202 2277 3334 2332 nulli
3362 2279 3540 2348 possit
3583 2279 3778 2348 perire

2153 2367 2300 2438 quod
2313 2367 2436 2422 tecit
2455 2368 2506 2421 in
2525 2367 2642 2422 acie
2657 2365 2676 2405 τ
2687 2407 2700 2420 .
2719 2367 2850 2420 Nam
2867 2367 2910 2421 si
2924 2382 3137 2437 semper
3147 2368 3665 2424 consuetudinarias
3683 2385 3779 2426 res

2154 2465 2428 2529 exspectet
2449 2459 2736 2523 exercitus,
2754 2458 3002 2512 virtutem
3026 2474 3132 2512 non
3159 2467 3344 2529 potest
3367 2475 3558 2515 amare
3583 2461 3780 2529 negle-

2153 2560 2292 2605 ctus.
2338 2548 2601 2619 Trepidus
2649 2550 2820 2604 discat
2855 2549 2924 2604 ad
2948 2548 3182 2618 judieem
3209 2551 3420 2616 venire,
3445 2553 3542 2622 qui
3570 2567 3634 2607 se
3662 2569 3781 2607 non

2155 2641 2396 2696 meminit
2423 2641 2678 2696 audacter
2703 2641 2902 2711 aliquid
2923 2642 3129 2710 egisse;
3156 2650 3216 2696 ut
3241 2643 3436 2698 melius
3463 2642 3644 2712 possit
3675 2643 3781 2698 ho-

2154 2730 2324 2786 stibus
2347 2729 2612 2785 violentus
2631 2729 2928 2798 insurgere,
2954 2729 3047 2800 qui
3079 2737 3280 2784 nostra“:
3305 2729 3499 2785 maluit
3526 2730 3781 2802 imputa-

2158 2820 2316 2878 tionis
2341 2821 2561 2875 vulnera
2590 2819 2878 2876 declinare.

2649 2942 2981 3005 EPISTOLA
3021 2949 3258 3008 XXVIII.

2375 3081 2566 3120 (ῙᾹΒῙΝἏ)
2599 3079 2720 3118 VIR»
2745 3079 2992 3119 ILLUSTBI
3020 3078 3394 3118 TBEODUKICUS
3423 3079 3555 3118 REX.

2163 3155 2320 3211 Illum
2349 3155 2568 3210 accersit
2596 3155 2665 3206 ad
2694 3154 2993 3224 comitatum
3021 3169 3168 3208 suum
3189 3192 3204 3218 ,
3230 3161 3287 3206 ut
3313 3162 3434 3224 pote
3456 3155 3628 3209 uirum
3648 3157 3782 3211 illu-

2499 3227 2507 3234 ’
2577 3235 2732 3279 strem
2751 3223 2943 3296 sibique
2971 3223 3336 3277 necessarium.

2224 3315 2433 3370 [labent
2457 3316 2559 3370 hoc
2584 3314 2877 3383 gloriosum
2892 3313 3258 3384 przejudiciutu
3284 3313 3556 3368 bonarum
3574 3317 3780 3371 merita

2155 3414 2600 3480 personarum,ut
2611 3407 2722 3461 otio
2736 3415 3044 3477 torpescere
3063 3420 3170 3460 non
3192 3405 3443 3460 sinantur
3455 3407 3553 3478 qui
3583 3409 3782 3478 probis

2156 3498 2454 3555 actionibus
2483 3499 2824 3554 innotescunt
2855 3515 2868 3552 :
2898 3505 2954 3552 et
2999 3496 3122 3551 ideo
3147 3504 3256 3551 tam
3287 3496 3562 3554 desiderio
3586 3510 3780 3554 vestro

2157 3589 2568 3654 satisfacientes,
2592 3604 2752 3659 quam
2783 3588 2928 3658 quod
2954 3604 3051 3643 vos
3074 3590 3416 3647 necessarios
3443 3606 3570 3646 esse
3599 3594 3782 3648 credi-

2157 3679 2348 3744 dimus,
2359 3679 2520 3747 jussis
2542 3679 2891 3748 prmsentibus
2915 3694 3208 3734 evocamus
3226 3695 3242 3745 ;
3261 3689 3532 3750 quatenus
3552 3690 3610 3737 et
3644 3685 3786 3738 viris

2161 3767 2426 3823 nobilibus
2469 3767 2726 3837 obsequia
2765 3775 2950 3823 nostra
2985 3767 3342 3835 decorentur,
3377 3779 3434 3824 et
3460 3786 3588 3841 qua:
3619 3774 3781 3828 utilia

2163 3861 2316 3916 nobis
2335 3860 2624 3925 credimus,
2654 3875 2754 3930 per
2781 3869 2836 3915 te
2861 3860 3118 3931 expedire
3147 3861 3434 3929 possimus.

2167 4111 2398 4182 Procop.
2421 4111 2514 4165 lib.
2543 4127 2593 4164 tv
2618 4112 2684 4166 de
2720 4112 2867 4167 Bello
2904 4111 3217 4168 Vandalico.
3249 4113 3440 4190 Infr._l.
3467 4134 3564 4183 xu,
3601 4135 3695 4190 ep.
3726 4119 3780 4175 5.

3379 4186 3626 4243 Fonssn.

2241 4251 2266 4329 εξ
2301 4251 2726 4329 Sql_emnia_dona
2749 4262 2798 4306 et
2837 4271 3013 4307 annua
3043 4271 3290 4319 munera,
3317 4254 3456 4312 infra
3505 4260 3678 4329 epist.
3714 4261 3789 4314 49.

2170 4322 2328 4387 hujus
2357 4321 2448 4375 lib.
2479 4337 2534 4375 ν.
2569 4321 2804 4376 Fonven.

2248 4403 2270 4431 ο
2305 4391 2445 4472 [dom
2495 4391 2680 4446 tribuit
2714 4394 3020 4449 Alexandro
3061 4395 3338 4450 Mammea:
3366 4395 3480 4453 lilio
3525 4397 3790 4472 Lampri-

2174 4462 2310 4516 dius.
2339 4461 2576 4517 Fouxen.
3633 4467 3638 4470 ’

2247 4532 2265 4570 ι
2300 4531 2463 4600 Regia
2504 4547 2754 4610 timbers
2782 4535 2898 4588 haec
2938 4533 3453 4610 donativa,_pr:ete_r
3503 4539 3789 4610 stipendia

2169 4611 2446 4666 consueta,
2465 4602 2720 4657 militibus
2739 4602 2792 4658 in
2820 4605 3098 4676 pragmium
3129 4602 3459 4676 fortitudinis
3483 4602 3790 4676 cedebant,

2172 4687 2272 4744 nec
2305 4682 2506 4744 temere
2529 4715 2543 4736 ,
2565 4687 2747 4744 ineque
2789 4675 2987 4744 passim
3032 4675 3284 4729 omnibus
3311 4676 3446 4732 citra
3487 4675 3786 4736 delictum.

2171 4740 2292 4814 Fuit
2317 4742 2415 4814 su_b
2442 4740 3003 4814 .lustinianojqnzrstor
3025 4745 3365 4814 praemiorum
3397 4748 3666 4810 Agathias
3689 4753 3786 4806 lib.

2171 4828 2226 4867 ιιι
2252 4813 2320 4885 de
2365 4811 2514 4885 Bello
2546 4811 2708 4866 Goth.
2737 4811 2800 4885 _ln
2825 4811 3088 4880 exercitu,
3119 4815 3315 4882 inquit,
3348 4833 3448 4872 nec
3476 4820 3658 4885 ducis,
3685 4839 3793 4878 nec

2169 4880 2408 4958 praefecti
2461 4897 2684 4958 munere
2727 4882 3079 4958 fungebatur;
3126 4880 3226 4958 nec
3296 4880 3456 4941 miles
3530 4880 3788 4958 quidem.

2173 4952 2417 5019 Quaestor
2435 4952 2670 5020 alioquin
2690 4993 2704 5015 ,
2739 4963 2792 5006 et
2817 4956 2976 5021 regite
3004 4954 3245 5024 pecuniae
3267 4967 3486 5024 custos,
3518 4952 3673 5015 haud
3706 4972 3793 5016 ta-

2173 5037 2296 5076 men
2333 5036 2524 5097 earum_
2547 5038 2666 5097 quae
2693 5024 2951 5097 militibus
2993 5023 3046 5078 in
3075 5023 3405 5097 stipendium
3455 5029 3790 5097 pendeban-

2173 5101 2259 5146 tur
2275 5107 2301 5170 ;_
2323 5106 2445 5145 nam
2478 5091 2631 5170 alteri
2657 5101 2775 5147 erat
2940 5109 3087 5170 _cura
3127 5091 3494 5170 demandata;
3525 5099 3628 5154 sed
3664 5119 3792 5170 qua:

2174 5177 2244 5242 es
2289 5161 2635 5242 imperatpris,
2669 5163 2956 5242 :erari_o_ad_
2985 5165 3428 5242 exer_c_itum_,_his_
3455 5161 3512 5223 et
3541 5170 3595 5242 in
3640 5161 3791 5242 pra:-

2175 5231 2339 5304 mium
2367 5231 2728 5304 mittebantur,
2745 5234 2833 5301 qni
2859 5233 3065 5296 insigne
3085 5231 3310 5304 aliquod
3327 5235 3538 5292 facinus
3555 5241 3608 5294 in
3637 5231 3792 5296 bello

2171 5302 2480 5381 gessissent.
2505 5300 2620 5366 Qua
2637 5319 2704 5356 ex
2721 5300 2780 5381 re
2809 5321 2914 5358 non
2931 5300 3192 5359 obscurus
3211 5303 3256 5356 is
3281 5317 3418 5381 erat,
3433 5309 3530 5363 sed
3557 5327 3790 5381 pracpo-

2173 5378 2291 5424 tens
2305 5371 2492 5436 factus,
2505 5381 2666 5442 atque
2679 5372 2813 5427 adeo
2830 5384 2889 5427 ut
2903 5389 3224 5428 arcanorum
3238 5378 3538 5434 essetinter
3553 5371 3792 5436 caeteros

2173 5445 2460 5520 particeps,
2485 5443 2556 5495 ita
2583 5442 2936 5520 u_t_tirmitatis_
2959 5453 3070 5520 tum
3086 5445 3456 5520 plurimumet
3480 5449 3604 5504 fidei
3633 5454 3790 5520 prino

2175 5510 2532 5588 cipu_m_dicta
2576 5511 2887 5588 viderentur
2925 5510 3152 5577 habere,
3187 5517 3420 5588 camilli
3452 5510 3786 5588 placerent;

2173 5581 2316 5654 quod
2363 5581 2466 5654 hic
2493 5581 2846 5654 Cassiodorus
2885 5599 3099 5654 quoque
3147 5581 3494 5644 subindicare
3539 5590 3786 5654 videtur,

2171 5651 2294 5722 dum
2326 5652 2401 5705 ait
2427 5651 2763 5722 singulorum
2786 5651 2920 5706 facta
2940 5696 2954 5720 ,
2985 5651 3114 5718 e'tc.,
3146 5657 3300 5722 quasi
3321 5667 3472 5715 esset
3497 5660 3554 5714 in
3583 5651 3788 5716 casu-is

2171 5721 2385 5798 quidam
2416 5721 2727 5798 eitplorator
2753 5721 3028 5798 industria:
3064 5733 3121 5778 et
3149 5721 3480 5798 fortitudinis
3507 5729 3787 5798 cujusque

2173 5789 2432 5867 militum,
2475 5789 2628 5857 cujus
2670 5794 2998 5867 renuntiatio
3046 5795 3188 5867 apud
3236 5797 3535 5867 principem
3569 5789 3788 5857 valeret

2177 5861 2243 5916 ad
2272 5861 2454 5918 militis
2482 5863 2684 5918 strenui
2710 5861 3252 5922 commendandaeth
3285 5861 3456 5924 Fons".
