3974 6392
198 359 308 416 665
1295 415 1302 424 .

725 472 1056 530 EPISTULA
1097 470 1290 526 XXIX.

433 603 594 644 NEUDI
623 602 745 641 VIRO
771 601 1015 641 ιιιυδτιιι
1046 597 1412 640 τιιεουοιιιευδ
1441 595 1569 634 REX.

199 701 350 757 lubet
391 709 446 754 ut
475 717 590 756 non
635 699 875 752 trahatur
905 695 1102 752 Ocerus
1141 712 1308 749 εωευε
1341 695 1392 747 in
1423 693 1737 753 servitutem,
1761 688 1808 742 si

416 769 715 840 probavisse
741 785 795 823 se
822 785 934 823 esse
956 770 1235 839 ingenuum
1266 764 1574 836 reperiatur.

269 883 440 938 Movit
489 898 592 938 nos
618 881 834 952 quidem
862 878 1022 933 Oceri
1063 877 1178 932 fusa
1209 875 1473 947 precatio.
1514 871 1609 928 sed
1639 869 1810 939 magis

201 975 658 1032 miserabiliorem
681 971 914 1028 reddidit
955 971 1129 1026 virum
1157 968 1374 1024 luminis
1415 965 1498 1022 sui
1525 963 1812 1033 ademptus

129 1079 140 1096 ν
201 1075 452 1133 amatus,
481 1064 609 1134 quia
638 1077 862 1118 necesse
895 1071 981 1116 est
1009 1071 1068 1115 ut
1091 1059 1322 1132 amplius
1351 1063 1667 1128 permoveat
1697 1053 1810 1107 visa

199 1175 366 1233 quam
396 1157 576 1212 audita
591 1157 891 1212 calamitas.
920 1154 966 1210 ls
987 1153 1132 1235 enim
1154 1160 1412 1222 perpetua
1436 1157 1594 1203 nocte
1623 1161 1812 1216 super-

201 1262 314 1310 stes
342 1250 410 1305 ad
436 1249 676 1305 remedia
702 1257 884 1304 nostra
914 1255 1142 1302 mutuati
1183 1245 1401 1299 luminis
1430 1239 1692 1296 beneficio
1735 1238 1812 1293 fe-

203 1341 461 1406 stinavit;
494 1349 552 1394 ut
581 1354 742 1409 quem
772 1339 956 1393 videre
978 1353 1085 1392 non
1112 1344 1327 1406 poterat
1349 1332 1540 1387 saltem
1574 1329 1813 1385 clemen-

206 1433 295 1486 tiaa
324 1432 592 1488 suavitate
621 1430 865 1485 sentiret.
901 1427 1242 1501 89Clamat
1283 1429 1426 1482 enim
1467 1423 1566 1480 sibi
1596 1421 1809 1484 Gudila,

207 1524 296 1579 vel
327 1521 552 1594 Oppane
580 1521 908 1590 incognitam
948 1536 1049 1576 suo
1079 1518 1263 1589 generi
1293 1515 1660 1573 conditionem
1693 1527 1812 1566 ser-

208 1616 396 1670 vitutis
416 1613 638 1685 imponi,
669 1629 794 1668 cum
823 1611 1030 1684 pridem
1055 1611 1156 1666 sub
1181 1610 1430 1666 libertate
1457 1615 1672 1662 nostros
1699 1603 1815 1658 fue-

207 1709 280 1765 rit
307 1717 526 1764 secutus
550 1708 841 1764 exercitus.
873 1705 1048 1761 Mirati
1077 1719 1263 1760 sumus
1297 1703 1460 1758 talem
1490 1702 1544 1756 in
1587 1698 1816 1754 famula-

209 1807 323 1853 tum
355 1798 525 1867 trahi,
553 1797 644 1868 qui
672 1812 704 1850 a
730 1812 864 1852 vero
891 1795 1114 1851 domino
1147 1793 1420 1850 debuisset
1447 1789 1668 1861 expelli.
1699 1788 1811 1844 Νο-

209 1905 308 1944 vus
330 1889 564 1944 ambitus
591 1895 674 1943 est
695 1887 855 1942 talem
879 1885 1093 1961 [Juret.,
1121 1882 1344 1955 cazcum]
1362 1897 1628 1953 querere,
1649 1894 1813 1951 quem

211 1981 384 2053 possis
405 1981 659 2045 horrere;
690 1993 1014 2049 servumque
1058 1977 1260 2042 dicere,
1293 1976 1380 2030 cui
1407 1974 1606 2030 debeas
1635 1971 1812 2026 divina

201 2071 644 2128 consideratione
687 2069 914 2125 servire.
969 2069 1246 2137 Adjiciens
1291 2067 1455 2123 etiam
1506 2061 1817 2133 bujusmodi

203 2161 507 2218 calumnias
535 2159 737 2234 Pythiae
757 2160 970 2216 comitis
988 2160 1274 2215 celebratae
1294 2156 1562 2228 opinionis
1589 2155 1688 2210 viri
1717 2151 1818 2208 sibi

200 2253 610 2308 examinatione
639 2251 938 2308 submotas.
969 2251 1121 2306 Nunc
1149 2259 1327 2306 autem
1355 2247 1680 2304 inlirmitatis
1708 2260 1820 2300 sua:

201 2345 356 2400 mole
400 2359 788 2418 compressum,
833 2359 1006 2399 manu
1037 2342 1316 2399 vindicare
1344 2358 1451 2396 non
1483 2355 1676 2412 posse,
1699 2351 1820 2409 quae

205 2443 442 2507 patrona
470 2432 698 2490 fortibus
726 2435 988 2505 probatur
1011 2433 1287 2488 assistere.
1325 2431 1432 2487 Sed
1461 2446 1563 2486 nos
1590 2443 1820 2498 quorum

201 2536 296 2584 est
321 2529 598 2599 proprium
620 2527 761 2584 inter
780 2543 940 2599 pares
965 2542 1030 2582 ac
1057 2526 1303 2597 dispares
1321 2523 1638 2595 aequabilem
1662 2520 1822 2590 justi-

206 2618 346 2672 tiam
369 2617 662 2683 custodire,
686 2617 937 2689 praesenti
955 2616 1197 2688 jussione
1217 2615 1582 2682 decernimus,
1607 2620 1666 2666 ut
1694 2611 1741 2667 si
1768 2611 1820 2666 in

205 2709 413 2779 judicio
439 2726 600 2781 supra
629 2710 914 2766 memorati
933 2708 1204 2780 quondam
1236 2707 1442 2780 Pythia:
1469 2721 1528 2760 se
1568 2703 1820 2776 probavit

206 2801 527 2870 ingenuum,
557 2802 949 2858 calunmiantes
974 2801 1220 2872 protinus
1241 2799 1566 2866 amoveatis;
1600 2813 1702 2854 nec
1728 2813 1824 2852 au-

205 2895 382 2952 deant
425 2898 653 2954 ulterius
696 2899 1110 2957 necessitatibus
1154 2898 1346 2954 alienis
1393 2895 1658 2963 illudere,
1685 2910 1824 2965 quos

207 2987 387 3044 semel
407 2989 690 3046 convictos
715 2989 973 3047 decuerat
1000 3004 1098 3045 sua
1135 2999 1263 3046 vota
1291 2989 1570 3044 damnare.

743 3119 1081 3176 EPISTULA
1120 3117 1290 3175 XXX.

456 3250 616 3291 GUDUI
651 3251 777 3291 νιιιο
814 3251 1024 3292 ευιιιηιι
1062 3250 1427 3292 τηεουοιιιουε
1464 3251 1592 3291 REX.

227 3345 479 3415 Praecipit
504 3355 621 3418 uta
656 3344 870 3418 Cpstula
900 3355 1055 3418 atque
1095 3347 1252 3401 Daila
1277 3344 1564 3401 Gothorum
1587 3343 1825 3400 libertate

438 3415 780 3488 gaudentibus
818 3415 980 3472 onera
1009 3419 1217 3472 servilia
1249 3427 1605 3472 amoveantur.

297 3529 448 3597 Quos
485 3528 650 3586 duces
703 3530 969 3599 eligimus,
1003 3531 1082 3586 eis
1108 3529 1268 3585 simul
1297 3538 1354 3585 et
1393 3529 1662 3600 aequitatis
1703 3545 1824 3584 mo-

228 3629 413 3678 menta
468 3620 593 3690 jure
633 3621 949 3691 delegamus
1003 3640 1017 3676 :
1059 3623 1186 3694 quia
1242 3639 1352 3678 non
1403 3630 1610 3678 tantum
1662 3621 1827 3676 armis

228 3720 494 3784 quantum
536 3712 752 3782 iudiciis
801 3729 900 3770 nos
937 3713 1082 3770 ellici
1128 3713 1374 3784 cupimus
1412 3712 1692 3768 clariores.
1715 3709 1826 3767 Co-

230 3805 375 3862 stula
401 3804 565 3873 igitur
600 3814 764 3875 atque
792 3803 943 3860 Daila
981 3821 1128 3870 cum,
1175 3805 1290 3862 Deo
1332 3806 1590 3877 pr0pitio,
1621 3802 1828 3860 Gotho-

231 3912 351 3951 rum
383 3905 693 3952 nostrorum
721 3896 970 3956 libertate
1000 3896 1272 3964 laetentur,
1289 3912 1457 3952 onera
1483 3897 1585 3952 sibi
1614 3895 1828 3951 servilia

233 4001 264 4041 a
287 3986 444 4041 vobis
463 3993 757 4041 causantur
780 3985 1006 4056 iniungi,
1038 4001 1158 4056 quae
1182 4002 1284 4044 nec
1311 3987 1458 4058 ipsos
1485 3987 1682 4042 deceat
1707 4001 1832 4056 per-

233 4077 372 4148 peti,
405 4091 508 4132 nec
550 4078 804 4148 cuiquam
855 4078 1299 4134 irrationabiliter
1349 4076 1432 4134 fas
1478 4078 1550 4134 sit
1601 4077 1828 4149 imponi.

235 4168 395 4236 Quod
422 4168 467 4224 si
497 4168 571 4223 ita
599 4177 811 4239 gestum
836 4183 958 4225 esse
1003 4169 1310 4238 cognoscis,
1338 4169 1456 4224 sine
1493 4169 1670 4238 aliqua
1699 4166 1834 4222 dila-

236 4261 389 4316 tione
417 4259 582 4315 facias
604 4260 876 4315 amoveri:
895 4276 964 4316 ne
993 4260 1061 4315 ad
1091 4277 1192 4316 nos
1219 4259 1418 4316 exinde
1447 4260 1674 4316 ulterius
1700 4274 1834 4330 que-

236 4350 354 4406 rela
385 4358 692 4418 revocetur,
722 4359 778 4406 et
810 4350 1032 4421 incipiat
1077 4351 1256 4418 gravis
1295 4365 1415 4405 esse
1441 4349 1623 4404 animo
1645 4357 1834 4404 nostro

237 4443 298 4498 in
350 4441 544 4498 ducem
598 4441 844 4496 revoluta
894 4442 1160 4510 causatio,
1190 4456 1352 4511 quem
1396 4441 1566 4510 magis
1620 4447 1838 4512 oportet

239 4533 372 4588 talia
396 4545 657 4605 peragere
684 4547 806 4604 quae
825 4547 926 4588 nos
944 4531 1178 4588 delectet
1205 4532 1411 4587 audire.

750 4665 1085 4724 EPISTOLA
1122 4664 1296 4722 XXXI

416 4795 698 4836 υεεοιιλτο
735 4796 859 4836 νῐιιο
896 4795 1110 4836 »ενοι-ο
1149 4793 1516 4834 τηεουοιιιευε
1554 4793 1687 4834 REX.

245 4893 493 4948 Decernit
534 4901 590 4948 ut
633 4893 847 4947 Marcus
899 4892 1192 4965 presbyter,
1243 4893 1482 4948 Andreas
1523 4901 1574 4948 et
1611 4894 1704 4965 alii
1745 4909 1837 4948 co-

319 4973 510 5036 gantur
541 4969 610 5018 ad
659 4963 930 5032 pecuniam
975 4963 1100 5020 ﬁsco
1146 4965 1475 5030 solvendam,
1503 4966 1547 5018 si
1585 4963 1835 5019 debitores

317 5035 430 5089 esse
459 5035 768 5089 constiterit.

320 5143 558 5202 Thomas
589 5146 670 5200 vir
699 5145 1030 5203 clarissimus
1058 5147 1200 5202 inter
1222 5147 1473 5218 Apuliam
1511 5150 1834 5206 Calabriam-

241 5251 357 5310 que
378 5237 686 5308 provincias
715 5236 784 5293 de
811 5238 1102 5308 siliquatici
1125 5241 1281 5295 titulo
1311 5241 1664 5298 indictionum
1693 5252 1848 5300 octa-

242 5345 354 5394 vm,
389 5343 566 5396 nonac,
601 5328 925 5397 undecimae,
947 5329 1154 5400 primae,
1181 5331 1431 5386 secundze
1452 5339 1508 5387 et
1533 5332 1732 5404 quinta:
1748 5333 1847 5389 de-

243 5424 426 5490 cimm,
457 5438 592 5492 quas
620 5421 688 5477 ad
709 5419 1131 5478 conductionem
1152 5435 1307 5477 suam
1334 5422 1664 5492 pertinuisse
1692 5439 1845 5479 com-

326 5636 354 5664 ι
374 5624 433 5681 L.
469 5643 561 5682 un.
587 5625 650 5683 C.
679 5625 888 5681 Theod.
923 5625 991 5682 de
1021 5624 1234 5680 emend.
1266 5624 1520 5696 propinq.
1558 5622 1846 5696 Matronas

246 5706 543 5771 prostrata:
585 5697 875 5771 pudicitiae,
927 5697 1128 5771 quibus
1150 5694 1441 5771 accusator
1482 5694 1725 5771 publicus
1751 5696 1848 5751 de-

245 5765 421 5832 esset,
454 5777 515 5822 ut
531 5765 822 5838 propinqui
842 5765 994 5822 more
1023 5767 1288 5838 [Πεδίῳ-[ξω
1319 5767 1387 5822 de
1414 5765 1690 5838 communi
1721 5780 1848 5838 sen-

248 5839 427 5894 tentia
457 5835 777 5892 coercerent
804 5843 996 5890 auctor
1022 5835 1121 5891 fuit
1150 5836 1414 5894 Tiberius.
1460 5835 1753 5892 Suetonius
1793 5835 1848 5892 iu

248 5909 423 5983 ipsius
445 5908 567 5964 Vita
588 5924 708 5977 cap.
739 5907 827 5964 55.
860 5905 1096 5964 FOBNER.

1437 6033 1498 6041 -..σε

1509 339 1868 402 VARIARUM
1907 339 2112 396 LIBER
2152 340 2214 395 V.

1834 464 1885 524 Α
1911 466 2199 526 memorat,
2229 458 2518 515 nonnullos
2541 457 2834 514 maximam
2857 458 3096 530 pecuniae
3139 459 3500 530 quantitatem

1867 4592 1920 4652 D

3389 345 3493 402 666

1910 553 2146 609 retinere
2176 551 2269 626 [ο.
2298 551 2448 608 Grul.
2481 560 2530 607 et
2560 550 2702 624 Cuj.,
2753 552 2988 619 debere;
3021 553 3155 622 alii,
3192 553 3501 629 redhibere]

1909 645 2285 714 conqueritur.
2316 643 2384 698 Et
2412 644 2538 714 quia
2588 644 2878 699 utilitatem
2923 644 3197 715 publicam
3245 645 3501 701 diuturna

1909 751 2020 791 non
2049 736 2302 792 convenit
2325 736 2690 791 luditlcatione
2737 735 2964 802 differri,
2987 735 3111 792 ideo
3145 736 3366 793 devotio
3407 745 3502 793 tua

1911 827 2200 898 praesentia
2227 825 2449 882 decreta
2477 828 2801 898 suscipiens,
2831 827 3071 883 Marcum
3105 831 3500 901 presbyterum,

1911 919 2221 984 Andream,
2264 928 2321 976 et
2360 919 2716 988 Simeonium,
2743 920 2827 975 vel
2855 920 3093 990 reliquos
3145 935 3283 992 quos
3322 923 3506 978 brevis

1910 1012 2101 1068 subter
2125 1027 2372 1068 annexus
2391 1012 2684 1084 eloquitur,
2716 1021 2931 1067 servata
2959 1012 3015 1068 in
3048 1013 3300 1068 omnibus
3327 1013 3504 1068 civili-

1911 1110 2025 1158 tate
2043 1104 2334 1159 conveniat
2365 1121 2378 1158 :
2411 1113 2470 1160 ut
2516 1105 2563 1160 si
2607 1119 2704 1160 eos
2729 1120 2838 1160 non
2869 1119 2970 1176 per
3020 1105 3372 1174 calumniam,
3409 1107 3507 1161 sed

1910 1195 2230 1252 manifestos
2248 1212 2439 1252 revera
2489 1197 2619 1255 llsco
2664 1199 2973 1254 constiterit
3015 1214 3138 1255 esse
3184 1199 3462 1255 debitores
3489 1242 3506 1267 ,

1911 1304 2177 1345 summam
2212 1305 2332 1360 qua:
2351 1292 2748 1346 rationabiliter
2772 1291 3100 1362 postulatur,
3156 1292 3275 1348 sine
3329 1292 3508 1364 aliqua

1912 1379 2292 1437 imminutione
2311 1383 2644 1452 persolvant.
2686 1382 3086 1440 Providendum
3131 1390 3216 1439 est
3264 1384 3407 1439 enim
3438 1399 3508 1440 ne

1913 1471 2136 1542 spiritus
2155 1474 2552 1529 contumacium
2582 1490 2933 1544 personarum
2955 1475 3184 1546 publicis
3207 1476 3510 1532 rationibus

1915 1563 2136 1634 aliquod
2165 1565 2415 1620 videatur
2438 1565 2632 1622 afferre
2658 1567 3022 1637 dispendium.
3053 1565 3156 1635 Qui
3169 1583 3302 1625 vero
3330 1569 3510 1626 minus

1914 1657 2182 1714 intentata
2211 1667 2571 1728 cognoscunt,
2603 1659 2670 1714 ad
2697 1659 2960 1729 judicium
2990 1672 3308 1732 competens
3329 1669 3385 1718 te
3411 1661 3510 1718 im-

1914 1749 2157 1806 minente
2211 1752 2574 1817 conveniant;
2625 1759 2686 1806 ut
2729 1751 2878 1822 quod
2931 1753 3174 1823 aequitati
3221 1754 3512 1822 congruit,

1850 1837 1887 1895 Β
1915 1855 2272 1918 utrarumque
2293 1849 2529 1919 partium
2553 1848 2884 1920 allegatione
2905 1850 3204 1920 recognita,
3233 1850 3400 1907 salvis
3437 1851 3512 1906 le~

1918 1938 2075 2006 gibus
2098 1938 2404 2010 impleatur.

2423 2069 2758 2128 EPISTOLA
2789 2070 3004 2129 XXXII.

2285 2196 2564 2236 BMNDIL8
2605 2197 2975 2239 13800081008
3011 2199 3140 2239 IIII.

1920 2292 2178 2347 Admonet
2221 2301 2278 2346 ut
2321 2295 2552 2363 corrigat
2591 2292 2872 2348 Proculam
2912 2310 3130 2364 uxorem
3173 2311 3322 2348 suam
3345 2335 3360 2360 ,
3403 2312 3517 2364 qua:

1992 2365 2300 2435 gravissime
2327 2365 2646 2432 percussisse
2673 2380 2890 2418 uxorem
2917 2363 3170 2419 Patsenis
3203 2363 3466 2435 dicebatur
3489 2388 3510 2426 .-

1991 2434 2037 2489 si
2061 2445 2234 2488 tamen
2254 2443 2559 2506 accusatam
2587 2435 2725 2506 [also
2750 2452 2868 2489 eam
2891 2451 3005 2490 esse
3035 2436 3317 2490 crediderit
3349 2434 3516 2490 Brau-

1995 2506 2139 2568 dila,
2176 2505 2283 2559 vult
2330 2513 2388 2558 ut
2413 2504 2483 2558 ad
2520 2504 2700 2559 aulam
2739 2522 2857 2560 cum
2891 2522 3057 2560 uxore
3096 2506 3269 2561 veniat
3308 2523 3517 2560 causam

1993 2576 2246 2629 dicturus.

1997 2692 2144 2748 Adiit
2169 2708 2273 2748 nos
2296 2693 2591 2748 innumeris
2612 2692 2824 2749 vicibus
2848 2691 3099 2749 Patzenis
3120 2693 3350 2764 repetita
3387 2709 3520 2748 con-

1923 2786 2139 2857 questio
2175 2803 2189 2840 :
2219 2787 2314 2856 qui
2360 2801 2486 2842 cum
2537 2794 2684 2842 esset
2723 2785 2778 2841 iu
2828 2786 3178 2858 expeditione
3213 2786 3522 2843 felicissima

1925 2878 2272 2944 constitutus,
2296 2893 2326 2932 a
2352 2876 2582 2933 Procula
2625 2865 2857 2948 conjugé
2883 2888 2977 2935 tua
3008 2895 3234 2935 uxorem
3263 2894 3416 2935 suam
3445 2895 3525 2935 as-

1924 2971 2099 3028 seruit
2125 2970 2265 3026 trina
2293 2969 2460 3026 fuisse
2487 2969 2636 3026 caede
2662 2971 2960 3026 laceratam
2987 2989 2998 3024 :
3032 2971 3107 3026 ita
3136 2979 3195 3026 ut
3219 2971 3339 3027 solo
3359 2971 3526 3027 bene-

1930 3062 2052 3119 licio
2080 3060 2476 3132 desperationis
2498 3061 2791 3126 evaderet,
2823 3078 2948 3118 cum
2988 3079 3098 3119 non
3137 3063 3310 3135 plagis
3356 3061 3526 3132 fessa,

1927 3156 2024 3212 sed
2048 3155 2159 3226 jam
2186 3154 2503 3212 crederetur
2536 3154 2826 3211 exstincta.
2875 3155 3028 3212 Hanc
3075 3171 3195 3224 nos,
3247 3157 3294 3214 si
3345 3165 3526 3213 tamen

1927 3261 2056 3302 vera
2085 3255 2188 3308 est,
2221 3244 2275 3300 in
2307 3244 2507 3300 femina
2556 3258 2719 3314 quam
2759 3245 2998 3300 maxime
3043 3247 3306 3302 mirantes
3351 3245 3520 3301 auda-

1926 3338 2090 3406 ciam,
2129 3336 2360 3392 transire
2399 3351 2507 3391 non
2536 3336 2775 3407 patimur
2814 3337 3156 3408 impunitam.
3197 3337 3376 3408 Atque
3405 3338 3527 3394 ideo

1926 3428 2161 3485 decretis
2203 3436 2260 3484 te
2307 3429 2666 3499 praesentibus
2711 3428 3090 3498 admonemus,
3121 3437 3182 3486 ut
3229 3431 3277 3486 si
3326 3429 3528 3486 factum

1929 3520 2212 3576 evidenter
2256 3521 2529 3590 agnoscis,
2592 3520 2828 3578 delatam
2877 3523 3296 3594 querimoniam,
3336 3523 3528 3594 pudori

1930 3619 2023 3667 tuo
2078 3610 2408 3676 consulens,
2460 3611 2698 3667 maritali
2749 3612 3089 3670 districtione
3124 3623 3151 3653 ι
3191 3614 3527 3683 redarguas;

1929 3713 2204 3776 quatenus
2226 3721 2296 3761 ex
2323 3705 2518 3762 eadem
2563 3720 2729 3762 causa
2757 3705 2828 3762 ad
2857 3722 2960 3763 nos
2987 3706 3210 3777 querela
3248 3706 3393 3777 justa
3421 3723 3529 3763 non

1931 3797 2150 3862 redeat;
2180 3803 2239 3852 et
2264 3795 2477 3865 legibus
2531 3796 2751 3852 noveris
2798 3798 3038 3853 resecari
3069 3813 3254 3868 posse,
3299 3799 3445 3868 quod
3478 3809 3532 3854 te

1932 3895 2249 3958 oportuerat
2273 3888 2576 3944 domestica
2605 3889 2947 3946 districtione
2974 3893 3270 3959 corrigere.
3291 3892 3459 3958 Quod
3485 3893 3531 3948 si

1932 3978 2273 4035 mendacium
2302 3979 2475 4049 magis
2499 3979 2751 4050 petitoris
2791 3995 3056 4036 accusans
3085 3995 3302 4036 causam
3349 3981 3534 4038 dicere

1931 4069 2164 4127 fortasse
2183 4071 2441 4138 volueris,
2473 4079 2745 4127 summoto
2777 4071 3054 4128 dilationis
3097 4073 3403 4142 obstaculo,
3455 4074 3525 4130 ad

1934 4163 2253 4218 comitatum
2283 4171 2526 4218 nostrum
2561 4176 2683 4217 cum
2721 4161 3036 4232 supradicta
3065 4163 3297 4233 conjuge
3327 4171 3421 4220 tua
3449 4165 3534 4220 in-

1934 4263 2258 4311 cunctanter
2295 4269 2540 4320 occurre,
2573 4263 2870 4324 exceptura
2900 4262 2996 4310 aut
3045 4255 3114 4311 de
3156 4255 3341 4327 iniqua
3394 4272 3534 4327 pra:-

1936 4349 2248 4418 sumptione
2289 4348 2606 4406 vindictam.
2657 4357 2753 4404 aut
2799 4348 2869 4406 de
2913 4349 3158 4406 mulieris
3187 4350 3537 4423 improbitate

1937 4436 1968 4478 h
1998 4439 2302 4495 victoriam.

2425 4591 2774 4650 EPISTULA
2793 4592 3031 4655 XXXIII.

2215 4720 2554 4761 WlLITANCIIO
2591 4721 2713 4762 DUCI
2752 4723 3119 4766 TIIEODOBICUS
3155 4725 3280 4767 REX.

1954 4817 2100 4874 lubet
2125 4827 2198 4892 ut
2201 4818 2446 4892 discutiat
2476 4835 2688 4892 causam
2708 4817 2998 4882 Brandilw,
3023 4821 3110 4892 qui
3128 4819 3384 4892 Reginam
3404 4839 3540 4879 uxo-
3639 4875 3648 4883 ,

2017 4906 2131 4943 rem
2158 4888 2426 4954 Patrenis,
2460 4889 2580 4942 dum
2605 4890 2658 4942 in
2693 4888 3045 4958 expeditione
3065 4888 3342 4947 Gallicana
3365 4911 3531 4949 versa-

2019 4968 2182 5024 retur,
2214 4961 2269 5014 in
2302 4960 2694 5013 matrimonium
2724 4961 2976 5026 duxerat;
3006 4970 3057 5015 et
3084 4963 3129 5016 si
3157 4965 3542 5020 accusationem

2021 5045 2194 5084 veram
2221 5031 2535 5102 cognoverit,
2575 5029 2840 5084 adulteros
2867 5032 3072 5101 puniat.

2020 5143 2213 5200 Gravis
2239 5155 2322 5200 est
2352 5142 2600 5198 Patzenis
2622 5142 2928 5198 clementia:
2951 5151 3152 5198 nostra:
3179 5144 3432 5200 sensibus
3461 5145 3545 5201 iu-

1951 5238 2139 5293 timata
2189 5235 2508 5306 conquestio
2547 5234 2683 5303 :qui
2735 5250 2794 5290 se
2844 5236 2898 5288 in
2945 5233 3290 5306 expeditione
3337 5235 3545 5294 Gallica

1950 5328 2266 5391 constituto,
2325 5327 2381 5382 in
2421 5341 2546 5382 eum
2587 5324 2900 5380 Brandilam
2947 5326 3264 5396 prosiluisse
3312 5335 3545 5384 testatur

1951 5436 2254 5487 excessum,
2285 5429 2344 5475 ut
2371 5434 2595 5475 uxorem
2623 5417 2743 5488 ejus
2775 5417 3031 5487 Reginam
3075 5419 3298 5490 proprio
3326 5420 3547 5476 socian-

2028 5622 2056 5663 ι)
2086 5622 2324 5680 Feminis
2351 5623 2419 5679 ad
2438 5625 2642 5680 scelera
2668 5625 2811 5680 vires
2837 5639 2960 5680 esse
2989 5625 3063 5679 ait
3097 5624 3296 5680 Fabius
3323 5622 3550 5692 Quintil.

1957 5694 2189 5750 declam.
2222 5695 2276 5748 2.
2307 5693 2370 5749 L.
2394 5694 2494 5750 ult.
2517 5694 2580 5751 C.
2613 5693 2820 5749 Theod.
2851 5697 2917 5748 ad
2945 5695 3050 5762 leg.
3075 5695 3240 5751 Corn.
3265 5694 3334 5750 de
3354 5695 3553 5751 sicar.:

1956 5767 2147 5821 mitior
2173 5767 2318 5821 enim
2341 5766 2486 5821 circa
2513 5781 2608 5820 eas
2632 5766 2794 5820 debet
2821 5780 2942 5820 esse
2980 5765 3269 5831 sententia,
3290 5780 3427 5834 quas
3454 5781 3551 5834 pro

1960 5835 2278 5892 inﬁrmitate
2321 5851 2484 5894 sexus
2535 5837 2716 5892 minus
2761 5850 2988 5892 ausurae
3035 5850 3155 5893 esse
3212 5835 3551 5894 conﬁdimus.

1957 5903 2196 5964 Fonssn.
