3974 6392
165 345 278 400 669

1475 337 1836 394 VARIARU}!
1882 337 2084 392 iIBER
2123 338 2194 395 ν.

3373 341 3475 396 670

165 473 390 527 mquam
433 457 796 529 judicavimus
843 457 1118 531 Hispania:
1166 459 1407 514 triticeas
1455 457 1528 512 illi
1585 457 1772 527 copias
1803 461 1851 518 Α
1880 457 2079 522 lantur,
2109 455 2346 512 maxime
2375 471 2497 513 cum
2531 471 2632 527 pro
2663 456 2925 512 servanda
2953 458 3211 514 civilitate
3237 474 3340 515 nec
3371 459 3475 514 illis

169 548 463 615 exhibere;
497 559 558 605 ut
601 551 881 620 antiquum
920 549 1150 618 vectigal
1198 549 1300 606 sub
1349 548 1506 605 nobis
1559 546 1768 602 felicior

171 639 352 695 Roma
382 641 673 712 reciperet.
707 641 878 697 Jussis
907 641 1174 710 siquidem
1209 639 1412 696 nostris
1429 639 1532 695 viri
1557 645 1772 708 specta-

170 730 302 787 bilis
331 731 590 788 Marciani
611 733 770 788 laude
793 733 952 803 digna
979 732 1202 788 servivit
1237 731 1521 786 industria.
1550 727 1658 784 Sed
1687 743 1777 799 pa-

175 842 303 881 rum
333 824 626 896 diligenter
670 827 892 896 impleta
935 834 1081 890 sunt,
1136 841 1257 896 qua:
1305 831 1522 881 constat
1568 821 1776 892 optime

176 916 346 974 fuisse
371 926 682 988 procurata.
727 916 792 972 Hi
823 917 986 983 enim,
1012 916 1103 988 qui
1133 914 1400 988 portanda
1444 917 1550 986 91
1594 926 1778 968 susce-

178 1018 400 1082 perant,
441 1027 720 1066 morarum
770 1011 928 1066 undis
979 1027 1088 1066 non
1139 1009 1398 1074 ferentes,
1448 1006 1776 1063 destinatum

181 1101 512 1157 frumentum
543 1101 597 1156 in
627 1100 820 1156 Africa:
850 1101 1093 1172 partibus
1121 1116 1220 1172 pro
1248 1117 1347 1156 suo
1375 1099 1626 1154 dicuntur
1644 1113 1780 1153 ven-

179 1193 384 1248 didisse
407 1193 751 1263 compendio.
779 1191 937 1262 Quod
983 1192 1230 1263 quamvis
1279 1191 1509 1245 inultum
1559 1187 1780 1244 minime

182 1283 418 1338 transire
464 1283 740 1338 debuisset
790 1285 895 1353 (ut
946 1297 1102 1337 amor
1139 1281 1344 1354 proprii
1379 1278 1649 1337 commodi
1698 1285 1781 1333 tot

181 1373 510 1444 populorum
563 1373 749 1444 jejuna
803 1382 930 1428 vota
975 1370 1377 1444 suspenderet),
1429 1381 1612 1426 tamen
1653 1369 1779 1440 quia

181 1464 342 1518 nobis
365 1464 582 1518 insitum
614 1473 698 1518 est
743 1465 931 1534 culpas
956 1465 1257 1529 remittere,
1305 1477 1442 1532 quas
1492 1476 1782 1532 possumus

181 1566 344 1610 cauta
371 1555 717 1611 ordinatione
747 1557 1042 1626 corrigere,
1073 1555 1336 1611 Calellum
1361 1563 1417 1610 et
1443 1553 1781 1610 Servandum

180 1647 331 1703 viros
351 1656 602 1704 strenuos
641 1663 761 1703 esse
787 1648 1112 1704 credidimus
1149 1646 1482 1716 dirigendos;
1533 1653 1595 1700 ut
1643 1645 1771 1716 quia

182 1739 428 1794 nancleri
471 1739 735 1795 ducentos
756 1740 1027 1809 octoginta
1053 1739 1256 1794 solidos
1285 1738 1338 1792 in
1365 1737 1619 1805 triticum,
1645 1745 1701 1791 et
1727 1737 1780 1790 in

1875 555 2002 604 sunt
2031 546 2277 617 neganda
2317 547 2582 603 beneﬁcia
2623 547 2871 618 justitite,
2920 548 3012 618 qui
3056 547 3235 605 adhuc
3275 548 3329 603 in
3373 547 3478 603 [ide

1877 647 2282 710 cognoscuntur
2323 654 2530 695 errare.
2563 639 2741 710 Atque
2771 639 2897 694 ideo
2927 639 3142 696 discant
3168 656 3349 696 rerum
3379 641 3478 695 ho-

1879 745 2068 786 narum
2088 731 2466 788 suavissimum
2487 745 2773 804 saporem;
2803 739 2863 786 ut
2886 731 2976 801 qui
3005 732 3296 786 humanam
3314 731 3475 800 justi-

1879 821 2009 877 tiam
2059 822 2305 879 nituntur
2339 825 2606 894 quterere,
2655 823 2940 879 sollicitius
2987 822 3247 893 incipiant
3295 823 3474 878 divina

1873 913 2078 984 judicia
2105 915 2362 984 cogitare.
2395 912 2631 970 Proinde
2659 913 2918 984 quoniam
2964 913 3345 970 nonnullorum
3377 929 3476 968 vos

1879 1004 2193 1076 frequenter
2239 1006 2536 1062 causamini
2583 1007 3006 1077 praesumptione
3051 1005 3340 1073 laceratos,
3398 1015 3476 1074 et,

1880 1111 2001 1167 quin
2048 1096 2116 1152 ad
2162 1095 2506 1169 Synagogam
2548 1105 2791 1153 vestram
2838 1096 3152 1166 pertinent,
3185 1095 3480 1166 perhibetis

1875 1188 1998 1257 jura
2037 1189 2298 1255 rescindi;
2337 1187 2692 1260 opitulahitur
2725 1187 2882 1243 vobis
2919 1186 3344 1242 mansuetudinis
3381 1203 3481 1241 no-

1879 1287 2008 1334 strae
2037 1279 2309 1349 postulata
2336 1279 2528 1346 tuitio;
2561 1287 2827 1349 quatenus
2856 1278 3036 1335 nullus
3061 1277 3476 1341 ecclesiasticus,

1882 1384 2002 1438 quae
2031 1368 2330 1440 Synagogte
2358 1379 2553 1425 vestrae
2576 1369 2699 1439 jure
2725 1377 3078 1439 competunt,
3111 1368 3366 1422 violentia
3399 1367 3480 1420 in-

1884 1459 2197 1514 tercedente
2226 1458 2506 1530 pervadat,
2540 1473 2641 1514 nec
2669 1459 2860 1514 vestris
2887 1474 2946 1513 se
2967 1457 3144 1513 causis
3172 1457 3478 1526 importuna

1885 1549 2180 1604 acerbitate
2225 1549 2578 1620 permisceat;
2622 1549 2718 1603 sed
2777 1555 2834 1603 ut
2873 1548 3149 1616 religionis
3173 1547 3358 1612 cultu,
3403 1547 3478 1601 ita

1885 1650 1941 1696 et
1969 1649 2189 1695 actuum
2234 1640 2344 1695 sint
2386 1639 2801 1695 conversatione
2849 1638 3116 1692 discreti:
3151 1637 3254 1692 hac
3299 1646 3478 1691 tamen

1885 1730 2258 1786 moderatione
2287 1729 2603 1800 principalis
2631 1729 2816 1783 auxilii
2835 1727 3156 1784 benelicium
3183 1727 3482 1781 conceden-

182 1833 363 1888 naulis
385 1833 758 1903 septingentos
787 1832 1172 1904 quinquaginta
1203 1839 1331 1886 octo
1377 1829 1580 1884 solidos
1625 1843 1780 1884 acce-
1815 1845 1861 1906 Β
1887 1831 1990 1887 tes,
2017 1829 2075 1876 ut
2101 1837 2203 1876 nec
2231 1837 2329 1876 vos
2349 1819 2492 1890 quod
2521 1819 2588 1874 ad
2617 1817 2854 1890 pnefatze
2885 1817 3139 1873 Ecclesia:
3163 1815 3253 1885 jus
3280 1816 3362 1870 vel
3392 1830 3480 1870 re-

181 1927 332 1998 pisse
359 1927 734 1997 perhibentur,
767 1927 814 1983 si
851 1927 993 1998 apud
1022 1943 1121 1983 vos
1159 1924 1286 1982 lacti
1315 1925 1518 1980 veritas
1568 1923 1783 1979 innote-

182 2018 310 2084 scit,
353 2018 408 2073 in
434 2033 700 2074 summam
730 2017 943 2074 ratione
982 2017 1232 2080 collecta,
1285 2017 1352 2070 ab
1391 2017 1471 2071 eis
1497 2015 1646 2070 mille
1686 2015 1782 2070 tri-

184 2110 340 2180 ginta
385 2118 512 2166 octo
552 2109 850 2164 solidorum
903 2108 1178 2178 quantitas
1231 2106 1523 2170 inferatur;
1575 2113 1636 2162 ut
1691 2106 1784 2176 qui

183 2201 479 2257 vindictam
519 2201 848 2266 remisimus,
883 2201 1080 2256 damna
1106 2200 1327 2254 minime
1380 2199 1694 2254 sentiamus.
1727 2197 1784 2252 In

188 2308 300 2363 qua
322 2301 478 2362 parte
506 2293 580 2348 ita
608 2308 669 2349 se
713 2293 1014 2350 sublimitas
1040 2299 1220 2347 vestra
1263 2291 1550 2360 diligenter
1578 2291 1787 2360 impen-

187 2385 308 2451 dat,
337 2393 398 2440 ut
423 2393 478 2442 et
501 2385 722 2456 justitite
749 2393 806 2442 et
848 2384 1080 2458 publicis
1119 2383 1439 2439 utilitatibus
1463 2381 1788 2438 satisfecisse

187 2476 440 2534 videatur
467 2487 516 2533 ι.

691 2587 1019 2646 EPISTOLA
1055 2587 1298 2645 XXXVI.
1362 2592 1379 2610 ⁸

373 2696 664 2739 ετηεευιο
693 2696 816 2737 VIBO
844 2697 1053 2736 SUBLIII
1085 2696 1454 2736 THEODORICUS
1483 2696 1610 2736 REX.

194 2773 358 2829 Illum
371 2774 433 2827 ob
454 2771 800 2826 membrorum
823 2771 1141 2824 debilitatem
1157 2771 1220 2824 ab
1249 2771 1578 2839 expeditione
1607 2769 1792 2824 bellica

267 2845 489 2906 eximit;
535 2853 586 2897 et
631 2841 883 2911 permittit
919 2851 976 2894 ut
1021 2841 1263 2912 deinceps
1302 2842 1460 2896 vitam
1499 2841 1792 2910 remissam,

270 2916 502 2986 privatus
533 2922 702 2967 tamen
728 2912 994 2979 donativo,
1019 2913 1214 2982 exigat.

270 3024 612 3081 Continuatis
640 3023 914 3078 laboribus
943 3021 1191 3077 attritum
1232 3037 1430 3093 corpus
1453 3021 1792 3078 debilitatem

197 3119 298 3174 tibi
323 3117 562 3172 causaris
592 3115 836 3170 attulisse
859 3115 1256 3179 membrorum;
1287 3121 1346 3169 ut
1367 3116 1459 3186 qui
1481 3125 1608 3171 ante
1630 3114 1790 3172 belli-

199 3211 284 3268 cis
312 3208 490 3264 fueras
534 3217 693 3278 aptus
730 3207 1047 3276 insignibus,
1079 3222 1222 3262 nunc
1248 3207 1334 3262 vel
1363 3207 1430 3262 ad
1456 3209 1686 3264 otiosam
1714 3208 1797 3263 vi-
1827 3229 1874 3294 ρ

201 3312 317 3356 tam
345 3302 432 3358 vix
459 3301 684 3356 idoneus
711 3301 1064 3372 approberis:
1095 3309 1358 3371 expetens
1399 3311 1457 3356 ut
1483 3302 1552 3358 ad
1573 3302 1796 3374 expedi-

204 3395 385 3450 tiones
429 3393 766 3448 felicissimas
794 3408 904 3448 non
933 3391 1146 3461 cogaris
1168 3430 1184 3455 ,
1235 3407 1266 3446 a
1294 3392 1490 3464 quibus
1513 3409 1627 3468 non
1645 3402 1797 3462 voto,

204 3485 305 3542 sed
327 3483 648 3540 necessitate
669 3481 1002 3538 subduceris.
1034 3483 1210 3552 Atque
1237 3483 1363 3539 ideo
1391 3484 1802 3556 allegationibus

205 3582 318 3634 tuis
345 3578 542 3632 diutius
570 3576 902 3649 perquisitis,
932 3584 988 3632 et
1015 3575 1084 3632 ad
1107 3591 1288 3632 rerum
1334 3577 1494 3632 tidem
1533 3576 1798 3642 deductis.

207 3669 382 3724 otiirn
407 3669 504 3724 tibi
545 3684 652 3722 non
682 3665 921 3736 ignobile
949 3664 1068 3740 [Gn
1092 3676 1142 3721 et
1169 3663 1287 3738 Cuj.
1319 3665 1641 3740 ignorabile]
1664 3661 1802 3738 pra:-

207 3762 353 3818 sentl
372 3760 614 3830 jussione
636 3759 932 3829 largimur:
964 3758 1092 3828 quia
1121 3774 1230 3814 non
1257 3767 1342 3814 est
1371 3759 1594 3830 ignavia:
1621 3761 1802 3831 culpa,

209 3867 374 3923 quem
395 3859 623 3908 excusat
645 3851 949 3907 miseranda
971 3851 1271 3908 calamitas.
1297 3851 1405 3908 Sed
1429 3853 1568 3908 sicut
1594 3853 1691 3908 tibi
1717 3869 1806 3908 re-

207 3946 432 4002 missam
466 3944 632 3998 vitam
666 3942 1044 4012 concedimus,
1075 3943 1150 3998 ita
1179 3951 1233 3998 te
1261 3941 1520 4000 donativo
1549 3945 1805 4017 praesenti

211 4035 538 4091 auctoritate
559 4034 832 4106 privamus
861 4051 876 4087 :
906 4034 1032 4103 quia
1059 4049 1167 4090 non
1197 4043 1283 4090 est
1305 4050 1520 4106 aequum
1551 4043 1609 4090 ut
1627 4076 1642 4102 ,
1679 4051 1802 4092 cum

210 4124 282 4180 de
319 4134 412 4181 tuo
443 4124 792 4194 cognoscaris
837 4123 1096 4193 idoneus,
1127 4140 1246 4181 rem
1274 4125 1634 4181 laborantium
1663 4127 1808 4182 acci-

211 4235 346 4290 pere
372 4218 574 4273 debeas
587 4216 811 4272 otiosus.
827 4216 1031 4272 Fruere
1061 4217 1226 4286 igitur
1243 4232 1434 4273 secura
1455 4219 1585 4284 vita,
1611 4219 1807 4276 adver-

210 4325 398 4366 sorum
425 4309 630 4364 insidiis
648 4316 836 4364 nostro
856 4309 1154 4366 munimine
1177 4309 1456 4366 liberatus.
1481 4309 1591 4366 Nec
1611 4311 1808 4382 aliquis

207 4400 312 4458 tibi
366 4400 653 4471 imputabit
699 4400 992 4457 desertoris
1042 4401 1418 4471 opprobrium,
1465 4403 1684 4472 quando
1730 4404 1807 4460 illi

212 4510 354 4564 quos
397 4492 686 4562 contigerit
711 4507 742 4546 a
789 4492 976 4547 militia
1009 4491 1182 4548 morbi
1207 4509 1370 4549 causa
1413 4493 1692 4563 suspendi,
1741 4511 1808 4551 ex

1885 1915 2102 1983 l'giosas
2123 1929 2385 1984 personas
2421 1921 2648 1968 crateras
2683 1911 2890 1982 legibus
2917 1910 3194 1982 pertinere
3222 1909 3485 1966 constite-

1883 2010 1948 2063 rit
1969 2051 1982 2074 ,
2011 2007 2295 2063 inciviliter
2317 2013 2612 2060 attrectare
2645 2004 2886 2060 tentelis.
2931 2002 3270 2058 Tricennalis
3299 2008 3482 2056 autem

1884 2100 2122 2154 humano
2145 2097 2328 2167 generi
2351 2106 2580 2170 patrona
2600 2095 2934 2167 przescriptio
2960 2105 3008 2159 ο,
3034 2109 3102 2149 eo
3123 2108 3232 2163 quo
3253 2092 3482 2158 cunctis,

1886 2191 2038 2245 vobis
2086 2191 2210 2260 jure
2283 2187 2632 2250 servabitur;
2695 2201 2796 2241 nec
2864 2184 3302 2241 conventionalia
3359 2183 3480 2252 (ed.

1885 2281 2033 2346 Αεε..
2079 2277 2460 2348 commodalia)
2501 2292 2600 2331 vos
2657 2275 3102 2331 irrationabiliter
3145 2272 3486 2344 praecipimus

1887 2370 2156 2426 sustinere
2201 2369 2514 2441 dispendia;
2560 2376 2621 2422 ut
2662 2367 2768 2423 bac
2806 2366 3025 2436 pietatis
3072 2371 3269 2420 nostra:
3295 2361 3486 2418 defen-

1889 2463 2042 2518 sione
2070 2460 2286 2526 muniti,
2316 2459 2506 2530 petitio
2535 2467 2716 2514 vestra
2765 2457 2834 2513 ab
2865 2456 3068 2512 illicitis
3113 2469 3172 2510 se
3201 2454 3485 2509 liberatam

1891 2553 2190 2621 gratuletur
2231 2550 2606 2610 incommodis.
2655 2548 3019 2605 Concedimus
3068 2545 3307 2618 quidem,
3377 2543 3490 2599 cle-

1893 2648 2108 2704 mentiae
2131 2653 2327 2702 nostra:
2351 2645 2766 2713 consuetudine,
2783 2660 2904 2715 qua:
2926 2642 3180 2712 rogastis.
3211 2639 3317 2697 Sed
3337 2639 3486 2710 quid,

1892 2739 2093 2804 Judtee,
2139 2738 2447 2810 supplicans
2477 2736 2832 2808 temporalem
2885 2735 3121 2808 quietem
3174 2733 3391 2804 quaeris,
3441 2730 3490 2788 si

1894 2841 2155 2888 aeternam
2187 2830 2429 2902 requiem
2460 2829 2702 2884 invenire
2733 2843 2838 2884 non
2867 2827 3078 2898 possis?

2360 2939 2700 2998 EPISTOLA
2735 2937 3024 2996 XXXVIII.

2064 3049 2335 3090 UNIVERSIS
2370 3046 2774 3089 POSSESSOBIBUS
2803 3043 3170 3086 τιιεουοιιιουε
3196 3043 3324 3084 REX.

1935 3121 2090 3178 Iubet
2113 3132 2168 3180 ut
2195 3123 2410 3180 arbores
2433 3121 2657 3194 Signina
2683 3121 2826 3244 αιυῖο
2855 3121 3183 3174 innascentes
3209 3116 3458 3172 radicitus

2527 3201 2768 3244 amnuten
2797 3207 2879 3244 ur.

2527 3201 2879 3263 amputentur.

1975 3283 2248 3341 Admonet
2295 3299 2396 3340 nos
2441 3282 2736 3338 formarum
2787 3295 2919 3338 cura
2965 3279 3256 3351 przecipua,
3288 3286 3350 3332 ut
3375 3291 3498 3348 quae

1902 3384 2131 3452 possunt
2147 3375 2310 3432 noxie
2331 3390 2602 3444 crescere,
2624 3373 2918 3430 debeamus
2943 3371 3175 3428 celerius
3193 3376 3494 3439 amputare;

1902 3474 2171 3540 quatenus
2199 3475 2256 3523 et
2283 3465 2529 3522 soliditas
2543 3463 2916 3537 aqumductus,
2950 3463 3062 3519 Deo
3085 3461 3403 3526 auxiliante,
3427 3459 3499 3514 in-

1902 3568 2158 3633 corrupta
2183 3567 2452 3624 servetur,
2483 3566 2539 3614 et
2566 3558 2721 3614 vobis
2749 3557 2868 3612 leve
2889 3556 2962 3612 sit
2988 3570 3145 3628 Opus,
3168 3553 3313 3624 quod
3336 3553 3391 3608 in
3415 3560 3496 3607 te-

1905 3651 2051 3707 neris
2091 3649 2375 3706 arboribus
2417 3647 2724 3704 adhibetur.
2757 3645 3040 3716 Namqua:
3075 3659 3220 3700 nunc
3267 3641 3500 3712 virgulta

1904 3752 2049 3806 sunt,
2078 3749 2257 3807 erunt,
2287 3739 2333 3796 si
2357 3738 2713 3807 negligantur,
2746 3745 2802 3792 et
2823 3737 3044 3792 robora.
3077 3735 3182 3790 Ista
3213 3734 3358 3790 enim
3383 3746 3502 3802 qua:

1904 3829 2069 3886 modo
2097 3829 2242 3884 facili
2283 3828 2564 3883 avulsione
2612 3825 2977 3891 dirimuntur,
3015 3813 3318 3895 postea‘vix
3347 3837 3503 3877 secu-

1905 3923 2056 3979 ribus
2084 3923 2189 3977 icta
2228 3919 2602 3978 succumbunt.
2647 3918 2826 3989 Atque
2873 3916 2998 3972 ideo
3045 3917 3248 3972 sociata
3295 3912 3506 3968 debetis

1905 4015 2291 4089 properatione
2310 4011 2662 4078 contendere,
2684 4019 2742 4066 ut
2763 4010 3012 4082 praesenti
3039 4007 3314 4078 diligentia
3340 4005 3503 4060 futuri

1907 4108 2110 4165 laboris
2155 4106 2402 4162 evadatis
2451 4103 2814 4160 incommoda.
2862 4101 2990 4158 llaec
3031 4109 3116 4156 est
3156 4099 3300 4154 enim
3329 4095 3504 4153 civilis

1909 4201 2004 4277 [1).
2029 4200 2178 4256 Grai.
2212 4208 2262 4254 et
2285 4198 2402 4272 Cuj.
2421 4239 2437 4265 ,
2461 4197 2676 4262 curilis;
2700 4194 2894 4258 Juret.,
2913 4195 3066 4265 forte,
3092 4187 3326 4261 subtilis]
3347 4202 3502 4242 ever-

1909 4295 2012 4359 sio,
2036 4292 2153 4348 sine
2181 4289 2587 4362 oppugnatione
2616 4285 2892 4344 dissidium
2915 4325 2930 4349 ,
2971 4283 3132 4348 aries,
3160 4289 3222 4336 ut
3246 4283 3322 4334 ita
3349 4277 3504 4333 dixe-

1911 4387 2034 4452 rim,
2066 4385 2410 4440 fabricarum.
2443 4381 2788 4453 Quapropter
2809 4393 3024 4435 omnem
3048 4375 3238 4430 silvam
3263 4386 3384 4442 qua:
3409 4385 3506 4441 pa-

1913 4479 2139 4534 rietibus
2165 4477 2382 4532 inimica
2426 4473 2744 4544 consurgit,
2779 4473 2848 4528 de
2878 4470 3196 4525 Ravennate
3223 4464 3395 4520 forma
3421 4461 3509 4532 ju-

212 4557 492 4658 prioribus
544 4557 701 4640 factis
753 4583 986 4640 habendi
1032 4590 1160 4640 sunt
1193 4583 1318 4655 jure
1364 4557 1794 4642 reverendi.'Net

1913 4569 2103 4625 bemus
2130 4568 2389 4624 radicitus
2429 4565 2732 4638 amputari;
2756 4571 2818 4619 ut
2854 4561 3060 4633 Signini
3093 4557 3232 4613 alvei
3257 4562 3510 4625 reparata

213 4677 362 4732 enim
391 4674 582 4744 dignus
609 4683 694 4729 est
715 4689 745 4739 a
773 4689 1047 4744 quoquam
1075 4674 1355 4744 redargui,
1387 4674 1481 4744 qui
1509 4683 1698 4732 nostro
1719 4677 1808 4746 ju-
1831 4725 1854 4744 ,

113 4761 128 4770 ’
213 4769 361 4825 dicio
390 4776 632 4824 meretur
659 4767 866 4822 absolvi
889 4765 938 4820 δ.

680 4873 1016 4932 EPISTOLA
1051 4871 1317 4946 xxxvm

376 4985 572 5025 πωλεῖς
596 4982 1080 5024 ιευιοιΑΝεΝειΒυε
1105 4982 1475 5024 τηεοοοωουε
1512 4983 1640 5022 REX.

215 5059 499 5117 Conservat
529 5058 658 5129 jura
679 5073 856 5129 eorum
886 5057 1186 5129 Syrtagoga:
1213 5057 1336 5110 olim
1363 5073 1628 5124 concessa,
1657 5055 1811 5112 dum-

487 5125 641 5184 modo
661 5127 866 5200 juribus
887 5125 1137 5182 Ecclesiae
1161 5143 1268 5182 non
1297 5136 1538 5182 noceant.

294 5219 548 5276 Libenter
573 5217 864 5274 annuimus
891 5231 1009 5288 qua:
1047 5217 1164 5272 sine
1193 5216 1370 5285 legum
1403 5217 1598 5287 injuria
1627 5224 1815 5289 postu-

291 5383 316 5410 ιι
349 5370 483 5442 Vide
511 5368 894 5442 Symmachum
916 5366 1008 5424 lib.
1035 5385 1088 5431 x,
1121 5382 1208 5442 ep.
1242 5366 1330 5422 50.
1355 5366 1548 5442 Junsjr.

293 5443 320 5481 δ
343 5441 445 5497 Fas
473 5438 566 5496 est
581 5440 886 5510 maculosas
911 5448 1069 5510 notas
1099 5438 1586 5510 vitiaueﬂprincipis
1607 5440 1820 5510 opinio-

217 5516 306 5570 nis
335 5515 664 5580 abstergere.
715 5509 808 5566 Sic
837 5511 870 5563 Ι.
892 5509 974 5580 74,
1006 5507 1070 5563 C.
1099 5507 1170 5563 ad
1196 5508 1253 5580 S.
1285 5507 1348 5561 C.
1381 5507 1699 5580 Tertulliah.
1732 5510 1809 5564 ait

217 5585 461 5667 maculas
479 5579 697 5667 remitti
712 5579 1261 5667 impcrialibenelicio
1284 5616 1304 5667 τ
1329 5579 1809 5667 sedltamen‘prin-

219 5659 356 5724 cipis
405 5653 753 5724 indulgentia
788 5649 926 5724 quos
956 5650 1147 5724 liberat
1170 5691 1185 5716 ,
1211 5656 1389 5724 notat.
1421 5649 1460 5724 _l_.
1487 5649 1696 5724 A2,__C.
1737 5650 1810 5724 de

216 5719 596 5797 g6ner._abol.
627 5739 641 5787 ;
669 5721 756 5777 cui
785 5719 924 5774 addo
973 5720 1151 5776 locum
1207 5719 1454 5774 Suetonii
1486 5720 1541 5774 in
1580 5720 1810 5777 Claudio

215 5793 1099 5932 ⁹⁶¹ἕ’ιῘιὸἰεὲἷῖῗιῗέ’κνίεῑεοιιλοινωιι
1139 5859 1232 5916 lib.
1285 5875 1318 5915 x
1348 5901 1361 5929 ,
1397 5860 1477 5916 tit.
1511 5860 1546 5915 a
1577 5902 1593 5928 ,,
1617 5877 1722 5917 cera
1753 5863 1808 5932 4,

1913 4661 2256 4718 constructio
2279 4661 2443 4714 talem
2477 4658 2633 4713 nobis
2661 4656 2893 4712 deducat
2941 4653 3241 4723 liquorem,
3293 4647 3514 4718 qualem

1913 4757 2092 4829 potuit
2111 4771 2143 4812 a
2173 4755 2411 4811 iontibus
2438 4753 2718 4824 suscipere
2747 4749 3057 4820 puritatem.
3089 4744 3242 4800 Tunc
3270 4742 3376 4829 erit
3415 4755 3518 4794 εις

1913 4828 2106 4903 bibitio
2129 4844 2327 4900 decora
2366 4843 2718 4907 thermarum,
2743 4847 2873 4894 tunc
2898 4837 3118 4908 piscina:
3137 4832 3322 4889 vitreis
3348 4828 3518 4886 fonti-

1915 4941 2014 4998 bus
2037 4938 2409 5003 iluctuabunt;
2455 4943 2588 4991 tunc
2613 4934 2717 4990 erit
2741 4947 2862 5004 qua:
2882 4931 3054 4988 diluat
3083 4944 3222 5002 aqua
3248 4969 3264 4994 ,
3294 4941 3402 4982 non
3430 4925 3518 4980 in-

1914 5035 2134 5106 quinet;
2165 5041 2290 5105 post
2327 5046 2488 5103 quam
2529 5029 2702 5086 lavari
2735 5028 2996 5086 continuo
3031 5042 3141 5082 non
3161 5025 3232 5081 sit
3261 5036 3510 5079 necesse.

1915 5124 2146 5181 Additur
2172 5123 2338 5180 etiam
2365 5120 2511 5193 quod
2554 5121 2599 5176 si
2623 5119 2695 5175 ad
2734 5117 3031 5190 potandum
3053 5115 3198 5171 unda
3224 5113 3406 5172 suavis
3430 5113 3514 5166 in-

1915 5216 2149 5285 ﬂuxerit,
2197 5214 2379 5272 omnia
2431 5221 2621 5271 nostro
2661 5212 2828 5269 victui
2873 5210 3172 5268 redduntur
3221 5214 3445 5278 accepta
3493 5221 3508 5260 :

1919 5368 2175 5426 scribitur
2197 5366 2550 5439 tricennalem
2592 5362 3056 5439 praescriptionem
3083 5361 3164 5416 sic
3193 5366 3516 5439 constanter

1923 5439 2214 5497 inolevisse
2235 5438 2291 5492 in
2318 5438 2548 5508 negotiis
2568 5435 2862 5508 actionum,
2895 5443 2956 5508 ut
2978 5435 3090 5508 jam
3121 5447 3228 5488 non
3258 5435 3409 5500 quasi
3440 5445 3515 5486 ex

1919 5510 2274 5566 instructione
2319 5505 2551 5563 humana
2574 5547 2590 5574 ,
2621 5509 2713 5563 sed
2742 5506 2909 5562 veluti
2935 5521 3004 5560 ex
3028 5505 3142 5574 ipsa
3167 5515 3348 5574 rerum
3378 5515 3510 5574 pro-

1917 5580 2144 5637 cessisse
2173 5587 2366 5634 natura
2395 5569 2658 5634 videatur.
2685 5577 2754 5632 Et
2785 5577 2946 5648 paqu
2975 5569 3098 5647 po'st
3141 5571 3358 5648 additur
3387 5587 3400 5623 :
3431 5569 3513 5626 Ne

1917 5659 2106 5706 contra
2135 5649 2278 5704 hunc
2309 5663 2592 5704 numerum
2622 5650 2677 5706 in
2715 5643 2825 5718 quo
2850 5643 3051 5702 veriias
3083 5643 3337 5718 perfecta:
3359 5655 3511 5696 com-

1919 5723 2100 5793 pletur
2125 5721 2304 5793 aetatis
2323 5762 2341 5793 ,
2369 5727 2610 5793 attentct
2628 5714 3111 5793 conimoveri_vox
3137 5714 3513 5793 cujuscunque

1919 5785 2213 5916 pstit’ionis.
2246 5790 2379 5847 Vide
2407 5807 2568 5861 supra
2601 5792 2691 5846 lib.
2742 5807 2820 5860 ill,
2856 5805 2940 5862 cp.
2975 5787 3034 5841 ’51
3067 5828 3081 5854 ,
3116 5796 3170 5842 ct
3201 5785 3294 5839 lib.
3325 5798 3341 5836 ι
3368 5821 3383 5848 ,
3417 5797 3507 5852 ep.

2077 5879 2232 5916 tam.

1957 5864 2007 5918 8.
2043 5864 2232 5918 Jtae'r.
