3974 6458
431 430 523 484 671

1656 421 1726 475 Μ.
1761 417 2033 474 AURELII
2071 415 2464 472 CASSIUDORI

3611 419 3729 474 679.

432 537 646 606 quando
666 539 910 592 humanae
930 535 1054 590 vita:
1077 533 1255 589 nullus
1277 533 1426 588 cibus
1447 543 1631 602 gratus
1651 532 1903 597 edicitur,
1921 530 2010 585 ubi
2040 532 2092 592 Α
2115 530 2329 587 fraudes
2353 539 2610 587 noscatur
2627 547 2746 588 esse
2758 533 3497 602 corruptum?Conductores
3517 533 3730 589 donius

433 644 688 696 aquarum
741 627 972 680 dulcium
1035 625 1389 696 perspicuitas
1437 639 1544 678 non
1607 623 1852 678 habetur.
1903 621 2015 692 92

435 721 563 774 Nam
591 721 636 774 si
665 720 828 772 lavari
859 719 1106 788 cupimus
1136 715 1433 786 purissimis
1465 713 1791 783 liquoribus,
1813 720 2016 779 quanto

435 813 602 878 magis
626 812 809 865 satiari
853 812 1046 864 talibus
1075 807 1426 864 festinamus"
1446 805 1574 872 Qua:
1598 805 1644 858 si
1675 819 1816 857 nunc
1841 803 2017 856 futura

435 908 764 965 tractentur,
790 901 920 954 nulli
951 901 1104 954 labor
1133 899 1262 953 facit
1288 897 1524 963 tmdium,
1546 895 1638 964 qui
1659 895 1890 950 sumitur
1918 907 2018 962 pro

437 993 796 1046 delectaiouc
819 979 1184 1046 cuuctornmf

941 1123 1273 1180 EPISTOLA
1315 1120 1558 1176 XXXIX.

655 1233 882 1274 AMPELIO
912 1235 980 1272 ET
1013 1231 1239 1271 LIVERIE
1285 1227 1651 1268 TllEODORlCUS
1679 1226 1805 1265 REX.

440 1331 607 1386 Mittit
668 1349 754 1386 eos
797 1333 851 1384 in
897 1329 1228 1398 Hispaniam,
1279 1335 1334 1378 ut
1378 1327 1667 1394 reprimant
1723 1321 2027 1398 auctoritate

511 1404 679 1473 legum
701 1413 805 1454 tum
822 1393 1127 1473 homicidas,
1145 1409 1249 1473 tum
1269 1393 1531 1467 exigentes
1553 1409 1720 1448 assem
1741 1393 2022 1473 publicum,

511 1469 594 1545 qui
625 1490 715 1540 per
748 1471 1052 1545 grouamina
1089 1469 1372 1545 ponderum
1403 1469 2025 1545 possessorumlpatrimo-

513 1533 601 1596 nia
625 1533 958 1610 'pren'cebant;
994 1533 1098 1592 lunt
1140 1539 1354 1608 denique
1383 1533 1556 1588 Omnes
1587 1536 1641 1587 in
1665 1533 1817 1586 malis
1847 1540 1896 1585 et
1927 1533 2034 1602 {ur-

514 1615 626 1666 tivis
659 1613 858 1664 actibus
888 1620 1132 1662 rei-satos.

515 1725 682 1780 Decet
721 1723 1028 1792 provincias
1073 1735 1241 1788 regno
1287 1727 1508 1782 nostro,
1557 1719 1671 1773 Deo
1716 1715 2029 1778 auxiliante,

447 1818 739 1886 subiectas,
787 1815 996 1882 legibus
1035 1822 1088 1868 et
1131 1814 1286 1868 bonis
1314 1811 1552 1867 moribus
1585 1807 1877 1864 ordinari:
1910 1807 2036 1876 quia

2117 624 2293 691 regim,
2317 637 2634 692 quacunque
2673 633 2833 692 gente
2871 625 2977 680 sint
3005 624 3154 689 editi,
3180 625 3247 678 ad
3272 625 3544 694 liquidqu
3572 625 3730 679 veri-

2117 719 2229 767 tate
2248 712 2489 768 discussa
2507 754 2522 778 ,
2546 720 2754 768 tantum
2783 713 3126 770 decernimus
3161 716 3374 771 solvere
3399 753 3416 780 ,
3447 725 3730 785 quantum

2117 817 2304 862 nostra
2350 809 2546 878 praedia
2581 809 2885 865 constiterit
2911 811 3203 880 pensitare.
3251 811 3317 866 Et
3349 827 3419 867 ne
3460 813 3732 880 cuiquam

2118 897 2272 952 labor
2295 915 2422 953 suus
2450 899 2967 968 videaturingratus,
2986 901 3181 957 salaria
3206 901 3306 966 eis,
3327 917 3432 972 pro
3451 904 3734 971 qualitate

2120 985 2312 1041 locata:
2361 987 2458 1053 rei,
2510 996 2688 1042 vestra
2718 989 2964 1044 volumus
3015 991 3269 1058 aequitate
3288 993 3574 1046 constitui.
3599 991 3738 1045 Non

2123 1076 2265 1130 enim
2289 1085 2495 1143 nostra,
2526 1077 2620 1132 sed
2648 1079 2860 1132 illorum
2883 1095 3010 1134 rura
3037 1081 3140 1153 [ed.
3169 1085 3244 1134 Ac
3273 1121 3289 1147 ,
3312 1079 3458 1154 iura]
3486 1083 3736 1136 dicenda

2125 1177 2269 1234 sunt,
2313 1169 2355 1223 si
2397 1185 2494 1238 pro
2537 1169 2812 1225 voluntate
2851 1171 3204 1229 conducentis
3247 1173 3448 1229 modus
3500 1175 3738 1230 eveniat

2127 1258 2422 1327 peusiouis.
2452 1257 2953 1315 Trausmarinorum
2978 1262 3142 1330 igitur
3163 1278 3462 1328 canonem,
3489 1265 3586 1319 ubi
3614 1280 3736 1319 non

2129 1364 2294 1419 parva
2335 1349 2475 1404 fraus
2506 1350 2618 1406 fieri
2655 1351 2976 1407 utilitatibus
3016 1353 3244 1422 publicis
3271 1354 3560 1410 intimatur
3581 1395 3598 1421 ,
3628 1373 3740 1412 vos

2131 1449 2334 1494 attente
2350 1441 2601 1508 jubemus
2624 1443 2929 1510 exquirere,
2961 1450 3122 1514 atque
3147 1453 3410 1502 statutum
3431 1462 3740 1503 numerum

2134 1545 2232 1600 pro
2269 1529 2470 1600 jurium
2508 1531 2768 1600 qualitate
2809 1529 3035 1587 delinire
3065 1550 3080 1586 :
3123 1535 3249 1604 quia
3283 1544 3477 1591 contra
3508 1535 3742 1592 fraudes

2136 1625 2265 1680 utile
2290 1626 2584 1681 remedium
2613 1635 2696 1681 est
2728 1643 2887 1682 nosse
2906 1628 3050 1698 quod
3075 1629 3357 1684 inferatur.
3388 1629 3744 1687 Monetarios

2136 1727 2314 1774 autem
2341 1760 2357 1788 ,
2385 1733 2522 1788 quos
2561 1720 2868 1789 specialiter
2917 1721 2972 1775 in
3020 1737 3175 1778 usum
3209 1722 3486 1789 publicum
3513 1732 3747 1779 constat

2139 1811 2404 1873 inventos,
2431 1811 2483 1864 in
2508 1810 2837 1880 privatorum
2859 1809 3142 1866 didicimus
3159 1813 3440 1867 transiisse
3460 1828 3745 1883 compen-

449 1909 540 1963 illa
571 1907 678 1960 vita
711 1921 836 1960 vere
863 1904 1138 1959 hominum
1161 1910 1266 1970 est,
1289 1917 1408 1971 qua:
1426 1900 1562 1969 juris
1583 1898 1772 1954 ordine
1791 1897 2034 1952 contine-
2063 1903 2109 1963 Β
2135 1901 2302 1957 dium.
2333 1902 2448 1969 Qua
2476 1904 2894 1974 ριιωευιηριίοηθ
2934 1903 3145 1960 sublata
3171 1945 3186 1968 ,
3211 1920 3312 1977 pro
3331 1905 3531 1960 virium
3558 1905 3748 1974 quali-

451 2011 554 2054 tur.
581 1998 711 2052 Nam
739 1997 1039 2051 belluarum
1083 1995 1218 2050 ritus
1261 2001 1344 2048 est
1379 1992 1476 2048 sub
1510 2006 1639 2046 casu
1662 1989 1848 2044 vivere
1875 2004 1889 2040 :
1918 2000 2036 2056 qua:

451 2091 579 2146 dum
602 2087 843 2159 rapiendi
866 2088 1070 2142 ambitu
1109 2085 1355 2140 feruntur
1373 2125 1387 2147 ,
1417 2081 1708 2152 improvisa
1731 2078 2038 2134 temeritate

453 2180 828 2235 succumbunt.
873 2178 1071 2247 Agrum
1097 2192 1252 2232 suum
1279 2174 1510 2243 denique
1545 2186 1576 2226 a
1602 2170 1842 2226 dumosis
1871 2168 2039 2224 senti-
2061 2168 2074 2182 ’

452 2269 554 2326 bus
579 2270 768 2325 doctus
794 2277 984 2340 purgat
1009 2267 1246 2336 agricola
1279 2283 1292 2318 :
1325 2265 1451 2336 quia
1479 2263 1596 2318 laus
1616 2260 1914 2318 exculcntis
1935 2267 2036 2322 est,

453 2362 499 2416 si
519 2369 730 2430 agreste
762 2360 936 2414 solum
973 2358 1294 2414 dulcissimis
1316 2355 1576 2411 fructibus
1598 2359 1920 2408 ammnetur.
1949 2348 2041 2404 Sic

454 2452 608 2522 quies
658 2451 972 2506 suavissima
1001 2449 1215 2519 populi,
1243 2455 1300 2502 et
1336 2444 1625 2514 tranquilla
1649 2441 1930 2512 dispositio
1955 2453 2042 2494 re-

455 2543 676 2610 gionum
693 2583 707 2606 ,
735 2540 1064 2612 prmconium
1091 2538 1350 2608 probatur
1372 2550 1493 2592 esse
1520 2533 1882 2602 regnantium.
1909 2527 2044 2584 Mul-

383 2638 391 2644 ’
459 2645 636 2690 torum
668 2635 848 2704 itaque
867 2632 1086 2703 querela
1111 2631 1496 2699 comperimus,
1527 2628 1582 2682 in
1623 2625 1896 2696 provincia
1926 2623 2045 2678 His-

459 2726 655 2796 paniae,
702 2723 846 2794 quod
896 2736 1164 2778 summum
1206 2720 1346 2775 inter
1393 2717 1648 2773 mortales
1689 2715 1892 2770 crimen
1942 2720 2045 2776 est,

462 2817 603 2870 vitas
646 2814 920 2870 hominum
951 2827 1083 2880 vaga
1110 2810 1524 2882 praesumptione
1573 2807 1850 2878 populari,
1881 2813 1936 2859 et
1963 2805 2046 2860 le-

463 2904 610 2958 vium
653 2905 939 2958 occasione
967 2916 1245 2956 causarum
1288 2901 1472 2954 subire
1505 2898 1704 2952 multos
1748 2897 2043 2951 interitum.

464 2994 556 3050 Sic
581 2995 718 3048 mala
741 3009 873 3064 pace
895 2993 1048 3063 quasi
1072 2993 1197 3048 ludo
1226 2999 1506 3056 corruunt,
1529 2989 1716 3060 quanti
1737 2989 1823 3042 vix
1845 2988 2052 3058 potuis-

465 3093 590 3141 sent
629 3084 822 3140 cadere
855 3085 953 3138 sub
991 3084 1318 3138 necessitate
1363 3082 1650 3137 bellorum.
1715 3080 1916 3135 Dehinc
1943 3093 2051 3134 non

466 3177 806 3248 polyptycbis
844 3175 1070 3246 publicis
1087 3216 1102 3241 ,
1127 3183 1186 3228 ut
1213 3174 1378 3230 moris
1399 3181 1500 3238 est,
1521 3171 1616 3228 sed
1649 3173 1872 3227 arbitrio
1897 3187 2050 3227 com-

467 3269 741 3338 pulsorqu
783 3274 1142 3342 suggeruntur
1179 3265 1588 3336 provincialium
1627 3263 1908 3334 subjacere
1941 3263 2054 3318 for-

470 3371 632 3416 tunae.
663 3360 814 3426 Quod
844 3374 1012 3429 genus
1031 3359 1296 3414 evidentis
1323 3367 1408 3413 est
1423 3358 1636 3427 praedic,
1666 3373 1764 3426 pro
1785 3357 1929 3411 illius
1955 3372 2051 3412 vo-

469 3453 674 3506 luntate
713 3451 842 3505 dare
883 3451 975 3520 qui
1001 3450 1066 3504 ad
1093 3465 1246 3504 suum
1279 3450 1617 3504 commodum
1649 3449 1879 3518 amplius
1908 3445 2055 3503 festi-

471 3551 567 3596 nat
589 3542 824 3610 exigere.
848 3541 947 3596 Cui
974 3541 1051 3594 rei
1077 3555 1177 3595 nos
1190 3539 1357 3608 regali
1379 3539 1715 3610 providentia
1740 3553 2055 3593 succurrere

473 3633 772 3702 cupientes,
819 3631 1205 3686 sublimitatem
1229 3639 1460 3684 vestram
1490 3645 1584 3698 per
1606 3631 1910 3684 universam
1937 3628 2057 3684 His-

475 3721 689 3790 paniam
713 3721 832 3774 loco
854 3719 1086 3772 muneris
1109 3718 1435 3772 credidimus
1451 3717 1855 3784 destinandain;
1882 3725 1940 3770 ut
1959 3717 2058 3771 sub

477 3809 831 3864 ordinationis
869 3817 1062 3863 vestras
1090 3809 1328 3864 novitate
1352 3849 1366 3873 ,
1401 3808 1713 3864 inveteratae
1740 3810 1906 3878 possit
1928 3824 2059 3864 con-

477 3901 748 3956 suetudini
775 3901 844 3954 nil
879 3901 1060 3955 licere.
1094 3900 1287 3955 Verum
1313 3909 1374 3956 ut
1401 3917 1554 3956 more
1589 3903 1919 3956 medicorum
1959 3917 2062 3955 saa-

478 3993 717 4048 vioribus
740 3993 942 4047 morbis
964 3993 1265 4047 accelerata
1305 3992 1542 4047 remedia
1574 3993 1904 4058 tribuamus,
1936 3993 2062 4046 inde

479 4084 770 4138 curationis
796 4091 992 4138 nostra:
1013 4084 1326 4138 llatinitium
1343 4124 1360 4151 ,
1377 4083 1466 4137 ubi
1489 4083 1661 4150 magis
1683 4083 1924 4136 noscitur
1943 4099 2064 4138 esse

480 4181 794 4250 periculum.
826 4179 1110 4234 Homicidii
1150 4179 1327 4234 scelus
1352 4179 1527 4246 legum
1553 4177 1806 4246 jubemus
1829 4177 2064 4232 auctori-

481 4279 592 4326 tate
629 4271 888 4336 resecari;
920 4270 1013 4326 sed
1059 4278 1319 4338 quantum
1348 4269 1720 4324 vehementior
1744 4285 1904 4338 paena
1946 4279 2060 4334 est,

483 4368 636 4415 tanto
661 4361 778 4429 ejus
800 4361 876 4415 rei
899 4361 1060 4415 debet
1089 4359 1364 4428 inquisitio
1391 4359 1509 4428 plus
1533 4359 1754 4414 haberi:
1783 4375 1851 4414 ne
1879 4374 2066 4414 amore

483 4452 731 4506 vindicta:
759 4451 1075 4507 innocentes
1122 4451 1407 4506 videantur
1453 4451 1576 4507 vita:
1620 4451 1856 4522 pericula
1904 4453 2066 4507 susti-

481 4538 634 4597 nere.
660 4540 892 4596 Pereant
911 4541 1093 4610 itaque
1111 4541 1212 4596 soli
1231 4549 1488 4597 nocentes
1503 4542 1558 4597 in
1583 4543 1920 4598 correctione
1941 4542 2066 4596 mul-

485 4639 687 4695 torum,
717 4632 932 4700 quando
953 4631 1136 4686 ethoc
1157 4631 1374 4700 pietatis
1401 4646 1570 4700 genus
1589 4641 1691 4698 est,
1721 4648 1972 4688 coercere
1992 4636 2064 4688 in-

485 4723 708 4777 fantiam
729 4723 984 4790 criminis,
1017 4738 1083 4778 ne
1097 4722 1409 4792 juvenescat
1435 4725 1753 4792 augmentis.
1777 4723 2064 4792 Exigentes

486 4827 616 4868 vero
658 4829 831 4868 assem
872 4815 1138 4883 publicum
1166 4829 1260 4884 per
1291 4815 1600 4884 gravamina
1619 4816 1914 4884 ponderum
1942 4831 2066 4886 pre-

486 4921 634 4961 mere
661 4905 907 4960 dicuutur
930 4907 1248 4976 patrimonia
1275 4923 1646 4976 possessorum
1673 4926 1687 4974 ;
1720 4919 1778 4963 ut
1815 4919 2064 4964 nontam

487 4997 699 5052 exactio
742 5013 900 5066 quam
949 4999 1124 5068 praeda
1170 5013 1290 5053 esse
1331 5000 1597 5054 videatur.
1642 4999 1750 5056 Sed
1801 5010 1861 5056 ut
1901 5003 2065 5057 totius

487 5089 686 5144 fraudis
710 5089 998 5157 abrogetur
1019 5091 1253 5153 occasio,
1284 5090 1352 5145 ad
1381 5090 1572 5146 libram
1600 5093 1830 5147 cubiculi
1873 5093 2064 5158 nostri,

485 5199 610 5249 qua:
637 5184 789 5237 vobis
817 5183 869 5236 in
897 5184 1148 5251 prmseuti
1179 5183 1300 5236 data
1331 5191 1430 5247 est,
1465 5184 1740 5240 universas
1767 5185 2070 5240 functiones

487 5272 980 5342 publicasjubemus
997 5271 1342 5338 inferri.Quid
1355 5273 1494 5327 enim
1511 5281 1618 5328 tam
1633 5275 1893 5329 nefarium
1907 5291 2069 5343 quam

488 5363 1137 5434 prmsumptoribusliceat
1165 5363 1219 5416 in
1252 5364 1366 5431 ipsa
1389 5363 1551 5418 etiam
1576 5365 1786 5418 trutinre
1811 5365 2071 5433 qualitate

486 5469 744 5523 peccare;
775 5459 833 5508 ut
859 5453 1000 5522 quod
1018 5463 1099 5508 est
1121 5451 1342 5520 justitia:
1369 5455 1585 5524 proprie
1611 5455 1824 5522 datum,
1848 5457 1951 5510 hoc
1975 5470 2072 5524 per

560 5624 583 5649 ἰ
623 5609 1044 5679 I’rrcbendarum,
1069 5610 1139 5664 al.
1160 5610 1575 5679 prtebendorum.
1603 5610 1660 5663 L.
1689 5609 1774 5672 l9,
1799 5609 1976 5676 inviti,
2001 5609 2070 5663 de

489 5679 874 5750 testib.ﬁiPlaut.
904 5681 958 5733 in
989 5678 1172 5742 Persa,
1205 5680 1490 5750 prmbenda
1519 5681 1702 5750 tediles
1729 5681 2066 5734 locaverunt.

495 5749 612 5822 Aul.
656 5749 795 5822 Gell.
829 5751 937 5822 93
991 5750 1086 5804 Hb.
1129 5749 1222 5822 xv,
1275 5764 1418 5822 cap.__
1446 5749 1516 5814 4;
1567 5749 1880 5822 Symmacb.
1911 5750 2003 5803 lib.
2030 5765 2068 5814 ι,

495 5818 650 5889 t‘pist.
686 5815 778 5881 l9,
809 5815 1104 5888 eademque
1129 5818 1300 5873 forma
1335 5815 1627 5873 tribuenda
1649 5819 1784 5872 dixit
1805 5859 1820 5884 ,
1857 5828 1912 5872 ut
1937 5835 2074 5889 pisce

498 5884 670 5940 bcnda
697 5903 814 5956 qua:
845 5903 996 5944 more
1018 5884 1180 5945 solito
1207 5890 1599 5956 tribuebantur,
1627 5889 1718 5944 lib.
1769 5905 1821 5955 ι,
1854 5884 2012 5958 epist.
2042 5888 2074 5942 6

2138 2001 2249 2048 tate
2275 1991 2636 2050 functionibus
2660 1994 2887 2064 publicis
2917 1994 3282 2064 applicentur.
3313 1995 3546 2052 Tolonei
3574 1996 3750 2066 quin-

2139 2083 2300 2138 etiam
2341 2097 2603 2138 canonem
2648 2084 2793 2137 nulla
2831 2083 3038 2138 faciatis
3059 2086 3414 2156 usurpatione
3443 2087 3746 2153 confundi;

2140 2175 2234 2230 sed
2254 2175 2473 2229 modum
2501 2177 2660 2231 rebus
2681 2176 2965 2230 utillimum
2989 2218 3005 2243 ,
3037 2193 3197 2247 quem
3228 2186 3492 2248 praestare
3513 2180 3748 2244 debeat,

2141 2264 2498 2334 imponentes.
2519 2266 2932 2321 commerciandi
2947 2266 3218 2322 licentiam
3240 2269 3494 2338 aequabili
3517 2269 3752 2326 ratione

2141 2365 2414 2421 revocate,
2433 2371 2500 2412 ne
2525 2371 2584 2411 se
2614 2356 2798 2412 tendat
2826 2357 2880 2411 in
2909 2369 3100 2424 vagum
3122 2357 3408 2414 ambitiosa
3437 2357 3755 2414 enormitas

2142 2447 2502 2517 exigentiunu
2537 2447 2705 2502 Actus
2737 2457 2998 2518 praetcrea
3025 2449 3184 2513 Laeti,
3210 2448 3366 2516 cujus
3405 2449 3755 2505 conscientia

2141 2551 2351 2590 summa
2376 2536 2619 2606 pulsatur
2641 2536 2862 2599 invidia.
2879 2538 2980 2592 sub
3000 2546 3262 2593 consueta
3280 2538 3437 2593 nobis
3451 2553 3757 2594 censemus

2144 2629 2397 2697 :equitate
2417 2628 2682 2698 perquiri;
2715 2637 2774 2682 ut
2803 2645 2904 2685 uec
2929 2628 3074 2684 fraus
3103 2630 3294 2684 astulis
3317 2629 3756 2685 machinationi-

2145 2719 2246 2774 bus
2287 2717 2583 2781 occulatur,
2614 2733 2715 2774 nec
2739 2718 3052 2774 innocentia
3095 2717 3246 2774 falsis
3268 2719 3758 2774 criminationibus

2147 2809 2472 2878 iugravctur.
2503 2808 2863 2878 Quoscunque
2892 2824 3020 2864 vero
3063 2808 3118 2863 in
3169 2807 3380 2863 furtivis
3436 2809 3758 2864 actionibus

2148 2901 2396 2970 reperitis
2439 2901 2604 2956 fuisse
2627 2909 2901 2966 versatos,
2931 2917 3029 2970 pro
3071 2899 3414 2956 fortunarum
3435 2901 3759 2972 quantitate

2149 3007 2473 3064 suppressa,
2527 2992 2758 3048 reddant
2795 3002 2975 3048 vestra
3021 2994 3381 3049 aestimatione
3431 2993 3755 3062 pecuniam.

2151 3084 2305 3152 Quod
2349 3085 2394 3139 si
2431 3086 2547 3140 haec
2589 3100 2686 3154 per
2711 3085 2848 3140 alios
2876 3085 3120 3154 dispersa
3158 3099 3281 3141 esse
3331 3085 3671 3149 constiterit,
3701 3091 3765 3138 et

2153 3176 2228 3230 illi
2257 3177 2600 3230 nihilominus
2629 3184 2916 3230 teneantur
2936 3175 3189 3238 obnoxii,
3214 3175 3308 3243 qui
3334 3175 3576 3231 scientes
3600 3176 3761 3245 passi

2080 3265 2126 3327 C
2155 3276 2282 3321 sunt
2303 3269 2355 3322 in
2379 3266 2469 3320 tali
2493 3267 2709 3322 actione
2741 3267 2979 3320 misceri.
3011 3264 3315 3336 Complices
3339 3267 3486 3320 enim
3525 3265 3762 3320 exstite-

2154 3369 2282 3415 runt
2317 3361 2556 3416 criminis
2581 3401 2596 3422 .
2645 3361 2739 3430 qui
2779 3375 2886 3416 non
2929 3359 3249 3415 detexerunt
3296 3357 3442 3414 facta
3491 3361 3762 3428 raptoris.

2157 3450 2572 3508 Prmbendarum
2596 3461 2623 3490 ι
2648 3461 2805 3506 tenor
2831 3453 3115 3520 ascriptus,
3137 3466 3298 3519 quem
3321 3459 3511 3505 nostra
3527 3450 3764 3505 diversis

2156 3545 2380 3613 largitur
2407 3545 2714 3600 humanitas
2735 3585 2750 3608 ,
2782 3543 3200 3614 provincialibus
3223 3543 3538 3611 suggeritur
3559 3543 3765 3596 intole-

2157 3636 2342 3690 rabilis
2366 3650 2524 3692 causa
2571 3650 2688 3690 esse
2715 3633 3036 3688 damnorum
3061 3672 3076 3696 ,
3107 3632 3323 3702 quando
3353 3639 3410 3686 et
3449 3633 3505 3686 in
3545 3633 3767 3702 species

2158 3727 2419 3796 exigitur,
2447 3737 2502 3782 et
2523 3727 2862 3798 impudenter
2889 3725 3008 3794 ejus
3036 3725 3266 3794 pretium
3294 3723 3627 3794 postulatur.
3658 3724 3769 3778 De-

2159 3819 2422 3876 testabilis
2447 3819 2750 3889 cupiditatis
2779 3818 2876 3871 ista
2907 3825 3032 3872 sunt
3056 3815 3380 3870 documenta
3399 3857 3415 3882 ,
3439 3823 3770 3883 competen-

2161 3909 2232 3964 tia
2253 3911 2354 3965 sibi
2391 3911 2690 3966 distrahere
2715 3953 2729 3977 ,
2755 3921 2814 3966 et
2835 3909 2901 3962 ad
2926 3907 3176 3976 exigendi
3206 3907 3608 3976 impudentiam
3633 3924 3770 3962 mox

2161 3999 2357 4054 redire.
2387 4000 2542 4067 Quod
2580 4001 2736 4054 nimis
2763 3999 3088 4071 improbum,
3141 3997 3302 4051 nimis
3325 3996 3544 4051 videtur
3567 3997 3772 4052 absur-

2163 4093 2316 4159 dum;
2347 4106 2402 4148 ut
2418 4101 2474 4148 et
2488 4101 2668 4148 nostra
2691 4095 2983 4148 constituta
2997 4096 3424 4162 prmtereant,.et
3441 4089 3772 4144 tributario-

2163 4202 2280 4239 rum
2300 4225 2316 4250 ,
2359 4185 2452 4255 qui
2481 4184 2696 4239 fovendi
2725 4195 2848 4239 sunt
2873 4224 2889 4251 ,
2915 4185 3197 4240 vidcantur
3220 4184 3482 4242 al'ﬂixisse
3509 4186 3774 4241 substan-

2165 4275 2314 4329 tiam.
2340 4273 2459 4329 Sint
2499 4274 2662 4343 igitur
2683 4275 2904 4346 prchixo
2926 4273 3089 4330 modo
3108 4275 3346 4330 contenti
3369 4317 3386 4343 ,
3409 4275 3528 4331 sive
3561 4275 3774 4331 ibidem

2165 4363 2349 4434 positi,
2379 4362 2490 4416 sive
2516 4363 2642 4417 hinc
2665 4362 3016 4416 nihilominus
3038 4360 3296 4416 destinati
3327 4379 3340 4415 :
3367 4363 3616 4418 habeant
3636 4363 3775 4418 libe-

2165 4469 2284 4508 rum
2313 4453 2592 4508 arbitrium
2617 4489 2633 4515 ,
2664 4467 2830 4506 unum
2858 4459 3067 4506 tantum
3115 4451 3184 4507 de
3223 4452 3438 4507 duobus
3481 4461 3772 4522 expetere,

2167 4543 2458 4598 dummodo
2495 4544 2767 4612 geminata
2809 4542 3098 4598 exactione
3143 4541 3386 4596 fortunas
3417 4541 3632 4596 alienas
3662 4556 3774 4596 non

2094 4635 2143 4695 D
2167 4632 2400 4688 debeant
2419 4633 2720 4701 ingravare.
2752 4630 3080 4686 Exactorum
3111 4646 3330 4700 quoque
3351 4631 3570 4686 licentia
3598 4629 3777 4686 fertur

2171 4725 2402 4794 amplius
2449 4739 2481 4778 a
2519 4723 2940 4794 provincialibus
2984 4723 3318 4792 extorqueri,
3363 4737 3531 4791 quam
3579 4736 3776 4779 nostro

2169 4817 2418 4874 cubiculo
2445 4824 2654 4872 constat
2677 4814 2882 4871 inferri.
2910 4814 3062 4882 Quod
3093 4815 3336 4883 diligenti
3359 4815 3778 4869 examinatione

2169 4909 2494 4977 discussum,
2524 4908 2593 4964 ad
2630 4908 2772 4962 hunc
2813 4923 2909 4962 vos
2935 4906 3154 4961 modum
3193 4905 3504 4960 functiones
3526 4905 3778 4974 publicas

2171 5017 2430 5056 revocare
2472 5001 2850 5064 decernimus,
2903 5013 3065 5068 quem
3119 4996 3318 5052 Alarici
3367 5004 3537 5065 atque
3589 4994 3776 5050 Eurici

2175 5095 2506 5164 temporibus
2549 5101 2764 5149 constat
2803 5092 3000 5146 illatas.
3033 5089 3500 5145 Paraveredorum
3528 5088 3556 5126 δ
3586 5089 3780 5157 itaque

2172 5186 2547 5242 subvectiones
2569 5185 2782 5253 exigere
2809 5198 2934 5246 eos,
2965 5182 3055 5251 qui
3079 5181 3281 5236 habent
3303 5179 3540 5235 veredos
3562 5179 3776 5247 ascrip-

2175 5287 2280 5342 tos,
2302 5276 2712 5344 provincialium
2735 5273 2958 5343 querela
2975 5271 3357 5342 comperimus,
3384 5269 3536 5340 quod
3563 5270 3776 5323 nullum

2173 5368 2389 5436 penitus
2413 5367 2600 5422 sinatis
2647 5380 2972 5436 praesumere
2995 5406 3010 5430 ,
3039 5363 3258 5432 quando
3301 5376 3401 5432 per
3427 5360 3778 5428 turpissimos

2176 5466 2411 5524 qumstus
2437 5466 2492 5510 et
2534 5469 2814 5525 possessor
2841 5453 3091 5507 atteritur
3109 5495 3124 5520 ,
3155 5460 3212 5506 et
3241 5449 3676 5506 commeantium
3698 5461 3778 5502 ce-

2173 5619 2226 5664 e‘
2248 5609 2766 5734 ἓῗῖςιῑὲξὲιῖοάοτυηι
2791 5677 3032 5732 meminit
3056 5685 3112 5731 et
3141 5673 3234 5730 inf.
3267 5675 3472 5746 Ιίιιγιι,
3490 5677 3656 5746 epist.
3689 5675 3771 5737 ιι.

2177 5759 2233 5805 et
2261 5750 2296 5803 l.
2329 5749 2379 5815 2,
2411 5751 2448 5802 l.
2483 5749 2554 5802 22
2575 5791 2588 5812 ,
2619 5749 2680 5803 C.
2711 5749 2778 5803 de
2800 5764 2942 5804 curs.
2973 5747 3122 5818 publ.
3154 5764 3168 5814 ;
3203 5746 3237 5800 l.
3261 5745 3326 5813 2,
3350 5745 3413 5801 C.
3444 5745 3754 5818 dc’przepus

2178 5835 2318 5877 sacr.
2361 5821 2481 5877 cub.
2511 5819 2675 5874 Fons.
