3974 6398
203 273 310 327 673

1534 267 1894 325 VARIAKUM
1938 269 2139 324 LIBER
2184 271 2246 326 Υ.

3408 269 3508 324 676

202 387 392 442 leritas
429 385 740 457 impeditur.
768 385 1083 442 Villicorum
1109 398 1327 456 quoque
1353 397 1542 452 genus,
1568 381 1712 452 quod
1735 379 1804 434 ad
1837 387 1878 440 Α
1907 380 2143 438 ofﬁcium
2163 424 2182 451 ,
2209 383 2404 438 missus
2429 382 2498 438 ad
2541 397 2766 438 summae
2813 379 3031 452 quidem
3081 381 3287 452 peritia:
3332 383 3506 447 viros;

198 476 522 532 damnosam
553 479 838 534 tuitionem
868 486 1170 550 queruntur
1223 477 1500 532 inventum
1525 515 1540 538 ,
1589 481 1699 527 tam
1739 470 1808 526 de

202 569 417 638 privata
441 571 785 640 possessione
827 585 988 640 quam
1035 569 1250 640 publica
1279 566 1520 622 funditus
1561 564 1809 620 volumus

203 661 446 715 amoveri
482 680 494 712 :
519 661 647 732 quia
670 678 780 718 non
803 669 887 716 est
900 659 1144 717 defensio
1159 674 1280 730 quae
1303 655 1804 729 praestaturinvitis,

203 763 518 824 suspectum
539 763 622 809 est
643 755 788 826 quod
819 754 1100 825 patiuntur
1127 754 1394 809 nolentes.
1427 751 1564 806 Nam
1593 751 1699 806 hoc
1722 757 1810 805 est

204 859 397 899 revera
423 845 767 910 beneficium,
783 845 828 899 si
850 845 968 899 sine
985 858 1260 898 murmure
1281 841 1486 897 feratur
1500 850 1806 911 acceptum.

205 934 438 990 Servitia
466 935 630 1005 igitur
649 952 768 1006 qua:
788 935 1048 990 Gothisin
1073 935 1294 990 civitate
1322 935 1511 1004 positis
1539 934 1809 1004 superﬂue

209 1029 629 1099 praestabantur,
654 1028 998 1083 decernimus
1041 1025 1304 1081 amoveri.
1341 1025 1458 1079 Non
1485 1025 1628 1079 enim
1651 1023 1811 1077 decet

209 1122 281 1176 ab
309 1121 557 1188 ingenuis
589 1121 902 1175 famulatum
928 1132 1170 1189 qumrere
1191 1157 1206 1183 ,
1239 1128 1378 1187 quas
1426 1115 1671 1171 misimus
1711 1130 1810 1186 pro

207 1215 462 1270 libertate
487 1228 751 1286 pugnare.

771 1321 1106 1378 EPISTOLA
1144 1321 1258 1376 XL.

210 1433 470 1475 CYPRIANO
507 1433 694 1474 COIITI
738 1433 1015 1472 SACRARUM
1047 1431 1402 1472 LARGITIONUM
1441 1428 1812 1470 TIIEODORICUS

954 1527 1081 1565 REX.

213 1604 310 1661 ιιιῑ
331 1609 533 1678 confert
559 1621 835 1659 sacrarum
865 1605 1200 1678 targitionum
1248 1601 1540 1656 comitivam
1563 1642 1579 1667 ,
1603 1600 1811 1655 multis-

631 1692 726 1747 que
751 1675 989 1729 laudibus
1017 1691 1130 1728 eum
1152 1681 1393 1728 exornat.

289 1789 546 1858 Quamvis
571 1787 712 1843 ultra
743 1786 1006 1842 desideria
1033 1785 1334 1858 supplicum
1359 1784 1672 1854 frequenter
1714 1797 1815 1836 nos

215 1879 536 1952 pnestitisse
563 1875 824 1932 beneﬁcia
850 1874 1202 1945 gaudeamus,
1233 1882 1308 1938 et,
1336 1871 1481 1943 quod
1497 1880 1579 1926 est
1601 1870 1814 1926 difﬁci-

217 1973 406 2026 limum
427 2011 443 2038 ,
491 1969 742 2024 humana:
777 1965 1086 2022 ambitionis
1115 1963 1384 2020 interdum
1412 1970 1540 2018 vota
1585 1975 1813 2031 supere-

216 2081 380 2119 tuus:
427 2063 542 2118 hmc
587 2070 768 2116 tamen
820 2053 1074 2114 libentius
1118 2056 1521 2128 amplectimur,
1551 2068 1672 2124 qua:
1716 2067 1816 2107 nos

217 2157 420 2212 merito
445 2153 638 2210 fecisse
657 2153 973 2224 gloriamur.
1006 2149 1106 2204 Diu
1131 2149 1332 2218 quippe
1351 2143 1690 2201 trutinandus
1711 2150 1812 2209 est,

217 2248 310 2304 cui
341 2247 624 2301 traduntur
645 2243 894 2298 examina
918 2258 933 2308 ;
958 2241 1190 2310 talisque
1214 2238 1377 2293 debet
1405 2251 1434 2290 a
1459 2235 1704 2307 principe
1727 2233 1818 2288 de-

219 2341 349 2410 ligi,
391 2338 566 2409 qualis
589 2337 658 2392 ab
687 2337 800 2406 ipsa
845 2342 1023 2405 potest
1067 2333 1185 2400 lege
1228 2329 1440 2386 dictari.
1469 2327 1816 2383 Gemmarum

217 2435 416 2490 divites
442 2444 590 2487 vena:
615 2429 729 2484 auri
768 2425 974 2496 fulgore
1005 2425 1335 2496 pretiantur;
1367 2430 1421 2476 et
1449 2419 1674 2488 gloriam
1700 2415 1814 2486 pul-

221 2524 546 2584 chritudinis
584 2520 823 2590 capiunt,
875 2517 1002 2588 quia
1047 2515 1190 2570 nulla
1239 2512 1494 2580 degeneri
1541 2508 1819 2563 vicinitate

220 2618 568 2676 sonlescunt.
609 2613 701 2668 Sic
727 2613 870 2666 bona
899 2609 1095 2664 merita
1136 2604 1429 2676 splendidis
1469 2599 1819 2670 dignitatibus

222 2712 453 2775 sociata,
495 2705 717 2762 alternis
762 2701 1050 2774 praeconis
1095 2697 1245 2774 [Ga.,
1292 2695 1516 2751 alterius
1562 2689 1819 2764 praemiis]

225 2802 583 2874 adjuvantur;
614 2806 672 2854 et
712 2796 874 2853 unius
900 2794 981 2850 rei
1021 2792 1186 2847 facies
1216 2789 1286 2844 de
1327 2786 1508 2842 addita
1537 2792 1820 2840 venustate

223 2891 579 2968 pulchrescit.
607 2889 726 2945 Non
757 2887 902 2944 enim
929 2885 998 2941 de
1021 2891 1073 2938 te
1103 2879 1305 2952 aliquid
1329 2877 1620 2948 redempta:
1651 2874 1818 2940 laudi,

227 2995 328 3044 aut
352 2983 568 3054 loquaci
598 2981 752 3036 fama:
789 2977 1139 3043 credidimus,
1166 2973 1258 3045 qui
1275 2970 1432 3027 nobis
1451 2968 1822 3040 spectantibus

227 3095 378 3151 stupe
421 3075 691 3149 placuisti.
743 3070 1205 3143 lnterpellantium
1253 3065 1520 3137 siquidem
1569 3060 1822 3119 contusas

227 3172 483 3244 querelas
510 3170 764 3226 distincta
791 3166 948 3222 nimis
963 3180 1027 3220 ac
1047 3162 1224 3218 lucida
1252 3159 1516 3215 relatione
1542 3156 1821 3211 narrabas.
1853 3172 1899 3235 ρ

231 3263 303 3319 Et
322 3262 416 3334 qui
443 3259 692 3332 proprios
711 3257 928 3313 dolores
949 3254 1254 3325 exprimere
1277 3266 1383 3306 non
1414 3255 1690 3320 poterant,
1719 3246 1824 3302 tuis

232 3350 604 3410 commendati
643 3345 1054 3418 allegationibus
1076 3342 1430 3404 obtinebant;
1461 3346 1518 3394 et
1536 3352 1602 3392 ne
1627 3336 1828 3391 favoris

233 3446 466 3517 alicujus
487 3450 769 3516 putaretur
784 3453 1038 3497 excessus
1050 3478 1065 3504 ,
1089 3435 1356 3492 desideria
1372 3430 1672 3502 supplicum
1697 3428 1828 3499 ipsis

234 3537 593 3612 praesentibus
608 3533 911 3590 intimahas.
937 3527 1029 3585 Ori
1044 3536 1137 3584 tuo
1159 3525 1534 3582 altercantium
1557 3519 1828 3577 desideria

235 3636 656 3694 convenerunt;
711 3635 787 3690 et,
832 3621 979 3692 quod
1005 3618 1379 3676 difficillimum
1430 3613 1617 3684 gratia:
1659 3624 1830 3680 genus

237 3732 348 3788 est,
379 3723 599 3778 alterna:
628 3717 768 3790 parti
819 3713 1114 3770 indiscreta
1164 3709 1326 3766 laude
1371 3707 1666 3780 placuisti:
1710 3720 1832 3776 qua:

237 3833 333 3878 res
360 3818 506 3888 ipsos
531 3821 776 3871 oratores
801 3822 1018 3880 quoque
1065 3803 1360 3876 postponit.
1409 3801 1545 3857 Nam
1571 3815 1694 3855 cum
1727 3797 1832 3852 illis

239 3913 316 3968 sit
343 3907 676 3981 propositum
697 3903 786 3958 diu
817 3907 1044 3956 tractata
1071 3897 1230 3961 unius
1257 3892 1428 3965 partis
1453 3899 1578 3981 vota
1618 3889 1829 3952 dicere;

244 3980 356 4058 tibi
381 4012 596 4068 semper
636 4007 857 4049 necesse
884 3989 986 4044 fuit
1011 3985 1352 4056 repentinum
1377 3980 1654 4050 negotium
1683 3987 1835 4032 utro-

241 4109 353 4166 que
376 4092 545 4147 latere
572 4087 867 4144 declarare.
897 4080 1123 4136 Additur
1161 4077 1328 4132 etiam
1368 4071 1566 4141 regalis
1595 4083 1835 4166 praesen.-

373 4181 746 4255 gravissimum
793 4172 966 4248 [Niv.,
1008 4163 1391 4242 gratissimum]
1439 4161 1686 4234 pondus:
1735 4158 1837 4255 sub

243 4295 359 4350 quo
376 4248 448 4330 ἰε
487 4275 559 4329 ita
590 4270 745 4326 facile
770 4264 997 4333 contigit
1035 4259 1366 4331 expeditum,
1389 4251 1618 4350 utquod
1647 4250 1723 4350 illi
1744 4248 1836 4303 vix

244 4343 477 4443 possunt
504 4361 809 4418 artiticiosis
835 4352 1198 4413 schematibus
1218 4365 1264 4443 a_
1278 4345 1549 4443 iudicibus
1569 4343 1836 4443 obtinuere,

245 4433 310 4517 tu
338 4455 647 4529 probareris
673 4467 705 4506 a
735 4448 977 4521 principe
1023 4442 1177 4515 puris
1217 4436 1630 4516 allegationibus
1667 4433 1840 4502 impe-

247 4526 418 4608 trare.
443 4545 569 4601 Erat
589 4541 840 4599 nimirum
867 4533 1175 4593 serenitatis
1204 4537 1403 4584 nostra:
1431 4527 1484 4580 in
1509 4526 1710 4580 bonum
1740 4537 1839 4592 pu-

245 4644 448 4703 blicum
485 4644 676 4710 parata
703 4629 971 4691 sententia
1003 4644 1017 4682 :
1049 4625 1175 4695 quia
1203 4621 1404 4677 nullam
1441 4616 1750 4672 tarditatem
1781 4613 1834 4667 in

246 4730 628 4806 cognoscendo
648 4725 868 4796 negotio
897 4719 1217 4778 sustinebat.
1247 4713 1374 4769 Mox
1403 4711 1546 4766 enim
1574 4724 1607 4764 a
1700 4721 1839 4806 itar-

244 4796 371 4886 rata
391 4839 552 4882 causa
575 4826 867 4888 conspecta
881 4823 994 4878 est;
1021 4821 1181 4866 etcur
1211 4804 1452 4861 tardaret
1473 4798 1675 4870 negotii
1697 4796 1838 4888 ﬁnis,

247 4935 377 4977 cum
400 4927 458 4973 tu
502 4911 902 4984 suggestionem
929 4901 1107 4958 lucida
1157 4897 1422 4954 brevitate
1449 4887 1842 4984 concluderes?

250 5007 519 5076 Didicisti,
548 4979 926 5061 u‘t‘credimus,
954 4994 1200 5065 judicare
1224 4987 1422 5044 nostris
1439 4979 1726 5040 serviendo
1747 4979 1840 5048 ju-

245 5101 427 5159 diciis.
457 5074 535 5152 lla
560 5134 576 5160 ,
608 5089 754 5164 quod
799 5085 1232 5144 efﬁcacissimum
1270 5074 1624 5148 discipulatus
1670 5085 1840 5164 genus

241 5202 357 5257 est,
379 5188 587 5260 agendo
608 5163 787 5255 potius
809 5181 1102 5234 instructus
1125 5191 1184 5230 es
1211 5187 1375 5242 quam
1406 5164 1658 5237 legendo.
1692 5163 1840 5220 Tali.-

251 5255 354 5346 bus
379 5255 538 5352 igitur
558 5275 816 5332 institutis
841 5269 1086 5331 edoctus,
1120 5263 1245 5319 an:
1265 5256 1539 5330 sumpsisti
1559 5255 1842 5326 legationis

329 5447 354 5476 ι
384 5435 629 5493 Ofﬁcium
656 5431 870 5488 comitis
899 5439 1173 5483 sacrarum
1203 5419 1550 5492 largitionum
1582 5412 1840 5472 describit

249 5511 583 5569 Claudianus
611 5507 664 5560 in
694 5515 950 5572 pancgyu.
975 5496 1159 5550 Mallii.

413 5627 454 5676 Η
462 5628 536 5673 inc
557 5629 706 5670 sacra)
730 5613 1018 5676 mandantur
1037 5624 1175 5673 opes,
1194 5607 1432 5676 orbisque
1445 5603 1657 5676 tributa,

417 5674 632 5736 i‘tissessi
656 5677 884 5738 quidqud
911 5675 1070 5738 ﬂuviis
1095 5674 1334 5738 ewlvltnr
1352 5674 1485 5727 auri;

415 5735 656 5808 ῡιιιάιιιιιύ
677 5735 745 5808 hu
763 5735 800 5808 ei
819 5735 980 5808 prpcul
1008 5735 1632 5808 venas-rimatasequaces,

416 5793 592 5862 λώιώ
617 5793 844 5867 pallentis
868 5797 988 5847 fodit
1008 5795 1209 5848 soIcrita
1234 5793 1392 5843 Bessi.

1910 473 2005 528 sed
2035 476 2180 530 nulla
2196 477 2338 532 inter
2356 491 2453 532 eos
2473 476 2730 533 confusus
2749 491 2809 532 es
2831 474 3210 546 trepidatione,
3234 475 3360 545 quia
3379 475 3511 529 nihil

1914 568 2010 624 tibi
2057 578 2182 640 post
2231 585 2332 626 nos
2359 569 2538 641 potuit
2570 584 2692 624 esse
2717 569 2986 624 mirabile.
3035 567 3334 622 lnstructus
3364 566 3509 622 enim

1914 657 2135 714 trifariis
2166 660 2391 730 linguis,
2421 675 2526 714 non
2557 660 2653 715 tibi
2681 659 2891 715 θεωρία
2921 660 3064 729 quod
3089 675 3290 716 novum
3320 668 3511 714 osten-

1913 757 2057 806 taret
2101 753 2344 817 invenit;
2395 768 2498 807 nec
2535 753 2671 822 ipsa,
2710 768 2815 822 qua
2865 753 3088 806 nimium
3136 753 3422 822 praevalet,
3455 762 3510 807 te

1918 843 2246 897 transcendit
2275 845 2506 913 argutia.
2542 845 2786 898 Accessit
2813 845 3018 898 meritis
3041 845 3146 898 tuis
3171 847 3380 900 cunctis
3401 845 3512 898 lau-

1913 934 2069 989 dibus
2098 936 2390 1004 pretiosior
2435 934 2583 1000 tidcs,
2617 951 2778 1005 quam
2813 936 2993 990 divina
3023 936 3271 1004 diligunt,
3302 945 3511 990 morta-

1913 1023 1986 1078 lia
2016 1033 2361 1079 venerantur.
2393 1025 2525 1079 Nam
2560 1026 2702 1079 inter
2740 1025 2922 1079 mundi
2947 1023 3270 1080 fluctuantes
3301 1027 3512 1095 procel-

1914 1116 1994 1171 las
2024 1115 2165 1172 unde'
2192 1132 2253 1172 se
2290 1117 2524 1170 humana
2556 1117 2815 1185 fragilitas
2856 1117 3162 1171 contineret
3183 1157 3198 1181 ,
3241 1119 3284 1170 si
3314 1117 3511 1171 nostris

1914 1207 2123 1264 actibus
2150 1209 2346 1264 mentis
2376 1208 2661 1265 infirmitas
2707 1225 2814 1263 non
2847 1209 3062 1264 abesset
3093 1207 3265 1280 [Niv.,
3315 1209 3511 1263 mentis

1915 1297 2140 1354 ﬁrmitas
2189 1316 2301 1354 non
2337 1299 2608 1371 adesset]?
2658 1300 2782 1355 llmc
2833 1300 2971 1354 inter
3012 1301 3190 1354 socios
3219 1301 3510 1355 amicitiam

1915 1402 2114 1457 servat,
2148 1393 2262 1448 huic
2284 1392 2514 1447 dominis
2541 1409 2672 1464 pura
2705 1394 3014 1462 integritate
3043 1393 3336 1447 famulatur
3353 1432 3368 1459 ,
3395 1393 3510 1448 haec

1915 1499 2162 1554 superum
2190 1484 2458 1552 majestati
2486 1485 2844 1538 reverentiam
2888 1483 2988 1553 piae
3027 1483 3365 1538 credulitatis
3409 1484 3512 1538 im-

1917 1573 2137 1644 pendit;
2183 1573 2259 1641 et,
2305 1574 2348 1628 si
2399 1573 2722 1628 hencticium
2772 1581 2935 1628 tantae
2978 1575 3056 1629 rei
3088 1575 3247 1630 latius
3277 1590 3512 1644 qumras,

1919 1663 2378 1718 incommutabilis
2433 1661 2557 1718 fidei
2605 1671 2690 1718 est
2720 1678 2882 1717 omne
2931 1663 3076 1732 quod
3123 1663 3262 1718 bene
3288 1665 3508 1720 vivitur.

1851 1777 1890 1836 Β
1921 1754 2088 1812 Sume
2151 1757 2312 1824 igitur
2355 1771 2453 1828 per
2493 1755 2845 1812 indictionem
2899 1759 3117 1811 tertiam
3165 1758 3339 1829 [Anno
3385 1757 3512 1814 Chr.

1917 1845 2024 1901 510
2051 1848 2127 1902 vel
2150 1845 2274 1919 5‘25]
2319 1863 2596 1903 sacrarum
2629 1847 2970 1916 largitionum
3004 1857 3030 1886 ⁸
3057 1887 3073 1913 ,
3102 1848 3212 1904 Deo
3256 1850 3515 1920 protritio,

1916 1938 2253 2008 dignitatem.
2286 1939 2450 1996 Utere
2478 1941 2732 2010 congruis
2775 1939 2879 1996 tuis
2927 1942 3198 1996 natalibus
3229 1942 3513 1998 institutis.

1917 2029 2160 2086 Meruisti
2190 2031 2468 2096 hactenus,
2503 2038 2562 2086 ut
2588 2031 2855 2086 honorum
2887 2031 3097 2100 fastigia
3122 2031 3468 2088 crederemus
3499 2051 3512 2086 :

1919 2136 2019 2191 age
2043 2137 2213 2187 nunc,
2247 2130 2304 2176 ut
2336 2122 2430 2177 tibi
2452 2122 2640 2179 gratia:
2668 2131 2866 2176 nostrae
2889 2123 3118 2178 celsiora
3169 2125 3518 2180 nihilominus

1919 2212 2280 2268 conferamus.

2455 2346 2790 2402 EPISTOLA
2831 2347 2964 2402 XLI.

2154 2455 2382 2494 δΕΜτυι
2399 2455 2548 2494 UBBIS
2567 2456 2727 2494 κομιῶ
2757 2457 3128 2496 τιιεουοῐηευε
3153 2459 3276 2498 REX.

1925 2529 2134 2586 Iudicat
2177 2547 2233 2585 re
2279 2529 2596 2600 Cyprianum
2653 2533 2848 2584 meritis
2894 2534 3118 2602 prOpriis
3169 2545 3219 2587 et
3265 2537 3518 2590 natalium

1992 2603 2272 2684 splendore
2303 2602 2582 2683 [uigentem
2604 2602 2673 2654 ad
2698 2617 2966 2656 sacrarum
3000 2604 3339 2675 largitionum
3362 2609 3519 2662 comi-

1995 2682 2151 2727 tivam
2179 2682 2426 2727 erexisse.

1996 2765 2148 2820 Licet
2169 2765 2488 2820 candidatos
2535 2764 2692 2820 vobis
2721 2765 3032 2836 frequenter
3064 2768 3314 2837 genuerit
3340 2766 3521 2824 muni-

1927 2853 2142 2910 ticentia
2185 2855 2499 2926 principalis
2521 2895 2537 2921 ,
2568 2864 2632 2911 et
2650 2855 2878 2912 fecunda
2908 2858 3236 2927 indulgentia
3269 2858 3295 2898 δ
3336 2870 3522 2915 nostra

1927 2946 2083 3004 vobis
2108 2947 2279 3001 altera
2314 2947 2386 3003 sit
2412 2957 2635 3014 natura;
2666 2949 2879 3006 habetis
2905 2967 3049 3006 nunc
3078 2951 3323 3022 profecto
3351 2953 3525 3009 virum

1927 3055 2091 3112 quem
2131 3048 2187 3096 et
2215 3055 2312 3096 nos
2340 3040 2570 3110 elegisse
2597 3041 2806 3107 deceat,
2851 3050 2908 3097 et
2936 3058 3035 3098 vos
3063 3045 3369 3114 suscepisse
3391 3061 3525 3101 con-

1934 3135 2134 3189 veniat.
2159 3133 2259 3189 Cui
2286 3133 2427 3190 sicut
2466 3131 2801 3190 fortunatum
2843 3137 2944 3191 fuit
2988 3153 3016 3191 a
3049 3138 3206 3193 nobis
3243 3139 3408 3208 eligi,
3451 3141 3528 3194 ita

1929 3226 2196 3283 laudabile
2227 3226 2332 3282 erit
2384 3234 2568 3282 vestro
2609 3229 2774 3283 cmtui
2822 3227 3090 3284 honorum
3145 3231 3263 3299 lege
3306 3233 3528 3288 sociari.

1928 3317 2048 3376 Hoc
2088 3328 2268 3374 tamen
2297 3317 2462 3373 curiae
2510 3316 2722 3374 felicius
2768 3320 3042 3389 provenit,
3072 3321 3218 3392 quod
3269 3323 3429 3378 nobis
3469 3333 3528 3378 et

1931 3409 2206 3481 impolitus
2237 3411 2342 3466 tiro
2381 3409 2615 3466 militat:
2648 3412 2738 3466 illa
2762 3427 2894 3468 vero
2915 3427 3026 3468 non
3055 3414 3271 3484 recipit,
3303 3415 3406 3471 nisi
3431 3415 3526 3484 qui

1927 3501 2038 3573 jam
2083 3502 2277 3570 dignus
2303 3502 2603 3558 honoribus
2633 3502 2871 3572 potuerit
2900 3503 3152 3558 inveniri.
3182 3503 3531 3560 Convenien-

1934 3601 2018 3650 ter
2038 3607 2170 3662 ergo
2200 3591 2337 3648 ordo
2360 3602 2543 3649 vester
2566 3593 2864 3648 :estimatur
2893 3593 3126 3648 eximius
3147 3633 3164 3660 ,
3193 3595 3288 3664 qui
3315 3609 3533 3664 semper

1933 3692 2018 3740 est
2036 3683 2104 3738 de
2131 3683 2524 3754 probatissimis
2545 3691 2924 3753 congregatus.
2949 3681 3069 3739 Non
3095 3684 3240 3740 enim
3273 3683 3384 3740 illic
3404 3699 3534 3755 pro.

1935 3772 2074 3829 fanis
2112 3782 2384 3829 reseratur
2413 3773 2682 3840 introitus,
2709 3773 2804 3829 sed
2833 3775 2970 3830 tales
2989 3773 3116 3830 illuc
3143 3775 3532 3845 permittuntur

1935 3865 2194 3922 accedere
2211 3903 2228 3930 ,
2249 3865 2438 3934 quales
2477 3865 2602 3920 inde
2629 3865 2792 3919 etiam
2814 3875 3110 3920 cernuntur
3137 3866 3310 3922 exire.
3342 3865 3532 3922 Susci-

1934 3957 2048 4029 pite
2077 3957 2258 4026 itaque
2286 3957 2548 4026 collegam
2579 3971 2740 4026 quem
2767 3957 2968 4027 palatia
3010 3964 3194 4012 nostra
3218 3957 3379 4026 longa
3404 3972 3536 4012 exa-

1938 4053 2236 4109 minatione
2258 4051 2626 4122 probaverunt
2655 4067 2669 4102 :
2693 4048 2787 4119 qui
2809 4047 2972 4116 regiis
2993 4047 3069 4102 ita
3098 4047 3400 4116 intrepidus
3428 4048 3531 4101 mi-

1938 4146 2114 4202 litavit
2141 4143 2416 4208 atfatibus,
2450 4151 2508 4197 ut
2531 4140 2682 4211 jussa
2709 4148 2897 4195 nostra
2919 4153 3065 4209 saepe
3097 4137 3252 4192 nobis
3278 4147 3533 4206 spectanc

1939 4240 2082 4296 tibus
2107 4246 2270 4309 atque
2307 4234 2650 4292 laudantibus
2679 4232 2996 4304 explicaret.
3029 4211 3372 4300 Coguoscitis
3409 4245 3541 4302 pro-

1941 4328 2084 4386 fecto
2126 4343 2246 4398 qua:
2281 4326 2572 4397 loquimur.
2605 4323 2736 4390 Quis
2769 4323 2914 4377 enim
2941 4330 3178 4377 vestrum
3201 4336 3231 4374 a
3275 4318 3534 4392 Cypriani

1941 4421 2232 4478 devotione
2259 4419 2542 4474 submotus
2567 4419 2683 4472 est?
2710 4414 2843 4470 Nam
2867 4415 2958 4484 qui
2985 4413 3177 4468 solatia
3205 4412 3323 4480 ejus
3345 4412 3503 4481 petiit
3523 4449 3538 4473 ,

1941 4528 2070 4567 mox
2099 4510 2359 4567 beneficia
2410 4516 2596 4564 nostra
2625 4507 2884 4576 suscepit.
2934 4503 3178 4560 Obtinuit
3231 4504 3320 4558 ille
3347 4504 3546 4572 smpius

1940 4601 2394 4658 iuvectationihus
2421 4598 2640 4662 nostris,
2667 4596 2812 4668 quod
2835 4597 2889 4650 in
2917 4593 3259 4651 consi-toriis
3286 4593 3372 4661 agi
3397 4594 3545 4648 sole-

1939 4695 2034 4752 bat
2055 4695 2308 4765 antiquis.
2333 4693 2391 4748 Si
2428 4691 2646 4762 quando
2675 4690 2818 4745 enim
2848 4689 3094 4744 relevare
3128 4687 3284 4744 libuit
3302 4687 3542 4742 animum

1939 4787 2153 4858 reipuh.
2185 4801 2314 4842 cura
2343 4784 2647 4853 fatigatum,
2678 4781 2874 4852 equina
2900 4781 3160 4836 exercitia
3198 4779 3541 4851 petebamus,

1948 4887 2008 4935 ut
2029 4880 2145 4951 ipsa
2171 4877 2434 4934 varietate
2455 4889 2635 4930 rerum
2657 4872 2902 4928 soliditas
2929 4887 2990 4927 se
3009 4871 3257 4942 corporis
3283 4871 3546 4941 vigorque

1952 4978 2224 5028 recrearet
2252 4987 2264 5022 :
2299 4979 2429 5024 tunc
2457 4965 2613 5022 nobis
2638 4979 2830 5020 causas
2855 4962 3187 5032 multiplices
3226 4961 3428 5016 relator
3457 4960 3547 5016 de-

1947 5062 2211 5120 lcetabilis
2239 5059 2550 5130 ingerebat,
2587 5065 2816 5125 eratque
2845 5053 2962 5122 ejus
2992 5050 3282 5107 infastidita
3326 5063 3548 5118 sugges-

1949 5157 2048 5224 tio,
2077 5155 2178 5210 sub
2213 5152 2408 5223 judicis
2437 5150 2618 5205 animo
2651 5147 2892 5201 tredioso.
2923 5144 3000 5199 Ita
3025 5144 3150 5198 dum
3187 5156 3381 5197 causas
3407 5157 3548 5211 pra:-

1950 5247 2128 5306 standi
2151 5246 2417 5316 benignus
2437 5241 2629 5298 artifex
2653 5239 2950 5308 ingerebat,
2980 5234 3322 5290 reficiebatur
3337 5232 3550 5288 animus

1948 5411 2119 5481 Hujus
2160 5407 2412 5477 frequens
2441 5400 2646 5458 mentio
2676 5399 2734 5452 fit
2760 5397 2815 5453 in
2844 5395 2978 5452 Cod.
3009 5393 3220 5448 Theod.
3263 5400 3318 5448 et
3341 5390 3540 5448 Justin.

1948 5484 2216 5606 333513131“
2243 5553 2556 5605 senatorum
2589 5541 2679 5596 lilii
2711 5539 3078 5594 nascebantur
3101 5543 3422 5606 senatores,
3448 5533 3544 5606 lib.

1951 5626 2009 5752 ῗὶ
2059 5605 2180 5692 quis
2220 5616 2576 5676 senatorium.
2633 5610 2773 5668 Cod.
2816 5609 3030 5664 Theod.
3091 5609 3185 5662 lib.
3248 5621 3320 5671 γι,
3370 5605 3456 5660 tit.
3489 5605 3544 5659 2.

1988 5711 2148 5752 nasr.

1988 5711 2148 5752 URET.
