3974 6398
509 291 613 348 6'15
1729 289 1799 343 Μ.
1840 287 2114 344 AURELII
2152 289 2548 346 CASSIODORI
3688 291 3803 348 676

503 402 884 458 beneﬁciorum
912 401 1166 456 aviditate
1193 413 1504 454 succensus.
1534 397 1630 456 llis
1659 399 1820 470 igitur
1859 400 2086 456 adhaesit
2115 409 2161 470 Α
2187 403 2447 472 suspirat.
2504 400 2883 472 Spectaculum
2912 407 3121 458 tantum
3149 402 3370 460 fabricis
3397 403 3615 460 clarum
3646 445 3665 470 ,
3704 402 3805 458 sed

503 493 775 564 obsequiis
801 491 1122 549 candidatus
1158 490 1249 558 qui
1277 490 1356 544 sic
1385 488 1636 544 militavit
1673 490 1856 547 animo
1878 499 2084 560 nostro,
2190 495 2405 550 actione
2431 494 2804 562 deterrimum,
2859 495 2914 550 in
2943 495 3152 552 honore
3180 495 3450 568 scythiae
3479 495 3676 552 Diana:
3716 513 3808 552 re-

502 593 563 639 ut
591 585 732 639 nulla
779 598 902 640 eum
949 590 1198 652 gravaret
1225 580 1473 638 offensio.
1522 581 1895 638 lrascebamur
1947 599 2090 655 saepe
2187 592 2419 655 pertum,
2444 599 2564 654 quae
2585 586 2862 656 sanguinis
2888 584 3157 643 effusione
3183 587 3482 656 gaudebat.
3511 587 3564 642 Ο
3583 588 3808 643 misera:

504 674 678 728 causis
710 671 990 742 improbis,
1021 687 1124 728 nec
1151 679 1330 727 tamen
1359 671 1643 742 displicere
1671 681 1886 742 poterat
1909 674 2088 744 lingua
2189 675 2522 746 deccptionis
2573 691 2838 745 errorem,
2892 675 3036 730 illam
3084 677 3426 733 desiderasse
3455 677 3651 733 colere
3681 691 3808 747 qua:

505 763 752 816 relatoris
781 779 795 814 :
831 762 1224 816 damnabamus
1268 761 1534 816 interdum
1589 763 1890 831 negotium,
1939 765 2090 834 cujus
2188 763 2466 819 hominum
2511 773 2686 821 morte
2715 766 3068 838 placabatur!
3102 766 3342 822 Primum
3374 767 3480 823 sibi
3515 780 3621 837 per
3651 767 3811 824 lucos

505 852 754 922 placebat
781 858 1054 916 assertor;
1084 858 1140 906 et
1168 851 1426 922 impetum
1453 851 1624 905 nostri
1645 853 1809 906 animi
1838 851 2089 922 frequen—
2190 863 2245 910 et
2270 857 2434 912 silvas
2480 858 2768 928 agrestium
2802 859 3126 930 populorum
3154 869 3283 914 nota
3325 858 3433 933 [ed.
3468 861 3600 928 Ac.,
3651 858 3808 931 vota]

506 951 590 998 ter
614 943 886 1006 sustinuit,
911 943 1004 1012 qui
1023 944 1209 1012 gratiae
1235 951 1507 998 momenta
1533 944 1792 1012 possedit.
1816 942 2092 999 Gloriatur
2187 955 2245 1002 et
2271 949 2647 1004 venationibus
2688 949 2869 1004 dedita
2901 936 2922 1004 ἒ
2965 950 3108 1006 hanc
3146 951 3418 1022 triplicem
3449 951 3618 1007 deam
3667 949 3810 1006 falsa

505 1037 668 1091 etiam
699 1054 804 1092 non
837 1045 1080 1092 extrema
1113 1037 1231 1092 luce
1255 1037 1534 1092 natalium.
1585 1037 1718 1092 Nam
1749 1047 1908 1109 pater
1933 1041 2088 1106 huic,
2191 1038 2571 1107 imaginatione
2584 1037 2875 1106 finxerunt,
2903 1039 3074 1110 ipsam
3107 1040 3160 1094 in
3181 1041 3323 1096 cmlo
3349 1039 3593 1108 Lunam,
3622 1040 3804 1111 ipsam

506 1127 645 1182 sicut
683 1127 1031 1192 meministis,
1089 1125 1268 1197 Opilio
1322 1125 1442 1194 fuit,
1496 1129 1577 1182 vir
1599 1128 1814 1197 quidem
1869 1130 2094 1200 abjectis
2190 1128 2244 1183 in
2271 1128 2419 1184 silvis
2465 1128 2710 1194 Dianam,
2759 1129 2930 1198 ipsam
2977 1129 3121 1200 apud
3167 1130 3372 1185 inferos
3405 1129 3810 1200 Proserpinam

510 1219 844 1289 temporibus
869 1219 936 1273 ad
958 1219 1212 1274 excubias
1242 1227 1422 1274 tamen
1452 1219 1714 1289 palatinas
1741 1221 1967 1278 electus.
1989 1222 2092 1290 Qui
2191 1234 2310 1275 esse
2339 1219 2634 1274 ﬁrmantes.
2687 1220 2792 1274 Sed
2843 1221 3016 1275 solum
3043 1219 3200 1276 Erebi
3231 1230 3516 1291 potentem
3560 1238 3678 1276 non
3711 1222 3812 1275 im-

509 1315 678 1370 multo
707 1315 937 1384 amplius
966 1330 1211 1370 crescere
1241 1317 1455 1385 potuit,
1489 1316 1589 1372 nisi
1619 1316 1749 1372 ﬁdes
1777 1316 1876 1373 sub
1905 1316 2094 1371 aridis-
2191 1311 2360 1383 probe
2391 1311 2616 1367 forsitan
2655 1311 2993 1366 aestimarunt
3018 1353 3034 1380 ,
3065 1313 3284 1382 quando
3315 1313 3411 1367 tali
3439 1313 3690 1367 falsitate
3713 1312 3812 1368 de-

505 1407 640 1460 siina
688 1407 1140 1462 remunerationis
1175 1408 1460 1464 sterilitate
1485 1408 1760 1478 iacuisset.
1793 1408 1905 1480 94,
1956 1407 2094 1475 Quid
2194 1405 2355 1474 cepti,
2390 1404 2443 1458 in
2465 1403 2760 1474 profundas
2788 1404 2894 1459 vivi
2921 1405 3176 1461 tenebras
3201 1422 3325 1460 cum
3367 1407 3486 1462 suis
3512 1408 3809 1463 erroribus

507 1499 652 1552 enim
678 1496 925 1553 conferre
953 1506 1168 1569 poterat
1197 1501 1371 1556 tenuis
1411 1499 1676 1555 donator?
1705 1500 1808 1567 Qui
1838 1501 1884 1555 si
1915 1509 2094 1555 tamen
2193 1496 2546 1551 intraverunt.
2593 1495 2748 1552 Hunc
2794 1495 2978 1552 ludum
3027 1497 3326 1564 crudelem,
3381 1497 3812 1568 sanguinariam

507 1604 614 1644 non
669 1589 879 1655 ditavit,
928 1590 1165 1645 innotuit
1211 1599 1280 1644 ιε
1332 1592 1458 1660 quia
1497 1606 1706 1661 magna:
1756 1591 2096 1648 abundantiae
2193 1587 2563 1656 voluptatem,
2595 1586 2912 1655 religionem
2961 1586 3224 1656 impiam,
3257 1586 3562 1642 humanam
3619 1589 3708 1656 (ut
3735 1589 3811 1644 ita

508 1679 680 1734 laudis
709 1689 790 1734 est
813 1721 828 1747 ,
851 1680 903 1734 in
933 1681 1157 1750 penuria
1187 1681 1398 1754 reipub.
1431 1683 1518 1736 vel
1545 1683 1838 1738 mediocria
1867 1697 2092 1737 munera
2194 1676 2443 1746 dixerim)
2482 1674 2787 1741 feritatem,
2812 1675 3172 1732 Athenienses
3197 1677 3432 1746 primum
3463 1677 3536 1731 ad
3563 1678 3812 1734 civitatis

508 1769 787 1824 meruisse.
818 1767 958 1824 Vicit
986 1769 1102 1841 ipse
1139 1769 1373 1840 majores
1415 1788 1541 1826 suos
1590 1772 1844 1827 felicitate
1876 1771 2092 1828 saeculo-
2123 1773 2168 1830 B
2197 1782 2306 1821 sum
2334 1765 2633 1836 perduxere
2653 1766 2940 1831 culturam.
2961 1767 3173 1836 iustitia
3203 1768 3563 1838 ρθιωὶιιειιιε
3595 1769 3808 1837 divina.

508 1877 658 1927 rum;
689 1869 763 1926 et,
794 1862 938 1930 quod
965 1862 1194 1931 amplius
1240 1871 1460 1920 evectus
1488 1871 1590 1930 est,
1618 1862 1816 1918 nostris
1847 1871 1930 1919 est
1960 1870 2095 1917 tem-

509 1952 731 2022 poribus
759 1952 1159 2022 applicandum.
1207 1951 1352 2006 Talis
1381 1953 1581 2022 quippe
1626 1961 1710 2007 est
1736 1951 1790 2006 in
1835 1951 2093 2020 subjectis

435 2079 440 2083 -
509 2059 758 2099 mensura
788 2053 1162 2114 provectuum,
1189 2044 1364 2114 qualis
1382 2043 1542 2098 fuerit
1569 2053 1624 2098 et
1649 2043 1901 2098 distantia
1921 2042 2092 2098 domi-

507 2150 720 2189 norum.
779 2134 1138 2206 Quapropter,
1171 2133 1232 2189 P.
1285 2134 1369 2201 C.,
1422 2135 1736 2205 priedictum
1764 2134 2092 2206 Cyprianum

506 2226 618 2282 suis
637 2227 842 2281 meritis
867 2235 923 2282 et
945 2226 1200 2280 natalium
1231 2227 1518 2296 splendore
1547 2225 1878 2294 fulgentem,
1907 2225 1978 2281 ad
2006 2240 2094 2280 sa-

505 2333 718 2371 crarum
747 2317 1090 2385 largitionum
1117 2317 1330 2372 culmen
1361 2317 1639 2372 eveximus
1663 2333 1678 2384 ;
1730 2327 1788 2370 ut
1833 2325 1884 2371 et
1913 2323 2093 2372 vester

508 2419 770 2478 augeatur
789 2424 1048 2464 numerus
1070 2447 1086 2473 ,
1115 2417 1170 2464 et
1197 2409 1451 2464 incitetur
1477 2409 1696 2464 devotio
1718 2408 2086 2464 servientium.

506 2501 816 2567 IEstimate,
841 2501 1272 2556 reverendissimi
1303 2501 1490 2556 Patres
1513 2543 1529 2570 ,
1558 2501 1686 2570 quid
1715 2500 1783 2556 de
1803 2509 1982 2556 vestro
2005 2517 2093 2556 or-

2199 1867 2258 1913 ut
2285 1861 2350 1912 ad
2399 1859 2704 1914 illusionem
2752 1859 3044 1928 spectaculi
3084 1861 3440 1930 perveniret,
3473 1867 3632 1931 quod
3661 1863 3811 1918 falsae

2195 1948 2272 2003 rel
2295 1949 2470 2015 gionis
2495 1948 2729 2006 ambitus
2756 1948 3070 2004 invenisset.
3098 1948 3216 2005 Hoc
3239 1948 3345 2004 Titi
3367 1953 3632 2020 potentia
3656 1953 3811 2023 prin-

2195 2039 2381 2112 cipalis
2409 2039 2714 2094 divitiarum
2742 2039 2961 2110 profuso
2983 2040 3202 2097 nurnine
3221 2043 3484 2112 cogitavit
3505 2045 3811 2101 aedilicium

2195 2109 2331 2196 fieri,
2362 2131 2502 2185 unde
2532 2140 2694 2202 caput
2722 2109 2934 2187 urbium
2962 2135 3246 2202 potuisset.
3296 2109 3439 2190 Cum
3491 2137 3806 2204 theatrum,

2193 2221 2337 2290 quod
2364 2230 2446 2274 est
2474 2222 2928 2292 bemisplncrium,
2959 2224 3148 2280 Graece
3177 2227 3420 2295 dicatur,
3452 2233 3807 2299 amphithea-

2193 2325 2336 2371 trum
2363 2317 2513 2386 quasi
2545 2317 2598 2371 in
2629 2333 2794 2372 unum
2835 2317 3022 2388 juncta
3061 2319 3170 2375 duo
3213 2321 3437 2386 visoria,
3472 2335 3632 2378 recte
3665 2341 3808 2380 eon-

2193 2415 2300 2462 stat
2342 2422 2461 2462 esse
2489 2409 2824 2463 nominatum
2851 2427 2865 2462 :
2897 2410 2986 2464 ovi
3032 2411 3218 2480 specie
3256 2411 3376 2480 ejus
3403 2427 3638 2468 arenam
3671 2431 3811 2472 con-

2193 2500 2416 2556 cludens
2455 2500 2584 2574 [ed.,
2617 2499 2719 2568 Qui
2763 2503 3000 2572 speciem
3051 2503 3168 2572 ejus
3197 2519 3362 2558 arena
3394 2507 3805 2581 concludens],

2193 2601 2252 2646 ut
2289 2595 2734 2648 concurrentibus
2762 2601 2946 2663 aptum
2973 2593 3195 2648 daretur
3221 2596 3460 2664 spatium
3485 2613 3501 2662 ;
3547 2607 3606 2652 et
3637 2613 3807 2666 spec-

2193 2691 2368 2738 tantes
2395 2683 2575 2738 omnia
2598 2682 2809 2740 facilius
2839 2684 3111 2754 viderent,
3138 2685 3266 2741 dum
3293 2688 3549 2757 quasdam
3581 2691 3805 2760 prolixa

2190 2772 2492 2829 rotunditas
2521 2775 2767 2830 universa
2815 2775 3132 2844 collegerat.
3184 2775 3300 2830 Itur
3341 2791 3476 2846 ergo
3527 2777 3600 2832 ad
3643 2779 3802 2846 talia,

2190 2881 2309 2936 quae
2327 2865 2570 2934 refugere
2595 2866 2818 2921 deberet
2843 2867 3170 2922 humanitas.
3197 2868 3410 2923 Primus
3435 2867 3622 2938 fragili
3649 2871 3805 2940 ligno

2189 2956 2424 3012 conlisus
2451 2957 2620 3012 currit
2644 2957 2712 3012 ad
2742 2973 2838 3012 ora
2867 2958 3191 3025 belluarum,
3223 2968 3279 3015 et
3303 2959 3438 3015 illud
3460 2961 3616 3030 quod
3647 2965 3804 3032 cupit

505 3016 734 3122 Keilii-"3..
755 3021 1166 3122 ἱξθξξζῖυέῗῖῗῖη
1177 3021 1831 3122 λέῗέᾶῖἷίέθξῗῗηέῗῖηἷῗῖί
1844 3063 1858 3088 ’
1964 3023 2079 3122 33f."

2192 3049 2450 3115 evadere,
2478 3062 2674 3119 magno
2702 3050 2908 3121 impetu
2933 3051 3148 3107 videtur
3172 3061 3453 3122 appetere.
3479 3016 3620 3108 ἶ)δεί
3651 3055 3712 3110 in
3723 3016 3805 3110 ‘se

571 3091 656 3166 qui
683 3091 736 3142 in
763 3106 833 3166 eo_
851 3089 1136 3166 edebantur
1175 3089 1566 3166 describuntur;
1597 3091 1932 3166 hortaturque
1959 3109 2085 3166 con-

571 3139 732 3232 ξμλεῇέ
763 3139 833 3212 ξιά
853 3139 1120 3230 ’ᾗῇέῦἦῖ
1152 3139 1521 3232 ρςῷλῶίιξίάζ
1547 3139 1933 3232 ςηῇἦεῇἇῆῖιξ
1961 3139 2086 3218 ἐξ,
2113 3144 2158 3209 c
2188 3154 2350 3194 cursu
2376 3139 2596 3196 festinat
2623 3149 2680 3196 et
2716 3140 2986 3211 praedator
3004 3151 3062 3198 et
3082 3144 3262 3214 prmda
3284 3160 3300 3209 ;
3325 3159 3430 3200 nec
3450 3145 3617 3200 aliter
3649 3156 3804 3202 tutus

569 3231 778 3298 gieuda.
1226 3231 1235 3232 “
1694 3231 1701 3232 “
2187 3247 2307 3290 esse
2329 3241 2508 3305 potest
2528 3271 2544 3298 ,
2577 3233 2678 3288 nisi
2706 3233 2834 3290 huic
2853 3249 3017 3304 quem
3039 3235 3212 3290 vitare
3239 3236 3434 3306 cupit,
3461 3241 3799 3293 occurrerit.

567 3320 625 3374 Si
652 3319 992 3376 consularem
1021 3321 1446 3378 muniﬁcentiam
1473 3332 1804 3394 provocant,
1836 3325 1926 3394 qui
1955 3339 2082 3396 per-
2185 3325 2338 3381 Tunc
2362 3328 2416 3380 in
2446 3339 2574 3380 aere
2602 3324 2742 3380 saltu
2783 3325 3030 3398 corporis
3074 3325 3287 3382 elevato
3311 3327 3473 3397 quasi
3502 3336 3696 3385 vestes
3723 3329 3804 3385 le-

499 3421 657 3468 uncta
703 3427 994 3484 corporum
1039 3413 1373 3470 ﬂexibilitate
1416 3416 1686 3472 luctantur
1723 3435 1738 3486 ;
1786 3419 1831 3472 si
1881 3433 2085 3488 organo
2182 3417 2412 3473 vissimae
2435 3416 2682 3486 supinata
2705 3415 2947 3471 membra
2970 3414 3264 3485 jaciuntur,
3294 3425 3352 3472 et
3377 3417 3610 3486 quidam
3635 3433 3803 3475 arcus

497 3505 812 3560 canentibus
838 3505 1081 3560 redditur
1107 3507 1420 3564 vicissitudo
1450 3509 1826 3580 praemiorum;
1857 3511 1905 3564 si
1937 3513 2086 3566 venit
2153 3506 2479 3578 ’eorporeus
2507 3522 2668 3579 supra
2691 3507 2928 3564 belluam
2955 3507 3206 3574 libratus,
3239 3507 3370 3563 dum
3392 3523 3588 3564 moras
3617 3509 3801 3566 disce-

497 3597 568 3650 ad
597 3597 828 3665 pretium
859 3595 1196 3654 delectabilis
1224 3600 1493 3656 cantilena
1525 3619 1540 3655 :
1593 3615 1702 3672 quo
1741 3617 1965 3658 munere
1992 3619 2086 3660 ve-
2183 3597 2346 3654 dendi
2377 3599 2505 3655 fac“
2529 3637 2546 3664 9
2577 3599 2676 3655 sub
2705 3599 2823 3670 ipso
2849 3585 3111 3655 νέιοοίιαε
3161 3597 3334 3654 ferina
3390 3599 3650 3657 discum-
3707 3599 3801 3656 Sic

499 3696 660 3744 nator
687 3689 984 3759 explendas
1009 3700 1091 3746 est
1113 3732 1131 3760 ,
1176 3692 1271 3762 qui
1319 3700 1380 3747 ut
1429 3695 1797 3764 spectantibus
1848 3696 2080 3766 placeat,
2183 3690 2381 3745 accidit
2424 3697 2484 3745 ut
2511 3689 2604 3744 ille
2629 3689 2801 3760 magis
2825 3690 2998 3761 possit
3023 3691 3207 3745 mitior
3231 3689 3438 3755 videri,
3465 3691 3565 3760 qui
3593 3692 3801 3762 proba-

499 3779 612 3834 suis
636 3779 900 3835 mortibus
925 3781 1546 3852 elaborat.Voluptatem
1574 3796 1794 3856 prmia;
1822 3789 2083 3857 sanguine
2182 3788 2272 3834 tur
2298 3778 2450 3836 illudi
2483 3797 2498 3834 :
2529 3780 2667 3836 alter
2691 3781 2902 3850 angulis
2929 3781 2986 3836 in
3012 3779 3345 3850 quadrifaria
3373 3783 3571 3838 mundi
3603 3783 3795 3838 distri-

497 3883 598 3923 suo
646 3868 708 3936 δ,
749 3878 805 3924 et
851 3868 1052 3926 infelici
1091 3879 1238 3926 sorte
1289 3875 1612 3930 constrictus
1638 3860 1854 3930 festinat
1882 3877 2081 3948 populo
2181 3871 2408 3928 bulione
2436 3873 2774 3943 compositis,
2827 3874 3045 3930 rotabili
3076 3873 3192 3948 [Gn
3241 3885 3291 3929 et
3336 3873 3486 3946 Cuj.,
3518 3877 3796 3948 roboralij

497 3962 714 4029 placere
739 4001 754 4028 ,
782 3960 874 4031 qui
904 3976 1028 4018 eum
1059 3979 1164 4017 non
1193 3972 1348 4034 optat
1373 3965 1631 4022 evadere.
1655 3968 1822 4022 Actus
1841 3968 2082 4024 detesta-
2178 3961 2438 4020 facilitate
2465 3978 2797 4034 praesumens
2821 4007 2838 4034 ,
2869 3981 2978 4022 non
3004 3966 3337 4023 discedendo
3367 3967 3509 4038 fugit
3535 4010 3556 4038 ,
3590 3985 3707 4025 non
3735 3984 3798 4026 se

496 4051 637 4114 bilis,
669 4059 945 4107 certamen
994 4051 1211 4116 infelix,
1244 4069 1367 4108 cum
1395 4053 1524 4110 feris
1550 4057 1690 4111 velle
1726 4057 2078 4128 contendere,
2179 4055 2391 4123 longius
2427 4055 2670 4112 faciendo
2691 4055 2950 4125 discedit,
2977 4058 3225 4129 sequitur
3253 4058 3671 4130 insequentem,
3695 4076 3798 4131 po-

494 4155 627 4208 quas
655 4140 908 4202 lor-tiores
936 4155 995 4196 se
1016 4157 1122 4196 non
1153 4141 1366 4197 dubitat
1389 4144 1648 4200 invenire.
1683 4145 1810 4200 Sola
1837 4155 1920 4202 est
1948 4161 2079 4216 ergo
2180 4146 2404 4216 plitibus
2423 4162 2483 4202 se
2507 4147 2741 4204 reddens
2766 4151 3092 4220 proximum,
3115 4159 3175 4206 ut
3202 4167 3302 4207 ora
3319 4153 3460 4206 vitet
3489 4169 3791 4210 ursorum:

494 4230 549 4283 in
579 4230 811 4286 fallendo
857 4233 1226 4302 praesumptio,
1257 4235 1475 4289 unicum
1505 4235 1558 4290 in
1589 4235 1908 4308 deceptione
1936 4240 2080 4296 sola-
2179 4239 2270 4295 ille
2297 4240 2350 4294 in
2382 4249 2595 4296 tenuem
2618 4242 2859 4310 regulam
2895 4252 3086 4300 ventre
3123 4245 3260 4317 lolii,
3293 4243 3507 4316 venire]
3555 4261 3796 4316 suspen—

494 4319 647 4372 tium.
679 4319 778 4384 Qui
811 4321 856 4374 si
898 4321 1066 4375 feram
1090 4337 1196 4376 non
1224 4333 1497 4378 mereatur
1523 4323 1782 4394 effugere,
1809 4327 2074 4384 interdum
2179 4347 2270 4387 sus
2296 4333 2484 4386 invitat
2533 4333 2865 4389 exitiabilem
2912 4334 3118 4402 feram,
3170 4343 3228 4390 et
3275 4336 3381 4390 nisi
3433 4336 3796 4406 periclitatus

493 4424 596 4463 nec
639 4411 971 4480 sepulturam
1021 4413 1219 4481 poterit
1269 4415 1530 4472 invenire.
1570 4417 1760 4472 Adhuc
1787 4422 2076 4490 superstite
2178 4425 2358 4488 fuerit,
2391 4425 2465 4480 nil
2495 4426 2637 4480 unde
2661 4427 2844 4482 vivere
2872 4427 3046 4496 possit
3083 4428 3354 4497 acquirit;
3385 4428 3527 4484 alter
3555 4444 3626 4483 se
3667 4442 3796 4497 ges-

491 4499 711 4556 liomine
739 4502 879 4570 perit
902 4517 1118 4573 corpus,
1143 4512 1200 4560 et
1220 4514 1508 4576 antequam
1531 4509 1766 4565 cadaver
1787 4511 2070 4581 eﬂiciatur,
2106 4512 2326 4570 D'tabi-li
2376 4531 2531 4571 muro
2577 4520 2870 4572 cannarum
2901 4529 3090 4573 contra
3143 4520 3504 4574 saevissimum
3553 4521 3792 4586 animal,

493 4590 822 4645 truculenter
871 4591 1185 4646 absumitur.
1217 4590 1418 4664 Captus
1439 4611 1562 4653 esca
1593 4597 1652 4652 fit
1678 4598 1815 4654 hosti
1840 4615 1967 4667 suo,
2016 4612 2072 4657 et
2178 4607 2326 4662 ericii
2355 4609 2602 4674 exemplo
2630 4646 2646 4670 ,
2695 4615 3008 4678 receptatus
3051 4609 3308 4674 includit,
3367 4611 3465 4679 qui
3503 4611 3702 4666 subito
3734 4613 3792 4665 in

490 4682 642 4740 illum
675 4684 690 4752 (
709 4682 844 4754 proh
885 4682 1109 4754 dolori)
1139 4687 1301 4742 satiat
1327 4702 1488 4758 quem
1515 4705 1576 4746 se
1603 4693 1866 4762 perimere
1911 4706 2072 4763 posse
2179 4703 2360 4764 tergus
2387 4712 2542 4752 suum
2571 4697 2858 4766 refugiens,
2902 4699 3044 4754 intra
3069 4716 3130 4756 se
3168 4701 3436 4756 collectus
3482 4701 3793 4758 abscondi-

504 2595 631 2650 dine
657 2611 1000 2651 censeremus
1029 2613 1042 2648 :
1068 2594 1286 2664 quando
1313 2611 1428 2660 eos,
1459 2611 1598 2666 quos
1625 2595 1777 2650 vobis
1807 2607 2090 2664 aggregan-

505 2687 603 2741 dos
629 2685 920 2753 credimus,
954 2685 1233 2756 multiplici
1261 2686 1583 2755 allegatione
1612 2685 1980 2756 praedicamus.

1034 2835 1364 2892 EPISTOLA
1399 2835 1558 2892 XLII.

539 2943 743 2983 IAXIIO
771 2944 894 2984 vmo
938 2944 1185 2984 ILLUSTRI
1209 2969 1224 2994 ,
1255 2945 1504 2995 consum,
1533 2944 1901 2986 ruuooontcus
1921 2945 2050 2986 nux.

561 4847 600 4916 -_
619 4837 852 4916 Introiuit
879 4843 1054 4916 active
1079 4843 1262 4916 posu_it
1283 4861 1380 4916 pro
1401 4855 1586 4902 notum
1608 4849 1750 4913 fecit,
1782 4859 1838 4904 ut
1864 4849 1918 4905 S.
1945 4851 2068 4907 Gre-

486 4909 696 4990 gorius“
718 4907 938 4977 Magnus
961 4907 1176 4990 _libfvgt
1205 4907 1340 4990 Reg.
1361 4957 1376 4981 ,
1406 4918 1590 4973 indict.
1624 4920 1658 4972 2
1685 4961 1703 4987 ,
1730 4907 1850 4990 cap.
1881 4921 1984 4976 “3
2009 4933 2066 4978 et

491 4979 608 5031 m.
643 4978 732 5033 Sic
759 4996 920 5049 supra
943 4983 1078 5039 dixit
1113 4978 1466 5043 Cassiodorus
1491 4978 1860 5044 ἱηηοῑεεὶεηᾶα
1901 4991 1993 5048 lib.
2021 5009 2062 5062 ι,

491 5065 570 5107 eo.
606 5049 695 5104 24.
738 5047 932 5107 Juasr.

483 5065 517 5104 e
559 5089 570 5101 .
606 5065 695 5104 τι.
738 5065 932 5108 suam.

521 5065 587 5157 pb
621 5120 968 5200 Yenationem
993 5131 1079 5200 _et
1119 5127 1446 5200 spectacula,
1505 5129 1558 5184 in
1597 5130 1790 5200 quibus
1817 5131 2064 5189 homines

484 5205 604 5243 cum
631 5189 758 5244 feris
773 5189 1328 5260 decertabantfvocat
1354 5189 1537 5252 ludum
1559 5189 1834 5256 crudelem
1861 5213 1916 5257 et
1934 5219 2060 5258 san-

2167 4869 2236 4936 e:
2273 4856 2434 4911 rebus
2484 4857 2588 4936 Dei
2625 4866 2895 4936 constant.
2946 4857 3040 4916 Sic
3083 4859 3402 4919 Lactantius
3456 4869 3789 4936 spectacula

2167 4923 2432 5007 damnans
2456 4969 2472 4991 ,
2501 4928 2796 5007 voluptatis
2817 4945 2950 5007 voce
2977 4945 3354 5007 saepenumero
3383 4923 3590 5007 utitur.
3620 4923 3687 4994 ιζ

2253 4994 2337 5074 de
2357 4995 2538 5074 Spect.
2571 4991 2720 5074 Lit,
2752 4998 2814 5074 (2Γ
2855 5000 2924 5074 de
2973 4991 3198 5074 expetis.
3233 5003 3508 5060 ludorum.
3545 4991 3789 5066 TrEbel:

2166 5062 2275 5150 lius,
2297 5062 2472 5150 Pollio
2501 5068 2554 5147 in
2599 5062 2840 5150 Galienis
2867 5062 3098 5126 duobus.
3133 5071 3210 5128 Ne
3264 5074 3472 5150 diutius
3497 5120 3511 5139 ,
3567 5062 3781 5150 inquit,

2166 5133 2460 5220 tlieatroiet
2487 5137 2630 5220 circo
2661 5139 2869 5220 addicta
2902 5156 3052 5220 resp._
3081 5159 3184 5220 per
3206 5133 3571 5220 voluptatum
3605 5133 3782 5220 depe:

559 5206 604 5270 ni
631 5203 1140 5274 tertsdecertabant,
1168 5205 1328 5252 vocat
1355 5203 1537 5274 ludum
1559 5203 1834 5274 crudelem
1861 5213 1916 5257 et
1934 5219 2060 5258 san-
2164 5203 2297 5274 riret
2343 5205 2644 5260 illecebras.
2693 5203 3093 5266 Salviaiius'ile'
3149 5203 3506 5272 Prowdeutia
3561 5219 3665 5273 Dei
3685 5203 3780 5274 rait

485 5265 782 5351 guinar‘iam
837 5265 1203 5351 voluptatem,
1261 5269 1710 5351 quemadmodum
1742 5341 1756 5351 ι
1765 5273 2062 5351 theatrales
2164 5272 2295 5351 _niliil
2325 5289 2443 5330 esse
2463 5277 2748 5351 criminum
2777 5281 2862 5351 vel
2909 5265 3243 5348 ﬂagitiorum
3272 5265 3597 5351 ιιῦὖῖἽῆοᾶ

485 5328 805 5416 functiones,
846 5328 1595 5416 spec'taculorumteditiones,
1625 5349 1679 5394 et
1707 5341 1810 5416 alia
1831 5343 1948 5416 ejus
1975 5357 2061 5411 ge~
2161 5341 2214 5395 in
2265 5328 2747 5416 spectaculis,mubi
2791 5328 3450 5408 *hiiniiii‘é'sﬁ'cé'r';réﬁdfr

485 5403 630 5487 {reris
651 5437 671 5487 ,_
687 5403 997 5487 voluptates
1019 5407 1304 5487 appellari
1321 5418 1570 5487 constat,
1599 5411 1742 5487 quod
1769 5403 2057 5487 conﬁrmat
2160 5403 2626 5487 cuiuspicientium
2664 5419 2962 5487 voluptate.
2994 5403 3774 5484 ’ιιίἦῖἰίίηίίζιιέὶὶὶίιῖξέἱιιῆλῖα

491 5465 742 5563 Ῐιιιξιεςυε
790 5465 840 5563 i'n
869 5465 1158 5563 Aureliano
1205 5465 1635 5563 :‘Sequentib'us'
1677 5482 1865 5562 diebus
1914 5481 2055 5563 datm
2157 5465 3165 5563 sy.m.‘m£;i{uiii‘,'biiiﬁ’32i'5iiingHIi‘;
3567 5465 3777 5554 iis};

483 5547 605 5622 sntit
655 5541 854 5620 populo
898 5543 1206 5622 voluptates
1249 5541 1492 5622 ludorum
1533 5551 1912 5622 _scenicorum,
1940 5552 2050 5622 95
2156 5541 2294 5605 ι’ὶῖιιιι
2323 5541 2660 5611 cohortatur.

625 5623 632 5634 ι
660 5603 669 5606 “
731 5603 745 5609 ·
786 5612 794 5620 -
945 5615 971 5639 _.
1027 5603 1043 5612 ·
1283 5616 1294 5626 .
1533 5603 1544 5608 -
1642 5620 1652 5630 ,
1705 5603 1712 5604 ί
1736 5603 1747 5605 ν
1813 5603 1912 5619 ""v
1941 5603 2049 5622 νυ
2189 5603 2294 5605 νγί-
2330 5603 2660 5611 ν---ν---η--ν

486 5603 726 5724 ξῖἶέξὲἱιῖἶὲῗ
752 5619 2052 5724 ἓῖίῖιίὶῗῖίἓῖἶῖἐιηἶῗὲῗιὲζθηνῖᾞξςζέἶ³ῗέτ¹ἓὲ9ῗξΐ¹¹¹λέἔὲῗζ
2245 5651 2522 5724 Iunones
2545 5657 2832 5724 miserorum
2857 5658 3109 5724 hominum
3135 5663 3400 5724 prohibeto
3417 5665 3553 5716 litari

647 5677 668 5704 κ
1052 5675 1085 5693 .-
1271 5685 1281 5695 .
1403 5703 1408 5706 _
1473 5675 1545 5698 κν
1878 5675 1892 5690 ν
2255 5675 2273 5700 ι
2290 5675 2318 5700 u
2344 5675 2522 5703 "Iones
2545 5675 2832 5706 tluserorttm
2857 5675 2889 5707 n
2924 5675 2968 5706 tn
2998 5675 3109 5708 num
3440 5675 3448 5676 '

485 5675 886 5786 agebam
889 5682 2048 5786 6::"Jliitttitrmtsﬁzia£22m.2'31'39é
2243 5713 2490 5766 unum»:
2524 5720 2644 5767 owe
2678 5719 2833 5778 αισι-ι.
2859 5675 3512 5786 c3iu'ssnp‘1533'333’533

489 5748 603 5794 ista:
640 5747 874 5812 profanae
925 5755 1353 5820 spectaculorum
1382 5743 2045 5832 sccculariuinivoloptates
2243 5743 2415 5763 mum
2439 5743 2490 5766 ω
2524 5743 2644 5767 mw
2678 5743 2833 5797 aui"
2859 5743 3002 5783 unus
3021 5743 3087 5773 ω
3111 5743 3257 5786 “una
3285 5743 3532 5837 “33;?
