3974 6380
168 257 260 311 (317
1457 263 1816 322 VARlARUM
1857 267 2058 324 LIBER
2100 271 2159 326 V.

3330 278 3436 336 678

168 382 276 438 tur;
319 377 375 426 et
403 385 521 426 cum
551 386 820 442 nusquam
846 367 1154 428 discesserit
1178 417 1192 440 ,
1223 373 1341 444 ejus
1361 377 1744 446 corpusculum
1779 385 1827 442 Α
1855 380 2032 436 aliena
2079 396 2244 451 regna
2275 386 2600 453 transmitti;
2632 401 2752 457 qua:
2780 403 2850 445 ne
2895 390 3051 446 vobis
3093 388 3446 445 redderentur

169 479 267 517 non
299 462 527 517 videtur.
560 461 692 516 Nam
719 463 856 518 sicut
885 464 974 519 ille
1004 465 1255 521 veniente
1277 467 1552 522 contrario
1591 484 1752 524 revo-

171 555 309 608 lutus
340 554 390 608 in
420 553 687 622 sphaeram
714 555 1052 610 naturalibus
1078 555 1390 612 defensatur
1415 558 1640 624 aculeis,
1675 559 1756 616 sic

171 643 268 698 iste
296 643 546 700 consutili
599 651 749 700 crate
802 645 1152 715 prmcinctus,
1203 647 1469 703 munitior
1511 649 1758 704 redditur

171 735 456 806 fragilitate
481 750 811 802 cannarum;
845 737 936 790 alii
961 737 1132 793 tribus
1148 780 1164 805 ,
1203 745 1262 793 ut
1282 737 1353 792 ita
1373 737 1622 803 dixerim,
1647 740 1756 796 dis-

175 827 374 899 positis,
407 827 617 882 ostiolis
644 827 790 900 [alii,
814 827 1087 900 bestiolis]
1116 839 1362 899 paratam
1381 831 1434 886 in
1458 847 1520 887 se
1551 832 1754 888 rabiem

171 931 460 988 provocare
507 925 839 986 praesumunt
871 935 884 971 :
922 918 974 972 in
1005 919 1215 988 patenti
1271 935 1395 976 area
1432 923 1755 979 cancellosis

170 1023 225 1064 se
251 1007 490 1078 postibus
535 1008 846 1062 occulentes
875 1049 890 1074 ,
933 1009 1097 1066 modo
1143 1010 1349 1077 facies,
1391 1011 1556 1068 modo
1604 1021 1754 1083 terga

171 1108 563 1166 monstrantes;
593 1108 654 1154 ut
684 1101 881 1156 mirum
908 1101 979 1156 sit
999 1103 1234 1159 evadere
1261 1119 1400 1175 quos
1425 1105 1501 1160 ita
1530 1107 1754 1178 respicis

170 1205 261 1263 per
303 1190 520 1246 leonum
551 1206 756 1260 ungues
783 1191 1084 1262 dentesque
1110 1194 1371 1250 volitare:
1399 1195 1539 1250 alter
1555 1197 1755 1252 labenti

169 1291 280 1338 rota
308 1281 432 1338 feris
463 1279 722 1349 offertur;
746 1283 936 1338 eadem
971 1283 1111 1339 alter
1135 1285 1378 1354 erigitur,
1412 1295 1471 1341 ut
1499 1287 1755 1357 periculis

168 1373 454 1430 auferatur.
485 1375 576 1430 Sic
604 1375 719 1432 haec
739 1375 986 1430 machina
1027 1377 1095 1432 ad
1117 1377 1266 1434 infidi
1295 1380 1480 1434 mundi
1519 1380 1752 1438 formata

168 1467 498 1537 qualitatem,
528 1467 659 1523 istos
680 1483 777 1538 spe
807 1469 1037 1536 refovet,
1068 1469 1188 1525 illos
1214 1470 1410 1526 timore
1437 1470 1751 1528 discruciat:

167 1559 407 1614 omnibus
439 1566 621 1614 tamen
651 1559 909 1628 vicissim,
934 1569 994 1616 ut
1021 1561 1276 1632 decipere
1305 1563 1498 1632 possit,
1527 1563 1751 1621 arridet.

169 1647 400 1717 Longum
444 1658 532 1704 est
579 1665 677 1720 per
703 1658 785 1705 tot
828 1652 1194 1723 periculorum
1225 1670 1384 1710 casus
1411 1657 1753 1713 sermonibus

1858 471 2074 540 infesta,
2101 481 2285 529 nostra
2311 475 2556 532 fecerunt
2575 477 2820 534 absolute
2847 482 3165 537 certamina.
3211 481 3311 539 Ubi
3339 495 3444 558 est,

1857 565 2000 632 quod
2026 573 2176 620 tanta
2207 565 2444 625 lectione
2471 571 2744 639 saginatus
2767 613 2782 637 ,
2815 573 2950 628 alios
2995 558 3208 630 solebas
3252 576 3450 633 docere

1856 653 1926 708 de
1977 656 2260 711 moribus?
2309 657 2424 714 lloc
2452 659 2498 714 si
2548 663 2810 717 voluisses
2862 679 2984 718 cum
3031 679 3222 723 sorore
3259 675 3446 724 nostra

1856 753 2114 814 tractare,
2145 748 2331 818 utique
2359 751 2510 805 vobis
2550 766 2657 806 non
2708 759 2971 824 potuisset
3011 756 3290 813 accidere:
3319 761 3448 832 quia

1857 854 1958 894 nec
1987 840 2208 896 fratrem
2237 844 2559 911 permiserat
2589 845 2728 910 laedi,
2760 861 2860 902 nec
2886 849 3134 904 maritum
3164 850 3365 906 fecerat
3389 854 3446 908 in

1855 930 2019 986 rebus
2044 932 2240 989 talibus
2273 933 2521 989 inveniri.
2552 935 2726 1006 Atque
2755 937 2876 992 ideo
2906 953 3003 1008 per
3031 939 3179 994 illum
3218 950 3275 996 et
3301 942 3448 998 illum

1855 1019 2066 1089 legatos
2092 1031 2306 1078 nostros
2333 1023 2629 1080 salutantes
2653 1026 3070 1082 honorificentia
3097 1033 3446 1100 competenti,

1854 1113 2090 1182 petimus
2132 1122 2189 1169 ut
2219 1116 2356 1172 hanc
2402 1117 2719 1186 injustitiam
2763 1119 3078 1176 deliberatio
3120 1133 3298 1178 vestra
3330 1140 3448 1194 per-

1855 1211 2056 1260 tractet
2088 1223 2100 1258 :
2128 1221 2196 1260 ne
2228 1216 2509 1276 parentum
2543 1217 2842 1264 vestrorum
2873 1211 3084 1266 animus
3113 1213 3450 1270 evidentibus

1855 1297 2034 1351 causis
2080 1297 2368 1366 excitatus,
2395 1300 2598 1368 cogitet
2627 1300 2824 1370 aliquid
2850 1309 3058 1358 tentare
3086 1303 3228 1372 quod
3259 1297 3449 1374 pace'm

1855 1389 2106 1446 videatur
2131 1385 2452 1461 irrumpere.
2483 1394 2732 1448 Graviter
2758 1395 3020 1464 siquidem
3047 1396 3194 1451 dolet
3234 1397 3446 1467 injuria,

1854 1496 1977 1552 qua:
2016 1485 2304 1553 contigerit
2331 1486 2635 1556 insperata;
2660 1497 2714 1542 et
2742 1489 2785 1544 si
2812 1489 2936 1544 inde
2964 1491 3246 1560 proveniat
3269 1491 3447 1558 dolus,

1856 1575 2000 1630 unde
2020 1576 2341 1632 credebatur
2361 1578 2642 1634 auxilium.
2683 1578 2938 1646 Quaedam
2967 1597 3096 1637 vero
3135 1599 3233 1652 per
3257 1584 3447 1640 harum

1857 1665 2152 1734 portitores
2186 1667 2355 1721 verbo
2383 1667 2537 1721 vobis
2587 1666 2902 1723 insinuanda
2945 1671 3342 1738 commisimus;
3390 1680 3448 1727 ut

167 1739 394 1807 evagari.
420 1737 532 1795 Sed
559 1748 686 1810 apte
709 1740 1043 1811 jungendum
1072 1751 1174 1811 est,
1202 1745 1348 1814 quod
1377 1747 1452 1801 ait
1479 1747 1548 1803 de
1567 1747 1752 1805 inferis
1786 1763 1828 1824 Β
1853 1755 2186 1811 aestimantes
2215 1757 2418 1823 omnia,
2442 1756 2570 1828 quid
2593 1757 2706 1813 fieri
2737 1758 2792 1813 in
2815 1767 2963 1813 tanta
2993 1775 3155 1814 causa
3179 1737 3448 1830 oporteat,

166 1826 478 1885 Mantuanus
513 1847 525 1884 :
566 1829 698 1898 Quis
723 1833 992 1889 scelerum
1021 1837 1482 1907 comprehendere
1510 1839 1751 1897 fortnas?

163 1919 276 1986 quis
299 1919 479 1975 omnia
512 1935 792 1991 pmnarum
817 1939 1136 1994 percurrere
1167 1928 1386 1984 nomina
1407 1933 1577 2000 possit
1599 1931 1750 1989 ?Sed

162 2009 324 2075 vobis,
350 2010 546 2079 quibus
574 2028 801 2070 necesse
827 2024 912 2072 est
940 2017 1069 2072 talia
1099 2020 1614 2091 populisexbibere,
1642 2024 1751 2080 lar-

161 2101 318 2170 gitate
346 2118 541 2160 manus
563 2103 769 2164 fundite
798 2110 1040 2179 praemia,
1075 2120 1134 2168 ut
1162 2113 1278 2170 haec
1305 2114 1519 2172 miseris
1540 2115 1750 2175 faciatis

161 2205 272 2248 esse
300 2193 500 2249 votiva.
526 2195 742 2268 Alioqui
763 2199 1001 2256 violenta
1022 2203 1322 2274 compulsio
1350 2214 1453 2273 est,
1485 2207 1749 2265 solemnia

161 2282 294 2339 dona
320 2285 644 2344 subtrahere
671 2331 687 2358 ,
720 2299 776 2347 et
813 2303 1020 2351 mortes
1063 2295 1413 2356 detestabiles
1455 2301 1743 2372 imperare.

159 2373 224 2430 Et
267 2377 386 2434 ideo
414 2379 678 2450 quidquid
717 2382 771 2438 in
797 2382 1012 2454 longam
1043 2391 1492 2448 consuetudinem
1523 2396 1746 2466 antiqua

161 2467 473 2526 liberalitate
501 2473 770 2543 pervenit,
813 2477 931 2532 sine
961 2478 1140 2549 aliqua
1163 2479 1424 2540 dilatione
1461 2488 1748 2545 concedite

159 2559 468 2628 supplicanti
509 2578 524 2616 :
551 2563 678 2632 quia
723 2567 1005 2624 homicidii
1033 2580 1220 2627 reatus
1245 2583 1349 2642 est,
1380 2575 1486 2632 illis
1514 2593 1636 2634 esse
1666 2587 1748 2636 te-

164 2663 363 2716 nacem,
404 2667 547 2722 quos
573 2653 742 2710 editio
767 2666 944 2712 vestra
976 2659 1229 2716 invitavit
1251 2663 1318 2718 ad
1347 2675 1600 2722 mortem.
1629 2667 1746 2724 Heu

163 2741 333 2796 mundi
361 2757 521 2799 error
552 2745 847 2804 dolendus!
882 2748 938 2804 Si
965 2761 1108 2808 esset
1129 2753 1270 2810 ullus
1295 2758 1565 2827 aequitatis
1593 2761 1746 2817 intui-

161 2837 268 2897 tus,
299 2841 456 2890 tantae
477 2835 680 2892 divitia:
708 2854 807 2909 pro
829 2839 938 2895 vita
968 2845 1278 2900 mortalium
1310 2847 1575 2905 deberent
1603 2851 1740 2919 dari,

159 2933 357 2989 quanta:
385 2925 439 2980 in
466 2935 674 2986 mortes
699 2929 980 2987 hominum
1011 2933 1264 2991 videntur
1291 2936 1518 2995 effundi.

675 3063 1011 3123 EPISTOLA
1049 3069 1230 3126 XLIII.

221 3165 567 3210 TMNSIUNDO
594 3171 716 3212 REGI
747 3173 1116 3217 WANDALOBUI
1147 3179 1510 3224 τκεουοειισυε
1538 3183 1664 3224 κει.

158 3240 354 3324 Laudat
392 3263 628 3324 sororem
653 3267 833 3315 suam,
879 3270 1036 3324 quam
1071 3254 1432 3313 Transmundo
1472 3261 1526 3314 in
1557 3262 1742 3316 matri-

221 3318 440 3371 monium
460 3319 707 3385 dederat;
729 3333 779 3410 et
793 3318 1130 3410 conqueritur
1147 3329 1282 3410 quod
1307 3329 1418 3410 ipse
1438 3329 1741 3410 Gesalecum

217 3402 369 3472 regno
397 3401 612 3472 promer
637 3394 918 3472 perfidiam
931 3394 1441 3472 expulsnmltenigne
1459 3405 1737 3472 exceperit,

219 3465 365 3528 atque
393 3462 446 3513 in
476 3469 687 3515 exteras
716 3464 899 3535 plagas
928 3462 1044 3520 cum
1073 3468 1266 3522 divitiis
1296 3462 1664 3526 transmiserit.

221 3567 469 3634 Quamvis
503 3587 534 3625 a
563 3571 790 3629 diversis
831 3577 1048 3644 regibus
1077 3579 1300 3648 expetiti
1330 3597 1429 3652 pro
1457 3582 1738 3640 solidanda

155 3665 428 3720 concordia
461 3675 558 3725 aut
587 3677 776 3740 neptes
815 3670 1084 3740 dedimus,
1116 3681 1208 3728 aut
1254 3671 1409 3739 filias,
1443 3674 1553 3731 Deo
1585 3677 1740 3733 nobis

154 3751 457 3826 inspirante,
489 3757 890 3830 conjunximus,
924 3762 1053 3817 nulli
1087 3772 1265 3820 tamen
1284 3767 1613 3824 :estimamus
1639 3785 1740 3825 nos

153 3846 340 3914 aliquid
390 3849 570 3904 simile
595 3851 910 3919 contulisse,
936 3869 1098 3924 quam
1127 3856 1274 3925 quod
1299 3871 1612 3926 germanam
1641 3875 1741 3916 no-

151 3948 328 4007 stram,
375 3945 594 4013 generis
623 3945 798 4001 Amali
827 3948 1097 4018 singulare
1121 3952 1468 4020 pt‘mconium,
1496 3964 1738 4010 vestrum

152 4029 366 4087 fecimus
394 4050 519 4089 esse
546 4035 854 4105 conjugium
888 4056 900 4090 :
935 4035 1186 4095 feminam
1217 4043 1512 4112 prudentiae
1545 4055 1739 4100 vestra:

151 4133 350 4189 parem,
382 4139 507 4194 qua:
536 4141 646 4180 non
678 4135 886 4182 tantum
917 4133 1212 4187 reverenda
1241 4149 1426 4204 regno,
1477 4146 1738 4205 quantum

151 4211 402 4271 mirabilis
425 4218 600 4287 possit
621 4234 742 4274 esse
763 4221 1013 4278 consilio.
1056 4223 1166 4279 Sed
1191 4234 1384 4296 stupeo
1411 4243 1511 4284 vos
1537 4229 1618 4283 his
1647 4229 1738 4285 be-

150 4302 346 4358 neficiis
376 4307 648 4376 obligatos
677 4308 1031 4380 Gesalecum,
1081 4317 1173 4384 qui
1224 4318 1426 4372 nostris
1481 4319 1736 4389 inimicis,

149 4391 267 4448 dum
294 4412 322 4449 a
354 4398 514 4456 nobis
544 4399 838 4472 foveretur,
869 4404 1154 4474 adjunctus
1176 4417 1278 4472 est,
1311 4409 1362 4463 in
1387 4419 1622 4466 vestram
1642 4412 1740 4467 de—

1853 1847 2194 1917 providentia
2230 1858 2411 1904 vestra
2442 1858 2711 1920 reponat:
2743 1853 2869 1920 quia
2918 1868 3027 1907 non
3057 1863 3139 1909 est
3180 1855 3294 1910 leve
3324 1873 3451 1927 pru-

1852 1939 2043 1996 dentes
2071 1941 2214 1997 viros
2235 1941 2288 1996 in
2311 1942 2462 2012 pacis
2489 1943 2783 1998 constituta
2805 1959 3052 2014 peccare.

2363 2073 2697 2131 EPISTULA
2733 2075 2917 2132 XLIV.

1909 2181 2259 2222 TBANSIUNDO
2289 2173 2315 2204 ⁸
2339 2182 2462 2222 REGI
2488 2182 2856 2223 πΑιωΑιοιιυκ
2887 2185 3253 2226 τπεουοιιιευε
3280 2189 3409 2228 REX.

1851 2255 2047 2335 Scribit
2067 2273 2128 2335 se
2152 2259 2703 2335 emsqtionent__ejua_
2733 2263 3192 2335 purgationemque
3225 2267 3288 2319 ob
3338 2267 3442 2320 Ge-

1919 2327 2079 2402 laseci
2120 2330 2495 2402 susceptionem
2524 2327 2704 2402 libenti
2722 2327 2920 2402 ξαηϋηο
2948 2327 3248 2402 accepisse;
3277 2346 3326 2390 et
3356 2355 3440 2390 η»-

1918 2398 2076 2452 mittit
2104 2415 2318 2452 munera
2342 2397 2406 2452 ab
2435 2413 2495 2455 eo
2520 2399 2617 2454 sibi
2644 2400 2840 2455 oblata.

1918 2488 2230 2556 Ostendisti,
2260 2491 2672 2562 prudentissime
2692 2506 2899 2562 regum,
2919 2502 3041 2564 post
3059 2495 3260 2552 erroris
3280 2513 3442 2554 even-

1848 2589 1962 2636 tum
1983 2582 2320 2654 sapientibus
2341 2583 2629 2639 subvenire
2657 2598 2818 2654 posse
2847 2585 3161 2653 consilium;
3190 2603 3288 2644 nec
3309 2604 3440 2659 per-

1848 2673 2062 2730 tinacize
2082 2675 2269 2729 vitium
2299 2689 2398 2730 vos
2423 2689 2627 2742 amare,
2659 2675 2802 2746 quod
2824 2677 2996 2732 brutis
3025 2677 3333 2736 hominibus
3361 2684 3442 2737 vi-

1844 2765 2003 2822 detur
2030 2766 2302 2822 accidere.
2335 2768 2624 2839 Obligastis
2653 2769 2890 2824 animum
2930 2785 3142 2837 meum,
3173 2781 3318 2828 tanta
3340 2789 3440 2829 vos

1846 2853 1900 2909 in
1941 2855 2138 2910 melius
2165 2855 2443 2912 celeritate
2474 2857 2752 2912 mutando.
2786 2856 2919 2912 Nam
2952 2874 3073 2914 cum
3103 2875 3200 2914 rex
3227 2862 3440 2918 satisfa-

1844 2945 1936 3012 cit,
1966 2945 2222 3016 quaelibet
2252 2945 2386 3000 dura
2408 2945 2654 3002 dissolvit
2683 2964 2696 3000 :
2731 2947 2855 3016 quia
2879 2948 2958 3004 sic
2987 2957 3070 3004 est
3096 2950 3150 3004 in
3181 2952 3439 3022 principi-

1844 3038 1946 3094 bus
1960 3039 2236 3094 humilitas
2255 3039 2513 3109 gloriosa,
2535 3040 2988 3110 quemadmodum
3011 3044 3064 3099 in
3079 3046 3440 3105 mediocribus

1765 3133 1811 3195 C
1845 3128 2032 3184 odiosa
2062 3135 2245 3199 potest
2287 3145 2406 3186 esse
2428 3131 2688 3201 jactantia
2741 3130 2923 3202 Nuper
2961 3134 3115 3190 vobis
3141 3137 3438 3206 objecimus

1841 3216 2086 3274 Gesaleci
2103 3219 2374 3288 quondam
2391 3221 2532 3290 regis
2545 3220 2730 3277 dolosa
2742 3221 3094 3280 meditatione
3107 3225 3400 3284 discessum
3417 3247 3436 3297 ;

1839 3309 1938 3364 sed
1965 3325 2063 3366 vos
2083 3310 2376 3366 nobilitatis
2403 3321 2592 3368 vestrae
2613 3327 2885 3368 memores
2905 3321 2961 3369 et
2982 3313 3223 3382 honoris,
3253 3326 3436 3374 aetum

1840 3400 1919 3454 rei
1961 3399 2118 3455 nobis
2155 3401 2256 3456 sub
2284 3402 2512 3457 veritate
2541 3401 2881 3460 declarastis.
2912 3401 3064 3460 Unde
3091 3420 3201 3460 non
3227 3406 3326 3462 fuit
3354 3410 3434 3464 sie

1843 3489 2234 3561 vituperabile,
2289 3493 2564 3548 hominem
2613 3493 2860 3567 [ed.Ac.,
2914 3493 3207 3573 hominum]
3254 3503 3438 3574 pravis

1839 3581 2234 3653 suspicionibus
2263 3583 2440 3640 locum
2467 3583 2700 3652 dedisse,
2731 3597 2990 3656 quantum
3030 3588 3322 3660 gloriosum
3351 3607 3434 3650 est

1840 3673 2207 3730 dominantem
2231 3684 2340 3732 tam
2367 3676 2648 3733 celerrime
2675 3693 2734 3734 se
2775 3682 3014 3750 potuisse
3058 3698 3310 3754 purgare.
3339 3684 3435 3743 Ille

1839 3763 1986 3819 enim
2011 3765 2104 3834 qui
2131 3764 2308 3821 minus
2344 3769 2560 3836 poterat
2597 3768 2748 3836 cogi,
2775 3770 2970 3826 anima:
2995 3778 3105 3828 nan
3131 3789 3322 3844 passus
3352 3788 3436 3834 est

1840 3870 2040 3912 arcana
2066 3857 2292 3912 violare.
2317 3855 2417 3912 Cui
2447 3858 2590 3914 laudi
2620 3861 3064 3932 vicissitudinem,
3087 3866 3140 3921 in
3168 3883 3274 3936 qua
3303 3885 3433 3940 pos-

1839 3962 2026 4002 sumus
2049 3956 2223 4017 parte,
2265 3945 2570 4012 reddentes,
2605 3950 2867 4005 sinceram
2897 3955 3270 4023 purgationem
3301 3975 3433 4028 pura

1841 4045 2024 4092 mente
2061 4039 2420 4108 suscepimus;
2449 4038 2544 4094 sed
2585 4041 2702 4094 auri
2733 4044 3031 4098 transmissi
3057 4060 3280 4102 munera
3325 4065 3433 4105 non

1843 4140 2116 4192 tenemus;
2149 4136 2209 4184 ut
2236 4136 2293 4186 et
2318 4129 2420 4200 ipsi
2450 4129 2782 4200 intelligatis,
2809 4149 3024 4190 causam
3051 4151 3148 4206 per
3169 4138 3434 4208 justitiam

1841 4219 2006 4279 fuisse
2033 4233 2255 4284 motam,
2286 4238 2448 4293 quam
2471 4223 2616 4278 nulla
2647 4225 2822 4295 potuit
2849 4225 3003 4281 linire
3024 4229 3305 4284 venalit..s.
3333 4230 3434 4286 Fe-

1841 4315 2014 4370 cimus
2037 4313 2252 4384 utrique
2279 4315 2500 4383 regalia.
2535 4314 2628 4370 Sic
2659 4332 2758 4372 nos
2785 4320 3157 4388 superavimus
3197 4325 3435 4394 tyranni-

1842 4421 1962 4461 eam
1985 4408 2354 4476 cupiditatem,
2379 4408 2520 4462 sicut
2539 4415 2594 4463 et
2609 4424 2706 4464 vos
2725 4411 2920 4466 vicisse
2945 4423 3159 4469 constat
3171 4430 3433 4474 errorem.

151 4483 441 4545 fensionem
469 4491 550 4547 sic
579 4491 746 4550 fuisse
765 4507 1094 4568 susceptum,
1124 4507 1182 4554 ut
1201 4502 1290 4568 qui
1323 4501 1388 4555 ad
1417 4518 1513 4557 vos
1541 4504 1742 4560 viribus
1771 4507 1820 4567 D
1848 4499 2094 4554 RBdBanl
2150 4499 2218 4554 ad
2265 4499 2859 4582 CUbiClllllm_V08"0m
2905 4519 3162 4570 munera,
3205 4520 3436 4575 ιιιιοτυω

148 4576 450 4647 destitutus,
485 4583 840 4656 privatusque.
865 4589 1094 4645 fortunis
1122 4602 1372 4657 venerat,
1423 4593 1597 4649 subita
1639 4611 1736 4665 pe-

147 4670 310 4724 cuniae
345 4673 597 4730 ubertate
623 4679 956 4748 completus,
989 4681 1057 4736 ad
1085 4689 1276 4748 gentes
1301 4691 1517 4739 exteras
1538 4686 1737 4756 probe-

147 4766 232 4812 tur
255 4763 636 4834 transmissus;
667 4769 760 4838 qui
784 4773 1050 4840 quamvis,
1085 4773 1197 4830 Deo
1234 4773 1458 4844 juvante
1481 4817 1498 4844 ,
1546 4777 1740 4846 laedere

147 4849 218 4904 nil
247 4853 436 4921 possit,
465 4864 645 4939 tamen
669 4861 905 4918 animum
927 4871 1121 4920 vestrae
1142 4864 1486 4934 cogitationis
1505 4869 1736 4938 aperuit.

146 4939 278 5008 Quid
328 4958 649 5018 exspectent
697 4963 1082 5012 extraneorum
1107 4955 1252 5027 jura,
1293 4959 1340 5014 si
1381 4959 1461 5014 sic
1505 4967 1744 5015 meretur

146 5033 419 5096 affinitas?
448 5040 582 5097 Nam
611 5045 657 5099 si
697 5061 860 5101 causa
906 5049 1288 5106 misericordiae
1335 5061 1618 5124 susceptus
1662 5059 1745 5109 est

145 5123 199 5180 in
245 5143 414 5200 regno
445 5144 646 5202 vestro,
704 5139 878 5192 teneri
929 5140 1161 5196 debuit:
1208 5143 1252 5196 si
1285 5152 1476 5198 nostro
1523 5153 1746 5215 propter

145 5231 398 5280 excessus
441 5227 632 5296 pulsus
659 5237 743 5284 est
762 5268 777 5294 ,
813 5243 920 5285 non
951 5239 1268 5302 oportuerat
1293 5248 1414 5289 cum
1444 5232 1646 5290 divitiis
1675 5233 1743 5290 ad

215 5435 238 5463 "
269 5425 348 5482 Ex
370 5427 678 5506 Nicephgro
706 5432 797 5486 lih.
838 5447 949 5506 xvn
980 5431 1187 5488 Ecclus.
1221 5432 1452 5503 llistor.,
1485 5451 1605 5506 cap.
1639 5436 1726 5490 Η.

144 5492 549 5574 Iratusmundus
575 5492 747 5574 forma
791 5505 987 5557 eximia
1017 5513 1072 5557 et
1098 5505 1278 5559 animo
1310 5492 1630 5574 niagnoar'ir,
1663 5507 1731 5563 ad

145 5563 544 5646 'I‘heodoricum
597 5570 899 5646 Gothorum
973 5590 1152 5642 regem
1206 5563 1472 5645 legatione
1524 5563 1727 5646 missa,

145 5635 588 5719 ‘Amalasuntham
619 5643 735 5711 ejus
761 5635 1157 5719 genitalialuirl
1188 5635 1590 5719 matrimonium
1632 5635 1730 5719 pe:

150 5712 260 5783 lens
289 5710 615 5783 impetravit,
646 5710 699 5766 et
725 5710 988 5783 piarterea
1029 5716 1174 5770 mille
1203 5717 1349 5770 dedit
1400 5710 1649 5773 amlatos'
1675 5726 1734 5773 et

145 5777 379 5849 quinque
422 5781 700 5838 hominum
728 5777 940 5853 'millia,
985 5801 1104 5854 (pne
1144 5788 1437 5843 satellitum
1481 5788 1732 5845 ordinem

1847 4597 2054 4644 tantum
2101 4589 2306 4644 oblatio
2353 4589 2562 4644 videtur
2607 4605 2727 4647 esse
2753 4593 3074 4660 gratissima.
3131 4594 3446 4664 Negligatur

1843 4695 2056 4744 aurum,
2088 4681 2179 4736 ubi
2219 4681 2450 4736 electum
2501 4689 2586 4736 est
2613 4685 2959 4740 conscientia:
3006 4689 3314 4756 praemium;
3337 4704 3434 4760 pa.

1845 4772 2010 4826 tiatur
2037 4772 2331 4842 aliquando
2356 4771 2648 4841 repulsam,
2679 4774 2823 4844 quod
2851 4790 3070 4848 semper
3095 4780 3274 4836 avaris
3300 4783 3440 4850 regi-

1844 4865 1946 4920 bus
1991 4866 2312 4936 imperabat.
2359 4863 2462 4919 Eat
2518 4881 2668 4920 nunc
2711 4877 2866 4922 actus
2913 4869 3017 4926 iste
3059 4881 3158 4941 per
3203 4880 3390 4940 gentes
3422 4915 3440 4942 ,

1847 4959 2070 5014 charum
2100 4967 2380 5030 parentem
2421 4976 2529 5014 non
2573 4975 2862 5018 excusasse
2889 4963 3102 5034 culpam
3125 5006 3142 5032 ,
3191 4975 3246 5020 et
3283 4965 3441 5022 laesos

1846 5051 2058 5107 animos
2097 5052 2366 5122 respuisse
2404 5053 2715 5126 pecuniam.
2743 5053 2847 5116 lta,
2879 5057 3027 5124 quod
3053 5071 3152 5126 per
3177 5054 3320 5110 bella
3346 5070 3441 5110 so—

1847 5141 1992 5197 lebat
2029 5143 2215 5210 quaeri,
2263 5143 2466 5198 amoris
2505 5143 2684 5199 studio
2709 5144 3044 5200 declaratum
3073 5153 3156 5200 est
3198 5145 3440 5214 potuisse

1846 5234 2140 5292 contemni.
2172 5234 2479 5305 intelligant
2506 5245 2761 5306 parentes
2789 5237 2928 5292 tales
2957 5236 3124 5293 fuisse
3147 5237 3238 5308 qui
3260 5237 3440 5293 studio

1836 5437 2144 5511 implerent.
2177 5439 2293 5496 lloc
2314 5448 2494 5496 autem
2519 5439 2772 5511 defuncto
2801 5438 3150 5497 Hilderichus
3183 5439 3441 5502 Honorici

1837 5509 2228 5568 cx'Genserico
2278 5513 2527 5580 prognati
2572 5509 2710 5566 (llius
2737 5513 3014 5581 regnavit,
3065 5513 3150 5567 vir
3197 5513 3342 5568 mitis
3382 5525 3440 5572 et

1839 5597 1969 5647 non,
1994 5591 2054 5637 ut
2078 5583 2165 5638 hic
2189 5581 2625 5650 Transmundus,
2657 5583 2888 5637 Arianus
2928 5592 2986 5637 et
3010 5581 3440 5642 Christianorum

1834 5652 2073 5708 virorum
2102 5660 2438 5723 persecutor.
2467 5653 2548 5707 Ad
2570 5651 3070 5723 huncllildericum
3099 5653 3444 5715 Athalaricus

1835 5724 2025 5780 scribit
2049 5722 2186 5780 infra
2208 5724 2300 5780 lib.
2324 5739 2402 5792 ix,
2434 5725 2594 5794 epist.
2627 5723 2678 5778 I.
2698 5722 2874 5780 Fonn.

3563 4570 3583 4596 Ι
