3974 6386
186 278 285 336 681

1445 278 1808 339 VARIARUM
1847 280 2048 338 LIBER
2087 282 2171 338 Vl.

3384 284 3486 339 ϐἓὲ

186 393 321 449 tiam
368 393 568 451 mentis
597 402 703 450 tuae
727 411 741 448 :
769 392 1019 451 consules
1046 407 1166 450 esse
1208 394 1579 464 magnanimos
1605 395 1782 451 decet.
1818 405 1869 466 Α
1899 402 2083 463 tatem,
2108 410 2179 453 ne
2216 402 2313 451 aut
2351 409 2452 452 nos
2494 409 2683 466 parum
2722 394 2934 452 dedisse
2962 395 3264 467 videamur,
3310 405 3404 453 aut
3434 408 3490 454 tu

182 482 332 555 Opes
358 485 595 556 privatas
622 499 730 539 non
761 486 987 552 cogites,
1018 483 1111 554 qui
1140 483 1368 554 gratiam
1394 483 1667 555 publicam
1688 484 1788 541 (lo-

184 574 370 630 nando
400 574 606 631 habere
650 574 962 630 decrevisti.
995 573 1131 630 Hinc
1171 583 1254 631 est
1280 575 1444 642 enim,
1475 575 1622 645 quod
1649 575 1788 631 alios

183 666 396 738 iudices
437 667 604 722 etiam
635 681 745 723 non
773 674 1027 735 rogantes
1055 666 1361 731 evehimus;
1394 666 1649 723 consules
1685 681 1789 721 au-

185 767 299 814 tem
327 765 612 828 sperantes
641 756 1019 812 tantummodo
1048 772 1465 828 promovemus;
1503 765 1563 812 ut
1590 756 1692 812 soli
1720 755 1787 811 ad

183 855 287 909 has
316 850 599 919 largitates
626 850 878 920 veniatis,
905 850 1000 921 qui
1027 864 1125 906 vos
1152 864 1313 921 pares
1342 850 1506 905 tantis
1534 848 1788 920 expensis

183 958 308 998 csse
356 942 702 1013 cognoscitis.
749 942 963 1012 Alioqui
992 956 1158 999 onera
1187 951 1372 998 essent
1414 942 1627 1013 potius,
1676 956 1787 997 non

185 1035 444 1101 honores,
474 1035 521 1091 si
560 1050 727 1105 supra
758 1034 899 1090 vires
925 1034 1124 1104 aliquid
1153 1033 1555 1104 imponeremus
1580 1032 1781 1088 invitis.

183 1125 390 1182 Fruere
429 1125 593 1195 igitur
629 1125 886 1180 decenter
913 1125 1131 1195 optatis.
1182 1123 1280 1180 Hic
1323 1133 1406 1180 est
1433 1123 1669 1178 ambitus
1692 1122 1785 1192 qui

176 1217 471 1287 probatur.
499 1212 627 1269 Esto
650 1214 853 1270 mundo
878 1214 1078 1278 clarus,
1112 1214 1206 1269 tibi
1238 1214 1654 1285 prosperrimus,
1678 1214 1786 1271 luis

175 1324 243 1363 au
261 1316 368 1362 tem
393 1306 629 1377 posteris
656 1304 886 1362 feliciter
910 1294 1222 1363 imitandus.

580 1439 645 1496 ll.
676 1454 923 1496 FOBIULA
957 1448 983 1477 ἰ
1014 1455 1384 1496 Ρλτιιιειλτυε.

255 1532 313 1589 Si
344 1531 684 1605 antiquitatis
729 1532 974 1589 ordinem
1005 1542 1406 1604 perscrutemur
1450 1533 1658 1603 origine
1700 1533 1781 1589 di-

184 1625 481 1695 gnitatum,
529 1623 881 1695 patriciorum
913 1622 1029 1696 [Gr.
1073 1634 1123 1679 et
1153 1622 1295 1696 Cuj.,
1335 1623 1672 1696 potitiorum]
1701 1624 1782 1679 fa-

1894 487 2250 559 negligentius
2278 494 2501 553 tractes,
2518 484 2562 542 si
2592 494 2646 542 te
2668 487 2866 557 aliquid
2885 487 3157 544 mediocre
3183 503 3491 562 suscepisse

1892 581 2190 650 putaveris.
2225 578 2569 652 Quapropter
2603 580 2672 637 ab
2702 581 2793 636 illa
2828 582 3122 640 indictione
3149 592 3338 640 nostro
3365 600 3484 640 mu-

1891 686 2026 727 nere
2064 671 2406 740 sublevatus,
2441 672 2761 743 patriciatus
2794 673 3007 729 culmen
3043 675 3308 743 ascende,
3338 675 3487 745 quod

1892 763 2114 835 quidam
2136 764 2491 833 juridicorum
2526 773 2550 803 ο
2580 779 2610 819 a
2636 764 2879 834 patrihus
2907 765 3109 821 dictum
3136 781 3254 822 esse
3297 767 3483 822 volue-

1888 860 2037 922 runt,
2060 852 2298 909 facturus
2317 854 2499 909 omnia
2519 868 2638 925 qua:
2661 861 2865 908 tantam
2887 855 3245 910 reverentiam
3266 854 3479 910 decent.

1888 944 2021 999 Nam
2068 946 2314 1015 quamvis
2361 959 2557 1014 magna
2604 946 2894 1003 contulerit
2939 954 3124 1003 nostra
3171 947 3481 1015 clementia,

1887 1037 2055 1093 habes
2070 1038 2246 1094 adhuc
2268 1038 2413 1108 quod
2423 1046 2728 1109 exspectes,
2745 1039 2791 1094 si
2814 1046 2865 1095 te
2880 1039 3227 1110 probabiliter
3250 1047 3480 1096 tractare

1887 1128 2207 1185 contendas.

2170 1263 2235 1319 ιιι
2282 1282 2529 1322 ronuuu
2560 1282 2835 1322 euersor:
2863 1281 3160 1325 pnzronto.

1959 1356 2015 1412 Si
2045 1357 2267 1413 honoris
2294 1357 2522 1428 alicujus
2552 1367 2634 1413 est
2678 1359 2830 1427 origo
2859 1359 3175 1426 laudabilis,
3206 1358 3252 1414 si
3274 1359 3474 1415 bonum

1886 1445 2093 1502 initium
2136 1448 2486 1517 sequentibus
2514 1448 2671 1504 rebus
2720 1458 2899 1520 potest
2943 1449 3074 1505 dare
3112 1450 3471 1520 praeconium,

1888 1538 1979 1593 tali
2008 1546 2230 1595 auctore
2266 1537 2585 1610 praefectura
2621 1540 2944 1611 praetoriana
2987 1541 3269 1611 gloriatur,
3297 1541 3391 1612 qui
3419 1546 3475 1594 et

1884 1628 2086 1685 mundo
2123 1628 2590 1701 prudentissimus,
2630 1641 2685 1687 et
2712 1630 2987 1687 Divinitati
3015 1632 3250 1688 maxime
3277 1633 3473 1702 proba-

181 1719 331 1774 milia
356 1715 475 1774 Jovi
499 1716 747 1773 noscitur
772 1715 937 1773 fuisse
962 1716 1159 1785 dicata,
1192 1725 1252 1772 ut
1273 1716 1468 1772 summi
1496 1716 1591 1772 Dei
1618 1717 1781 1789 (sicut
1812 1788 1849 1794 _
1885 1726 1975 1774 tur
1999 1728 2272 1791 acceptus.
2304 1719 2438 1775 Nam
2465 1737 2586 1778 cum
2617 1719 2829 1778 Pharao
2858 1737 2954 1778 rex
2976 1721 3263 1794 Egyptius
3282 1721 3350 1777 de
3376 1737 3474 1791 pe-

180 1808 467 1882 putavere)
498 1808 709 1865 cultura
738 1807 914 1863 locum
953 1807 1266 1878 primarium
1305 1788 1634 1878 possideret.
1671 1806 1781 1863 Sed
1811 1788 1854 1848 Β
1883 1810 2055 1867 riculo
2083 1788 2274 1867 futurae
2302 1811 2459 1870 famis
2502 1814 2754 1870 inauditis
2784 1816 3007 1873 somniis
3038 1788 3339 1884 urgeretur,
3372 1788 3474 1871 nec

179 1902 309 1972 quia
337 1917 436 1958 vos
462 1901 664 1972 aliquid
693 1899 896 1958 habere
922 1898 1152 1956 decebat
1178 1899 1465 1967 eximium,
1496 1908 1553 1956 et
1581 1914 1778 1957 nomen

181 1994 359 2065 ipsum
380 1993 626 2065 patribus
661 2006 856 2063 magna
884 2006 945 2047 se
967 1990 1247 2047 vicinitate
1279 1990 1559 2061 jungehat,
1590 2007 1781 2062 supcr-

181 2085 408 2142 stitione
446 2083 736 2151 derelicta,
787 2081 857 2137 ad
904 2089 1144 2138 vestrum
1173 2090 1373 2138 C(etum
1420 2079 1562 2137 felici
1592 2081 1781 2137 condi-

181 2175 334 2231 tione
362 2174 632 2243 migravit,
664 2172 789 2245 quia
818 2171 1144 2244 pontilicalis
1187 2172 1303 2227 laus
1330 2172 1675 2228 conscientia:
1694 2188 1780 2227 se-

181 2266 335 2322 natui
357 2273 506 2322 recte
527 2272 747 2336 poterat
778 2263 1091 2320 convenire.
1114 2262 1205 2319 Sic
1225 2277 1293 2319 ex
1315 2262 1557 2331 augurali
1577 2261 1779 2319 familia

182 2372 338 2427 reges
365 2369 581 2428 quoque
615 2355 748 2423 legis
794 2355 1094 2423 instiiutos,
1135 2369 1244 2410 non
1285 2352 1498 2423 injuria,
1530 2354 1656 2424 quia
1685 2355 1780 2411 de-

182 2448 299 2504 cuit
322 2463 354 2501 a
386 2446 477 2501 tali
505 2447 786 2518 proposito
818 2446 1022 2512 venire,
1051 2446 1142 2516 qui
1181 2445 1394 2516 publica
1421 2453 1637 2517 poterat
1655 2447 1779 2516 jura

183 2547 439 2595 tractare.
488 2536 632 2594 Hinc
675 2547 759 2593 est
785 2537 931 2608 quod
956 2545 1011 2592 et
1059 2536 1236 2593 honor
1282 2537 1399 2609 ipse
1426 2538 1636 2595 cinctus
1665 2546 1777 2605 est,

181 2645 311 2686 cum
339 2638 579 2699 vacaret,
608 2630 741 2685 nihil
773 2629 1168 2701 jurisdictionis
1197 2629 1426 2700 habens,
1455 2638 1511 2686 et
1532 2630 1781 2701 judican-

184 2722 255 2776 tis
280 2719 551 2792 cingulum
582 2736 691 2776 non
713 2720 1020 2793 deponens;
1046 2720 1099 2774 in
1125 2735 1235 2791 quo
1262 2718 1492 2777 felicitas
1520 2731 1780 2793 perpetua

182 2814 443 2881 nascitur,
466 2814 594 2869 dum
624 2813 954 2871 successoris
981 2813 1205 2869 ambitio
1232 2828 1342 2870 non
1371 2814 1611 2871 timetur.
1644 2814 1779 2869 Nam

182 2919 314 2962 mox
335 2912 397 2960 ut
420 2905 578 2963 datus
609 2904 790 2973 fuerit,
815 2905 869 2961 in
894 2906 1019 2961 vitae
1041 2913 1255 2976 tempus
1275 2904 1543 2976 reliquum
1571 2905 1780 2962 homini

184 2995 247 3052 ﬁt
293 3012 512 3054 coaevus
554 3015 567 3051 :
615 3005 842 3054 ornatus
895 2996 1221 3065 individuus,
1275 2996 1547 3067 cingulum
1590 2995 1780 3068 fidele,

182 3088 333 3159 quod
357 3087 528 3145 nescit
564 3098 691 3145 ante
709 3089 964 3145 deserere
990 3104 1154 3160 quam
1182 3089 1251 3145 de
1290 3088 1492 3146 mundo
1529 3089 1779 3147 homines

1879 1900 2141 1958 visionem
2163 1910 2367 1957 tantam
2388 1903 2681 1960 humanum
2704 1912 2887 1977 posset
2904 1905 3144 1962 revelare
3165 1905 3469 1970 consilium,

1878 1991 2079 2064 Joseph
2103 1996 2184 2050 vir
2207 1995 2400 2051 beatus
2423 1996 2670 2054 inventus
2686 2006 2786 2063 est,
2811 1999 2903 2069 qui
2925 2006 2979 2055 et
3001 1999 3179 2055 futura
3206 2001 3474 2056 veraciter

1880 2085 2216 2155 praediceret,
2247 2095 2302 2141 et
2331 2087 2655 2157 periclitanti
2678 2090 2880 2160 populo
2902 2090 3315 2161 prudentissime
3344 2091 3473 2146 sub-

1877 2179 2107 2234 veniret.
2146 2177 2264 2249 Ipse
2290 2181 2519 2250 primum
2549 2181 2708 2251 hujus
2734 2182 3010 2252 dignitatis
3053 2182 3246 2239 infulas
3274 2197 3469 2239 conse—

1878 2270 2079 2334 cravit;
2126 2265 2152 2306 ά
2183 2269 2299 2340 ipse
2336 2280 2655 2342 carpentum
2701 2273 3030 2329 reverendus
3077 2273 3325 2329 ascendit
3356 2290 3369 2326 :
3400 2272 3469 2328 ad

1878 2359 1984 2416 hoc
2009 2362 2194 2432 gloriae
2224 2363 2438 2420 culmen
2459 2374 2707 2435 evectus,
2748 2375 2807 2422 ut
2850 2381 2950 2437 per
2975 2367 3294 2437 sapientiam
3337 2379 3470 2421 con-

1879 2449 2047 2507 ferret
2081 2454 2293 2524 populis
2323 2455 2467 2525 quod
2510 2465 2769 2528 praestare
2796 2472 2904 2512 non
2943 2465 3196 2529 potuerat
3223 2457 3468 2527 potentia

1879 2541 2223 2602 dominantis.
2257 2546 2338 2603 Ab
2366 2548 2457 2604 illo
2478 2563 2713 2619 namque
2742 2549 3045 2622 patriarcha
3067 2558 3123 2605 et
3144 2565 3285 2604 nunc
3311 2557 3469 2617 pater

1881 2636 2183 2708 appellatur
2226 2639 2437 2712 imperii
2469 2658 2483 2694 :
2517 2642 2694 2712 ipsum
2745 2641 3013 2712 hodieque
3056 2650 3274 2697 resonat
3303 2651 3328 2680 ο
3360 2656 3467 2696 vox

1880 2730 2165 2800 praeconis,
2197 2730 2469 2787 instruens
2492 2729 2748 2802 judicem,
2770 2746 2841 2787 ne
2865 2746 2925 2788 se
2954 2731 3189 2802 patiatur
3217 2744 3337 2786 esse
3360 2729 3469 2785 dis-

1881 2822 2135 2879 similem.
2165 2822 2379 2891 Merito,
2413 2833 2472 2881 ut
2499 2826 2585 2882 cui
2633 2833 2784 2882 tanta
2831 2833 3072 2898 potestas
3118 2826 3294 2898 potuit
3331 2823 3467 2892 dari,

1880 2913 2156 2969 videretur
2182 2930 2397 2986 semper
2417 2916 2686 2972 subtiliter
2711 2916 3012 2973 admoneri.
3044 2914 3298 2984 Quaedam
3326 2916 3468 2972 enim

1882 3001 2007 3057 huic
2050 3001 2297 3073 dignitati
2351 3012 2407 3061 et
2455 3005 2736 3061 nobiscum
2784 3004 2910 3076 jura
2960 3004 3267 3061 communia
3323 3004 3467 3060 sunt.

1881 3092 2117 3151 Exhibet
2156 3096 2301 3153 enim
2332 3097 2448 3153 sine
2468 3098 2875 3168 prmseriptione
2903 3096 3245 3169 longinquos,
3274 3110 3469 3167 magna

183 3184 465 3253 contingat
486 3182 654 3239 exire.
679 3180 854 3239 Credo
883 3182 951 3238 ad
979 3181 1386 3239 similitudinem
1412 3181 1778 3254 pontiﬁcatus,
1810 3173 1855 3236 C
1885 3186 2187 3258 quantitate
2214 3188 2436 3244 mulctat
2458 3198 2719 3255 errantes,
2744 3188 2929 3245 iiscum
2958 3203 3060 3260 pro
3090 3204 3186 3245 sua
3206 3187 3468 3245 delibera.

182 3274 331 3333 unde
354 3282 598 3341 venerat,
621 3287 736 3329 rem
762 3270 931 3329 fuisse
954 3270 1275 3341 formatam;
1301 3273 1395 3343 qui
1418 3272 1781 3329 sacerdotium

184 3384 299 3426 non
325 3366 625 3441 deponunt,
651 3368 757 3424 nisi
792 3384 915 3425 cum
959 3369 1085 3424 vita:
1124 3383 1350 3425 munera
1374 3368 1778 3439 derelinquunt.

188 3462 415 3519 Additur
442 3462 586 3534 quod
625 3462 773 3535 leges
802 3470 1009 3518 tantam
1055 3462 1160 3518 illis
1188 3463 1547 3521 reverentiam
1574 3463 1782 3519 detule-

184 3565 330 3622 runt,
376 3557 516 3611 utin
561 3557 732 3613 sacris
778 3557 1006 3628 positus,
1039 3571 1162 3612 cum
1204 3555 1311 3613 hoc
1360 3555 1522 3612 fuerit
1573 3556 1782 3613 honore

185 3651 531 3722 praecinctus,
564 3657 803 3721 paternae
830 3650 1116 3721 potestatis
1143 3650 1369 3705 nexibus
1395 3658 1644 3720 exuatur,
1677 3648 1782 3704 nisi

183 3747 377 3795 contra
404 3738 708 3810 specialiter
731 3755 764 3794 a
792 3739 1041 3811 principe
1066 3748 1341 3796 caveatur.
1371 3738 1528 3807 Quod
1568 3746 1782 3796 constat

182 3831 400 3886 ratione
437 3830 704 3901 probabili
733 3830 1121 3899 constitutum,
1151 3837 1211 3886 ut
1254 3830 1346 3901 qui
1393 3830 1781 3903 amplissimum

181 3921 406 3990 genium
436 3921 686 3992 pretiosae
714 3921 977 3978 libertatis
997 3931 1300 3993 acceperat,
1323 3921 1633 3978 vilissimam
1655 3936 1782 3978 con-

181 4012 449 4069 ditionem
481 4028 605 4069 cum
632 4012 858 4068 subditis
886 4028 992 4069 non
1022 4013 1267 4069 haberet.
1314 4009 1688 4069 Prmfectorios
1724 4019 1780 4068 et

180 4104 413 4159 aliarum
439 4103 762 4175 dignitatum
788 4106 934 4160 viros
954 4105 1229 4175 prmcedit,
1262 4102 1289 4143 ι’
1321 4104 1412 4159 uni
1443 4112 1648 4160 tantum
1682 4118 1777 4159 ce-

181 4194 323 4251 dens
352 4192 567 4265 fulgori,
599 4209 764 4266 quem
795 4195 1063 4251 interdum
1103 4196 1267 4252 etiam
1311 4210 1344 4251 a
1383 4195 1538 4253 nobis
1565 4202 1780 4252 constat

178 4288 403 4345 assmni.
436 4286 672 4345 Proinde
698 4289 1009 4346 necessario
1033 4288 1303 4345 laudatam
1335 4289 1572 4359 intelligo
1600 4287 1775 4359 digni-

254 4472 283 4504 ι
315 4463 654 4537 Patriciatus,
685 4480 927 4537 summus
951 4465 1147 4537 honos,
1178 4473 1240 4522 ut
1277 4465 1447 4532 curia,
1496 4465 1575 4522 sic
1601 4466 1774 4537 patria

174 4542 456 4610 potestate
482 4536 695 4592 liberat.
726 4535 845 4610 Hic,
876 4536 989 4610 εις
1017 4535 1197 4610 Filius
1216 4537 1465 4610 (apulias,
1501 4535 1766 4610 tit._Quib.

175 4606 323 4661 Exod.
341 4607 435 4678 jus
455 4617 595 4678 patr.
618 4617 727 4677 pol.
754 4608 907 4673 solm,
934 4606 984 4662 ΙΙ
1003 4607 1100 4663 ult.
1120 4624 1136 4673 ;
1160 4606 1225 4663 CQ
1242 4607 1336 4678 _De
1358 4607 1561 4675 desum,
1589 4607 1681 4663 lib.
1707 4624 1772 4675 x;

176 4678 235 4749 l7.
252 4674 375 4745 ulti,
397 4674 478 4749 ρε
500 4674 723 4744 consul”
748 4678 842 4749 lib.
878 4693 969 4749 ιρι.
993 4678 1152 4742 Cod.,
1175 4675 1329 4749 infra,
1350 4678 1443 4749 lib.
1467 4674 1580 4742 vni,
1612 4674 1771 4749 epist.

174 4748 268 4812 2t,
298 4756 355 4820 et
385 4747 477 4820 lib.
507 4764 567 4814 ι,
609 4749 767 4820 epist.
799 4748 867 4820 7.;
888 4746 1062 4820 Fons.
1091 4779 1164 4820 -τ
1191 4748 1347 4820 Vide
1367 4746 1688 4820 Baronium',
1720 4749 1776 4803 in

171 4819 548 4943 ﬁnitionibus
575 4817 659 4874 ad’
672 4818 815 4874 diem
841 4817 912 4875 29
940 4819 1185 4889 Augusti,
1218 4820 1272 4875 in
1300 4817 1578 4890 Martyrol.
1612 4818 1774 4878 Rom.

320 4906 375 4943 Τ.

213 4904 375 4944 υκετ.

172 4978 279 5120 ei:
295 4979 941 5108 2gntjallxlligirteonsulatum.
972 4980 1109 5039 Vide
1136 4980 1540 5055 Symmachum,
1571 4981 1667 5040 lib.
1699 4998 1777 5050 iv,

254 5142 525 5223 ξῃξιιὶᾱεε,
552 5147 838 5223 ττσιῃθίξιιριι·3
863 5145 890 5201 ὁ
914 5151 1089 5223 farjp
1118 5153 1208 5202 τοῦ
1230 5152 1397 5223 nosset?
1423 5163 1436 5201 :
1453 5144 1689 5223 lustin”
1712 5143 1772 5202 d.

174 5212 209 5287 ε
244 5213 414 5268 Filius
442 5215 596 5287 fam.,
626 5212 680 5271 d'.
713 5216 751 5271 l.
784 5217 882 5271 ult.
907 5214 970 5272 C.
1003 5212 1081 5271 oe
1105 5217 1422 5274 consulibus.
1452 5215 1624 5273 Fons.

247 5303 274 5343 ἀ
300 5303 548 5379 Praefecti
581 5308 839 5377 praetorio
885 5308 1267 5379 carpentis_usi
1309 5315 1459 5379 sunt,
1486 5322 1658 5376 eaque
1686 5322 1776 5363 as-

171 5375 413 5448 cendere
453 5375 725 5447 poterant,
756 5386 818 5433 ut
843 5375 1008 5433 etiam
1039 5377 1276 5448 praefecti
1318 5376 1496 5441 Urbis,
1527 5375 1619 5448 qui
1643 5394 1770 5448 mos

170 5446 552 5504 sacerdOtibus
590 5449 761 5504 sacris
789 5446 1089 5513 antiquitus
1113 5463 1426 5513 concessus,
1455 5456 1515 5501 ut
1542 5446 1609 5503 ex
1631 5447 1768 5503 Sue-

171 5518 330 5574 tonio
357 5516 409 5570 in
434 5516 679 5584 Claudio,
711 5534 834 5588 cap.
884 5516 940 5573 ll
972 5526 1206 5586 constat,
1236 5518 1397 5573 matri
1425 5527 1767 5588 carpentum,

165 5604 283 5659 quo
322 5602 420 5659 per
446 5588 651 5643 circum
680 5589 1007 5656 duceretur;
1040 5599 1096 5645 et
1132 5590 1186 5644 in
1228 5588 1640 5659 Caligula,cap.
1674 5588 1766 5657 l5,

166 5658 334 5731 matri
354 5658 633 5731 circenses
646 5670 1071 5731 carpentumque
1092 5661 1343 5724 instituit,
1364 5673 1473 5728 quo
1494 5658 1548 5712 in
1570 5673 1766 5728 pompa

166 5729 571 5801 traduceretur.
615 5728 870 5801 Matrona
902 5728 1119 5801 quoque
1142 5732 1325 5801 Avulgo
1349 5732 1621 5801 carpentis
1649 5738 1769 5785 ute-

171 5803 372 5860 bantur
398 5797 467 5854 ad
493 5812 671 5862 sacra,
699 5800 839 5856 sicut
868 5797 1101 5857 teétat'ur
1128 5797 1284 5857 Ovid.
1316 5800 1408 5857 lib.
1434 5797 1459 5854 ι“
1481 5798 1629 5855 Fast.
1667 5814 1683 5853 ε
1728 5838 1735 5843 ρ

458 5892 733 5955 Ριτιιοι..
783 5894 1010 5956 LXIX.

1883 3276 2031 3333 tione
2058 3276 2349 3345 distribuit,
2382 3280 2690 3336 evectiones
2718 3279 2879 3336 simili
2927 3287 3199 3351 potestate
3226 3280 3469 3350 largitur,

1884 3368 2134 3425 vacantia
2163 3371 2305 3427 bona
2336 3371 2645 3441 proscribit,
2684 3371 2876 3427 delicta
2906 3372 3304 3443 provinciarum
3325 3371 3470 3442 judi-

1882 3476 2007 3515 cum
2030 3460 2205 3531 punit,
2244 3457 2263 3499 '
2312 3461 2477 3517 verbo
2498 3462 2823 3518 sententiam
2848 3461 2997 3518 dicit.
3029 3460 3166 3529 Quid
3197 3470 3300 3528 est,
3327 3462 3471 3532 quod

1883 3565 1993 3605 non
2013 3550 2214 3607 habeat
2242 3553 2614 3618 commissum,
2647 3552 2801 3623 cujus
2825 3561 2908 3609 est
2934 3553 3020 3608 vel
3049 3554 3163 3624 ipse
3184 3569 3363 3611 sermo
3387 3552 3472 3623 iu.

1881 3639 2292 3698 dicium‘lPene
2338 3650 2422 3698 est
2466 3651 2525 3697 ut
2567 3642 2714 3711 leges
2752 3643 2923 3714 possit
2969 3643 3225 3708 condere,
3257 3642 3473 3712 quando

1883 3730 2002 3801 ejus
2014 3731 2320 3786 reverentia
2342 3739 2522 3803 potest
2541 3734 2757 3803 negotia
2780 3732 2897 3788 sine
2919 3732 3279 3803 appellatione
3297 3723 3470 3788 linire.

1882 3820 2159 3891 Ingressus
2209 3818 2475 3876 Palatium
2520 3829 2704 3877 nostra
2751 3822 3140 3877 consuetudine
3166 3819 3474 3890 frequenter

1882 3913 2172 3981 adoratur;
2204 3919 2259 3967 et
2297 3912 2406 3969 tale
2442 3910 2681 3968 ollicimn
2735 3926 2941 3967 morem
2986 3910 3202 3967 videtur
3238 3911 3470 3977 solvere,

1881 4004 2028 4076 quod
2056 4007 2193 4062 alios
2222 4006 2399 4078 potuit
2425 4020 2702 4062 accusare.
2735 4003 3012 4062 Potestate
3041 4005 3202 4075 igitur
3227 4005 3371 4059 nulla
3401 4003 3474 4059 di-

1880 4097 2057 4167 gnitas
2085 4106 2168 4153 est
2205 4096 2446 4167 aequalis.
2489 4096 2624 4152 Vice
2659 4111 2813 4152 sacra
2851 4096 3052 4165 ubique
3090 4094 3316 4166 judicat.
3363 4096 3473 4167 98

1881 4187 2072 4244 Nullus
2117 4186 2168 4242 ei
2208 4186 2362 4243 miles
2405 4184 2474 4242 de
2518 4184 2623 4241 fori
2649 4185 2732 4241 sui
2762 4185 3087 4240 auctoritate
3132 4184 3470 4255 prtescrihit,

1879 4286 2110 4351 excepto
2135 4276 2349 4335 ofﬁciali
2371 4276 2614 4347 magistri
2641 4276 2870 4333 militum
2902 4293 2916 4329 :
2948 4274 3134 4341 credo,
3163 4281 3224 4331 ut
3252 4275 3341 4333 vel
3370 4276 3473 4331 illis

1970 4455 2091 4520 Nam
2115 4457 2250 4520 prius
2267 4454 2516 4520 Ausonias
2520 4459 2706 4520 matres
2727 4456 2959 4520 carpenta
2985 4451 3266 4514 vehebant;

2031 4515 2151 4569 Haec
2173 4530 2369 4581 quoque
2393 4518 2456 4567 ab
2480 4515 2690 4566 Evandri
2712 4515 2841 4566 dicta
2865 4522 3073 4578 parente
3096 4527 3231 4564 reor.

1802 4563 1857 4625 θ
1879 4601 1976 4661 sed
1998 4563 3141 4673 ﬁaa‘iiéaagj.reseruans.sm.
3168 4598 3357 4673 Bnoss.

1957 4683 1982 4712 ο
1999 4668 2154 4728 infra
2174 4671 2269 4727 lib.
2287 4686 2361 4735 xl,
2381 4669 2538 4740 epist.
2566 4668 2621 4735 3,
2645 4684 2764 4740 qua;
2784 4668 3069 4740 in‘judiciis
3086 4677 3197 4723 tum
3218 4669 3467 4740 publicis,

1882 4751 1996 4800 tum
2021 4744 2265 4814 privatis,
2310 4737 2688 4814 adhibebatur.
2730 4737 2796 4814 _L.
2826 4737 2884 4814 ᾖ
2918 4739 2994 4814 D_e
3027 4740 3148 4814 iur.
3170 4737 3468 4814 immunit_.;

1882 4779 2105 4885 KRH
2116 4779 3013 4885 B'éfiég'QT'Eiiiiii'uﬁf,15:23.:
3027 4779 3467 4885 ῒέἐίεέίῇἓῖἱζῖἷιζζ

1882 4877 1977 4940 lib.
2007 4877 2091 4953 vl,
2110 4900 2161 4940 c.
2184 4882 2246 4950 ὃς
2277 4877 2504 4953 Euseb.)
2529 4877 2622 4953 lib.
2641 4894 2701 4953 _lv
2726 4877 2873 4953 Eccl.
2896 4877 3047 4953 hist,
3070 4895 3188 4953 cap.
3216 4879 3473 4953 l5.ﬂAga-

1884 4955 2027 5010 thias
2050 4948 2306 5025 judicium
2337 4952 2435 5025 abs
2448 4948 2765 5025 lustinigno
2778 4950 3098 5025 institutum
3137 4948 3468 5025 describens,

1882 5025 1976 5080 lib.
2009 5018 2067 5080 tv
2085 5025 2153 5081 de
2176 5024 2320 5079 bello
2341 5021 2596 5088 Gothico,
2626 5019 2703 5074 ait
2735 5037 2750 5073 :
2778 5019 3051 5075 lnstruens
3070 5018 3330 5088 judicem.
3362 5018 3471 5077 Do}

1884 5060 2056 5152 33in?
2070 5060 2539 5151 13°f€§é3£i§nai
2562 5060 2965 5157 Phormionem,
2995 5060 3100 5145 act‘.
3128 5088 3180 5155 l,
3212 5103 3372 5145 scena
3402 5060 3467 5156 ές

1884 5165 2235 5235 Demosthen.
2265 5179 2366 5235 pro
2393 5160 2742 5235 Ctesiphonte
2757 5174 2777 5235 _;
2807 5158 3075 5235 L_uciant_is
3103 5159 3158 5212 in
3188 5158 3277 5213 Bis
3305 5173 3468 5217 accu-

1883 5244 2005 5293 sato
2030 5254 2043 5290 :
2073 5249 2183 5305 qua
2208 5228 2285 5290 de
2304 5249 2364 5290 re
2389 5232 2523 5287 alias
2547 5228 2691 5305 forte
2718 5230 2979 5305 pluribus.
3012 5228 3179 5305 Fons.

1958 5305 1977 5345 ί
2005 5297 2151 5361 inter
2166 5304 2286 5374 jura
2306 5313 2362 5360 et
2376 5297 3196 5375 potestatisprtefepti‘pnetogio
3218 5297 3469 5367 insignia,

1881 5392 1954 5451 ne
1980 5392 2047 5451 ex
2075 5366 2277 5451 scripto
2299 5366 2811 5451 sententiamférat,
2911 5366 2969 5437 ﬁ,
3010 5367 3070 5424 C.
3105 5366 3208 5451 De
3239 5366 3372 5424 sent.
3399 5387 3470 5451 ea

1881 5447 2069 5503 brevic.
2104 5439 2247 5500 recit.
2291 5442 2445 5512 Quod
2470 5441 2678 5500 creteris
2703 5439 2970 5509 judicibus
2996 5453 3105 5512 non
3134 5447 3217 5505 est
3245 5440 3469 5512 permis-

1871 5533 2014 5585 sum,
2041 5518 2132 5586 qui
2162 5532 2232 5572 ex
2262 5511 2458 5570 tabella
2490 5511 3182 5586 litigautiliussententiatu
3210 5511 3463 5586 edebant.

1872 5574 2265 5660 Symmachus,
2293 5586 2386 5660 lib=
2436 5601 2476 5653 ι,
2499 5574 2663 5660 epist.
2692 5581 2793 5660 27)
2823 5579 2863 5660 l_.
2916 5581 3018 5648 ὄις
3061 5582 3099 5660 l.
3131 5580 3254 5660 ult.,
3391 5574 3468 5660 Qa

1872 5649 2039 5729 pfwd.
2072 5649 2288 5729 dec.;_l.
2322 5649 2471 5729 _ult.,'
2491 5649 2556 5710 CI
2587 5651 2663 5707 De
2691 5653 2915 5729 princip.
2946 5649 3398 5729 agent._iu_reb.;
3426 5650 3469 5705 l.

1875 5718 1943 5784 'Iu
1970 5729 2159 5794 sacris,
2188 5718 2253 5782 Ο.
2315 5725 2391 5783 De
2428 5718 2582 5796 prox.
2612 5718 2754 5796 saér.
2781 5718 2964 5788 terim,
2982 5718 3097 5777 ⁷12.
3137 5718 3479 5796 Sed_oppor~

1874 5800 2092 5856 tuniore
2110 5787 2399 5869 aliquando
2429 5787 2550 5853 loco
2577 5808 2679 5856 nos
2707 5792 2761 5849 id
2780 5804 3192 5864 prosequemur.
3224 5787 3467 5867 Foisstt.

2992 5880 3072 5945 22
