3974 6392
540 309 642 369 ωδ

544 511 686 569 bella
713 518 965 566 tractare.
993 508 1233 565 Curiales
1260 507 1421 563 etiam
1448 506 1714 572 verberat,
1745 507 1835 574 qui
1859 505 2110 576 appellati

544 606 673 655 sunt
701 597 905 666 legibus
933 596 1109 651 minor
1134 605 1371 652 senatus.
1393 594 1453 650 ln
1480 594 1657 650 ofiicio
1684 608 1782 649 suo
1803 594 1892 663 jus
1917 594 2113 651 retinet

544 687 832 757 singulare,
862 694 917 740 et
943 685 1135 741 talibus
1162 686 1432 756 tantisque
1461 684 1699 740 noscitur
1731 683 1937 753 jubere,
1977 696 2113 752 quos

546 778 707 833 etiam
737 776 1128 848 provinciarum
1173 790 1279 832 non
1320 775 1551 831 audeant
1592 772 1793 843 iudices
1837 773 1891 828 in
1938 771 2115 840 aliqua

548 875 701 937 parte
730 875 1091 923 contemnere.
1122 863 1364 921 Ofﬁcium
1393 863 1551 934 plane
1576 864 1872 933 geniatum,
1900 861 2112 927 eilicax,

546 957 889 1025 instructum,
921 963 974 1011 et
1001 962 1115 1011 tota
1144 955 1305 1010 animi
1335 953 1586 1009 ﬁrmitate
1611 952 1992 1024 praevalidum;
2024 950 2117 1021 qui

549 1049 628 1104 sic
652 1057 909 1117 peragant
932 1046 1100 1116 jussa,
1150 1053 1210 1101 ut
1248 1044 1412 1100 nullis
1451 1051 1730 1099 morentur
1774 1041 2118 1097 dilationibus

552 1136 831 1206 imperata.
864 1134 1047 1189 Militia
1084 1132 1380 1204 perfunctis
1405 1131 1737 1187 tribunorum
1784 1140 1841 1185 et
1878 1129 2118 1184 notario-

550 1242 669 1282 rum
698 1224 956 1280 honorem
988 1222 1205 1289 tribuit;
1233 1229 1290 1277 et
1327 1221 1521 1276 milites
1548 1234 1674 1275 suos
1700 1218 1805 1274 illis
1847 1225 2117 1286 extequat,

550 1316 640 1386 qui
672 1316 811 1369 inter
834 1327 1085 1383 proceres
1124 1312 1277 1366 mixti
1305 1310 1504 1365 nostris
1529 1307 1906 1379 conspectibus
1932 1303 2049 1379 [δι’.
2071 1314 2121 1360 et

549 1404 693 1475 Cui,
716 1401 1069 1473 jussionibus]
1100 1401 1488 1456 obsecundant.
1533 1408 1559 1438 α
1603 1397 1888 1454 Gratanter
1930 1395 2121 1466 imple-

547 1509 670 1549 mus
720 1507 840 1563 quae
865 1491 955 1548 ille
980 1491 1290 1558 constituit;
1320 1489 1474 1560 cujus
1500 1488 1801 1545 reverentia
1840 1496 1893 1543 et
1920 1502 2021 1543 nos
2050 1487 2122 1542 ita

545 1583 978 1653 constringimur,
1001 1591 1062 1637 ut
1080 1582 1198 1640 sine
1215 1580 1547 1636 dubitatione
1566 1578 1822 1661 faciamus
1840 1592 1958 1647 quae
1978 1577 2123 1631 illum

549 1674 856 1731 decrevisse
883 1672 1280 1741 cognoscimus.
1310 1669 1428 1726 Non
1469 1668 1759 1731 immerito,
1784 1665 2002 1737 quando
2031 1681 2124 1735 pa-

1750 303 1822 362 M.
1861 301 2133 360 AURELll
2168 298 2563 360 CASSIODORI

546 420 745 492 aliquid
766 419 1050 491 antiquitas
1077 418 1311 484 cederet,
1332 414 1424 487 qui
1450 412 1774 471 videbantur
1794 430 1896 488 pro
1921 413 2106 485 repub.
2140 418 2187 476 Α

3682 296 3795 356 σει

2464 411 2555 468 ιν.
2587 426 2833 467 γοιιιιυιλ
2862 426 3242 467 νκειυιεετυιιε
3271 426 3514 468 manus.

2272 501 2415 558 'Cum
2456 502 2525 558 de
2570 500 2828 570 dignitate
2868 502 3155 557 commissa
3201 501 3319 557 laus
3357 516 3576 573 semper
3597 500 3799 572 iudicis

2210 591 2524 657 cstimetur,
2575 599 2631 646 et
2672 591 2852 661 potior
2894 590 3175 646 habendus
3219 600 3303 647 est
3350 606 3517 662 quam
3561 592 3678 647 sint
3723 593 3800 647 illi

2212 682 2405 752 quibus
2447 696 2678 753 prmesse
2713 683 3076 751 cognoscitur,
3115 697 3280 739 nemo
3316 684 3549 752 amplius
3583 681 3800 739 videtur

2213 772 2344 842 erigi
2385 784 2546 842 qnam
2587 773 2675 827 cui
2718 772 2895 842 potuit
2921 771 3094 827 Roma
3122 773 3405 829 committi.
3452 770 3676 828 Grande
3718 780 3802 827 est

2213 852 2427 934 quidem
2455 877 2738 932 procerem
2766 877 2915 931 esse,
2955 862 3051 918 sed
3080 864 3250 919 multo
3275 864 3533 932 grandius
3556 864 3630 939 de
3668 878 3802 934 pro-

2215 953 2429 1011 ceribus
2460 954 2721 1024 judicare.
2773 953 2802 993 ι»
2850 953 3082 1011 Senatus
3127 954 3217 1011 ille
3260 954 3495 1011 mirabili
3544 955 3806 1026 opinione

2216 1043 2481 1113 gloriosus
2507 1044 2763 1114 probatur
2787 1043 2986 1099 habere
3030 1043 3346 1114 praesulem,
3374 1058 3537 1114 quem
3569 1042 3809 1098 mundus

2217 1134 2438 1204 suscipit
2468 1136 2590 1203 jura
2627 1133 2967 1189 condentem.
2997 1132 3186 1204 quue
3214 1133 3274 1188 iit
3300 1141 3359 1188 ut
3387 1132 3467 1188 illi
3495 1139 3725 1187 utantur
3751 1130 3808 1185 in

2217 1231 2409 1281 senatu
2436 1230 2704 1293 potestate
2731 1221 2991 1292 perfecta,
3022 1224 3114 1293 qui
3144 1223 3286 1294 apud
3331 1231 3386 1279 te
3412 1223 3695 1294 trepidant
3722 1221 3809 1277 di-

2219 1329 2346 1371 cere
2384 1314 2627 1385 proprias
2654 1327 2862 1370 causas.
2894 1314 3093 1370 Verum
3122 1314 3237 1370 haec
3273 1328 3492 1385 quoque
3536 1313 3812 1370 modestia

2220 1402 2566 1471 cognoscitur
2610 1416 2730 1456 esse
2756 1400 3131 1471 pmdicanda;
3162 1408 3224 1455 ut
3253 1408 3444 1471 optent
3489 1401 3624 1475 [ed.,
3678 1398 3811 1454 Niv.

2219 1498 2269 1546 et
2309 1489 2434 1558 6a.,
2464 1487 2761 1561 oporteret]
2811 1504 2870 1545 se
2911 1489 3121 1559 legibus
3158 1490 3367 1558 teneri,
3415 1503 3538 1560 qua:
3577 1490 3652 1545 ah
3681 1488 3815 1559 ipsis

2220 1579 2466 1638 sciuntur
2491 1595 2651 1651 posse
2691 1579 2964 1636 constitui.
2994 1579 3125 1647 Quae
3167 1596 3256 1637 res
3298 1597 3400 1653 pro
3446 1592 3606 1652 parte
3651 1582 3817 1638 nobis

2221 1673 2467 1728 absolute
2494 1670 2793 1727 communis
2820 1679 2903 1726 est
2932 1690 2945 1725 :
2977 1672 3070 1727 sed
3090 1672 3191 1727 hac
3219 1672 3336 1729 sola
3364 1673 3580 1728 ratione
3598 1673 3816 1728 discre-

548 1767 737 1821 latium
779 1780 876 1821 sua
926 1764 1234 1835 provisione
1259 1768 1543 1843 sustentat,
1586 1760 1941 1817 servientibus
1968 1758 2122 1816 nobis
2153 1780 2199 1842 B
2225 1759 2283 1825 ti,
2311 1759 2455 1828 quod
2483 1759 2637 1814 alteri
2677 1759 2830 1815 subdi
2859 1776 2965 1814 non
2994 1775 3301 1830 possumus,
3341 1761 3432 1830 qui
3457 1761 3677 1831 jodices
3703 1778 3815 1818 non

550 1863 808 1927 procurat
865 1869 1146 1918 annonas,
1196 1852 1553 1907 humanitates
1597 1864 1812 1920 quoque
1854 1848 2121 1919 iudicibus

549 1945 683 2016 ipsis
710 1942 856 2011 facit,
887 1943 1093 2012 legatos
1117 1940 1355 2010 gentium
1383 1955 1609 1995 voraces
1629 1940 1809 2009 explet
1836 1937 2127 1994 ordinatio-

552 2034 709 2089 nibus
745 2033 884 2101 suis,
932 2040 989 2087 et
1024 2031 1151 2087 licet
1188 2030 1305 2084 alia:
1349 2029 1636 2099 dignitates
1680 2028 1914 2083 habeant
1942 2026 2124 2084 titulos

552 2123 880 2195 prrclinitos,
922 2121 990 2177 ab
1031 2121 1131 2175 ista
1158 2128 1327 2175 totum
1356 2132 1495 2190 pene
1537 2117 1758 2188 geritur,
1787 2117 2041 2188 quidquid
2069 2118 2124 2172 in

550 2214 777 2291 imperio
800 2220 987 2269 nostro
1012 2210 1260 2281 requabili
1286 2209 1654 2265 moderatione
1674 2204 1952 2264 tractatur.
1973 2206 2125 2265 lianc

551 2308 784 2383 denique
849 2318 1096 2362 curarum
1151 2301 1390 2358 omnium
1459 2300 1874 2371 pulcherrimam
1926 2296 2125 2355 molem

552 2399 720 2470 (quOd
755 2409 1068 2468 prosperum
1093 2392 1267 2459 nobis,
1299 2391 1429 2448 utile
1470 2390 1778 2461 reipublicae
1804 2387 1897 2459 sit)
1926 2389 1995 2444 ab
2033 2388 2126 2444 illa

552 2487 842 2545 indictione
862 2486 967 2542 tuis
993 2483 1233 2540 humeris
1272 2483 1529 2538 decenter
1565 2479 1925 2551 imponimus;
1963 2493 2125 2550 quam

551 2586 610 2635 tu
639 2586 696 2633 et
722 2576 919 2647 ingenii
946 2575 1144 2630 virtute
1182 2573 1483 2639 sustineas,
1516 2579 1572 2627 et
1596 2585 1802 2626 summa
1845 2570 1950 2626 tide
1984 2579 2127 2627 trac-

553 2677 671 2725 tare
697 2665 1017 2724 contendas.
1042 2663 1171 2733 Quae
1194 2670 1456 2734 quantum
1483 2662 1710 2720 diversis
1752 2661 2127 2718 sollicitudini-

553 2760 655 2817 bus
692 2756 1096 2827 constringitur,
1143 2762 1297 2812 tanto
1335 2753 1503 2823 magis
1549 2753 1734 2809 laudes
1773 2753 2126 2824 amplissimas

554 2850 786 2921 dignitas
808 2849 923 2904 haec
952 2844 1263 2916 triumphat.
1285 2842 1351 2898 Et
1366 2842 1486 2899 ideo
1510 2852 1714 2899 tantum
1743 2843 1922 2898 lumen
1943 2844 2125 2913 gloria:

555 2941 616 2996 iit
642 2936 943 2997 actionibus
964 2935 1177 3003 vestris,
1208 2942 1268 2989 ut
1294 2941 1350 2990 et
1377 2932 1429 2988 in
1461 2932 1660 3003 palatio
1689 2940 1877 2988 nostro
1902 2932 2123 3003 fulgeat,

537 3042 613 3111 _et
649 3033 703 3088 in
732 3028 1127 3103 provinciarum
1170 3025 1560 3096 longinquitate
1587 3025 1845 3082 reluceat.
1896 3026 2001 3082 Par
2029 3028 2125 3083 tibi

2222 1851 2500 1907 habemus.
2551 1850 2776 1919 Respice
2822 1859 2904 1905 tot
2954 1851 3145 1906 doctos
3192 1852 3360 1918 viros,
3411 1860 3469 1906 et
3519 1852 3817 1909 considera

2220 1940 2381 2011 quale
2410 1940 2481 1997 sit
2501 1940 2583 1995 bis
2610 1940 2810 2009 aliquid
2837 1940 3040 2008 dicere,
3069 1955 3170 1996 nec
3193 1941 3394 1997 erroris
3416 1942 3817 1997 verecundiam

2221 2032 2531 2089 formidare.
2561 2031 2638 2088 De
2665 2032 2859 2087 talibus
2898 2031 3185 2104 disceptas,
3231 2046 3368 2103 quos
3397 2032 3490 2088 tibi
3519 2034 3819 2103 cognoscis

2222 2138 2343 2180 esse
2369 2124 2629 2194 potiores.
2651 2123 2740 2179 Sic
2765 2137 2894 2193 ergo
2915 2123 3092 2179 locum
3122 2132 3274 2180 tuum
3303 2133 3496 2193 tracta,
3529 2133 3593 2180 ut
3616 2141 3819 2182 omnes

2223 2222 2279 2271 te
2299 2214 2536 2284 judicem
2563 2214 2839 2269 honorata:
2863 2215 3299 2283 congregationis
3319 2224 3645 2286 agnoscant.
3669 2214 3821 2271 Con-

2222 2304 2367 2361 sides
2413 2319 2574 2374 supra
2618 2318 2806 2359 omnes
2851 2303 3059 2360 scilicet
3097 2304 3408 2361 consulares
3439 2323 3455 2360 :
3485 2305 3822 2360 sententiam

2222 2396 2429 2467 primus
2471 2395 2640 2463 dicis;
2693 2403 2748 2451 et
2788 2396 2843 2449 in
2889 2390 2978 2450 illa
3024 2395 3288 2458 libertatis
3331 2396 3454 2451 aula
3480 2397 3824 2456 reverendus

2224 2485 2497 2558 aspiceris,
2532 2486 2584 2540 in
2606 2500 2710 2556 qua
2737 2485 3055 2542 commissos
3080 2486 3282 2545 habere
3310 2484 3495 2543 mundi
3522 2488 3825 2558 primarios

2223 2574 2558 2645 approbaris.
2588 2574 2718 2643 Quis
2740 2574 2852 2645 jam
2880 2575 2949 2631 de
2973 2576 3203 2633 obscuro
3230 2577 3364 2633 vitio
3412 2576 3534 2653 [Gn
3583 2588 3636 2634 et
3695 2579 3821 2652 Cuj.

2225 2665 2399 2721 delent
2438 2665 2534 2719 hoc
2571 2663 2782 2737 nomen]
2828 2667 3066 2734 cogitare
3093 2667 3283 2737 possit,
3314 2668 3406 2737 qui
3432 2666 3673 2724 seinter
3702 2686 3829 2726 mo-

2224 2773 2342 2813 rum
2364 2756 2563 2812 lumina
2585 2762 2665 2813 tot
2692 2770 2812 2812 esse
2848 2757 3159 2826 cognoscit?
3192 2757 3282 2814 Vis
3311 2758 3492 2814 odium
3536 2775 3649 2815 non
3680 2762 3830 2817 reci-

2224 2840 2662 2921 perei‘Studium
2687 2862 2718 2902 a
2742 2856 2795 2902 te
2819 2846 3224 2918 gratiﬁcationis
3245 2849 3496 2906 exclude.
3529 2850 3829 2907 Publicum

2224 2954 2463 2995 amorem
2485 2952 2704 2994 necesse
2727 2947 2811 2994 est
2825 2937 3041 3005 habeas,
3063 2938 3108 2994 si
3130 2938 3390 2995 secretius
3406 2939 3484 2995 nil
3508 2942 3829 3011 promittas.

2224 3022 2343 3082 Erit
2378 3027 2633 3083 nimirum
2677 3041 2960 3097 magnum,
3007 3037 3064 3084 et
3089 3028 3360 3098 singulare
3387 3029 3753 3099 praeconium,
3784 3032 3833 3088 si

553 3125 625 3181 sit
669 3138 791 3180 cum
833 3127 1102 3193 potestate
1130 3118 1413 3190 prudentia
1446 3136 1461 3172 :
1492 3119 1834 3175 conscientia:
1862 3126 1966 3174 tute
1992 3135 2125 3189 qua—
2149 3144 2194 3207 C
2220 3118 2428 3189 judices
2462 3133 2569 3174 non
2616 3119 2914 3189 accipiant,
2937 3120 3030 3175 ubi
3073 3128 3233 3190 sunt,
3284 3121 3378 3191 qui
3406 3120 3640 3178 multum
3693 3124 3832 3180 dare

554 3215 770 3273 drifaria
815 3214 986 3269 virtus
1034 3212 1285 3269 assideat.
1342 3208 1597 3273 Tribunal
1646 3217 1797 3265 tuum
1848 3210 1968 3267 ideo
2011 3218 2123 3265 tam

555 3305 825 3362 excelsum
852 3302 1048 3360 factum
1078 3316 1199 3358 esse
1236 3299 1472 3366 noveris,
1521 3306 1583 3354 nt
1626 3300 1834 3355 locatus
1879 3300 1951 3354 ibi
1994 3297 2127 3353 nihil

556 3393 756 3450 humile
769 3391 1143 3463 abiectumque
1166 3390 1451 3461 cogitares.
1470 3386 1761 3445 Considera
1784 3388 1912 3459 quid
1932 3388 2129 3444 debeas

558 3489 762 3552 dicere,
807 3484 951 3555 quod
988 3497 1021 3537 a
1047 3482 1210 3537 tantis
1236 3480 1520 3551 excipitur.
1552 3472 1875 3535 Monimenta
1916 3477 2128 3549 publica

559 3574 684 3633 talia
730 3573 1075 3637 contineant,
1123 3584 1245 3641 quae
1282 3578 1348 3625 ‘se
1393 3568 1597 3638 legisse
1621 3569 1797 3624 nullus
1824 3564 2125 3624 erubescat.

559 3663 762 3720 Praesul
782 3662 1038 3718 mirabilis
1063 3668 1269 3731 partem
1292 3675 1401 3715 non
1422 3659 1585 3715 habet
1605 3674 1727 3714 cum
1755 3656 1986 3725 delictis,
2004 3657 2129 3728 quia

562 3754 661 3811 nisi
709 3751 907 3822 aliquid
955 3751 1227 3820 egregium
1280 3748 1491 3806 assidue
1536 3748 1743 3815 fecerit,
1788 3746 1998 3817 culpam
2043 3746 2131 3802 vel

561 3845 765 3903 otiosus
791 3843 1033 3898 incurrit.
1063 3841 1195 3897 Nam
1238 3842 1284 3898 si
1323 3842 1611 3912 przedictus
1639 3848 1832 3895 auctor
1856 3839 2132 3895 sanctissi-

554 3950 679 3991 mus
702 3934 792 3989 ille
813 3935 1097 4000 recolatur,
1127 3930 1396 4004 quoddam
1421 3930 1777 3988 sacerdotium
1805 3930 1889 3986 e‘st
1915 3927 2133 4001 praefec-

552 4037 693 4084 tura:
710 4020 1049 4102 praetorianis
1065 4032 1435 4098 competenter
1455 4037 1615 4093 agere
1635 4023 1966 4093 dignitatem.

620 4311 661 4341 κο
687 4296 1242 4380 Praefectisprtntorio
1256 4276 1626 4380 datam‘fu‘isse
1653 4295 1946 4377 pleniorem
1967 4294 2129 4380 licen-

543 4373 690 4427 {tiam
710 4371 776 4426 ad
794 4364 1085 4439 disciplinae
1101 4367 1324 4439 publica:
1335 4364 1760 4422 emendationem
1780 4366 2130 4439 iurisconsul-

545 4452 688 4517 :tus,_
700 4441 737 4494 l.
768 4439 820 4506 l,
850 4435 1022 4517 Βίης
1048 4435 1139 4507 οΙῙ.
1171 4437 1323 4517 ρναξί.
1351 4444 1524 4506 prum,
1551 4444 1737 4517 auctor
1764 4445 1866 4491 est.
1899 4435 2130 4517 Tempo-

2226 3208 2570 3266 contendant.
2602 3207 2801 3264 Ditioni
2823 3219 2845 3248 ε
2863 3218 2965 3264 tua:
2992 3224 3100 3264 non
3126 3210 3299 3265 solum
3320 3210 3495 3266 Roma
3525 3214 3831 3269 commissa

2225 3308 2309 3355 est
2355 3298 2619 3369 (quamvis
2666 3298 2720 3352 in
2758 3296 2847 3352 illa
2893 3297 3271 3355 contineantur
3300 3301 3601 3372 universa),
3629 3313 3831 3358 verum

2226 3391 2389 3446 etiam
2438 3390 2578 3445 intra
2617 3389 2968 3445 centesimum
3020 3398 3345 3461 potestatem
3378 3398 3448 3447 ‘te
3488 3395 3835 3463 protendere

2227 3482 2444 3552 antiqua
2468 3480 2588 3549 jura
2613 3480 2939 3548 voluerunt,
2980 3496 3049 3537 ne
3089 3488 3252 3537 tantze
3292 3484 3530 3539 civitatis
3580 3484 3834 3555 iudicem

2228 3571 2449 3630 muralis
2475 3584 2638 3640 agger
2665 3570 2986 3641 includeret,
3014 3587 3136 3628 cum
3166 3573 3339 3630 Roma
3367 3576 3551 3631 omnia
3576 3578 3837 3646 pusside-

2229 3669 2332 3717 ret.
2362 3659 2629 3716 Tu'etiam
2653 3674 2722 3716 ex
2741 3659 3035 3731 designatis
3062 3661 3181 3732 lege
3202 3664 3515 3734 provinciis,
3542 3665 3615 3720 ab
3636 3668 3838 3739 appel-

2229 3752 2433 3808 latione
2472 3752 2772 3821 cognoscis.
2822 3752 3084 3810 Advocati
3138 3756 3235 3811 tibi
3285 3757 3524 3813 militant
3573 3761 3832 3828 eruditi,

2231 3840 2443 3912 quando
2492 3841 2546 3896 in
2585 3841 2675 3897 illa
2711 3842 2895 3913 patria
2948 3842 3163 3900 difficile
3190 3860 3299 3901 non
3326 3855 3411 3902 eat
3439 3857 3700 3906 oratores
3732 3852 3839 3906 im-

2232 3932 2409 4003 plere,
2458 3931 2548 3987 ubi
2591 3931 2877 4001 magistros
2924 3932 3246 4004 eloquentiae
3290 3937 3556 4008 contingit
3604 3954 3840 4013 semper

2233 4020 2440 4078 audire.
2469 4018 2739 4091 Carpento
2764 4021 2978 4078 veheris
3017 4036 3117 4095 per
3143 4023 3381 4082 nobilem
3426 4027 3649 4100 plebem
3669 4069 3689 4096 ,
3735 4048 3839 4101 pu—

2296 4294 2331 4376 li
2358 4293 2633 4376 Epictetus
2652 4310 2773 4376 cum
2803 4295 2875 4376 ab
2900 4294 3133 4352 Adriano
3163 4296 3498 4376 imperatore
3518 4296 3844 4376 interroga-

2229 4375 2381 4437 retur
2403 4367 2706 4437 _quidgesset
2729 4374 2948 4437 senatus
2972 4384 2986 4419 :
3012 4375 3415 4437 ornamentum,
3444 4367 3609 4434 dixit,
3647 4367 3839 4437 Urbis,

2226 4433 2487 4511 splendor
2512 4433 2841 4511 civium._Sic
2867 4434 3028 4505 legati
3056 4451 3087 4489 a
3112 4433 3678 4511 ifyrrho_i_n_terrogati
3706 4433 3843 4511 quid

544 4526 623 4586 ire
649 4504 948 4565 Constantii
975 4504 1310 4586 imperatoris
1347 4504 1531 4561 omnes
1567 4512 1886 4586 castrenses,
1911 4504 2129 4586 ordina-
2162 4526 2210 4586 ο
2233 4504 2300 4586 de
2328 4504 2584 4586 Romanis
2607 4508 2886 4586 sentirent,
2914 4504 3309 4574 responderunt
3324 4504 3527 4562 Urbem
3551 4504 3664 4564 sibi

546 4581 690 4649 .rith
699 4595 765 4634 ue
780 4574 1091 4649 potestates,
1105 4584 1164 4630 ut
1186 4576 1447 4649 bonorum
1469 4574 1705 4630 omnium
1721 4576 1924 4646 apicem
1945 4577 2132 4645 prisca:

565 4644 879 4704 reverentia:
904 4662 1055 4702 more
1081 4644 1369 4716 prtefectos
1382 4659 1596 4716 semper
1622 4644 1910 4716 suspexere
1935 4644 2131 4716 praeto-

542 4721 767 4780 srianos,
801 4725 859 4771 ut
886 4713 1149 4770 Ammian.
1176 4713 1620 4775 Marcellinn‘lib.
1645 4728 1757 4778 xxi,
1780 4713 1962 4768 tradit'.
1986 4716 2130 4768 Pna-

544 4788 783 4843 zfectura:
822 4787 1071 4840 meritum
1110 4784 1316 4840 ceteris
1342 4784 1684 4851 dignitatibus
1711 4792 1981 4851 antestare
2026 4782 2132 4837 Va-

545 4856 908 4918 »lentinianus,
936 4854 1151 4918 Valens,
1175 4862 1231 4910 ct
1251 4850 1553 4919 Gratianus,
1601 4854 1653 4906 in
1677 4853 1711 4905 l.
1743 4852 1795 4919 ‘l,
1826 4852 1886 4906 C.
1920 4850 1998 4906 De
2019 4853 2133 4922 oni-

546 4928 645 4982 -cio
670 4925 852 4980 vicarii
880 4924 1167 4989 deﬁniunt;
1212 4931 1268 4979 et
1311 4924 1502 4976 merito
1535 4940 1548 4976 :
1579 4923 1778 4993 etenim
1813 4923 2132 4993 praefectura

550 4995 883 5067 :praetoriana
898 4993 1110 5062 quidam
1129 4993 1457 5067 principatus
1473 4991 1741 5067 quondam
1764 4991 1972 5067 imperii
1992 4999 2126 5067 erat,

567 5060 943 5133 attameusine
970 5060 1222 5133 purpura.
1264 5060 1332 5115 Et
1357 5062 1411 5115 in
1445 5076 1523 5133 eo
1555 5060 1856 5116 discrimen
1882 5060 2133 5130 principis

568 5143 624 5190 et
670 5130 908 5203 przefecti
935 5130 1288 5203 statu'ebatur,
1318 5132 1460 5202 quod
1501 5144 2036 5203 sacra‘m‘purpuram
2078 5137 2133 5203 et

562 5199 941 5274 imperatorias
985 5200 1179 5255 infulas
1207 5216 1313 5256 non
1338 5199 1607 5274 gestaret.
1640 5199 2132 5274 Qeintie’przefectis

566 5267 819 5345 praetorio
865 5285 1044 5328 rerum
1081 5285 1288 5325 summa
1326 5267 1610 5345 cummissa
1654 5267 1754 5345 fuit
1782 5267 1998 5345 propter
2026 5269 2131 5322 loci

569 5337 919 5413 dignitatem,
943 5348 1005 5396 ut
1033 5347 1296 5413 testantur
1332 5339 1697 5413 imperatores
1714 5337 2130 5413 valentiniantrs,

570 5406 919 5467 Theodosius
949 5417 1005 5466 et
1040 5410 1297 5466 Arcadius
1318 5447 1334 5472 ,
1374 5406 1428 5462 iii
1467 5409 1503 5462 l.
1537 5406 1779 5473 Quilibet,
1810 5407 1912 5475 L0,
1939 5408 2002 5463 C.
2053 5407 2133 5461 De

562 5482 769 5543 Jecur"
801 5479 892 5534 lib.
934 5494 989 5533 x.
1039 5479 1224 5535 Patres
1272 5478 1478 5549 imperii
1524 5479 1686 5549 etiam
1734 5486 2029 5549 vocantur,
2076 5484 2135 5531 ut

566 5559 802 5606 testatur
825 5556 1028 5604 auctor.
1050 5549 1154 5617 Qui
1173 5548 1361 5617 autem
1378 5548 1530 5617 plura
1555 5548 1625 5617 de
1646 5548 1982 5610 auctoritate,
2014 5562 2134 5617 mu-

564 5622 706 5674 nere
746 5626 803 5675 et
845 5619 1099 5685 dignitate
1136 5616 1393 5686 praefecti
1419 5616 1668 5686 pnetorio
1720 5617 1858 5686 scire
1887 5616 2131 5679 voluerit,

575 5687 822 5756 consulat
864 5684 1043 5753 Diom,
1088 5684 1185 5756 lib.
1210 5701 1304 5750 LII,
1333 5684 1648 5743 Suetonium
1682 5686 1737 5741 in
1783 5684 1972 5753 Galba,
2013 5699 2130 5756 cap.

574 5748 752 5833 “fit:
781 5754 920 5825 Tito,
950 5748 1067 5828 cap.
1088 5759 1144 5810 6.
1173 5748 1360 5811 Bnoss.

2233 4576 2381 4647 plum
2408 4576 2610 4640 visam;
2633 4584 2878 4629 senatum
2906 4589 3034 4647 vero
3082 4589 3271 4647 regum
3298 4591 3651 4633 consessum.
3701 4580 3845 4647 Qui-

2231 4645 2353 4699 dam
2379 4658 2506 4727 cum
2533 4655 2797 4727 vocarunt
2818 4645 2951 4700 recti
2985 4644 3224 4727 bonique
3265 4655 3674 4727 praceptor‘em
3697 4644 3842 4715 {alii

2232 4715 2412 4767 mundi
2434 4713 2653 4768 lumina.
2680 4712 3062 4783 Probusapud
3094 4712 3380 4783 Vopiscum
3411 4712 3492 4769 ait
3543 4712 3847 4776 Romanos

2231 4791 2508 4855 senatores
2531 4783 2717 4855 mundi
2744 4782 3010 4855 principes
3054 4782 3194 4855 esse,
3225 4784 3359 4840 tales
3370 4799 3614 4855 semper
3641 4788 3844 4855 fuisse,

2233 4861 2288 4906 et
2314 4852 2364 4905 in
2394 4858 2671 4926 posterum
2693 4850 2927 4926 futuros.
2949 4850 3234 4908 Petronius
3261 4855 3315 4909 in
3363 4850 3624 4926 §atyrico
3671 4850 3846 4915 vocat

2231 4920 2477 5002 senatum
2506 4922 2638 5002 recti
2658 4921 3327 5002 bonique_prmceptorem.
3347 4920 3662 5002 .P'ru'dent“
3696 4929 3799 5002 lib.
3829 4945 3847 4985 t

2220 4990 2712 5060 “inSymmachum,
2749 4990 2934 5060 mundi
2965 4990 3185 5045 lumina.
3217 4992 3306 5046 Sic
3333 4990 3665 5051 Ammianus
3695 4998 3845 5053 Mar-

2235 5058 2458 5130 cellinus
2484 5059 2640 5130 .__ubi
2691 5059 2758 5113 de
2786 5058 3102 5115 Constantio
3132 5059 3357 5116 Romam
3399 5063 3661 5130 ingresso
3710 5070 3792 5122 ait
3826 5086 3841 5121 :

2222 5126 2472 5198 Cumque
2497 5126 2623 5183 Urbi
2652 5131 3127 5198 appropinquaret,
3146 5131 3243 5197 ait,
3271 5126 3496 5186 senatus
3523 5132 3723 5191 oflicia
3757 5136 3845 5193 re—

2233 5197 2604 5266 verendasque
2644 5197 2833 5267 patriae
2867 5197 3050 5267 stirpis
3093 5199 3297 5267 eiligies
3337 5215 3435 5255 ore
3460 5216 3676 5260 sereno
3707 5223 3845 5262 con-

2234 5267 2518 5337 templans,
2546 5283 2653 5340 non
2677 5268 2969 5340 utACyueas
2996 5269 3084 5327 ille
3111 5268 3300 5340 Pyrrhi
3331 5270 3564 5340 legatus,
3582 5273 3644 5328 in
3668 5291 3843 5331 unum

2234 5345 2477 5410 coactam
2506 5336 2894 5410 multitudinem
2927 5352 3134 5410 regum,
3157 5336 3257 5393 sed
3293 5336 3503 5410 asylum
3526 5344 3729 5399 mundi
3760 5359 3847 5400 to-

2235 5407 2344 5482 tius
2371 5406 2558 5482 adesse
2586 5406 3381 5482 mstimahatﬁicerosenatum
3400 5410 3730 5482 principem
3755 5430 3847 5469 sa—

2239 5475 2363 5558 lut‘ils
2382 5475 2721 5558 publicaque.
2737 5477 2931 5557 mentis
2956 5476 3373 5558 appellat.__Vide
3400 5475 3714 5558 hl‘ajorian.
3739 5498 3843 5558 n9:

2218 5544 2365 5614 veil:
2394 5543 2450 5611 3,
2473 5544 2551 5599 De
2576 5545 2679 5614 ritu
2704 5546 2906 5614 imperii
2923 5543 3044 5614 sui;
3076 5544 3291 5614 Virgil.,
3316 5562 3373 5601 vt
3400 5543 3629 5604 Eneid.
3652 5569 3671 5611 ;
3696 5552 3743 5608 l.
3774 5549 3843 5606 ἠ

2236 5612 2299 5668 C.
2326 5612 2551 5681 Theud.,
2585 5613 2664 5668 De
2689 5612 2862 5668 decur.
2883 5631 2900 5678 ;
2922 5613 3142 5680 Quintil.
3168 5612 3399 5670 declam.
3431 5617 3559 5672 5‘29.
3591 5618 3796 5677 Bnoss.

2239 5681 2481 5808 ἁὶεῖὶἓὰἱ]
2492 5692 2623 5741 uret.
2655 5683 2783 5753 legit
2806 5682 3077 5753 dicationi.
3106 5692 3168 5740 ut
3190 5698 3283 5755 ep.
3316 5684 3348 5740 7
3378 5684 3476 5743 lib.
3497 5703 3592 5758 xt;
3620 5699 3684 5746 et
3712 5692 3841 5762 Δο..
