3974 6434
178 371 278 430 085

1457 373 1824 433 VARIARUM
1862 374 2065 432 LIBER
2103 372 2192 434 Vl.

3338 377 3445 435 686

178 489 310 549 blica
337 496 393 546 te
416 493 545 545 vota
571 486 921 553 comitantur,
954 487 1170 547 favores
1196 487 1490 559 gratissimi
1515 503 1755 547 consona
1784 497 1834 558 Α
1862 491 1934 547 do
1962 498 2152 548 tenere
2176 490 2456 548 hominum
2484 501 2715 561 mentes,
2746 492 2968 551 allicere
2992 494 3319 561 voluntates,
3345 494 3449 550 im-

178 581 474 655 osteeum
501 581 1005 651 voceprocedunt.
1056 579 1204 639 Bene
1252 582 1542 653 age,quia
1580 591 1633 639 te
1678 596 1766 639 ve-

179 672 353 729 niente
398 671 529 728 licet
576 670 792 743 populis
817 672 1117 729 conticere.
1148 670 1328 737 Habes
1371 674 1596 744 copiose
1623 673 1766 731 unde

185 763 275 821 tibi
309 762 540 833 gratiam
570 766 747 827 tantae
762 761 1000 818 civitatis
1038 764 1323 833 acquiras,
1370 765 1417 821 si
1446 780 1657 822 merces
1681 765 1766 822 di-

183 867 341 910 versae
387 853 490 911 sub
541 853 686 909 nulla
716 852 1010 911 venalitate
1045 853 1367 923 vendantur,
1415 854 1463 911 si
1506 855 1767 915 exbibitio

183 943 462 1007 salubriter
487 957 713 1001 accensa
752 943 1089 1005 thermarum
1128 945 1442 1016 rapinarum
1482 944 1769 1001 ardoribus

184 1049 285 1090 non
312 1040 578 1105 tepescat,
623 1033 668 1090 si
696 1034 1088 1104 spectaculum,
1117 1035 1266 1107 quod
1303 1036 1577 1107 praebetur
1614 1036 1771 1093 volu-

184 1124 337 1197 ptati,
354 1140 475 1205 Anon
505 1125 577 1185 sit
603 1140 766 1185 causa
794 1125 973 1198 litigii.
1025 1124 1277 1185 Suaviter
1303 1128 1446 1185 enim
1475 1129 1623 1201 cogit
1642 1142 1764 1199 gra.

187 1219 291 1271 tum
314 1230 434 1271 esse
459 1215 740 1287 populum,
770 1216 1016 1287 quisquis
1040 1216 1095 1283 in
1122 1218 1513 1281 certaminibus
1537 1220 1771 1291 partium

181 1304 412 1362 declinat
439 1305 719 1376 injustum.
761 1303 932 1361 Tanta
958 1314 1041 1363 est
1068 1307 1211 1365 enim
1242 1308 1323 1369 vis
1350 1308 1600 1380 gloriosae
1625 1309 1768 1364 veri-

191 1394 332 1462 tatis,
363 1401 425 1450 ut
452 1395 614 1451 etiam
645 1393 699 1450 in
729 1394 893 1453 rebus
917 1396 1146 1455 scenicis
1165 1397 1391 1468 aequitas
1414 1397 1770 1459 desideretur.

186 1483 617 1541 Admonitionum
640 1484 801 1554 igitur
823 1485 1015 1542 ordine
1033 1486 1283 1557 decurso,
1306 1502 1405 1565 per
1425 1487 1773 1547 indictionem

186 1577 325 1635 illam
368 1577 559 1634 habitu
588 1585 642 1633 te
684 1586 879 1651 togatae
916 1579 1195 1650 dignitatis
1221 1594 1509 1648 omamus,
1549 1588 1663 1637 ιιι·
1692 1580 1776 1637 in-

185 1669 341 1726 dutus
366 1676 517 1725 veste
544 1667 828 1737 Romulea,
845 1669 971 1740 jura
990 1670 1192 1731 debeas
1218 1670 1474 1729 aﬂ'ectare
1503 1670 1771 1735 Romana.

1860 581 2065 654 pellere
2084 596 2193 655 quo
2215 582 2366 650 velit,
2392 582 2535 639 unde
2562 591 2742 641 autem
2767 584 2899 641 velit
2923 584 3213 642 deducere.
3246 584 3381 641 Nam
3404 586 3451 667 s_i

1862 671 2098 730 oratoris
2145 679 2229 728 est
2279 672 2559 743 proprium
2586 672 2825 743 graviter
2852 682 2909 730 et
2935 682 3127 730 ornate
3161 674 3363 740 dicere,
3392 683 3455 731 ut

1862 763 2037 835 possit
2056 763 2266 821 animos
2286 762 2524 833 judicum
2550 778 2916 832 commovere,
2944 772 3148 836 quanto
3174 764 3454 821 facundior

1866 852 2031 913 debet
2050 868 2175 911 esse
2192 854 2284 924 qui
2313 868 2410 923 ore
2436 854 2694 925 principis
2721 854 2956 925 populos
2983 856 3225 913 noscitur
3268 856 3455 911 admo-

1868 958 2020 1009 nere,
2050 951 2112 999 ut
2134 951 2284 1000 recta
2326 943 2572 1015 diligant,
2600 958 2856 1015 perversa
2882 954 3251 1009 contemnant,
3280 946 3456 1007 bonos

1868 1035 1986 1092 sine
2004 1033 2113 1093 line
2136 1035 2375 1103 laudent,
2406 1034 2671 1106 pessimos
2690 1036 3043 1094 vehementer
3065 1038 3361 1095 accuent?
3392 1035 3458 1092 Ut

1868 1144 2010 1201 pene
2060 1129 2254 1187 feriata
2305 1129 2379 1187 sit
2428 1129 2696 1187 districtio
2720 1130 2814 1189 ubi
2840 1131 3099 1203 prevalet
3139 1131 3460 1201 eloquentia:

1868 1219 2148 1276 fortitudo.
2191 1218 2276 1275 Sit
2302 1219 2544 1277 imitator
2594 1218 3043 1292 prudentissimus
3092 1222 3455 1292 antiquorum,

1870 1325 2053 1379 mores
2078 1310 2286 1367 alienos
2310 1311 2567 1381 corrigat,
2587 1320 2644 1368 et
2668 1326 2798 1368 suos
2817 1312 2999 1369 debita
3026 1312 3335 1381 integritate
3362 1326 3460 1367 cu-

1871 1404 2095 1462 stodiat.
2116 1403 2303 1467 Talem
2328 1404 2561 1474 denique
2582 1413 2800 1476 oportet
2825 1419 2946 1461 esse
2963 1413 3313 1476 qurestorem,
3327 1419 3463 1474 qua-

1873 1499 1980 1554 lem
2017 1504 2235 1568 portare
2262 1496 2516 1568 principis
2540 1496 2698 1552 decet
2725 1496 3034 1568 imaginem.
3086 1495 3221 1550 Nam
3264 1495 3459 1561 sinos,

1875 1597 1935 1645 ut
1961 1587 2183 1656 assolet,
2206 1601 2421 1642 causam
2441 1588 2604 1657 gestis
2624 1586 3114 1656 audirecontingat,
3135 1601 3255 1658 qua:
3273 1594 3464 1642 aucto-

1875 1679 2009 1736 ritas
2034 1679 2139 1735 erit
2162 1678 2375 1747 linguae,
2398 1692 2521 1749 qua:
2543 1677 2644 1734 sub
2672 1677 2844 1734 oculis
2860 1676 3041 1747 regale
3060 1677 3274 1747 genium
3296 1677 3466 1748 possit

186 1759 315 1817 Nam
342 1759 387 1815 si
417 1759 507 1816 isti
534 1757 562 1798 δ
613 1758 864 1830 dignitati
906 1775 1007 1832 par
1055 1758 1254 1830 fueris,
1285 1761 1419 1819 nihil
1466 1768 1550 1820 est
1574 1760 1720 1832 quod
1743 1777 1776 1816 a
1809 1832 1848 1841 _
1876 1769 2137 1841 implere!
2167 1768 2371 1826 Adesse
2391 1767 2555 1824 debet
2587 1767 2813 1824 scientia
2834 1768 2994 1839 juris,
3023 1768 3235 1831 cautela
3262 1783 3467 1827 strato,-

185 1850 338 1907 nobis
371 1848 593 1905 minime
618 1849 993 1919 consequaris.
1033 1849 1114 1909 Ad
1142 1850 1326 1913 omnia
1353 1850 1499 1917 enim
1540 1850 1634 1911 tali
1658 1848 1771 1907 suf-
1806 1832 1853 1894 Β
1876 1832 1982 1928 nis,
2004 1869 2066 1917 ut
2100 1875 2261 1916 nemo
2289 1859 2488 1916 debeat
2530 1832 2928 1930 reprehendere
2976 1832 3125 1930 quod
3171 1858 3468 1930 principem

185 1942 353 2012 fragio
400 1942 509 1999 eris
560 1941 912 1998 nihilominus
958 1941 1172 2012 dignus,
1217 1942 1266 2000 si
1308 1942 1579 1999 actionem
1627 1949 1774 2001 tuam

185 2033 365 2092 laudet
392 2041 635 2091 senatus.
664 2032 913 2089 Perfecta
938 2034 1084 2091 enim
1123 2034 1204 2091 rei
1232 2033 1367 2093 fides
1390 2040 1498 2104 est,
1526 2034 1624 2093 ubi
1645 2048 1777 2090 con-

185 2124 428 2184 sentanei
454 2132 622 2181 testes
649 2123 948 2195 probantur
975 2138 1095 2181 esse
1122 2130 1439 2185 summates.

626 2223 691 2281 Υ.
719 2240 968 2291 recutita
980 2240 1318 2303 putesnam.

256 2320 314 2378 Si
342 2328 550 2378 tantum
586 2317 749 2376 clarae
786 2323 913 2376 sunt
939 2317 1227 2387 dignitates
1270 2325 1533 2388 quantum
1578 2317 1781 2374 nostris

187 2414 432 2477 aﬂatibus
453 2410 595 2486 [ϐυ-η
626 2409 745 2483 Cuj.
766 2418 824 2469 ,ει
847 2408 972 2468 Cor.
1002 2407 1104 2477 N.,
1134 2409 1463 2481 aspectibus]
1490 2408 1777 2483 perfruun—

190 2494 297 2572 tur,
306 2503 352 2561 si
379 2501 664 2574 praesentia
691 2502 946 2571 frequens
961 2499 1143 2572 prodit
1161 2498 1488 2557 dominantis
1507 2500 1779 2564 allectum,

189 2593 366 2651 nullus
384 2592 458 2647 ita
473 2590 713 2660 judicum
740 2598 921 2662 potest
946 2604 1067 2646 esse
1091 2589 1359 2659 gloriosus
1384 2602 1547 2663 quam
1569 2588 1664 2645 ille
1686 2590 1785 2662 qui

189 2685 347 2743 estin
378 2682 769 2753 cogitationum
796 2690 1105 2739 nostrarum
1134 2680 1544 2754 participatione
1565 2696 1785 2753 suscep-

189 2787 296 2833 tus.
328 2774 461 2832 Aliis
483 2774 628 2831 enim
654 2772 899 2844 pecunia:
924 2773 1151 2845 publica:
1179 2771 1569 2829 committimus
1586 2786 1787 2842 procu-

1876 1953 2182 2011 constiterit
2233 1951 2530 2008 censuisse.
2585 1947 2734 2022 Opus
2785 1952 2891 2009 erit
2928 1960 3192 2023 praterea
3243 1950 3470 2017 ﬁrmitas

1878 2042 2061 2108 animi,
2092 2049 2153 2098 ut
2176 2056 2206 2096 a
2229 2041 2455 2113 justitiae
2494 2043 2715 2099 tramite
2744 2042 2908 2099 nullis
2934 2042 3268 2108 muneribus,
3308 2043 3472 2101 nullis

1878 2132 2177 2191 terroribus
2203 2129 2498 2189 auferatur.
2529 2131 2663 2188 Nam
2694 2147 2795 2203 pro
2823 2133 3081 2203 aequitate
3122 2132 3388 2190 servanda
3415 2139 3473 2189 et

1879 2222 2038 2281 nobis
2064 2222 2298 2293 patimur
2319 2222 2635 2289 contradici,
2663 2221 2750 2281 cui
2797 2223 2964 2281 etiam
2991 2230 3209 2293 oportet
3235 2222 3468 2293 obediri.

1880 2314 1987 2371 Sed
2011 2314 2132 2371 vide
2156 2322 2216 2372 ut
2252 2322 2460 2371 tantum
2488 2314 2745 2373 doctrina:
2771 2314 3007 2384 deferas,
3036 2324 3304 2387 quatenus
3345 2330 3473 2387 pro-

1879 2406 2130 2465 babiliter
2178 2407 2359 2464 omnia
2380 2405 2706 2478 perquisitus
2729 2421 2990 2478 exponas.
3014 2406 3146 2463 Alite
3166 2407 3365 2478 quippe
3392 2406 3475 2463 di-

1881 2498 2115 2568 gnitates
2141 2512 2473 2572 assessorum
2507 2495 2702 2553 solatia
2732 2508 2995 2567 quaarant,
3027 2506 3117 2554 tua
3145 2514 3276 2554 vero
3303 2498 3475 2568 digni-

1883 2595 1968 2643 tas
1992 2587 2224 2659 principi
2251 2586 2477 2644 consilia
2506 2586 2899 2645 subministrat.
2943 2588 3121 2659 Atque
3173 2588 3295 2645 ideo
3342 2604 3475 2660 pru-

1882 2679 2080 2739 dentiae
2100 2679 2186 2736 vel
2212 2677 2535 2749 eloquentia:
2557 2685 2662 2737 tua:
2683 2675 2822 2732 fama
2845 2678 3476 2750 provocati,qu:nsturam

1886 2770 2003 2839 tibi,
2028 2768 2255 2841 gloriam
2282 2767 2608 2835 litterarum,
2637 2766 2914 2824 civilitatis
2941 2767 3221 2839 templum,
3253 2769 3475 2838 genitri-

190 2865 482 2932 rationem,
505 2862 626 2918 aliis
667 2877 860 2919 causas
908 2862 1257 2929 concedimus
1300 2861 1612 2930 audiendas,
1665 2861 1787 2925 aliis
1888 2877 2033 2919 cem-
2059 2860 2298 2917 omnium
2349 2857 2693 2929 dignitatum,
2737 2858 3085 2915 continentia:
3124 2857 3480 2925 domicilium,

191 2954 499 3030 patrimonii
530 2952 665 3027 [atii,
692 2950 1044 3024 matrimonii]
1090 2951 1262 3012 nostri
1281 2952 1404 3022 jura
1443 2950 1785 3025 delegamus;
1888 2955 2148 3011 virtutum
2170 2952 2410 3017 omnium
2435 2950 2643 3017 sedem,
2674 2966 2773 3021 per
2799 2950 2945 3007 illam
2975 2950 3346 3019 indictionem,
3369 2951 3480 3008 Deo

191 3054 520 3121 qumsturam
544 3034 658 3103 toto
681 3044 845 3102 corde
867 3045 1180 3116 recipimus,
1192 3059 1354 3115 quam
1376 3053 1576 3102 nostra:
1597 3044 1789 3115 linguai
1888 3052 2202 3118 praestante,
2224 3041 2587 3108 concedimus,
2604 3049 2665 3096 ut
2683 3041 2761 3098 sic
2788 3054 2915 3111 agas
2939 3040 3394 3111 quemadmodum
3422 3052 3478 3099 te

193 3155 383 3198 vocem
402 3154 524 3196 esse
547 3153 846 3199 censemus.
872 3137 999 3194 Haec
1018 3137 1221 3195 nostris
1248 3136 1665 3207 cogitationibus
1686 3151 1786 3199 ne-
1825 3203 1857 3207 _
1884 3124 2075 3207 parem
2121 3134 2285 3188 rebus
2314 3131 2581 3202 praedictis
2626 3144 2747 3187 esse
2794 3130 3111 3187 contendas.
3142 3130 3225 3187 Ad
3252 3138 3305 3188 te
3333 3133 3480 3189 enim

176 3232 429 3311 tcessario
451 3229 784 3286 familiariter
804 3229 1123 3301 applicatur,
1147 3236 1208 3287 ut
1233 3203 1451 3301 proprie
1466 3229 1647 3295 dicere
1665 3243 1786 3300 ροβ-
1811 3203 1858 3267 C
1892 3203 2180 3298 provincia:
2206 3237 2302 3279 sua
2349 3230 2475 3283 vota
2517 3221 2918 3287 transmittunt;
2962 3233 2994 3276 a
3026 3228 3079 3277 te
3106 3232 3322 3277 senatus
3346 3222 3483 3292 juris

194 3323 267 3379 sit
294 3320 439 3394 quod
469 3336 570 3377 nos
596 3322 798 3381 sentire
818 3320 1102 3391 cognoscit
1125 3320 1437 3376 :arbitrium
1465 3334 1573 3377 sum
1593 3318 1788 3381 volun-
1891 3315 2086 3388 quaerit
2113 3314 2408 3381 auxilium;
2439 3327 2469 3367 a
2502 3322 2555 3368 te
2573 3311 2719 3368 docti
2748 3311 3043 3383 probantur
3062 3321 3317 3382 expetere
3337 3312 3484 3383 quod

196 3414 324 3469 tatis
352 3413 593 3485 deponit,
626 3419 681 3470 et
707 3412 782 3468 ita
818 3414 1014 3471 mentis
1042 3421 1243 3471 nostra:
1270 3412 1411 3477 velle
1455 3410 1697 3481 suscipit,
1729 3418 1790 3479 ut
1894 3411 2196 3471 noverunt;
2219 3410 2275 3459 et
2301 3415 2525 3458 necesse
2548 3400 2643 3463 tibi
2671 3399 3014 3456 estomnibus
3034 3399 3485 3472 eumcere,quan-

196 3519 229 3560 a
258 3504 413 3560 nobis
439 3503 606 3574 magis
632 3512 849 3574 putetur
885 3502 1084 3559 exiisse
1110 3501 1256 3573 quod
1279 3501 1535 3572 loquitur.
1566 3498 1611 3559 Ο
1628 3516 1790 3573 quam
1898 3506 1982 3553 tos
2008 3512 2040 3553 a
2091 3495 2246 3553 nobis
2274 3492 2562 3565 contigerit
2592 3491 2767 3561 legum
2789 3491 3027 3547 remedia
3052 3491 3344 3563 postulare.
3376 3491 3483 3547 Sed

197 3598 427 3659 arduum
474 3605 561 3655 est
602 3596 904 3667 subjectum
928 3596 1095 3655 verba
1139 3595 1465 3653 dominantis
1492 3608 1789 3661 assumere,
1892 3606 2018 3650 cum
2043 3589 2159 3645 haec
2186 3586 2368 3659 omnia
2395 3584 2607 3650 feceris,
2661 3583 2824 3640 nullis
2870 3584 3194 3641 elationibus
3222 3575 3484 3647 eil'craris,

198 3686 351 3758 loqui
398 3701 560 3758 posse
605 3686 753 3757 quod
802 3694 1044 3742 nostrum
1073 3684 1342 3751 credatur,
1369 3692 1425 3740 et
1465 3682 1705 3754 provecti
1736 3682 1791 3743 in
1893 3680 2038 3737 nulla
2065 3677 2362 3736 mordearis
2385 3674 2603 3742 invidia,
2630 3674 2821 3733 alienis
2842 3673 3235 3731 calamitatibus
3257 3689 3367 3731 non
3395 3673 3490 3730 la:-

200 3780 481 3854 publicum
501 3778 754 3842 decorem
776 3778 1063 3850 gloriosam
1086 3775 1265 3835 facere
1284 3776 1624 3834 felicitatem!
1656 3775 1793 3839 Cou-
1893 3772 2042 3836 teris,
2054 3769 2180 3839 quia
2210 3765 2357 3838 quod
2380 3766 2629 3825 odiosum
2652 3772 2736 3821 est
2758 3764 2987 3836 principi
3015 3780 3123 3823 non
3144 3771 3325 3835 potest
3350 3779 3488 3819 con-

199 3872 440 3930 siderate
479 3869 609 3941 quid
654 3870 910 3942 ponderis
962 3870 1208 3926 habeatis
1231 3871 1433 3940 pariter
1459 3877 1517 3927 et
1555 3867 1789 3942 decoris.
1899 3863 2089 3919 venire
2115 3858 2391 3931 quaestori.
2421 3856 2629 3914 Exerce
2654 3863 2978 3929 potestatem
3016 3856 3275 3928 principis
3302 3855 3487 3911 condi-

204 3973 228 4003 ο
264 3960 323 4017 Si
352 3961 480 4035 quid
504 3961 829 4028 dubitamus,
860 3975 895 4017 a
923 3968 1195 4031 quaestore
1222 3960 1565 4030 requirimus,
1595 3960 1687 4030 qui
1715 3964 1798 4014 est

203 4051 233 4093 δ
259 4054 545 4111 thesaurus
572 4053 727 4110 fama:
755 4053 1000 4124 publicae,
1033 4053 1323 4108 armarium
1347 4052 1547 4123 legum,
1578 4058 1800 4122 paratus

202 4163 427 4220 semper
451 4147 521 4204 ad
539 4147 806 4215 subitum;
836 4155 911 4211 et,
961 4154 1021 4202 ut
1042 4147 1118 4201 ait
1139 4145 1364 4213 Tullius,
1389 4145 1647 4216 magister
1688 4142 1804 4198 elo-

205 4238 468 4312 quentiae,
484 4238 615 4295 nihil
638 4236 993 4311 praastabilius
1005 4236 1217 4293 videtur
1243 4250 1403 4307 quam
1431 4249 1591 4306 posse
1617 4233 1802 4290 dicen-

286 4381 315 4411 ι
340 4372 543 4441 Togam
570 4370 818 4440 intelligit
842 4384 949 4440 qua
980 4369 1207 4425 Romani
1244 4367 1718 4441 civesutebantur,
1748 4363 1786 4419 l.

208 4442 310 4507 32,
343 4436 1023 4513 Sedetsiuccepiojejnr.
1048 4440 1162 4511 lim,
1201 4453 1310 4513 quo
1332 4438 1565 4513 allusum
1587 4436 1680 4513 lib.
1700 4449 1789 4513 _m,

210 4505 378 4598 epist.
397 4505 845 4598 7_:_Vesti'mini
868 4505 1108 4598 moribus
1136 4505 1337 4598 togatis
1356 4526 1369 4562 :
1394 4507 1573 4598 eruite
1600 4505 1793 4594 barba-

1901 3955 2050 4011 tione
2076 3950 2324 4021 subjecti.
2349 3946 2441 4005 Sic
2467 3962 2562 4004 ore
2581 3963 2712 4004 vero
2742 3946 2875 4020 [.alii,
2906 3943 3116 4019 nostro]
3156 3946 3489 4017 gloriﬁcatus

1864 4056 1873 4068 '
1902 4045 2177 4115 eloquere,
2193 4050 2253 4098 ut
2275 4050 2329 4097 te
2355 4048 2537 4103 tamen
2561 4039 2825 4097 rationem
2841 4040 3032 4096 credas
3048 4040 3201 4096 nobis
3222 4038 3490 4110 judicibus

1904 4135 2257 4200 redditurum,
2282 4132 2373 4188 ubi
2402 4142 2497 4188 aut
2523 4130 2802 4204 culpabilis
2830 4130 3252 4186 vicissitudinem
3278 4129 3488 4207 recipit,

1908 4233 2001 4284 aut
2027 4225 2156 4283 boni
2181 4223 2443 4296 propOsiti
2464 4223 2691 4293 gloriam
2719 4221 2967 4278 laudatus
2987 4222 3239 4293 acquirit.

2330 4357 2471 4418 cuius
2491 4355 2720 4418 dignatur
2742 4358 2805 4407 ab
2821 4369 2913 4407 ore

1992 4416 2227 4530 ιίξξὶῗὲιὲιίιι
2246 4418 2371 4467 orbe
2396 4416 2694 4481 loqui,"licet
2717 4427 2769 4469 et
2788 4425 3035 4483 quaestore
3052 4418 3240 4470 diserto

213 4568 376 4641 riem.
397 4582 627 4654 Notatur
650 4582 971 4654 Antgniusa
993 4579 1164 4636 Dione
1190 4568 1350 4654 lib._t.
1368 4578 1676 4654 _:__la9ﬁ‘_n_ix_
1698 4582 1797 4630 τῶν
1828 4575 1876 4634 1)
1973 4570 2235 4654 Ulpianus
2283 4570 2496 4654 etiam“
2517 4569 2585 4651 in_
2611 4570 2649 4625 l.
2684 4569 2737 4636 1,
2764 4568 2980 4654 ’ρειοιρῐ
3024 4579 3291 4654 quantum,
3328 4568 3497 4654 refert

211 4657 450 4735 πατρίων
478 4653 712 4777 figam-9;
744 4650 1122 4733 Tertullianus,
1172 4649 1241 4731 de
1292 4648 1490 4713 Pallio;
1538 4645 1798 4711 Salvium,

213 4724 318 4777 lib.
346 4738 398 4777 IV
417 4724 485 4777 de
556 4724 885 4777 rthdentta:
912 4720 1191 4777 Claudian.
1222 4734 1277 4774 ιιι
1319 4717 1573 4773 Ruﬁnum
1605 4732 1620 4771 :

213 4717 398 4782 lib.'tv
417 4724 485 4780 de
513 4717 885 4789 Providentia;
912 4720 1191 4777 Claudian.
1222 4719 1277 4774 in
1319 4717 1573 4773 Ruﬁnum
1605 4732 1620 4771 :

317 4834 596 4885 Barbariem
616 4840 832 4884 revocat.

318 4895 422 4960 Nec
444 4897 592 4960 pudet
610 4896 853 4960 ᾼιιεοιιὶοε
873 4905 1045 4944 currus
1073 4902 1125 4944 et
1144 4892 1253 4954 jura
1277 4898 1540 4960 [egentem

319 4954 528 5008 Sumere
552 4957 797 5007 deformes
819 4960 945 5018 ritus
962 4962 1252 5018 vestemque
1277 4954 1532 5014 Getarum,

322 5019 671 5082 insignemque
691 5017 909 5067 habitum
932 5017 1055 5066 Latii
1078 5017 1270 5067 mutare
1294 5024 1543 5078 togaeque.

215 5125 377 5194 Toga
397 5122 802 5190 advocatorum,
831 5122 870 5178 1.
902 5120 1038 5192 5,0.
1073 5122 1148 5179 De
1183 5124 1365 5179 advoc.
1395 5122 1583 5244 ἀὲιξέξ.
1608 5119 1777 5192 judic.

300 5266 331 5307 ιι
362 5265 696 5325 Prmfecturm
725 5267 942 5323 urbana:
979 5265 1344 5336 familiaque:
1372 5203 1699 5336 bilcfdlicitgr,
1726 5261 1821 5319 Ul-

219 5337 396 5410 piano
414 5347 540 5393 sunt
564 5337 887 5409 stationarii,
908 5337 945 5391 l.
973 5335 1027 5403 1,
1049 5333 1129 5391 De
1157 5333 1259 5405 οΙῙξ
1279 5337 1430 5408 ρι’ωῙ.
1452 5333 1580 5390 Urb.
1611 5333 1783 5391 Fonn.

294 5488 335 5518 ὀ
358 5476 439 5535 Ad
459 5476 747 5549 quasstoris
771 5478 1007 5534 cilicium
1028 5476 1264 5549 pertinet
1283 5476 1560 5532 orationes
1586 5476 1822 5547 impera-

224 5558 438 5613 torum,
479 5546 547 5604 et
570 5558 762 5604 caetera
806 5550 1015 5605 senatui
1032 5546 1174 5603 nota
1202 5546 1398 5612 facere,
1425 5549 1568 5616 quod
1607 5555 1821 5616 constat

225 5636 306 5676 ex
325 5617 589 5674 Suetonio
616 5619 670 5672 in
688 5617 936 5687 August.,
958 5634 1078 5687 cap.
1095 5616 1164 5672 65
1186 5634 1202 5685 ;
1225 5617 1280 5673 in
1304 5615 1538 5687 Nerone,
1560 5631 1679 5686 cap.
1714 5615 1819 5683 15-;

227 5699 297 5745 et
326 5689 379 5743 in
405 5687 549 5754 Tito,
578 5703 698 5757 cap.
731 5685 796 5753 ϐξ
825 5687 971 5745 Amic
999 5685 1285 5757 Spartiano
1316 5689 1369 5742 in
1417 5685 1822 5757 Adriano,ng-

120 5757 141 5769 ’
231 5761 340 5818 tim
365 5758 419 5814 in
447 5755 1013 5829 principi9;,Cornelio
1041 5755 1248 5829 Tacito,
1281 5756 1377 5812 lib.
1406 5772 1530 5823 xvt;
1553 5755 1698 5829 quod
1715 5755 1824 5829 de-

227 5824 468 5955 signare
479 5824 647 5886 voluit
664 5826 916 5885 Sidonius
943 5827 1268 5901 Apollinaris
1291 5843 1344 5884 ιιι
1362 5824 1684 5909 panegyrico
1710 5824 1827 5882 Ila-

234 5917 296 5955 l0
334 5938 350 5955 ο
385 5916 400 5954 ς

227 5916 350 5973 jor.
385 5916 400 5954 :

1904 4639 2219 4713 candidatos
2258 4641 2389 4695 solis
2416 4639 2720 4711 principum
2763 4641 2912 4698 libris
2939 4639 2993 4697 in
3028 4639 3219 4699 senatu
3248 4641 3497 4713 legendis

1910 4726 2147 4770 vacasse.
2174 4710 2360 4765 Buoss.

1983 4778 2011 4821 ά
2058 4782 2302 4847 Quaestor
2328 4778 2467 4835 sacri
2503 4777 2686 4851 palatii
2720 4778 3073 4851 petitionibus
3099 4778 3492 4851 subscribebat,

1910 4852 2001 4908 vel
2029 4854 2190 4921 etiam
2212 4864 2471 4921 responsa
2498 4849 2788 4916 reddebat;
2838 4858 2894 4921 et
2943 4857 3002 4904 ut
3043 4849 3315 4921 hoc_loco
3337 4865 3499 4905 omne

1915 4923 2033 4993 ejus
2052 4919 2288 4978 ofﬁcium
2305 4918 2502 4993 paucis
2520 4934 2809 4993 exsequar,
2846 4920 2994 4989 leges
3020 4918 3257 4974 dictabat
3283 4932 3501 4993 preces-

1957 4989 2026 5048 ue
2053 5006 2118 5046 ac
2142 4989 2401 5060 responsa
2425 4990 2767 5060 subnotabat,
2818 4997 3134 5060 utconstat
3175 5003 3241 5060 e_x
3296 4989 3501 5060 ljlotitia

1957 5008 2026 5048 ue
2053 5008 2118 5046 ac
2142 5008 2401 5060 responsa
2425 5008 2767 5052 sunnmanat,
2818 5008 2880 5045 ιιι
2920 5008 3134 5047 censuit
3175 5008 3241 5044 ex
3296 5008 3501 5045 natura

1918 5008 2152 5118 Ἀθηιεηί
2175 5059 2379 5130 imperii
2409 5065 2465 5114 et
2489 5074 2613 5130 nov.
2647 5058 2717 5130 55
2738 5067 2793 5115 et
2814 5057 2936 5123 114,
2965 5058 3002 5130 l.
3035 5058 3157 5124 ult.,
3182 5058 3246 5115 Ο.
3290 5057 3371 5113 De
3418 5061 3502 5114 di-

1920 5149 2051 5188 rere.
2083 5128 2623 5202 rescrfSymmachus
2648 5129 2716 5202 ad
2771 5131 2925 5202 100
2975 5128 3177 5202 Auson.
3210 5146 3224 5182 :
3256 5129 3503 5196 Quaestor

1921 5218 2002 5266 es,
2032 5200 2282 5271 memini;
2311 5197 2524 5271 consilii
2543 5200 2739 5269 regalis
2760 5197 3050 5271 p—articeps,
3079 5197 3227 5271 scio;
3248 5268 3261 5271 Α
3278 5213 3502 5271 prectgn

1922 5272 2141 5336 arbiter,
2169 5269 2346 5339 legum
2368 5267 2637 5335 conditor,
2658 5267 3017 5338 recognosco;
3044 5276 3103 5322 et
3117 5268 3224 5323 alio
3248 5267 3371 5339 loco
3390 5286 3403 5322 :
3423 5267 3503 5324 Te

1922 5342 2094 5411 magis
2121 5338 2403 5411 qum’sturae
2430 5339 2625 5405 bonos,
2640 5347 2712 5411 et
2735 5338 3502 5411 condendarumsanctionum

1922 5406 2053 5468 usus
2078 5406 2340 5465 exercuit.
2371 5410 2599 5479 Procop.
2637 5407 2730 5464 lib.
2758 5425 2779 5464 ι
2806 5409 2874 5465 de
2925 5407 3073 5463 Bello
3112 5406 3336 5479 Persico
3367 5426 3380 5460 :
3408 5407 3504 5463 llis

1925 5482 1994 5537 de
2018 5479 2427 5548 causisjustitize
2453 5487 2509 5534 et
2536 5478 2713 5549 legum
2742 5487 2924 5535 custos
2951 5478 3271 5549 appellatur,
3302 5484 3359 5533 et
3387 5479 3506 5534 the-

1923 5565 2115 5606 saurus
2136 5549 2289 5620 fama;
2315 5549 2561 5620 publicat,
2588 5558 2644 5605 et
2670 5549 2959 5620 armarium
2984 5549 3181 5620 legum,
3211 5549 3344 5603 utin
3376 5564 3505 5605 nov.

1923 5620 2141 5677 Valent.
2168 5618 2452 5691 etiam.
2473 5635 2581 5673 cas.
2599 5622 2725 5691 feet.
2743 5618 2988 5691 Denique
3001 5620 3053 5691 is
3072 5619 3234 5688 plane
3260 5626 3342 5691 est
3368 5633 3510 5687 qum-
3586 5678 3605 5688 ,

1926 5698 2045 5771 stor
2070 5705 2231 5771 quem
2254 5688 2306 5744 in
2328 5688 2847 5771 aulacancellarium
2880 5688 3229 5771 appellamus.
3256 5688 3511 5771 Adquir-

1929 5757 2131 5816 storem
2160 5760 2323 5813 etiam
2346 5759 2683 5829 pertinebant
2712 5757 3069 5829 memoriales,
3099 5757 3206 5829 hoc
3232 5766 3318 5813 est
3339 5759 3506 5829 leges,

1931 5838 1989 5885 et
2009 5829 2264 5899 rescripta
2290 5826 2634 5910 eicipiebant
2659 5836 2716 5883 et
2746 5828 3065 5898 implebant,
3090 5826 3145 5883 id
3171 5836 3254 5883 est
3275 5828 3507 5900 perscri-

1934 5899 2135 5957 bebant
2160 5908 2254 5955 aut
2278 5900 2533 5973 perscrth
2560 5898 2841 5967 curabant.
2871 5896 3058 5954 Baoss.
