3974 6430
501 347 602 403 687

747 454 830 517 γι.
863 479 1105 519 ῖοιηιυιλ
1135 479 1466 522 molarum
1506 481 1832 523 DlGNlTATIs.

572 574 946 631 Reverendum
971 575 1237 633 honorem
1260 578 1426 633 sumit
1451 578 1695 649 quisquis
1714 578 1959 648 magistri
1995 593 2089 636 no-

501 680 623 721 men
646 665 938 736 acceperit,
951 667 1077 736 quia
1108 667 1212 725 hoc
1230 668 1553 725 vocabulum
1574 684 1789 741 semper
1806 669 1875 725 de
1894 670 2089 741 peritia

500 756 669 821 venit,
697 763 754 810 et
780 757 835 810 in
863 756 1086 815 nomine
1109 758 1455 827 cognoscitur
1482 759 1611 830 quid
1655 760 1727 816 sit
1752 758 1823 817 de
1848 759 2089 816 moribus

498 849 894 909 aestimandum.
924 850 1008 906 Ad
1031 866 1155 908 eum
1175 853 1431 909 nimirum
1459 854 1645 926 palatii
1672 855 1907 925 pertinet
1931 853 2091 910 disci-

502 939 681 1009 plina;
711 940 827 1011 ipse
847 940 1192 998 insolentium
1227 944 1534 1014 scholarum
1565 955 1595 984 ι
1615 960 1794 1003 mores
1821 945 2091 1016 procello-

502 1046 595 1085 sos
639 1031 1033 1088 moderationis
1059 1048 1171 1089 sua:
1200 1034 1440 1091 terminis
1467 1050 1725 1106 prospere
1768 1035 2089 1092 disserenat.

502 1119 638 1176 Tam
649 1122 800 1177 multi
821 1122 1040 1179 ordines
1062 1124 1178 1180 sine
1192 1123 1519 1182 confusione
1547 1126 1725 1196 aliqua
1753 1140 2083 1196 componun-

504 1225 621 1281 tur;
646 1223 702 1271 et
723 1216 843 1287 ipse
867 1217 1096 1273 sustinet
1124 1220 1261 1273 onu’s
1285 1218 1548 1287 omnium,
1570 1216 1720 1288 quod
1749 1217 1915 1274 habet
1936 1216 2092 1272 turba

504 1305 814 1360 discretum.
843 1304 932 1361 Sic
953 1305 1182 1362 nominis
1200 1306 1282 1361 sui
1302 1306 1565 1377 gravitate
1589 1305 1920 1378 perfunctus,
1937 1314 2096 1362 ornat

506 1397 713 1452 actibus
733 1398 1111 1469 principatum.
1137 1400 1243 1458 Per
1261 1417 1384 1457 eum
1404 1412 1625 1458 senator
1653 1402 1873 1459 veniens
1897 1400 2097 1458 nostris

504 1500 860 1560 praesentatur
885 1494 1195 1562 obtutibus;
1221 1495 1478 1552 admonet
1510 1496 1800 1569 trepidum,
1822 1494 2099 1567 componit

509 1584 841 1653 loquentem,
862 1600 955 1640 sua
977 1587 1272 1656 quinetiam
1296 1589 1455 1643 verba
1484 1588 1626 1643 solet
1647 1590 1979 1654 inserere,ut
1999 1601 2098 1641 nos

506 1673 764 1729 decenter
789 1675 969 1731 omnia
989 1676 1283 1734 debeamus
1304 1678 1508 1735 audire.
1525 1678 1787 1750 Aspectus
1815 1679 1929 1748 regi
1953 1676 2096 1733 haud

498 1761 708 1830 irritus,
739 1766 1039 1834 promissor
1063 1767 1442 1825 collocutionis
1469 1778 1688 1838 nostrze,
1718 1768 1983 1840 gloriosus
2007 1768 2099 1824 do-

1743 353 1815 413 Μ.
1858 353 2136 411 Αυιιειιι
2173 356 2570 418 CASSIODORI

3691 356 3795 415 688

2108 476 2158 536 Α
2185 488 2306 528 mus
2332 473 2451 543 ejus
2476 474 2782 546 praesidium
2801 475 2895 547 qui
2907 474 3065 532 nobis
3082 482 3307 547 praestat
3329 473 3492 533 ﬁdele
3509 474 3790 541 solatium.

2184 563 2340 621 lianc
2364 567 2527 635 igitur
2548 567 2884 637 dignitatem,
2916 575 2999 623 tot
3019 566 3189 639 titulis
3206 566 3432 632 claram,
3456 574 3544 622 tot
3569 564 3797 635 insigni-

2187 655 2290 712 bus
2317 658 2651 728 opulentam,
2680 673 2779 731 per
2803 658 3154 714 indictionem
3182 657 3353 727 illam,
3381 657 3798 726 gubernandam

2188 746 2305 812 tibi,
2334 761 2570 818 congrua
2590 748 2872 817 gravitate,
2894 748 3302 814 committimus,
3348 757 3411 803 ut
3441 748 3631 803 omnia
3677 761 3800 818 qua:

2188 835 2438 904 gesseris,
2467 837 2724 907 magister
2749 835 2945 892 fecisse
2971 835 3210 892 videaris
3241 830 3259 889 Ξ
3287 835 3417 905 quia
3462 835 3601 890 nihil
3626 834 3802 890 mori-

2189 926 2292 982 bus
2317 926 2590 983 residuum
2617 927 2962 999 relinquitur,
2987 927 3035 984 si
3052 926 3227 999 (quod
3253 925 3419 999 absit)
3440 943 3473 983 a
3496 934 3652 983 tanta
3681 942 3802 983 ma-

2193 1016 2413 1072 turitate
2433 1025 2709 1086 peccetur.

2292 1126 2399 1183 Vll.
2431 1143 2676 1184 roauuu
2704 1145 2977 1186 δοκι-τινε
3000 1145 3277 1186 sscnsuuu
3300 1144 3695 1187 uast'rtozsuu.

2262 1217 2427 1275 Grata
2451 1229 2577 1276 sunt
2596 1221 2818 1278 omnino
2846 1222 3067 1279 nomina
3091 1237 3215 1292 qua:
3236 1221 3525 1293 designant
3545 1222 3802 1293 protinus

2195 1308 2435 1365 actiones
2454 1352 2470 1379 ,
2499 1311 2717 1380 quando
2746 1318 2863 1367 tota
2900 1311 3220 1383 ambiguitas
3267 1312 3527 1368 audiendi
3567 1313 3801 1378 tollitur,

2196 1398 2286 1452 ubi
2314 1397 2368 1453 in
2399 1394 2661 1455 vocabulo
2682 1400 3023 1456 concluditur
3048 1401 3178 1471 quid
3193 1409 3435 1471 geratur.
3459 1403 3635 1458 Donis
3654 1404 3803 1458 enim

2195 1489 2487 1558 praesidere
2513 1490 2782 1560 regalibus
2797 1491 3107 1547 comitivam
3135 1506 3419 1548 sacrarum
3446 1493 3804 1562 largitionum

2197 1579 2392 1635 indicia
2419 1595 2603 1636 rerum
2651 1581 2818 1636 verba
2846 1589 3135 1638 testantur.
3174 1581 3333 1650 Quod
3359 1597 3493 1639 vere
3516 1583 3802 1650 decorum,

2184 1684 2325 1725 vere
2336 1668 2434 1724 fuit
2454 1669 2782 1727 omnimodis
2800 1672 3148 1744 exquisitum,
3166 1673 3222 1728 in
3243 1672 3517 1730 donorum
3537 1675 3806 1743 regalium
3913 1690 3917 1694 ’

2197 1766 2352 1832 parte
2375 1767 2767 1830 sequestratam
2798 1759 2977 1818 lacere
3003 1761 3344 1830 dignitatem,
3364 1769 3423 1818 et
3444 1763 3682 1818 alterius
3707 1763 3808 1819 ho.

498 1860 669 1909 pater
693 1855 852 1912 aulici
881 1857 1210 1925 consistorii,
1238 1859 1392 1929 quasi
1446 1860 1665 1930 quidam
1715 1858 2095 1927 lucifer;'nam

2200 1866 2385 1908 norem
2412 1851 2613 1919 dicere,
2643 1851 2772 1907 dum
2799 1866 2900 1909 nos
2925 1860 3140 1909 constet
3160 1853 3302 1909 dona
3323 1853 3602 1911 conferre.
3638 1856 3810 1912 Actus

496 1945 650 2001 sicut
669 1945 760 2002 ille
781 1954 1064 2003 venturum
1087 1948 1230 2006 diem
1258 1952 1545 2021 promittit,
1560 1951 1639 2008 sic
1666 1952 1769 2008 iste
1790 1951 2101 2008 desideran-

506 2036 657 2093 tibus
699 2037 879 2093 vultus
928 2047 1128 2094 nostrae
1174 2041 1484 2097 serenitatis
1507 2042 1771 2098 attribuit.
1803 2040 2101 2098 Causarum

506 2133 774 2197 praeterea
822 2128 1116 2184 maximum
1172 2130 1385 2200 pondus
1411 2129 1465 2185 in
1507 2129 1625 2202 ejus
1651 2130 2100 2204 audientite[Ac.,

510 2217 771 2291 audaciai]
793 2216 988 2275 finibus
1007 2220 1211 2291 optima
1230 2221 1524 2277 securitate
1545 2222 1877 2293 reponimus,
1906 2230 1973 2277 ut
1986 2222 2103 2291 ejus

510 2310 656 2365 curis
677 2309 921 2367 ﬁdelibus
946 2311 1232 2379 sublevati,
1264 2311 1589 2370 utilitatibus
1609 2313 1840 2385 publicis
1867 2313 2102 2369 vivacius

509 2388 857 2472 occupemur.
882 2401 910 2442 δ
940 2403 1273 2460 Veredorum
1297 2405 1595 2476 quinetiam
1619 2413 1981 2478 opportunam
2011 2421 2106 2463 ve-

498 2491 808 2561 locitatem,
846 2508 1077 2564 quorum
1105 2502 1279 2550 status
1314 2510 1531 2567 semper
1568 2495 1623 2551 in
1652 2511 1815 2552 cursu
1845 2504 1948 2563 est,
1978 2496 2103 2553 dili-

509 2584 703 2654 gentia:
724 2600 835 2641 sua:
861 2585 1200 2642 districtione
1227 2587 1481 2653 custodit,
1507 2594 1569 2642 ut
1590 2587 1984 2643 sollicitudines
2012 2603 2105 2643 no-

506 2683 670 2742 stras,
695 2690 833 2745 quas
859 2676 1089 2731 consilio
1103 2676 1275 2745 juvat,
1306 2674 1573 2732 beneficio
1601 2675 1896 2732 celeritatis
1936 2690 2105 2748 expe-

511 2766 643 2820 diat.
674 2764 779 2821 Per
805 2760 929 2822 eum
954 2766 1154 2822 exteris
1174 2767 1421 2836 gentibus
1449 2765 1518 2822 ad
1537 2766 1752 2822 laudem
1768 2766 1978 2838 reipub.
2005 2781 2105 2823 no-

512 2864 641 2910 stra:
671 2854 839 2930 [Cor.,
892 2853 1070 2924 Gam.,
1103 2855 1307 2929 nostra]
1338 2855 1620 2912 ordinatur
1666 2857 2004 2924 humanitas;
2047 2864 2105 2914 et

512 2946 761 3003 nolentes
787 2947 1035 3014 redeunt,
1062 2963 1200 3019 quos
1220 2958 1493 3005 merentes
1521 2948 1816 3020 exceperit.
1845 2946 1952 3005 Per
1978 2963 2103 3004 eum

510 3036 710 3107 quippe
739 3037 894 3094 nobis
920 3037 1239 3107 legatorum,
1267 3038 1513 3108 quamvis
1536 3037 1926 3101 festinantium,
1966 3052 2103 3108 prte-

513 3131 793 3187 nuntiatur
813 3131 1074 3187 adventus
1106 3150 1120 3185 :
1153 3146 1249 3202 per
1273 3146 1397 3187 eum
1427 3130 1662 3187 nominis
1682 3129 1821 3202 [Jun
1851 3130 1974 3203 legit
2002 3146 2104 3187 nu-

510 3221 691 3295 minis]
720 3223 889 3279 nostri
916 3221 1219 3279 destinatur
1246 3221 1494 3288 evectio;
1525 3228 1582 3279 et
1609 3222 1699 3279 isti
1734 3222 2107 3294 principaliter

510 3314 769 3382 creditur,
813 3305 966 3384 quod
1011 3323 1124 3370 tam
1170 3314 1535 3371 necessarium
1581 3327 1701 3371 esse
1728 3314 1978 3370 sentitur.
2011 3313 2107 3370 llis

511 3403 675 3459 etiam
697 3403 975 3461 laboribus
993 3405 1272 3461 aestimatis
1296 3412 1623 3477 potestatem
1662 3404 1955 3460 maximam
1976 3405 2105 3463 huic

511 3495 755 3555 decrevit
780 3496 1088 3566 antiquitas,
1112 3505 1172 3553 ut
1210 3513 1369 3554 nemo
1390 3497 1628 3569 judicum
1655 3513 1756 3569 per
1796 3498 2106 3569 provincias

514 3585 690 3643 fasces
743 3596 1064 3656 assumeret,
1095 3588 1199 3645 nisi
1237 3588 1344 3646 hoc
1371 3596 1427 3646 et
1474 3588 1589 3660 ipse
1610 3587 1729 3647 ﬁeri
1754 3589 2101 3648 decrevisset.

502 3673 764 3732 Subdidit
791 3677 909 3748 ejus
929 3678 1151 3735 arbitrio
1172 3678 1346 3735 aliena
1366 3679 1588 3751 judicia,
1618 3688 1680 3736 ut
1705 3680 1773 3736 ad
1801 3679 1976 3753 ipsum
2012 3696 2104 3738 re-

501 3767 653 3824 diret
666 3769 811 3838 quod
833 3770 971 3826 alter
988 3770 1135 3826 visus
1149 3778 1234 3825 est
1244 3770 1577 3840 praestitisse.
1595 3769 1869 3828 Molestias
1887 3771 2104 3842 quidem

516 3874 625 3915 non
644 3858 818 3916 habet
847 3860 1121 3931 exigenda:
1168 3861 1437 3932 pecunias,
1467 3860 1563 3918 sed
1591 3870 1779 3934 aperte
1804 3862 1953 3919 bono
1979 3862 2106 3918 frui-

495 3960 605 4007 ‘tur
628 3952 913 4023 potestatis
934 3952 1141 4024 adeptae
1162 3950 1335 4027 [GruL
1366 3958 1416 4008 et
1442 3952 1585 4025 ϐαίη
1608 3952 1918 4027 indemptaa]
1947 3972 1962 4009 :
1992 3969 2106 4011 cre-

506 4042 607 4108 ‘do,
631 4050 690 4097 ut
714 4057 782 4098 ex
810 4043 1037 4101 diversis
1057 4043 1229 4099 titulis
1248 4040 1605 4106 deﬂoraretnr
1631 4044 1866 4115 dignitas
1916 4044 1986 4100 ad
2033 4045 2105 4100 le-

485 4148 707 4189 ‘vamen
732 4134 992 4207 principis
1013 4131 1698 4206 instituta.Per:equatores
1717 4135 1879 4190 etiam
1905 4136 2106 4192 victus-

494 4224 645 4279 :lium
674 4241 854 4280 rerum
883 4227 939 4281 in
970 4227 1103 4284 urbe
1131 4229 1278 4297 regia
1327 4226 1545 4297 propria
1574 4226 1855 4282 voluntate
1906 4227 2106 4283 consti-

479 4316 633 4378 stuit,
667 4324 727 4371 et
754 4325 859 4370 tam
884 4318 1206 4373 necessaria:
1233 4319 1312 4373 rei
1327 4317 1564 4387 judieem
1604 4316 1754 4374 facit.
1784 4316 1906 4388 Ipse
1957 4318 2102 4373 enim
2140 4339 2146 4343 ι

484 4405 764 4474 .gaudium
818 4407 1049 4477 pepulis,
1089 4408 1205 4479 ipse
1243 4408 1440 4464 nostris
1484 4408 1826 4480 temporibus
1880 4418 2104 4480 praestat

476 4536 497 4547 ..
513 4506 788 4563 ornatum,
810 4500 1035 4569 quando
1064 4500 1199 4557 tales
1227 4500 1374 4557 viros
1401 4501 1573 4572 copia:
1599 4500 1827 4572 publica
1854 4500 2121 4572 praeﬁcit,

2200 1942 2481 2009 innocens,
2527 1942 2748 2013 pietatis
2798 1941 3057 2009 officium,
3100 1943 3235 2000 illud
3278 1960 3500 2017 semper
3528 1946 3808 2016 ingerere,

2199 2032 2344 2090 unde
2365 2048 2425 2089 se
2453 2032 2594 2088 fama
2616 2033 2877 2105 principis
2903 2035 3078 2105 possit
3105 2050 3327 2106 augere.
3358 2036 3663 2107 Regalibus
3688 2054 3809 2093 ma-

2200 2136 2305 2192 gna
2342 2121 2588 2194 profecto
2643 2123 2872 2181 felicitas
2925 2125 3159 2182 militare
3185 2127 3365 2195 donis,
3395 2135 3453 2184 et
3479 2124 3813 2197 dignitatem

2199 2212 2403 2269 habere
2425 2213 2493 2269 de
2517 2213 2730 2285 publica
2756 2214 3025 2285 largitate.
3042 2215 3147 2271 Alii
3171 2215 3385 2285 judices
3415 2217 3815 2290 obtemperant

2199 2308 2432 2365 residuis
2453 2309 2741 2367 virtutibus
2770 2311 3108 2380 regnatoris;
3139 2311 3257 2368 haec
3284 2312 3402 2369 sola
3429 2322 3513 2376 est
3537 2328 3665 2384 quae
3690 2322 3814 2371 tan-
3922 2308 3923 2361 ἲ

2201 2398 2483 2456 tummodo
2510 2400 2710 2456 serviat
2749 2400 2817 2456 ad
2846 2409 3121 2457 momenta
3169 2402 3411 2473 pietatis.
3456 2402 3610 2460 Nihil
3663 2407 3817 2462 enim

2201 2504 2302 2561 per
2320 2488 2492 2561 ipsam
2519 2489 2824 2547 districtum
2870 2492 3093 2562 geritur,
3126 2490 3203 2548 nil
3229 2509 3481 2550 severum
3507 2496 3655 2553 forte
3681 2513 3816 2553 cen-

2202 2588 2385 2648 setur;
2413 2581 2507 2637 sed
2537 2588 2665 2637 tunc
2693 2582 3027 2652 obsequitur,
3079 2585 3296 2656 quando
3344 2601 3446 2657 pro
3475 2588 3641 2644 nobis
3683 2599 3818 2646 vota

2201 2667 2516 2725 funduntur.
2544 2670 2860 2742 Supplicum
2888 2686 2985 2743 per
3010 2680 3066 2728 te
3094 2673 3339 2730 fortunas
3380 2676 3674 2745 erigimus,
3710 2680 3818 2735 cal.

2200 2756 2468 2815 Januariis
2492 2759 2693 2816 affatim
2738 2760 2880 2817 dona
2928 2763 3203 2833 largimur,
3236 2772 3293 2821 et
3343 2765 3531 2821 laetitia
3580 2769 3817 2837 publica

2203 2851 2394 2907 militia
2422 2859 2518 2907 tua
2565 2860 2667 2908 est.
2708 2851 2912 2909 Verum
2943 2851 3086 2911 hanc
3128 2854 3513 2912 liberalitatem
3565 2869 3819 2914 nostram

2204 2941 2312 2997 alio
2331 2942 2558 2999 decoras
2585 2943 2868 3014 obsequio,
2901 2952 2963 3000 ut
2990 2942 3161 3015 figura
3189 2947 3370 3004 vultus
3406 2950 3582 3005 nostri
3614 2951 3818 3008 metal-

2201 3035 2271 3091 lis
2296 3034 2935 3107 usualibusimprimatur,
2950 3047 3336 3110 monetamque
3357 3040 3493 3097 facis
3516 3042 3587 3098 de
3607 3046 3821 3102 nostris

2204 3128 2539 3199 temporibus
2568 3126 2748 3184 futura
2776 3129 2970 3186 saecula
2998 3145 3369 3189 commonere.
3410 3134 3458 3189 0
3484 3149 3693 3206 magna
3738 3139 3823 3193 in-

2129 3207 2176 3271 C
2206 3226 2370 3275 venta
2393 3219 2751 3289 prudentum!
2778 3235 2811 3276 o
2838 3220 3127 3283 laudabilia
3150 3215 3396 3300 instituta
3419 3226 3735 3297 majorum!
3762 3236 3821 3286 ut
3922 3218 3923 3229 “

2203 3317 2260 3366 et
2287 3310 2465 3380 imago
2489 3310 2791 3382 principmu
2824 3311 3101 3381 subjectos
3122 3314 3402 3373 videretur
3441 3334 3682 3391 pascere
3719 3338 3821 3394 per

2202 3399 2613 3477 commercium,
2643 3416 2873 3472 quorum
2902 3403 3127 3460 consilia
3176 3405 3459 3477 invigilare
3486 3425 3602 3467 non
3663 3412 3820 3471 desi-

2202 3499 2339 3549 nunt
2360 3506 2461 3564 pro
2487 3491 2662 3548 salute
2687 3500 3025 3550 cunctorum.
3059 3494 3169 3551 Sed
3187 3496 3338 3563 huic,
3367 3505 3430 3553 ut
3450 3498 3528 3555 ita
3548 3499 3819 3572 dixerim,

2202 3583 2522 3639 numerariis
2541 3583 2805 3653 dignitati,
2827 3600 3132 3656 praeconem
3161 3574 3430 3660 largitatis
3460 3600 3691 3661 nostrae,
3716 3610 3823 3665 pu-
3922 3596 3923 3621 ‘

2200 3672 2356 3730 blica:
2382 3672 2649 3731 felicitatis
2694 3674 2968 3741 indicium,
2992 3676 3171 3734 locum
3208 3693 3432 3751 quoque
3458 3683 3822 3753 primiceria-
3922 3742 3923 3757 χ

2202 3773 2291 3821 tus
2310 3763 2667 3835 adjungimus,
2696 3773 2755 3822 ut
2774 3781 2878 3839 per
2901 3774 2957 3823 te
2981 3767 3172 3826 demus
3205 3769 3464 3840 honores,
3513 3788 3619 3845 per
3647 3791 3823 3847 quem

2204 3864 2260 3913 et
2285 3861 2485 3933 nostra:
2528 3856 2769 3926 pecunia:
2835 3856 3162 3916 conlerimus
3210 3859 3514 3933 largitates.
3569 3865 3779 3923 Merito
3803 3909 3822 3937 ,

2202 3947 2418 4018 quando
2441 3954 2498 4004 et
2523 3947 2684 4004 simili
2711 3949 2884 4019 gratia
2905 3956 3135 4021 utraque
3160 3960 3509 4023 praestantur,
3540 3965 3600 4012 et
3621 3958 3697 4014 ab
3712 3974 3822 4015 uno

2204 4038 2507 4095 debuerunt
2525 4037 2706 4108 judice
2733 4039 2848 4109 geri
2875 4053 2996 4110 qua:
3015 4041 3171 4111 parili
3202 4042 3459 4100 videntur
3487 4047 3663 4106 laude
3684 4065 3823 4107 eon-

2200 4130 2372 4202 jungi.
2402 4128 2599 4185 Parum
2626 4138 2710 4188 est
2756 4139 2938 4187 autem
2964 4132 3111 4202 quod
3138 4135 3547 4205 provinciarum
3599 4140 3823 4209 judices

2205 4231 2310 4278 tua:
2357 4220 2671 4292 subjaceant
2713 4222 2958 4292 dignitati
3005 4240 3019 4276 :
3070 4223 3203 4295 ipsis
3230 4240 3453 4297 quoque
3485 4232 3825 4299 proceribus

2203 4314 2512 4370 chartarum
2559 4313 2848 4370 confirmas
2876 4311 3134 4380 omcium,
3165 4315 3294 4371 dum
3348 4320 3666 4388 perfectum
3712 4339 3823 4380 non
3922 4362 3923 4387 ι

2204 4403 2447 4460 creditur
2471 4404 2570 4462 nisi
2600 4420 2631 4459 a
2659 4411 2714 4460 te
2742 4406 2903 4461 fuerit
2941 4420 3039 4476 pro
3067 4406 3412 4465 solemnitate
3443 4414 3824 4484 completum.
3922 4410 3923 4484 ἢ

2207 4494 2381 4552 Vestis
2417 4509 2634 4565 quoque
2680 4510 2833 4552 sacra
2882 4496 2978 4551 tibi
3019 4498 3316 4569 antiquitus
3364 4503 3624 4559 noscitur
3651 4505 3826 4562 fuisse

484 4595 574 4642 snt
595 4587 746 4658 plebs
775 4589 997 4659 querula
1036 4590 1353 4646 seditionem
1383 4591 1589 4647 nesciat
1634 4591 1837 4648 habere
1880 4593 2097 4648 satiata.
2128 4593 2175 4653 ι)
2198 4590 2507 4654 commissa.
2541 4598 2600 4645 ut
2619 4589 2876 4659 quidquid
2905 4590 2974 4645 ad
3000 4590 3348 4660 splendorem
3388 4608 3591 4663 regum
3645 4600 3827 4668 perti-

511 4674 757 4733 Ofticium
785 4693 916 4736 vero
941 4678 1055 4749 ejus
1076 4688 1224 4736 tanta
1250 4682 1392 4752 genii
1414 4683 1766 4752 praerogativa
1791 4682 2097 4753 decoratur,

482 4778 573 4823 rut
620 4769 824 4824 militiae.
877 4771 1188 4841 perfunctus
1232 4774 1564 4842 muneribus,
1607 4782 1832 4831 ornetur
1884 4777 2102 4833 nomine

482 4909 489 4916 .
512 4858 864 4930 principatus,
893 4860 1142 4931 miroque
1167 4862 1499 4919 modosinter
1524 4863 1876 4934 praetorianas
1900 4864 2100 4921 cohor-

483 4959 596 5005 vtes
620 4958 676 5006 et
704 4951 921 5007 urbane
946 4951 1275 5022 praefectura:
1303 4953 1804 5011 militesvvideantur
1831 4955 2101 5013 invenisse

489 5040 865 5110 ,primatum,'a
883 5042 1075 5111 quibus
1098 5043 1414 5099 tibi‘bumile
1432 5043 1742 5099 solvebatur
1757 5045 2098 5116 obsequium.

485 5131 602 5188 .Sic
621 5133 879 5189 infavore
907 5133 1085 5202 magni
1108 5134 1331 5192 honoris
1359 5133 1619 5204 injustitia
1643 5136 1889 5206 quaedam
1917 5152 1948 5191 a
1974 5136 2102 5206 legi-

498 5222 612 5278 =bus
631 5223 796 5289 venit,
826 5223 951 5277 dum
984 5223 1172 5279 alienis
1199 5225 1439 5281 excubiis
1476 5226 1838 5296 przeponitur,
1854 5226 1946 5296 qui
1974 5227 2099 5283 alibi

503 5314 768 5372 militasse
805 5314 1128 5370 declaratur.
1153 5315 1381 5385 Adjutor
1418 5317 1582 5372 etiam
1635 5316 1875 5384 magistri
1902 5319 2099 5373 nostris

511 5412 869 5476 praesentatur
889 5404 1185 5473 obtutibus,
1201 5413 1261 5461 ut
1281 5405 1479 5462 vicaria
1500 5414 1647 5464 sorte
1667 5404 1911 5465 beneficii
1934 5407 2100 5479 eliga-

512 5559 775 5685 ηέἔίιίρ
786 5560 938 5630 leges
963 5562 1065 5618 sub
1086 5562 1241 5618 titulo
1254 5562 1335 5619 De
1358 5565 1642 5638 privilegiis
1669 5565 1983 5623 scholarum.
2004 5566 2099 5623 Ju-

660 5648 707 5685 S.

587 5701 619 5779 ιι.
637 5699 956 5785 Evectiones
981 5701 1502 5785 datura-principe,
1508 5706 1598 5760 vel
1619 5722 1650 5760 a
1679 5705 1932 5785 ppefectq
1958 5723 2097 5785 prie:

504 5770 681 5857 {oi-io,
705 5771 1071 5857 veimagistro
1092 5770 1393 5857 ofﬁciorum
1409 5770 1426 5828 Ξ
1438 5777 1506 5829 ad
1527 5790 1625 5830 eos
1642 5770 1936 5857 referturgi
1960 5770 2095 5857 'quid

515 5839 694 5893 minus
722 5839 960 5910 legitime
998 5842 1061 5900 in
1110 5844 1419 5915 usurpando
1458 5860 1622 5903 cursu
1648 5846 1861 5917 publico
1887 5839 2095 5902 factum

2204 4689 2317 4746 net,
2366 4681 2471 4737 tuis
2498 4696 2606 4736 non
2655 4681 2831 4736 minus
2856 4679 3290 4739 ordinationibus
3329 4684 3613 4744 obediret.
3648 4688 3828 4746 Curas

2202 4786 2418 4843 quoque
2445 4771 2687 4827 littorum
2725 4771 3021 4828 adventitia
3049 4772 3184 4828 lucri
3204 4775 3530 4843 provisione
3558 4785 3830 4839 commit-

2202 4864 2292 4918 tis.
2321 4862 2714 4932 Negotiatores,
2753 4864 2905 4936 101
2946 4878 3084 4934 quos
3112 4865 3365 4921 humana;
3420 4867 3552 4924 vitae
3602 4883 3832 4929 constat
3922 4912 3923 4923 χ

2202 4954 2555 5021 necessarios,
2587 4953 2714 5008 huic
2744 4954 3000 5025 potestati
3030 4955 3376 5011 manifestum
3416 4968 3505 5013 est
3527 4975 3664 5020 esse
3694 4966 3829 5021 sul,-

2197 5045 2391 5117 jectos.
2422 5045 2556 5101 Nam
2602 5046 2858 5116 quidquid
2889 5047 2943 5101 in
2971 5047 3231 5114 vestibus,
3271 5048 3541 5121 quidquid
3574 5053 3633 5110 in
3689 5071 3824 5123 :ere,

2202 5136 2461 5208 quidquid
2490 5138 2543 5192 in
2573 5144 2821 5207 argento,
2843 5137 3107 5208 quidquid
3126 5139 3180 5194 in
3203 5142 3437 5208 gemmis
3458 5146 3704 5203 ambitio
3729 5148 3831 5203 hu-

2201 5241 2361 5281 mana
2390 5235 2572 5297 potest
2597 5225 2802 5282 habere
2839 5227 3158 5298 pretiosum,
3214 5230 3321 5286 tuis
3368 5233 3833 5295 ordinationibus

2162 5338 2165 5341 ·
2202 5318 2531 5373 obseeundat
2556 5333 2572 5385 ;
2602 5324 2659 5372 et
2685 5317 2751 5373 ad
2773 5316 3037 5387 judicium
3072 5326 3224 5375 tuum
3270 5322 3567 5382 confluunt
3610 5330 3715 5401 qui
3764 5330 3833 5386 de

2201 5408 2459 5466 extremis
2481 5408 2664 5465 mundi
2690 5408 2931 5481 partibus
2948 5409 3236 5469 advenere.
3248 5411 3392 5471 Salis
3411 5430 3647 5489 quoque
3667 5437 3832 5478 cm

2199 5566 2289 5622 sit.
2323 5566 2383 5643 L_.
2418 5570 2471 5635 ὅ,
2496 5568 2565 5643 C._
2588 5569 2667 5625 De
2694 5587 2850 5626 cursu
2878 5572 3082 5643 publica
3105 5587 3124 5625 :
3156 5571 3360 5631 idcirco
3388 5589 3501 5630 non
3533 5579 3751 5636 mirum
3785 5584 3832 5637 si

2198 5639 2510 5711 evectiones
2536 5639 2694 5711 dant;
2726 5639 3042 5711 praesidibus
3074 5652 3261 5698 autem
3299 5644 3613 5703 da'ndarum
3660 5667 3832 5707 evec-

2198 5707 2404 5793 tipnum
2436 5707 2793 5793 facultasnnon
2825 5720 2925 5777 est,
2943 5720 3017 5793 _ut
3040 5728 3166 5793 nov.
3197 5713 3390 5784 Major.
3422 5714 3506 5770 De
3527 5735 3710 5793 cursu
3734 5744 3835 5793 pu-

2197 5775 2368 5907 ἓιὲιέἒέ
2412 5780 2513 5836 nisi
2541 5781 2882 5853 publicarum
2915 5775 3299 5866 'functionum'
3331 5775 3827 5857 pr‘osecutoribiis.
3918 5775 3924 5925 ‘

2244 5862 2388 5907 aoss.
3109 5861 3115 5866 ’
