3974 6402
187 361 307 421 689·

1485 355 1849 417 VARIARUM
1888 350 2091 413 LIBER
2134 354 2217 410 Vl.

3385 352 3502 409 690

189 480 456 538 mercium
484 476 629 536 inter
643 484 824 536 vestes
850 475 1054 534 sericas
1078 482 1136 533 et
1165 474 1615 548 pretiosissimam
1641 490 1790 531 mar-
1813 488 1859 542 Α
1895 470 2279 538 aestimatione,
2325 467 2631 536 discrevit,
2681 468 2808 540 quia
2856 464 3018 538 longe
3067 467 3216 526 aliud
3265 468 3496 528 debetur

189 573 422 645 garitam
470 586 580 627 non
618 571 802 641 inepte
826 569 924 625 tibi
963 568 1242 642 deputavit
1268 568 1585 638 antiquitas,
1614 575 1677 623 ut
1693 568 1788 624 sa-

191 663 452 736 pientiam
475 672 625 719 tuam
646 662 928 719 evidenter
955 660 1286 727 ostenderet,
1318 660 1406 716 cui
1433 660 1557 716 talis
1582 660 1796 731 species

189 754 451 825 deputata
479 753 732 809 serviret.
763 751 1110 822 Quapropter
1150 765 1249 822 per
1272 749 1420 806 illam
1443 750 1793 806 indictionern

189 845 463 902 comitiva:
484 859 767 900 sacrarum
790 852 848 899 et
887 843 1285 913 primiceriatus
1326 842 1422 898 tibi
1466 841 1796 898 conferimus

191 935 506 1005 dignitates,
528 941 590 990 ut
616 934 802 990 multis
822 933 1071 989 laudibus
1092 932 1344 989 decorari
1366 932 1563 1003 possis,
1578 931 1672 1000 qui
1694 931 1796 987 ho-

192 1041 392 1083 norum
424 1025 811 1082 numerositate
837 1024 1201 1095 praecingeris.
1217 1021 1569 1094 Uterejgitur
1594 1021 1795 1077 solem-

194 1115 342 1171 uiter
364 1114 535 1172 titulis
575 1115 719 1181 tuis;
746 1121 806 1169 et
822 1113 871 1168 si
890 1112 1022 1182 quid
1042 1112 1141 1168 tibi
1168 1112 1237 1169 de
1265 1110 1501 1182 antiquo
1512 1110 1797 1182 privilegio

192 1221 326 1262 usus
350 1205 592 1271 abstulit,
618 1203 851 1275 plurima
869 1210 1020 1260 uerte
1048 1216 1171 1273 quae
1196 1201 1474 1258 vindicare
1492 1199 1691 1256 debeas
1709 1198 1801 1256 de—

194 1296 431 1367 reliquit,
461 1295 682 1366 quando
710 1294 943 1351 duarum
967 1293 1290 1363 dignitatum
1317 1291 1553 1361 gloriosa
1577 1289 1797 1360 quidem

193 1389 532 1455 cura,sedet
549 1388 819 1445 laboriosa
847 1386 1095 1443 custodia
1122 1393 1365 1455 est,quai
1394 1383 1489 1440 tibi
1516 1383 1797 1456 copiosum

196 1481 430 1538 fructum
449 1480 663 1537 decoris
682 1478 939 1547 aderunt,
967 1479 1014 1537 si
1039 1478 1225 1551 probis
1251 1476 1494 1534 moribus
1532 1476 1801 1534 excoluit-

198 1579 310 1627 tur.

344 1734 351 1739 δ
451 1662 587 1720 Vill.
617 1676 864 1719 rentum
893 1676 1164 1719 cont-ms
1191 1674 1557 1717 nivarium.

268 1752 539 1810 Cnmitiva
567 1754 896 1826 privatarum
912 1792 931 1819 ,
956 1753 1095 1810 sicut
1115 1752 1349 1809 nominis
1370 1751 1537 1822 ipsius
1563 1751 1799 1808 sentitur

1892 560 2229 633 proximitati
2258 568 2467 615 natura:
2492 574 2657 631 quam
2695 558 2965 630 corporali
2994 574 3279 632 possumus
3313 560 3493 617 indul-

1891 667 2021 722 gere
2046 651 2299 708 licentiae.
2327 650 2530 708 Contra
2552 650 2654 707 hos
2674 650 2889 720 eligeris
2912 650 3104 709 unicus
3125 659 3183 708 et
3208 653 3502 710 continens

1893 741 2203 813 inquisitor,
2252 750 2316 797 ut
2340 741 2466 797 dum
2500 740 2628 797 talia
2666 740 2867 812 probra
2895 743 3263 815 persequeris,
3299 758 3499 801 conse-

1894 835 2079 906 quaris
2105 834 2377 905 praeconia
2405 833 2693 890 castitatis.
2723 833 2751 873 δ
2784 831 3171 907 Defunctorum
3198 835 3504 905 quinetiam

1894 941 2107 983 sacram
2132 926 2369 997 quietem
2392 926 2677 997 aequabilis
2693 925 2817 998 jura
2841 933 2945 983 tute
2965 926 3314 983 conscientia)
3340 943 3501 985 com-

1895 1018 2190 1085 miserunt,
2244 1034 2315 1076 ne
2379 1019 2503 1089 quis
2566 1019 2762 1076 vestita
2819 1019 3182 1076 marmoribus
3246 1020 3501 1090 sepulcra

1898 1110 2158 1178 nudaret,
2209 1125 2283 1167 ne
2324 1111 2448 1182 quis
2490 1111 2866 1168 columnarum
2894 1111 3150 1169 decorem
3198 1112 3498 1182 irreligiosa

1897 1200 2205 1258 temeritate
2241 1210 2620 1272 praesumeret,
2666 1217 2736 1259 ne
2766 1202 2888 1272 quis
2930 1202 3145 1258 cineres
3171 1201 3379 1258 alienos
3404 1210 3499 1258 aut

1898 1289 2293 1362 longinquitate
2328 1292 2608 1363 temporis,
2653 1300 2750 1349 aut
2775 1292 2959 1350 voraci
2989 1291 3207 1348 ﬂamma
3245 1308 3500 1350 consum-

1898 1389 2045 1454 ptos,
2068 1383 2335 1439 scelerata
2353 1378 2796 1455 perscrutatione
2829 1383 3144 1455 detegeret,
3178 1400 3248 1442 ne
3275 1400 3505 1457 corpus,

1897 1473 2048 1544 quod
2072 1474 2244 1532 semel
2267 1475 2561 1547 reliquerat
2584 1478 2861 1537 molestias
2885 1478 3205 1547 mundanas,
3231 1480 3507 1537 humanas

1900 1563 2098 1621 iterum
2126 1573 2406 1637 pateretur
2433 1568 2677 1626 insidias.
2738 1568 2875 1625 Nam
2920 1570 3029 1625 etsi
3061 1570 3328 1627 cadavera
3355 1569 3504 1627 furta

1900 1671 2013 1714 non
2040 1658 2314 1726 sentimit,
2340 1659 2419 1715 ab
2460 1660 2609 1716 omni
2634 1659 2843 1730 pietate
2892 1660 3104 1716 alienus
3143 1674 3267 1717 esse
3310 1660 3505 1731 digno-

1900 1748 2092 1816 scitur,
2144 1746 2238 1819 qui
2284 1746 2487 1827 aliquid
2527 1748 2766 1805 mortuis
2804 1747 3096 1819 abregasse
3145 1757 3507 1807 monstratur.

198 1843 455 1901 insonare
480 1844 827 1909 vocabulum,
874 1859 978 1916 per
1015 1842 1360 1899 rationalium
1389 1841 1574 1917 [ϐοτη
1605 1840 1756 1897 Gam.
1778 1883 1794 1910 ,
1828 1848 1878 1911 Β
1903 1836 2036 1894 Vide
2063 1851 2185 1908 quae
2214 1836 2310 1894 tibi
2337 1838 2628 1895 commissa
2654 1846 2811 1906 sunt,
2863 1838 3085 1895 castitas
3111 1838 3410 1896 viventium
3447 1848 3507 1897 et

200 1934 603 2009 rationabilem]
631 1951 841 2005 curam,
882 1935 1159 2007 quondam
1204 1935 1508 2007 principum
1536 1936 1802 2006 privatam

202 2024 376 2081 fertur
402 2025 735 2094 gubernasse
763 2023 1140 2081 substantiam.
1188 2022 1256 2080 Et
1280 2025 1407 2095 quia
1431 2024 1628 2095 judicis
1654 2023 1804 2081 fasti-

197 2118 347 2187 gium
377 2129 634 2172 exemere
680 2131 792 2171 non
839 2123 1055 2187 poterat
1085 2115 1228 2172 inter
1265 2116 1515 2173 homines
1543 2117 1803 2173 extremis

201 2204 604 2262 conditionibus
623 2205 932 2273 inclinatos,
959 2205 1099 2262 alios
1120 2220 1339 2277 quoque
1364 2205 1551 2263 titulos
1578 2206 1802 2276 provida

198 2296 595 2354 deliberatione
636 2296 898 2368 suscepit,
947 2311 1018 2353 ne
1043 2297 1277 2369 dignitas
1316 2295 1538 2353 Latialis
1583 2312 1804 2354 causam

200 2397 414 2447 tantum
440 2389 712 2446 videretur
742 2389 944 2447 habere
984 2405 1113 2446 cum
1158 2389 1376 2447 famulis
1406 2407 1420 2444 :
1449 2389 1546 2447 sed
1588 2391 1804 2447 actibus

202 2482 427 2539 urbanis
455 2489 584 2538 tunc
624 2496 690 2539 se
727 2481 937 2539 felicius
976 2481 1296 2553 occupavit,
1327 2489 1615 2553 postquam
1645 2494 1804 2551 agre-

198 2577 366 2634 stium
393 2590 585 2633 causas
612 2575 872 2633 decenter
898 2574 1099 2631 amisit.
1137 2572 1279 2642 Quid
1306 2573 1452 2630 enim
1478 2573 1626 2644 prius
1653 2572 1805 2629 face-

201 2676 330 2724 rent
350 2668 498 2723 inter
512 2682 703 2724 servos
719 2667 841 2737 jura
865 2665 1103 2738 publica,
1129 2665 1223 2735 qui
1241 2673 1267 2703 ι
1286 2679 1579 2736 personam
1599 2663 1807 2734 legibus

206 2776 316 2815 non
363 2758 674 2815 habebant?
722 2757 841 2814 Non
885 2758 961 2813 ibi
1005 2756 1303 2813 advocatus
1339 2755 1560 2822 aderat,
1607 2771 1718 2813 non
1745 2772 1806 2813 se

200 2861 389 2926 partes
433 2851 663 2908 solemni
692 2851 907 2907 actione
951 2849 1260 2921 pulsabant.
1291 2847 1424 2904 Erat
1450 2848 1805 2905 secretarium

204 2944 456 3016 impolita
504 2941 656 3016 [Gr.,
709 2938 1013 3013 impolluta]
1061 2938 1328 2997 seditione
1387 2937 1704 3006 confusum;
1750 2944 1810 2994 et

205 3032 587 3105 appellabatur
623 3032 846 3089 abusive
866 3030 1149 3102 judicium,
1172 3030 1266 3087 ubi
1297 3045 1406 3087 non
1434 3029 1810 3101 allegabantur

205 3142 238 3182 a
280 3125 526 3197 partibus
572 3123 713 3180 dicta
755 3122 1123 3195 prudentium.
1168 3121 1349 3178 Utitur
1394 3136 1542 3179 nunc
1577 3120 1809 3194 dignitas

1901 1931 2171 1988 securitas
2207 1940 2570 1989 mortuorum.
2621 1930 2799 1989 Habes
2827 1946 3046 2003 quoque
3073 1947 3173 2004 per
3200 1932 3512 2004 provincias

1901 2020 1971 2078 de
1998 2021 2346 2094 perpetuario
2369 2021 2496 2093 jure
2524 2021 2853 2079 tributorum
2882 2037 2993 2078 non
3020 2022 3301 2078 minimam
3326 2038 3511 2095 quan-

1903 2113 2132 2170 titatem.
2160 2123 2184 2153 ο
2210 2112 2600 2170 Canonicarios
2622 2113 2826 2185 dirigis,
2855 2128 3200 2185 possessores
3223 2115 3515 2187 admones,

1902 2212 1960 2262 et
2004 2219 2128 2261 cum
2179 2205 2298 2261 aliis
2337 2204 2614 2276 judicibus
2667 2223 2775 2261 non
2825 2207 3035 2264 modica
3084 2207 3209 2279 jura
3264 2209 3511 2280 partiris,

1904 2296 2110 2353 caduca
2138 2297 2282 2353 bona
2313 2312 2422 2354 non
2451 2297 2584 2354 sinis
2613 2310 2735 2353 esse
2766 2298 3036 2353 vacantia.
3066 2297 3144 2353 Ita
3172 2298 3319 2368 quod
3349 2313 3510 2355 usur~

1904 2389 2053 2461 patio
2083 2389 2258 2461 potuit
2287 2388 2564 2454 invadere,
2613 2397 2671 2445 tu
2700 2388 2887 2447 iiscum
2919 2398 3161 2445 nostrum
3191 2388 3323 2446 facis
3344 2391 3516 2461 justis

1904 2482 2241 2553 compendiis
2278 2482 2545 2539 obtinere.
2591 2481 2877 2540 Proximos
2919 2481 3304 2538 defunctorum
3347 2482 3515 2538 nobis

1905 2568 1933 2609 ἀ
1965 2571 2212 2642 legaliter
2259 2572 2572 2643 anteponis,
2628 2572 2756 2643 quia
2811 2573 2865 2627 in
2920 2572 3026 2630 hoc
3069 2588 3199 2629 casu
3251 2573 3518 2645 principis

1906 2681 2146 2738 persona
2201 2673 2328 2737 post
2382 2681 2575 2723 omnes
2619 2674 2703 2721 est
2734 2683 2748 2720 :
2778 2664 2876 2722 s'ed
2921 2665 3052 2722 hine
3100 2673 3350 2737 Optamus
3400 2681 3519 2721 non

1908 2760 2214 2831 acquirere,
2243 2759 2539 2816 dummodo
2576 2760 2687 2816 sint
2724 2759 2815 2829 qui
2840 2759 3029 2816 relicta
3074 2758 3308 2815 debeant
3336 2759 3517 2830 possi-

1906 2852 2056 2909 dere.
2086 2861 2112 2891 ο
2137 2851 2473 2923 Depositivm.
2484 2867 2704 2923 quoque
2729 2851 3000 2922 pecuniae,
3022 2866 3143 2922 quae
3171 2851 3331 2922 longa
3360 2861 3512 2908 vetu-

1908 2951 2050 3000 state
2078 2952 2452 3013 competentes
2499 2942 2750 3000 dominos
2790 2944 3109 3011 amiserunt,
3163 2943 3521 3014 inquisitione

1910 3040 2003 3088 tua
2033 3033 2231 3088 nostris
2266 3032 2611 3103 applicantur
2646 3033 2872 3098 aerariis,
2919 3041 2981 3089 ut
3024 3034 3117 3105 qui
3156 3050 3253 3092 sua
3282 3042 3516 3091 cunctos

1910 3123 2148 3195 patimur
2191 3123 2489 3194 possidere,
2548 3124 2723 3179 aliena
2780 3124 2937 3181 nobis
2990 3123 3225 3181 debeant
3275 3125 3515 3183 libenter

207 3217 503 3273 liberorum
533 3215 744 3285 causis,
788 3222 845 3271 et
873 3214 1143 3283 legitimus
1183 3212 1381 3286 prmsul
1406 3212 1673 3270 veraciter
1702 3213 1804 3267 ha-
1829 3236 1880 3301 ρ
1910 3213 2125 3270 oll'erre.
2180 3213 2309 3270 Sine
2335 3213 2534 3270 damno
2583 3213 2846 3285 siquidem
2895 3215 3115 3271 inventa
3162 3214 3370 3285 perdit,
3418 3217 3517 3288 qui

205 3308 387 3377 betur,
433 3306 651 3378 quando
698 3306 769 3362 de
814 3305 1170 3392 ingenuorum
1226 3303 1459 3362 fortunis
1504 3303 1808 3374 disceptare
1907 3307 2129 3379 propria
2174 3322 2285 3363 non
2333 3306 2556 3361 amittit.
2607 3304 2844 3361 Proinde
2875 3305 3043 3379 (quod
3069 3305 3314 3361 felicibus
3341 3304 3513 3378 appli-

204 3412 370 3470 Ροοθθ
395 3398 647 3454 sentitur.
678 3395 918 3452 Primum
949 3394 1045 3451 libi
1074 3402 1265 3456 contra
1295 3392 1534 3451 nelarias
1558 3392 1808 3449 libidines
1909 3406 2064 3455 cetur
2089 3397 2365 3469 auspiciis)
2395 3412 2493 3467 per
2521 3395 2873 3454 indictionem
2917 3397 3061 3451 illam
3089 3396 3362 3452 comitivre
3399 3396 3515 3467 pri-

205 3497 263 3543 ει
291 3486 514 3542 humani
542 3485 757 3556 δεηθτίε
783 3485 1062 3557 improbos
1087 3482 1378 3555 appetitus:
1409 3482 1563 3553 quasi
1593 3482 1804 3553 Ρπθηῑί
1910 3500 2155 3548 vatarum
2185 3499 2239 3547 te
2266 3490 2476 3546 honore
2502 3488 2847 3558 decoramus,
2877 3504 3040 3559 quam
3069 3488 3216 3558 leges
3244 3487 3522 3560 praefectis

206 3579 444 3651 publico,
488 3578 710 3636 decreta
738 3576 985 3633 custodia
1013 3584 1128 3643 est,
1173 3589 1245 3629 ne
1284 3574 1408 3644 quis
1448 3588 1510 3629 88
1536 3572 1803 3644 probrosa
1914 3598 2133 3656 quoque
2173 3597 2359 3653 parem
2387 3597 2511 3639 esse
2552 3581 2940 3645 decreverunt;
2986 3590 3070 3639 est
3111 3580 3256 3636 enim
3298 3588 3356 3636 et
3396 3581 3518 3652 ipsa

207 3670 601 3731 commixtione
640 3669 938 3741 pollueret,
983 3666 1111 3723 dum
1142 3666 1320 3722 vicino
1357 3665 1606 3734 sanguini
1647 3679 1807 3720 reve-

215 3768 453 3822 rentiam
499 3780 607 3821 non
637 3764 883 3820 haberet.
931 3760 1182 3818 Gravitas
1210 3760 1353 3816 enim
1382 3760 1592 3831 publica
1622 3759 1807 3829 proxi-

208 3860 416 3917 mitatis
442 3857 783 3916 sanctitatem
814 3864 870 3913 et
897 3853 1294 3927 conjunctionis
1321 3852 1548 3924 gratiam
1565 3893 1583 3921 ,
1621 3850 1806 3907 habita

284 4071 311 4101 ⁸
342 4060 495 4117 Servi
538 4074 825 4127 personam
866 4076 971 4115 non
1012 4058 1237 4128 habent,
1284 4058 1512 4128 ideoque
1553 4072 1585 4113 a
1625 4056 1806 4128 Theo-

212 4132 385 4204 pliilo,
431 4132 585 4206 initio
626 4134 710 4206 tit.
745 4130 836 4206 De
851 4131 1030 4206 stipat.
1077 4127 1235 4206 sem,
1267 4127 1589 4206 'A‘rrpée'mroz
1634 4127 1814 4206 nomi-

213 4196 542 4275 inanturztde
580 4203 776 4275 quibus
804 4196 962 4275 Dion,
990 4196 1403 4275 Etpt_t3t1ftatrta%,
1436 4207 1494 4253 et
1523 4199 1558 4253 l.
1592 4214 1682 4275 un.
1702 4239 1727 4275 ,ν
1747 4196 1812 4252 C.

215 4275 281 4399 gi
306 4290 396 4344 per
414 4274 534 4341 vim,
562 4270 638 4328 vel
659 4272 764 4327 alio
790 4271 965 4327 modo.
991 4270 1151 4327 Ba'sil.
1179 4270 1386 4328 δουλίαν
1406 4277 1568 4327 vocat
1588 4273 1817 4343 ἀτιμίαν.

259 4359 388 4399 οιικ.

259 4359 388 4399 οκκ.

291 4413 321 4486 Ρ
353 4412 637 4486 δυρηωι.
673 4411 936 4486 iv,epi_st.
968 4410 1058 4468 18.
1084 4409 1459 4479 Constantius,
1481 4409 1577 4486 ιζ»
1623 4408 1736 4465 etl.
1756 4406 1820 4486 β,

215 4483 365 4541 aedes
408 4480 475 4540 a'c
512 4483 732 4539 domum
778 4480 1155 4552 defunctoran
1201 4489 1362 4537 vocat
1407 4480 1715 4552 sepulcra,_
1731 4480 1825 4534 tit.

219 4554 305 4625 De
333 4554 555 4625 sepulcr.
585 4554 705 4625 vict.
749 4552 811 4625 Ct.
844 4551 1050 4625 'lfheod.
1084 4550 1175 4625 Ea_
1200 4559 1381 4607 autem
1417 4548 1657 4625 cognitio
1685 4548 1823 4625 Pon-

1914 3674 2089 3731 aulica
2117 3678 2358 3744 potestas
2385 3672 2588 3743 palatio
2616 3679 2805 3729 nostro
2840 3671 2965 3743 jure
2992 3670 3312 3738 reverenda,
3350 3684 3516 3741 quam

1918 3774 1973 3820 tu
2005 3764 2170 3820 facies
2197 3764 2338 3818 ultra
2369 3765 2630 3819 terminos
2659 3777 2791 3819 suos
2817 3777 3099 3832 crescere,
3131 3761 3178 3817 si
3207 3768 3519 3834 susceptam

1918 3852 2263 3909 continenter
2283 3852 2461 3923 egeris
2486 3851 2831 3923 dignitatem.

1911 4056 2275 4128 disciplinam.
2326 4056 2723 4128 ςΑΤΙιεδαιινοκ,
2772 4054 2852 4111 De
2892 4074 2993 4112 rer.
3049 4058 3222 4128 diris.,
3269 4058 3442 4113 instit.
3488 4058 3521 4114 Γ

1915 4145 1994 4195 tu,
2026 4125 2079 4183 in
2112 4127 2226 4191 (‘10.,
2264 4125 2344 4181 Dﬁ
2369 4125 2444 4181 De
2478 4129 2600 4197 jure
2637 4128 2771 4197 ﬁsci,
2804 4128 2840 4197 lt.
2885 4144 2999 4195 un.,
3030 4128 3092 4183 C.
3127 4127 3207 4182 De
3235 4129 3519 4183 thesauris.

1916 4200 2061 4254 Sane
2084 4198 2262 4267 Plato,
2295 4198 2450 4253 initio
2480 4195 2574 4252 lib.
2610 4195 2685 4266 xi,
2716 4198 2783 4253 de
2814 4195 3063 4267 Legibus,
3096 4200 3381 4254 thesauros
3409 4200 3524 4255 tol-

1919 4269 2111 4325 lendos
2137 4283 2260 4325 esse
2285 4276 2469 4337 negat.
2500 4267 2672 4323 Porro
2710 4269 3017 4325 securitatis
3054 4284 3217 4325 causa
3249 4269 3303 4324 in
3327 4284 3525 4325 monu-

1924 4341 2121 4395 mentis
2160 4354 2226 4394 ac
2266 4338 2530 4408 sepulcris
2567 4340 2808 4408 pecunia:
2846 4340 3235 4408 credebantur,
3274 4347 3334 4395 ut
3374 4338 3523 4401 hinc.

1926 4355 2121 4395 mentis
2160 4355 2226 4394 ac
2266 4355 2325 4392 se
2366 4355 2530 4393 lllCl‘lS
2567 4355 2808 4408 pecunia:
2846 4355 3235 4408 credebantur,
3274 4355 3334 4395 ut
3374 4355 3523 4401 tunc.

1926 4418 1985 4464 et
2029 4424 2099 4465 ex
2141 4355 2384 4491 Eunuchi
2433 4407 2777 4491 Ιιξρι-ιξιιιίιιιιτιξ
2822 4411 3065 4491 prologo
3098 4419 3331 4491 constat,
3380 4409 3527 4481 quod

1926 4488 2119 4605 postea
2184 4479 2412 4534 vetitum
2461 4478 2560 4561 fuit
2602 4497 2615 4533 ε
2659 4478 2948 4549 exstatque
2997 4478 3197 4564 titulus
3233 4481 3339 4562 lib.
3374 4478 3525 4563 .xtv,

1972 4550 2141 4605 asnltc.
2173 4569 2186 4603 :
2221 4546 2307 4604 Ne
2344 4564 2616 4605 pecuniam
2657 4567 2774 4605 cum
2821 4561 3038 4605 mortuis
3083 4551 3304 4605 sepelire
3347 4551 3525 4605 liceat.

1972 4550 2141 4621 asilic.
2173 4569 2186 4603 :
2221 4546 2307 4604 Ne
2344 4551 2616 4618 pecuniam
2657 4567 2774 4605 cum
2821 4546 3038 4606 mortuis
3083 4551 3304 4621 sepelire
3347 4551 3526 4618 liceat,

218 4618 596 4711 titicumup‘lim.
631 4622 827 4711 fuisti.
861 4623 938 4711 ελ
961 4637 1103 4711 νει-ε.
1134 4619 1663 4711 (ξςιιιιιροηεξβεξὺιωῦ
1695 4618 1820 4711 θοῐιξ.
1850 4647 1904 4711 D
1928 4624 2014 4704 9.3::
2042 4619 2214 4711 fite.“
2242 4624 3117 4711 wvréﬁt‘tvftessrbat.xpnitara.
3140 4618 3274 4711 "Sed
3301 4630 3357 4711 et
3381 4621 3529 4703 quod

222 4696 330 4758 tit.;
360 4696 400 4750 Ι.
432 4692 516 4759 50,
545 4688 863 4759 Hier-editas,
897 4692 960 4748 D.
988 4691 1065 4746 De
1093 4694 1239 4764 petit.
1268 4688 1468 4764 hiemi.
1481 4690 1558 4764 ;_l.
1587 4691 1711 4764 ιλιι,
1742 4688 1812 4744 De

1935 4693 1989 4747 in
2039 4689 2098 4745 d.
2149 4691 2186 4745 l.
2247 4705 2340 4744 un.
2389 4688 2897 4764 legitur,_condita'
2937 4688 3007 4746 ab
3045 4691 3243 4764 ignotis
3298 4688 3531 4764 dominis

218 4775 381 4847 ρων-ξ.
408 4767 537 4847 ὑφ’,
566 4765 655 4822 hic
694 4779 906 4847 sacram
934 4760 1170 4847 quietem
1199 4771 1379 4847 vocat.
1406 4760 1827 4847 V_Yide_§‘ueton.

219 4837 279 4963 ii?
326 4830 655 4903 Domitiano,
698 4851 748 4891 c.
783 4834 886 4902 i7;
934 4830 993 4901 ti,
1024 4832 1165 4889 Tull.
1215 4832 1285 4889 de
1327 4832 1527 4903 legib.,
1568 4830 1636 4885 10
1663 4831 1825 4903 epist.

268 4922 394 4963 omv.
996 4958 1001 4963 λ

268 4922 394 4964 οκκ.
996 4958 1001 4964 .

300 4989 325 5018 ε
356 4977 488 5033 Vide
511 4976 667 5042 infra,
698 4976 793 5032 lib.
817 4991 913 5047 xii,
936 4989 1025 5047 ep.
1059 4974 1146 5030 l5.
1195 4973 1261 5031 ili
1287 4982 1415 5032 sunt
1439 4973 1530 5045 qui
1557 4986 1823 5029 canonem

218 5047 503 5125 publicum
541 5048 849 5125 exigebant.
880 5045 1010 5125 Jun.
1146 5123 1153 5125 ξ
1206 5124 1209 5125 ν
1289 5114 1316 5125 ,,
1583 5114 1595 5125 .
1661 5113 1674 5125 .

299 5119 328 5157 α
358 5115 414 5173 ln
443 5114 872 5176 successionibus
899 5116 969 5171 ab
997 5116 1254 5172 intestato
1284 5114 1446 5173 fiscus
1474 5114 1827 5169 novissimum

224 5190 406 5244 locum
448 5197 701 5260 occupat,
732 5197 789 5245 et
816 5189 1346 5260 agnatis,tcogpntis.
1388 5186 1633 5260 collegis,
1676 5199 1830 5260 com-

226 5259 562 5331 militonibus
580 5255 971 5331 :postponitur,
1029 5255 1251 5331 tit._’De
1300 5255 1835 5331 Itwred._de_curion.,

220 5329 363 5385 Cod.
412 5328 539 5386 inde
579 5324 936 5400 llarnienop..
969 5327 1259 5400 caeterique
1309 5325 1480 5382 Graeci
1502 5324 1639 5394 juris
1667 5325 1836 5400 inter-

230 5408 417 5473 pretes
440 5409 586 5473 apte
592 5400 841 5458 vacantia
855 5397 1017 5456 'bona
1039 5397 1305 5455 ἀδέσποτα
1333 5402 1416 5454 καὶ
1445 5397 1838 5473 ἀκληρονόμητα

226 5469 514 5527 deﬁniunt.
548 5471 716 5527 Fons.

305 5551 332 5579 ε
359 5541 692 5613 Deposilivaz,
723 5548 859 5613 vet.,
886 5540 1178 5613 repositirte
1193 5554 1213 5613 ς
1232 5545 1522 5613 utrumque
1546 5543 1715 5598 recte,
1741 5534 1837 5613 sed

230 5620 414 5666 tamen
440 5606 594 5681 prius
623 5606 1160 5681 arridet'magistex
1186 5608 1229 5681 _|.
1275 5609 1335 5681 5i
1360 5649 1376 5676 ,
1417 5606 1741 5681 Nunquam,
1771 5606 1833 5660 Ι).

232 5682 314 5735 De
356 5675 472 5755 acii.
526 5700 631 5755 rer.
685 5683 827 5755 dom.
883 5683 901 5755 l_
928 5675 987 5755 bi
1010 5696 1039 5733 a
1069 5678 1237 5755 Paulo
1268 5675 1837 5755 thesaurus'deﬁnitnr

229 5761 389 5807 vetus
434 5748 677 5821 qnmdam
717 5751 983 5821 depositio
1023 5750 1297 5821 pecunia),
1317 5748 1471 5815 cujus
1510 5762 1618 5821 non
1656 5755 1838 5821 exstet

226 5817 517 5888 memoria,
549 5832 607 5876 ut
632 5822 744 5887 jam
774 5817 1050 5875 dominum
1080 5835 1187 5875 non
1217 5820 1432 5885 habeat,
1480 5826 1536 5871 ct
1563 5817 1833 5873 inventori

224 5894 572 5951 conceditur.
619 5893 715 5949 llic
756 5908 885 5950 vero
930 5889 1059 5949 ﬁsco
1099 5890 1424 5962 applicatur,
1473 5898 1672 5962 praeter
1697 5888 1835 5961 juris

1935 4770 2181 4834 tempore
2226 4760 2521 4834 vetustiore
2548 4762 2790 4825 mobilia,
2821 4776 2916 4816 seu
2944 4762 3208 4834 monilia,
3227 4760 3387 4834 hujus
3415 4760 3531 4817 for-

1932 4828 2095 4958 ilpulie
2138 4828 2490 4902 descriptioni
2534 4839 2961 4888 consentaneum
3007 4842 3118 4899 est,
3168 4832 3248 4889 sic
3285 4828 3431 4888 enim
3477 4840 3533 4888 et

1979 4919 2045 4959 oc
2071 4918 2102 4958 a
2132 4920 2146 4956 :

2061 5017 2408 5080 Auxiliumque
2432 5017 2523 5067 vite
2546 5021 2749 5066 veteres
2771 5014 3193 5080 tellurereclnsitv

2058 5078 2360 5143 Tliesauros,
2385 5081 2605 5140 ignotum
2628 5080 2825 5139 argenti
2850 5078 3039 5139 pondus
3058 5085 3112 5128 et
3135 5078 3256 5127 auri.

1938 5192 1994 5240 et
2013 5181 2237 5240 Homeri
2253 5182 2590 5247 scholiastes,
2613 5180 2859 5258 llind._n_i_,
2872 5183 3100 5254 κειμήλια
3124 5183 3349 5258 exposui
3356 5190 3396 5258 t_
3400 5184 3535 5258 ἆρ’γά

1938 5257 2270 5334 καζρπὀθετᾳ
2293 5260 2568 5334 χρήματα,
2591 5269 2712 5334 opes
2728 5251 3004 5307 abditas'et
3019 5251 3331 5307 reconditas.
3356 5251 3535 5334 lf‘o'niv.

2012 5325 2112 5381 llic
2155 5323 2354 5382 dicitur
2386 5323 2570 5381 comes
2611 5323 3011 5389 thesaurorum,
3055 5338 3328 5378 sacrarum
3371 5323 3538 5389 largi-

1941 5397 2171 5462 tionum,
2210 5410 2497 5449 sacrarum
2529 5392 3043 5458 remunerationum,
3089 5394 3176 5448 vel
3213 5394 3539 5448 muneratio—

1941 5482 2090 5532 num,
2117 5466 2155 5520 ι.
2180 5464 2234 5531 2,
2256 5465 2320 5520 C.
2348 5464 2774 5535 Detcommentu"
2795 5462 2835 5535 ι.
2862 5462 3158 5535 Palatinos,
3182 5464 3242 5520 C.
3270 5463 3348 5519 De
3370 5463 3538 5535 palat.

1944 5553 2080 5609 sect.
2129 5537 2293 5609 ίανῃά
2321 5536 2379 5609 1..-
2405 5534 2494 5599 M,
2623 5532 2855 5609 beod.,
2904 5532 3260 5609 _D_e_appetlat.
3296 5535 3344 5590 ls
3370 5532 3540 5590 etiam

1942 5606 2141 5661 dicitur
2189 5604 2499 5676 praesidere
2526 5604 2684 5661 donis
2724 5604 3113 5676 imperialibus,
3163 5615 3220 5661 et
3267 5619 3553 5676 perueum.

1944 5675 2074 5742 erigi
2124 5673 2426 5747 supplicum
2478 5675 2744 5747 fortunas,
2776 5684 2841 5747 et
2860 5675 2966 5747 cal.
3019 5673 3287 5730 Januariis
3335 5673 3541 5747 affatim

1943 5744 2254 5814 largitiones
2285 5747 2430 5812 fieri;
2481 5747 2681 5814 quique
2713 5744 3058 5812 largitionum
3087 5748 3203 5800 dies
3234 5753 3455 5800 notatur
3484 5746 3537 5800 iu

1940 5818 1977 5873 Ι.
2015 5815 2319 5889 Laudabile,
2367 5815 2543 5889 C.tDe
2587 5816 2706 5871 adv.
2738 5815 2842 5870 div.
2884 5817 3037 5886 jud.,
3065 5825 3121 5874 et
3148 5833 3179 5873 a
3208 5816 3547 5889 Nicephoro,

1941 5904 2061 5961 cap.
2096 5887 2186 5960 25,
2216 5889 2309 5947 lib.
2345 5904 2402 5944 Χ.
2434 5888 2627 5946 Bnoss.
