3974 6392
225 372 337 433 695

1475 371 1837 433 VARIARUM
1874 371 2077 428 LIBER
2115 372 2202 431 Vl.

3394 377 3498 433 69‘

222 485 400 542 fasces
465 483 836 542 molestiam
891 484 1050 542 tzedio
1117 486 1357 542 vitentur
1412 486 1588 554 forte,
1651 501 1814 557 quam
1842 486 1894 546 Δ
1920 491 2078 539 scunt
2104 498 2291 555 sparsa
2329 484 2556 551 semina,
2599 485 2703 543 nisi
2730 485 2892 543 etiam
2914 495 3081 543 terrae
3106 484 3340 557 qualitas
3381 486 3500 545 fue-

223 577 475 633 meritis?
502 576 692 633 Nonne
718 575 1035 646 siamagnis
1052 577 1183 633 viris
1210 577 1337 633 talia
1366 576 1636 647 fugiantnr
1662 578 1815 633 inve-

224 666 488 726 recundia
518 674 718 723 nostra
742 667 1190 733 mansuetudinis,
1218 667 1507 737 quamdam
1544 669 1813 738 repulsam

220 756 526 829 suscipiunt
565 756 888 825 dignitates?
915 756 1131 823 Quanto
1164 757 1361 827 iustius
1397 759 1544 817 bono
1582 757 1814 830 principi

223 845 684 911 iuremuneratum
727 844 860 900 nihil
897 846 1225 915 relinquere,
1268 845 1415 917 quod
1445 844 1577 903 facit
1621 855 1815 902 natura

223 931 531 989 laudabilel
582 934 859 1005 Sapientia
914 943 1024 1002 est,
1085 949 1207 1006 quae
1260 937 1500 994 honores
1554 945 1811 1001 meretur,

224 1029 402 1077 totum
449 1022 596 1079 aliud
640 1023 975 1080 extrinsecus
1002 1026 1167 1080 venit.
1213 1026 1368 1098 103
1395 1025 1524 1083 Sola
1566 1035 1651 1083 est
1686 1043 1817 1097 pru-

217 1111 426 1180 dentia,
464 1129 587 1189 quas
614 1114 1071 1187 rebusomnibus
1113 1119 1465 1188 prreponitur,
1512 1118 1730 1190 quando
1758 1119 1813 1176 in

220 1202 445 1259 homine
484 1202 719 1261 feliciter
744 1205 1030 1262 invenitur.
1080 1206 1164 1277 Sit
1206 1207 1348 1278 apud
1376 1223 1476 1265 nos
1504 1216 1561 1265 et
1586 1206 1817 1265 fortunis

220 1292 603 1363 integerrimus
646 1296 968 1377 consularis,
1015 1297 1126 1354 sint
1164 1308 1221 1353 et
1261 1299 1380 1354 sine
1421 1299 1583 1368 longo
1631 1299 1817 1356 labere

219 1384 504 1463 primates,
532 1384 771 1441 habeant
810 1387 1071 1443 exercitia
1111 1389 1330 1458 praemia
1355 1404 1481 1455 sua;
1511 1388 1608 1445 sed
1633 1396 1689 1444 et
1716 1389 1817 1445 iste

220 1475 555 1531 honorabilis
582 1475 733 1533 locus
755 1477 847 1543 sit,
877 1478 972 1551 qui
994 1485 1201 1533 tantum
1223 1479 1429 1535 meritis
1450 1486 1812 1550 comparatur.

218 1562 409 1634 Neque
452 1565 597 1621 enim
624 1565 858 1623 absurde
899 1567 1046 1637 leges
1084 1570 1464 1625 sacratissima:
1490 1577 1818 1626 censuerunt

217 1668 320 1709 eos
350 1668 487 1725 quos
519 1653 678 1710 bona:
715 1656 987 1729 opinionis
1015 1656 1154 1713 fama
1183 1659 1528 1716 commendat
1554 1660 1816 1718 codicillis

220 1745 539 1801 vacantibus
559 1747 694 1804 tales
713 1762 956 1819 quaerere
979 1751 1332 1807 summitates.
1354 1752 1502 1819 Quos
1523 1754 1626 1809 etsi
1653 1753 1817 1809 facul-

1914 574 1986 630 rit
2008 574 2270 645 operata)
2292 575 2575 632 habiturus
2612 591 2843 632 messem
2870 577 2943 632 de
2978 585 3160 634 nostra
3192 580 3365 648 gratia
3404 595 3501 634 co-

1912 662 2146 733 piosam,
2172 664 2220 720 si
2258 679 2291 719 a
2333 664 2604 735 tejudicia
2647 675 2832 725 nostra
2858 667 3272 737 mgnaverimus
3299 669 3506 740 optime

1912 752 2080 811 fuisse
2107 761 2353 811 tractata.

2125 905 2239 963 XII.
2282 923 2530 964 ronuuu
2567 923 2835 979 coutrtvss
2877 921 3024 965 nam
3059 925 3285 968 onmm.

1984 1021 2236 1093 Magnum
2261 1022 2476 1093 quidem
2498 1022 2682 1080 multis
2699 1031 2758 1079 at
2781 1022 2924 1079 inter
2945 1023 3092 1080 vices
3125 1024 3339 1080 videtur
3378 1039 3505 1082 esse

1913 1114 2210 1183 geniatum,
2256 1114 2488 1186 publicai
2525 1114 2745 1171 utilitati
2773 1114 2959 1186 probis
2990 1115 3296 1172 actionibus
3335 1131 3497 1173 occu-

1914 1204 2050 1276 pari.
2081 1204 2189 1260 Sed
2226 1211 2432 1274 quanto
2469 1203 2678 1263 felicius
2716 1203 2981 1262 honorem
3018 1204 3358 1276 splendidum
3404 1221 3497 1262 su-
3598 1222 3609 1231 ‘

1913 1309 2086 1364 mere,
2113 1303 2170 1351 et
2188 1295 2578 1364 cogitationum
2606 1295 2883 1353 molestias
2929 1311 3039 1352 non
3066 1296 3303 1353 habere?
3328 1296 3499 1353 luter-

1913 1386 2041 1442 dum
2066 1386 2211 1442 enim
2230 1387 2431 1443 assidui
2451 1387 2663 1443 labores
2682 1388 2845 1443 etiam
2872 1388 3016 1461 ipsas
3037 1388 3278 1460 ingratas
3297 1387 3503 1444 faciunt

1913 1475 2222 1546 dignitates,
2251 1476 2379 1532 dum
2404 1476 2743 1535 imbecillitas
2770 1479 3003 1534 humana
3032 1479 3144 1535 cito
3165 1479 3307 1535 solet
3331 1480 3497 1536 susti-

1913 1579 2045 1621 nere
2064 1563 2305 1630 fastidia;
2331 1571 2386 1620 et
2411 1564 2556 1636 quod
2578 1567 2727 1637 prius
2752 1567 3003 1623 ambiisse
3023 1567 3278 1633 creditur,
3308 1575 3500 1639 postea

1913 1652 2088 1709 vitare
2142 1653 2281 1711 velle
2337 1654 2588 1710 sentitur.
2640 1654 2748 1711 Sed
2795 1656 2902 1712 hoc
2947 1656 3120 1713 multo
3161 1658 3509 1729 praestantius

1914 1744 2108 1801 adesse
2133 1745 2512 1816 conspectibus
2539 1746 2720 1816 regiis,
2763 1753 2821 1801 et
2843 1746 3032 1802 abesse
3063 1747 3358 1815 molestiis;
3385 1761 3508 1817 gra-

222 1836 386 1895 tasin
415 1837 551 1897 tanti
571 1837 792 1895 honoris
806 1848 1065 1911 apparatu
1092 1839 1385 1908 desereret,
1415 1843 1583 1899 vinus
1604 1845 1818 1911 conscia
1852 1840 1895 1902 Β
1922 1835 2053 1891 tiam
2100 1834 2302 1891 habere
2355 1834 2482 1902 loci,
2530 1843 2588 1893 et
2632 1834 2804 1906 vitare
2850 1836 3205 1901 contumelias
3250 1838 3504 1894 actionis.

222 1943 334 1983 non
359 1928 583 1997 celat-ct.
621 1928 856 1992 Animati
883 1940 1009 1988 sunt
1034 1931 1106 1987 ad
1135 1933 1284 2003 talia,
1308 1934 1400 2003 qui
1428 1933 1497 1990 de
1527 1950 1624 1991 sua
1659 1936 1810 1993 vide-

221 2018 420 2079 bantur
463 2018 753 2089 despcrare
797 2020 1035 2077 fortuna.
1082 2022 1200 2079 Hoc
1245 2032 1301 2079 et
1347 2024 1707 2083 validissimus
1742 2026 1813 2082 ad

222 2109 462 2179 labores,
493 2112 597 2167 hoc
621 2119 678 2168 et
702 2111 987 2171 imbecillis
1003 2128 1233 2188 corpore
1255 2123 1494 2172 meretur
1515 2117 1584 2173 ad
1604 2117 1808 2175 laudes.

220 2200 360 2257 Nam
386 2217 576 2273 omnes
608 2204 710 2260 sub
736 2203 1052 2262 diversitate
1073 2205 1456 2277 praedicantur,
1485 2223 1622 2279 quos
1653 2207 1812 2279 hujus

220 2308 426 2359 nomen
469 2294 691 2353 honoris
735 2296 1109 2368 amplectitur;
1153 2306 1211 2353 et
1251 2299 1422 2368 magis
1460 2301 1644 2357 nescio
1684 2303 1813 2372 quid

219 2385 452 2456 amplius
481 2387 657 2445 meriti
701 2388 994 2451 extorsisse
1038 2390 1298 2460 creditur,
1340 2392 1433 2463 qui
1462 2390 1580 2467 [Gn
1603 2434 1617 2460 ,
1666 2391 1810 2466 Cuj.,

223 2476 281 2533 Ν
284 2479 350 2534 io.
381 2485 432 2533 et
458 2476 581 2544 6a.,
605 2478 771 2552 quod]
791 2494 907 2536 rem
934 2480 1295 2538 laborantium
1314 2482 1525 2539 otiosus
1545 2484 1810 2541 meruisse

218 2568 472 2631 sentitur.
522 2567 699 2645 Atque
736 2570 860 2626 ideo
902 2571 1257 2642 prasentihus
1301 2571 1564 2630 codicillis
1604 2574 1674 2630 ab
1719 2575 1812 2631 illa

220 2657 522 2716 indictione
567 2658 700 2716 illud
744 2659 839 2719 tibi
868 2661 1102 2734 propitia
1142 2661 1431 2719 Divinitate
1466 2661 1717 2733 defende,
1748 2673 1810 2721 ut
1870 2701 1878 2713 ο

218 2747 565 2813 considerata
591 2750 805 2807 ratione
828 2751 1106 2822 pmsentis
1133 2754 1411 2827 temporis,
1440 2753 1619 2825 adepti
1645 2754 1815 2812 hono-

219 2838 299 2895 ris
320 2838 510 2905 ordine
537 2840 781 2911 potiaris.
810 2839 890 2901 Ita
914 2850 1114 2915 tamen,
1163 2850 1225 2899 ut
1259 2843 1336 2899 illi
1362 2844 1535 2902 modis
1562 2846 1812 2904 omnibus

220 2929 595 3003 prazferantur.
639 2930 734 3005 qui
776 2931 975 2989 sudore
1001 2933 1238 2991 maxime
1277 2935 1476 2993 nostris
1504 2935 1811 3007 aspectibus

221 3017 531 3074 adfuerunt.
547 3019 776 3076 Necesse
796 3028 879 3076 est
905 3020 1049 3076 enim
1075 3029 1134 3077 ut
1156 3038 1321 3079 unum
1343 3023 1500 3081 cedat
1519 3023 1666 3096 [Ed.,
1688 3025 1807 3094 .40.,

226 3107 353 3164 Niu.
382 3119 431 3164 et
461 3108 584 3178 0a.,
614 3110 799 3167 credat
823 3110 842 3182 j
872 3111 1122 3167 meritum
1160 3110 1370 3170 duobus
1396 3114 1632 3170 evictum
1660 3116 1772 3188 [Λα.
1791 3156 1807 3181 ,

1913 1926 2081 1984 Dulce
2094 1934 2179 1984 est
2205 1926 2406 1997 aliquid
2425 1927 2505 1985 sic
2526 1927 2745 1995 mereri,
2768 1934 2828 1984 ut
2861 1928 3006 1984 nulla
3035 1928 3207 1999 possit
3227 1929 3509 1986 anxietate

1913 2018 2137 2084 turbari,
2164 2017 2290 2073 dum
2319 2017 2488 2075 multo
2514 2018 2720 2089 gratius
2747 2018 3009 2084 redditur,
3039 2018 3149 2075 ubis
3168 2020 3501 2091 prosperita-

1912 2105 1981 2161 tis
2006 2104 2120 2161 sola
2160 2105 2353 2174 gaudia
2382 2106 2707 2163 sentiuntur.
2738 2105 2893 2163 Hunc
2931 2107 3095 2177 igitur
3113 2108 3375 2165 honorem
3404 2110 3505 2166 tibi

1911 2197 2135 2277 reapicis
2164 2196 2338 2253 otiosa
2363 2197 2797 2277 remuneratione
2819 2198 3141 2269 praestitum,
3160 2199 3252 2268 qui
3276 2200 3503 2259 nimium

1911 2276 2280 2341 laborantibus
2306 2285 2524 2355 antiqua
2546 2276 2789 2342 noscitur
2815 2287 3129 2358 provisione
3157 2290 3407 2356 collatus,
3440 2299 3505 2346 ut:

1910 2384 2151 2432 rectores
2176 2377 2572 2446 provinciarum
2607 2378 2733 2433 anni
2776 2379 2993 2436 actione
3033 2380 3279 2437 laudatos
3307 2384 3398 2439 vix
3427 2384 3497 2439 ad

1915 2466 2023 2522 tale
2056 2466 2269 2522 culmen
2320 2466 2667 2534 adducerent,
2715 2468 2912 2543 quibus
2952 2469 3352 2528 conﬁtebantur
3379 2474 3496 2544 plu-

1913 2556 2047 2611 rima
2072 2571 2132 2611 se
2151 2553 2369 2611 debere.
2399 2555 2704 2613 Consiliarii
2728 2571 2944 2629 quoque
2966 2560 3339 2630 praefectorum
3360 2564 3509 2619 conA

1912 2645 2137 2702 scientia
2183 2646 2339 2715 clari,
2379 2646 2676 2703 dictatione
2716 2648 2990 2719 praacipui,
3035 2651 3129 2720 qui
3156 2652 3209 2706 in
3252 2652 3344 2709 illo
3371 2662 3495 2711 actu

1911 2738 2253 2810 amplissima:
2279 2738 2610 2811 prmfectura:
2650 2741 2728 2797 sic
2756 2739 3006 2796 videntur
3030 2757 3285 2799 exercere
3314 2743 3498 2800 facun-

1910 2828 2078 2899 diam,
2102 2836 2161 2885 ut
2188 2828 2258 2886 ad
2300 2830 2564 2886 utilitates
2591 2831 2835 2902 publicas
2871 2832 3233 2904 expediendas
3271 2834 3496 2889 alteram

1910 2918 2103 2976 credas
2127 2934 2247 2987 esse
2272 2928 2617 2990 quaasturam.
2649 2919 2800 2976 Unde
2823 2918 3133 2992 frequenter
3155 2932 3213 2980 et
3240 2940 3337 2980 nos
3353 2924 3497 2994 judi-

1910 3024 2003 3066 ces
2029 3009 2369 3077 assumimus,
2397 3010 2525 3079 quia
2564 3025 2659 3069 eos
2688 3011 3031 3069 doctissimos
3059 3016 3497 3086 comprobamus.

1912 3102 2050 3171 Quid
2076 3114 2206 3175 ergo
2226 3102 2293 3159 de
2314 3102 2409 3158 tali
2438 3103 2648 3171 honore
2676 3104 2958 3171 sentiatur,
2988 3119 3253 3175 agnosce:
3276 3107 3497 3176 quando

222 3200 513 3272 evectum].
546 3200 757 3272 Alioqui
778 3217 966 3258 omnes
984 3202 1052 3258 ad
1070 3203 1281 3273 quietas
1327 3213 1553 3274 possunt
1587 3221 1807 3263 currere
1834 3212 1879 3276 ς,
1909 3194 2148 3267 praefecti
2176 3192 2292 3269 [ον.
2321 3203 2372 3249 et
2406 3193 2552 3267 Cuj.,
2582 3193 2829 3268 perfecti]
2857 3197 2957 3261 viri
2988 3213 3085 3269 pro
3107 3205 3188 3253 tot
3212 3198 3493 3254 laudabili-

220 3291 532 3362 dissitates,
563 3293 610 3355 si
637 3294 948 3353 laborantes
974 3295 1198 3353 minime
1218 3295 1571 3367 praeferantur
1596 3298 1804 3354 otiosis.

223 3382 640 3456 Cmmoquantur
657 3386 770 3451 illa,
799 3386 894 3457 qui
919 3395 1170 3458 possunt;
1198 3401 1299 3443 nec
1316 3388 1472 3445 nobis
1490 3388 1667 3447 desint
1686 3390 1808 3455 ista,

226 3490 347 3546 qua
375 3478 662 3547 credimus.
688 3478 781 3535 Sic
801 3486 1028 3549 utraque
1046 3480 1216 3550 gratia
1246 3480 1533 3549 concitati,
1561 3490 1616 3537 et
1640 3481 1715 3538 illi
1741 3483 1811 3539 ad

225 3568 429 3640 palatia
472 3578 659 3633 nostra
687 3568 941 3627 festutare
967 3577 1251 3642 poterunt,
1289 3578 1347 3628 et
1390 3587 1489 3629 vos
1512 3573 1682 3644 optati
1709 3572 1811 3630 ho-

222 3658 379 3721 noris
403 3659 595 3731 gaudia
616 3660 960 3717 comitantur.

472 3816 562 3874 XI.
613 3833 860 3877 IOBIULA
897 3832 1259 3877 ILLUS’I'RATUS
1293 3834 1568 3876 vacamus.

303 3928 529 3993 Constat
552 3928 765 3993 felicem
811 3945 933 3987 esse
958 3930 1345 4001 rempublicam
1372 3947 1493 4003 quae
1526 3932 1710 3989 multis
1736 3932 1814 3988 ci—

228 4022 388 4084 vibus
431 4021 735 4092 resplendet
778 4031 990 4078 ornata.
1038 4021 1173 4081 Nam
1216 4024 1360 4083 sicut
1404 4023 1597 4079 coelum
1641 4023 1815 4086 stellis

228 4112 475 4173 redditur
515 4113 740 4178 clarum,
770 4112 850 4169 sic
882 4112 1128 4175 relucent
1167 4114 1326 4181 urbes
1356 4114 1555 4179 lumine
1581 4113 1815 4185 dignitao

231 4211 370 4261 tum.
399 4200 517 4263 Non
542 4201 672 4271 quia
721 4200 815 4258 fiat
852 4202 1017 4267 homo
1044 4202 1181 4261 alter
1204 4203 1527 4272 honoribus,
1566 4204 1661 4261 sed
1687 4205 1814 4273 quia

230 4290 528 4357 modestior
570 4291 820 4360 emcitur,
860 4307 893 4348 a
916 4307 1030 4363 quo
1071 4296 1499 4359 conversationis
1540 4295 1674 4353 ordo
1701 4311 1818 4353 me-

232 4382 340 4438 lior
366 4381 687 4453 postulatur.
718 4382 850 4449 Quis
893 4384 1038 4439 enim
1066 4385 1376 4455 opinionem
1417 4402 1570 4443 suam
1604 4387 1815 4458 vitupe-

232 4474 479 4530 rabililer
505 4480 739 4531 tractare
774 4475 925 4545 velit,
966 4490 1133 4546 quam
1173 4477 1478 4547 specialiter
1519 4478 1590 4534 ad
1629 4479 1815 4537 laudes

1911 3286 2012 3342 bus
2037 3285 2297 3351 institutis
2320 3283 2625 3355 huiusmodi
2648 3286 2931 3342 inveniunt
2950 3288 3167 3357 praemia
3197 3288 3490 3357 dignitatis,

1911 3385 1969 3435 et
1993 3377 2190 3434 merito
2235 3392 2359 3434 cum
2404 3384 2552 3433 tanta
2579 3392 2776 3451 pompa
2814 3378 3045 3445 ceditur,
3075 3394 3195 3450 qum
3234 3382 3493 3436 senatorii

1909 3482 2127 3547 quoque
2175 3468 2378 3531 ordinis
2440 3468 2736 3539 splendore
2788 3477 3058 3539 censetur.
3114 3469 3493 3543 Spectabilitas

1909 3559 2056 3616 clara
2100 3566 2157 3616 et
2204 3559 2528 3621 consistorio
2577 3567 2765 3618 nostro
2810 3559 3152 3630 dignissima,
3196 3576 3315 3632 qua:
3351 3563 3493 3617 inter

1909 3651 2145 3708 illustres
2173 3650 2494 3721 ingreditur,
2525 3651 2667 3717 inter
2693 3666 2951 3722 proceres
2978 3652 3308 3708 advocatur:
3332 3652 3493 3708 otiosi

1909 3744 2108 3814 cinguli
2135 3743 2344 3799 honore
2362 3742 2652 3813 praecincta
2682 3742 2939 3812 dignitas,
2963 3759 3080 3812 quae
3114 3745 3318 3800 nullum
3344 3745 3494 3801 novit

1909 3833 2203 3903 oll‘endere,
2250 3834 2453 3890 nullum
2498 3835 2840 3903 cognoscitur
2875 3835 3175 3904 ingravare,
3232 3847 3287 3891 et
3325 3852 3492 3906 super

1910 3922 2091 3989 omnia
2117 3921 2258 3977 bona
2285 3922 2557 3977 concitare
2582 3922 2755 3976 nescit
2775 3922 3048 3978 invidiam.
3074 3924 3337 3991 Quocirca
3366 3941 3493 3995 pro-

1909 4013 2086 4068 vocati
2113 4012 2354 4068 moribus
2381 4012 2504 4082 tuis,
2535 4012 2843 4068 comitivam
2874 4013 2966 4085 tibi
3004 4016 3167 4085 primi
3193 4016 3397 4073 ordinis
3423 4017 3493 4073 ab

1911 4104 2000 4159 illa
2022 4104 2311 4160 indictione
2333 4102 2631 4175 majestatis
2646 4103 2830 4160 favore
2851 4104 3126 4174 largimur,
3154 4115 3210 4161 ut
3226 4108 3494 4163 consisto-

1912 4197 2050 4263 rium
2070 4204 2312 4265 nostrum
2342 4197 2481 4253 sicut
2502 4204 2712 4266 togatus
2743 4196 2885 4271 [αἰτῇ
2907 4196 3147 4269 rogatus]
3177 4199 3490 4267 ingrederis,

1913 4289 1988 4345 ita
2032 4289 2273 4345 moribus
2298 4288 2548 4343 laudatus
2567 4302 2820 4353 exornes,
2843 4288 3058 4360 quando
3089 4288 3293 4345 vicinus
3320 4290 3496 4346 honor

1914 4387 1998 4435 est
2024 4379 2336 4445 illustribus,
2365 4377 2493 4433 dum
2521 4379 2657 4435 alter
2683 4379 2892 4436 medius
2919 4395 3032 4435 non
3056 4380 3302 4436 habetur.
3335 4381 3493 4438 Dele-

1915 4478 2026 4527 ctet
2047 4478 2101 4526 te
2121 4470 2243 4526 illos
2266 4470 2486 4537 imitari,
2507 4467 2647 4540 quos
2673 4470 3017 4541 proximitate
3037 4471 3320 4541 contingis.
3346 4469 3496 4528 Tunc

229 4564 464 4622 electam
489 4581 610 4623 esse
638 4568 955 4637 cognoscit?
978 4567 1131 4623 illum
1159 4568 1421 4639 siquidem
1441 4569 1677 4627 honores
1692 4570 1811 4641 εισ-
1834 4571 1888 4632 ι)
1912 4560 2089 4617 locum
2116 4561 2349 4630 amplum
2392 4570 2447 4617 et
2476 4561 2846 4639 honorabilem
2874 4560 3026 4627 facis,
3064 4562 3110 4618 si
3142 4571 3194 4618 te
3221 4563 3497 4619 moderata

233 4654 468 4725 rilicant,
498 4672 659 4729 quem
698 4658 1042 4715 commendat
1072 4667 1137 4719 ,ει
1160 4660 1293 4715 vita.
1336 4660 1470 4715 Nam
1498 4660 1643 4716 malo
1669 4661 1818 4733 insti-
1842 4648 1849 4653 ’

230 4755 356 4805 tuto
395 4748 598 4816 vivere,
625 4764 729 4807 nec
773 4749 1000 4821 principi
1027 4749 1110 4811 fas
1155 4758 1258 4820 est,
1286 4750 1502 4818 quando
1538 4758 1597 4805 et
1625 4750 1693 4806 de
1721 4750 1815 4807 illo

234 4838 468 4910 populus
513 4839 726 4896 occulte
752 4847 933 4910 potest
961 4838 1164 4906 dicere,
1211 4841 1297 4896 cui
1325 4856 1505 4896 mores
1552 4856 1679 4897 suos
1716 4857 1815 4912 pu-

232 4930 380 4991 blice
403 4930 583 4997 nullus
616 4946 779 4989 ausus
804 4938 887 4986 est
915 4932 1200 5003 imputare.
1234 4932 1378 5002 Cape
1401 4932 1561 5001 igitur
1583 4946 1684 5003 pro
1704 4931 1816 4991 tide

236 5038 306 5078 ac
331 5021 605 5085 laboribus
633 5022 738 5079 tuis
767 5022 1033 5078 comitivac
1052 5022 1466 5089 domesticorum
1496 5023 1814 5081 illustratum

236 5119 540 5178 vacantem,
574 5119 631 5166 ut
651 5119 708 5167 et
729 5112 835 5189 tuis
862 5111 1067 5167 civibus
1090 5112 1373 5175 decoratus
1416 5128 1695 5195 apparens,
1737 5120 1814 5178 et,

236 5201 385 5271 quod
424 5210 508 5257 est
543 5202 913 5258 dulcissimum
960 5201 1227 5255 mentibus
1254 5202 1431 5270 bonis,
1454 5202 1656 5269 jugiter
1689 5215 1819 5272 pro-

239 5292 372 5363 priis
417 5293 738 5351 utilitatibus
778 5292 1078 5362 occuperis.
1124 5290 1266 5361 Quid
1309 5294 1453 5348 enim
1497 5292 1819 5359 fortunatius

236 5398 399 5451 (mam
421 5397 606 5452 agrum
626 5383 827 5448 colere,
857 5391 913 5438 et
939 5383 993 5437 in
1022 5383 1151 5439 urbe
1173 5383 1372 5445 lucere,
1410 5384 1502 5438 ubi
1529 5399 1664 5454 opus
1690 5400 1817 5454 pro-

240 5472 414 5543 prium
440 5470 670 5527 delectat
716 5481 1014 5538 auctorem,
1056 5486 1159 5528 nec
1198 5473 1398 5541 aliquid
1426 5472 1659 5529 fallendo
1686 5490 1821 5531 con-

237 5560 490 5639 quiritur,
520 5562 648 5627 dum
677 5562 829 5621 suavi
852 5552 1047 5631 horrea
1068 5564 1251 5621 labore
1276 5548 1648 5625 cumulantur?
1674 5565 1820 5632 Qua-

235 5667 466 5727 propter
492 5671 592 5713 nos
619 5655 865 5713 dedimus
885 5657 1256 5735 delectabilem
1286 5658 1570 5726 honorem,
1599 5666 1657 5716 tu
1685 5675 1818 5719 con-

233 5747 564 5804 versationis
615 5749 821 5804 associa
873 5749 1185 5819 dignitatem
1236 5754 1397 5819 (nam
1449 5759 1676 5821 utraque
1713 5752 1815 5808 sibi

236 5840 529 5910 continuem
554 5850 701 5911 sunt,
740 5857 902 5898 unum
932 5843 1127 5914 pendet
1158 5859 1225 5899 ex
1266 5843 1472 5911 altero;
1502 5859 1609 5901 non
1636 5845 1816 5902 coale-

1913 4652 2348 4723 consjderatione
2376 4654 2712 4709 tractaveris.
2754 4654 3055 4710 Admoneat
3086 4663 3138 4709 te
3165 4663 3316 4711 certe
3353 4656 3497 4725 quod

1915 4753 2162 4815 suscepta
2200 4745 2431 4814 dignitas
2458 4744 2617 4814 primi
2655 4744 2861 4800 ordinis
2906 4744 3265 4814 appellatione
3308 4761 3497 4802 censa:-

1914 4842 2040 4891 tur:
2065 4837 2271 4906 utique,
2304 4835 2428 4906 quia
2450 4843 2504 4890 te
2523 4844 2822 4905 sequuntur
2848 4852 3037 4892 omnes
3067 4837 3160 4906 qui
3183 4840 3496 4906 spectabili-

1916 4924 2045 4980 tatis
2070 4924 2277 4980 honore
2300 4924 2645 4979 decorantur.
2675 4923 2785 4980 Sed
2821 4924 2945 4980 vide
2982 4940 3052 4981 ne
3081 4926 3203 4995 quis
3224 4935 3276 4980 te
3302 4940 3497 4997 prame-

1918 5012 2013 5068 dat
2039 5014 2312 5093 opinione,
2354 5014 2446 5086 qui
2484 5002 2733 5084 sequitur
2768 5014 3049 5087 dignitate.
3080 5016 3297 5090 Alioqui
3332 5029 3496 5083 grave

1918 5104 2129 5177 pondus
2172 5104 2382 5167 invidia:
2421 5112 2521 5169 est,
2564 5104 2849 5174 Splendere
2893 5105 3088 5176 Cinguli
3133 5107 3397 5172 claritate,
3442 5115 3495 5163 et

1910 5180 2130 5252 Amorum
2156 5196 2401 5268 lampade
2417 5181 2529 5251 non
2558 5196 2759 5253 lucere.

1915 5368 2055 5427 Xlll.
2095 5386 2340 5426 FOBIIULA
2384 5385 2633 5427 IAGIS‘I'RI
2672 5387 2871 5445 senisu
2920 5388 2988 5426 ur
3032 5388 3302 5432 continu;
3350 5393 3494 5433 nun

1992 5474 2218 5525 ORDINIS,
2255 5476 2374 5524 ουλε
2412 5477 2584 5515 DANDA
2632 5477 2729 5518 EST
2775 5477 3077 5532 COIICIACO,
3114 5480 3323 5528 QUANDO
3368 5483 3496 5524 PER-

1996 5567 2236 5606 llLl’I‘AT.

1989 5661 2045 5717 Si
2076 5663 2252 5718 honor
2277 5663 2587 5734 frequenter
2614 5664 2855 5734 defertur
2893 5668 3101 5733 otiosis,
3141 5669 3186 5723 si
3226 5668 3493 5726 interdum

1918 5764 2009 5810 aut
2047 5756 2300 5811 nobilitas
2343 5757 2578 5826 eligitur,
2613 5766 2706 5813 aut
2733 5759 2798 5813 ad
2830 5761 3238 5828 rrotnereudum
3294 5761 3491 5831 aliquid

1917 5863 2162 5917 persona)
2191 5856 2394 5904 tantum
2417 5849 2587 5920 gratia
2616 5847 2953 5920 suffragatur,
2983 5866 3089 5920 quo
3119 5851 3292 5910 studio
3315 5868 3481 5908 remu-
