3974 6408
490 404 593 460 695
1694 389 1764 445 Μ.
1799 383 2074 442 Αυιιιῖιιι

2198 381 2506 441 δείουοιιι
3656 374 3771 432 696

493 513 716 571 nerandi
735 517 857 567 sunt
881 508 971 580 qui
999 506 1069 562 ad
1099 505 1284 576 agonis
1310 504 1391 559 sui
1420 502 1638 575 praemia
1667 499 2065 572 pervenerunt?
2099 503 2139 555 A
2167 500 2269 554 rali
2303 498 2627 555 fecunditate
2671 495 2948 566 compleri,
2990 492 3345 563 sobolemque
3386 490 3506 561 ejus
3549 497 3776 544 tantum

491 601 948 662 Considerandum
985 598 1131 669 quali
1171 598 1357 652 labore
1387 594 1644 651 servitum
1677 601 1780 659 est,
1817 600 1875 647 et
1901 592 1980 647 sic
1999 589 2067 645 de
2170 603 2434 655 crescere,
2466 596 2547 656 ut,
2574 586 2720 657 quod
2743 583 3116 643 difﬁcillimum
3156 582 3430 638 aviditatis
3453 594 3628 650 genus
3656 589 3771 645 est,

493 692 926 751 remuneratione
973 686 1338 757 cogitandum.
1385 685 1587 739 Harum
1638 683 1838 754 quippe
1886 695 2069 736 rerum
2171 686 2454 747 parentum
2480 676 2727 732 videatur
2751 683 2879 732 vota
2907 674 3127 730 satiare.
3173 673 3283 729 Sed
3311 672 3493 728 minus
3530 669 3781 724 aumntis

493 797 745 839 mensura
774 781 842 836 de
888 777 1162 834 contrario
1198 775 1374 841 venit,
1404 772 1531 829 dum
1562 772 1667 827 tale
1695 769 2072 827 obedientibus
2162 777 2255 825 cst
2302 782 2411 823 non
2457 767 2686 839 amplius
2735 779 2977 836 quarere
3028 763 3171 820 unde
3219 772 3431 818 tantum
3477 776 3784 817 numerum

492 873 609 928 dari
639 872 799 926 debet
827 869 1047 935 donum,
1079 866 1239 937 quale
1277 863 1543 919 indevotis
1581 862 1755 934 potuit
1779 874 1896 916 esse
1921 858 2065 930 peri-
2172 855 2343 925 possit
2369 869 2586 925 augere.
2620 855 2869 924 Agricola
2897 854 3124 923 diligens
3145 852 3528 924 praeveniendo
3549 851 3789 923 adjuvat

494 959 709 1019 culum.’
726 960 1132 1035 Grandia’sunt,
1158 971 1277 1027 quae
1303 955 1572 1010 sustinent
1596 953 1925 1009 excubantes
1949 963 2071 1020 per-
2174 944 2397 1000 imbrem
2428 946 2722 1013 caelestem,
2752 953 2810 1001 et
2828 953 2955 1000 ante
2982 944 3123 1013 rigat
3147 944 3346 1014 plantas
3362 942 3434 1006 ia,
3466 956 3632 1012 quam
3655 942 3792 1012 plu-

494 1069 678 1119 sonas,
717 1032 1066 1107 contumaces
1094 1049 1160 1103 ad
1187 1047 1483 1119 parendum
1508 1051 1727 1114 cogunt,
1760 1043 1991 1098 latentes
2018 1040 2073 1095 in
2173 1038 2289 1093 vias
2334 1045 2644 1094 mereantur
2688 1045 2924 1108 optatas.
2979 1037 3248 1092 Arborum
3288 1035 3591 1106 quinetiam
3632 1032 3793 1091 fetus

497 1144 761 1200 cubilibus
784 1142 895 1198 suis
915 1139 1163 1213 prudenti
1189 1138 1483 1207 sagacitate
1516 1136 1801 1204 vestigant,
1831 1131 2076 1202 superbis
2174 1127 2464 1184 meliorare
2487 1128 2840 1193 contendens,
2873 1128 3070 1183 diversi
3100 1127 3359 1196 germinis
3381 1126 3593 1184 feturas
3631 1125 3792 1197 insti-

497 1232 817 1288 modestiam
857 1190 1179 1300 aequalitatis
1202 1190 1506 1297 iniponunt.
1540 1224 1618 1278 Ita
1646 1190 1799 1294 quod
1824 1236 1853 1276 a
1880 1190 2078 1291 judici-
2177 1217 2297 1284 tuit,
2329 1225 2390 1272 ut
2415 1217 2768 1289 multiplicata
2795 1190 3082 1273 dulcedine
3105 1190 3422 1282 'fructuum,
3452 1216 3635 1271 hortis
3665 1190 3792 1270 suis

499 1322 600 1377 bus
642 1320 879 1377 breviter
920 1319 1155 1383 dicitur,
1198 1317 1274 1372 'ab
1322 1315 1452 1385 ipsis
1496 1312 1737 1369 efﬁcacia
1786 1310 2079 1366 famulante
2177 1306 2420 1363 conferat
2444 1307 2720 1363 varietatis
2744 1315 3013 1363 ornatum.
3042 1306 3133 1363 Sic
3162 1322 3261 1363 nos
3282 1307 3550 1361 virtutum
3577 1305 3795 1375 jucun-

501 1414 823 1484 completur.
851 1411 1049 1466 Notum
1078 1416 1161 1465 est
1184 1423 1303 1477 quae
1329 1406 1570 1479 pericula
1602 1404 1928 1472 sustineant,
1956 1417 2078 1456 cum
2178 1401 2423 1457 dissimas
2468 1400 2652 1455 laudes
2693 1399 2981 1456 incinctum
3011 1398 3233 1455 Graium
3262 1398 3647 1453 desideramus
3698 1397 3795 1451 ina

503 1503 664 1577 104
694 1502 763 1558 ad
805 1517 996 1559 causas
1022 1501 1310 1555 mittuntur
1348 1497 1569 1552 alienas.
1599 1494 1657 1550 Si
1692 1494 1909 1565 segnius
1934 1499 2077 1561 agat,
2180 1490 2419 1561 cludere,
2448 1498 2506 1545 ut
2530 1504 2747 1557 germen
2778 1489 3013 1545 alienum
3039 1486 3293 1559 amplexu
3321 1487 3513 1559 gratiae
3554 1487 3795 1556 coiliga-

499 1595 701 1666 petitor
728 1593 1005 1663 queritur;
1054 1589 1100 1645 si
1144 1589 1407 1654 districte,
1451 1586 1693 1656 pulsatus
1734 1581 2076 1640 vociferatur.
2184 1586 2298 1633 tum
2321 1579 2481 1633 curia:
2505 1578 2743 1634 moribus
2769 1578 3051 1636 inolescat.
3095 1578 3204 1636 Sed
3241 1578 3358 1634 haac
3385 1577 3603 1633 cultura
3625 1577 3798 1645 longe

502 1687 593 1743 Sic
613 1686 755 1741 inter
779 1691 1066 1753 utrumque
1103 1681 1373 1737 diversum
1401 1694 1525 1734 rara
1553 1679 1669 1733 laus
1692 1684 1775 1732 est
1814 1675 2083 1730 invenisse
2182 1668 2455 1724 dissimilis
2478 1677 2580 1727 est.
2632 1669 2929 1725 Arboribus
2969 1670 3113 1724 enim
3143 1669 3289 1740 quod
3332 1668 3533 1723 melius
3560 1676 3798 1738 putatur

506 1777 854 1847 praeconium.
904 1774 1230 1843 Dignitatum
1285 1786 1422 1842 pace
1458 1769 1718 1832 dicamus,
1759 1764 1964 1823 facilius
2002 1772 2086 1820 est
2184 1759 2470 1827 inseritur;
2497 1760 2565 1815 ad
2611 1759 2728 1817 illas
2755 1760 3043 1831 peregrina
3070 1762 3313 1828 veniunt,
3345 1767 3407 1815 ut
3448 1758 3523 1815 de
3569 1759 3799 1815 illorum

504 1864 780 1920 laudatum
810 1863 1045 1935 judicem
1074 1862 1331 1933 reperire,
1380 1875 1543 1931 quam
1593 1858 1816 1914 militem
1846 1856 2082 1927 injuncta
2115 1871 2161 1930 Β
2184 1852 2365 1924 potius
2408 1853 2671 1910 suavitate
2701 1853 3050 1910 dulcescant:
3077 1853 3234 1910 vobis
3281 1862 3488 1922 autem,
3532 1862 3596 1909 ut
3636 1867 3803 1923 agre-

505 1956 622 2009 sine
651 1953 950 2008 oﬁ'ensione
985 1952 1280 2022 complere.
1307 1949 1463 2005 Aliud
1482 1956 1564 2005 est
1590 1948 1733 2004 enim
1758 1954 1964 2002 tantum
2002 1945 2084 2000 di—
2186 1946 2288 2003 stia
2315 1945 2618 2018 proﬁciant,
2647 1944 2964 2003 offeruntur.
2996 1945 3130 2001 Nam
3156 1947 3403 2016 quamvis
3441 1945 3589 2015 ignis
3632 1953 3803 2001 nocte

506 2061 632 2101 cere
666 2044 921 2110 legitima,
979 2041 1123 2097 aliud
1170 2041 1239 2095 ad
1280 2040 1568 2099 terminum
1614 2037 1900 2122 deduxisse
1936 2036 2087 2107 justi-
2186 2036 2445 2104 relucent,
2469 2037 2571 2092 soli
2599 2045 2779 2091 tamen
2807 2044 3164 2107 praesentatus
3208 2036 3474 2092 obscurus
3509 2042 3621 2091 est.
3658 2035 3804 2092 Hinc

505 2136 660 2190 tiam.
690 2133 1051 2202 Laudabiliter
1077 2131 1292 2201 quidem
1313 2130 1515 2185 bonum
1544 2128 1769 2193 dicitur;
1795 2127 1888 2182 sed
1916 2127 2086 2193 multo
2188 2133 2272 2180 est
2298 2125 2442 2195 quod
2470 2125 2537 2179 ad
2563 2124 2711 2202 illum
2739 2124 2983 2179 ordinem
3026 2122 3158 2178 nihil
3187 2130 3370 2194 potest
3395 2123 3667 2178 eximium
3697 2122 3804 2179 de-

505 2227 791 2298 gloriosius
835 2198 1036 2281 statuta
1084 2198 1443 2294 complentur.
1483 2221 1663 2276 Verba
1712 2227 1921 2275 tantum
1959 2218 2087 2275 diri-
2190 2214 2335 2281 ferri,
2375 2214 2478 2270 nisi
2507 2198 2652 2286 quo'd
2682 2229 2779 2285 per
2806 2216 2981 2286 ipsum
3021 2213 3286 2285 probatur
3326 2214 3537 2283 augeri.
3569 2212 3644 2269 Et
3670 2213 3806 2270 ideo

505 2327 703 2387 guntur
722 2333 753 2372 a
779 2315 1112 2387 praesulibus,
1144 2329 1174 2369 a
1195 2312 1452 2369 militibus
1472 2318 1652 2367 autem
1681 2310 1979 2382 postulatur
2007 2307 2088 2364 ef-
2190 2309 2340 2363 illum
2362 2309 2617 2363 natalium
2648 2308 2936 2379 splendore
2968 2306 3345 2377 conspicuum,
3376 2314 3434 2362 et
3460 2305 3676 2377 ingenii
3717 2320 3807 2362 ca-

505 2411 698 2468 fcctus.
724 2409 856 2466 Post
893 2409 1075 2465 omnia
1095 2406 1350 2478 periculis
1376 2404 1697 2468 subduntur,
1737 2401 1782 2459 si
1813 2400 2091 2457 constricti
2191 2399 2307 2454 lore
2337 2398 2628 2469 prudenter
2668 2413 2975 2464 accensum,
3023 2405 3248 2453 senatus
3296 2397 3480 2451 lumen
3527 2396 3807 2467 excipiat;

507 2502 709 2573 aliquid
743 2501 1035 2559 verisimile
1081 2504 1507 2568 conquerantur.
1537 2496 1874 2565 Frequenter
1908 2491 2093 2547 nocuit
2192 2489 2465 2545 Hactenus
2495 2487 2595 2543 fuit
2637 2489 2746 2544 suis
2791 2488 3002 2543 meritis
3044 2488 3264 2554 clarus;
3295 2487 3391 2543 sed
3416 2484 3534 2555 jam
3577 2486 3695 2540 erit
3736 2485 3809 2542 de

509 2598 629 2653 aliis
673 2596 787 2666 ipsa
823 2606 1040 2662 quoque
1076 2588 1357 2656 integritas
1402 2584 1650 2642 actionis.
1704 2583 1838 2638 Nam
1872 2580 2089 2646 multos,
2192 2588 2370 2635 vestra
2397 2579 2779 2649 perspicuitate
2802 2577 3143 2649 przelucidus.
3177 2575 3407 2633 Pandite
3431 2579 3678 2648 curiam,
3711 2594 3809 2635 suo

509 2698 646 2761 quas
660 2690 712 2745 in
735 2686 1084 2744 exsecutione
1105 2681 1427 2738 contristare
1448 2678 1549 2733 nisi
1573 2683 1720 2744 sunt,
1744 2674 1889 2746 ipsos
1910 2682 2094 2744 postea
2194 2670 2383 2740 scipite
2418 2667 2781 2725 candidatum.
2812 2666 2931 2722 Jam
2977 2667 3188 2723 senatui
3234 2666 3669 2737 praedestinatus
3700 2676 3808 2735 est,

512 2755 786 2853 iinpensos
820 2777 1030 2848 judices
1075 2772 1429 2845 pertulerunt.
1461 2766 1749 2823 Offendunt
1798 2766 1939 2820 enim
1985 2764 2095 2819 fre-
2196 2760 2282 2814 cui
2314 2773 2412 2814 nos
2439 2758 2762 2814 contulimus
2787 2756 3113 2812 laticlaviam
3140 2756 3486 2826 dignitatem.
3512 2755 3807 2827 Benigno:

467 2920 471 2925 .
511 2849 743 2946 quenter
770 2869 960 2940 ignari,
988 2867 1184 2938 quibus
1209 2870 1333 2920 sunt
1361 2869 1549 2933 postca
1575 2858 1836 2931 parituri;
1877 2864 1934 2913 et
1968 2855 2095 2910 dum
2196 2868 2314 2907 esse
2356 2867 2578 2909 necesse
2606 2859 2689 2908 est
2715 2851 2961 2923 publicos
3000 2858 3204 2920 patres,
3236 2850 3364 2921 quia
3413 2849 3521 2906 hoc
3548 2850 3804 2906 vocabu-

511 2941 688 3021 causis
727 2960 917 3017 alienis
963 2957 1123 3012 ﬁdem
1170 2952 1499 3016 custodiunt,
1544 2947 1812 3005 interdum
1856 2945 2098 3018 pericula
2197 2945 2307 2999 lum
2336 2960 2443 3000 non
2473 2952 2681 2999 tantum
2707 2958 2807 3001 suo
2829 2943 2991 2999 debet
3033 2942 3264 3012 germini
3307 2950 3578 3011 quantum
3612 2941 3809 2998 studio

512 3054 746 3128 prepriae
774 3051 962 3108 salutis
986 3048 1283 3104 incurrunt.
1323 3044 1521 3099 Verum
1563 3042 1707 3097 inter
1733 3038 1849 3108 hare
1874 3038 2097 3093 militem
2198 3046 2434 3107 vetoque
2461 3033 2720 3107 generali.

517 3147 755 3201 evasisse
779 3142 1077 3208 laudatum,
1107 3149 1289 3192 nonne
1310 3134 1455 3206 juste
1483 3131 1696 3187 videtur
1723 3144 1845 3186 esse
1873 3128 2100 3184 miracu-

515 3238 660 3294 lum?
689 3235 905 3291 Talibus
930 3231 1092 3301 igitur
1118 3227 1326 3285 meritis
1352 3222 1663 3280 vicissitudo
1689 3219 1961 3276 reddenda
1991 3225 2092 3283 est,

513 3337 576 3387 ut
618 3328 784 3384 nimio
821 3326 1009 3380 labore
1037 3330 1314 3393 torpentes
1348 3316 1563 3373 indictis
1591 3313 1707 3389 [Gn
1751 3320 1799 3368 et
1837 3310 1977 3384 Cuj.,
2008 3310 2091 3365 in-

514 3419 701 3494 dultis]
757 3413 1287 3489 compcnsationibus
1348 3410 1666 3467 excitemus.
1698 3403 1887 3487 zUtere
1932 3402 2105 3471 igitur

515 3515 849 3574 conﬁdenter
874 3507 1133 3582 quidquid
1154 3504 1422 3562 veteranis
1466 3499 1716 3558 muniﬁca
1735 3499 1858 3570 jura
1885 3497 2090 3552 tribue-

517 3615 666 3677 runt,
692 3604 826 3661 nulli
861 3600 1080 3659 sordido
1115 3594 1479 3666 subjiciendus
1507 3590 1679 3657 oneri,
1709 3590 1803 3661 qui
1830 3595 1884 3644 te
1911 3588 2093 3659 puris~

519 3701 658 3756 sima
680 3692 1094 3753 conversatione
1122 3687 1384 3744 tractasti.
1413 3683 1734 3740 Comitivam
1755 3695 1973 3751 quoque
1994 3678 2091 3734 tibi

520 3790 681 3865 primi
708 3786 930 3852 ordinis,
961 3799 1120 3854 quam
1149 3781 1245 3837 tali
1284 3778 1474 3836 militia
1503 3773 1798 3848 perfunctis
1824 3788 1962 3829 cana
2001 3772 2096 3828 de-

516 3862 726 3955 putavit
750 3877 1060 3950 antiquitas,
1083 3870 1377 3931 sccundum
1401 3875 1601 3925 statuta
1636 3865 1830 3922 divalia
1854 3862 2096 3920 vindica-

516 3976 618 4031 bis.
659 3972 785 4028 Hinc
823 3968 1039 4040 quidem
1083 3964 1384 4036 priscorum
1419 3957 1687 4017 beneﬁcio
1727 3955 2094 4025 consequeris,

517 4064 613 4121 sed
650 4061 822 4120 nostri
866 4058 1096 4115 nominis
1123 4064 1311 4113 contra
1353 4050 1593 4108 inciviles
1619 4049 1851 4119 impetus
1878 4054 1933 4101 et
1962 4060 2095 4100 con-

518 4154 846 4213 ventionalia
878 4150 1201 4208 detrimenta
1236 4143 1460 4217 perenni
1486 4141 1716 4197 tuitione
1759 4136 1994 4204 vallaris,
2037 4144 2098 4192 ut

519 4250 755 4306 cilicium
802 4243 948 4314 quod
991 4240 1191 4297 nostris
1215 4235 1546 4308 jussionibus
1580 4230 1800 4303 speciali
1839 4228 2098 4285 sollicitu-

520 4340 645 4395 dine
673 4334 988 4391 famulatum
1016 4337 1120 4394 est,
1151 4326 1380 4397 amplius
1405 4321 1602 4393 aliquid
1631 4335 1661 4375 a
1698 4319 1954 4374 militibus
1995 4333 2101 4374 caa-

521 4430 651 4486 tcris
678 4421 977 4499 promereri
1007 4419 1245 4491 potuisse
1270 4414 1532 4470 videatur.
1556 4410 1752 4466 Mulcta
1775 4422 1991 4479 quoque
2016 4413 2099 4462 tot

522 4519 598 4592 [id
637 4498 735 4585 est,
764 4513 973 4577 decem,
1008 4508 1100 4564 Gr.
1130 4515 1179 4563 et
1208 4503 1350 4577 Cuj.j
1376 4503 1630 4560 ﬁbrarum
1665 4499 1780 4555 auri
1803 4498 2099 4570 percellen-

521 4586 647 4665 dum
675 4620 796 4662 esse
828 4615 1133 4669 censemus,
1176 4598 1220 4654 si
1249 4597 1369 4666 quis
1406 4601 1606 4650 statuta
1648 4598 1831 4646 nostra
1864 4586 2102 4658 qualibet
2131 4612 2179 4672 υ

522 4695 812 4756 crediderit
854 4691 1136 4748 occasione
1190 4683 1455 4743 violanda.
1507 4681 1617 4738 Nec
1670 4688 1849 4734 tamen
1896 4676 2098 4747 aliquid

523 4800 710 4848 contra
732 4795 788 4843 te
812 4786 990 4841 valere
1012 4780 1389 4854 permittimus,
1420 4774 1565 4847 quod
1593 4772 1780 4829 dolosa
1808 4769 1969 4827 fuerit
1988 4782 2103 4823 ma-

524 4881 835 4938 chinatione
862 4884 1149 4932 tentatum.

2468 3164 2582 3224 XV.
2623 3174 2869 3223 rostrum
2904 3181 3103 3222 vicatm
3142 3180 3293 3221 UBBIS
3334 3180 3523 3222 song.

2126 3252 2171 3314 ί)
2270 3278 2427 3334 Vices
2456 3278 2727 3347 agentium
2766 3291 2885 3333 mos
2926 3285 3010 3333 est
3035 3277 3115 3332 sic
3140 3276 3387 3347 judicum
3422 3277 3811 3336 voluntatibus

2192 3368 2434 3432 obedire,
2469 3376 2529 3423 ut
2555 3382 2681 3423 suas
2709 3382 2817 3423 non
2859 3367 3098 3422 habeant
3133 3366 3449 3435 dignitates.
3495 3365 3811 3438 Splendeat

2193 3467 2437 3515 mutuato
2478 3458 2699 3524 lumine,
2748 3458 2990 3513 nituntur
3033 3456 3238 3512 viribus
3277 3457 3502 3524 alienis;
3551 3466 3611 3513 et
3658 3475 3812 3529 qua:-

2193 3552 2319 3608 dam
2346 3553 2522 3620 imago
2548 3551 2603 3605 in
2634 3550 2737 3605 illis
2761 3549 2975 3605 videtur
3000 3563 3121 3604 esse
3149 3548 3421 3617 veritatis,
3464 3549 3561 3618 qui
3590 3551 3810 3622 proprii

2195 3657 2306 3699 non
2333 3635 2537 3696 habent
2557 3640 2680 3710 jura
2711 3636 2952 3708 fulgoris.
2984 3636 3067 3693 Tu
3094 3644 3280 3692 autem
3314 3637 3552 3692 vicarius
3571 3637 3809 3706 diceris,

2195 3739 2252 3786 et
2294 3741 2385 3785 tua
2414 3728 2690 3799 privilegia
2721 3743 2828 3784 non
2866 3727 3147 3796 relinquis,
3200 3725 3420 3796 quanio
3450 3725 3692 3795 propria
3732 3732 3814 3781 est

2191 3824 2491 3897 iurisdictio
2536 3839 2656 3894 quae
2695 3824 2852 3880 datur
2891 3839 2921 3878 a
2949 3822 3211 3895 principe.
3256 3820 3439 3877 Habes
3486 3822 3641 3877 enim
3691 3803 3813 3879 cum

2197 3915 2461 3990 praefectis
2511 3915 2746 3984 aliquam
2791 3913 3120 3986 portionem,
3170 3920 3358 3985 partes
3406 3911 3555 3984 apud
3598 3920 3667 3968 te
3715 3911 3812 3968 sub

2195 4008 2520 4079 prmtoriana
2550 4006 2904 4062 advocatione
2929 4004 3247 4073 conﬂigunt.
3274 4013 3299 4041 ι
3328 4002 3466 4057 Vice
3493 4016 3667 4058 sacra
3686 4017 3812 4058 sen-

2199 4100 2421 4156 tentiam
2463 4099 2618 4164 dicis,
2673 4098 2928 4167 et,quod
2977 4096 3225 4150 maximae
3262 4091 3389 4148 ﬁdei
3425 4093 3658 4163 signum
3707 4102 3808 4159 est,

2198 4189 2226 4230 ι»
2249 4190 2305 4245 in
2346 4187 2789 4259 inscriptionibus
2812 4186 2923 4241 vita
2971 4184 3066 4240 tibi
3095 4182 3456 4240 committitur
3495 4180 3809 4246 hominum,

2197 4282 2344 4354 quod
2366 4282 2507 4336 inter
2530 4280 2787 4336 mortales
2807 4284 3024 4334 constat
3056 4290 3177 4332 esse
3205 4274 3537 4345 pretiosum.
3582 4273 3814 4329 Additur

2200 4373 2345 4446 quod
2371 4387 2471 4428 nec
2506 4371 2728 4428 salutari
2757 4377 2811 4426 te
2853 4369 2971 4424 sine
2999 4365 3291 4438 chlamyde
3314 4362 3440 4434 jura
3488 4363 3814 4431 voluerunt,

2198 4468 2424 4535 scilicet,
2453 4473 2515 4522 ιιι
2536 4465 2637 4521 sub
2666 4470 2814 4520 veste
2835 4462 3054 4518 militari
3078 4473 3297 4530 semper
3322 4459 3499 4525 visus,
3526 4472 3813 4527 nunquam

2202 4557 2495 4614 credereris
2521 4571 2639 4612 esse
2659 4556 2919 4626 privatus.
2946 4551 3057 4609 Sed
3076 4552 3190 4607 haec
3210 4549 3394 4605 omuia
3423 4547 3494 4602 ad
3518 4546 3815 4617 praefectu-

2202 4665 2278 4707 rae
2309 4651 2533 4719 gloriam
2559 4647 2859 4718 iudicamus
2905 4660 3025 4702 esse
3068 4655 3348 4706 concessa,
3401 4649 3465 4696 ut
3494 4642 3599 4710 qui
3650 4648 3813 4695 tantm

2208 4743 2355 4800 sedis
2378 4742 2637 4799 vicarium
2673 4741 2896 4805 diceret,
2923 4736 3213 4793 umbratile
3243 4734 3318 4790 nil
3340 4733 3581 4789 videret.
3615 4719 3812 4789 Consi-

2208 4837 2338 4893 dera
2368 4835 2543 4905 qualia
2571 4833 2637 4888 de
2669 4842 2719 4888 te
2740 4839 2981 4903 praastes,
3014 4831 3104 4899 qui
3127 4835 3279 4884 tanta
3313 4826 3656 4882 auctoritate
3686 4824 3812 4879 sub-

2208 4926 2442 4985 veheris.
2496 4925 2783 4981 Exuendus
2829 4939 2861 4979 a
2915 4922 3139 4979 crimine
3195 4936 3304 4977 non
3350 4919 3601 4975 nudetur
3648 4917 3808 4991 [atii,

680 5011 817 5069 XIV.
859 5025 1105 5067 PORIULA
1143 5024 1211 5063 ns
1252 5017 1578 5061 REFERENDIS
1614 5018 1666 5058 IN
1703 5016 1927 5058 sanun.

2210 5019 2441 5090 videtur]
2468 5017 2535 5072 ab
2563 5015 2781 5071 innoxia
2814 5012 3089 5070 facultate.
3131 5011 3266 5067 Nam
3288 5010 3417 5080 quid
3463 5010 3571 5065 tibi
3611 5009 3810 5066 debere

566 5128 852 5203 Optamus
880 5123 1095 5200 quidem
1126 5120 1328 5177 curiam
1356 5124 1576 5175 senatus
1601 5113 1913 5185 amplissimi
1942 5121 2100 5168 natu-
2208 5109 2399 5181 possit,
2438 5108 2483 5163 si
2528 5105 2763 5162 minimis
2796 5104 2963 5179 [ϐοτη
3003 5103 3181 5168 Cum,
3221 5098 3455 5172 meritis]
3486 5101 3609 5156 suis
3640 5101 3810 5171 impu-

596 5313 619 5340 ι
642 5301 836 5366 Supra,
887 5298 992 5352 hoc
1030 5294 1150 5360 lib.,
1186 5293 1349 5366 form.
1372 5290 1457 5366 _6;
1507 5303 1703 5366 sacra._
1722 5287 1787 5349 ις
1835 5283 2099 5366 principe,
2208 5281 2480 5366 piantibus
2501 5279 2793 5366 impcpd‘et‘,
2818 5278 3138 5366 obstringat,
3162 5276 3199 5366 l'.
3225 5276 3278 5366 7.ζ
3302 5273 3366 5366 (ξξ
3390 5272 3472 5366 D'e
3491 5276 3631 5342 cal.;
3659 5274 3697 5329 l.
3725 5274 3803 5366 ll,

520 5373 561 5427 1.
590 5343 1153 5439 δίυιξῗᾷαἱῖῖιῖίᾦλῖἀξ
1179 5343 1644 5429 ἷῧίᾞίράιηίε.
1669 5343 1854 5412 Sacra.
1869 5356 1985 5409 vice
2011 5343 2096 5419 ἱιιλ

524 5444 701 5476 ,ιςηιηη
757 5440 892 5476 νηηη
948 5436 982 5476 3
1045 5435 1134 5476 Iih-
1169 5449 1239 5476 vr-
1266 5432 1397 5476 Vico.
1438 5444 1591 5476 sacra
1635 5426 1886 5476 indicavit
1913 5425 2096 5476 Dncfe-

2210 5355 2238 5476 ξ
2270 5352 2524 5476 chidam:
2555 5343 2685 5432 ad].
2704 5347 2810 5432 Jul.
2841 5348 2921 5430 De
2947 5343 3147 5431 addit:
3172 5347 3214 5428 .l.
3246 5346 3299 5410 ’5,
3419 5343 3505 5398 De
3531 5362 3742 5408 acuta;
3771 5344 3801 5395 Ι.

2246 5464 2261 5476 .
2339 5463 2353 5476 .
2385 5422 2452 5476 ad
2487 5420 2712 5476 Turmll.
2742 5428 3107 5476 inscriptionis
3135 5416 3366 5473 vinculi.
3400 5415 3438 5468 l.
3481 5414 3574 5476 ll,
3612 5427 3673 5469 et
3712 5414 3801 5467 ult.

523 5414 915 5504 dicavritrlo‘i'in:
937 5414 1592 5504 "dfliijijvricegsacra
1627 5426 1886 5504 judicavit
1913 5414 2103 5504 pmifg—
2210 5414 2261 5504 ξ,
2385 5420 2712 5504 adnTiLrpill.
2742 5416 3366 5504 meaiptiopis‘anculi;
3400 5415 3457 5504 1ἱὶ
3481 5414 3574 5480 Η,
3606 5427 3685 5504 εξ
3712 5414 3803 5504 ult1

1286 5479 1609 5561 ξ’)..νίῖἱεᾶιῖἰιῖε
1627 5479 1803 5561 Urbis,
1827 5479 1983 5551 forin.
2017 5492 2101 5548 15.
2207 5479 2514 5579 ιιιιιιεεβ.
2543 5479 2618 5573 ρὲ
2648 5506 2857 5579 a‘ccus.;
3087 5485 3158 5579 Cl.‘
3174 5484 3382 5579 Tl'i‘eod.
3409 5482 3493 5538 De
3520 5479 3806 5579 facere?!

521 5553 772 5635 libarius“:
920 5553 935 5571 ’
1023 5553 1053 5575 r
1124 5553 1136 5569 ’
1252 5553 1260 5555 ⁷
1296 5553 1338 5556 Π
1516 5554 1522 5561 ’
1792 5553 1801 5561 ’
1869 5633 1877 5635 Α
1961 5632 1988 5635 η
2209 5553 2862 5635 trausmit._reis;_l._pen_._
2881 5568 2936 5612 et
2964 5558 3087 5635 ult.,
3117 5556 3185 5635 (Ξἒ
3212 5555 3292 5635 D_e
3321 5563 3587 5635 accusat;
3618 5554 3657 5607 1.
3685 5553 3799 5613 ult,

833 5640 1375 5718 In__inscription_ibu3,
1414 5638 1469 5693 id
1506 5646 1605 5700 est,
1646 5632 2097 5718 accusationibus,
2207 5633 2268 5687 Ι).
2301 5633 2585 5718 [ξείρνὶιται.
2618 5624 2791 5718 Δειίςι.
2824 5627 3138 5718 Exemplum
3171 5626 3208 5679 1.
3232 5626 3287 5693 '5,
3321 5624 3498 5718 D.'De
3519 5640 3725 5718 agens:
3752 5626 3803 5675 et

524 5716 586 5772 C.
615 5692 853 5781 TEBB‘J.,'
865 5692 1193 5778 rtit:
1292 5692 1383 5781 ille
1411 5692 1914 5781 occus.'et_inscrip._
1932 5692 2096 5781 Nemo

2204 5704 2342 5781 apud
2378 5692 2713 5781 Luciauu‘mi
2731 5702 2781 5754 ἐν
2821 5698 2935 5762 δίκῃ
2983 5692 3294 5770 ᾧωνηέντων,
3349 5694 3522 5765 gloss.
3556 5692 3802 5759 Basilic,

524 5768 590 5838 ad
626 5768 1205 5840 crimen'deferciidum
1237 5768 1552 5841 admittitur,
1586 5775 1684 5829 nisi
1714 5774 1807 5845 qui
1836 5768 2100 5845 solemnia
2203 5768 2294 5828 lib.
2329 5787 2417 5841 ιχ,
2452 5773 2531 5827 tit.
2559 5768 2646 5825 42.
2673 5769 2912 5826 Forma.

528 5839 885 5912 accusatioms
922 5853 1160 5924 impleat,
1184 5859 1236 5910 et
1258 5864 1375 5908 sese
1414 5847 1479 5905 ad
1503 5839 1879 5919 pd:nam,'quac
1907 5839 2101 5898 calum-
