3974 6386
200 369 309 427 697

1461 372 1828 437 VARIARUM
1867 378 2074 438 LIBER
2111 380 2200 441 VI.

3394 382 3504 441 698

202 496 282 545 tet
329 488 479 561 quod
518 494 731 551 evasit!
750 495 843 553 Ad‘
880 497 1288 557 similitudinem
1320 497 1520 570 quippe
1555 511 1800 553 sumino-
1827 478 1881 558 Ᾰ
1904 495 2072 554 debes
2098 499 2261 568 igitur
2304 498 2373 556 ad
2414 498 2648 571 labores,
2678 500 2896 572 quando
2925 499 3022 560 tibi
3068 499 3180 558 tale
3223 498 3504 573 pratulum

202 594 348 648 rum,
380 593 644 655 carpento
681 588 913 646 veheris.
939 600 965 628 ι
988 590 1132 646 Intra
1163 589 1639 661 quadragesimum
1677 604 1804 645 san-

201 672 462 729 ctissima
510 673 671 733 Urbis
698 676 822 748 jura
861 680 1119 737 custodis.
1164 680 1439 737 Praneste
1478 679 1635 736 ludos
1665 678 1800 745 edis,

202 765 260 821 in
285 764 460 821 vicem
488 769 726 824 consulis
748 769 804 824 in
831 770 1096 828 honorem
1117 773 1347 843 positus,
1376 771 1805 841 dignitatemque

203 853 475 910 senatoris
522 856 777 928 acquiris,
815 865 872 914 et
907 858 996 914 illa
1034 861 1129 915 tibi
1159 860 1473 931 panduntur
1512 860 1651 915 atria
1680 872 1804 930 qua

204 944 565 1001 summatibus
586 945 882 1015 probantur
906 963 1027 1004 esse
1050 950 1267 1005 collata.
1301 948 1439 1005 Hinc
1468 958 1553 1005 est
1575 948 1719 1018 quod
1748 948 1804 1004 in

206 1036 330 1091 aula
359 1036 628 1093 libertatis
654 1037 836 1095 locum
875 1040 1109 1111 patrium
1141 1048 1322 1107 tenes;
1365 1048 1422 1097 et
1461 1041 1535 1097 ibi
1575 1040 1803 1097 mereris

204 1141 542 1194 consessum,
559 1128 647 1184 ubi
669 1138 751 1185 est
771 1129 858 1185 vel
883 1129 1116 1186 intrasse
1131 1130 1483 1202 praconium.
1512 1129 1617 1201 Ipsi
1642 1130 1804 1199 quin-

202 1218 369 1274 etiam
394 1227 709 1286 senatores,
749 1220 840 1291 qui
886 1221 1198 1292 pracedunt
1221 1222 1448 1292 ordine,
1496 1221 1676 1294 aliqua
1718 1221 1804 1278 vi-

204 1308 403 1366 dentur
432 1327 463 1366 a
492 1319 547 1367 te
576 1314 883 1369 necessaria
928 1314 1228 1386 postulare.
1270 1314 1451 1372 Habes
1477 1314 1624 1386 quod
1665 1329 1805 1386 pra-

203 1408 319 1456 stes
358 1403 664 1472 potioribus
714 1413 797 1473 te;
846 1420 948 1462 nec
996 1406 1270 1463 immerito
1317 1407 1460 1463 inter
1500 1408 1805 1479 pracipuos

202 1492 507 1548 censendus
532 1508 610 1560 es,
640 1493 731 1564 qui
762 1494 1062 1566 autjuvare
1092 1504 1272 1567 potes,
1312 1505 1406 1553 aut
1434 1496 1630 1553 ladere
1672 1512 1807 1553 con-

201 1584 434 1641 sulares.
474 1584 632 1656 Erige
660 1587 869 1643 animos
898 1588 999 1643 sub
1027 1588 1292 1658 qualitate
1328 1588 1627 1645 modestia.
1661 1587 1806 1644 Talis

202 1684 289 1733 est
326 1692 665 1749 unaquaque
703 1678 955 1747 dignitas,
985 1680 1163 1751 qualis
1204 1679 1696 1736 administrantium
1723 1688 1807 1737 est

200 1767 477 1824 voluntas.
524 1767 670 1824 Nihil
710 1769 982 1839 abiectum
1026 1778 1133 1837 est,
1161 1769 1307 1841 quod
1336 1772 1390 1826 in
1436 1771 1627 1844 repub.
1658 1770 1802 1841 geri-

1906 591 2245 660 propositum
2270 592 2438 661 vides,
2485 593 2645 663 quale
2671 607 2732 650 se
2775 592 3011 665 gaudent
3036 593 3307 650 invenisse
3346 606 3500 650 sum-

1906 679 2143 735 mitates.

2170 812 2331 871 XVII.
2364 812 2393 854 δ
2421 830 2669 871 rosarum
2696 830 3233 872 nsrsnsnnamonux.

1977 921 2233 992 Quamvis
2254 931 2463 980 tantum
2485 924 2557 982 sit
2575 925 2723 981 clara
2740 939 2968 995 quaque
2988 924 3222 993 dignitas
3236 931 3498 994 quantum

1903 1029 2024 1071 eam
2069 1015 2366 1086 prasentia
2408 1024 2610 1071 nostra
2652 1023 2976 1086 conspectus
3022 1015 3287 1070 illuminat
3349 1014 3500 1087 (dum

1904 1121 2120 1178 semper
2154 1107 2424 1165 honorem
2469 1106 2716 1178 suscipit,
2751 1107 2844 1177 qui
2891 1115 3078 1163 nostra
3105 1106 3374 1177 colloquia
3401 1106 3501 1162 de-

1904 1198 2101 1258 center
2122 1200 2394 1271 acquirit),
2425 1214 2587 1256 nemo
2617 1208 2799 1256 tamen
2823 1213 3106 1256 sermones
3140 1206 3361 1255 nostros
3384 1205 3503 1253 tan-

1905 1299 2021 1348 tum
2049 1300 2291 1348 meretur
2312 1307 2477 1364 quam
2521 1291 2617 1362 qui
2641 1291 3039 1348 referendarius
3072 1305 3195 1347 esse
3220 1288 3499 1359 dignosci-

1904 1392 2013 1441 tur.
2044 1382 2150 1439 Per
2174 1398 2299 1440 eum
2328 1384 2486 1440 nobis
2532 1398 2817 1440 causarum
2864 1382 3082 1445 ordines
3126 1388 3497 1451 exponuntur,

1903 1487 2005 1543 per
2028 1488 2152 1529 eum
2177 1472 2634 1543 interpellandum
2674 1479 2804 1528 vota
2833 1472 3248 1547 cognoscimus;
3278 1480 3336 1525 et
3364 1470 3499 1541 ipsis

1904 1576 2162 1633 responsa
2183 1562 2476 1628 reddimus,
2493 1568 2561 1617 ut
2574 1561 2788 1632 negotia
2802 1559 3109 1630 compedita
3132 1557 3277 1632 [Con
3288 1600 3305 1627 ,
3320 1555 3500 1625 ϐακε..

1904 1650 2180 1723 expedita]
2204 1650 2496 1708 solvamus.
2524 1649 2775 1720 Magnum
2805 1657 2891 1707 est
2917 1649 2973 1705 in
3011 1650 3116 1705 hoc
3142 1663 3319 1718 agone
3349 1648 3501 1717 priu-

1905 1742 2065 1816 cipali
2091 1744 2297 1800 servire
2336 1743 2654 1816 prudentia,
2693 1752 2750 1801 et
2799 1744 2869 1800 ad
2913 1744 3150 1800 subitum
3177 1744 3258 1800 sic
3283 1742 3504 1799 dolores

205 1866 315 1927 tur,
345 1860 450 1915 nisi
474 1859 630 1917 malis
659 1833 821 1917 fuerit
861 1862 1104 1918 moribus
1118 1833 1272 1918 forte
1292 1833 1559 1919 vitiatum.
1591 1833 1726 1918 Nam
1760 1863 1807 1920 si

1916 1835 2116 1892 alienos
2139 1849 2405 1901 asserere,
2435 1843 2497 1891 ut
2525 1834 2974 1905 conquerentium
2994 1833 3245 1890 videatur
3263 1840 3389 1888 vota
3417 1846 3508 1887 sa-

203 1952 493 2009 humilium
514 1954 851 2025 privatorum
877 1956 1061 2027 placet
1080 1957 1377 2028 aqualitas,
1405 1965 1610 2029 quanto
1637 1955 1808 2025 magis

203 2032 363 2114 grata
390 2053 474 2101 est
496 2046 550 2101 in
586 2047 873 2119 potestatis
899 2047 1133 2104 culmine
1175 2047 1466 2114 custodita,
1497 2062 1619 2118 qua
1662 2045 1807 2103 difﬁ-

205 2135 367 2191 cilem
414 2135 637 2193 modum
681 2146 884 2203 servat,
917 2138 1045 2195 dum
1092 2138 1160 2194 ad
1200 2154 1356 2194 suum
1382 2138 1524 2195 velle
1550 2136 1808 2199 festinati

206 2226 444 2285 Proinde
484 2230 701 2286 vicaria
748 2229 844 2286 tibi
890 2229 1209 2302 dignitatem
1253 2231 1563 2287 serenitatis
1608 2238 1808 2286 nostra

205 2321 567 2377 astimatione
604 2319 949 2389 conferimus,
981 2338 1146 2393 quam
1194 2322 1275 2379 sic
1324 2322 1513 2379 Roma
1538 2336 1715 2392 geras,
1744 2328 1809 2377 ut

206 2412 599 2470 conscientiam
622 2420 769 2469 tuam
799 2420 950 2468 tanta
977 2412 1197 2470 civitate
1222 2412 1388 2470 facias
1411 2429 1531 2470 esse
1559 2413 1808 2484 dignissi-

205 2516 375 2556 mam.
406 2499 614 2559 Usurus
643 2501 892 2559 omnibus
912 2503 1227 2575 privilegiis,
1261 2518 1381 2574 qua
1410 2511 1534 2560 tuos
1559 2503 1809 2561 decesso-

203 2610 299 2652 res
325 2594 581 2652 habuisse
609 2595 935 2663 constiterit,
969 2594 1097 2665 quia
1134 2594 1276 2651 sicut
1298 2610 1330 2650 a
1370 2594 1523 2651 vobis
1553 2595 1807 2665 antiquo-

201 2702 328 2743 rum
371 2687 615 2743 instituta
662 2686 1026 2758 deposcimus,
1084 2686 1160 2743 ita
1206 2694 1264 2743 et
1309 2685 1561 2758 dignitati
1615 2693 1809 2743 vestra

200 2787 392 2836 vetera
421 2795 530 2836 non
559 2793 843 2850 negamus.

593 2887 732 2946 XVI.
771 2905 1023 2947 ινοιιιίυιΑ
1049 2905 1417 2948 nonmonuu.

276 2981 394 3039 Non
423 2989 507 3039 est
532 2982 752 3039 dubium
780 2997 979 3040 ornare
1015 2982 1290 3053 subjectos
1331 2981 1590 3057 principis
1619 2997 1802 3040 secre-

203 3083 343 3140 tum,
383 3073 510 3128 dum
540 3074 699 3129 nullis
743 3073 1080 3129 astimantur
1128 3073 1435 3130 necessaria
1464 3088 1619 3145 posse
1655 3088 1807 3133 com-

201 3164 369 3233 mitti,
405 3164 507 3221 nisi
532 3164 625 3235 qui
645 3163 846 3221 fuerint
888 3163 993 3220 fide
1021 3164 1482 3235 magna-solidati.
1523 3161 1807 3221 Publicum

202 3263 293 3311 est
314 3254 532 3325 quidem
561 3268 725 3310 omne
771 3253 918 3324 quod
947 3253 1155 3326 agimus
1183 3271 1197 3308 :
1228 3255 1324 3311 sed
1352 3254 1519 3310 multa
1545 3269 1656 3310 non
1682 3261 1810 3311 sunt

204 3352 337 3400 ante
363 3343 602 3412 scienda,
634 3343 737 3399 nisi
778 3359 902 3400 cum
947 3343 1167 3414 fuerint,
1196 3342 1310 3401 Deo
1340 3344 1655 3413 auxiliante,
1686 3361 1811 3416 per-

204 3432 369 3491 fecta.
401 3433 533 3502 Qua
564 3442 714 3490 tanto
742 3433 864 3505 plus
894 3434 1094 3491 debent
1122 3435 1327 3504 occuli,
1347 3446 1551 3508 quanto
1580 3436 1811 3508 amplius

205 3523 580 3581 desiderantur
624 3523 863 3594 agnosci.
908 3522 1072 3595 Regis
1116 3524 1402 3581 consilium
1464 3525 1612 3582 solos
1656 3526 1814 3582 decet

211 3614 359 3670 scire
384 3613 751 3684 gravissimos.
783 3611 986 3670 Imitari
1009 3613 1210 3670 debent
1237 3614 1489 3683 armaria,
1528 3630 1649 3687 qua
1676 3631 1812 3672 con—

212 3704 389 3760 tinent
412 3711 761 3760 monumenta
790 3703 1119 3772 chartarum,
1143 3716 1203 3761 ut
1226 3706 1442 3775 quando
1461 3707 1529 3763 ab
1559 3706 1688 3777 ipsis
1715 3707 1815 3763 ali-

207 3810 317 3867 qua
344 3794 627 3851 instructio
655 3795 935 3866 quaritur,
976 3802 1104 3852 tunc
1129 3795 1464 3866 loquantur:
1500 3804 1671 3854 totum
1712 3813 1813 3853 au-

211 3896 326 3942 tem
352 3885 690 3943 dissimulare
712 3884 930 3951 debent,
954 3886 1109 3956 quasi
1137 3887 1381 3943 nescth
1407 3888 1655 3945 scientes.
1680 3888 1815 3944 Nam

207 3974 457 4033 sollicitis
482 3974 888 4046 inquisitoribus
913 3989 1057 4049 sape
1079 3985 1135 4034 et
1159 3978 1310 4035 vultu
1352 3979 1621 4051 proditur,
1668 3982 1816 4052 quod

212 4075 448 4124 tacetur.
495 4068 650 4125 Adsit
697 4067 1026 4137 innocentia,
1072 4084 1193 4140 qua
1220 4079 1413 4127 cuncta
1442 4072 1811 4142 commendat,

215 4158 349 4229 quia
378 4158 431 4213 in
460 4157 667 4230 placida
693 4166 876 4215 mente
922 4159 1072 4229 regia
1123 4159 1380 4217 decenter
1421 4160 1622 4219 debent
1654 4165 1816 4221 verba

213 4249 438 4320 deponi.
470 4247 575 4306 Sed
602 4249 856 4319 quoniam
886 4257 939 4306 te
966 4249 1206 4322 probatis
1231 4252 1472 4309 moribus
1492 4253 1815 4322 institutum,

211 4340 466 4396 venatrix
500 4339 659 4396 bona
687 4340 1135 4411 conversationis,
1165 4342 1472 4401 sollicitudo
1500 4353 1686 4402 nostra
1726 4361 1817 4404 re-

213 4431 420 4502 spexit,
466 4430 534 4485 ab
572 4430 661 4486 illa
709 4430 1003 4489 indictione
1047 4432 1315 4490 notarium
1344 4441 1400 4492 te
1426 4445 1672 4492 nostrum
1698 4451 1821 4494 esse

212 4537 520 4590 censemus,
554 4528 613 4578 ut
640 4521 828 4580 ordine
856 4514 1084 4583 decurso
1125 4526 1349 4594 militiae,
1381 4528 1449 4583 ad
1477 4530 1818 4601 primiceria—

1910 1926 2068 1983 tiare.
2113 1924 2283 1993 Quale
2323 1933 2408 1981 est
2431 1925 2574 1983 enim
2601 1925 2655 1981 in
2687 1924 3036 1981 tumultuosis
3073 1922 3510 1996 processionibua

1908 2018 2108 2075 nostris
2134 2018 2279 2074 nulla
2307 2016 2667 2089 permixtione
2693 2015 2973 2083 confundi,
3004 2022 3100 2070 aut
3137 2014 3358 2069 minime
3385 2020 3511 2067 tan-

1909 2107 1983 2162 tis
2025 2107 2354 2164 clamoribus
2393 2106 2669 2177 impediri.
2726 2105 2961 2162 Necesse
2989 2105 3155 2161 habet
3200 2119 3233 2159 a
3279 2104 3508 2161 turbatis

1908 2198 2215 2268 exquirere,
2246 2197 2393 2267 quod
2418 2198 2574 2254 nobis
2598 2197 2769 2269 possit
2793 2196 3127 2268 placabiliter
3156 2195 3409 2252 intimare
3446 2203 3505 2250 et

1907 2288 2212 2345 distinctius
2249 2288 2454 2345 referre
2497 2302 2661 2360 quam
2707 2288 2979 2359 potuisset
3006 2285 3216 2342 audire.
3266 2284 3508 2343 Arduum

1907 2390 1993 2439 est
2020 2382 2400 2452 trepidantium
2429 2382 2578 2438 dicta
2606 2392 2955 2453 componere,
2982 2389 3040 2436 et
3066 2395 3256 2436 verum
3283 2380 3464 2437 dicere
3488 2397 3504 2435 :

1906 2493 2018 2535 non
2047 2486 2258 2534 tantum
2295 2477 2668 2549 interpellatur
2699 2476 2956 2533 formidat
2981 2475 3183 2545 negotii
3210 2474 3293 2531 sui
3322 2486 3508 2530 casum

1908 2576 2172 2639 quantum
2194 2568 2425 2625 sustinet
2451 2568 2555 2624 iste
2579 2568 2635 2622 in
2662 2567 2927 2623 relatione
2953 2564 3277 2638 periculum.
3302 2563 3360 2620 Si
3379 2563 3508 2634 quid

1894 2661 2091 2737 lminus
2116 2661 2333 2729 dixerit,
2366 2660 2614 2716 inimicus
2641 2659 2921 2729 asseritur,
2962 2658 3276 2731 redemptus
3303 2657 3509 2714 clama-

1908 2759 2016 2808 tur.
2052 2750 2262 2824 Negotii
2289 2750 2539 2807 dominus
2583 2751 2794 2807 timoris
2837 2749 3140 2820 patrocinio
3184 2756 3366 2819 potest
3409 2760 3509 2804 sua

1906 2844 2073 2902 verba
2114 2851 2455 2910 convertere,
2483 2840 2741 2901 referenti
2774 2852 2956 2899 autem
2997 2857 3106 2899 non
3148 2841 3280 2912 licet
3306 2840 3510 2911 aliquid

1908 2937 2218 2994 immutare.
2260 2935 2556 2991 Sententia
2598 2948 2734 2991 vero
2787 2941 2987 2991 nostra
3042 2940 3189 2987 tanta
3236 2932 3512 2986 memoria

1908 3028 2119 3085 cautela
2149 3026 2397 3082 tenenda
2432 3032 2578 3093 sunt,
2609 3031 2670 3081 ut
2713 3024 2846 3080 nihil
2872 3023 3071 3090 minus,
3101 3022 3233 3076 nihil
3270 3021 3510 3076 additum

1909 3134 2032 3176 esse
2054 3118 2321 3174 videatur.
2364 3116 2531 3172 Nobis
2572 3115 2894 3186 plerumque
2943 3113 3284 3168 audientibus
3325 3121 3515 3167 nostra

1836 3233 1882 3297 ο
1911 3212 2148 3268 dicturus
2175 3225 2265 3277 es;
2296 3218 2349 3267 et
2374 3207 2575 3265 difficili
2603 3207 2912 3263 conditione
2928 3205 3276 3297 constrictus,
3295 3202 3501 3273 judicio

1915 3309 2102 3358 nostro
2128 3299 2395 3373 subiaces,
2426 3298 2554 3353 dum
2596 3297 2801 3353 alienas
2828 3310 3022 3355 causas
3048 3295 3342 3365 explanare
3369 3307 3507 3348 con.

1913 3393 2111 3450 tendis.
2140 3392 2482 3463 Quapropter
2507 3388 2937 3447 referendarium
2982 3396 3038 3444 te
3083 3388 3280 3443 electio
3326 3392 3512 3444 nostra

1915 3485 2198 3543 constituit
2220 3502 2234 3538 :
2263 3481 2360 3540 sed
2380 3489 2440 3538 tu
2467 3482 2757 3553 puritatem
2779 3479 3126 3536 conscientia
3148 3486 3205 3533 et
3231 3477 3513 3534 veritatem

1916 3577 2112 3645 lingua
2161 3575 2362 3632 nostris
2414 3573 2749 3645 jussionibus
2796 3570 3076 3627 adhibeto.
3138 3568 3515 3625 Eruditionem

1915 3686 2049 3728 vero
2075 3670 2375 3727 mirabilem
2404 3669 2698 3726 collocutio
2729 3667 2826 3723 tibi
2865 3675 3054 3723 nostra
3082 3665 3353 3727 concedit,
3393 3679 3516 3736 qua

1917 3761 2045 3817 dum
2072 3775 2172 3833 per
2201 3768 2256 3816 te
2286 3759 2424 3815 alios
2451 3758 2690 3826 ordinat,
2719 3756 3036 3829 qualitatem
3065 3764 3171 3811 tua
3200 3754 3397 3810 mentis
3415 3770 3516 3809 ex-

1917 3860 2094 3909 ornat.
2143 3850 2256 3907 Sub
2310 3850 2468 3907 nobis
2519 3849 2666 3905 enim
2709 3864 2818 3904 non
2866 3848 2997 3903 licet
3041 3862 3163 3903 esse
3212 3847 3515 3919 imperitos,

1917 3943 2133 4015 quando
2175 3944 2229 3998 in
2256 3942 2431 3998 vicem
2458 3940 2597 3996 cotis
2626 3939 2842 4009 ingenia
2885 3937 3168 4008 splendida
3212 3937 3512 4002 reddimus,

1918 4051 2041 4108 qua
2078 4048 2365 4096 causarum
2393 4031 2710 4087 assiduitate
2756 4030 3008 4102 polimus.
3058 4027 3399 4098 Quapropter
3425 4026 3517 4083 illa

1919 4127 2128 4185 cunctis
2152 4126 2371 4197 iussisse
2403 4138 2501 4180 nos
2528 4123 2750 4190 referte,
2794 4135 2917 4191 qua
2956 4110 3052 4183 aut
3090 4117 3374 4182 debuistis,
3423 4124 3518 4173 aut

1921 4218 2172 4293 potuistis
2197 4217 2463 4289 accipere.
2501 4214 2697 4271 Nostra
2726 4214 2805 4271 sic
2833 4212 3096 4284 probatis,
3128 4211 3173 4266 si
3200 4210 3343 4280 justa
3370 4208 3515 4264 redi-

1922 4312 2061 4369 citis.
2092 4310 2285 4366 Amat’e
2330 4308 2477 4379 quod
2517 4322 2618 4365 nos
2652 4304 2937 4377 gloriﬁcat.
2988 4304 3074 4359 Sit
3113 4303 3251 4359 velle
3278 4311 3519 4359 vestrum

1922 4403 2086 4473 quale
2114 4399 2308 4457 videtis
2335 4409 2584 4457 nostrum
2614 4406 2735 4456 esse
2762 4396 3121 4471 propositum.
3146 4394 3226 4449 Ad
3247 4409 3517 4450 summum

1925 4484 2117 4567 [εἶναι.
2144 4491 2269 4563 legit
2296 4489 2365 4546 ad
2387 4486 2677 4560 summam]
2712 4488 2848 4544 tales
2874 4502 2973 4543 vos
3001 4500 3121 4542 esse
3147 4485 3414 4555 cupimus,
3462 4491 3520 4541 ut

215 4626 309 4673 tus
336 4577 565 4671 feliciter
591 4616 875 4688 pervenias
898 4577 1824 4692 summita—teniTIIon—o;
1851 4617 1901 4678 Ι)
1927 4585 2096 4692 ﬂia?
2120 4598 2343 4692 per)”
2365 4582 2576 4692 illa?“
2601 4577 3396 4692 ῘΜΨΨῬῘῘὛἸΙΫἜ
3425 4592 3522 4692 vf-

212 4718 547 4777 senatorem,
576 4708 663 4766 cui
706 4717 918 4781 patrum
948 4709 1070 4767 aula
1115 4720 1410 4782 reseratur,
1442 4729 1552 4771 non
1580 4716 1776 4786 injuria
1802 4734 1818 4785 ;

215 4817 347 4858 nam
395 4802 488 4872 qui
534 4801 734 4859 nostris
771 4801 916 4858 curis
944 4802 1140 4859 militat
1167 4804 1383 4862 assidua
1424 4805 1819 4877 lucubratione,

211 4893 363 4964 juste
398 4893 610 4949 videtur
653 4900 711 4949 et
757 4893 964 4949 curiam
1009 4893 1277 4953 libertatis
1320 4897 1544 4955 intrare.
1593 4896 1823 4957 Additur

217 4984 387 5041 etiam
417 4982 685 5055 perfuncti
714 4983 915 5041 laboris
943 4984 1089 5042 aliud
1115 5002 1331 5056 munus,
1354 4998 1417 5045 ut
1443 4990 1491 5047 si
1521 5006 1629 5062 quo
1656 4992 1821 5051 modo

218 5074 293 5131 ad
318 5074 637 5130 illustratum
667 5073 753 5129 vel
780 5082 1063 5130 vacantem
1090 5078 1351 5134 meruerit
1376 5080 1683 5151 pervenire,
1704 5097 1821 5139 om-

219 5164 383 5222 nibus
406 5163 602 5220 debeat
645 5164 925 5234 anteponi,
954 5163 1048 5234 qui
1088 5165 1429 5223 codicillariis
1468 5169 1822 5228 illustratibus

221 5257 527 5330 probantur
552 5256 753 5312 ornari.
798 5253 950 5311 Unde
995 5255 1241 5314 absolute
1268 5258 1540 5331 colligitur
1562 5263 1822 5334 primice-

222 5352 400 5409 riatus
425 5349 634 5407 meritis
657 5348 845 5404 datum
887 5348 987 5418 uti,
1017 5357 1075 5404 ut
1103 5349 1156 5405 in
1200 5367 1308 5408 uno
1327 5352 1626 5424 eodemque
1666 5356 1821 5414 titulo

220 5445 410 5517 dispar
452 5454 598 5501 esset
648 5441 883 5513 dignitas
930 5443 1212 5514 aequaliter
1256 5447 1537 5517 acquisita.
1582 5448 1820 5508 Animari

222 5587 1198 5714 Fo;guadragesimumlapidem,seu
1217 5588 1526 5646 milliarium
1544 5589 1813 5665 intelligit.

269 5672 728 5802 ogﬁeferendarii
757 5740 900 5799 sunt,
926 5733 1019 5802 qui
1048 5730 1350 5801 supplicum
1372 5729 1645 5802 desideria
1669 5731 1820 5801 prin-

221 5800 333 5871 cipi
361 5800 603 5872 referunt
626 5810 683 5857 et
721 5800 1018 5872 exponunt,
1046 5800 1606 5872 iussionesprincipis
1630 5800 1821 5871 judici-

223 5869 331 5929 bus
380 5871 674 5929 insinuant.
719 5869 928 5931 No‘vell.
972 5869 1071 5938 l0,
1114 5869 1236 5938 115,
1289 5869 1410 5927 124.
1463 5869 1541 5929 Ac
1570 5869 1821 5930 nonnun-

1924 4679 2007 4735 bis
2028 4677 2246 4750 aliquod
2270 4675 2502 4747 vectigal
2527 4676 2817 4744 exigimus,
2838 4681 2921 4730 'ut
2948 4674 3086 4729 sicut
3121 4672 3402 4728 vobiscum
3443 4671 3521 4725 fa-

1922 4771 2206 4827 miliariter
2229 4769 2520 4824 miscemus
2553 4765 2766 4831 affatus,
2798 4766 2872 4820 ita
2895 4774 2951 4820 et
2977 4773 3164 4821 nostra
3185 4763 3368 4836 opinio
3395 4775 3523 4833 spe-

1923 4860 2133 4918 cialiter
2152 4873 2181 4915 a
2212 4857 2368 4916 vobis
2394 4864 2673 4913 mereatur
2700 4853 2976 4912 affectum.

2197 4988 2384 5047 XVIII.
2412 5006 2663 5047 nouum
2691 5007 2973 5047 rursm:
2998 5005 3246 5047 annona.

1997 5082 2056 5141 Si
2098 5082 2167 5140 ad
2218 5082 2358 5139 hanc
2397 5096 2703 5139 mensuram
2742 5081 3025 5139 censenda
3053 5089 3178 5138 sunt
3206 5081 3519 5151 dignitates,

1926 5186 1987 5235 ut
2013 5185 2167 5234 tanto
2217 5175 2338 5249 quis
2390 5174 2725 5232 honorabilis
2774 5175 3041 5231 habeatur
3076 5181 3281 5243 quanto
3318 5173 3525 5230 civibus

1926 5270 2194 5344 profuisse
2238 5268 2604 5338 cognoscitur,
2649 5268 2695 5322 is
2721 5274 2870 5323 certe
2898 5266 3054 5321 debet
3085 5279 3205 5320 esse
3231 5264 3521 5333 gloriosus,

1929 5374 1953 5404 ο
1984 5363 2078 5433 qui
2128 5360 2198 5417 ad
2248 5360 2461 5431 copiam
2505 5357 2735 5414 Romani
2764 5356 2949 5428 populi
2996 5357 3256 5427 probatur
3295 5353 3521 5411 electus.

1927 5451 2029 5508 Tui
2055 5449 2319 5523 siquidem
2365 5448 2526 5507 studii
2551 5455 2636 5505 est
2659 5456 2720 5504 ut
2755 5446 3133 5523 sacratissima
3157 5444 3287 5503 Urbi
3313 5460 3527 5517 praepa-

1925 5606 2132 5663 quam,
2168 5598 2224 5663 ut
2261 5588 2577 5663 Sigebertus
2616 5586 2818 5663 scribit
2858 5585 2912 5663 in
2956 5584 3248 5663 Chronico,
3284 5581 3528 5663 publicas

1925 5657 2353 5731 conscriptiones
2400 5658 2600 5714 annulo
2639 5673 2736 5716 seu
2774 5657 2951 5728 sigillo
2990 5657 3132 5726 regis
3177 5657 3526 5712 conﬁrmant.

1927 5733 2250 5873 Bnggopias
2270 5807 2429 5856 vocat
2457 5799 2713 5873 alimenta
2740 5806 2797 5873 _et
2813 5811 3085 5873 annonas,
3126 5802 3185 5852 ut
3226 5794 3279 5849 in
3304 5794 3343 5848 1.
3374 5792 3427 5848 4.
3456 5792 3521 5873 C,

1929 5866 2161 5937 Tbcodf,
2188 5870 2269 5929 De
2295 5887 2441 5937 oper.
2471 5868 2591 5938 pub.
2616 5886 2631 5941 ;
2662 5870 2717 5927 in
2740 5868 2778 5927 l.
2808 5868 2898 5938 20,
2927 5867 2991 5924 D.
3023 5866 3103 5924 De
3127 5880 3422 5940 compsam;
3466 5872 3524 5920 et
