3974 6402
508 379 622 437 699

1710 364 1784 419 Il.
1823 360 2100 423 AUBELIi
2136 358 2536 419 CASSIODORI

3675 351 3797 408 1330

514 501 666 550 retur
714 501 947 555 annona,
978 483 1174 554 ubique
1209 478 1471 538 redundet
1499 476 1652 549 panis
1696 475 1872 545 copia,
1901 482 1956 530 et
1979 482 2089 529 tam
2116 477 2165 536 Α
2191 470 2565 544 pretiosissimi
2610 466 2830 525 metalli.
2861 464 3078 523 intuere
3119 473 3269 522 certe
3293 463 3443 535 quod
3481 463 3790 535 inquinnur.

514 599 740 654 magnus
766 579 993 653 populus
1018 586 1273 645 tanquam
1318 586 1423 633 una
1469 584 1653 627 mensa
1692 568 1935 623 satietur.
1984 564 2090 623 Per

514 673 761 730 ofiicinas
808 670 1070 741 pistorum
1122 664 1379 733 cibosque
1430 658 1720 724 discurris,
1772 672 1999 728 pensum
2035 664 2092 712 et

514 764 831 821 munditiam
859 761 1011 833 panis
1038 758 1245 825 exigis;
1276 758 1377 810 nec
1406 752 1510 808 vile
1532 750 1739 821 iudicas
1766 763 1906 816 esse,
1950 746 2091 803 unde

516 864 571 909 te
593 853 763 924 possit
791 852 961 907 Roma
1000 846 1254 904 laudare:
1297 842 1512 908 merito,
1539 838 1757 911 quando
1783 838 1953 908 gloria
1979 837 2092 892 sin-
2180 862 2195 891 -.

512 944 713 1015 gularis
739 950 844 1009 est,
889 941 1032 997 illius
1066 936 1297 994 civitatis
1345 932 1585 988 an‘ectns.
1618 929 1687 985 Et
1713 943 1782 983 ne
1806 926 1950 999 quod
1976 926 2091 995 agis

513 1032 713 1103 aliquid
751 1040 971 1103 putetur
993 1036 1309 1091 extremum,
1324 1029 1646 1092 carpentum
1672 1017 1911 1090 praefecti
1934 1015 2091 1072 Urbis

514 1126 681 1179 mixta
708 1120 1094 1193 gioriilcatione
1120 1113 1453 1174 conscendis.
1479 1112 1559 1168 Tu
1587 1112 1663 1167 illi
1691 1112 1745 1165 in
1772 1107 2092 1180 spectaculis

512 1212 981 1283 coniunctissimus
1015 1207 1291 1276 inveniris,
1317 1212 1378 1260 ut
1420 1202 1593 1275 plebs,
1638 1215 1799 1271 quam
1827 1198 2092 1254 industria

515 1313 606 1359 tua
620 1303 801 1367 satiat,
815 1302 867 1356 in
888 1314 1039 1356 suam
1066 1296 1424 1354 reverentiam
1444 1302 1500 1350 te
1522 1294 1845 1349 honoratum
1865 1304 1986 1347 esse
2005 1303 2092 1345 co-

510 1401 752 1464 gnoscat.
785 1393 918 1448 Nam
944 1392 989 1447 si
1016 1390 1234 1460 querela
1280 1386 1458 1458 panis,
1488 1391 1548 1441 ut
1597 1382 1818 1451 assolet,
1846 1381 2090 1437 concite-

514 1493 622 1552 tur,
643 1492 702 1539 tu
723 1482 1019 1553 promissor
1037 1478 1300 1537 ubertatis
1313 1476 1604 1533 seditiones
1625 1473 1825 1529 civicas
1843 1485 2091 1527 momen-

509 1582 667 1630 tanea
695 1571 1056 1629 satisfactione
1080 1568 1349 1632 dissolvis,
1378 1573 1434 1622 et
1474 1579 1574 1637 per
1600 1571 1654 1619 te
1677 1562 2002 1634 prospicitur
2022 1574 2095 1616 ne

510 1665 638 1737 quid
666 1681 697 1719 a
724 1663 937 1735 populis
974 1658 1427 1730 conquerentibus
1479 1654 1788 1710 excedatur.
1845 1652 1962 1708 Non
1992 1652 2094 1707 im-

510 1757 704 1812 merito
749 1753 1036 1825 Pompeius
1082 1752 1272 1819 fertur,
1317 1749 1487 1819 copias
1528 1747 1828 1819 quantitate
1857 1746 2088 1816 provisa,

2192 561 2328 629 Quid
2352 562 2519 617 babes
2545 559 2734 616 melius
2750 556 2893 630 quod
2918 566 3073 629 optes
3093 572 3255 627 quam
3282 556 3426 613 illius
3444 555 3637 627 populi
3666 569 3799 628 gra-

2192 652 2319 705 tiam
2342 662 2583 719 quaerere
2607 662 2768 718 quam
2794 661 2896 704 nos
2915 645 3080 702 etiam
3100 653 3317 703 constat
3341 646 3573 717 optaret

2416 796 2557 853 XIX.
2585 812 2831 853 ronluu
2859 808 3078 854 conms
3106 813 3552 853 tncnurnonun.

2258 910 2407 968 inter
2433 910 2741 968 utilissimas
2770 921 2935 976 artes,
2961 925 3099 981 quas
3140 909 3210 966 ad
3238 909 3652 967 sustentandam
3685 909 3800 964 bu-

2191 1018 2362 1059 manm
2382 1003 2682 1074 fragilitatis
2701 1004 3051 1072 indigentiam
3076 1003 3264 1059 Divina
3286 1004 3618 1074 tribuerunt,
3638 1003 3801 1057 nulla

2190 1103 2447 1167 prastare
2491 1095 2705 1151 videtur
2750 1095 2948 1164 aliquid
2991 1094 3184 1162 simile,
3218 1110 3383 1166 quam
3421 1094 3573 1166 quod
3601 1100 3804 1165 potest

2192 1186 2470 1245 auxiliaris
2493 1186 2757 1243 medicina
2782 1186 3049 1242 conferre.
3079 1185 3201 1256 ipsa
3246 1186 3391 1241 enim
3418 1186 3619 1241 morbo
3645 1186 3804 1256 peri-

2191 1279 2497 1337 clitantibus
2520 1288 2763 1335 materna
2805 1278 2978 1347 gratia
3005 1292 3223 1348 semper
3247 1277 3471 1333 assistit.
3497 1275 3624 1349 Ipsa
3653 1291 3804 1331 con-

2192 1378 2277 1428 tra
2307 1371 2525 1426 dolores
2552 1383 2651 1440 pro
2687 1377 2871 1425 nostra
2901 1368 3270 1425 imbecillitate
3297 1364 3586 1438 confligit;
3631 1373 3693 1421 et
3725 1366 3804 1422 ibi

2193 1477 2294 1519 nos
2331 1463 2520 1519 nititur
2541 1462 2844 1529 sublevare,
2875 1460 2969 1523 ubi
2993 1461 3153 1516 nullae
3172 1459 3392 1524 divitiae,
3418 1458 3572 1515 nulla
3614 1465 3807 1528 potat

2191 1552 2425 1623 dignitas
2450 1550 2752 1609 subvenire.
2776 1548 3071 1606 Causarum
3097 1549 3255 1620 periti
3285 1549 3559 1619 paimares
3588 1548 3807 1604 baben-

2192 1648 2302 1709 tur,
2323 1656 2445 1698 cum
2471 1656 2662 1712 magna
2686 1639 2901 1709 negotia
2930 1636 3270 1696 defenderint
3296 1638 3677 1709 singulorum:
3704 1637 3805 1694 sed

2193 1739 2396 1804 quanto
2423 1732 2705 1801 gloriosius
2732 1737 2816 1786 est
2840 1729 3114 1800 expellere
3141 1713 3286 1799 quod
3306 1738 3545 1784 mortem
3566 1728 3805 1785 videba-

514 1862 684 1917 nsque
712 1846 778 1901 ad
802 1819 981 1901 rerum
1011 1842 1319 1914 pervenisse
1347 1839 1574 1909 fastigia,
1605 1838 1732 1907 quia
1759 1837 1954 1892 merito
1981 1837 2093 1893 sin—
2123 1854 2167 1915 Β
2194 1832 2282 1881 illi
2306 1823 2525 1917 inferre,
2554 1831 2612 1879 et
2657 1822 2887 1917 salutem
2930 1820 3255 1917 periclitanti
3282 1820 3555 1917 reddere,
3589 1819 3664 1875 de
3694 1835 3805 1917 qua

515 1935 715 2003 gularis
735 1941 821 1989 est
841 1947 992 1988 amor
1017 1930 1221 2002 populi,
1244 1943 1364 1985 cum
1393 1928 1565 1998 potuit
1592 1941 1622 1981 a
1649 1926 1872 1997 penuria
1897 1926 2091 1980 libera-

512 2027 579 2083 ri.
610 2027 747 2082 Hinc
770 2026 861 2081 ille
887 2023 1334 2094 gratificationem
1363 2020 1578 2085 meruit,
1609 2019 1962 2090 plausumque
1988 2032 2090 2088 po-

510 2119 780 2190 pulorum.
831 2118 968 2173 Hinc
1006 2116 1162 2172 unice
1217 2129 1429 2184 semper
1481 2123 1692 2168 amatus
1742 2119 1826 2168 est
1849 2153 1866 2181 ,
1922 2119 1977 2167 et
2036 2112 2091 2166 in

510 2210 682 2279 gratia
709 2209 929 2276 civium,
958 2207 1197 2263 omnium
1230 2206 1385 2276 106
1428 2203 1559 2259 vicit
1586 2202 1727 2257 facta
1754 2202 1897 2276 [Ac.,
1921 2202 2093 2257 malo-

510 2299 667 2373 rum]
716 2297 979 2368 majorum
1022 2314 1036 2351 :
1095 2296 1187 2366 qui
1233 2310 1301 2351 ne
1355 2292 1642 2364 aliquando
1692 2294 1719 2322 ‘
1777 2294 1831 2348 in
1883 2292 2093 2348 honore

507 2390 793 2455 diceretur,
817 2403 941 2443 cum
994 2385 1228 2442 nominis
1256 2384 1532 2439 taxatione
1560 2382 1854 2437 vocabatur
1879 2388 1936 2437 et
1980 2381 2095 2436 lla-

507 2493 659 2546 guus.
683 2476 799 2533 Hoc
844 2484 897 2531 te
922 2474 1228 2545 exemplum
1257 2473 1446 2528 invitet
1470 2472 1538 2526 ad
1564 2485 1844 2541 prospera,
1874 2469 2093 2539 quando

508 2570 601 2624 ille
624 2568 846 2625 honoris
872 2567 948 2622 tui
978 2567 1156 2621 locum
1186 2564 1361 2633 egisse
1388 2563 1748 2631 cognoscitur,
1777 2576 1938 2631 quem
1966 2560 2095 2619 felix

512 2659 679 2713 Roma
704 2657 1014 2712 mirabatur.
1040 2654 1121 2709 Ne
1145 2653 1267 2723 quis
1294 2660 1475 2708 autem
1504 2659 1765 2722 provocet
1784 2651 2011 2720 objectis
2041 2661 2094 2708 te

509 2746 813 2803 hominibus
839 2746 1127 2815 imperare,
1158 2741 1403 2812 dignitati
1445 2755 1658 2811 quoque
1695 2747 1799 2795 tua:
1825 2739 2090 2810 pistorum

510 2839 628 2908 iura
655 2837 908 2893 famulata
954 2842 1096 2900 sunt,
1128 2849 1249 2905 qua:
1285 2848 1384 2904 per
1410 2832 1650 2889 diversas
1696 2831 1879 2887 mundi
1914 2839 2094 2901 parm

510 2928 854 2998 possessione
878 2925 1133 2982 latissima
1155 2923 1527 2985 tendebantur,
1561 2936 1628 2977 ne
1652 2921 1831 2991 inopia
1863 2919 2093 2977 faciente

509 3017 811 3083 vilesceret,
831 3013 975 3085 quod
997 3012 1252 3069 Romamn
1272 3011 1440 3081 copia:
1462 3010 1711 3066 laudabili
1736 3009 2087 3065 famulatione

508 3106 752 3162 serviret.
767 3103 941 3159 Suarii
961 3116 1197 3173 quoque,
1223 3101 1476 3156 Romanas
1497 3099 1664 3169 copia:
1684 3114 1844 3156 causa
1863 3099 2085 3169 reperti,

509 3206 603 3251 tuo
628 3193 868 3264 deputati
894 3193 1172 3248 “videntur
1200 3190 1453 3247 examini.
1500 3188 1745 3246 Gloriare
1796 3189 2089 3279 privilegiis
2114 3217 2161 3279 ρ

508 3285 803 3357 acquisitis.
823 3282 1079 3344 Tribunal
1118 3289 1270 3337 tuum
1308 3296 1417 3337 non
1455 3288 1540 3337 est
1568 3280 1706 3337 inter
1732 3279 1980 3334 minimas
2002 3278 2087 3334 di-

508 3378 763 3449 gnitates,
782 3374 997 3445 quando
1018 3382 1075 3429 et
1101 3372 1343 3427 Romana
1368 3369 1540 3440 gratia
1568 3369 1761 3425 frueris
1797 3376 1853 3426 et
1873 3368 2092 3439 provin-

508 3470 608 3525 ciis
629 3455 780 3537 iussa
808 3463 1151 3520 transmittis.
1183 3462 1289 3518 Sed
1312 3471 1373 3516 ut
1401 3460 1629 3517 actionis
1655 3459 1824 3530 ipsius
1841 3460 1896 3515 in
1920 3466 2091 3516 totum

509 3557 699 3613 merita
736 3562 1160 3626 perscrutemur,
1188 3552 1425 3608 triticeas
1451 3550 1667 3619 quidem
1690 3549 1875 3621 copias
1901 3550 2093 3622 przefe-

512 3656 668 3704 ctura
695 3644 1017 3716 praetoriana
1060 3650 1333 3713 procurat.
1363 3642 1472 3697 Sed
1516 3658 1625 3701 non
1652 3642 1829 3698 minor
1852 3642 1968 3699 laus
2009 3649 2092 3698 est

510 3735 966 3807 dispensationem
1009 3732 1341 3804 probabilem
1392 3731 1573 3787 facere
1622 3746 1785 3802 quam
1826 3730 2091 3787 frumenta

510 3830 783 3898 colligere,
812 3826 1027 3898 quando
1054 3826 1107 3881 in
1135 3824 1324 3895 quavis
1361 3823 1687 3881 abundantia
1728 3823 1944 3893 querela
1982 3839 2092 3879 non

513 3918 736 3983 tollitur,
764 3917 812 3972 si
840 3916 993 3985 panis
1020 3915 1287 3985 elegantia
1332 3913 1479 3970 nulla
1524 3920 1790 3970 servetur.
1815 3911 1904 3968 Sic
1929 3912 2094 3969 Ceres

508 4005 775 4061 frumenta
814 4003 1013 4060 dicitur
1053 4003 1340 4068 invenisse,
1373 4002 1483 4059 Pan
1510 4010 1691 4058 autem
1730 4001 1936 4072 primus
1961 4017 2095 4059 con-

507 4110 724 4167 sparsas
764 4095 944 4164 fruges
980 4094 1191 4151 coxisse
1226 4092 1579 4163 perhibetur;
1621 4090 1765 4147 unde
1791 4099 1848 4146 et
1875 4090 2093 4147 nomine

508 4186 626 4256 ejus
646 4185 801 4255 panis
820 4192 904 4240 est
924 4183 1246 4254 appellatus.
1262 4181 1408 4237 itaet
1426 4180 1514 4237 illa
1541 4179 1829 4250 przedicata
1849 4188 1951 4246 est,
1974 4194 2094 4248 qua:

508 4276 733 4346 reperit;
763 4281 820 4329 et
838 4273 941 4330 iste
967 4271 1216 4329 laudatus
1241 4270 1453 4340 est,qui
1480 4270 1736 4326 decenter
1763 4269 1968 4326 edenda
1993 4269 2094 4325 hu-

442 4380 451 4397 ·
510 4365 686 4422 manis
722 4365 908 4420 usibus
953 4362 1263 4433 applicavit.
1311 4359 1490 4432 Atque
1534 4359 1660 4418 ideo
1703 4368 2093 4431 cognoscentes

510 4456 827 4513 industriam
870 4463 1039 4518 tuam,
1083 4468 1205 4523 qua:
1236 4467 1451 4523 semper
1476 4459 1560 4508 est
1585 4452 1760 4511 amica
1793 4451 2090 4522 sapientiae,

2191 1922 2413 1970 coactus
2439 1912 2616 1969 fuerat
2660 1912 2985 1982 desperaret
3024 1911 3126 1967 Ars
3169 1926 3289 1981 qua:
3317 1910 3371 1965 in
3402 1909 3635 1965 homine
3682 1909 3808 1980 plus

2194 2000 2400 2057 invenit
2426 2015 2587 2071 quam
2630 2000 2683 2055 in
2712 2015 2771 2057 se
2795 2001 2911 2070 ipse
2937 2001 3235 2069 cognoscit.
3262 1999 3641 2056 Periclitantia
3671 2014 3808 2056 cono

2195 2091 2404 2160 ﬁrmat,
2435 2101 2688 2162 quassata
2735 2093 3084 2160 corroborat,
3133 2100 3189 2148 et
3226 2090 3533 2147 futurorum
3564 2093 3805 2163 prmscia

2194 2183 2488 2239 valetudini
2518 2199 2622 2240 non
2650 2183 2809 2249 cedit,
2826 2198 2950 2239 cum
2974 2198 3034 2238 se
3059 2197 3205 2252 mger
3228 2184 3482 2253 praesenti
3514 2182 3809 2239 debilitate

2196 2274 2512 2340 turbaverit,
2563 2274 2794 2345 amplius
2823 2274 3126 2343 intelligens
3171 2288 3336 2343 quam
3384 2272 3629 2339 videtur,
3682 2275 3808 2344 plus

2196 2364 2426 2420 credens
2470 2366 2670 2422 actioni
2727 2364 2865 2438 [Ac.,
2895 2362 3137 2434 lectioni]
3189 2378 3352 2434 quam
3397 2364 3597 2428 oculis,
3645 2372 3709 2419 ut
3737 2365 3807 2418 ab

2200 2454 2571 2523 ignorantibus
2615 2470 2755 2527 pene
2808 2454 3124 2524 prmsagium
3154 2460 3375 2523 putetur
3402 2453 3552 2522 quod
3580 2454 3809 2508 ratione

2196 2544 2486 2614 colligitur.
2536 2543 2672 2599 Huic
2700 2544 2909 2615 peritiae
2951 2544 3144 2600 deesse
3166 2543 3424 2613 iudicem,
3470 2558 3670 2599 nonne
3702 2544 3810 2598 bu-

2194 2649 2476 2690 manarum
2512 2650 2693 2691 rerum
2732 2636 2993 2706 probatur
3033 2633 3234 2691 oblivio
3258 2635 3281 2689 τ
3308 2633 3379 2688 Et
3421 2650 3548 2691 cum
3576 2634 3811 2691 lasciva:

2194 2724 2501 2795 voluptates
2527 2726 2793 2797 recipiant
2821 2727 3117 2791 tribunum,
3146 2726 3253 2781 hoc
3283 2741 3392 2781 non
3421 2734 3680 2781 meretur
3708 2726 3808 2781 ba-

2195 2819 2324 2875 bere
2348 2818 2662 2889 primarium
2689 2822 2713 2873 ἰ
2752 2818 3000 2874 Habeant
3036 2818 3221 2888 itaque
3259 2818 3567 2889 prtesulem,
3601 2819 3808 2889 quibus

2197 2918 2439 2964 nostram
2463 2909 2846 2966 committimus
2864 2909 3204 2979 sospitatem.
3232 2908 3423 2965 Sciant
3443 2924 3505 2965 se
3528 2909 3671 2966 huic
3693 2911 3807 2967 red~

2196 2998 2327 3055 dere
2351 3000 2638 3065 rationem,
2666 2999 2759 3069 qui
2788 2998 3119 3071 operandam
3148 2999 3455 3069 suscipiunt
3499 2999 3807 3057 humanam

2196 3090 2442 3146 salutem.
2471 3090 2588 3146 Non
2615 3090 2758 3160 quod
2787 3090 2854 3145 ad
2880 3106 3063 3146 casum
3094 3090 3306 3157 fecerit,
3340 3090 3440 3149 sed
3468 3092 3626 3162 quod
3660 3093 3807 3162 lege-

2197 3179 2287 3245 rit,
2312 3195 2400 3236 ars
2427 3180 2635 3235 dicatur
2663 3198 2676 3234 :
2720 3179 2919 3250 alioqui
2950 3179 3208 3252 periculis
3234 3181 3419 3250 potius
3447 3183 3804 3251 exponimur,

2195 3271 2241 3327 si
2271 3272 2419 3340 vagis
2448 3271 2813 3331 voluntatibus
2841 3269 3201 3341 subjacemus.
3227 3269 3384 3327 Unde
3405 3271 3456 3325 si
3483 3270 3805 3328 haesitatum

2195 3357 2372 3427 fuerit,
2401 3375 2529 3415 mox
2554 3368 2825 3429 queratur
2850 3357 2990 3431 [Ac.,
3011 3357 3316 3431 queratur].
3360 3356 3613 3415 Obscura
3647 3361 3807 3416 nimis

2196 3459 2279 3506 est
2306 3450 2582 3506 hominum
2612 3450 2779 3514 salus,
2809 3449 3103 3520 temperies
3131 3464 3201 3504 ex
3224 3449 3517 3505 contrariis
3545 3450 3806 3506 humori-

2194 3540 2295 3597 bus
2316 3548 2573 3596 constans
2598 3558 2612 3594 :
2643 3539 2731 3595 ubi
2758 3538 3018 3611 quidquid
3047 3540 3238 3599 borum
3267 3538 3602 3606 excrcverit,
3636 3540 3709 3596 ad
3728 3540 3805 3595 in-

2196 3628 2502 3688 ﬁmitatem
2531 3630 2778 3702 protinus
2831 3646 3031 3702 corpus
3059 3630 3297 3691 adducit.
3330 3630 3471 3688 Hinc
3520 3641 3614 3688 est
3662 3633 3805 3706 quod

2194 3726 2334 3781 sicut
2355 3726 2495 3795 aptis
2520 3725 2654 3782 cibis
2673 3724 2925 3783 valetudo
2944 3724 3086 3781 fessa
3110 3736 3406 3795 recreatur,
3431 3728 3514 3783 sic
3526 3745 3805 3786 venenum

2195 3825 2299 3884 est,
2322 3814 2469 3886 quod
2497 3815 2925 3887 incompetenter
2949 3815 3233 3887 accipitur.
3263 3815 3591 3883 Habeantur
3616 3820 3804 3890 itaque

2194 3904 2389 3958 medici
2427 3917 2527 3973 pro
2569 3902 2939 3959 incolumitate
2987 3905 3267 3972 omnium;
3318 3912 3377 3960 et
3416 3914 3547 3975 post
3577 3908 3803 3963 scholas

2192 3992 2505 4060 magistrum
2525 3998 2739 4058 vocent,
2767 3990 2918 4047 libris
2946 3991 3288 4047 delectentur
3313 3992 3580 4063 antiquis.
3617 3995 3803 4050 Nullus

2189 4086 2388 4157 justius
2414 4085 2627 4142 assidue
2646 4084 2777 4156 legit
2802 4099 2963 4154 quam
2986 4085 3076 4155 qui
3098 4084 3167 4141 de
3192 4085 3431 4140 humana
3472 4085 3664 4143 salute
3694 4097 3802 4142 tra-

2194 4177 2438 4234 ctaverit.
2463 4176 2744 4247 Deponite,
2774 4175 3023 4232 medendi
3053 4164 3368 4239 artiﬁcesfb
3395 4176 3601 4232 noxias
3629 4192 3801 4248 aegro-

2196 4270 2422 4325 tantium
2446 4270 2840 4333 contentiones,
2864 4275 2925 4324 ut
2951 4283 3072 4325 cum
3111 4269 3268 4324 vobis
3296 4284 3407 4323 non
3434 4269 3613 4326 vultis
3642 4272 3800 4327 cede-

2192 4376 2273 4426 re,
2304 4360 2520 4415 inventa
2562 4367 2740 4416 vestra
2772 4361 2999 4417 invicem
3035 4360 3323 4416 videamini
3362 4360 3665 4434 dissipare.
3700 4362 3802 4417 lla-

2192 4450 2333 4507 betis
2359 4465 2521 4520 quem
2564 4450 2682 4507 sine
2715 4452 2913 4506 invidia
2941 4452 3277 4522 interrogare
3314 4452 3564 4522 possitis.
3614 4452 3801 4509 Omnis

508 4545 882 4617 pnefectnram
926 4558 1154 4601 annona:
1201 4557 1299 4613 per
1346 4541 1494 4599 illam
1522 4541 1867 4599 indictiouem
1902 4549 2088 4600 nostra
2121 4594 2169 4617 ἢ
2195 4539 2432 4612 prudens
2458 4540 2739 4597 consilium
2769 4542 2981 4611 quaerit,
3008 4541 3135 4596 dum
3175 4541 3267 4596 ille
3298 4541 3472 4609 magis
3499 4544 3801 4600 studiosior

2119 4594 2170 4655 D

506 4636 607 4691 tibi
633 4635 897 4693 electione
940 4633 1250 4691 deferimus.
1280 4631 1575 4691 Considera
1619 4648 1765 4690 nunc
1810 4633 1939 4704 quia
1978 4649 2087 4691 non
2119 4629 2170 4655 ν
2194 4630 2521 4701 agnoscitur,
2553 4630 2642 4699 qui
2664 4629 2873 4686 cautior
2892 4629 3157 4700 frequenti
3180 4630 3627 4699 interrogatione
3650 4650 3800 4688 ttion~

511 4727 639 4784 licet
684 4725 883 4795 aliquid
908 4722 1074 4780 furari
1101 4723 1172 4782 de
1196 4724 1416 4795 populo.
1442 4723 1576 4780 Nam
1602 4723 1751 4794 quod
1777 4722 1832 4779 in
1858 4721 2090 4780 civitatis

513 4818 713 4874 damno
766 4816 1147 4882 committitur,
1199 4815 1416 4871 silentio
1467 4829 1577 4869 non
1626 4813 1853 4869 celatur.
1906 4811 2090 4868 Nescit

511 4907 664 4978 plebs
687 4914 886 4970 tacere,
915 4904 1130 4974 quando
1152 4903 1418 4959 interdum
1449 4903 1632 4960 ethoc
1657 4904 1911 4974 loquitur,
1940 4903 2088 4974 quod

509 5011 543 5051 a
574 4995 787 5050 nemine
824 5001 1184 5067 perpetratur.
1209 4992 1268 5047 in
1292 4992 1663 5049 fraudulentos
1690 4992 1968 5063 distringe,
1998 5007 2088 5062 pa-

511 5085 597 5142 nis
637 5084 876 5157 pondera
920 5100 1107 5156 :cquus
1133 5085 1470 5140 examinator
1494 5084 1714 5141 intende
1746 5103 1762 5153 ;
1808 5084 2087 5141 sollicitius

512 5191 647 5232 auro
669 5185 943 5247 pensetur,
965 5176 1107 5232 unde
1135 5192 1164 5231 a
1192 5175 1487 5243 Quiritibus
1507 5176 1723 5246 vivitur,
1739 5178 1863 5248 quia
1886 5178 2090 5247 gratior

513 5266 670 5329 nobis
697 5275 781 5323 est
815 5266 1004 5322 laetitia
1024 5266 1250 5323 faventis
1285 5265 1471 5338 populi
1496 5264 1725 5323 Romani
1744 5282 1905 5338 quam
1933 5266 2090 5339 copia

512 5469 654 5539 apud
671 5468 879 5539 νεύει,
905 5467 997 5523 lib.
1025 5484 1078 5533 v,
1108 5484 1229 5539 cap.
1263 5471 1315 5524 i.
1341 5468 1471 5539 Inde
1492 5467 1695 5539 copiari
1722 5481 1914 5539 magno
1936 5480 2087 5521 com-

514 5537 712 5609 meatu,
743 5537 1028 5609 praedaque
1042 5537 1276 5609 ingenti,
1319 5538 1460 5609 apud
1489 5537 1770 5609 Agellium,
1796 5537 1890 5591 lib.
1921 5551 2087 5601 xxvu,

518 5621 569 5663 c.
587 5605 642 5673 2,
663 5616 718 5663 et
747 5605 984 5678 Nonium
1011 5605 1318 5678 marcellum
1345 5605 1372 5675 ;“
1392 5605 1784 5678 quod’verbum
1816 5613 2092 5661 castrense

511 5682 622 5743 est,
641 5691 764 5746 _nec_
776 5674 928 5731 facile
954 5676 1095 5745 apud
1119 5676 1254 5746 alios
1278 5674 1561 5746 reperitur.
1600 5675 1787 5746 Bnoss.

586 5742 617 5783 ι
638 5743 700 5798 υ.
740 5743 909 5799 «ιω-οι.
933 5742 1085 5815 putat
1121 5742 1630 5815 lcgenduinlhunica
1657 5742 2095 5815 lcctionc,_inho-

516 5829 661 5879 «ore,
703 5823 763 5868 ut
788 5811 969 5885 supra,
1000 5814 1091 5872 lib.
1125 5811 1203 5883 tu}
1231 5813 1387 5885 epist.
1416 5811 1512 5869 '53.
1559 5811 1626 5868 Et
1678 5812 1839 5878 infra,
1889 5811 1982 5867 lib.
2015 5826 2089 5880 lx,

2191 4727 2413 4777 strator.
2442 4717 2498 4774 in
2519 4719 2647 4790 ipsis
2670 4720 2869 4792 quippe
2895 4722 3028 4777 artis
3055 4719 3214 4789 hujus
3244 4720 3412 4777 initiis
3432 4722 3687 4791 quodam
3715 4739 3798 4780 sa-

2194 4810 2420 4868 cerdotii
2443 4823 2640 4880 genere
2666 4821 2688 4851 ο
2710 4818 3044 4871 sacramenta
3072 4826 3171 4867 vos
3215 4822 3566 4867 consecrant.
3600 4814 3798 4870 Docto-

2192 4902 2341 4958 ribus
2368 4901 2510 4956 enim
2546 4902 2740 4957 vestris
2782 4901 3097 4981 promittitis
3148 4901 3330 4957 odisse
3377 4903 3720 4974 nequitiam,
3747 4914 3797 4959 et

2191 5006 2374 5047 amare
2399 4991 2708 5062 puritatem.
2749 4990 2842 5048 Sic
2876 4992 3031 5049 vobis
3070 4991 3303 5051 liberum
3331 5007 3441 5047 non
3485 5004 3575 5049 est
3604 5004 3796 5066 Sponte

2192 5083 2525 5153 delinquere,
2557 5083 2753 5154 quibus
2803 5092 2930 5140 ante
2967 5092 3248 5140 momenta
3286 5085 3533 5147 scientiae
3587 5088 3794 5142 animas

2193 5177 2485 5248 imponitur
2511 5176 2768 5244 obligare.
2799 5175 2867 5233 Et
2887 5176 3009 5231 ideo
3030 5174 3343 5247 diligentius
3365 5177 3653 5245 exquirite
3680 5191 3794 5246 quas

2194 5274 2384 5323 curent
2423 5266 2654 5329 saucios,
2694 5266 3054 5323 corroborent
3083 5264 3402 5323 imbecilles.
3432 5264 3578 5321 Nam
3610 5267 3792 5323 videro

2196 5464 2353 5536 epist.
2376 5464 2464 5519 Ἃ.
2494 5465 2564 5519 Ει
2585 5466 2883 5521 Mamcrtin.
2919 5466 3115 5536 Paneg.
3149 5465 3287 5524 198.

2268 5535 2295 5574 δ
2319 5535 2664 5607 Fideﬁidonn.
2696 5536 2950 5607 Apollin,
2978 5537 3075 5591 lib.
3108 5553 3164 5602 ιι,
3197 5538 3357 5606 epist.
3395 5537 3487 5594 η.
3520 5540 3650 5597 Jun.

2269 5615 2293 5643 α
2319 5603 2571 5677 intelligit
2595 5603 3159 5677 prov'llipppcratist
3169 5603 3443 5677 quonihil
3474 5612 3722 5666 sanctius
3738 5616 3788 5664 et

2197 5674 2416 5758 castius.
2441 5674 2697 5758 integrius
2714 5674 2867 5731 nihil.
2890 5674 3055 5758 Fons.
3068 5675 3273 5758 ττ-γίᾳε
3370 5677 3784 5758 Hieronymum,

2196 5744 2356 5868 ﬁpisl.
2399 5744 2463 5799 ad
2492 5742 2868 5816 Nepotianum,
2917 5746 2986 5801 dc
3031 5747 3141 5801 vita
3189 5744 3519 5805 clericorum
3565 5742 3625 5806 in
3665 5742 3781 5805 tinet

2237 5828 2388 5869 υιιεϊ.
