  <div class='ocr_page' id='page_1' title='image "/cluster/home/n/w/nwhite01/storage/ocr_20150623/69/umn.31951002477362u/360.png"; bbox 0 0 3974 6384; ppageno 0'>
   <div class='ocr_carea' id='block_1_1' title="bbox 151 349 252 400">
    <p class='ocr_par' dir='ltr' id='par_1_1' title="bbox 151 349 252 400">
     <span class='ocr_line' id='line_1_1' title="bbox 151 349 252 400; baseline 0.01 -1"><span class='ocrx_word' id='word_1_1' title='bbox 151 349 252 400; x_wconf 77' lang='lat' dir='ltr'><strong>70f</strong></span> 
     </span>
    </p>
   </div>
   <div class='ocr_carea' id='block_1_2' title="bbox 1433 343 2136 403">
    <p class='ocr_par' dir='ltr' id='par_1_2' title="bbox 1433 343 2136 403">
     <span class='ocr_line' id='line_1_2' title="bbox 1433 343 2136 403; baseline -0.003 0"><span class='ocrx_word' id='word_1_2' title='bbox 1433 343 1792 403; x_wconf 78' lang='lat' dir='ltr'><strong>VARIARUM</strong></span> <span class='ocrx_word' id='word_1_3' title='bbox 1832 344 2032 402; x_wconf 80' lang='lat' dir='ltr'><strong>LIBER</strong></span> <span class='ocrx_word' id='word_1_4' title='bbox 2069 343 2136 403; x_wconf 79' lang='grc' dir='ltr'><strong>νι</strong></span> 
     </span>
    </p>
   </div>
   <div class='ocr_carea' id='block_1_3' title="bbox 3327 348 3434 408">
    <p class='ocr_par' dir='ltr' id='par_1_3' title="bbox 3327 348 3434 408">
     <span class='ocr_line' id='line_1_3' title="bbox 3327 348 3434 408; baseline 0.028 -3"><span class='ocrx_word' id='word_1_5' title='bbox 3327 348 3434 408; x_wconf 62' lang='grc' dir='ltr'><strong>τος</strong></span> 
     </span>
    </p>
   </div>
   <div class='ocr_carea' id='block_1_4' title="bbox 153 461 3435 536">
    <p class='ocr_par' dir='ltr' id='par_1_4' title="bbox 153 461 3435 536">
     <span class='ocr_line' id='line_1_4' title="bbox 153 461 3435 536; baseline 0.001 -17"><span class='ocrx_word' id='word_1_6' title='bbox 153 465 202 520; x_wconf 84' lang='lat' dir='ltr'><strong>si</strong></span> <span class='ocrx_word' id='word_1_7' title='bbox 243 463 389 534; x_wconf 88' lang='lat' dir='ltr'><strong>quod</strong></span> <span class='ocrx_word' id='word_1_8' title='bbox 415 463 671 522; x_wconf 75' lang='lat' dir='ltr'><strong>delictum</strong></span> <span class='ocrx_word' id='word_1_9' title='bbox 695 463 879 536; x_wconf 83' lang='lat' dir='ltr'><strong>lapsus</strong></span> <span class='ocrx_word' id='word_1_10' title='bbox 917 472 1164 522; x_wconf 86' lang='lat' dir='ltr'><strong>excuset.</strong></span> <span class='ocrx_word' id='word_1_11' title='bbox 1210 462 1497 520; x_wconf 88' lang='lat' dir='ltr'><strong>Homicidii</strong></span> <span class='ocrx_word' id='word_1_12' title='bbox 1536 463 1741 519; x_wconf 83' lang='lat' dir='ltr'><strong>crimen</strong></span> <span class='ocrx_word' id='word_1_13' title='bbox 1770 467 1824 529; x_wconf 76' lang='grc' dir='ltr'><strong>Α</strong></span> <span class='ocrx_word' id='word_1_14' title='bbox 1845 462 2020 518; x_wconf 91' lang='lat' dir='ltr'><strong>adhuc</strong></span> <span class='ocrx_word' id='word_1_15' title='bbox 2049 461 2342 534; x_wconf 83' lang='lat' dir='ltr'><strong>provinciis</strong></span> <span class='ocrx_word' id='word_1_16' title='bbox 2366 471 2589 519; x_wconf 85' lang='lat' dir='ltr'><strong>ornatus</strong></span> <span class='ocrx_word' id='word_1_17' title='bbox 2609 462 2828 536; x_wconf 91' lang='lat' dir='ltr'><strong>penula,</strong></span> <span class='ocrx_word' id='word_1_18' title='bbox 2855 464 3094 536; x_wconf 91' lang='lat' dir='ltr'><strong>carpenti</strong></span> <span class='ocrx_word' id='word_1_19' title='bbox 3115 464 3278 522; x_wconf 90' lang='lat' dir='ltr'><strong>etiam</strong></span> <span class='ocrx_word' id='word_1_20' title='bbox 3306 467 3435 523; x_wconf 88' lang='lat' dir='ltr'><strong>sub-</strong></span> 
     </span>
    </p>
   </div>
   <div class='ocr_carea' id='block_1_5' title="bbox 156 551 1748 625">
    <p class='ocr_par' dir='ltr' id='par_1_5' title="bbox 156 551 1748 625">
     <span class='ocr_line' id='line_1_5' title="bbox 156 551 1748 625; baseline 0.001 -17"><span class='ocrx_word' id='word_1_21' title='bbox 156 562 241 608; x_wconf 89' lang='lat' dir='ltr'><strong>est</strong></span> <span class='ocrx_word' id='word_1_22' title='bbox 270 554 325 609; x_wconf 89' lang='lat' dir='ltr'><strong>in</strong></span> <span class='ocrx_word' id='word_1_23' title='bbox 362 553 594 611; x_wconf 85' lang='lat' dir='ltr'><strong>hominis</strong></span> <span class='ocrx_word' id='word_1_24' title='bbox 617 555 794 611; x_wconf 86' lang='lat' dir='ltr'><strong>salute</strong></span> <span class='ocrx_word' id='word_1_25' title='bbox 815 570 1062 625; x_wconf 82' lang='lat' dir='ltr'><strong>peccare.</strong></span> <span class='ocrx_word' id='word_1_26' title='bbox 1086 553 1192 611; x_wconf 87' lang='lat' dir='ltr'><strong>Sed</strong></span> <span class='ocrx_word' id='word_1_27' title='bbox 1214 554 1484 611; x_wconf 80' lang='lat' dir='ltr'><strong>credimus</strong></span> <span class='ocrx_word' id='word_1_28' title='bbox 1508 551 1620 623; x_wconf 85' lang='lat' dir='ltr'><strong>jam</strong></span> <span class='ocrx_word' id='word_1_29' title='bbox 1645 554 1748 610; x_wconf 88' lang='lat' dir='ltr'><strong>ista</strong></span> 
     </span>
    </p>
   </div>
   <div class='ocr_carea' id='block_1_6' title="bbox 155 641 1746 715">
    <p class='ocr_par' dir='ltr' id='par_1_6' title="bbox 155 641 1746 715">
     <span class='ocr_line' id='line_1_6' title="bbox 155 641 1746 715; baseline 0 -17"><span class='ocrx_word' id='word_1_30' title='bbox 155 641 425 710; x_wconf 77' lang='lat' dir='ltr'><strong>sufﬁcere,</strong></span> <span class='ocrx_word' id='word_1_31' title='bbox 465 645 682 714; x_wconf 83' lang='lat' dir='ltr'><strong>quando</strong></span> <span class='ocrx_word' id='word_1_32' title='bbox 709 643 936 700; x_wconf 75' lang='lat' dir='ltr'><strong>facimus</strong></span> <span class='ocrx_word' id='word_1_33' title='bbox 962 645 1059 715; x_wconf 89' lang='lat' dir='ltr'><strong>qui</strong></span> <span class='ocrx_word' id='word_1_34' title='bbox 1085 659 1185 700; x_wconf 87' lang='lat' dir='ltr'><strong>vos</strong></span> <span class='ocrx_word' id='word_1_35' title='bbox 1207 644 1404 700; x_wconf 87' lang='lat' dir='ltr'><strong>debeat</strong></span> <span class='ocrx_word' id='word_1_36' title='bbox 1431 644 1746 699; x_wconf 89' lang='lat' dir='ltr'><strong>admonere.</strong></span> 
     </span>
    </p>
   </div>
   <div class='ocr_carea' id='block_1_7' title="bbox 158 732 1748 806">
    <p class='ocr_par' dir='ltr' id='par_1_7' title="bbox 158 732 1748 806">
     <span class='ocr_line' id='line_1_7' title="bbox 158 732 1748 806; baseline -0.003 -14"><span class='ocrx_word' id='word_1_37' title='bbox 158 732 503 806; x_wconf 87' lang='lat' dir='ltr'><strong>Quapropter</strong></span> <span class='ocrx_word' id='word_1_38' title='bbox 526 736 829 806; x_wconf 83' lang='lat' dir='ltr'><strong>a&#39;praesenti</strong></span> <span class='ocrx_word' id='word_1_39' title='bbox 882 743 1127 806; x_wconf 89' lang='lat' dir='ltr'><strong>tempore</strong></span> <span class='ocrx_word' id='word_1_40' title='bbox 1167 744 1194 774; x_wconf 78' lang='grc' dir='ltr'>ι</span> <span class='ocrx_word' id='word_1_41' title='bbox 1242 734 1509 791; x_wconf 74' lang='lat' dir='ltr'><strong>comitivze</strong></span> <span class='ocrx_word' id='word_1_42' title='bbox 1534 733 1748 788; x_wconf 90' lang='lat' dir='ltr'><strong>archia-</strong></span> 
     </span>
    </p>
   </div>
   <div class='ocr_carea' id='block_1_8' title="bbox 160 823 1749 892">
    <p class='ocr_par' dir='ltr' id='par_1_8' title="bbox 160 823 1749 892">
     <span class='ocr_line' id='line_1_8' title="bbox 160 823 1749 892; baseline 0.001 -15"><span class='ocrx_word' id='word_1_43' title='bbox 160 831 366 878; x_wconf 89' lang='lat' dir='ltr'><strong>trorum</strong></span> <span class='ocrx_word' id='word_1_44' title='bbox 397 823 606 880; x_wconf 81' lang='lat' dir='ltr'><strong>honore</strong></span> <span class='ocrx_word' id='word_1_45' title='bbox 631 824 911 890; x_wconf 88' lang='lat' dir='ltr'><strong>decorare,</strong></span> <span class='ocrx_word' id='word_1_46' title='bbox 941 833 1002 879; x_wconf 90' lang='lat' dir='ltr'><strong>ut</strong></span> <span class='ocrx_word' id='word_1_47' title='bbox 1043 825 1185 880; x_wconf 89' lang='lat' dir='ltr'><strong>inter</strong></span> <span class='ocrx_word' id='word_1_48' title='bbox 1231 824 1422 879; x_wconf 81' lang='lat' dir='ltr'><strong>salutis</strong></span> <span class='ocrx_word' id='word_1_49' title='bbox 1462 823 1749 892; x_wconf 86' lang='lat' dir='ltr'><strong>magistros</strong></span> 
     </span>
    </p>
   </div>
   <div class='ocr_carea' id='block_1_9' title="bbox 158 914 1745 988">
    <p class='ocr_par' dir='ltr' id='par_1_9' title="bbox 158 914 1745 988">
     <span class='ocr_line' id='line_1_9' title="bbox 158 914 1745 988; baseline -0.001 -17"><span class='ocrx_word' id='word_1_50' title='bbox 158 914 307 971; x_wconf 83' lang='lat' dir='ltr'><strong>solus</strong></span> <span class='ocrx_word' id='word_1_51' title='bbox 325 917 577 973; x_wconf 77' lang='lat' dir='ltr'><strong>habear-is</strong></span> <span class='ocrx_word' id='word_1_52' title='bbox 603 918 852 985; x_wconf 85' lang='lat' dir='ltr'><strong>eximius,</strong></span> <span class='ocrx_word' id='word_1_53' title='bbox 883 927 939 976; x_wconf 91' lang='lat' dir='ltr'><strong>et</strong></span> <span class='ocrx_word' id='word_1_54' title='bbox 966 934 1158 975; x_wconf 85' lang='lat' dir='ltr'><strong>omnes</strong></span> <span class='ocrx_word' id='word_1_55' title='bbox 1179 918 1386 988; x_wconf 89' lang='lat' dir='ltr'><strong>judicio</strong></span> <span class='ocrx_word' id='word_1_56' title='bbox 1415 927 1508 973; x_wconf 91' lang='lat' dir='ltr'><strong>tuo</strong></span> <span class='ocrx_word' id='word_1_57' title='bbox 1529 919 1745 984; x_wconf 79' lang='lat' dir='ltr'><strong>cedant,</strong></span> 
     </span>
    </p>
   </div>
   <div class='ocr_carea' id='block_1_10' title="bbox 157 1005 1748 1072">
    <p class='ocr_par' dir='ltr' id='par_1_10' title="bbox 157 1005 1748 1072">
     <span class='ocr_line' id='line_1_10' title="bbox 157 1005 1748 1072; baseline 0.003 -14"><span class='ocrx_word' id='word_1_58' title='bbox 157 1005 250 1072; x_wconf 89' lang='lat' dir='ltr'><strong>qui</strong></span> <span class='ocrx_word' id='word_1_59' title='bbox 281 1020 340 1061; x_wconf 92' lang='lat' dir='ltr'><strong>se</strong></span> <span class='ocrx_word' id='word_1_60' title='bbox 352 1007 556 1062; x_wconf 89' lang='lat' dir='ltr'><strong>ambitu</strong></span> <span class='ocrx_word' id='word_1_61' title='bbox 579 1016 776 1064; x_wconf 83' lang='lat' dir='ltr'><strong>mutuae</strong></span> <span class='ocrx_word' id='word_1_62' title='bbox 790 1008 1153 1066; x_wconf 71' lang='lat' dir='ltr'><strong>contentionis</strong></span> <span class='ocrx_word' id='word_1_63' title='bbox 1173 1010 1502 1065; x_wconf 79' lang='lat' dir='ltr'><strong>excruciant.</strong></span> <span class='ocrx_word' id='word_1_64' title='bbox 1517 1007 1644 1062; x_wconf 87' lang='lat' dir='ltr'><strong>Esto</strong></span> <span class='ocrx_word' id='word_1_65' title='bbox 1660 1023 1748 1062; x_wconf 86' lang='lat' dir='ltr'><strong>ar-</strong></span> 
     </span>
    </p>
   </div>
   <div class='ocr_carea' id='block_1_11' title="bbox 160 1095 1749 1172">
    <p class='ocr_par' dir='ltr' id='par_1_11' title="bbox 160 1095 1749 1172">
     <span class='ocr_line' id='line_1_11' title="bbox 160 1095 1749 1172; baseline 0 -23"><span class='ocrx_word' id='word_1_66' title='bbox 160 1095 302 1150; x_wconf 89' lang='lat' dir='ltr'><strong>biter</strong></span> <span class='ocrx_word' id='word_1_67' title='bbox 322 1097 456 1152; x_wconf 88' lang='lat' dir='ltr'><strong>artis</strong></span> <span class='ocrx_word' id='word_1_68' title='bbox 479 1098 727 1169; x_wconf 91' lang='lat' dir='ltr'><strong>egregiae,</strong></span> <span class='ocrx_word' id='word_1_69' title='bbox 749 1113 1048 1169; x_wconf 88' lang='lat' dir='ltr'><strong>eorumque</strong></span> <span class='ocrx_word' id='word_1_70' title='bbox 1071 1097 1099 1137; x_wconf 73' lang='grc' dir='ltr'><strong>ι)</strong></span> <span class='ocrx_word' id='word_1_71' title='bbox 1121 1097 1359 1168; x_wconf 85' lang='lat' dir='ltr'><strong>discinge</strong></span> <span class='ocrx_word' id='word_1_72' title='bbox 1385 1099 1574 1172; x_wconf 71' lang='lat' dir='ltr'><strong>[lui-et.</strong></span> <span class='ocrx_word' id='word_1_73' title='bbox 1601 1103 1749 1167; x_wconf 80' lang='lat' dir='ltr'><strong>putat</strong></span> 
     </span>
    </p>
   </div>
   <div class='ocr_carea' id='block_1_12' title="bbox 158 1186 1747 1261">
    <p class='ocr_par' dir='ltr' id='par_1_12' title="bbox 158 1186 1747 1261">
     <span class='ocr_line' id='line_1_12' title="bbox 158 1186 1747 1261; baseline 0.004 -21"><span class='ocrx_word' id='word_1_74' title='bbox 158 1186 450 1257; x_wconf 76' lang='lat' dir='ltr'><strong>tegendum.</strong></span> <span class='ocrx_word' id='word_1_75' title='bbox 479 1188 775 1261; x_wconf 90' lang='lat' dir='ltr'><strong>discingue]</strong></span> <span class='ocrx_word' id='word_1_76' title='bbox 804 1189 1108 1256; x_wconf 82' lang='lat' dir='ltr'><strong>conﬂictus,</strong></span> <span class='ocrx_word' id='word_1_77' title='bbox 1150 1203 1288 1260; x_wconf 91' lang='lat' dir='ltr'><strong>quos</strong></span> <span class='ocrx_word' id='word_1_78' title='bbox 1310 1189 1555 1258; x_wconf 83' lang='lat' dir='ltr'><strong>judicare</strong></span> <span class='ocrx_word' id='word_1_79' title='bbox 1599 1189 1747 1246; x_wconf 87' lang='lat' dir='ltr'><strong>solus</strong></span> 
     </span>
    </p>
   </div>
   <div class='ocr_carea' id='block_1_13' title="bbox 160 1278 1747 1353">
    <p class='ocr_par' dir='ltr' id='par_1_13' title="bbox 160 1278 1747 1353">
     <span class='ocr_line' id='line_1_13' title="bbox 160 1278 1747 1353; baseline 0.004 -22"><span class='ocrx_word' id='word_1_80' title='bbox 160 1278 368 1333; x_wconf 85' lang='lat' dir='ltr'><strong>solebat</strong></span> <span class='ocrx_word' id='word_1_81' title='bbox 400 1278 624 1335; x_wconf 78' lang='lat' dir='ltr'><strong>effectus</strong></span> <span class='ocrx_word' id='word_1_82' title='bbox 653 1279 730 1353; x_wconf 84' lang='grc' dir='ltr'><strong>[Ν</strong></span> <span class='ocrx_word' id='word_1_83' title='bbox 735 1283 800 1336; x_wconf 76' lang='grc' dir='ltr'><strong>ευ.</strong></span> <span class='ocrx_word' id='word_1_84' title='bbox 817 1291 866 1336; x_wconf 79' lang='lat' dir='ltr'><strong>et</strong></span> <span class='ocrx_word' id='word_1_85' title='bbox 895 1279 1018 1349; x_wconf 61' lang='grc' dir='ltr'><strong>σω,</strong></span> <span class='ocrx_word' id='word_1_86' title='bbox 1045 1280 1313 1353; x_wconf 79' lang='lat' dir='ltr'><strong>aﬂ&#39;ectus].</strong></span> <span class='ocrx_word' id='word_1_87' title='bbox 1337 1280 1396 1336; x_wconf 90' lang='lat' dir='ltr'><strong>in</strong></span> <span class='ocrx_word' id='word_1_88' title='bbox 1417 1281 1548 1351; x_wconf 84' lang='lat' dir='ltr'><strong>ipsis</strong></span> <span class='ocrx_word' id='word_1_89' title='bbox 1573 1294 1747 1349; x_wconf 78' lang='lat' dir='ltr'><strong>aegros</strong></span> 
     </span>
    </p>
   </div>
   <div class='ocr_carea' id='block_1_14' title="bbox 159 1371 1747 1444">
    <p class='ocr_par' dir='ltr' id='par_1_14' title="bbox 159 1371 1747 1444">
     <span class='ocr_line' id='line_1_14' title="bbox 159 1371 1747 1444; baseline 0.004 -23"><span class='ocrx_word' id='word_1_90' title='bbox 159 1383 334 1434; x_wconf 87' lang='lat' dir='ltr'><strong>curas,</strong></span> <span class='ocrx_word' id='word_1_91' title='bbox 361 1371 405 1424; x_wconf 91' lang='lat' dir='ltr'><strong>si</strong></span> <span class='ocrx_word' id='word_1_92' title='bbox 431 1372 809 1428; x_wconf 83' lang='lat' dir='ltr'><strong>contentiones</strong></span> <span class='ocrx_word' id='word_1_93' title='bbox 831 1373 1023 1429; x_wconf 88' lang='lat' dir='ltr'><strong>noxias</strong></span> <span class='ocrx_word' id='word_1_94' title='bbox 1041 1372 1336 1444; x_wconf 81' lang='lat' dir='ltr'><strong>prudenter</strong></span> <span class='ocrx_word' id='word_1_95' title='bbox 1353 1372 1604 1428; x_wconf 87' lang='lat' dir='ltr'><strong>abscidis.</strong></span> <span class='ocrx_word' id='word_1_96' title='bbox 1630 1372 1747 1428; x_wconf 78' lang='lat' dir='ltr'><strong>Ha-</strong></span> 
     </span>
    </p>
   </div>
   <div class='ocr_carea' id='block_1_15' title="bbox 158 1462 1748 1535">
    <p class='ocr_par' dir='ltr' id='par_1_15' title="bbox 158 1462 1748 1535">
     <span class='ocr_line' id='line_1_15' title="bbox 158 1462 1748 1535; baseline 0.005 -23"><span class='ocrx_word' id='word_1_97' title='bbox 158 1471 322 1526; x_wconf 89' lang='lat' dir='ltr'><strong>gnum</strong></span> <span class='ocrx_word' id='word_1_98' title='bbox 352 1477 546 1517; x_wconf 89' lang='lat' dir='ltr'><strong>munus</strong></span> <span class='ocrx_word' id='word_1_99' title='bbox 564 1470 669 1528; x_wconf 89' lang='lat' dir='ltr'><strong>est,</strong></span> <span class='ocrx_word' id='word_1_100' title='bbox 688 1463 933 1520; x_wconf 88' lang='lat' dir='ltr'><strong>subditos</strong></span> <span class='ocrx_word' id='word_1_101' title='bbox 961 1464 1162 1520; x_wconf 91' lang='lat' dir='ltr'><strong>habere</strong></span> <span class='ocrx_word' id='word_1_102' title='bbox 1189 1462 1508 1535; x_wconf 88' lang='lat' dir='ltr'><strong>prudentes;</strong></span> <span class='ocrx_word' id='word_1_103' title='bbox 1531 1472 1589 1518; x_wconf 92' lang='lat' dir='ltr'><strong>et</strong></span> <span class='ocrx_word' id='word_1_104' title='bbox 1606 1462 1748 1520; x_wconf 91' lang='lat' dir='ltr'><strong>inter</strong></span> 
     </span>
    </p>
   </div>
   <div class='ocr_carea' id='block_1_16' title="bbox 159 1549 1748 1626">
    <p class='ocr_par' dir='ltr' id='par_1_16' title="bbox 159 1549 1748 1626">
     <span class='ocr_line' id='line_1_16' title="bbox 159 1549 1748 1626; baseline 0.005 -22"><span class='ocrx_word' id='word_1_105' title='bbox 159 1549 282 1604; x_wconf 87' lang='lat' dir='ltr'><strong>illos</strong></span> <span class='ocrx_word' id='word_1_106' title='bbox 311 1551 679 1610; x_wconf 89' lang='lat' dir='ltr'><strong>honorabilem</strong></span> <span class='ocrx_word' id='word_1_107' title='bbox 701 1553 834 1620; x_wconf 81' lang='lat' dir='ltr'><strong>ﬁeri,</strong></span> <span class='ocrx_word' id='word_1_108' title='bbox 865 1569 1003 1626; x_wconf 91' lang='lat' dir='ltr'><strong>quos</strong></span> <span class='ocrx_word' id='word_1_109' title='bbox 1021 1565 1337 1612; x_wconf 78' lang='lat' dir='ltr'><strong>reverentur</strong></span> <span class='ocrx_word' id='word_1_110' title='bbox 1361 1555 1559 1612; x_wconf 73' lang='lat' dir='ltr'><strong>caeteri.</strong></span> <span class='ocrx_word' id='word_1_111' title='bbox 1595 1567 1620 1597; x_wconf 72' lang='grc' dir='ltr'>α</span> <span class='ocrx_word' id='word_1_112' title='bbox 1656 1556 1748 1612; x_wconf 81' lang='lat' dir='ltr'><strong>Vi-</strong></span> 
     </span>
    </p>
   </div>
   <div class='ocr_carea' id='block_1_17' title="bbox 159 1642 1745 1718">
    <p class='ocr_par' dir='ltr' id='par_1_17' title="bbox 159 1642 1745 1718">
     <span class='ocr_line' id='line_1_17' title="bbox 159 1642 1745 1718; baseline 0.007 -24"><span class='ocrx_word' id='word_1_113' title='bbox 159 1642 344 1697; x_wconf 89' lang='lat' dir='ltr'><strong>sitatio</strong></span> <span class='ocrx_word' id='word_1_114' title='bbox 392 1651 482 1698; x_wconf 90' lang='lat' dir='ltr'><strong>tua</strong></span> <span class='ocrx_word' id='word_1_115' title='bbox 519 1645 750 1716; x_wconf 87' lang='lat' dir='ltr'><strong>sospitas</strong></span> <span class='ocrx_word' id='word_1_116' title='bbox 777 1647 848 1702; x_wconf 87' lang='lat' dir='ltr'><strong>sit</strong></span> <span class='ocrx_word' id='word_1_117' title='bbox 881 1649 1283 1718; x_wconf 66' lang='lat' dir='ltr'><strong>aegrotantium,</strong></span> <span class='ocrx_word' id='word_1_118' title='bbox 1337 1647 1567 1706; x_wconf 81' lang='lat' dir='ltr'><strong>refectio</strong></span> <span class='ocrx_word' id='word_1_119' title='bbox 1590 1649 1745 1706; x_wconf 78' lang='lat' dir='ltr'><strong>debi-</strong></span> 
     </span>
    </p>
   </div>
   <div class='ocr_carea' id='block_1_18' title="bbox 161 1730 1747 1810">
    <p class='ocr_par' dir='ltr' id='par_1_18' title="bbox 161 1730 1747 1810">
     <span class='ocr_line' id='line_1_18' title="bbox 161 1730 1747 1810; baseline 0.007 -25"><span class='ocrx_word' id='word_1_120' title='bbox 161 1730 313 1797; x_wconf 90' lang='lat' dir='ltr'><strong>lium,</strong></span> <span class='ocrx_word' id='word_1_121' title='bbox 337 1747 462 1803; x_wconf 89' lang='lat' dir='ltr'><strong>spes</strong></span> <span class='ocrx_word' id='word_1_122' title='bbox 481 1742 628 1789; x_wconf 84' lang='lat' dir='ltr'><strong>rerta</strong></span> <span class='ocrx_word' id='word_1_123' title='bbox 656 1733 939 1792; x_wconf 90' lang='lat' dir='ltr'><strong>fessorum.</strong></span> <span class='ocrx_word' id='word_1_124' title='bbox 970 1736 1268 1808; x_wconf 81' lang='lat' dir='ltr'><strong>Requirant</strong></span> <span class='ocrx_word' id='word_1_125' title='bbox 1294 1740 1476 1808; x_wconf 84' lang='lat' dir='ltr'><strong>rudes,</strong></span> <span class='ocrx_word' id='word_1_126' title='bbox 1500 1755 1637 1810; x_wconf 90' lang='lat' dir='ltr'><strong>quos</strong></span> <span class='ocrx_word' id='word_1_127' title='bbox 1663 1740 1747 1796; x_wconf 86' lang='lat' dir='ltr'><strong>vi-</strong></span> 
     </span>
    </p>
   </div>
   <div class='ocr_carea' id='block_1_19' title="bbox 1854 553 3436 628">
    <p class='ocr_par' dir='ltr' id='par_1_19' title="bbox 1854 553 3436 628">
     <span class='ocr_line' id='line_1_19' title="bbox 1854 553 3436 628; baseline 0.004 -20"><span class='ocrx_word' id='word_1_128' title='bbox 1854 554 2100 610; x_wconf 89' lang='lat' dir='ltr'><strong>vectione</strong></span> <span class='ocrx_word' id='word_1_129' title='bbox 2127 553 2421 621; x_wconf 89' lang='lat' dir='ltr'><strong>decoraris,</strong></span> <span class='ocrx_word' id='word_1_130' title='bbox 2469 563 2528 609; x_wconf 90' lang='lat' dir='ltr'><strong>ut</strong></span> <span class='ocrx_word' id='word_1_131' title='bbox 2553 555 2734 610; x_wconf 90' lang='lat' dir='ltr'><strong>multis</strong></span> <span class='ocrx_word' id='word_1_132' title='bbox 2763 553 3068 611; x_wconf 86' lang='lat' dir='ltr'><strong>declaretur</strong></span> <span class='ocrx_word' id='word_1_133' title='bbox 3102 555 3310 612; x_wconf 88' lang='lat' dir='ltr'><strong>indiciis</strong></span> <span class='ocrx_word' id='word_1_134' title='bbox 3335 572 3436 628; x_wconf 84' lang='lat' dir='ltr'><strong>per</strong></span> 
     </span>
    </p>
   </div>
   <div class='ocr_carea' id='block_1_20' title="bbox 1848 646 3435 717">
    <p class='ocr_par' dir='ltr' id='par_1_20' title="bbox 1848 646 3435 717">
     <span class='ocr_line' id='line_1_20' title="bbox 1848 646 3435 717; baseline 0.002 -16"><span class='ocrx_word' id='word_1_135' title='bbox 1848 661 2134 716; x_wconf 85' lang='lat' dir='ltr'><strong>expressas</strong></span> <span class='ocrx_word' id='word_1_136' title='bbox 2162 646 2423 716; x_wconf 79' lang='lat' dir='ltr'><strong>imagines</strong></span> <span class='ocrx_word' id='word_1_137' title='bbox 2463 661 2642 701; x_wconf 90' lang='lat' dir='ltr'><strong>rerum</strong></span> <span class='ocrx_word' id='word_1_138' title='bbox 2686 646 2828 702; x_wconf 77' lang='lat' dir='ltr'><strong>vices</strong></span> <span class='ocrx_word' id='word_1_139' title='bbox 2856 654 2911 702; x_wconf 87' lang='lat' dir='ltr'><strong>te</strong></span> <span class='ocrx_word' id='word_1_140' title='bbox 2951 646 3219 717; x_wconf 73' lang='lat' dir='ltr'><strong>praecelsas</strong></span> <span class='ocrx_word' id='word_1_141' title='bbox 3245 661 3435 716; x_wconf 90' lang='lat' dir='ltr'><strong>gerere</strong></span> 
     </span>
    </p>
   </div>
   <div class='ocr_carea' id='block_1_21' title="bbox 1847 734 3436 807">
    <p class='ocr_par' dir='ltr' id='par_1_21' title="bbox 1847 734 3436 807">
     <span class='ocr_line' id='line_1_21' title="bbox 1847 734 3436 807; baseline 0 -15"><span class='ocrx_word' id='word_1_142' title='bbox 1847 736 2141 807; x_wconf 79' lang='lat' dir='ltr'><strong>dignitatis.</strong></span> <span class='ocrx_word' id='word_1_143' title='bbox 2168 734 2460 791; x_wconf 90' lang='lat' dir='ltr'><strong>Considera</strong></span> <span class='ocrx_word' id='word_1_144' title='bbox 2490 750 2740 804; x_wconf 89' lang='lat' dir='ltr'><strong>magnum</strong></span> <span class='ocrx_word' id='word_1_145' title='bbox 2771 751 2891 792; x_wconf 89' lang='lat' dir='ltr'><strong>esse</strong></span> <span class='ocrx_word' id='word_1_146' title='bbox 2929 737 3074 806; x_wconf 92' lang='lat' dir='ltr'><strong>quod</strong></span> <span class='ocrx_word' id='word_1_147' title='bbox 3103 736 3346 807; x_wconf 86' lang='lat' dir='ltr'><strong>suscipis,</strong></span> <span class='ocrx_word' id='word_1_148' title='bbox 3378 746 3436 794; x_wconf 89' lang='lat' dir='ltr'><strong>et</strong></span> 
     </span>
    </p>
   </div>
   <div class='ocr_carea' id='block_1_22' title="bbox 1849 825 3435 898">
    <p class='ocr_par' dir='ltr' id='par_1_22' title="bbox 1849 825 3435 898">
     <span class='ocr_line' id='line_1_22' title="bbox 1849 825 3435 898; baseline -0.001 -15"><span class='ocrx_word' id='word_1_149' title='bbox 1849 828 1994 884; x_wconf 91' lang='lat' dir='ltr'><strong>nulla</strong></span> <span class='ocrx_word' id='word_1_150' title='bbox 2025 827 2308 884; x_wconf 91' lang='lat' dir='ltr'><strong>criminum</strong></span> <span class='ocrx_word' id='word_1_151' title='bbox 2338 827 2641 898; x_wconf 86' lang='lat' dir='ltr'><strong>dejectione</strong></span> <span class='ocrx_word' id='word_1_152' title='bbox 2685 826 2909 882; x_wconf 89' lang='lat' dir='ltr'><strong>vitieris.</strong></span> <span class='ocrx_word' id='word_1_153' title='bbox 2941 825 3182 881; x_wconf 82' lang='lat' dir='ltr'><strong>Nominis</strong></span> <span class='ocrx_word' id='word_1_154' title='bbox 3222 827 3296 881; x_wconf 89' lang='lat' dir='ltr'><strong>tui</strong></span> <span class='ocrx_word' id='word_1_155' title='bbox 3337 843 3435 882; x_wconf 87' lang='lat' dir='ltr'><strong>au-</strong></span> 
     </span>
    </p>
   </div>
   <div class='ocr_carea' id='block_1_23' title="bbox 1847 916 3434 987">
    <p class='ocr_par' dir='ltr' id='par_1_23' title="bbox 1847 916 3434 987">
     <span class='ocr_line' id='line_1_23' title="bbox 1847 916 3434 987; baseline 0.001 -15"><span class='ocrx_word' id='word_1_156' title='bbox 1847 926 1967 973; x_wconf 90' lang='lat' dir='ltr'><strong>ctor</strong></span> <span class='ocrx_word' id='word_1_157' title='bbox 1995 917 2159 972; x_wconf 90' lang='lat' dir='ltr'><strong>multa</strong></span> <span class='ocrx_word' id='word_1_158' title='bbox 2189 916 2512 972; x_wconf 89' lang='lat' dir='ltr'><strong>conferendo</strong></span> <span class='ocrx_word' id='word_1_159' title='bbox 2541 916 2882 987; x_wconf 80' lang='lat' dir='ltr'><strong>praedicatur.</strong></span> <span class='ocrx_word' id='word_1_160' title='bbox 2926 917 3006 971; x_wconf 91' lang='lat' dir='ltr'><strong>Tu</strong></span> <span class='ocrx_word' id='word_1_161' title='bbox 3032 932 3152 987; x_wconf 88' lang='lat' dir='ltr'><strong>age,</strong></span> <span class='ocrx_word' id='word_1_162' title='bbox 3198 932 3270 972; x_wconf 91' lang='lat' dir='ltr'><strong>ne</strong></span> <span class='ocrx_word' id='word_1_163' title='bbox 3313 919 3434 973; x_wconf 88' lang='lat' dir='ltr'><strong>ullis</strong></span> 
     </span>
    </p>
   </div>
   <div class='ocr_carea' id='block_1_24' title="bbox 1847 1008 3428 1079">
    <p class='ocr_par' dir='ltr' id='par_1_24' title="bbox 1847 1008 3428 1079">
     <span class='ocr_line' id='line_1_24' title="bbox 1847 1008 3428 1079; baseline -0.001 -14"><span class='ocrx_word' id='word_1_164' title='bbox 1847 1008 2229 1079; x_wconf 86' lang='lat' dir='ltr'><strong>cupiditatibus</strong></span> <span class='ocrx_word' id='word_1_165' title='bbox 2275 1008 2578 1075; x_wconf 88' lang='lat' dir='ltr'><strong>accuseris;</strong></span> <span class='ocrx_word' id='word_1_166' title='bbox 2630 1017 2690 1063; x_wconf 92' lang='lat' dir='ltr'><strong>ut</strong></span> <span class='ocrx_word' id='word_1_167' title='bbox 2734 1009 2778 1064; x_wconf 87' lang='lat' dir='ltr'><strong>si</strong></span> <span class='ocrx_word' id='word_1_168' title='bbox 2823 1008 2952 1064; x_wconf 89' lang='lat' dir='ltr'><strong>dare</strong></span> <span class='ocrx_word' id='word_1_169' title='bbox 2997 1025 3104 1063; x_wconf 89' lang='lat' dir='ltr'><strong>non</strong></span> <span class='ocrx_word' id='word_1_170' title='bbox 3152 1009 3428 1079; x_wconf 84' lang='lat' dir='ltr'><strong>praevales,</strong></span> 
     </span>
    </p>
   </div>
   <div class='ocr_carea' id='block_1_25' title="bbox 1847 1100 3436 1157">
    <p class='ocr_par' dir='ltr' id='par_1_25' title="bbox 1847 1100 3436 1157">
     <span class='ocr_line' id='line_1_25' title="bbox 1847 1100 3436 1157; baseline -0.001 0"><span class='ocrx_word' id='word_1_171' title='bbox 1847 1109 1994 1157; x_wconf 88' lang='lat' dir='ltr'><strong>certe</strong></span> <span class='ocrx_word' id='word_1_172' title='bbox 2022 1109 2076 1157; x_wconf 90' lang='lat' dir='ltr'><strong>te</strong></span> <span class='ocrx_word' id='word_1_173' title='bbox 2104 1101 2373 1156; x_wconf 89' lang='lat' dir='ltr'><strong>moderari</strong></span> <span class='ocrx_word' id='word_1_174' title='bbox 2401 1102 2542 1157; x_wconf 83' lang='lat' dir='ltr'><strong>velle</strong></span> <span class='ocrx_word' id='word_1_175' title='bbox 2581 1100 2822 1157; x_wconf 79' lang='lat' dir='ltr'><strong>festines.</strong></span> <span class='ocrx_word' id='word_1_176' title='bbox 2857 1100 3140 1157; x_wconf 81' lang='lat' dir='ltr'><strong>Proximus</strong></span> <span class='ocrx_word' id='word_1_177' title='bbox 3169 1101 3310 1156; x_wconf 88' lang='lat' dir='ltr'><strong>enim</strong></span> <span class='ocrx_word' id='word_1_178' title='bbox 3339 1102 3436 1156; x_wconf 82' lang='lat' dir='ltr'><strong>ha-</strong></span> 
     </span>
    </p>
   </div>
   <div class='ocr_carea' id='block_1_26' title="bbox 1846 1191 3435 1264">
    <p class='ocr_par' dir='ltr' id='par_1_26' title="bbox 1846 1191 3435 1264">
     <span class='ocr_line' id='line_1_26' title="bbox 1846 1191 3435 1264; baseline -0.004 -14"><span class='ocrx_word' id='word_1_179' title='bbox 1846 1193 2004 1250; x_wconf 91' lang='lat' dir='ltr'><strong>betur</strong></span> <span class='ocrx_word' id='word_1_180' title='bbox 2027 1193 2273 1262; x_wconf 89' lang='lat' dir='ltr'><strong>donanti,</strong></span> <span class='ocrx_word' id='word_1_181' title='bbox 2303 1194 2370 1249; x_wconf 89' lang='lat' dir='ltr'><strong>de</strong></span> <span class='ocrx_word' id='word_1_182' title='bbox 2398 1209 2506 1264; x_wconf 86' lang='lat' dir='ltr'><strong>quo</strong></span> <span class='ocrx_word' id='word_1_183' title='bbox 2531 1201 2710 1264; x_wconf 89' lang='lat' dir='ltr'><strong>potest</strong></span> <span class='ocrx_word' id='word_1_184' title='bbox 2737 1193 2864 1260; x_wconf 89' lang='lat' dir='ltr'><strong>dici,</strong></span> <span class='ocrx_word' id='word_1_185' title='bbox 2896 1193 3172 1249; x_wconf 86' lang='lat' dir='ltr'><strong>abstinens</strong></span> <span class='ocrx_word' id='word_1_186' title='bbox 3198 1200 3282 1246; x_wconf 90' lang='lat' dir='ltr'><strong>est</strong></span> <span class='ocrx_word' id='word_1_187' title='bbox 3301 1191 3435 1260; x_wconf 88' lang='lat' dir='ltr'><strong>jugi-</strong></span> 
     </span>
    </p>
   </div>
   <div class='ocr_carea' id='block_1_27' title="bbox 1847 1281 3431 1344">
    <p class='ocr_par' dir='ltr' id='par_1_27' title="bbox 1847 1281 3431 1344">
     <span class='ocr_line' id='line_1_27' title="bbox 1847 1281 3431 1344; baseline -0.003 -6"><span class='ocrx_word' id='word_1_188' title='bbox 1847 1291 1931 1338; x_wconf 91' lang='lat' dir='ltr'><strong>ter</strong></span> <span class='ocrx_word' id='word_1_189' title='bbox 1952 1283 2132 1338; x_wconf 90' lang='lat' dir='ltr'><strong>alieni.</strong></span> <span class='ocrx_word' id='word_1_190' title='bbox 2177 1281 2337 1338; x_wconf 88' lang='lat' dir='ltr'><strong>Certe</strong></span> <span class='ocrx_word' id='word_1_191' title='bbox 2361 1281 2662 1337; x_wconf 66' lang='lat' dir='ltr'><strong>foedissimae</strong></span> <span class='ocrx_word' id='word_1_192' title='bbox 2687 1281 3084 1338; x_wconf 87' lang='lat' dir='ltr'><strong>contrarietatis</strong></span> <span class='ocrx_word' id='word_1_193' title='bbox 3114 1281 3299 1334; x_wconf 86' lang='lat' dir='ltr'><strong>vitium</strong></span> <span class='ocrx_word' id='word_1_194' title='bbox 3330 1287 3431 1344; x_wconf 84' lang='lat' dir='ltr'><strong>est,</strong></span> 
     </span>
    </p>
   </div>
   <div class='ocr_carea' id='block_1_28' title="bbox 1846 1368 3435 1440">
    <p class='ocr_par' dir='ltr' id='par_1_28' title="bbox 1846 1368 3435 1440">
     <span class='ocr_line' id='line_1_28' title="bbox 1846 1368 3435 1440; baseline -0.003 -13"><span class='ocrx_word' id='word_1_195' title='bbox 1846 1372 2063 1427; x_wconf 87' lang='lat' dir='ltr'><strong>studere</strong></span> <span class='ocrx_word' id='word_1_196' title='bbox 2091 1369 2265 1438; x_wconf 89' lang='lat' dir='ltr'><strong>furtis,</strong></span> <span class='ocrx_word' id='word_1_197' title='bbox 2294 1380 2350 1427; x_wconf 90' lang='lat' dir='ltr'><strong>et</strong></span> <span class='ocrx_word' id='word_1_198' title='bbox 2374 1372 2574 1426; x_wconf 88' lang='lat' dir='ltr'><strong>habere</strong></span> <span class='ocrx_word' id='word_1_199' title='bbox 2593 1371 2912 1427; x_wconf 88' lang='lat' dir='ltr'><strong>vocabulum</strong></span> <span class='ocrx_word' id='word_1_200' title='bbox 2936 1370 3219 1440; x_wconf 81' lang='lat' dir='ltr'><strong>largitatis.</strong></span> <span class='ocrx_word' id='word_1_201' title='bbox 3250 1368 3435 1436; x_wconf 88' lang='lat' dir='ltr'><strong>Erigat</strong></span> 
     </span>
    </p>
   </div>
   <div class='ocr_carea' id='block_1_29' title="bbox 1847 1459 3432 1530">
    <p class='ocr_par' dir='ltr' id='par_1_29' title="bbox 1847 1459 3432 1530">
     <span class='ocr_line' id='line_1_29' title="bbox 1847 1459 3432 1530; baseline -0.002 -14"><span class='ocrx_word' id='word_1_202' title='bbox 1847 1461 1914 1516; x_wconf 88' lang='lat' dir='ltr'><strong>ad</strong></span> <span class='ocrx_word' id='word_1_203' title='bbox 1943 1461 2154 1516; x_wconf 90' lang='lat' dir='ltr'><strong>laudem</strong></span> <span class='ocrx_word' id='word_1_204' title='bbox 2183 1467 2305 1517; x_wconf 89' lang='lat' dir='ltr'><strong>tuos</strong></span> <span class='ocrx_word' id='word_1_205' title='bbox 2333 1461 2563 1523; x_wconf 86' lang='lat' dir='ltr'><strong>animos,</strong></span> <span class='ocrx_word' id='word_1_206' title='bbox 2609 1461 2754 1530; x_wconf 92' lang='lat' dir='ltr'><strong>quod</strong></span> <span class='ocrx_word' id='word_1_207' title='bbox 2797 1461 3028 1516; x_wconf 88' lang='lat' dir='ltr'><strong>vocaris.</strong></span> <span class='ocrx_word' id='word_1_208' title='bbox 3074 1459 3190 1514; x_wconf 82' lang='lat' dir='ltr'><strong>Non</strong></span> <span class='ocrx_word' id='word_1_209' title='bbox 3221 1467 3274 1514; x_wconf 89' lang='lat' dir='ltr'><strong>te</strong></span> <span class='ocrx_word' id='word_1_210' title='bbox 3303 1473 3432 1529; x_wconf 91' lang='lat' dir='ltr'><strong>pro-</strong></span> 
     </span>
    </p>
   </div>
   <div class='ocr_carea' id='block_1_30' title="bbox 1848 1548 3434 1621">
    <p class='ocr_par' dir='ltr' id='par_1_30' title="bbox 1848 1548 3434 1621">
     <span class='ocr_line' id='line_1_30' title="bbox 1848 1548 3434 1621; baseline -0.001 -16"><span class='ocrx_word' id='word_1_211' title='bbox 1848 1549 1988 1607; x_wconf 88' lang='lat' dir='ltr'><strong>fecto</strong></span> <span class='ocrx_word' id='word_1_212' title='bbox 2017 1551 2224 1606; x_wconf 87' lang='lat' dir='ltr'><strong>meritis</strong></span> <span class='ocrx_word' id='word_1_213' title='bbox 2253 1551 2512 1621; x_wconf 89' lang='lat' dir='ltr'><strong>imparem</strong></span> <span class='ocrx_word' id='word_1_214' title='bbox 2541 1551 2690 1617; x_wconf 90' lang='lat' dir='ltr'><strong>facis,</strong></span> <span class='ocrx_word' id='word_1_215' title='bbox 2720 1551 2763 1606; x_wconf 89' lang='lat' dir='ltr'><strong>si</strong></span> <span class='ocrx_word' id='word_1_216' title='bbox 2785 1551 3104 1620; x_wconf 80' lang='lat' dir='ltr'><strong>turpissimae</strong></span> <span class='ocrx_word' id='word_1_217' title='bbox 3126 1548 3434 1604; x_wconf 86' lang='lat' dir='ltr'><strong>ambitionis</strong></span> 
     </span>
    </p>
   </div>
   <div class='ocr_carea' id='block_1_31' title="bbox 1846 1639 3435 1722">
    <p class='ocr_par' dir='ltr' id='par_1_31' title="bbox 1846 1639 3435 1722">
     <span class='ocr_line' id='line_1_31' title="bbox 1846 1639 3435 1722; baseline -0.001 -27"><span class='ocrx_word' id='word_1_218' title='bbox 1846 1639 2043 1696; x_wconf 89' lang='lat' dir='ltr'><strong>delicta</strong></span> <span class='ocrx_word' id='word_1_219' title='bbox 2074 1640 2386 1696; x_wconf 86' lang='lat' dir='ltr'><strong>calcaveris.</strong></span> <span class='ocrx_word' id='word_1_220' title='bbox 2438 1639 2814 1722; x_wconf 72' lang='lat' dir='ltr'><strong>Namerrores</strong></span> <span class='ocrx_word' id='word_1_221' title='bbox 2858 1641 3054 1694; x_wconf 85' lang='lat' dir='ltr'><strong>noxios</strong></span> <span class='ocrx_word' id='word_1_222' title='bbox 3087 1639 3324 1704; x_wconf 90' lang='lat' dir='ltr'><strong>vincere,</strong></span> <span class='ocrx_word' id='word_1_223' title='bbox 3353 1647 3435 1694; x_wconf 91' lang='lat' dir='ltr'><strong>est</strong></span> 
     </span>
    </p>
   </div>
   <div class='ocr_carea' id='block_1_32' title="bbox 1846 1731 3436 1803">
    <p class='ocr_par' dir='ltr' id='par_1_32' title="bbox 1846 1731 3436 1803">
     <span class='ocr_line' id='line_1_32' title="bbox 1846 1731 3436 1803; baseline -0.001 -17"><span class='ocrx_word' id='word_1_224' title='bbox 1846 1732 1975 1787; x_wconf 90' lang='lat' dir='ltr'><strong>vitia</strong></span> <span class='ocrx_word' id='word_1_225' title='bbox 2005 1732 2280 1788; x_wconf 91' lang='lat' dir='ltr'><strong>maculosa</strong></span> <span class='ocrx_word' id='word_1_226' title='bbox 2310 1747 2585 1803; x_wconf 89' lang='lat' dir='ltr'><strong>superare,</strong></span> <span class='ocrx_word' id='word_1_227' title='bbox 2617 1741 2672 1788; x_wconf 91' lang='lat' dir='ltr'><strong>et</strong></span> <span class='ocrx_word' id='word_1_228' title='bbox 2701 1733 2801 1788; x_wconf 91' lang='lat' dir='ltr'><strong>iste</strong></span> <span class='ocrx_word' id='word_1_229' title='bbox 2844 1746 3034 1787; x_wconf 90' lang='lat' dir='ltr'><strong>revera</strong></span> <span class='ocrx_word' id='word_1_230' title='bbox 3063 1732 3236 1787; x_wconf 90' lang='lat' dir='ltr'><strong>editus</strong></span> <span class='ocrx_word' id='word_1_231' title='bbox 3261 1738 3347 1788; x_wconf 88' lang='lat' dir='ltr'><strong>est</strong></span> <span class='ocrx_word' id='word_1_232' title='bbox 3367 1731 3436 1786; x_wconf 89' lang='lat' dir='ltr'><strong>de</strong></span> 
     </span>
    </p>
   </div>
   <div class='ocr_carea' id='block_1_33' title="bbox 160 1820 3436 1901">
    <p class='ocr_par' dir='ltr' id='par_1_33' title="bbox 160 1820 3436 1901">
     <span class='ocr_line' id='line_1_33' title="bbox 160 1820 3436 1901; baseline 0 -25"><span class='ocrx_word' id='word_1_233' title='bbox 160 1820 345 1888; x_wconf 88' lang='lat' dir='ltr'><strong>sitant,</strong></span> <span class='ocrx_word' id='word_1_234' title='bbox 369 1833 713 1893; x_wconf 78' lang='lat' dir='ltr'><strong>aegrotantes,</strong></span> <span class='ocrx_word' id='word_1_235' title='bbox 729 1827 774 1883; x_wconf 89' lang='lat' dir='ltr'><strong>si</strong></span> <span class='ocrx_word' id='word_1_236' title='bbox 798 1826 954 1883; x_wconf 87' lang='lat' dir='ltr'><strong>dolor</strong></span> <span class='ocrx_word' id='word_1_237' title='bbox 979 1830 1231 1899; x_wconf 86' lang='lat' dir='ltr'><strong>cessavit,</strong></span> <span class='ocrx_word' id='word_1_238' title='bbox 1259 1830 1305 1885; x_wconf 89' lang='lat' dir='ltr'><strong>si</strong></span> <span class='ocrx_word' id='word_1_239' title='bbox 1328 1845 1552 1887; x_wconf 87' lang='lat' dir='ltr'><strong>somnus</strong></span> <span class='ocrx_word' id='word_1_240' title='bbox 1570 1831 1748 1887; x_wconf 88' lang='lat' dir='ltr'><strong>adfue-</strong></span> <span class='ocrx_word' id='word_1_241' title='bbox 1776 1842 1823 1901; x_wconf 80' lang='grc' dir='ltr'><strong>Β</strong></span> <span class='ocrx_word' id='word_1_242' title='bbox 1850 1823 2092 1878; x_wconf 87' lang='lat' dir='ltr'><strong>moribus</strong></span> <span class='ocrx_word' id='word_1_243' title='bbox 2111 1824 2442 1879; x_wconf 88' lang='lat' dir='ltr'><strong>consulatus.</strong></span> <span class='ocrx_word' id='word_1_244' title='bbox 2460 1823 2567 1878; x_wconf 84' lang='lat' dir='ltr'><strong>Nec</strong></span> <span class='ocrx_word' id='word_1_245' title='bbox 2588 1823 2730 1878; x_wconf 91' lang='lat' dir='ltr'><strong>enim</strong></span> <span class='ocrx_word' id='word_1_246' title='bbox 2750 1823 3016 1893; x_wconf 79' lang='lat' dir='ltr'><strong>superflue</strong></span> <span class='ocrx_word' id='word_1_247' title='bbox 3035 1821 3436 1893; x_wconf 88' lang='lat' dir='ltr'><strong>prudentissimi</strong></span> 
     </span>
    </p>
   </div>
   <div class='ocr_carea' id='block_1_34' title="bbox 159 1910 1748 1993">
    <p class='ocr_par' dir='ltr' id='par_1_34' title="bbox 159 1910 1748 1993">
     <span class='ocr_line' id='line_1_34' title="bbox 159 1910 1748 1993; baseline 0.01 -29"><span class='ocrx_word' id='word_1_248' title='bbox 159 1910 251 1966; x_wconf 90' lang='lat' dir='ltr'><strong>rit.</strong></span> <span class='ocrx_word' id='word_1_249' title='bbox 282 1911 360 1968; x_wconf 91' lang='lat' dir='ltr'><strong>De</strong></span> <span class='ocrx_word' id='word_1_250' title='bbox 401 1929 501 1971; x_wconf 89' lang='lat' dir='ltr'><strong>suo</strong></span> <span class='ocrx_word' id='word_1_251' title='bbox 527 1931 657 1972; x_wconf 87' lang='lat' dir='ltr'><strong>vero</strong></span> <span class='ocrx_word' id='word_1_252' title='bbox 685 1917 946 1987; x_wconf 85' lang='lat' dir='ltr'><strong>languore</strong></span> <span class='ocrx_word' id='word_1_253' title='bbox 973 1926 1028 1976; x_wconf 90' lang='lat' dir='ltr'><strong>te</strong></span> <span class='ocrx_word' id='word_1_254' title='bbox 1051 1930 1284 1990; x_wconf 86' lang='lat' dir='ltr'><strong>aegrotus</strong></span> <span class='ocrx_word' id='word_1_255' title='bbox 1311 1922 1628 1993; x_wconf 89' lang='lat' dir='ltr'><strong>interroget,</strong></span> <span class='ocrx_word' id='word_1_256' title='bbox 1657 1939 1748 1980; x_wconf 88' lang='lat' dir='ltr'><strong>au-</strong></span> 
     </span>
    </p>
   </div>
   <div class='ocr_carea' id='block_1_35' title="bbox 157 2001 1748 2082">
    <p class='ocr_par' dir='ltr' id='par_1_35' title="bbox 157 2001 1748 2082">
     <span class='ocr_line' id='line_1_35' title="bbox 157 2001 1748 2082; baseline 0.009 -25"><span class='ocrx_word' id='word_1_257' title='bbox 157 2001 379 2073; x_wconf 88' lang='lat' dir='ltr'><strong>diatque</strong></span> <span class='ocrx_word' id='word_1_258' title='bbox 403 2020 434 2059; x_wconf 91' lang='lat' dir='ltr'><strong>a</strong></span> <span class='ocrx_word' id='word_1_259' title='bbox 465 2014 516 2060; x_wconf 92' lang='lat' dir='ltr'><strong>te</strong></span> <span class='ocrx_word' id='word_1_260' title='bbox 544 2008 720 2065; x_wconf 90' lang='lat' dir='ltr'><strong>verius</strong></span> <span class='ocrx_word' id='word_1_261' title='bbox 746 2010 890 2078; x_wconf 91' lang='lat' dir='ltr'><strong>quod</strong></span> <span class='ocrx_word' id='word_1_262' title='bbox 920 2011 1034 2081; x_wconf 92' lang='lat' dir='ltr'><strong>ipse</strong></span> <span class='ocrx_word' id='word_1_263' title='bbox 1060 2012 1280 2082; x_wconf 86' lang='lat' dir='ltr'><strong>patitur.</strong></span> <span class='ocrx_word' id='word_1_264' title='bbox 1323 2011 1546 2070; x_wconf 84' lang='lat' dir='ltr'><strong>Habetis</strong></span> <span class='ocrx_word' id='word_1_265' title='bbox 1572 2024 1628 2070; x_wconf 91' lang='lat' dir='ltr'><strong>et</strong></span> <span class='ocrx_word' id='word_1_266' title='bbox 1651 2031 1748 2071; x_wconf 85' lang='lat' dir='ltr'><strong>vos</strong></span> 
     </span>
    </p>
   </div>
   <div class='ocr_carea' id='block_1_36' title="bbox 159 2089 1748 2174">
    <p class='ocr_par' dir='ltr' id='par_1_36' title="bbox 159 2089 1748 2174">
     <span class='ocr_line' id='line_1_36' title="bbox 159 2089 1748 2174; baseline 0.007 -26"><span class='ocrx_word' id='word_1_267' title='bbox 159 2102 311 2150; x_wconf 86' lang='lat' dir='ltr'><strong>certe</strong></span> <span class='ocrx_word' id='word_1_268' title='bbox 331 2097 634 2154; x_wconf 91' lang='lat' dir='ltr'><strong>verissimos</strong></span> <span class='ocrx_word' id='word_1_269' title='bbox 655 2089 840 2168; x_wconf 70' lang='lat' dir='ltr'><strong>testes,</strong></span> <span class='ocrx_word' id='word_1_270' title='bbox 863 2117 1000 2172; x_wconf 89' lang='lat' dir='ltr'><strong>quos</strong></span> <span class='ocrx_word' id='word_1_271' title='bbox 1027 2103 1363 2172; x_wconf 86' lang='lat' dir='ltr'><strong>interrogare</strong></span> <span class='ocrx_word' id='word_1_272' title='bbox 1388 2103 1626 2174; x_wconf 88' lang='lat' dir='ltr'><strong>possitis.</strong></span> <span class='ocrx_word' id='word_1_273' title='bbox 1653 2102 1748 2159; x_wconf 88' lang='lat' dir='ltr'><strong>Pe-</strong></span> 
     </span>
    </p>
   </div>
   <div class='ocr_carea' id='block_1_37' title="bbox 160 2184 1748 2264">
    <p class='ocr_par' dir='ltr' id='par_1_37' title="bbox 160 2184 1748 2264">
     <span class='ocr_line' id='line_1_37' title="bbox 160 2184 1748 2264; baseline 0.008 -25"><span class='ocrx_word' id='word_1_274' title='bbox 160 2184 268 2240; x_wconf 90' lang='lat' dir='ltr'><strong>rito</strong></span> <span class='ocrx_word' id='word_1_275' title='bbox 318 2187 580 2255; x_wconf 89' lang='lat' dir='ltr'><strong>siquidem</strong></span> <span class='ocrx_word' id='word_1_276' title='bbox 639 2193 908 2250; x_wconf 89' lang='lat' dir='ltr'><strong>archiatro</strong></span> <span class='ocrx_word' id='word_1_277' title='bbox 955 2209 1214 2249; x_wconf 89' lang='lat' dir='ltr'><strong>venarum</strong></span> <span class='ocrx_word' id='word_1_278' title='bbox 1264 2195 1448 2264; x_wconf 87' lang='lat' dir='ltr'><strong>pulsus</strong></span> <span class='ocrx_word' id='word_1_279' title='bbox 1502 2197 1748 2252; x_wconf 88' lang='lat' dir='ltr'><strong>enuntiat</strong></span> 
     </span>
    </p>
   </div>
   <div class='ocr_carea' id='block_1_38' title="bbox 159 2278 1748 2356">
    <p class='ocr_par' dir='ltr' id='par_1_38' title="bbox 159 2278 1748 2356">
     <span class='ocr_line' id='line_1_38' title="bbox 159 2278 1748 2356; baseline 0.007 -25"><span class='ocrx_word' id='word_1_280' title='bbox 159 2278 291 2346; x_wconf 92' lang='lat' dir='ltr'><strong>quid</strong></span> <span class='ocrx_word' id='word_1_281' title='bbox 343 2280 488 2336; x_wconf 91' lang='lat' dir='ltr'><strong>intus</strong></span> <span class='ocrx_word' id='word_1_282' title='bbox 523 2291 714 2338; x_wconf 88' lang='lat' dir='ltr'><strong>natura</strong></span> <span class='ocrx_word' id='word_1_283' title='bbox 759 2285 1016 2356; x_wconf 89' lang='lat' dir='ltr'><strong>patiatur.</strong></span> <span class='ocrx_word' id='word_1_284' title='bbox 1047 2281 1352 2346; x_wconf 74' lang='lat' dir='ltr'><strong>Oﬁcruntur</strong></span> <span class='ocrx_word' id='word_1_285' title='bbox 1401 2286 1565 2340; x_wconf 89' lang='lat' dir='ltr'><strong>etiam</strong></span> <span class='ocrx_word' id='word_1_286' title='bbox 1615 2301 1748 2342; x_wconf 88' lang='lat' dir='ltr'><strong>ocu-</strong></span> 
     </span>
    </p>
   </div>
   <div class='ocr_carea' id='block_1_39' title="bbox 161 2369 1747 2440">
    <p class='ocr_par' dir='ltr' id='par_1_39' title="bbox 161 2369 1747 2440">
     <span class='ocr_line' id='line_1_39' title="bbox 161 2369 1747 2440; baseline 0.008 -16"><span class='ocrx_word' id='word_1_287' title='bbox 161 2369 227 2425; x_wconf 86' lang='lat' dir='ltr'><strong>lis</strong></span> <span class='ocrx_word' id='word_1_288' title='bbox 275 2372 443 2427; x_wconf 82' lang='lat' dir='ltr'><strong>urinae</strong></span> <span class='ocrx_word' id='word_1_289' title='bbox 469 2413 486 2440; x_wconf 93' lang='lat'><strong>,</strong></span> <span class='ocrx_word' id='word_1_290' title='bbox 528 2389 586 2430; x_wconf 79' lang='lat' dir='ltr'><strong>ut</strong></span> <span class='ocrx_word' id='word_1_291' title='bbox 641 2376 852 2432; x_wconf 85' lang='lat' dir='ltr'><strong>facilius</strong></span> <span class='ocrx_word' id='word_1_292' title='bbox 919 2377 990 2432; x_wconf 91' lang='lat' dir='ltr'><strong>sit</strong></span> <span class='ocrx_word' id='word_1_293' title='bbox 1054 2391 1244 2432; x_wconf 90' lang='lat' dir='ltr'><strong>vocem</strong></span> <span class='ocrx_word' id='word_1_294' title='bbox 1305 2377 1590 2433; x_wconf 90' lang='lat' dir='ltr'><strong>clamantis</strong></span> <span class='ocrx_word' id='word_1_295' title='bbox 1635 2395 1747 2436; x_wconf 88' lang='lat' dir='ltr'><strong>non</strong></span> 
     </span>
    </p>
   </div>
   <div class='ocr_carea' id='block_1_40' title="bbox 161 2459 1742 2536">
    <p class='ocr_par' dir='ltr' id='par_1_40' title="bbox 161 2459 1742 2536">
     <span class='ocr_line' id='line_1_40' title="bbox 161 2459 1742 2536; baseline 0.007 -23"><span class='ocrx_word' id='word_1_296' title='bbox 161 2459 462 2532; x_wconf 89' lang='lat' dir='ltr'><strong>advertere,</strong></span> <span class='ocrx_word' id='word_1_297' title='bbox 510 2479 672 2534; x_wconf 90' lang='lat' dir='ltr'><strong>quam</strong></span> <span class='ocrx_word' id='word_1_298' title='bbox 719 2465 1025 2536; x_wconf 90' lang='lat' dir='ltr'><strong>hujusmodi</strong></span> <span class='ocrx_word' id='word_1_299' title='bbox 1065 2467 1286 2522; x_wconf 88' lang='lat' dir='ltr'><strong>minime</strong></span> <span class='ocrx_word' id='word_1_300' title='bbox 1334 2467 1487 2536; x_wconf 89' lang='lat' dir='ltr'><strong>signa</strong></span> <span class='ocrx_word' id='word_1_301' title='bbox 1521 2468 1742 2524; x_wconf 90' lang='lat' dir='ltr'><strong>sentire.</strong></span> 
     </span>
    </p>
   </div>
   <div class='ocr_carea' id='block_1_41' title="bbox 161 2546 1748 2625">
    <p class='ocr_par' dir='ltr' id='par_1_41' title="bbox 161 2546 1748 2625">
     <span class='ocr_line' id='line_1_41' title="bbox 161 2546 1748 2625; baseline 0.008 -23"><span class='ocrx_word' id='word_1_302' title='bbox 161 2546 380 2620; x_wconf 86' lang='lat' dir='ltr'><strong>indulge</strong></span> <span class='ocrx_word' id='word_1_303' title='bbox 411 2560 463 2607; x_wconf 88' lang='lat' dir='ltr'><strong>te</strong></span> <span class='ocrx_word' id='word_1_304' title='bbox 490 2568 706 2624; x_wconf 89' lang='lat' dir='ltr'><strong>quoque</strong></span> <span class='ocrx_word' id='word_1_305' title='bbox 743 2555 944 2625; x_wconf 91' lang='lat' dir='ltr'><strong>palatio</strong></span> <span class='ocrx_word' id='word_1_306' title='bbox 988 2563 1214 2612; x_wconf 86' lang='lat' dir='ltr'><strong>nostro:</strong></span> <span class='ocrx_word' id='word_1_307' title='bbox 1246 2555 1446 2612; x_wconf 89' lang='lat' dir='ltr'><strong>habeto</strong></span> <span class='ocrx_word' id='word_1_308' title='bbox 1493 2555 1748 2614; x_wconf 74' lang='lat' dir='ltr'><strong>fiduciam</strong></span> 
     </span>
    </p>
   </div>
   <div class='ocr_carea' id='block_1_42' title="bbox 161 2639 1747 2719">
    <p class='ocr_par' dir='ltr' id='par_1_42' title="bbox 161 2639 1747 2719">
     <span class='ocr_line' id='line_1_42' title="bbox 161 2639 1747 2719; baseline 0.006 -24"><span class='ocrx_word' id='word_1_309' title='bbox 161 2639 516 2710; x_wconf 84' lang='lat' dir='ltr'><strong>ingrediendi,</strong></span> <span class='ocrx_word' id='word_1_310' title='bbox 535 2660 653 2714; x_wconf 70' lang='lat' dir='ltr'><strong>qua:</strong></span> <span class='ocrx_word' id='word_1_311' title='bbox 673 2647 879 2715; x_wconf 86' lang='lat' dir='ltr'><strong>magnis</strong></span> <span class='ocrx_word' id='word_1_312' title='bbox 897 2647 1036 2703; x_wconf 90' lang='lat' dir='ltr'><strong>solet</strong></span> <span class='ocrx_word' id='word_1_313' title='bbox 1061 2648 1248 2718; x_wconf 90' lang='lat' dir='ltr'><strong>pretiis</strong></span> <span class='ocrx_word' id='word_1_314' title='bbox 1267 2649 1590 2719; x_wconf 83' lang='lat' dir='ltr'><strong>comparari.</strong></span> <span class='ocrx_word' id='word_1_315' title='bbox 1613 2649 1747 2705; x_wconf 85' lang='lat' dir='ltr'><strong>Nam</strong></span> 
     </span>
    </p>
   </div>
   <div class='ocr_carea' id='block_1_43' title="bbox 161 2728 1748 2805">
    <p class='ocr_par' dir='ltr' id='par_1_43' title="bbox 161 2728 1748 2805">
     <span class='ocr_line' id='line_1_43' title="bbox 161 2728 1748 2805; baseline 0.006 -21"><span class='ocrx_word' id='word_1_316' title='bbox 161 2728 290 2785; x_wconf 88' lang='lat' dir='ltr'><strong>licet</strong></span> <span class='ocrx_word' id='word_1_317' title='bbox 317 2731 407 2786; x_wconf 88' lang='lat' dir='ltr'><strong>alii</strong></span> <span class='ocrx_word' id='word_1_318' title='bbox 436 2733 682 2803; x_wconf 88' lang='lat' dir='ltr'><strong>subjecto</strong></span> <span class='ocrx_word' id='word_1_319' title='bbox 721 2734 845 2805; x_wconf 89' lang='lat' dir='ltr'><strong>jure</strong></span> <span class='ocrx_word' id='word_1_320' title='bbox 872 2737 1138 2803; x_wconf 82' lang='lat' dir='ltr'><strong>serviant,</strong></span> <span class='ocrx_word' id='word_1_321' title='bbox 1191 2745 1250 2792; x_wconf 93' lang='lat' dir='ltr'><strong>tu</strong></span> <span class='ocrx_word' id='word_1_322' title='bbox 1289 2753 1469 2794; x_wconf 90' lang='lat' dir='ltr'><strong>rerum</strong></span> <span class='ocrx_word' id='word_1_323' title='bbox 1519 2737 1748 2794; x_wconf 91' lang='lat' dir='ltr'><strong>Domino</strong></span> 
     </span>
    </p>
   </div>
   <div class='ocr_carea' id='block_1_44' title="bbox 160 2819 1749 2900">
    <p class='ocr_par' dir='ltr' id='par_1_44' title="bbox 160 2819 1749 2900">
     <span class='ocr_line' id='line_1_44' title="bbox 160 2819 1749 2900; baseline 0.006 -25"><span class='ocrx_word' id='word_1_324' title='bbox 160 2819 342 2877; x_wconf 88' lang='lat' dir='ltr'><strong>studio</strong></span> <span class='ocrx_word' id='word_1_325' title='bbox 371 2824 669 2892; x_wconf 76' lang='lat' dir='ltr'><strong>praestantis</strong></span> <span class='ocrx_word' id='word_1_326' title='bbox 711 2825 956 2882; x_wconf 88' lang='lat' dir='ltr'><strong>observa.</strong></span> <span class='ocrx_word' id='word_1_327' title='bbox 987 2825 1092 2882; x_wconf 87' lang='lat' dir='ltr'><strong>Fas</strong></span> <span class='ocrx_word' id='word_1_328' title='bbox 1120 2834 1203 2883; x_wconf 89' lang='lat' dir='ltr'><strong>est</strong></span> <span class='ocrx_word' id='word_1_329' title='bbox 1246 2827 1339 2883; x_wconf 90' lang='lat' dir='ltr'><strong>tibi</strong></span> <span class='ocrx_word' id='word_1_330' title='bbox 1381 2843 1482 2885; x_wconf 88' lang='lat' dir='ltr'><strong>nos</strong></span> <span class='ocrx_word' id='word_1_331' title='bbox 1523 2827 1749 2900; x_wconf 84' lang='lat' dir='ltr'><strong>fatigare</strong></span> 
     </span>
    </p>
   </div>
   <div class='ocr_carea' id='block_1_45' title="bbox 161 2912 1744 2987">
    <p class='ocr_par' dir='ltr' id='par_1_45' title="bbox 161 2912 1744 2987">
     <span class='ocr_line' id='line_1_45' title="bbox 161 2912 1744 2987; baseline 0.004 -20"><span class='ocrx_word' id='word_1_332' title='bbox 161 2912 398 2982; x_wconf 88' lang='lat' dir='ltr'><strong>jejuniis,</strong></span> <span class='ocrx_word' id='word_1_333' title='bbox 429 2915 510 2972; x_wconf 91' lang='lat' dir='ltr'><strong>fas</strong></span> <span class='ocrx_word' id='word_1_334' title='bbox 537 2924 621 2972; x_wconf 88' lang='lat' dir='ltr'><strong>est</strong></span> <span class='ocrx_word' id='word_1_335' title='bbox 657 2927 845 2974; x_wconf 89' lang='lat' dir='ltr'><strong>contra</strong></span> <span class='ocrx_word' id='word_1_336' title='bbox 886 2926 1130 2974; x_wconf 90' lang='lat' dir='ltr'><strong>nostrum</strong></span> <span class='ocrx_word' id='word_1_337' title='bbox 1175 2919 1376 2974; x_wconf 89' lang='lat' dir='ltr'><strong>sentire</strong></span> <span class='ocrx_word' id='word_1_338' title='bbox 1399 2919 1744 2987; x_wconf 89' lang='lat' dir='ltr'><strong>desiderium,</strong></span> 
     </span>
    </p>
   </div>
   <div class='ocr_carea' id='block_1_46' title="bbox 163 3005 1745 3082">
    <p class='ocr_par' dir='ltr' id='par_1_46' title="bbox 163 3005 1745 3082">
     <span class='ocr_line' id='line_1_46' title="bbox 163 3005 1745 3082; baseline 0.006 -22"><span class='ocrx_word' id='word_1_339' title='bbox 163 3015 220 3061; x_wconf 91' lang='lat' dir='ltr'><strong>et</strong></span> <span class='ocrx_word' id='word_1_340' title='bbox 241 3005 297 3062; x_wconf 91' lang='lat' dir='ltr'><strong>in</strong></span> <span class='ocrx_word' id='word_1_341' title='bbox 325 3007 501 3063; x_wconf 91' lang='lat' dir='ltr'><strong>locum</strong></span> <span class='ocrx_word' id='word_1_342' title='bbox 529 3008 773 3066; x_wconf 84' lang='lat' dir='ltr'><strong>beneﬁcii</strong></span> <span class='ocrx_word' id='word_1_343' title='bbox 803 3010 1010 3068; x_wconf 89' lang='lat' dir='ltr'><strong>dictare</strong></span> <span class='ocrx_word' id='word_1_344' title='bbox 1035 3011 1179 3082; x_wconf 92' lang='lat' dir='ltr'><strong>quod</strong></span> <span class='ocrx_word' id='word_1_345' title='bbox 1206 3027 1306 3068; x_wconf 91' lang='lat' dir='ltr'><strong>nos</strong></span> <span class='ocrx_word' id='word_1_346' title='bbox 1333 3011 1402 3067; x_wconf 90' lang='lat' dir='ltr'><strong>ad</strong></span> <span class='ocrx_word' id='word_1_347' title='bbox 1437 3013 1631 3082; x_wconf 82' lang='lat' dir='ltr'><strong>gaudia</strong></span> <span class='ocrx_word' id='word_1_348' title='bbox 1657 3029 1745 3070; x_wconf 86' lang='lat' dir='ltr'><strong>sa-</strong></span> 
     </span>
    </p>
   </div>
   <div class='ocr_carea' id='block_1_47' title="bbox 163 3094 1744 3178">
    <p class='ocr_par' dir='ltr' id='par_1_47' title="bbox 163 3094 1744 3178">
     <span class='ocr_line' id='line_1_47' title="bbox 163 3094 1744 3178; baseline 0.009 -29"><span class='ocrx_word' id='word_1_349' title='bbox 163 3094 291 3152; x_wconf 88' lang='lat' dir='ltr'><strong>lutis</strong></span> <span class='ocrx_word' id='word_1_350' title='bbox 334 3100 625 3156; x_wconf 80' lang='lat' dir='ltr'><strong>excruciet.</strong></span> <span class='ocrx_word' id='word_1_351' title='bbox 667 3100 854 3158; x_wconf 86' lang='lat' dir='ltr'><strong>Talem</strong></span> <span class='ocrx_word' id='word_1_352' title='bbox 904 3103 998 3159; x_wconf 91' lang='lat' dir='ltr'><strong>tibi</strong></span> <span class='ocrx_word' id='word_1_353' title='bbox 1027 3103 1260 3174; x_wconf 89' lang='lat' dir='ltr'><strong>denique</strong></span> <span class='ocrx_word' id='word_1_354' title='bbox 1289 3104 1562 3160; x_wconf 88' lang='lat' dir='ltr'><strong>licentiam</strong></span> <span class='ocrx_word' id='word_1_355' title='bbox 1592 3107 1744 3178; x_wconf 80' lang='lat'><strong>107</strong></span> 
     </span>
    </p>
   </div>
   <div class='ocr_carea' id='block_1_48' title="bbox 1846 1912 3438 1982">
    <p class='ocr_par' dir='ltr' id='par_1_48' title="bbox 1846 1912 3438 1982">
     <span class='ocr_line' id='line_1_48' title="bbox 1846 1912 3438 1982; baseline 0.002 -17"><span class='ocrx_word' id='word_1_356' title='bbox 1846 1920 2089 1967; x_wconf 85' lang='lat' dir='ltr'><strong>veterum</strong></span> <span class='ocrx_word' id='word_1_357' title='bbox 2119 1912 2244 1966; x_wconf 90' lang='lat' dir='ltr'><strong>talia</strong></span> <span class='ocrx_word' id='word_1_358' title='bbox 2274 1912 2435 1967; x_wconf 90' lang='lat' dir='ltr'><strong>rebus</strong></span> <span class='ocrx_word' id='word_1_359' title='bbox 2463 1913 2682 1967; x_wconf 91' lang='lat' dir='ltr'><strong>nomina</strong></span> <span class='ocrx_word' id='word_1_360' title='bbox 2715 1913 3085 1982; x_wconf 90' lang='lat' dir='ltr'><strong>imposuerunt</strong></span> <span class='ocrx_word' id='word_1_361' title='bbox 3112 1932 3122 1965; x_wconf 94' lang='lat'>:</span> <span class='ocrx_word' id='word_1_362' title='bbox 3154 1913 3282 1968; x_wconf 91' lang='lat' dir='ltr'><strong>dum</strong></span> <span class='ocrx_word' id='word_1_363' title='bbox 3311 1929 3438 1968; x_wconf 90' lang='lat' dir='ltr'><strong>con-</strong></span> 
     </span>
    </p>
   </div>
   <div class='ocr_carea' id='block_1_49' title="bbox 1847 2001 3436 2074">
    <p class='ocr_par' dir='ltr' id='par_1_49' title="bbox 1847 2001 3436 2074">
     <span class='ocr_line' id='line_1_49' title="bbox 1847 2001 3436 2074; baseline 0.004 -20"><span class='ocrx_word' id='word_1_364' title='bbox 1847 2001 2083 2056; x_wconf 81' lang='lat' dir='ltr'><strong>tinentiae</strong></span> <span class='ocrx_word' id='word_1_365' title='bbox 2110 2016 2316 2071; x_wconf 72' lang='lat' dir='ltr'><strong>magna:</strong></span> <span class='ocrx_word' id='word_1_366' title='bbox 2345 2003 2626 2073; x_wconf 82' lang='lat' dir='ltr'><strong>praesulem</strong></span> <span class='ocrx_word' id='word_1_367' title='bbox 2668 2005 2958 2074; x_wconf 91' lang='lat' dir='ltr'><strong>provinciis</strong></span> <span class='ocrx_word' id='word_1_368' title='bbox 2997 2005 3276 2060; x_wconf 89' lang='lat' dir='ltr'><strong>mitterent</strong></span> <span class='ocrx_word' id='word_1_369' title='bbox 3303 2019 3436 2060; x_wconf 87' lang='lat' dir='ltr'><strong>con-</strong></span> 
     </span>
    </p>
   </div>
   <div class='ocr_carea' id='block_1_50' title="bbox 1845 2094 3429 2168">
    <p class='ocr_par' dir='ltr' id='par_1_50' title="bbox 1845 2094 3429 2168">
     <span class='ocr_line' id='line_1_50' title="bbox 1845 2094 3429 2168; baseline 0.001 -19"><span class='ocrx_word' id='word_1_370' title='bbox 1845 2094 2098 2150; x_wconf 88' lang='lat' dir='ltr'><strong>sularem.</strong></span> <span class='ocrx_word' id='word_1_371' title='bbox 2144 2095 2436 2166; x_wconf 90' lang='lat' dir='ltr'><strong>Triumpha</strong></span> <span class='ocrx_word' id='word_1_372' title='bbox 2460 2095 2582 2166; x_wconf 90' lang='lat' dir='ltr'><strong>jura</strong></span> <span class='ocrx_word' id='word_1_373' title='bbox 2620 2096 2854 2166; x_wconf 90' lang='lat' dir='ltr'><strong>publica,</strong></span> <span class='ocrx_word' id='word_1_374' title='bbox 2905 2097 3100 2166; x_wconf 88' lang='lat' dir='ltr'><strong>largire</strong></span> <span class='ocrx_word' id='word_1_375' title='bbox 3141 2097 3429 2168; x_wconf 89' lang='lat' dir='ltr'><strong>justitiam,</strong></span> 
     </span>
    </p>
   </div>
   <div class='ocr_carea' id='block_1_51' title="bbox 1847 2183 3434 2256">
    <p class='ocr_par' dir='ltr' id='par_1_51' title="bbox 1847 2183 3434 2256">
     <span class='ocr_line' id='line_1_51' title="bbox 1847 2183 3434 2256; baseline 0.002 -16"><span class='ocrx_word' id='word_1_376' title='bbox 1847 2193 1902 2240; x_wconf 93' lang='lat' dir='ltr'><strong>et</strong></span> <span class='ocrx_word' id='word_1_377' title='bbox 1929 2199 1998 2239; x_wconf 89' lang='lat' dir='ltr'><strong>ex</strong></span> <span class='ocrx_word' id='word_1_378' title='bbox 2023 2184 2229 2240; x_wconf 90' lang='lat' dir='ltr'><strong>fortiori</strong></span> <span class='ocrx_word' id='word_1_379' title='bbox 2256 2194 2410 2256; x_wconf 90' lang='lat' dir='ltr'><strong>parte</strong></span> <span class='ocrx_word' id='word_1_380' title='bbox 2449 2186 2645 2240; x_wconf 90' lang='lat' dir='ltr'><strong>imitari</strong></span> <span class='ocrx_word' id='word_1_381' title='bbox 2674 2183 2955 2256; x_wconf 73' lang='lat' dir='ltr'><strong>p&#39;raevales,</strong></span> <span class='ocrx_word' id='word_1_382' title='bbox 3003 2202 3162 2256; x_wconf 90' lang='lat' dir='ltr'><strong>quem</strong></span> <span class='ocrx_word' id='word_1_383' title='bbox 3202 2187 3434 2243; x_wconf 90' lang='lat' dir='ltr'><strong>nominis</strong></span> 
     </span>
    </p>
   </div>
   <div class='ocr_carea' id='block_1_52' title="bbox 1845 2274 3434 2347">
    <p class='ocr_par' dir='ltr' id='par_1_52' title="bbox 1845 2274 3434 2347">
     <span class='ocr_line' id='line_1_52' title="bbox 1845 2274 3434 2347; baseline 0.003 -17"><span class='ocrx_word' id='word_1_384' title='bbox 1845 2277 2194 2347; x_wconf 83' lang='lat' dir='ltr'><strong>proximitate</strong></span> <span class='ocrx_word' id='word_1_385' title='bbox 2221 2277 2506 2346; x_wconf 85' lang='lat' dir='ltr'><strong>contingis.</strong></span> <span class='ocrx_word' id='word_1_386' title='bbox 2539 2274 2784 2332; x_wconf 84' lang='lat' dir='ltr'><strong>Pecuniis</strong></span> <span class='ocrx_word' id='word_1_387' title='bbox 2831 2285 3010 2346; x_wconf 86' lang='lat' dir='ltr'><strong>potest</strong></span> <span class='ocrx_word' id='word_1_388' title='bbox 3057 2279 3292 2347; x_wconf 84' lang='lat' dir='ltr'><strong>indigere</strong></span> <span class='ocrx_word' id='word_1_389' title='bbox 3319 2294 3434 2334; x_wconf 77' lang='lat' dir='ltr'><strong>me—</strong></span> 
     </span>
    </p>
   </div>
   <div class='ocr_carea' id='block_1_53' title="bbox 1847 2363 3434 2437">
    <p class='ocr_par' dir='ltr' id='par_1_53' title="bbox 1847 2363 3434 2437">
     <span class='ocr_line' id='line_1_53' title="bbox 1847 2363 3434 2437; baseline 0.001 -16"><span class='ocrx_word' id='word_1_390' title='bbox 1847 2365 2044 2421; x_wconf 90' lang='lat' dir='ltr'><strong>diocris</strong></span> <span class='ocrx_word' id='word_1_391' title='bbox 2070 2364 2208 2437; x_wconf 78' lang='lat' dir='ltr'><strong>[Ac.,</strong></span> <span class='ocrx_word' id='word_1_392' title='bbox 2241 2363 2658 2436; x_wconf 86' lang='lat' dir='ltr'><strong>mediocribus];</strong></span> <span class='ocrx_word' id='word_1_393' title='bbox 2711 2381 2919 2420; x_wconf 90' lang='lat' dir='ltr'><strong>morum</strong></span> <span class='ocrx_word' id='word_1_394' title='bbox 2967 2367 3168 2420; x_wconf 89' lang='lat' dir='ltr'><strong>talenta</strong></span> <span class='ocrx_word' id='word_1_395' title='bbox 3199 2383 3306 2421; x_wconf 91' lang='lat' dir='ltr'><strong>non</strong></span> <span class='ocrx_word' id='word_1_396' title='bbox 3335 2383 3434 2437; x_wconf 81' lang='lat' dir='ltr'><strong>po-</strong></span> 
     </span>
    </p>
   </div>
   <div class='ocr_carea' id='block_1_54' title="bbox 1849 2455 3435 2530">
    <p class='ocr_par' dir='ltr' id='par_1_54' title="bbox 1849 2455 3435 2530">
     <span class='ocr_line' id='line_1_54' title="bbox 1849 2455 3435 2530; baseline 0.003 -19"><span class='ocrx_word' id='word_1_397' title='bbox 1849 2464 1956 2512; x_wconf 89' lang='lat' dir='ltr'><strong>test</strong></span> <span class='ocrx_word' id='word_1_398' title='bbox 1981 2472 2090 2512; x_wconf 91' lang='lat' dir='ltr'><strong>non</strong></span> <span class='ocrx_word' id='word_1_399' title='bbox 2118 2456 2336 2522; x_wconf 86' lang='lat' dir='ltr'><strong>habere,</strong></span> <span class='ocrx_word' id='word_1_400' title='bbox 2366 2456 2456 2526; x_wconf 91' lang='lat' dir='ltr'><strong>qui</strong></span> <span class='ocrx_word' id='word_1_401' title='bbox 2483 2455 2660 2525; x_wconf 90' lang='lat' dir='ltr'><strong>justus</strong></span> <span class='ocrx_word' id='word_1_402' title='bbox 2690 2465 2790 2513; x_wconf 90' lang='lat' dir='ltr'><strong>est.</strong></span> <span class='ocrx_word' id='word_1_403' title='bbox 2839 2457 2954 2512; x_wconf 86' lang='lat' dir='ltr'><strong>Non</strong></span> <span class='ocrx_word' id='word_1_404' title='bbox 2979 2474 3234 2530; x_wconf 86' lang='lat' dir='ltr'><strong>pavescas</strong></span> <span class='ocrx_word' id='word_1_405' title='bbox 3259 2459 3435 2528; x_wconf 88' lang='lat' dir='ltr'><strong>largas</strong></span> 
     </span>
    </p>
   </div>
   <div class='ocr_carea' id='block_1_55' title="bbox 1848 2544 3436 2619">
    <p class='ocr_par' dir='ltr' id='par_1_55' title="bbox 1848 2544 3436 2619">
     <span class='ocr_line' id='line_1_55' title="bbox 1848 2544 3436 2619; baseline 0.004 -17"><span class='ocrx_word' id='word_1_406' title='bbox 1848 2544 2133 2602; x_wconf 87' lang='lat' dir='ltr'><strong>consulum</strong></span> <span class='ocrx_word' id='word_1_407' title='bbox 2177 2561 2393 2602; x_wconf 89' lang='lat' dir='ltr'><strong>manus.</strong></span> <span class='ocrx_word' id='word_1_408' title='bbox 2425 2544 2637 2602; x_wconf 86' lang='lat' dir='ltr'><strong>Habent</strong></span> <span class='ocrx_word' id='word_1_409' title='bbox 2664 2555 2719 2602; x_wconf 91' lang='lat' dir='ltr'><strong>et</strong></span> <span class='ocrx_word' id='word_1_410' title='bbox 2761 2548 2887 2604; x_wconf 90' lang='lat' dir='ltr'><strong>boni</strong></span> <span class='ocrx_word' id='word_1_411' title='bbox 2919 2565 3182 2619; x_wconf 88' lang='lat' dir='ltr'><strong>pauperes</strong></span> <span class='ocrx_word' id='word_1_412' title='bbox 3221 2551 3436 2608; x_wconf 86' lang='lat' dir='ltr'><strong>divitias</strong></span> 
     </span>
    </p>
   </div>
   <div class='ocr_carea' id='block_1_56' title="bbox 1848 2637 3434 2711">
    <p class='ocr_par' dir='ltr' id='par_1_56' title="bbox 1848 2637 3434 2711">
     <span class='ocr_line' id='line_1_56' title="bbox 1848 2637 3434 2711; baseline 0.003 -18"><span class='ocrx_word' id='word_1_413' title='bbox 1848 2653 1993 2694; x_wconf 90' lang='lat' dir='ltr'><strong>suas.</strong></span> <span class='ocrx_word' id='word_1_414' title='bbox 2024 2637 2158 2693; x_wconf 91' lang='lat' dir='ltr'><strong>lllud</strong></span> <span class='ocrx_word' id='word_1_415' title='bbox 2187 2654 2316 2710; x_wconf 83' lang='lat' dir='ltr'><strong>ergo</strong></span> <span class='ocrx_word' id='word_1_416' title='bbox 2348 2654 2378 2693; x_wconf 90' lang='lat' dir='ltr'><strong>a</strong></span> <span class='ocrx_word' id='word_1_417' title='bbox 2409 2647 2461 2693; x_wconf 90' lang='lat' dir='ltr'><strong>te</strong></span> <span class='ocrx_word' id='word_1_418' title='bbox 2485 2639 2758 2708; x_wconf 74' lang='lat' dir='ltr'><strong>quaeritur,</strong></span> <span class='ocrx_word' id='word_1_419' title='bbox 2808 2641 2952 2709; x_wconf 92' lang='lat' dir='ltr'><strong>quod</strong></span> <span class='ocrx_word' id='word_1_420' title='bbox 3000 2641 3051 2694; x_wconf 92' lang='lat' dir='ltr'><strong>in</strong></span> <span class='ocrx_word' id='word_1_421' title='bbox 3081 2651 3302 2711; x_wconf 89' lang='lat' dir='ltr'><strong>pectore</strong></span> <span class='ocrx_word' id='word_1_422' title='bbox 3330 2644 3434 2698; x_wconf 91' lang='lat' dir='ltr'><strong>hu-</strong></span> 
     </span>
    </p>
   </div>
   <div class='ocr_carea' id='block_1_57' title="bbox 1851 2731 3434 2801">
    <p class='ocr_par' dir='ltr' id='par_1_57' title="bbox 1851 2731 3434 2801">
     <span class='ocr_line' id='line_1_57' title="bbox 1851 2731 3434 2801; baseline 0.002 -15"><span class='ocrx_word' id='word_1_423' title='bbox 1851 2747 2014 2787; x_wconf 89' lang='lat' dir='ltr'><strong>mano</strong></span> <span class='ocrx_word' id='word_1_424' title='bbox 2034 2732 2291 2799; x_wconf 89' lang='lat' dir='ltr'><strong>nascitur,</strong></span> <span class='ocrx_word' id='word_1_425' title='bbox 2311 2747 2418 2786; x_wconf 91' lang='lat' dir='ltr'><strong>non</strong></span> <span class='ocrx_word' id='word_1_426' title='bbox 2446 2731 2592 2801; x_wconf 89' lang='lat' dir='ltr'><strong>quod</strong></span> <span class='ocrx_word' id='word_1_427' title='bbox 2614 2740 2768 2786; x_wconf 81' lang='lat' dir='ltr'><strong>terrae</strong></span> <span class='ocrx_word' id='word_1_428' title='bbox 2788 2733 3080 2788; x_wconf 90' lang='lat' dir='ltr'><strong>visceribus</strong></span> <span class='ocrx_word' id='word_1_429' title='bbox 3106 2735 3434 2790; x_wconf 91' lang='lat' dir='ltr'><strong>continetur.</strong></span> 
     </span>
    </p>
   </div>
   <div class='ocr_carea' id='block_1_58' title="bbox 1850 2821 3439 2892">
    <p class='ocr_par' dir='ltr' id='par_1_58' title="bbox 1850 2821 3439 2892">
     <span class='ocr_line' id='line_1_58' title="bbox 1850 2821 3439 2892; baseline 0.002 -14"><span class='ocrx_word' id='word_1_430' title='bbox 1850 2821 2062 2890; x_wconf 88' lang='lat' dir='ltr'><strong>Quanto</strong></span> <span class='ocrx_word' id='word_1_431' title='bbox 2089 2822 2281 2878; x_wconf 90' lang='lat' dir='ltr'><strong>melius</strong></span> <span class='ocrx_word' id='word_1_432' title='bbox 2306 2822 2641 2892; x_wconf 82' lang='lat' dir='ltr'><strong>triumphare</strong></span> <span class='ocrx_word' id='word_1_433' title='bbox 2665 2837 2732 2879; x_wconf 84' lang='lat' dir='ltr'><strong>ex</strong></span> <span class='ocrx_word' id='word_1_434' title='bbox 2779 2823 2943 2878; x_wconf 89' lang='lat' dir='ltr'><strong>animi</strong></span> <span class='ocrx_word' id='word_1_435' title='bbox 2989 2823 3264 2888; x_wconf 87' lang='lat' dir='ltr'><strong>thesauro,</strong></span> <span class='ocrx_word' id='word_1_436' title='bbox 3294 2824 3439 2881; x_wconf 87' lang='lat' dir='ltr'><strong>unde</strong></span> 
     </span>
    </p>
   </div>
   <div class='ocr_carea' id='block_1_59' title="bbox 1849 2911 3439 2982">
    <p class='ocr_par' dir='ltr' id='par_1_59' title="bbox 1849 2911 3439 2982">
     <span class='ocr_line' id='line_1_59' title="bbox 1849 2911 3439 2982; baseline 0.003 -16"><span class='ocrx_word' id='word_1_437' title='bbox 1849 2926 2122 2981; x_wconf 85' lang='lat' dir='ltr'><strong>nunquam</strong></span> <span class='ocrx_word' id='word_1_438' title='bbox 2151 2911 2392 2966; x_wconf 89' lang='lat' dir='ltr'><strong>nascitur</strong></span> <span class='ocrx_word' id='word_1_439' title='bbox 2412 2912 2716 2982; x_wconf 65' lang='lat' dir='ltr'><strong>paenitudo!</strong></span> <span class='ocrx_word' id='word_1_440' title='bbox 2742 2911 2876 2978; x_wconf 84' lang='lat' dir='ltr'><strong>Quia</strong></span> <span class='ocrx_word' id='word_1_441' title='bbox 2899 2929 3000 2969; x_wconf 92' lang='lat' dir='ltr'><strong>nec</strong></span> <span class='ocrx_word' id='word_1_442' title='bbox 3015 2914 3188 2970; x_wconf 89' lang='lat' dir='ltr'><strong>tenuis</strong></span> <span class='ocrx_word' id='word_1_443' title='bbox 3212 2913 3439 2970; x_wconf 84' lang='lat' dir='ltr'><strong>efficeris</strong></span> 
     </span>
    </p>
   </div>
   <div class='ocr_carea' id='block_1_60' title="bbox 1851 3002 3440 3076">
    <p class='ocr_par' dir='ltr' id='par_1_60' title="bbox 1851 3002 3440 3076">
     <span class='ocr_line' id='line_1_60' title="bbox 1851 3002 3440 3076; baseline 0.001 -18"><span class='ocrx_word' id='word_1_444' title='bbox 1851 3019 1974 3058; x_wconf 87' lang='lat' dir='ltr'><strong>cum</strong></span> <span class='ocrx_word' id='word_1_445' title='bbox 2017 3003 2170 3073; x_wconf 89' lang='lat' dir='ltr'><strong>plura</strong></span> <span class='ocrx_word' id='word_1_446' title='bbox 2219 3002 2472 3059; x_wconf 88' lang='lat' dir='ltr'><strong>concedis</strong></span> <span class='ocrx_word' id='word_1_447' title='bbox 2513 3020 2526 3056; x_wconf 91' lang='lat'><strong>:</strong></span> <span class='ocrx_word' id='word_1_448' title='bbox 2567 3003 2808 3073; x_wconf 86' lang='lat' dir='ltr'><strong>qninimo</strong></span> <span class='ocrx_word' id='word_1_449' title='bbox 2870 3012 3078 3058; x_wconf 91' lang='lat' dir='ltr'><strong>tantum</strong></span> <span class='ocrx_word' id='word_1_450' title='bbox 3122 3005 3440 3076; x_wconf 89' lang='lat' dir='ltr'><strong>locupletior</strong></span> 
     </span>
    </p>
   </div>
   <div class='ocr_carea' id='block_1_61' title="bbox 1851 3090 3440 3164">
    <p class='ocr_par' dir='ltr' id='par_1_61' title="bbox 1851 3090 3440 3164">
     <span class='ocr_line' id='line_1_61' title="bbox 1851 3090 3440 3164; baseline 0.001 -16"><span class='ocrx_word' id='word_1_451' title='bbox 1851 3092 2124 3159; x_wconf 89' lang='lat' dir='ltr'><strong>redderis,</strong></span> <span class='ocrx_word' id='word_1_452' title='bbox 2155 3099 2415 3162; x_wconf 91' lang='lat' dir='ltr'><strong>quantum</strong></span> <span class='ocrx_word' id='word_1_453' title='bbox 2440 3099 2518 3147; x_wconf 76' lang='lat' dir='ltr'><strong>te~</strong></span> <span class='ocrx_word' id='word_1_454' title='bbox 2532 3092 2673 3146; x_wconf 89' lang='lat' dir='ltr'><strong>bona</strong></span> <span class='ocrx_word' id='word_1_455' title='bbox 2704 3091 2850 3164; x_wconf 83' lang='lat' dir='ltr'><strong>[alii,</strong></span> <span class='ocrx_word' id='word_1_456' title='bbox 2893 3090 3070 3162; x_wconf 83' lang='lat' dir='ltr'><strong>bonae]</strong></span> <span class='ocrx_word' id='word_1_457' title='bbox 3100 3094 3440 3149; x_wconf 79' lang='lat' dir='ltr'><strong>conscientia:</strong></span> 
     </span>
    </p>
   </div>
   <div class='ocr_carea' id='block_1_62' title="bbox 165 3181 1752 3270">
    <p class='ocr_par' dir='ltr' id='par_1_62' title="bbox 165 3188 1748 3268">
     <span class='ocr_line' id='line_1_62' title="bbox 165 3188 1748 3268; baseline 0.009 -28"><span class='ocrx_word' id='word_1_458' title='bbox 165 3188 336 3242; x_wconf 88' lang='lat' dir='ltr'><strong>nostri</strong></span> <span class='ocrx_word' id='word_1_459' title='bbox 365 3203 483 3246; x_wconf 89' lang='lat' dir='ltr'><strong>esse</strong></span> <span class='ocrx_word' id='word_1_460' title='bbox 502 3193 803 3261; x_wconf 83' lang='lat' dir='ltr'><strong>cognoscis,</strong></span> <span class='ocrx_word' id='word_1_461' title='bbox 824 3193 1042 3264; x_wconf 89' lang='lat' dir='ltr'><strong>qualem</strong></span> <span class='ocrx_word' id='word_1_462' title='bbox 1065 3210 1165 3251; x_wconf 89' lang='lat' dir='ltr'><strong>nos</strong></span> <span class='ocrx_word' id='word_1_463' title='bbox 1192 3193 1392 3251; x_wconf 88' lang='lat' dir='ltr'><strong>habere</strong></span> <span class='ocrx_word' id='word_1_464' title='bbox 1417 3211 1526 3252; x_wconf 91' lang='lat' dir='ltr'><strong>non</strong></span> <span class='ocrx_word' id='word_1_465' title='bbox 1549 3197 1748 3268; x_wconf 83' lang='lat' dir='ltr'><strong>proba-</strong></span> 
     </span>
    </p>
   </div>
   <div class='ocr_carea' id='block_1_63' title="bbox 1856 3181 3441 3270">
    <p class='ocr_par' dir='ltr' id='par_1_63' title="bbox 1856 3181 3441 3256">
     <span class='ocr_line' id='line_1_63' title="bbox 1856 3181 3441 3256; baseline -0.002 -16"><span class='ocrx_word' id='word_1_466' title='bbox 1856 3183 2116 3256; x_wconf 85' lang='lat' dir='ltr'><strong>sparsisse</strong></span> <span class='ocrx_word' id='word_1_467' title='bbox 2140 3183 2438 3252; x_wconf 90' lang='lat' dir='ltr'><strong>cognoscis.</strong></span> <span class='ocrx_word' id='word_1_468' title='bbox 2487 3181 2827 3252; x_wconf 80' lang='lat' dir='ltr'><strong>Quapropter</strong></span> <span class='ocrx_word' id='word_1_469' title='bbox 2852 3181 3121 3251; x_wconf 88' lang='lat' dir='ltr'><strong>opinionis</strong></span> <span class='ocrx_word' id='word_1_470' title='bbox 3154 3190 3254 3236; x_wconf 85' lang='lat' dir='ltr'><strong>tuae</strong></span> <span class='ocrx_word' id='word_1_471' title='bbox 3283 3181 3441 3238; x_wconf 92' lang='lat' dir='ltr'><strong>laude</strong></span> 
     </span>
    </p>
   </div>
   <div class='ocr_carea' id='block_1_64' title="bbox 163 3282 640 3344">
    <p class='ocr_par' dir='ltr' id='par_1_64' title="bbox 163 3282 640 3344">
     <span class='ocr_line' id='line_1_64' title="bbox 163 3282 640 3344; baseline 0.019 -9"><span class='ocrx_word' id='word_1_472' title='bbox 163 3296 286 3336; x_wconf 87' lang='lat' dir='ltr'><strong>mur</strong></span> <span class='ocrx_word' id='word_1_473' title='bbox 309 3282 364 3338; x_wconf 92' lang='lat' dir='ltr'><strong>in</strong></span> <span class='ocrx_word' id='word_1_474' title='bbox 393 3292 640 3344; x_wconf 69' lang='lat' dir='ltr'><strong>caeteros.</strong></span> 
     </span>
    </p>
   </div>
   <div class='ocr_carea' id='block_1_65' title="bbox 497 3416 1410 3484">
    <p class='ocr_par' dir='ltr' id='par_1_65' title="bbox 497 3416 1410 3484">
     <span class='ocr_line' id='line_1_65' title="bbox 497 3416 1410 3484; baseline 0.008 -9"><span class='ocrx_word' id='word_1_475' title='bbox 497 3416 618 3476; x_wconf 80' lang='lat' dir='ltr'><strong>XX.</strong></span> <span class='ocrx_word' id='word_1_476' title='bbox 653 3436 902 3479; x_wconf 71' lang='lat' dir='ltr'><strong>sontium</strong></span> <span class='ocrx_word' id='word_1_477' title='bbox 940 3439 1410 3484; x_wconf 71' lang='lat' dir='ltr'><strong>CONSULARITA&#39;HS.</strong></span> 
     </span>
    </p>
   </div>
   <div class='ocr_carea' id='block_1_66' title="bbox 235 3529 1753 3603">
    <p class='ocr_par' dir='ltr' id='par_1_66' title="bbox 235 3529 1753 3603">
     <span class='ocr_line' id='line_1_66' title="bbox 235 3529 1753 3603; baseline 0.008 -19"><span class='ocrx_word' id='word_1_478' title='bbox 235 3529 492 3598; x_wconf 76' lang='lat' dir='ltr'><strong>Quamvis</strong></span> <span class='ocrx_word' id='word_1_479' title='bbox 511 3531 824 3603; x_wconf 83' lang='lat' dir='ltr'><strong>dignitatem</strong></span> <span class='ocrx_word' id='word_1_480' title='bbox 855 3547 1002 3592; x_wconf 86' lang='lat' dir='ltr'><strong>tuam</strong></span> <span class='ocrx_word' id='word_1_481' title='bbox 1031 3553 1060 3592; x_wconf 92' lang='lat' dir='ltr'><strong>a</strong></span> <span class='ocrx_word' id='word_1_482' title='bbox 1083 3538 1393 3595; x_wconf 90' lang='lat' dir='ltr'><strong>consulibus</strong></span> <span class='ocrx_word' id='word_1_483' title='bbox 1419 3537 1753 3596; x_wconf 89' lang='lat' dir='ltr'><strong>descendere</strong></span> 
     </span>
    </p>
   </div>
   <div class='ocr_carea' id='block_1_67' title="bbox 166 3621 1754 3696">
    <p class='ocr_par' dir='ltr' id='par_1_67' title="bbox 166 3621 1754 3696">
     <span class='ocr_line' id='line_1_67' title="bbox 166 3621 1754 3696; baseline 0.005 -19"><span class='ocrx_word' id='word_1_484' title='bbox 166 3621 399 3678; x_wconf 87' lang='lat' dir='ltr'><strong>nominis</strong></span> <span class='ocrx_word' id='word_1_485' title='bbox 421 3622 584 3693; x_wconf 87' lang='lat' dir='ltr'><strong>ipsius</strong></span> <span class='ocrx_word' id='word_1_486' title='bbox 605 3623 888 3681; x_wconf 88' lang='lat' dir='ltr'><strong>videantur</strong></span> <span class='ocrx_word' id='word_1_487' title='bbox 916 3627 1220 3683; x_wconf 88' lang='lat' dir='ltr'><strong>testimonia</strong></span> <span class='ocrx_word' id='word_1_488' title='bbox 1247 3627 1544 3696; x_wconf 88' lang='lat' dir='ltr'><strong>declarare,</strong></span> <span class='ocrx_word' id='word_1_489' title='bbox 1573 3637 1754 3686; x_wconf 87' lang='lat' dir='ltr'><strong>tamen</strong></span> 
     </span>
    </p>
   </div>
   <div class='ocr_carea' id='block_1_68' title="bbox 164 3715 1754 3792">
    <p class='ocr_par' dir='ltr' id='par_1_68' title="bbox 164 3715 1754 3792">
     <span class='ocr_line' id='line_1_68' title="bbox 164 3715 1754 3792; baseline 0.006 -22"><span class='ocrx_word' id='word_1_490' title='bbox 164 3721 225 3770; x_wconf 89' lang='lat' dir='ltr'><strong>et</strong></span> <span class='ocrx_word' id='word_1_491' title='bbox 254 3715 482 3784; x_wconf 87' lang='lat' dir='ltr'><strong>insignia</strong></span> <span class='ocrx_word' id='word_1_492' title='bbox 509 3723 654 3771; x_wconf 90' lang='lat' dir='ltr'><strong>tanta</strong></span> <span class='ocrx_word' id='word_1_493' title='bbox 677 3717 1047 3787; x_wconf 88' lang='lat' dir='ltr'><strong>circumstant,</strong></span> <span class='ocrx_word' id='word_1_494' title='bbox 1100 3729 1160 3776; x_wconf 91' lang='lat' dir='ltr'><strong>ut</strong></span> <span class='ocrx_word' id='word_1_495' title='bbox 1183 3721 1360 3778; x_wconf 92' lang='lat' dir='ltr'><strong>nullus</strong></span> <span class='ocrx_word' id='word_1_496' title='bbox 1386 3722 1559 3792; x_wconf 89' lang='lat' dir='ltr'><strong>possit</strong></span> <span class='ocrx_word' id='word_1_497' title='bbox 1583 3724 1754 3779; x_wconf 87' lang='lat' dir='ltr'><strong>ambi-</strong></span> 
     </span>
    </p>
   </div>
   <div class='ocr_carea' id='block_1_69' title="bbox 169 3804 1755 3878">
    <p class='ocr_par' dir='ltr' id='par_1_69' title="bbox 169 3804 1755 3878">
     <span class='ocr_line' id='line_1_69' title="bbox 169 3804 1755 3878; baseline 0.009 -21"><span class='ocrx_word' id='word_1_498' title='bbox 169 3815 299 3873; x_wconf 87' lang='lat' dir='ltr'><strong>gere</strong></span> <span class='ocrx_word' id='word_1_499' title='bbox 329 3812 384 3859; x_wconf 91' lang='lat' dir='ltr'><strong>te</strong></span> <span class='ocrx_word' id='word_1_500' title='bbox 424 3804 492 3860; x_wconf 91' lang='lat' dir='ltr'><strong>de</strong></span> <span class='ocrx_word' id='word_1_501' title='bbox 520 3805 662 3862; x_wconf 90' lang='lat' dir='ltr'><strong>illius</strong></span> <span class='ocrx_word' id='word_1_502' title='bbox 707 3807 969 3878; x_wconf 88' lang='lat' dir='ltr'><strong>lampadis</strong></span> <span class='ocrx_word' id='word_1_503' title='bbox 995 3810 1241 3866; x_wconf 88' lang='lat' dir='ltr'><strong>claritate</strong></span> <span class='ocrx_word' id='word_1_504' title='bbox 1286 3811 1489 3868; x_wconf 85' lang='lat' dir='ltr'><strong>lucere.</strong></span> <span class='ocrx_word' id='word_1_505' title='bbox 1524 3812 1755 3871; x_wconf 77' lang='lat' dir='ltr'><strong>Securos</strong></span> 
     </span>
    </p>
   </div>
   <div class='ocr_carea' id='block_1_70' title="bbox 167 3895 1756 3975">
    <p class='ocr_par' dir='ltr' id='par_1_70' title="bbox 167 3895 1756 3975">
     <span class='ocr_line' id='line_1_70' title="bbox 167 3895 1756 3975; baseline 0.007 -25"><span class='ocrx_word' id='word_1_506' title='bbox 167 3895 313 3950; x_wconf 80' lang='lat' dir='ltr'><strong>enim</strong></span> <span class='ocrx_word' id='word_1_507' title='bbox 343 3903 398 3950; x_wconf 89' lang='lat' dir='ltr'><strong>et</strong></span> <span class='ocrx_word' id='word_1_508' title='bbox 425 3895 618 3963; x_wconf 85' lang='lat' dir='ltr'><strong>fasces,</strong></span> <span class='ocrx_word' id='word_1_509' title='bbox 658 3912 794 3967; x_wconf 92' lang='lat' dir='ltr'><strong>quos</strong></span> <span class='ocrx_word' id='word_1_510' title='bbox 817 3899 893 3954; x_wconf 91' lang='lat' dir='ltr'><strong>illi</strong></span> <span class='ocrx_word' id='word_1_511' title='bbox 923 3898 1062 3974; x_wconf 70' lang='lat' dir='ltr'><strong>[Jun</strong></span> <span class='ocrx_word' id='word_1_512' title='bbox 1097 3901 1221 3974; x_wconf 81' lang='lat' dir='ltr'><strong>legit</strong></span> <span class='ocrx_word' id='word_1_513' title='bbox 1250 3900 1414 3975; x_wconf 89' lang='lat' dir='ltr'><strong>illius]</strong></span> <span class='ocrx_word' id='word_1_514' title='bbox 1443 3903 1642 3960; x_wconf 86' lang='lat' dir='ltr'><strong>dicavit</strong></span> <span class='ocrx_word' id='word_1_515' title='bbox 1669 3918 1756 3974; x_wconf 89' lang='lat' dir='ltr'><strong>ge-</strong></span> 
     </span>
    </p>
   </div>
   <div class='ocr_carea' id='block_1_71' title="bbox 168 3985 1757 4065">
    <p class='ocr_par' dir='ltr' id='par_1_71' title="bbox 168 3985 1757 4065">
     <span class='ocr_line' id='line_1_71' title="bbox 168 3985 1757 4065; baseline 0.007 -25"><span class='ocrx_word' id='word_1_516' title='bbox 168 3985 261 4041; x_wconf 92' lang='lat' dir='ltr'><strong>nio</strong></span> <span class='ocrx_word' id='word_1_517' title='bbox 302 3987 625 4057; x_wconf 83' lang='lat' dir='ltr'><strong>antiquitas,</strong></span> <span class='ocrx_word' id='word_1_518' title='bbox 675 3989 779 4046; x_wconf 87' lang='lat' dir='ltr'><strong>tuis</strong></span> <span class='ocrx_word' id='word_1_519' title='bbox 825 3990 1070 4046; x_wconf 89' lang='lat' dir='ltr'><strong>videntur</strong></span> <span class='ocrx_word' id='word_1_520' title='bbox 1129 3993 1312 4050; x_wconf 88' lang='lat' dir='ltr'><strong>faleris</strong></span> <span class='ocrx_word' id='word_1_521' title='bbox 1363 3995 1648 4065; x_wconf 80' lang='lat' dir='ltr'><strong>deputata,</strong></span> <span class='ocrx_word' id='word_1_522' title='bbox 1697 4004 1757 4052; x_wconf 90' lang='lat' dir='ltr'><strong>ut</strong></span> 
     </span>
    </p>
   </div>
   <div class='ocr_carea' id='block_1_72' title="bbox 168 4077 1756 4155">
    <p class='ocr_par' dir='ltr' id='par_1_72' title="bbox 168 4077 1756 4155">
     <span class='ocr_line' id='line_1_72' title="bbox 168 4077 1756 4155; baseline 0.006 -25"><span class='ocrx_word' id='word_1_523' title='bbox 168 4077 470 4148; x_wconf 84' lang='lat' dir='ltr'><strong>iurisdictio</strong></span> <span class='ocrx_word' id='word_1_524' title='bbox 497 4094 754 4136; x_wconf 88' lang='lat' dir='ltr'><strong>concessa</strong></span> <span class='ocrx_word' id='word_1_525' title='bbox 784 4081 868 4135; x_wconf 90' lang='lat' dir='ltr'><strong>vel</strong></span> <span class='ocrx_word' id='word_1_526' title='bbox 898 4081 1057 4136; x_wconf 90' lang='lat' dir='ltr'><strong>tacita</strong></span> <span class='ocrx_word' id='word_1_527' title='bbox 1093 4083 1265 4153; x_wconf 88' lang='lat' dir='ltr'><strong>possit</strong></span> <span class='ocrx_word' id='word_1_528' title='bbox 1290 4083 1582 4140; x_wconf 90' lang='lat' dir='ltr'><strong>admonere</strong></span> <span class='ocrx_word' id='word_1_529' title='bbox 1623 4099 1756 4155; x_wconf 91' lang='lat' dir='ltr'><strong>pro-</strong></span> 
     </span>
    </p>
   </div>
   <div class='ocr_carea' id='block_1_73' title="bbox 165 4167 1758 4245">
    <p class='ocr_par' dir='ltr' id='par_1_73' title="bbox 165 4167 1758 4245">
     <span class='ocr_line' id='line_1_73' title="bbox 165 4167 1758 4245; baseline 0.006 -22"><span class='ocrx_word' id='word_1_530' title='bbox 165 4170 398 4224; x_wconf 85' lang='lat' dir='ltr'><strong>vincias.</strong></span> <span class='ocrx_word' id='word_1_531' title='bbox 428 4167 535 4225; x_wconf 91' lang='lat' dir='ltr'><strong>Sed</strong></span> <span class='ocrx_word' id='word_1_532' title='bbox 555 4171 720 4240; x_wconf 81' lang='lat' dir='ltr'><strong>quale</strong></span> <span class='ocrx_word' id='word_1_533' title='bbox 749 4173 846 4229; x_wconf 90' lang='lat' dir='ltr'><strong>tibi</strong></span> <span class='ocrx_word' id='word_1_534' title='bbox 885 4173 1044 4228; x_wconf 89' lang='lat' dir='ltr'><strong>debet</strong></span> <span class='ocrx_word' id='word_1_535' title='bbox 1085 4189 1206 4230; x_wconf 90' lang='lat' dir='ltr'><strong>esse</strong></span> <span class='ocrx_word' id='word_1_536' title='bbox 1244 4175 1389 4245; x_wconf 89' lang='lat' dir='ltr'><strong>quod</strong></span> <span class='ocrx_word' id='word_1_537' title='bbox 1432 4175 1646 4232; x_wconf 89' lang='lat' dir='ltr'><strong>curules</strong></span> <span class='ocrx_word' id='word_1_538' title='bbox 1675 4176 1758 4232; x_wconf 90' lang='lat' dir='ltr'><strong>in-</strong></span> 
     </span>
    </p>
   </div>
   <div class='ocr_carea' id='block_1_74' title="bbox 169 4260 1760 4334">
    <p class='ocr_par' dir='ltr' id='par_1_74' title="bbox 169 4260 1760 4334">
     <span class='ocr_line' id='line_1_74' title="bbox 169 4260 1760 4334; baseline 0.003 -18"><span class='ocrx_word' id='word_1_539' title='bbox 169 4260 342 4332; x_wconf 85' lang='lat' dir='ltr'><strong>clytas</strong></span> <span class='ocrx_word' id='word_1_540' title='bbox 371 4261 629 4332; x_wconf 87' lang='lat' dir='ltr'><strong>probatur</strong></span> <span class='ocrx_word' id='word_1_541' title='bbox 667 4264 900 4320; x_wconf 89' lang='lat' dir='ltr'><strong>ornare?</strong></span> <span class='ocrx_word' id='word_1_542' title='bbox 945 4261 1140 4321; x_wconf 81' lang='lat' dir='ltr'><strong>Vultus</strong></span> <span class='ocrx_word' id='word_1_543' title='bbox 1184 4265 1480 4334; x_wconf 88' lang='lat' dir='ltr'><strong>quinetiam</strong></span> <span class='ocrx_word' id='word_1_544' title='bbox 1526 4279 1760 4334; x_wconf 86' lang='lat' dir='ltr'><strong>regnan-</strong></span> 
     </span>
    </p>
   </div>
   <div class='ocr_carea' id='block_1_75' title="bbox 173 4352 1758 4426">
    <p class='ocr_par' dir='ltr' id='par_1_75' title="bbox 173 4352 1758 4426">
     <span class='ocr_line' id='line_1_75' title="bbox 173 4352 1758 4426; baseline 0.004 -21"><span class='ocrx_word' id='word_1_545' title='bbox 173 4352 306 4405; x_wconf 89' lang='lat' dir='ltr'><strong>tium</strong></span> <span class='ocrx_word' id='word_1_546' title='bbox 332 4353 543 4420; x_wconf 89' lang='lat' dir='ltr'><strong>geniata</strong></span> <span class='ocrx_word' id='word_1_547' title='bbox 573 4353 816 4422; x_wconf 89' lang='lat' dir='ltr'><strong>obsequii</strong></span> <span class='ocrx_word' id='word_1_548' title='bbox 844 4370 1040 4426; x_wconf 90' lang='lat' dir='ltr'><strong>pompa</strong></span> <span class='ocrx_word' id='word_1_549' title='bbox 1087 4357 1378 4426; x_wconf 83' lang='lat' dir='ltr'><strong>praemittit,</strong></span> <span class='ocrx_word' id='word_1_550' title='bbox 1429 4364 1490 4412; x_wconf 92' lang='lat' dir='ltr'><strong>ut</strong></span> <span class='ocrx_word' id='word_1_551' title='bbox 1529 4372 1638 4412; x_wconf 93' lang='lat' dir='ltr'><strong>non</strong></span> <span class='ocrx_word' id='word_1_552' title='bbox 1665 4373 1758 4414; x_wconf 89' lang='lat' dir='ltr'><strong>so-</strong></span> 
     </span>
    </p>
   </div>
   <div class='ocr_carea' id='block_1_76' title="bbox 170 4441 1756 4513">
    <p class='ocr_par' dir='ltr' id='par_1_76' title="bbox 170 4441 1756 4513">
     <span class='ocr_line' id='line_1_76' title="bbox 170 4441 1756 4513; baseline 0.004 -18"><span class='ocrx_word' id='word_1_553' title='bbox 170 4441 285 4495; x_wconf 92' lang='lat' dir='ltr'><strong>lum</strong></span> <span class='ocrx_word' id='word_1_554' title='bbox 331 4442 527 4498; x_wconf 90' lang='lat' dir='ltr'><strong>summi</strong></span> <span class='ocrx_word' id='word_1_555' title='bbox 561 4441 785 4513; x_wconf 88' lang='lat' dir='ltr'><strong>judicis,</strong></span> <span class='ocrx_word' id='word_1_556' title='bbox 834 4445 930 4500; x_wconf 89' lang='lat' dir='ltr'><strong>sed</strong></span> <span class='ocrx_word' id='word_1_557' title='bbox 970 4454 1026 4501; x_wconf 90' lang='lat' dir='ltr'><strong>et</strong></span> <span class='ocrx_word' id='word_1_558' title='bbox 1072 4445 1413 4501; x_wconf 90' lang='lat' dir='ltr'><strong>dominorum</strong></span> <span class='ocrx_word' id='word_1_559' title='bbox 1455 4448 1756 4503; x_wconf 88' lang='lat' dir='ltr'><strong>reverentia</strong></span> 
     </span>
    </p>
   </div>
   <div class='ocr_carea' id='block_1_77' title="bbox 171 4533 1756 4608">
    <p class='ocr_par' dir='ltr' id='par_1_77' title="bbox 171 4533 1756 4608">
     <span class='ocr_line' id='line_1_77' title="bbox 171 4533 1756 4608; baseline 0.002 -18"><span class='ocrx_word' id='word_1_560' title='bbox 171 4533 476 4590; x_wconf 89' lang='lat' dir='ltr'><strong>cumulatus</strong></span> <span class='ocrx_word' id='word_1_561' title='bbox 503 4536 727 4592; x_wconf 87' lang='lat' dir='ltr'><strong>orneris.</strong></span> <span class='ocrx_word' id='word_1_562' title='bbox 778 4534 822 4591; x_wconf 92' lang='grc' dir='ltr'><strong>Ο</strong></span> <span class='ocrx_word' id='word_1_563' title='bbox 858 4552 1063 4608; x_wconf 85' lang='lat' dir='ltr'><strong>magnae</strong></span> <span class='ocrx_word' id='word_1_564' title='bbox 1111 4537 1518 4608; x_wconf 88' lang='lat' dir='ltr'><strong>temperationis</strong></span> <span class='ocrx_word' id='word_1_565' title='bbox 1565 4538 1756 4594; x_wconf 79' lang='lat' dir='ltr'><strong>inven-</strong></span> 
     </span>
    </p>
   </div>
   <div class='ocr_carea' id='block_1_78' title="bbox 171 4624 1757 4699">
    <p class='ocr_par' dir='ltr' id='par_1_78' title="bbox 171 4624 1757 4699">
     <span class='ocr_line' id='line_1_78' title="bbox 171 4624 1757 4699; baseline 0.003 -19"><span class='ocrx_word' id='word_1_566' title='bbox 171 4625 317 4680; x_wconf 89' lang='lat' dir='ltr'><strong>tum!</strong></span> <span class='ocrx_word' id='word_1_567' title='bbox 343 4624 418 4680; x_wconf 90' lang='lat' dir='ltr'><strong>De</strong></span> <span class='ocrx_word' id='word_1_568' title='bbox 443 4627 658 4682; x_wconf 88' lang='lat' dir='ltr'><strong>nomine</strong></span> <span class='ocrx_word' id='word_1_569' title='bbox 679 4627 913 4683; x_wconf 90' lang='lat' dir='ltr'><strong>consulis</strong></span> <span class='ocrx_word' id='word_1_570' title='bbox 938 4628 1268 4699; x_wconf 87' lang='lat' dir='ltr'><strong>promitteris</strong></span> <span class='ocrx_word' id='word_1_571' title='bbox 1286 4627 1757 4698; x_wconf 89' lang='lat' dir='ltr'><strong>clementissimus,</strong></span> 
     </span>
    </p>
   </div>
   <div class='ocr_carea' id='block_1_79' title="bbox 169 4717 1759 4792">
    <p class='ocr_par' dir='ltr' id='par_1_79' title="bbox 169 4717 1759 4792">
     <span class='ocr_line' id='line_1_79' title="bbox 169 4717 1759 4792; baseline 0.003 -20"><span class='ocrx_word' id='word_1_572' title='bbox 169 4726 232 4773; x_wconf 90' lang='lat' dir='ltr'><strong>et</strong></span> <span class='ocrx_word' id='word_1_573' title='bbox 259 4717 328 4774; x_wconf 92' lang='lat' dir='ltr'><strong>de</strong></span> <span class='ocrx_word' id='word_1_574' title='bbox 375 4718 678 4790; x_wconf 87' lang='lat' dir='ltr'><strong>principum</strong></span> <span class='ocrx_word' id='word_1_575' title='bbox 719 4719 954 4792; x_wconf 88' lang='lat' dir='ltr'><strong>imagine</strong></span> <span class='ocrx_word' id='word_1_576' title='bbox 999 4720 1338 4777; x_wconf 87' lang='lat' dir='ltr'><strong>metuendus.</strong></span> <span class='ocrx_word' id='word_1_577' title='bbox 1388 4719 1448 4774; x_wconf 90' lang='lat' dir='ltr'><strong>in</strong></span> <span class='ocrx_word' id='word_1_578' title='bbox 1491 4719 1759 4791; x_wconf 89' lang='lat' dir='ltr'><strong>aliquibus</strong></span> 
     </span>
    </p>
   </div>
   <div class='ocr_carea' id='block_1_80' title="bbox 249 4921 1760 4995">
    <p class='ocr_par' dir='ltr' id='par_1_80' title="bbox 249 4921 1760 4995">
     <span class='ocr_line' id='line_1_80' title="bbox 249 4921 1760 4995; baseline -0.001 -18"><span class='ocrx_word' id='word_1_579' title='bbox 249 4929 283 4995; x_wconf 67' lang='grc' dir='ltr'><strong>ξ·⁸</strong></span> <span class='ocrx_word' id='word_1_580' title='bbox 305 4921 438 4977; x_wconf 87' lang='lat' dir='ltr'><strong>Cum</strong></span> <span class='ocrx_word' id='word_1_581' title='bbox 467 4923 648 4995; x_wconf 89' lang='lat' dir='ltr'><strong>plures</strong></span> <span class='ocrx_word' id='word_1_582' title='bbox 666 4922 1064 4995; x_wconf 87' lang='lat' dir='ltr'><strong>archiatrorum</strong></span> <span class='ocrx_word' id='word_1_583' title='bbox 1092 4921 1310 4995; x_wconf 60' lang='lat' dir='ltr'><strong>ordine</strong></span> <span class='ocrx_word' id='word_1_584' title='bbox 1333 4930 1536 4995; x_wconf 84' lang='lat' dir='ltr'><strong>essent,</strong></span> <span class='ocrx_word' id='word_1_585' title='bbox 1567 4922 1621 4976; x_wconf 91' lang='lat' dir='ltr'><strong>in</strong></span> <span class='ocrx_word' id='word_1_586' title='bbox 1649 4921 1760 4995; x_wconf 81' lang='lat' dir='ltr'><strong>sin-</strong></span> 
     </span>
    </p>
   </div>
   <div class='ocr_carea' id='block_1_81' title="bbox 169 4991 1760 5063">
    <p class='ocr_par' dir='ltr' id='par_1_81' title="bbox 169 4991 1760 5063">
     <span class='ocr_line' id='line_1_81' title="bbox 169 4991 1760 5063; baseline 0 -18"><span class='ocrx_word' id='word_1_587' title='bbox 169 4991 322 5063; x_wconf 74' lang='lat' dir='ltr'><strong>gulis</strong></span> <span class='ocrx_word' id='word_1_588' title='bbox 363 4991 537 5060; x_wconf 81' lang='lat' dir='ltr'><strong>erant,</strong></span> <span class='ocrx_word' id='word_1_589' title='bbox 584 4994 677 5063; x_wconf 91' lang='lat' dir='ltr'><strong>qui</strong></span> <span class='ocrx_word' id='word_1_590' title='bbox 723 5001 948 5048; x_wconf 84' lang='lat' dir='ltr'><strong>caeteros</strong></span> <span class='ocrx_word' id='word_1_591' title='bbox 989 4992 1290 5063; x_wconf 88' lang='lat' dir='ltr'><strong>anteirent,</strong></span> <span class='ocrx_word' id='word_1_592' title='bbox 1339 5002 1395 5048; x_wconf 91' lang='lat' dir='ltr'><strong>et</strong></span> <span class='ocrx_word' id='word_1_593' title='bbox 1441 4993 1495 5046; x_wconf 91' lang='lat' dir='ltr'><strong>hi</strong></span> <span class='ocrx_word' id='word_1_594' title='bbox 1534 4993 1760 5063; x_wconf 87' lang='lat' dir='ltr'><strong>comites</strong></span> 
     </span>
    </p>
   </div>
   <div class='ocr_carea' id='block_1_82' title="bbox 174 5062 1757 5131">
    <p class='ocr_par' dir='ltr' id='par_1_82' title="bbox 174 5062 1757 5131">
     <span class='ocr_line' id='line_1_82' title="bbox 174 5062 1757 5131; baseline 0 -16"><span class='ocrx_word' id='word_1_595' title='bbox 174 5062 572 5118; x_wconf 84' lang='lat' dir='ltr'><strong>archiatrorum</strong></span> <span class='ocrx_word' id='word_1_596' title='bbox 598 5062 962 5124; x_wconf 82' lang='lat' dir='ltr'><strong>vocabantur;</strong></span> <span class='ocrx_word' id='word_1_597' title='bbox 1009 5062 1078 5116; x_wconf 90' lang='lat' dir='ltr'><strong>de</strong></span> <span class='ocrx_word' id='word_1_598' title='bbox 1119 5077 1348 5131; x_wconf 87' lang='lat' dir='ltr'><strong>quorum</strong></span> <span class='ocrx_word' id='word_1_599' title='bbox 1389 5062 1757 5131; x_wconf 87' lang='lat' dir='ltr'><strong>eligendorum</strong></span> 
     </span>
    </p>
   </div>
   <div class='ocr_carea' id='block_1_83' title="bbox 176 5131 1756 5197">
    <p class='ocr_par' dir='ltr' id='par_1_83' title="bbox 176 5131 1756 5197">
     <span class='ocr_line' id='line_1_83' title="bbox 176 5131 1756 5197; baseline 0.001 -14"><span class='ocrx_word' id='word_1_600' title='bbox 176 5131 352 5185; x_wconf 75' lang='lat' dir='ltr'><strong>forma“</strong></span> <span class='ocrx_word' id='word_1_601' title='bbox 394 5142 450 5187; x_wconf 91' lang='lat' dir='ltr'><strong>et</strong></span> <span class='ocrx_word' id='word_1_602' title='bbox 491 5133 812 5189; x_wconf 85' lang='lat' dir='ltr'><strong>auctoritate</strong></span> <span class='ocrx_word' id='word_1_603' title='bbox 856 5131 961 5186; x_wconf 89' lang='lat' dir='ltr'><strong>hoc</strong></span> <span class='ocrx_word' id='word_1_604' title='bbox 1011 5131 1133 5186; x_wconf 91' lang='lat' dir='ltr'><strong>loco</strong></span> <span class='ocrx_word' id='word_1_605' title='bbox 1159 5132 1344 5187; x_wconf 83' lang='lat' dir='ltr'><strong>scribit</strong></span> <span class='ocrx_word' id='word_1_606' title='bbox 1369 5132 1756 5197; x_wconf 87' lang='lat' dir='ltr'><strong>Cassiodorus;</strong></span> 
     </span>
    </p>
   </div>
   <div class='ocr_carea' id='block_1_84' title="bbox 175 5201 1762 5271">
    <p class='ocr_par' dir='ltr' id='par_1_84' title="bbox 175 5201 1762 5271">
     <span class='ocr_line' id='line_1_84' title="bbox 175 5201 1762 5271; baseline 0.001 -15"><span class='ocrx_word' id='word_1_607' title='bbox 175 5216 284 5256; x_wconf 85' lang='lat' dir='ltr'><strong>nec</strong></span> <span class='ocrx_word' id='word_1_608' title='bbox 320 5218 482 5258; x_wconf 93' lang='lat' dir='ltr'><strong>unum</strong></span> <span class='ocrx_word' id='word_1_609' title='bbox 521 5203 682 5258; x_wconf 87' lang='lat' dir='ltr'><strong>fuisse</strong></span> <span class='ocrx_word' id='word_1_610' title='bbox 721 5202 1005 5265; x_wconf 88' lang='lat' dir='ltr'><strong>comitem,</strong></span> <span class='ocrx_word' id='word_1_611' title='bbox 1061 5202 1156 5255; x_wconf 90' lang='lat' dir='ltr'><strong>sed</strong></span> <span class='ocrx_word' id='word_1_612' title='bbox 1195 5209 1296 5265; x_wconf 88' lang='lat' dir='ltr'><strong>tot,</strong></span> <span class='ocrx_word' id='word_1_613' title='bbox 1353 5210 1488 5271; x_wconf 92' lang='lat' dir='ltr'><strong>quot</strong></span> <span class='ocrx_word' id='word_1_614' title='bbox 1542 5201 1762 5271; x_wconf 76' lang='lat' dir='ltr'><strong>ordines</strong></span> 
     </span>
    </p>
   </div>
   <div class='ocr_carea' id='block_1_85' title="bbox 175 5269 1637 5351">
    <p class='ocr_par' dir='ltr' id='par_1_85' title="bbox 175 5269 1637 5351">
     <span class='ocr_line' id='line_1_85' title="bbox 175 5269 1637 5351; baseline -0.002 -26"><span class='ocrx_word' id='word_1_615' title='bbox 175 5274 571 5351; x_wconf 43' lang='lat' dir='ltr'><strong>archi‘atrorum</strong></span> <span class='ocrx_word' id='word_1_616' title='bbox 601 5282 774 5329; x_wconf 89' lang='lat' dir='ltr'><strong>erant.</strong></span> <span class='ocrx_word' id='word_1_617' title='bbox 805 5271 1031 5351; x_wconf 62' lang='lat' dir='ltr'><strong>Cogunt.</strong></span> <span class='ocrx_word' id='word_1_618' title='bbox 1065 5271 1257 5351; x_wconf 83' lang='lat' dir='ltr'><strong>ohser._</strong></span> <span class='ocrx_word' id='word_1_619' title='bbox 1276 5269 1517 5351; x_wconf 56' lang='lat' dir='ltr'><strong>libfcap.</strong></span> <span class='ocrx_word' id='word_1_620' title='bbox 1551 5269 1637 5351; x_wconf 59' lang='lat'><strong>15:</strong></span> 
     </span>
    </p>
   </div>
   <div class='ocr_carea' id='block_1_86' title="bbox 251 5339 1763 5414">
    <p class='ocr_par' dir='ltr' id='par_1_86' title="bbox 251 5339 1763 5414">
     <span class='ocr_line' id='line_1_86' title="bbox 251 5339 1763 5414; baseline 0 -18"><span class='ocrx_word' id='word_1_621' title='bbox 251 5342 281 5384; x_wconf 68' lang='lat' dir='ltr'><strong>b</strong></span> <span class='ocrx_word' id='word_1_622' title='bbox 311 5341 554 5414; x_wconf 68' lang='lat' dir='ltr'><strong>Discinge</strong></span> <span class='ocrx_word' id='word_1_623' title='bbox 576 5385 601 5414; x_wconf 15' lang='grc' dir='ltr'><strong>,ί</strong></span> <span class='ocrx_word' id='word_1_624' title='bbox 629 5352 784 5414; x_wconf 86' lang='lat' dir='ltr'><strong>vetus</strong></span> <span class='ocrx_word' id='word_1_625' title='bbox 806 5380 822 5404; x_wconf 91' lang='lat'><strong>,</strong></span> <span class='ocrx_word' id='word_1_626' title='bbox 870 5340 1146 5414; x_wconf 72' lang='lat' dir='ltr'><strong>distingue,</strong></span> <span class='ocrx_word' id='word_1_627' title='bbox 1187 5341 1364 5414; x_wconf 76' lang='lat' dir='ltr'><strong>minus</strong></span> <span class='ocrx_word' id='word_1_628' title='bbox 1385 5339 1584 5414; x_wconf 40' lang='lat' dir='ltr'><strong>scite;</strong></span> <span class='ocrx_word' id='word_1_629' title='bbox 1614 5339 1763 5414; x_wconf 80' lang='lat' dir='ltr'><strong>idem</strong></span> 
     </span>
    </p>
   </div>
   <div class='ocr_carea' id='block_1_87' title="bbox 177 5409 1754 5477">
    <p class='ocr_par' dir='ltr' id='par_1_87' title="bbox 177 5409 1754 5477">
     <span class='ocr_line' id='line_1_87' title="bbox 177 5409 1754 5477; baseline 0.001 -13"><span class='ocrx_word' id='word_1_630' title='bbox 177 5413 434 5467; x_wconf 89' lang='lat' dir='ltr'><strong>mendum</strong></span> <span class='ocrx_word' id='word_1_631' title='bbox 459 5409 728 5469; x_wconf 75' lang='lat' dir='ltr'><strong>insederat</strong></span> <span class='ocrx_word' id='word_1_632' title='bbox 747 5409 1088 5477; x_wconf 60' lang='lat' dir='ltr'><strong>hactenusﬂ.</strong></span> <span class='ocrx_word' id='word_1_633' title='bbox 1111 5426 1181 5473; x_wconf 76' lang='grc' dir='ltr'><strong>γι,</strong></span> <span class='ocrx_word' id='word_1_634' title='bbox 1201 5410 1357 5474; x_wconf 88' lang='lat' dir='ltr'><strong>sicut,</strong></span> <span class='ocrx_word' id='word_1_635' title='bbox 1373 5409 1506 5464; x_wconf 85' lang='lat' dir='ltr'><strong>Cod.</strong></span> <span class='ocrx_word' id='word_1_636' title='bbox 1527 5409 1754 5476; x_wconf 89' lang='lat' dir='ltr'><strong>Theod.,</strong></span> 
     </span>
    </p>
   </div>
   <div class='ocr_carea' id='block_1_88' title="bbox 179 5479 1762 5552">
    <p class='ocr_par' dir='ltr' id='par_1_88' title="bbox 179 5479 1762 5552">
     <span class='ocr_line' id='line_1_88' title="bbox 179 5479 1762 5552; baseline 0 -18"><span class='ocrx_word' id='word_1_637' title='bbox 179 5481 263 5534; x_wconf 85' lang='lat' dir='ltr'><strong>De</strong></span> <span class='ocrx_word' id='word_1_638' title='bbox 292 5483 508 5552; x_wconf 72' lang='lat' dir='ltr'><strong>legium.</strong></span> <span class='ocrx_word' id='word_1_639' title='bbox 539 5484 756 5543; x_wconf 50' lang='lat' dir='ltr'><strong>hiet-ed&quot;</strong></span> <span class='ocrx_word' id='word_1_640' title='bbox 782 5479 1140 5552; x_wconf 82' lang='lat' dir='ltr'><strong>pendentium</strong></span> <span class='ocrx_word' id='word_1_641' title='bbox 1162 5479 1624 5552; x_wconf 66' lang='lat' dir='ltr'><strong>negotiorunifata</strong></span> <span class='ocrx_word' id='word_1_642' title='bbox 1649 5479 1762 5534; x_wconf 79' lang='lat' dir='ltr'><strong>dis-</strong></span> 
     </span>
    </p>
   </div>
   <div class='ocr_carea' id='block_1_89' title="bbox 177 5548 1759 5623">
    <p class='ocr_par' dir='ltr' id='par_1_89' title="bbox 177 5548 1759 5623">
     <span class='ocr_line' id='line_1_89' title="bbox 177 5548 1759 5623; baseline -0.001 -20"><span class='ocrx_word' id='word_1_643' title='bbox 177 5548 450 5623; x_wconf 62' lang='lat' dir='ltr'><strong>tinguunt,</strong></span> <span class='ocrx_word' id='word_1_644' title='bbox 492 5568 612 5623; x_wconf 88' lang='lat' dir='ltr'><strong>pro,</strong></span> <span class='ocrx_word' id='word_1_645' title='bbox 635 5548 984 5618; x_wconf 60' lang='lat' dir='ltr'><strong>.discingunt,</strong></span> <span class='ocrx_word' id='word_1_646' title='bbox 1031 5559 1092 5623; x_wconf 81' lang='lat' dir='ltr'><strong>ut</strong></span> <span class='ocrx_word' id='word_1_647' title='bbox 1121 5565 1292 5620; x_wconf 88' lang='lat' dir='ltr'><strong>supr.,</strong></span> <span class='ocrx_word' id='word_1_648' title='bbox 1322 5550 1426 5623; x_wconf 83' lang='lat' dir='ltr'><strong>hoc</strong></span> <span class='ocrx_word' id='word_1_649' title='bbox 1449 5549 1567 5613; x_wconf 88' lang='lat' dir='ltr'><strong>lib.,</strong></span> <span class='ocrx_word' id='word_1_650' title='bbox 1601 5548 1759 5623; x_wconf 89' lang='lat' dir='ltr'><strong>form.</strong></span> 
     </span>
    </p>
   </div>
   <div class='ocr_carea' id='block_1_90' title="bbox 177 5618 1764 5691">
    <p class='ocr_par' dir='ltr' id='par_1_90' title="bbox 177 5618 1764 5691">
     <span class='ocr_line' id='line_1_90' title="bbox 177 5618 1764 5691; baseline -0.002 -15"><span class='ocrx_word' id='word_1_651' title='bbox 177 5619 238 5691; x_wconf 74' lang='lat'><strong>9,</strong></span> <span class='ocrx_word' id='word_1_652' title='bbox 265 5618 632 5690; x_wconf 76' lang='lat' dir='ltr'><strong>querimonias</strong></span> <span class='ocrx_word' id='word_1_653' title='bbox 659 5635 1030 5691; x_wconf 81' lang='lat' dir='ltr'><strong>possessorum</strong></span> <span class='ocrx_word' id='word_1_654' title='bbox 1052 5621 1170 5676; x_wconf 90' lang='lat' dir='ltr'><strong>sine</strong></span> <span class='ocrx_word' id='word_1_655' title='bbox 1189 5618 1374 5691; x_wconf 72' lang='lat' dir='ltr'><strong>venali</strong></span> <span class='ocrx_word' id='word_1_656' title='bbox 1402 5619 1764 5691; x_wconf 82' lang='lat' dir='ltr'><strong>protractione</strong></span> 
     </span>
    </p>
   </div>
   <div class='ocr_carea' id='block_1_91' title="bbox 177 5688 1759 5764">
    <p class='ocr_par' dir='ltr' id='par_1_91' title="bbox 177 5688 1759 5764">
     <span class='ocr_line' id='line_1_91' title="bbox 177 5688 1759 5764; baseline -0.003 -17"><span class='ocrx_word' id='word_1_657' title='bbox 177 5688 506 5764; x_wconf 67' lang='lat' dir='ltr'><strong>discingue:</strong></span> <span class='ocrx_word' id='word_1_658' title='bbox 559 5693 612 5764; x_wconf 78' lang='lat' dir='ltr'><strong>in</strong></span> <span class='ocrx_word' id='word_1_659' title='bbox 659 5688 1428 5764; x_wconf 33' lang='lat' dir='ltr'><strong>manuscript-is‘niembranis,</strong></span> <span class='ocrx_word' id='word_1_660' title='bbox 1472 5688 1759 5764; x_wconf 80' lang='lat' dir='ltr'><strong>distingue.</strong></span> 
     </span>
    </p>
   </div>
   <div class='ocr_carea' id='block_1_92' title="bbox 179 5757 1764 5829">
    <p class='ocr_par' dir='ltr' id='par_1_92' title="bbox 179 5757 1764 5829">
     <span class='ocr_line' id='line_1_92' title="bbox 179 5757 1764 5829; baseline -0.004 -13"><span class='ocrx_word' id='word_1_661' title='bbox 179 5761 276 5817; x_wconf 87' lang='lat' dir='ltr'><strong>Sic</strong></span> <span class='ocrx_word' id='word_1_662' title='bbox 298 5757 533 5829; x_wconf 64' lang='lat' dir='ltr'><strong>iurgium</strong></span> <span class='ocrx_word' id='word_1_663' title='bbox 563 5759 884 5827; x_wconf 84' lang='lat' dir='ltr'><strong>discingere,</strong></span> <span class='ocrx_word' id='word_1_664' title='bbox 910 5759 952 5829; x_wconf 7' lang='lat' dir='ltr'><strong>fl.</strong></span> <span class='ocrx_word' id='word_1_665' title='bbox 979 5757 1094 5829; x_wconf 48' lang='lat' dir='ltr'><strong>QC.</strong></span> <span class='ocrx_word' id='word_1_666' title='bbox 1122 5759 1349 5829; x_wconf 74' lang='lat' dir='ltr'><strong>Theod.,</strong></span> <span class='ocrx_word' id='word_1_667' title='bbox 1379 5758 1470 5811; x_wconf 86' lang='lat' dir='ltr'><strong>lin.</strong></span> <span class='ocrx_word' id='word_1_668' title='bbox 1498 5757 1724 5829; x_wconf 63' lang='lat' dir='ltr'><strong>regund.</strong></span> <span class='ocrx_word' id='word_1_669' title='bbox 1747 5775 1764 5825; x_wconf 85' lang='lat'><strong>;</strong></span> 
     </span>
    </p>
   </div>
   <div class='ocr_carea' id='block_1_93' title="bbox 181 5827 1760 5904">
    <p class='ocr_par' dir='ltr' id='par_1_93' title="bbox 181 5827 1760 5904">
     <span class='ocr_line' id='line_1_93' title="bbox 181 5827 1760 5904; baseline -0.005 -15"><span class='ocrx_word' id='word_1_670' title='bbox 181 5833 227 5890; x_wconf 84' lang='grc' dir='ltr'><strong>ι.</strong></span> <span class='ocrx_word' id='word_1_671' title='bbox 252 5827 342 5902; x_wconf 65' lang='grc'><strong>63,</strong></span> <span class='ocrx_word' id='word_1_672' title='bbox 371 5827 501 5888; x_wconf 80' lang='lat' dir='ltr'><strong>Non</strong></span> <span class='ocrx_word' id='word_1_673' title='bbox 540 5833 857 5904; x_wconf 75' lang='lat' dir='ltr'><strong>ignoramus.</strong></span> <span class='ocrx_word' id='word_1_674' title='bbox 897 5828 960 5884; x_wconf 84' lang='lat' dir='ltr'><strong>C.</strong></span> <span class='ocrx_word' id='word_1_675' title='bbox 988 5828 1215 5898; x_wconf 85' lang='lat' dir='ltr'><strong>Theod.,</strong></span> <span class='ocrx_word' id='word_1_676' title='bbox 1263 5827 1340 5885; x_wconf 81' lang='lat' dir='ltr'><strong>De</strong></span> <span class='ocrx_word' id='word_1_677' title='bbox 1367 5829 1580 5900; x_wconf 81' lang='lat' dir='ltr'><strong>appelt.,</strong></span> <span class='ocrx_word' id='word_1_678' title='bbox 1629 5827 1667 5884; x_wconf 86' lang='grc' dir='ltr'><strong>Ι.</strong></span> <span class='ocrx_word' id='word_1_679' title='bbox 1693 5827 1760 5893; x_wconf 73' lang='lat'><strong>2;</strong></span> 
     </span>
    </p>
   </div>
   <div class='ocr_carea' id='block_1_94' title="bbox 1854 3272 3441 3346">
    <p class='ocr_par' dir='ltr' id='par_1_94' title="bbox 1854 3272 3441 3346">
     <span class='ocr_line' id='line_1_94' title="bbox 1854 3272 3441 3346; baseline 0 -18"><span class='ocrx_word' id='word_1_680' title='bbox 1854 3274 2091 3346; x_wconf 90' lang='lat' dir='ltr'><strong>pellecti,</strong></span> <span class='ocrx_word' id='word_1_681' title='bbox 2119 3289 2218 3344; x_wconf 87' lang='lat' dir='ltr'><strong>per</strong></span> <span class='ocrx_word' id='word_1_682' title='bbox 2246 3273 2390 3328; x_wconf 89' lang='lat' dir='ltr'><strong>illam</strong></span> <span class='ocrx_word' id='word_1_683' title='bbox 2420 3272 2766 3328; x_wconf 89' lang='lat' dir='ltr'><strong>indictionem</strong></span> <span class='ocrx_word' id='word_1_684' title='bbox 2797 3273 2848 3326; x_wconf 91' lang='lat' dir='ltr'><strong>in</strong></span> <span class='ocrx_word' id='word_1_685' title='bbox 2877 3272 2966 3327; x_wconf 88' lang='lat' dir='ltr'><strong>illa</strong></span> <span class='ocrx_word' id='word_1_686' title='bbox 2995 3273 3269 3343; x_wconf 89' lang='lat' dir='ltr'><strong>provincia</strong></span> <span class='ocrx_word' id='word_1_687' title='bbox 3305 3289 3441 3328; x_wconf 89' lang='lat' dir='ltr'><strong>con-</strong></span> 
     </span>
    </p>
   </div>
   <div class='ocr_carea' id='block_1_95' title="bbox 1854 3361 3441 3433">
    <p class='ocr_par' dir='ltr' id='par_1_95' title="bbox 1854 3361 3441 3433">
     <span class='ocr_line' id='line_1_95' title="bbox 1854 3361 3441 3433; baseline 0.001 -14"><span class='ocrx_word' id='word_1_688' title='bbox 1854 3363 2151 3420; x_wconf 89' lang='lat' dir='ltr'><strong>sularitatis</strong></span> <span class='ocrx_word' id='word_1_689' title='bbox 2196 3369 2250 3418; x_wconf 92' lang='lat' dir='ltr'><strong>te</strong></span> <span class='ocrx_word' id='word_1_690' title='bbox 2292 3361 2633 3433; x_wconf 79' lang='lat' dir='ltr'><strong>praecipimus</strong></span> <span class='ocrx_word' id='word_1_691' title='bbox 2675 3375 2834 3431; x_wconf 90' lang='lat' dir='ltr'><strong>agere</strong></span> <span class='ocrx_word' id='word_1_692' title='bbox 2863 3361 3199 3432; x_wconf 85' lang='lat' dir='ltr'><strong>dignitatem,</strong></span> <span class='ocrx_word' id='word_1_693' title='bbox 3249 3372 3308 3418; x_wconf 93' lang='lat' dir='ltr'><strong>ut</strong></span> <span class='ocrx_word' id='word_1_694' title='bbox 3347 3363 3441 3420; x_wconf 89' lang='lat' dir='ltr'><strong>tibi</strong></span> 
     </span>
    </p>
   </div>
   <div class='ocr_carea' id='block_1_96' title="bbox 1856 3453 3439 3526">
    <p class='ocr_par' dir='ltr' id='par_1_96' title="bbox 1856 3453 3439 3526">
     <span class='ocr_line' id='line_1_96' title="bbox 1856 3453 3439 3526; baseline 0.001 -16"><span class='ocrx_word' id='word_1_695' title='bbox 1856 3470 1962 3512; x_wconf 91' lang='lat' dir='ltr'><strong>non</strong></span> <span class='ocrx_word' id='word_1_696' title='bbox 1990 3455 2061 3512; x_wconf 87' lang='lat' dir='ltr'><strong>sit</strong></span> <span class='ocrx_word' id='word_1_697' title='bbox 2089 3464 2389 3526; x_wconf 90' lang='lat' dir='ltr'><strong>acceptum,</strong></span> <span class='ocrx_word' id='word_1_698' title='bbox 2419 3453 2565 3524; x_wconf 90' lang='lat' dir='ltr'><strong>quod</strong></span> <span class='ocrx_word' id='word_1_699' title='bbox 2607 3453 2814 3524; x_wconf 84' lang='lat' dir='ltr'><strong>legibus</strong></span> <span class='ocrx_word' id='word_1_700' title='bbox 2843 3455 3102 3525; x_wconf 90' lang='lat' dir='ltr'><strong>probatur</strong></span> <span class='ocrx_word' id='word_1_701' title='bbox 3143 3455 3439 3511; x_wconf 89' lang='lat' dir='ltr'><strong>inimicum.</strong></span> 
     </span>
    </p>
   </div>
   <div class='ocr_carea' id='block_1_97' title="bbox 1852 3544 3440 3617">
    <p class='ocr_par' dir='ltr' id='par_1_97' title="bbox 1852 3544 3440 3617">
     <span class='ocr_line' id='line_1_97' title="bbox 1852 3544 3440 3617; baseline -0.001 -16"><span class='ocrx_word' id='word_1_702' title='bbox 1852 3544 1950 3602; x_wconf 88' lang='lat' dir='ltr'><strong>Illa</strong></span> <span class='ocrx_word' id='word_1_703' title='bbox 1989 3548 2160 3617; x_wconf 87' lang='lat' dir='ltr'><strong>magis</strong></span> <span class='ocrx_word' id='word_1_704' title='bbox 2199 3545 2378 3616; x_wconf 89' lang='lat' dir='ltr'><strong>dilige,</strong></span> <span class='ocrx_word' id='word_1_705' title='bbox 2427 3560 2546 3615; x_wconf 79' lang='lat' dir='ltr'><strong>quae</strong></span> <span class='ocrx_word' id='word_1_706' title='bbox 2572 3545 2839 3614; x_wconf 75' lang='lat' dir='ltr'><strong>aequitatis</strong></span> <span class='ocrx_word' id='word_1_707' title='bbox 2877 3544 2999 3614; x_wconf 88' lang='lat' dir='ltr'><strong>jura</strong></span> <span class='ocrx_word' id='word_1_708' title='bbox 3040 3545 3440 3601; x_wconf 89' lang='lat' dir='ltr'><strong>commendant.</strong></span> 
     </span>
    </p>
   </div>
   <div class='ocr_carea' id='block_1_98' title="bbox 1856 3633 3444 3707">
    <p class='ocr_par' dir='ltr' id='par_1_98' title="bbox 1856 3633 3444 3707">
     <span class='ocr_line' id='line_1_98' title="bbox 1856 3633 3444 3707; baseline -0.002 -14"><span class='ocrx_word' id='word_1_709' title='bbox 1856 3637 2062 3695; x_wconf 83' lang='lat' dir='ltr'><strong>Nomen</strong></span> <span class='ocrx_word' id='word_1_710' title='bbox 2115 3646 2262 3693; x_wconf 90' lang='lat' dir='ltr'><strong>tuum</strong></span> <span class='ocrx_word' id='word_1_711' title='bbox 2305 3637 2605 3692; x_wconf 86' lang='lat' dir='ltr'><strong>actionibus</strong></span> <span class='ocrx_word' id='word_1_712' title='bbox 2651 3636 2842 3707; x_wconf 92' lang='lat' dir='ltr'><strong>proba.</strong></span> <span class='ocrx_word' id='word_1_713' title='bbox 2887 3633 3122 3692; x_wconf 91' lang='lat' dir='ltr'><strong>Consule</strong></span> <span class='ocrx_word' id='word_1_714' title='bbox 3165 3635 3339 3702; x_wconf 88' lang='lat' dir='ltr'><strong>fessis,</strong></span> <span class='ocrx_word' id='word_1_715' title='bbox 3389 3644 3444 3690; x_wconf 90' lang='lat' dir='ltr'><strong>et</strong></span> 
     </span>
    </p>
   </div>
   <div class='ocr_carea' id='block_1_99' title="bbox 1858 3724 3444 3796">
    <p class='ocr_par' dir='ltr' id='par_1_99' title="bbox 1858 3724 3444 3796">
     <span class='ocr_line' id='line_1_99' title="bbox 1858 3724 3444 3796; baseline -0.002 -12"><span class='ocrx_word' id='word_1_716' title='bbox 1858 3737 1986 3785; x_wconf 88' lang='lat' dir='ltr'><strong>tunc</strong></span> <span class='ocrx_word' id='word_1_717' title='bbox 2011 3743 2142 3784; x_wconf 87' lang='lat' dir='ltr'><strong>vere</strong></span> <span class='ocrx_word' id='word_1_718' title='bbox 2171 3727 2369 3783; x_wconf 86' lang='lat' dir='ltr'><strong>diceris</strong></span> <span class='ocrx_word' id='word_1_719' title='bbox 2397 3726 2720 3782; x_wconf 76' lang='lat' dir='ltr'><strong>consularis.</strong></span> <span class='ocrx_word' id='word_1_720' title='bbox 2763 3724 2871 3780; x_wconf 87' lang='lat' dir='ltr'><strong>Sed</strong></span> <span class='ocrx_word' id='word_1_721' title='bbox 2901 3733 2959 3780; x_wconf 92' lang='lat' dir='ltr'><strong>ut</strong></span> <span class='ocrx_word' id='word_1_722' title='bbox 2988 3727 3167 3780; x_wconf 91' lang='lat' dir='ltr'><strong>omnia</strong></span> <span class='ocrx_word' id='word_1_723' title='bbox 3196 3725 3444 3796; x_wconf 69' lang='lat' dir='ltr'><strong>aequabili</strong></span> 
     </span>
    </p>
   </div>
   <div class='ocr_carea' id='block_1_100' title="bbox 1857 3814 3445 3886">
    <p class='ocr_par' dir='ltr' id='par_1_100' title="bbox 1857 3814 3445 3886">
     <span class='ocr_line' id='line_1_100' title="bbox 1857 3814 3445 3886; baseline -0.004 -11"><span class='ocrx_word' id='word_1_724' title='bbox 1857 3817 2229 3874; x_wconf 89' lang='lat' dir='ltr'><strong>moderatione</strong></span> <span class='ocrx_word' id='word_1_725' title='bbox 2254 3823 2567 3886; x_wconf 89' lang='lat' dir='ltr'><strong>pensentur,</strong></span> <span class='ocrx_word' id='word_1_726' title='bbox 2601 3814 2820 3870; x_wconf 89' lang='lat' dir='ltr'><strong>institue</strong></span> <span class='ocrx_word' id='word_1_727' title='bbox 2851 3816 3108 3885; x_wconf 87' lang='lat' dir='ltr'><strong>pecunias</strong></span> <span class='ocrx_word' id='word_1_728' title='bbox 3149 3833 3255 3871; x_wconf 89' lang='lat' dir='ltr'><strong>non</strong></span> <span class='ocrx_word' id='word_1_729' title='bbox 3294 3832 3445 3885; x_wconf 87' lang='lat' dir='ltr'><strong>quae-</strong></span> 
     </span>
    </p>
   </div>
   <div class='ocr_carea' id='block_1_101' title="bbox 1856 3905 3443 3977">
    <p class='ocr_par' dir='ltr' id='par_1_101' title="bbox 1856 3905 3443 3977">
     <span class='ocr_line' id='line_1_101' title="bbox 1856 3905 3443 3977; baseline -0.003 -11"><span class='ocrx_word' id='word_1_730' title='bbox 1856 3925 2000 3976; x_wconf 90' lang='lat' dir='ltr'><strong>rere,</strong></span> <span class='ocrx_word' id='word_1_731' title='bbox 2053 3916 2108 3964; x_wconf 91' lang='lat' dir='ltr'><strong>et</strong></span> <span class='ocrx_word' id='word_1_732' title='bbox 2156 3908 2402 3977; x_wconf 89' lang='lat' dir='ltr'><strong>agnoscis</strong></span> <span class='ocrx_word' id='word_1_733' title='bbox 2455 3921 2679 3962; x_wconf 89' lang='lat' dir='ltr'><strong>munera</strong></span> <span class='ocrx_word' id='word_1_734' title='bbox 2730 3905 2822 3960; x_wconf 89' lang='lat' dir='ltr'><strong>tibi</strong></span> <span class='ocrx_word' id='word_1_735' title='bbox 2869 3907 3088 3975; x_wconf 84' lang='lat' dir='ltr'><strong>copiosa</strong></span> <span class='ocrx_word' id='word_1_736' title='bbox 3137 3906 3443 3976; x_wconf 84' lang='lat' dir='ltr'><strong>provenire.</strong></span> 
     </span>
    </p>
   </div>
   <div class='ocr_carea' id='block_1_102' title="bbox 1857 3993 3446 4063">
    <p class='ocr_par' dir='ltr' id='par_1_102' title="bbox 1857 3993 3446 4063">
     <span class='ocr_line' id='line_1_102' title="bbox 1857 3993 3446 4063; baseline -0.005 -8"><span class='ocrx_word' id='word_1_737' title='bbox 1857 3999 2009 4055; x_wconf 83' lang='lat' dir='ltr'><strong>Hanc</strong></span> <span class='ocrx_word' id='word_1_738' title='bbox 2036 3997 2178 4054; x_wconf 87' lang='lat' dir='ltr'><strong>enim</strong></span> <span class='ocrx_word' id='word_1_739' title='bbox 2205 3995 2571 4052; x_wconf 90' lang='lat' dir='ltr'><strong>conditionem</strong></span> <span class='ocrx_word' id='word_1_740' title='bbox 2617 3994 2864 4050; x_wconf 88' lang='lat' dir='ltr'><strong>humanis</strong></span> <span class='ocrx_word' id='word_1_741' title='bbox 2892 3993 3100 4048; x_wconf 89' lang='lat' dir='ltr'><strong>actibus</strong></span> <span class='ocrx_word' id='word_1_742' title='bbox 3124 3993 3301 4049; x_wconf 91' lang='lat' dir='ltr'><strong>divina</strong></span> <span class='ocrx_word' id='word_1_743' title='bbox 3344 4009 3446 4063; x_wconf 88' lang='lat' dir='ltr'><strong>po-</strong></span> 
     </span>
    </p>
   </div>
   <div class='ocr_carea' id='block_1_103' title="bbox 1857 4082 3445 4156">
    <p class='ocr_par' dir='ltr' id='par_1_103' title="bbox 1857 4082 3445 4156">
     <span class='ocr_line' id='line_1_103' title="bbox 1857 4082 3445 4156; baseline -0.006 -9"><span class='ocrx_word' id='word_1_744' title='bbox 1857 4097 2110 4156; x_wconf 88' lang='lat' dir='ltr'><strong>suerunt;</strong></span> <span class='ocrx_word' id='word_1_745' title='bbox 2157 4095 2218 4144; x_wconf 87' lang='lat' dir='ltr'><strong>ut</strong></span> <span class='ocrx_word' id='word_1_746' title='bbox 2260 4087 2352 4142; x_wconf 90' lang='lat' dir='ltr'><strong>ille</strong></span> <span class='ocrx_word' id='word_1_747' title='bbox 2391 4085 2562 4154; x_wconf 90' lang='lat' dir='ltr'><strong>magis</strong></span> <span class='ocrx_word' id='word_1_748' title='bbox 2602 4085 2771 4154; x_wconf 89' lang='lat' dir='ltr'><strong>possit</strong></span> <span class='ocrx_word' id='word_1_749' title='bbox 2819 4083 3105 4148; x_wconf 88' lang='lat' dir='ltr'><strong>ditescere,</strong></span> <span class='ocrx_word' id='word_1_750' title='bbox 3154 4083 3246 4152; x_wconf 92' lang='lat' dir='ltr'><strong>qui</strong></span> <span class='ocrx_word' id='word_1_751' title='bbox 3293 4082 3445 4138; x_wconf 87' lang='lat' dir='ltr'><strong>lucra</strong></span> 
     </span>
    </p>
   </div>
   <div class='ocr_carea' id='block_1_104' title="bbox 1861 4173 3446 4251">
    <p class='ocr_par' dir='ltr' id='par_1_104' title="bbox 1861 4173 3446 4251">
     <span class='ocr_line' id='line_1_104' title="bbox 1861 4173 3446 4251; baseline -0.006 -14"><span class='ocrx_word' id='word_1_752' title='bbox 1861 4181 2038 4251; x_wconf 91' lang='lat' dir='ltr'><strong>turpia</strong></span> <span class='ocrx_word' id='word_1_753' title='bbox 2066 4177 2240 4235; x_wconf 88' lang='lat' dir='ltr'><strong>nescit</strong></span> <span class='ocrx_word' id='word_1_754' title='bbox 2264 4184 2474 4246; x_wconf 81' lang='lat' dir='ltr'><strong>Optare.</strong></span> <span class='ocrx_word' id='word_1_755' title='bbox 2505 4173 2821 4244; x_wconf 88' lang='lat' dir='ltr'><strong>lgnorantes</strong></span> <span class='ocrx_word' id='word_1_756' title='bbox 2852 4173 3142 4243; x_wconf 88' lang='lat' dir='ltr'><strong>accipiunt,</strong></span> <span class='ocrx_word' id='word_1_757' title='bbox 3188 4173 3280 4244; x_wconf 91' lang='lat' dir='ltr'><strong>qui</strong></span> <span class='ocrx_word' id='word_1_758' title='bbox 3308 4173 3446 4228; x_wconf 88' lang='lat' dir='ltr'><strong>bene</strong></span> 
     </span>
    </p>
   </div>
   <div class='ocr_carea' id='block_1_105' title="bbox 1860 4257 3560 4341">
    <p class='ocr_par' dir='ltr' id='par_1_105' title="bbox 1860 4257 3560 4341">
     <span class='ocr_line' id='line_1_105' title="bbox 1860 4257 3560 4341; baseline -0.004 -14"><span class='ocrx_word' id='word_1_759' title='bbox 1860 4277 2048 4341; x_wconf 87' lang='lat' dir='ltr'><strong>agunt,</strong></span> <span class='ocrx_word' id='word_1_760' title='bbox 2079 4269 2206 4339; x_wconf 91' lang='lat' dir='ltr'><strong>quia</strong></span> <span class='ocrx_word' id='word_1_761' title='bbox 2235 4281 2460 4324; x_wconf 89' lang='lat' dir='ltr'><strong>necesse</strong></span> <span class='ocrx_word' id='word_1_762' title='bbox 2486 4274 2572 4323; x_wconf 91' lang='lat' dir='ltr'><strong>est</strong></span> <span class='ocrx_word' id='word_1_763' title='bbox 2615 4275 2671 4321; x_wconf 89' lang='lat' dir='ltr'><strong>ut</strong></span> <span class='ocrx_word' id='word_1_764' title='bbox 2699 4266 2824 4320; x_wconf 92' lang='lat' dir='ltr'><strong>dum</strong></span> <span class='ocrx_word' id='word_1_765' title='bbox 2865 4281 3155 4338; x_wconf 86' lang='lat' dir='ltr'><strong>parumper</strong></span> <span class='ocrx_word' id='word_1_766' title='bbox 3183 4265 3446 4320; x_wconf 87' lang='lat' dir='ltr'><strong>malorum</strong></span> <span class='ocrx_word' id='word_1_767' title='bbox 3549 4257 3560 4265; x_wconf 84' lang='grc'><em>’</em></span> 
     </span>
    </p>
   </div>
   <div class='ocr_carea' id='block_1_106' title="bbox 1861 4355 3444 4428">
    <p class='ocr_par' dir='ltr' id='par_1_106' title="bbox 1861 4355 3444 4428">
     <span class='ocr_line' id='line_1_106' title="bbox 1861 4355 3444 4428; baseline -0.004 -13"><span class='ocrx_word' id='word_1_768' title='bbox 1861 4359 2084 4416; x_wconf 89' lang='lat' dir='ltr'><strong>ambitio</strong></span> <span class='ocrx_word' id='word_1_769' title='bbox 2113 4357 2500 4427; x_wconf 88' lang='lat' dir='ltr'><strong>contemnitur,</strong></span> <span class='ocrx_word' id='word_1_770' title='bbox 2527 4372 2763 4428; x_wconf 90' lang='lat' dir='ltr'><strong>superno</strong></span> <span class='ocrx_word' id='word_1_771' title='bbox 2787 4371 3011 4413; x_wconf 89' lang='lat' dir='ltr'><strong>munere</strong></span> <span class='ocrx_word' id='word_1_772' title='bbox 3048 4356 3168 4427; x_wconf 91' lang='lat' dir='ltr'><strong>plus</strong></span> <span class='ocrx_word' id='word_1_773' title='bbox 3195 4355 3444 4411; x_wconf 91' lang='lat' dir='ltr'><strong>donetur.</strong></span> 
     </span>
    </p>
   </div>
   <div class='ocr_carea' id='block_1_107' title="bbox 2125 4510 3176 4571">
    <p class='ocr_par' dir='ltr' id='par_1_107' title="bbox 2125 4510 3176 4571">
     <span class='ocr_line' id='line_1_107' title="bbox 2125 4510 3176 4571; baseline 0.001 -3"><span class='ocrx_word' id='word_1_774' title='bbox 2125 4510 2268 4568; x_wconf 75' lang='lat' dir='ltr'><strong>XXI.</strong></span> <span class='ocrx_word' id='word_1_775' title='bbox 2300 4527 2548 4569; x_wconf 72' lang='lat' dir='ltr'><strong>FORIULA</strong></span> <span class='ocrx_word' id='word_1_776' title='bbox 2577 4529 2835 4570; x_wconf 75' lang='lat' dir='ltr'><strong>necroms</strong></span> <span class='ocrx_word' id='word_1_777' title='bbox 2864 4529 3176 4571; x_wconf 73' lang='lat' dir='ltr'><strong>rnovuvcns.</strong></span> 
     </span>
    </p>
   </div>
   <div class='ocr_carea' id='block_1_108' title="bbox 1932 4621 3448 4695">
    <p class='ocr_par' dir='ltr' id='par_1_108' title="bbox 1932 4621 3448 4695">
     <span class='ocr_line' id='line_1_108' title="bbox 1932 4621 3448 4695; baseline 0.003 -16"><span class='ocrx_word' id='word_1_778' title='bbox 1932 4621 2165 4680; x_wconf 89' lang='lat' dir='ltr'><strong>Omnino</strong></span> <span class='ocrx_word' id='word_1_779' title='bbox 2213 4623 2437 4693; x_wconf 88' lang='lat' dir='ltr'><strong>provide</strong></span> <span class='ocrx_word' id='word_1_780' title='bbox 2497 4621 2736 4678; x_wconf 85' lang='lat' dir='ltr'><strong>decrevit</strong></span> <span class='ocrx_word' id='word_1_781' title='bbox 2791 4623 3082 4692; x_wconf 88' lang='lat' dir='ltr'><strong>antiquitas</strong></span> <span class='ocrx_word' id='word_1_782' title='bbox 3125 4625 3336 4695; x_wconf 87' lang='lat' dir='ltr'><strong>judices</strong></span> <span class='ocrx_word' id='word_1_783' title='bbox 3380 4627 3448 4685; x_wconf 89' lang='lat' dir='ltr'><strong>ad</strong></span> 
     </span>
    </p>
   </div>
   <div class='ocr_carea' id='block_1_109' title="bbox 1863 4713 3449 4790">
    <p class='ocr_par' dir='ltr' id='par_1_109' title="bbox 1863 4713 3449 4790">
     <span class='ocr_line' id='line_1_109' title="bbox 1863 4713 3449 4790; baseline 0.001 -18"><span class='ocrx_word' id='word_1_784' title='bbox 1863 4717 2197 4790; x_wconf 89' lang='lat' dir='ltr'><strong>provinciam</strong></span> <span class='ocrx_word' id='word_1_785' title='bbox 2227 4715 2390 4783; x_wconf 90' lang='lat' dir='ltr'><strong>mitti,</strong></span> <span class='ocrx_word' id='word_1_786' title='bbox 2421 4730 2490 4771; x_wconf 92' lang='lat' dir='ltr'><strong>ne</strong></span> <span class='ocrx_word' id='word_1_787' title='bbox 2518 4715 2688 4785; x_wconf 90' lang='lat' dir='ltr'><strong>possit</strong></span> <span class='ocrx_word' id='word_1_788' title='bbox 2717 4713 2787 4769; x_wconf 90' lang='lat' dir='ltr'><strong>ad</strong></span> <span class='ocrx_word' id='word_1_789' title='bbox 2815 4729 2916 4771; x_wconf 90' lang='lat' dir='ltr'><strong>nos</strong></span> <span class='ocrx_word' id='word_1_790' title='bbox 2942 4716 3209 4774; x_wconf 87' lang='lat' dir='ltr'><strong>veniendo</strong></span> <span class='ocrx_word' id='word_1_791' title='bbox 3237 4719 3449 4775; x_wconf 83' lang='lat' dir='ltr'><strong>medio-</strong></span> 
     </span>
    </p>
   </div>
   <div class='ocr_carea' id='block_1_110' title="bbox 1861 4917 3461 4992">
    <p class='ocr_par' dir='ltr' id='par_1_110' title="bbox 1861 4917 3461 4992">
     <span class='ocr_line' id='line_1_110' title="bbox 1861 4917 3461 4992; baseline 0.005 -18"><span class='ocrx_word' id='word_1_792' title='bbox 1861 4920 1964 4992; x_wconf 59' lang='lat'><strong>1.3</strong></span> <span class='ocrx_word' id='word_1_793' title='bbox 1993 4917 2054 4992; x_wconf 87' lang='lat' dir='ltr'><strong>C.</strong></span> <span class='ocrx_word' id='word_1_794' title='bbox 2081 4917 2206 4992; x_wconf 66' lang='lat' dir='ltr'><strong>eod,</strong></span> <span class='ocrx_word' id='word_1_795' title='bbox 2234 4931 2430 4992; x_wconf 79' lang='lat' dir='ltr'><strong>:quor.</strong></span> <span class='ocrx_word' id='word_1_796' title='bbox 2461 4918 2660 4992; x_wconf 75' lang='lat' dir='ltr'><strong>appell.</strong></span> <span class='ocrx_word' id='word_1_797' title='bbox 2691 4920 3017 4992; x_wconf 22' lang='lat' dir='ltr'><strong>nonirecip.</strong></span> <span class='ocrx_word' id='word_1_798' title='bbox 3071 4938 3287 4979; x_wconf 88' lang='lat' dir='ltr'><strong>causam</strong></span> <span class='ocrx_word' id='word_1_799' title='bbox 3330 4925 3461 4982; x_wconf 84' lang='lat' dir='ltr'><strong>sine</strong></span> 
     </span>
    </p>
   </div>
   <div class='ocr_carea' id='block_1_111' title="bbox 1859 4987 3455 5063">
    <p class='ocr_par' dir='ltr' id='par_1_111' title="bbox 1859 4987 3455 5063">
     <span class='ocr_line' id='line_1_111' title="bbox 1859 4987 3455 5063; baseline 0.004 -19"><span class='ocrx_word' id='word_1_800' title='bbox 1859 4989 2118 5063; x_wconf 65' lang='lat' dir='ltr'><strong>dilatione</strong></span> <span class='ocrx_word' id='word_1_801' title='bbox 2151 4987 2469 5063; x_wconf 75' lang='lat' dir='ltr'><strong>discingere.</strong></span> <span class='ocrx_word' id='word_1_802' title='bbox 2516 4987 2682 5044; x_wconf 62' lang='lat' dir='ltr'><strong>Fons.</strong></span> <span class='ocrx_word' id='word_1_803' title='bbox 2711 5022 2784 5033; x_wconf 94' lang='lat'><strong><em>—</em></strong></span> <span class='ocrx_word' id='word_1_804' title='bbox 2813 4987 3118 5063; x_wconf 75' lang='lat' dir='ltr'><strong>Discingere</strong></span> <span class='ocrx_word' id='word_1_805' title='bbox 3150 4997 3455 5063; x_wconf 70' lang='lat' dir='ltr'><strong>negotium.</strong></span> 
     </span>
    </p>
   </div>
   <div class='ocr_carea' id='block_1_112' title="bbox 1863 5056 3455 5135">
    <p class='ocr_par' dir='ltr' id='par_1_112' title="bbox 1863 5056 3455 5135">
     <span class='ocr_line' id='line_1_112' title="bbox 1863 5056 3455 5135; baseline 0.004 -22"><span class='ocrx_word' id='word_1_806' title='bbox 1863 5059 1925 5113; x_wconf 83' lang='grc' dir='ltr'><strong>Ι).</strong></span> <span class='ocrx_word' id='word_1_807' title='bbox 1953 5056 2175 5135; x_wconf 83' lang='lat' dir='ltr'><strong>Jur_e_tus</strong></span> <span class='ocrx_word' id='word_1_808' title='bbox 2219 5057 2363 5135; x_wconf 47' lang='lat' dir='ltr'><strong>dicit</strong></span> <span class='ocrx_word' id='word_1_809' title='bbox 2395 5071 2455 5111; x_wconf 90' lang='lat' dir='ltr'><strong>se</strong></span> <span class='ocrx_word' id='word_1_810' title='bbox 2507 5067 2724 5135; x_wconf 69' lang='lat' dir='ltr'><strong>notasse</strong></span> <span class='ocrx_word' id='word_1_811' title='bbox 2770 5061 2839 5117; x_wconf 91' lang='lat' dir='ltr'><strong>ad</strong></span> <span class='ocrx_word' id='word_1_812' title='bbox 2886 5056 3352 5135; x_wconf 37' lang='lat' dir='ltr'><strong>A_ltil_Avit.&#39;lib.</strong></span> <span class='ocrx_word' id='word_1_813' title='bbox 3384 5080 3455 5135; x_wconf 70' lang='grc' dir='ltr'><strong>ιι,</strong></span> 
     </span>
    </p>
   </div>
   <div class='ocr_carea' id='block_1_113' title="bbox 1863 5125 3112 5199">
    <p class='ocr_par' dir='ltr' id='par_1_113' title="bbox 1863 5125 3112 5199">
     <span class='ocr_line' id='line_1_113' title="bbox 1863 5125 3112 5199; baseline 0.003 -16"><span class='ocrx_word' id='word_1_814' title='bbox 1863 5127 2126 5199; x_wconf 30' lang='lat' dir='ltr'><strong>nuntia,</strong></span> <span class='ocrx_word' id='word_1_815' title='bbox 2151 5135 2208 5183; x_wconf 93' lang='lat' dir='ltr'><strong>et</strong></span> <span class='ocrx_word' id='word_1_816' title='bbox 2234 5127 2302 5199; x_wconf 80' lang='lat' dir='ltr'><strong>ad</strong></span> <span class='ocrx_word' id='word_1_817' title='bbox 2331 5125 2727 5199; x_wconf 8' lang='lat' dir='ltr'><strong>Symma_c.olib.</strong></span> <span class='ocrx_word' id='word_1_818' title='bbox 2758 5147 2812 5197; x_wconf 92' lang='lat' dir='ltr'><strong>x,</strong></span> <span class='ocrx_word' id='word_1_819' title='bbox 2839 5132 2993 5199; x_wconf 89' lang='lat' dir='ltr'><strong>epist.</strong></span> <span class='ocrx_word' id='word_1_820' title='bbox 3025 5131 3112 5187; x_wconf 73' lang='lat'><strong>52.</strong></span> 
     </span>
    </p>
   </div>
   <div class='ocr_carea' id='block_1_114' title="bbox 1937 5196 3458 5273">
    <p class='ocr_par' dir='ltr' id='par_1_114' title="bbox 1937 5196 3458 5273">
     <span class='ocr_line' id='line_1_114' title="bbox 1937 5196 3458 5273; baseline 0.006 -23"><span class='ocrx_word' id='word_1_821' title='bbox 1937 5208 1961 5238; x_wconf 80' lang='grc' dir='ltr'><strong>ο</strong></span> <span class='ocrx_word' id='word_1_822' title='bbox 1995 5197 2061 5253; x_wconf 87' lang='lat' dir='ltr'><strong>Hi</strong></span> <span class='ocrx_word' id='word_1_823' title='bbox 2088 5196 2414 5273; x_wconf 72' lang='grc' dir='ltr'><strong>περιοδευτάλ</strong></span> <span class='ocrx_word' id='word_1_824' title='bbox 2448 5211 2480 5250; x_wconf 90' lang='lat' dir='ltr'><strong>a</strong></span> <span class='ocrx_word' id='word_1_825' title='bbox 2509 5196 3109 5273; x_wconf 77' lang='lat' dir='ltr'><strong>Modestino_dicuntur,</strong></span> <span class='ocrx_word' id='word_1_826' title='bbox 3158 5202 3193 5256; x_wconf 92' lang='lat' dir='ltr'><strong>l.</strong></span> <span class='ocrx_word' id='word_1_827' title='bbox 3238 5218 3317 5273; x_wconf 78' lang='lat' dir='ltr'><strong>vr,</strong></span> <span class='ocrx_word' id='word_1_828' title='bbox 3368 5203 3458 5260; x_wconf 68' lang='lat' dir='ltr'><strong>De</strong></span> 
     </span>
    </p>
   </div>
   <div class='ocr_carea' id='block_1_115' title="bbox 1862 5269 3457 5341">
    <p class='ocr_par' dir='ltr' id='par_1_115' title="bbox 1862 5269 3457 5341">
     <span class='ocr_line' id='line_1_115' title="bbox 1862 5269 3457 5341; baseline 0.005 -19"><span class='ocrx_word' id='word_1_829' title='bbox 1862 5285 2038 5324; x_wconf 71' lang='lat' dir='ltr'><strong>excita.</strong></span> <span class='ocrx_word' id='word_1_830' title='bbox 2065 5269 2202 5341; x_wconf 61' lang='lat' dir='ltr'><strong>tuti;</strong></span> <span class='ocrx_word' id='word_1_831' title='bbox 2244 5275 2300 5320; x_wconf 91' lang='lat' dir='ltr'><strong>et</strong></span> <span class='ocrx_word' id='word_1_832' title='bbox 2330 5271 2767 5341; x_wconf 70' lang='grc' dir='ltr'><strong>περιερχρμένους</strong></span> <span class='ocrx_word' id='word_1_833' title='bbox 2808 5269 2981 5326; x_wconf 88' lang='lat' dir='ltr'><strong>Lucas</strong></span> <span class='ocrx_word' id='word_1_834' title='bbox 3031 5280 3191 5328; x_wconf 86' lang='lat' dir='ltr'><strong>vocat</strong></span> <span class='ocrx_word' id='word_1_835' title='bbox 3218 5272 3457 5330; x_wconf 85' lang='lat' dir='ltr'><strong>Actnum</strong></span> 
     </span>
    </p>
   </div>
   <div class='ocr_carea' id='block_1_116' title="bbox 1866 5333 3452 5408">
    <p class='ocr_par' dir='ltr' id='par_1_116' title="bbox 1866 5333 3452 5408">
     <span class='ocr_line' id='line_1_116' title="bbox 1866 5333 3452 5408; baseline 0.004 -15"><span class='ocrx_word' id='word_1_836' title='bbox 1866 5338 2239 5408; x_wconf 85' lang='lat' dir='ltr'><strong>apostolorum</strong></span> <span class='ocrx_word' id='word_1_837' title='bbox 2277 5333 2900 5408; x_wconf 12' lang='lat' dir='ltr'><strong>cap._&#39;ixi&#39;x&#39;?&#39;circnibant</strong></span> <span class='ocrx_word' id='word_1_838' title='bbox 2937 5342 3077 5396; x_wconf 91' lang='lat' dir='ltr'><strong>enim</strong></span> <span class='ocrx_word' id='word_1_839' title='bbox 3109 5351 3164 5395; x_wconf 92' lang='lat' dir='ltr'><strong>et</strong></span> <span class='ocrx_word' id='word_1_840' title='bbox 3191 5343 3452 5399; x_wconf 84' lang='lat' dir='ltr'><strong>obambu-</strong></span> 
     </span>
    </p>
   </div>
   <div class='ocr_carea' id='block_1_117' title="bbox 1867 5405 3460 5483">
    <p class='ocr_par' dir='ltr' id='par_1_117' title="bbox 1867 5405 3460 5483">
     <span class='ocr_line' id='line_1_117' title="bbox 1867 5405 3460 5483; baseline 0.003 -21"><span class='ocrx_word' id='word_1_841' title='bbox 1867 5405 2058 5483; x_wconf 82' lang='lat' dir='ltr'><strong>labant</strong></span> <span class='ocrx_word' id='word_1_842' title='bbox 2083 5406 2242 5483; x_wconf 79' lang='lat' dir='ltr'><strong>urbes</strong></span> <span class='ocrx_word' id='word_1_843' title='bbox 2283 5405 2496 5470; x_wconf 87' lang='lat' dir='ltr'><strong>medici,</strong></span> <span class='ocrx_word' id='word_1_844' title='bbox 2538 5416 2598 5461; x_wconf 91' lang='lat' dir='ltr'><strong>ut</strong></span> <span class='ocrx_word' id='word_1_845' title='bbox 2636 5423 2704 5463; x_wconf 89' lang='lat' dir='ltr'><strong>ex</strong></span> <span class='ocrx_word' id='word_1_846' title='bbox 2732 5409 2852 5478; x_wconf 90' lang='lat' dir='ltr'><strong>lege</strong></span> <span class='ocrx_word' id='word_1_847' title='bbox 2880 5409 3216 5482; x_wconf 81' lang='lat' dir='ltr'><strong>Hippocratis</strong></span> <span class='ocrx_word' id='word_1_848' title='bbox 3242 5413 3460 5483; x_wconf 73' lang='lat' dir='ltr'><strong>colligi-</strong></span> 
     </span>
    </p>
   </div>
   <div class='ocr_carea' id='block_1_118' title="bbox 1867 5478 3454 5554">
    <p class='ocr_par' dir='ltr' id='par_1_118' title="bbox 1867 5478 3454 5554">
     <span class='ocr_line' id='line_1_118' title="bbox 1867 5478 3454 5554; baseline 0.005 -22"><span class='ocrx_word' id='word_1_849' title='bbox 1867 5487 1973 5554; x_wconf 78' lang='lat' dir='ltr'><strong>t_ur,</strong></span> <span class='ocrx_word' id='word_1_850' title='bbox 2004 5479 2096 5554; x_wconf 67' lang='grc' dir='ltr'><strong>τᾲς</strong></span> <span class='ocrx_word' id='word_1_851' title='bbox 2126 5478 2308 5554; x_wconf 58' lang='lat' dir='ltr'><strong>«alia;</strong></span> <span class='ocrx_word' id='word_1_852' title='bbox 2349 5485 2763 5554; x_wconf 18' lang='lat' dir='ltr'><strong>99t1¢§Vt££_p.ﬁ5</strong></span> <span class='ocrx_word' id='word_1_853' title='bbox 2789 5483 2917 5554; x_wconf 56' lang='grc' dir='ltr'><strong>λόγῳ</strong></span> <span class='ocrx_word' id='word_1_854' title='bbox 2948 5478 3168 5554; x_wconf 40' lang='grc' dir='ltr'><strong>’μοῦνοι</strong></span> <span class='ocrx_word' id='word_1_855' title='bbox 3193 5485 3318 5539; x_wconf 79' lang='grc' dir='ltr'><strong>ἀλλὰ</strong></span> <span class='ocrx_word' id='word_1_856' title='bbox 3365 5478 3454 5540; x_wconf 59' lang='lat' dir='ltr'><strong>aia!</strong></span> 
     </span>
    </p>
   </div>
   <div class='ocr_carea' id='block_1_119' title="bbox 1863 5506 3458 5631">
    <p class='ocr_par' dir='ltr' id='par_1_119' title="bbox 1863 5506 3458 5631">
     <span class='ocr_line' id='line_1_119' title="bbox 1867 5506 3454 5554; baseline 0.005 -22"><span class='ocrx_word' id='word_1_857' title='bbox 1867 5506 1973 5543; x_wconf 72' lang='lat' dir='ltr'><strong>sur,</strong></span> <span class='ocrx_word' id='word_1_858' title='bbox 2004 5506 2095 5538; x_wconf 73' lang='grc' dir='ltr'><strong>τας</strong></span> <span class='ocrx_word' id='word_1_859' title='bbox 2126 5506 2308 5538; x_wconf 62' lang='grc' dir='ltr'><strong>ποίησις</strong></span> <span class='ocrx_word' id='word_1_860' title='bbox 2349 5506 2633 5548; x_wconf 55' lang='lat' dir='ltr'><strong>quarunt“;</strong></span> <span class='ocrx_word' id='word_1_861' title='bbox 2672 5506 2746 5549; x_wconf 82' lang='grc' dir='ltr'><strong>μη</strong></span> <span class='ocrx_word' id='word_1_862' title='bbox 2791 5506 2917 5554; x_wconf 69' lang='grc' dir='ltr'><strong>Λογῳ</strong></span> <span class='ocrx_word' id='word_1_863' title='bbox 3007 5506 3147 5536; x_wconf 83' lang='grc' dir='ltr'><strong>ουνον</strong></span> <span class='ocrx_word' id='word_1_864' title='bbox 3193 5506 3318 5539; x_wconf 78' lang='grc' dir='ltr'><strong>αΑΛα</strong></span> <span class='ocrx_word' id='word_1_865' title='bbox 3365 5506 3454 5540; x_wconf 74' lang='grc' dir='ltr'><strong>και</strong></span> 
     </span>
     <span class='ocr_line' id='line_1_120' title="bbox 1863 5506 3458 5631; baseline 0.005 -28"><span class='ocrx_word' id='word_1_866' title='bbox 1863 5548 2000 5631; x_wconf 64' lang='grc' dir='ltr'><strong>ἔργῳ</strong></span> <span class='ocrx_word' id='word_1_867' title='bbox 2031 5550 2236 5631; x_wconf 58' lang='grc' dir='ltr'><strong>ἰαῖρρὺς</strong></span> <span class='ocrx_word' id='word_1_868' title='bbox 2266 5551 2576 5631; x_wconf 56' lang='grc' dir='ltr'><strong>νομίζεσθοει.</strong></span> <span class='ocrx_word' id='word_1_869' title='bbox 2605 5549 2697 5631; x_wconf 81' lang='lat' dir='ltr'><strong>Sic</strong></span> <span class='ocrx_word' id='word_1_870' title='bbox 2718 5506 3020 5631; x_wconf 55' lang='lat' dir='ltr'><strong>philosOplii</strong></span> <span class='ocrx_word' id='word_1_871' title='bbox 3050 5568 3108 5608; x_wconf 88' lang='lat' dir='ltr'><strong>se</strong></span> <span class='ocrx_word' id='word_1_872' title='bbox 3147 5551 3458 5622; x_wconf 86' lang='lat' dir='ltr'><strong>frequentes</strong></span> 
     </span>
    </p>
   </div>
   <div class='ocr_carea' id='block_1_120' title="bbox 1869 5616 3455 5687">
    <p class='ocr_par' dir='ltr' id='par_1_120' title="bbox 1869 5616 3455 5687">
     <span class='ocr_line' id='line_1_121' title="bbox 1869 5616 3455 5687; baseline 0.004 -15"><span class='ocrx_word' id='word_1_873' title='bbox 1869 5616 2032 5687; x_wconf 83' lang='lat' dir='ltr'><strong>atque</strong></span> <span class='ocrx_word' id='word_1_874' title='bbox 2059 5616 2218 5672; x_wconf 83' lang='lat' dir='ltr'><strong>utiles</strong></span> <span class='ocrx_word' id='word_1_875' title='bbox 2246 5631 2343 5687; x_wconf 88' lang='lat' dir='ltr'><strong>per</strong></span> <span class='ocrx_word' id='word_1_876' title='bbox 2383 5617 2625 5687; x_wconf 71' lang='lat' dir='ltr'><strong>eamdem</strong></span> <span class='ocrx_word' id='word_1_877' title='bbox 2653 5616 2952 5675; x_wconf 81' lang='lat' dir='ltr'><strong>studiorum</strong></span> <span class='ocrx_word' id='word_1_878' title='bbox 2996 5633 3197 5678; x_wconf 88' lang='lat' dir='ltr'><strong>sectam</strong></span> <span class='ocrx_word' id='word_1_879' title='bbox 3226 5616 3455 5679; x_wconf 77' lang='lat' dir='ltr'><strong>conten-</strong></span> 
     </span>
    </p>
   </div>
   <div class='ocr_carea' id='block_1_121' title="bbox 1867 5684 3458 5758">
    <p class='ocr_par' dir='ltr' id='par_1_121' title="bbox 1867 5684 3458 5758">
     <span class='ocr_line' id='line_1_122' title="bbox 1867 5684 3458 5758; baseline 0.004 -16"><span class='ocrx_word' id='word_1_880' title='bbox 1867 5684 2118 5758; x_wconf 77' lang='lat' dir='ltr'><strong>dentibus</strong></span> <span class='ocrx_word' id='word_1_881' title='bbox 2139 5684 2406 5758; x_wconf 68' lang='lat' dir='ltr'><strong>praebere,</strong></span> <span class='ocrx_word' id='word_1_882' title='bbox 2453 5684 2489 5739; x_wconf 93' lang='lat' dir='ltr'><strong>l.</strong></span> <span class='ocrx_word' id='word_1_883' title='bbox 2517 5685 2572 5754; x_wconf 90' lang='lat'><strong>8,</strong></span> <span class='ocrx_word' id='word_1_884' title='bbox 2612 5687 2680 5758; x_wconf 72' lang='lat' dir='ltr'><strong>In</strong></span> <span class='ocrx_word' id='word_1_885' title='bbox 2710 5691 3005 5758; x_wconf 81' lang='lat' dir='ltr'><strong>honoribus,</strong></span> <span class='ocrx_word' id='word_1_886' title='bbox 3061 5693 3122 5747; x_wconf 91' lang='lat' dir='ltr'><strong>D.</strong></span> <span class='ocrx_word' id='word_1_887' title='bbox 3169 5692 3250 5747; x_wconf 84' lang='lat' dir='ltr'><strong>De</strong></span> <span class='ocrx_word' id='word_1_888' title='bbox 3280 5704 3458 5748; x_wconf 66' lang='lat' dir='ltr'><strong>uacat.</strong></span> 
     </span>
    </p>
   </div>
   <div class='ocr_carea' id='block_1_122' title="bbox 1869 5754 3460 5883">
    <p class='ocr_par' dir='ltr' id='par_1_122' title="bbox 1869 5754 3460 5883">
     <span class='ocr_line' id='line_1_123' title="bbox 1869 5754 3460 5883; baseline 0.004 -73"><span class='ocrx_word' id='word_1_889' title='bbox 1869 5755 2250 5883; x_wconf 40' lang='lat' dir='ltr'><strong>aani‘osgdas</strong></span> <span class='ocrx_word' id='word_1_890' title='bbox 2293 5755 2347 5811; x_wconf 90' lang='lat' dir='ltr'><strong>in</strong></span> <span class='ocrx_word' id='word_1_891' title='bbox 2376 5754 2698 5828; x_wconf 75' lang='grc' dir='ltr'><strong>δημοσιεύως</strong></span> <span class='ocrx_word' id='word_1_892' title='bbox 2738 5754 3056 5829; x_wconf 83' lang='lat' dir='ltr'><strong>Nomocan.,</strong></span> <span class='ocrx_word' id='word_1_893' title='bbox 3105 5763 3190 5818; x_wconf 90' lang='lat' dir='ltr'><strong>tit.</strong></span> <span class='ocrx_word' id='word_1_894' title='bbox 3225 5763 3276 5830; x_wconf 79' lang='lat' dir='ltr'><strong>t,</strong></span> <span class='ocrx_word' id='word_1_895' title='bbox 3325 5781 3460 5834; x_wconf 64' lang='lat' dir='ltr'><strong>cap-</strong></span> 
     </span>
    </p>
   </div>
  </div>
