3974 6392
185 315 289 378 705

1434 317 1799 379 VARIARUM
1837 317 2043 378 LIBER
2078 319 2170 378 Vl!

3381 322 3488 381 706

178 433 369 494 omnia
394 432 474 491 sic
499 447 663 505 agere
686 433 897 502 nitaris,
921 433 1377 505 quemadmodum
1402 450 1504 492 nos
1530 435 1628 492 tibi
1655 449 1789 506 prae-
1816 443 1861 498 Α
1890 435 2115 491 mercia.
2141 434 2374 489 Praestas
2401 433 2706 492 ementibus
2746 433 2814 492 de
2843 434 3019 507 pretio
3053 450 3186 506 suo;
3216 444 3273 495 et
3299 437 3488 507 gratias

182 526 393 583 stitisse
414 524 723 595 cognoscis.
754 524 832 581 De
853 525 1115 597 proximis
1141 516 1269 581 vota
1297 525 1635 582 causantium
1664 540 1787 581 sus-

182 617 461 674 tinemus:
492 616 620 672 inde
668 624 850 672 autem
881 618 1025 673 ultro
1046 618 1387 689 requirimus,
1419 618 1561 674 unde
1590 618 1657 673 ad
1689 632 1791 675 nos

185 708 417 766 difﬁcile
435 708 609 765 veniri
649 723 811 779 posse
838 709 1120 765 sentimus.
1172 709 1353 766 Habes
1390 726 1510 781 quae
1542 718 1593 765 te
1620 710 1788 765 deco—

182 817 312 859 rare
338 801 598 869 debeam,
624 802 672 856 si
701 809 759 856 tu
801 809 982 856 tamen
1013 801 1085 856 ibi
1130 800 1464 858 conscientia
1499 800 1791 857 defaecatus

183 892 498 955 adveneris.
546 891 779 947 Militum
824 892 923 948 tibi
966 907 1225 948 numerus
1274 892 1474 948 nostris
1500 892 1669 948 servit
1693 906 1789 947 ex-

183 984 393 1058 pensis.
426 981 690 1039 Redderis
729 983 870 1039 inter
896 997 1047 1038 arma
1076 974 1363 1053 geniatus:
1393 983 1669 1055 processio
1699 991 1789 1038 tua

185 1074 575 1146 procinctualis
597 1082 822 1132 ornatus
841 1082 945 1131 est.
975 1073 1233 1131 Exercitu
1261 1074 1431 1131 uteris
1450 1082 1666 1146 pacato,
1688 1089 1792 1132 nec

185 1165 433 1237 pericula
458 1165 586 1221 belli
620 1165 797 1232 subis,
839 1173 897 1221 et
922 1179 1198 1221 armorum
1244 1180 1445 1237 pompa
1490 1164 1787 1221 decoraris.

186 1255 392 1313 Verum
440 1255 584 1311 inter
623 1255 741 1314 haec
786 1256 999 1313 civilem
1046 1256 1224 1326 cogita
1269 1255 1630 1327 disciplinam.
1670 1255 1792 1314 Non

186 1344 479 1417 permittas
506 1343 705 1401 milites
730 1359 851 1401 esse
878 1344 1286 1416 possessoribus
1328 1346 1644 1403 insolentes.
1675 1344 1789 1402 An-

186 1453 366 1497 nonas
392 1454 520 1499 suas
541 1439 644 1494 sub
667 1438 1047 1496 moderatione
1085 1439 1417 1511 percipiant;
1464 1440 1642 1496 causis
1680 1455 1791 1497 non

187 1531 526 1589 misceantur
579 1532 871 1588 extraneis.
931 1530 1039 1589 Pro
1093 1532 1386 1588 securitate
1440 1547 1501 1588 se
1546 1531 1790 1588 omnium

187 1634 488 1700 cognoscat
536 1626 792 1695 electum,
830 1628 923 1699 qui
965 1643 1027 1684 se
1064 1627 1329 1697 gloriatur
1376 1626 1579 1683 habere
1614 1641 1793 1682 arma-

190 1731 332 1779 tum.
362 1717 649 1788 Privilegia
697 1716 972 1788 dignitatis
1019 1725 1126 1772 tuae
1151 1732 1254 1773 nec
1303 1715 1556 1773 volumus
1601 1715 1790 1784 minui,

1892 537 1997 583 tua:
2021 526 2237 598 proficit
2264 525 2409 597 quod
2433 527 2621 583 avidus
2650 537 2922 584 mercator
2945 528 3194 600 acquirit.
3212 528 3319 586 Sed
3348 530 3491 586 inter

1890 616 2005 673 haec
2018 617 2294 687 -ριωιειιιη
2323 617 2536 687 fastigia
2565 619 2827 688 optimum
2855 634 2977 679 esse
3024 620 3262 690 judicem
3307 621 3488 689 decet,

1889 710 2110 781 quando
2137 724 2198 764 se
2223 725 2330 764 non
2360 718 2542 782 potest
2571 710 2845 776 occulere,
2876 710 2967 779 qui
2995 710 3136 766 inter
3180 710 3493 781 frequentes

1890 802 2119 873 populos
2146 802 2493 870 cognoscitur
2514 801 2782 859 habitare.
2804 801 3029 859 Factum
3063 812 3209 858 tuum
3240 804 3344 860 erit
3373 821 3494 861 ser-

1890 910 1982 951 mo
2010 894 2265 960 civitatis,
2290 894 2417 948 dum
2447 908 2545 964 per
2568 909 2665 949 ora
2687 892 2858 949 fertur
2878 892 3062 963 populi
3084 894 3228 963 quod
3256 910 3287 949 a
3311 893 3493 965 judice

1890 986 2181 1056 contigerit
2209 986 2438 1041 actitari.
2473 983 2650 1041 Habet
2702 985 2964 1041 ultionem
3013 1002 3166 1042 suam
3215 987 3494 1043 hominum

1891 1078 2215 1147 frequentia,
2246 1077 2289 1133 si
2317 1077 2507 1147 loquar
2534 1075 2672 1151 [alii,
2705 1074 3017 1148 loquantur]
3062 1076 3317 1145 adversa;
3342 1086 3398 1134 et
3426 1076 3497 1134 de

1886 1167 2070 1238 judice
2093 1166 2354 1236 judicium
2385 1180 2505 1221 esse
2532 1165 2792 1231 creditur,
2839 1165 2985 1234 quod
3027 1166 3211 1221 multis
3238 1167 3496 1237 astipula-

1893 1260 2131 1315 tionibus
2158 1266 2502 1330 personatur.
2532 1254 2752 1323 Contra,
2777 1257 2907 1327 quid
2934 1258 3128 1313 melius
3156 1274 3317 1330 quam
3346 1259 3497 1314 illum

1891 1350 2153 1422 populum
2183 1359 2396 1421 gratum
2447 1351 2739 1421 respicere,
2791 1351 2878 1407 cui
2923 1354 3500 1429 cognoscerisrprcsi-

1893 1440 2063 1499 dere?
2106 1441 2276 1509 Quale
2318 1450 2402 1498 est
2448 1441 2648 1514 perfrui
2679 1441 2867 1499 favore
2910 1445 3225 1511 multorum,
3274 1452 3328 1501 et
3378 1446 3499 1502 illas

1892 1547 2058 1588 voces
2086 1532 2357 1602 accipere,
2402 1546 2537 1601 quas
2564 1540 2622 1588 et
2648 1532 2945 1588 clementes
2972 1534 3224 1591 dominos
3264 1535 3501 1591 delectat

1893 1623 2116 1681 audire!
2144 1623 2255 1681 Nos
2285 1624 2379 1680 tibi
2410 1622 2731 1695 proﬁciendi
2766 1626 3048 1680 materiam
3079 1626 3271 1682 damus
3303 1644 3318 1681 :
3350 1636 3503 1683 tuum

1894 1727 1981 1775 est
2008 1719 2087 1775 sic
2133 1731 2326 1787 agere,
2374 1726 2437 1773 ut
2473 1732 2570 1774 sua
2618 1715 2880 1774 beneﬁcia
2924 1719 3223 1791 principem
3269 1721 3506 1778 delectet

190 1824 297 1866 nec
328 1809 582 1881 iubemus
621 1807 832 1865 excedi.
893 1804 1140 1863 Sufﬁciat
1185 1806 1281 1861 tibi
1331 1813 1541 1861 tantum
1578 1818 1789 1875 gerere,
1828 1820 1869 1880 ῃ
1897 1822 2116 1879 augere.

189 1906 458 1972 quantum
505 1897 822 1955 decessores
870 1904 995 1955 tuos
1043 1896 1351 1955 constiterit
1398 1893 1791 1952 rationabiliter

190 1993 461 2050 eil'ecisse.
568 1992 575 1999 '

395 2165 582 2221 XXIII.
615 2181 864 2223 renuunt
891 2181 1165 2223 οοιιιτινιε
1196 2182 1603 2223 senatumin.

272 2296 421 2352 Inter
446 2304 643 2353 caetera
693 2295 976 2352 vetustatis
1019 2295 1263 2362 inventa,
1315 2302 1373 2351 et
1420 2293 1794 2351 ordinatarum

194 2404 383 2446 rerum
411 2387 748 2459 obstupenda
794 2388 1084 2459 praeconia,
1137 2388 1245 2444 hoc
1292 2387 1503 2443 cunctis
1548 2385 1798 2442 laudibus

196 2488 442 2536 meretur
468 2479 669 2546 ellerri,
702 2480 848 2549 quod
898 2480 1232 2535 diversarum
1277 2479 1558 2535 civitatum
1599 2477 1797 2535 decora

196 2571 371 2628 facies
397 2570 539 2641 aptis
566 2570 1121 2628 administrationibus
1165 2570 1380 2626 videtur
1407 2570 1610 2636 ornari,
1659 2575 1720 2624 ut
1744 2574 1802 2624 et

201 2671 506 2720 conventus
533 2662 795 2719 nobilium
824 2662 1146 2725 occursione
1173 2662 1378 2719 celebri
1402 2662 1705 2733 colligatur,
1746 2666 1802 2716 et

200 2767 493 2809 causarum
541 2751 672 2810 nodi
713 2753 853 2824 juris
879 2753 1274 2824 disceptatione
1316 2753 1616 2810 solvantur.
1649 2750 1803 2808 Unde

200 2859 303 2905 nso
328 2859 548 2916 quoque
572 2861 680 2901 non
727 2846 992 2901 minorem
1018 2845 1246 2915 gloriam
1287 2844 1489 2900 habere
1516 2843 1804 2914 cognosci-

201 2949 350 3001 mur,
381 2935 475 3004 qui
505 2935 645 2992 facta
672 2944 921 2991 veterum
947 2936 1141 2992 annuis
1187 2934 1621 2991 solemnitatibus
1648 2934 1804 2989 inno-

201 3038 420 3080 vatnus.
442 3023 576 3080 Nam
606 3024 733 3095 quid
764 3024 1047 3095 prodesset
1073 3026 1374 3092 inventum,
1401 3026 1448 3080 si
1476 3039 1586 3079 non
1613 3022 1806 3079 fuisset

201 3114 405 3186 iugiter
432 3116 798 3172 custoditum?
840 3114 1057 3172 Exeunt
1096 3131 1128 3173 a
1156 3117 1314 3174 nobis
1342 3116 1630 3187 dignitates
1657 3116 1804 3171 relu-

202 3215 417 3278 centes,
462 3207 615 3279 quasi
640 3223 673 3263 a
700 3208 818 3265 sole
862 3208 1000 3264 radii
1029 3208 1160 3282 [ed.,
1192 3223 1223 3264 a
1252 3208 1385 3265 solis
1409 3203 1617 3278 radiis],

204 3300 358 3356 orbis
382 3301 552 3357 nostri
582 3309 739 3372 parte
765 3300 1111 3373 resplendeat
1129 3301 1399 3358 custodita
1423 3300 1654 3370 justitia.
1677 3298 1811 3357 Ideo

207 3394 357 3450 enim
388 3401 472 3450 tot
494 3393 985 3451 emolumentorum
1014 3394 1299 3450 commoda
1327 3395 1583 3465 serimus,
1629 3402 1691 3451 ut
1717 3409 1809 3451 se-

206 3485 499 3542 curitatem
537 3483 949 3557 provincialium
995 3483 1332 3555 colligamus.
1387 3485 1577 3542 Messis
1619 3494 1807 3542 nostra

208 3583 534 3635 cunctorum
561 3574 717 3646 quies
742 3582 845 3643 est,
879 3589 1040 3645 quam
1070 3589 1182 3631 non
1228 3590 1519 3647 possumus
1543 3575 1701 3632 aliter
1725 3590 1814 3631 re-

208 3666 449 3734 cordari,
486 3667 644 3740 109
668 3667 773 3723 nisi
802 3674 862 3722 ut
889 3665 1117 3737 subjecti
1158 3682 1269 3722 non
1297 3665 1583 3723 videantur
1610 3664 1815 3736 aliquid

208 3756 659 3817 irrationabiliter
684 3758 1000 3831 perdidisse.
1047 3755 1119 3813 Et
1163 3757 1286 3815 ideo
1312 3757 1380 3814 ad
1421 3756 1729 3815 comitivam
1758 3763 1814 3814 te

210 3850 629 3922 Neapolitanum
673 3864 774 3922 per
809 3849 954 3904 illam
1002 3848 1351 3905 indictionem
1380 3848 1614 3905 libenter
1640 3847 1814 3905 addu-

215 3944 417 4012 cimus,
441 3951 502 3998 ιιι
529 3942 706 3999 civilia
734 3942 954 4012 negotia
981 3956 1169 4013 :equus
1196 3942 1490 3999 trutinator
1514 3941 1813 4007 examines,

211 4041 534 4105 tantumque
561 4031 761 4091 famam
792 4042 940 4088 tuam
967 4032 1151 4087 habita
1183 4031 1500 4088 maturitate
1519 4029 1812 4096 custodias,

213 4132 480 4196 quantum
533 4131 588 4179 te
633 4123 712 4179 illi
740 4122 943 4194 pepulo
985 4121 1073 4177 vel
1098 4122 1154 4178 in
1182 4120 1287 4177 levi
1317 4120 1476 4192 culpa
1523 4116 1681 4177 facile
1708 4117 1818 4174 dis-

211 4213 421 4286 plicere
448 4226 762 4283 cognoscas.
823 4211 960 4268 Urbs
1001 4219 1194 4268 ornata
1220 4211 1564 4267 multitudine
1593 4209 1813 4274 civium,

210 4305 502 4361 abundans
552 4304 775 4361 marinis
819 4304 1157 4375 terrenisque
1186 4303 1411 4371 deliciis,
1462 4309 1522 4359 ιιι
1563 4301 1817 4358 dulcissi-

209 4412 361 4457 mam
389 4398 557 4453 vitam
586 4404 640 4452 te
666 4395 868 4452 ibidem
914 4395 1185 4451 invenisse
1231 4393 1518 4464 dijudices,
1564 4392 1611 4449 si
1657 4390 1819 4447 nullis

207 4486 670 4545 amaritudinibus
713 4485 1015 4542 miscearis.
1064 4482 1326 4540 Praetoris
1370 4489 1463 4538 tua
1504 4480 1682 4538 ollicia
1729 4495 1819 4537 re-

1913 1916 2105 1978 XXIV.
2133 1937 2382 1980 ιοιιιιιιλ
2414 1939 2715 1981 ιιοιιοιιΑτ-ιε
2742 1940 3143 1981 Ροεειεεεοιιιθυε
3185 1940 3255 1981 ET
3292 1939 3480 1982 CERIA-

2258 2010 2409 2050 LIBUS
2437 2011 2700 2051 CIVITA‘I'IS
2725 2011 3136 2052 NEAPOLI'I‘ANE.

1964 2079 2189 2138 Tributa
2216 2083 2436 2154 quidem
2458 2084 2615 2140 nobis
2636 2099 2815 2141 annua
2842 2086 3134 2142 devotione
3162 2084 3501 2157 persolvitis:

1892 2171 1992 2229 sed
2018 2188 2120 2229 nos
2156 2172 2366 2244 majore
2392 2174 2762 2231 vicissitudine
2788 2175 3017 2231 decoras
3047 2176 3200 2232 vobis
3227 2175 3505 2232 reddimus

1894 2264 2203 2335 dignitates,
2253 2273 2316 2321 ut
2364 2280 2464 2323 vos
2494 2266 2564 2322 ab
2594 2266 2984 2322 incursantium
3033 2267 3296 2338 pravitate
3321 2265 3508 2322 defen-

1896 2356 2029 2412 dant
2066 2357 2162 2428 qui
2207 2358 2412 2413 nostris
2449 2356 2784 2429 jussionibus
2812 2357 3200 2415 obsecundant.
3251 2355 3367 2413 Erit
3402 2371 3506 2413 no-

1897 2456 2068 2507 strum
2096 2449 2351 2519 gaudium
2373 2458 2553 2507 vestra
2579 2451 2767 2522 quies:
2790 2466 2956 2507 suave
2981 2451 3210 2518 lucrum,
3238 2451 3282 2507 si
3306 2451 3509 2507 nescia-

1901 2538 1969 2594 tis
2024 2538 2451 2595 incommodum.
2507 2537 2696 2609 Degite
2745 2539 2987 2596 moribus
3037 2540 3354 2612 compositis
3378 2579 3395 2607 ,
3448 2549 3509 2594 ut
3616 2572 3619 2575 -

1901 2631 2095 2689 vivatis
2140 2631 2347 2701 legibus
2394 2631 2622 2686 feriatis.
2674 2629 2816 2698 Quid
2863 2647 3001 2702 opus
3050 2640 3133 2687 est
3180 2645 3508 2702 quemquam

1901 2722 2105 2792 facere,
2135 2723 2279 2779 unde
2319 2738 2506 2794 pmnas
2534 2724 2704 2794 possit
2734 2723 3048 2778 incurrere?
3095 2723 3317 2790 Qumrat
3341 2722 3510 2791 judex

1903 2814 1960 2869 in
1988 2829 2086 2869 vos
2120 2828 2334 2879 causas,
2365 2822 2422 2869 et
2451 2829 2557 2869 non
2588 2814 2846 2869 inveniat.
2894 2812 3055 2869 Ratio
3096 2822 3277 2869 motus
3301 2821 3513 2869 vestros

1903 2915 2215 2979 componat,
2266 2907 2359 2978 qui
2404 2907 2701 2963 rationales
2726 2923 2825 2963 vos
2862 2922 2983 2963 esse
3012 2906 3357 2976 cognoscitis.
3404 2905 3513 2961 lm-

1902 3000 2087 3071 probis
2111 2999 2367 3069 judicem,
2389 3008 2587 3056 testem
2615 3001 2772 3055 bonis
2799 3000 3040 3055 moribus
3062 2998 3420 3064 destinamus,
3453 3006 3514 3053 ut

1906 3106 2068 3146 nemo
2104 3105 2164 3146 se
2190 3090 2312 3160 cogi
2340 3091 2561 3159 sentiat,
2607 3089 2709 3145 nisi
2738 3105 2902 3161 quem
2940 3089 3074 3145 ordo
3102 3089 3355 3161 legitimae
3379 3103 3516 3144 con-

1664 3213 1727 3262 ιη
1753 3205 1808 3261 in
1835 3198 1880 3267 ο
1911 3179 2233 3236 versationis
2278 3187 2519 3235 accusat.
2553 3179 2729 3249 Atque
2776 3178 2901 3235 ideo
2949 3178 3024 3234 illi
3067 3194 3170 3235 nos
3198 3177 3511 3235 comitivam

1912 3268 2281 3341 Neapolitana:
2308 3269 2544 3328 civitatis
2573 3286 2671 3342 per
2713 3270 2856 3325 illam
2907 3268 3260 3325 indictionem
3300 3267 3515 3326 dedisse

1911 3360 2267 3427 declaramus,
2320 3368 2379 3417 ut
2406 3368 2591 3417 nostra
2617 3360 3007 3432 gubernatione
3051 3359 3321 3430 laudatus,
3369 3359 3511 3415 alte-

1911 3468 2029 3510 ram
2062 3458 2338 3507 mereatur
2373 3451 2443 3507 de
2476 3458 2667 3507 nostro
2692 3449 2896 3521 judicio
2924 3447 3263 3520 dignitatem.
3293 3446 3392 3504 Cui
3413 3462 3516 3505 vos

1917 3543 2177 3601 convenit
2197 3543 2490 3615 prudenter
2509 3543 2749 3610 obedire,
2780 3541 2907 3613 quia
2935 3550 3226 3611 utrumque
3245 3538 3517 3597 laudabile

1913 3643 2017 3703 est,
2067 3641 2129 3691 ut
2165 3635 2342 3691 bonus
2370 3634 2605 3706 populus
2642 3633 2880 3705 iudicem
2907 3631 3202 3703 benignum
3244 3630 3431 3699 faciat,
3458 3638 3519 3687 et

1914 3734 2229 3783 mansuetus
2251 3725 2419 3797 judex
2449 3726 2815 3797 gratissimum
2845 3725 3110 3798 populum
3151 3723 3401 3797 aequabili
3428 3737 3520 3780 ra-

1914 3814 2065 3872 tione
2088 3822 2402 3887 componat.

2333 3925 2499 3984 XXV.
2530 3944 2778 3985 roseum
2809 3945 3100 3987 ιιιιιτιιιυε.

1988 4016 2191 4075 Omnes
2228 4019 2599 4090 apparitiones
2648 4020 2808 4076 decet
2855 4021 3058 4079 habere
3097 4020 3311 4093 judices
3362 4036 3515 4079 suos.

1916 4108 2052 4165 Nam
2075 4111 2162 4167 cui
2192 4111 2387 4182 praesul
2409 4111 2681 4179 adimitur,
2711 4120 2769 4169 et
2792 4112 2981 4168 militia
3009 4113 3309 4183 denegatur
3343 4112 3513 4187 [Cor.,

1920 4202 2100 4270 Gem,
2150 4203 2514 4275 apparitores.
2558 4203 2656 4260 Cui
2686 4204 2883 4276 praesul
2927 4203 3201 4271 adimitur,
3244 4213 3307 4261 et
3327 4204 3519 4261 militia

1917 4296 2262 4369 denegatur].
2286 4296 2395 4353 Sed
2423 4312 2544 4363 nos,
2575 4298 2771 4369 quibus
2797 4296 2949 4355 cordi
2976 4305 3063 4353 est
3086 4297 3228 4353 locis
3254 4296 3367 4354 suis
3394 4297 3520 4353 uni-

1919 4403 2109 4446 versos
2136 4387 2354 4446 ordines
2382 4388 2701 4460 continere,
2743 4387 3042 4445 indicamus
3084 4387 3162 4444 illi
3203 4388 3520 4445 comitivam

1919 4477 2356 4549 Neapolitanam,
2406 4478 2521 4535 Deo
2542 4477 2787 4549 juvante,
2835 4478 3091 4548 largitos;
3143 4486 3205 4533 ut
3243 4476 3522 4548 judicibus

204 4579 392 4654 plent,
445 4576 677 4633 militum
726 4576 882 4632 turba
931 4574 1190 4631 custodit.
1244 4571 1494 4630 Considis
1542 4571 1817 4642 geniatum
1845 4587 1895 4649 ο
1921 4585 2101 4626 annua
2127 4570 2473 4628 successione
2510 4570 2797 4642 reparatis,
2842 4570 2998 4626 vobis
3044 4567 3363 4625 solemuitas
3409 4581 3521 4623 non

203 4666 370 4747 [Νἰυ.
413 4677 465 4725 et
500 4666 628 4739 6a.,
662 4664 1016 4747 geminatum]
1057 4664 1326 4734 tribunal;
1375 4663 1487 4721 sed
1520 4671 1603 4719 tot
1651 4671 1820 4720 testes

205 4758 422 4835 pateris
449 4766 585 4830 quot
612 4767 667 4815 te
693 4758 910 4830 agmina
938 4755 1278 4813 circumdare
1323 4752 1628 4823 cognoscis.
1676 4750 1820 4808 Prae-

210 4866 367 4912 terea
410 4852 591 4908 littora
645 4867 815 4923 usque
843 4849 911 4905 ad
957 4848 1282 4921 praefinitum
1322 4846 1504 4904 locum
1546 4844 1671 4901 data
1695 4844 1816 4914 jus-

207 4934 373 5003 sione
395 4940 653 4998 custodis.
680 4939 810 4997 Tua:
839 4939 1103 4996 voluntati
1133 4946 1327 5010 parent
1354 4936 1641 5009 peregrina
1661 4947 1818 4990 com-

1920 4668 2114 4735 pereat
2140 4661 2390 4718 actionis.
2420 4658 2768 4732 Quapropter
2799 4660 3085 4730 designato
3111 4660 3231 4716 viro
3270 4664 3524 4731 pnestate

1920 4761 2295 4824 competenter
2322 4751 2663 4821 obsequium,
2715 4759 2775 4808 ut
2819 4752 2960 4809 sicut
3005 4766 3102 4808 vos
3138 4766 3249 4807 non
3285 4750 3526 4823 patimur

1921 4843 2416 4899 emolumentorum
2442 4841 2729 4898 commoda
2775 4842 3025 4913 perdere,
3075 4842 3147 4897 ita
3194 4851 3253 4899 et
3290 4856 3392 4900 vos
3421 4855 3522 4913 pa-

1921 4935 2079 4992 rendi
2103 4934 2347 4991 debeatis
2372 4933 2606 5005 priscam
2634 4931 2876 5003 regulam
2904 4932 3202 4989 custodire.

1348 5158 1700 5248 LIBER
1772 5157 2389 5244 SEPTIMUS.

420 5370 579 5441 ιιο
605 5366 647 5423 ι.
679 5368 704 5397 ⁸
727 5381 974 5423 ι-ὀιιιιιιιλ
1007 5379 1276 5419 contrivi:
1307 5376 1621 5418 rnovntcw.

294 5459 554 5528 Quamvis
599 5458 843 5515 omnium
884 5456 1206 5527 dignitatum
1253 5452 1433 5511 oﬂicia
1471 5468 1505 5509 a
1530 5467 1695 5510 manu
1735 5468 1825 5511 se-

305 5622 327 5644 '
354 5613 413 5669 In
442 5613 645 5684 Notitia
674 5614 884 5684 imperii
910 5612 1069 5669 Rom.
1099 5611 1448 5684 nominantur
1474 5623 1663 5684 comes
1684 5607 1825 5665 Afri-

216 5702 328 5761 οε,
350 5688 512 5754 Λβιω,
542 5679 799 5751 Pontiae,
815 5684 1100 5761 Ituraei-ae;
1130 5697 1315 5739 comes
1342 5679 1695 5761 rei_militaris
1721 5694 1822 5752 per

218 5748 554 5829 Egyptum;
592 5748 1145 5829 comes’Tingitagite;
1185 5768 1373 5813 comes
1410 5749 1609 5809 littoris
1646 5748 1820 5807 Saxo-

220 5823 580 5898 nicifcomes
603 5824 838 5897 Isauria,
864 5833 970 5883 etc.
1003 5823 1171 5882 Fons.

1923 5357 2211 5414 cludantur
2237 5358 2469 5417 armata,
2511 5356 2568 5407 et
2593 5355 2623 5397 δ
2657 5348 2909 5407 civilibus
2954 5345 3193 5403 vestibus
3236 5345 3527 5404 videantur

1930 5446 2104 5505 induti
2134 5443 2226 5518 qui
2253 5442 2646 5499 districtionem
2676 5440 2947 5513 publicam
2985 5438 3249 5495 docentur
3283 5437 3528 5510 operari,

1999 5605 2030 5647 δ
2058 5603 2444 5677 Ριξωεοι-ξριιιιιι
2474 5602 2576 5677 fuit
2596 5600 2834 5677 vestium
2862 5614 3053 5677 genus,
3082 5599 3177 5656 lib.
3206 5616 3281 5677 ιιι,
3313 5598 3397 5654 tit.
3420 5598 3522 5677 _l_0,

1926 5677 2064 5750 Cod.
2104 5666 2339 5750 Thetidi,
2371 5674 2445 5750 de
2482 5674 2691 5737 habitu,
2731 5688 2841 5744 quo
2865 5666 2964 5750 tuti
2990 5680 3212 5750 .oportet
3235 5666 3526 5750 _int_ra_.Urf

1923 5749 2073 5815 bern,
2103 5747 2142 5803 l.
2175 5746 2202 5801 l
2240 5762 2254 5801 :
2282 5737 2491 5815 Nullus
2518 5737 2833 5815 senatorum
2877 5737 3118 5815 habitum
3147 5741 3251 5815 sibi
3289 5737 3527 5815 vindicet

1929 5808 2245 5882 militarem.
2275 5814 2371 5876 sed
2408 5814 2754 5889 chlamydum
2794 5822 3003 5873 terrore
3029 5811 3301 5893 deposito,
3339 5808 3527 5882 quieta
