3974 6388
165 328 283 385 709

1493 313 1849 373 VARIARUM
1888 308 2091 369 LIBER
2128 309 2241 368 Vll.

3369 297 3474 355 7l0

161 441 240 497 sit
273 438 510 494 auferre.
549 434 882 503 Contraque,
916 430 1123 487 l‘ructus
1149 437 1254 496 est,
1283 428 1540 500 opinione
1576 425 1777 498 prmdi-
1805 435 1853 493 Α
1881 425 2093 481 videtur
2134 423 2330 494 quibus
2374 420 2670 478 conllnales
2721 416 2907 490 populi
2953 417 3296 487 deputantur,
3347 413 3474 484 quia

163 530 336 587 cabili
377 543 475 599 per
524 526 768 582 contines
809 524 887 579 ire
916 521 1254 593 provincias;
1303 525 1360 574 et
1413 519 1489 575 ibi
1535 517 1781 573 invenire

166 618 511 676 verissimam
535 614 774 678 laudem,
804 612 896 667 ubi
937 627 1047 668 non
1075 611 1312 679 imperas
1348 614 1640 678 potestate.
1673 605 1784 663 Ad-

168 709 341 774 ditur,
385 707 533 776 quod
580 706 1033 760 irremuneratum
1079 716 1186 756 non
1229 698 1598 769 relinquimus,
1643 696 1689 751 si
1731 703 1784 751 te

170 803 354 872 egisse
376 798 727 870 probabiliter
755 795 1052 851 audiamus.
1084 792 1258 849 Horre
1283 794 1494 862 vitium,
1537 800 1592 847 et
1626 792 1780 862 prin-

173 894 314 963 cipis
341 891 569 947 mereris
591 888 859 944 affectum.
892 887 1237 942 Voluntatem
1272 885 1475 954 regiam
1504 883 1560 938 in
1579 883 1786 952 legibus

177 983 390 1038 habes:
439 980 546 1035 illis
603 979 938 1048 obtempera,
989 985 1045 1032 et
1091 983 1275 1031 nostra
1316 974 1660 1044 cognosceris
1685 973 1786 1026 im-

177 1074 334 1144 plere
363 1070 639 1125 mandata.

179 1206 270 1265 ill.
315 1220 563 1262 rosnuu
594 1219 864 1260 coni-riu:
900 1217 1190 1258 cci-nonum
1230 1217 1329 1254 pen
1367 1213 1618 1255 smcuus
1653 1213 1785 1253 rno-

882 1288 1108 1328 V'INCIAS.

257 1371 411 1436 Cum,
443 1369 557 1424 Deo
580 1367 824 1437 juvaute,
871 1364 1105 1419 sciamus
1144 1360 1353 1419 Gothos
1380 1361 1658 1416 vobiscum
1686 1359 1788 1414 ha-

185 1464 364 1520 bitare
385 1461 705 1534 permixtos,
746 1473 815 1514 ne
853 1473 961 1527 qua
988 1457 1129 1512 inter
1155 1464 1454 1521 consortes,
1483 1462 1544 1509 ut
1567 1452 1788 1518 assolet,

190 1554 614 1626 indisciplinatio
645 1559 978 1624 nasceretur,
1019 1549 1382 1605 necessarium
1429 1547 1679 1602 duximus
1725 1546 1791 1600 il-

190 1651 305 1707 lum
331 1650 615 1706 sublimem
655 1647 852 1708 virum,
881 1643 1040 1699 bonis
1082 1643 1238 1698 nobis
1263 1640 1504 1697 moribus
1531 1639 1792 1695 hactenus

191 1741 624 1813 comprobatum,
681 1736 748 1792 ad
768 1751 868 1792 vos
896 1735 1149 1792 comitem
1168 1733 1440 1788 destinare
1471 1732 1564 1800 qui
1599 1745 1794 1786 secun-

191 1833 326 1889 dum
363 1831 542 1888 edicta
579 1837 764 1884 nostra
805 1827 950 1882 inter
999 1823 1137 1880 duos
1180 1823 1390 1878 Gothos
1434 1821 1585 1877 litem
1633 1820 1768 1876 debe

192 1932 480 1997 amputare
507 1940 521 1976 :
544 1922 590 1979 si
617 1920 765 1991 quod
791 1919 958 1975 etiam
981 1917 1123 1972 inter
1143 1915 1380 1971 Gothum
1407 1921 1463 1969 et
1489 1913 1792 1968 Romanum

194 2025 382 2072 natum
411 2013 574 2070 fuerit
609 2011 841 2068 fortasse
867 2007 1162 2079 negotium,
1185 2005 1427 2062 adhibito
1450 2002 1550 2059 sibi
1601 2009 1626 2035 ³
1662 2017 1793 2073 pru-

192 2106 360 2162 dente
377 2103 646 2169 Romano,
669 2109 948 2158 certamen
975 2096 1146 2168 possit
1173 2095 1425 2166 aequabili
1449 2093 1662 2148 ratione
1679 2092 1793 2148 dis-

193 2199 430 2266 cingere.
460 2195 608 2251 lnter
631 2194 769 2250 duos
797 2200 977 2247 autem
1001 2191 1274 2246 Romanos
1297 2185 1528 2242 Romani
1552 2184 1792 2250 audiant,

194 2304 336 2361 quos
351 2303 448 2358 per
470 2285 774 2357 provincias
802 2281 1100 2352 dirigimus,
1127 2278 1457 2347 cognitores,
1502 2281 1561 2328 ut
1586 2272 1796 2328 unicui-

193 2395 304 2451 que
322 2394 420 2434 sua
465 2379 589 2447 jura
639 2381 945 2437 serventur,
985 2380 1045 2428 et
1092 2371 1192 2425 sub
1217 2367 1532 2423 diversitate
1552 2363 1795 2434 judicum

195 2485 304 2526 una
333 2468 544 2538 justitia
572 2465 964 2536 complectatur
993 2461 1293 2516 universos.
1345 2456 1438 2512 Sic
1467 2469 1602 2525 pace
1639 2467 1794 2509 com-

194 2552 349 2616 muni
394 2566 639 2626 utrmque
685 2555 955 2621 nationes,
1007 2550 1298 2606 Divinitate
1344 2546 1596 2618 propitia,
1646 2542 1797 2598 dulci

195 2653 312 2708 otio
339 2650 702 2722 perfruantur.
734 2645 942 2702 Scitote
966 2652 1149 2698 autem
1173 2655 1330 2695 unam
1359 2638 1517 2692 nobis
1546 2635 1599 2691 in
1622 2634 1798 2691 omni-

196 2743 300 2800 bus
323 2741 661 2812 :equahiliter
684 2753 804 2794 esse
824 2736 1175 2800 charitatem;
1195 2731 1290 2787 sed
1317 2730 1405 2784 ille
1425 2745 1484 2785 se
1507 2729 1685 2783 animo
1707 2741 1802 2782 no-

195 2842 315 2890 stro
343 2833 571 2903 amplius
597 2813 978 2886 commendare
1008 2823 1232 2895 poterit,
1279 2821 1372 2891 qui
1411 2820 1560 2889 leges
1607 2816 1799 2872 mode-

199 2932 319 2980 rata
347 2924 628 2979 voluntate
653 2918 921 2975 dilexerit.
966 2916 1085 2972 Non
1134 2927 1378 2968 amamus
1422 2907 1624 2979 aliquid
1666 2907 1800 2962 inci-

199 3018 341 3084 vile;
369 3015 652 3072 scelestam
679 3009 984 3082 superbiam
1013 3021 1136 3061 cum
1178 3005 1291 3060 suis
1329 3002 1661 3057 detestamur
1699 3013 1798 3052 au-

199 3111 462 3168 ctoribus.
492 3107 774 3164 Violentos
792 3108 979 3158 nostra
1001 3100 1175 3171 pietas
1199 3101 1532 3153 exsecratur.
1556 3091 1614 3146 In
1637 3103 1798 3146 causa

199 3201 414 3275 possint
435 3200 577 3271 jura,
618 3213 725 3253 non
756 3193 996 3252 brachia.
1039 3189 1172 3246 Nam
1197 3203 1294 3244 cur
1319 3186 1520 3253 eligant
1556 3193 1800 3252 quairere
1829 3179 1874 3240 C

201 3273 461 3359 violenta,
505 3290 597 3361 qui
633 3287 920 3360 praesentia
965 3282 1262 3354 probantur
1309 3278 1512 3334 habere
1550 3273 1799 3345 judicia?

202 3384 336 3443 Ideo
363 3385 506 3440 enim
533 3383 898 3438 emolumenta
920 3377 1190 3447 iudicibus
1218 3372 1430 3438 damus,
1463 3367 1584 3424 ideo
1611 3374 1693 3422 tot
1713 3364 1801 3423 of-

203 3477 324 3532 licia
366 3473 592 3531 diversis
639 3468 974 3540 largitatibus
1015 3464 1378 3529 continemus,
1419 3465 1480 3514 ut
1520 3457 1661 3511 inter
1703 3469 1802 3510 vos

205 3585 316 3625 non
338 3568 574 3622 sinamus
611 3573 857 3618 crescere
884 3556 1028 3628 quod
1072 3553 1244 3625 possit
1291 3549 1360 3606 ad
1405 3547 1588 3604 odium
1629 3543 1801 3616 perti-

205 3673 356 3715 nere.
394 3654 570 3712 Unum
593 3669 692 3710 vos
714 3649 1093 3721 amplectatur
1120 3641 1338 3698 vivendi
1367 3647 1573 3704 votum,
1606 3635 1803 3706 quibus

205 3767 374 3809 unum
401 3764 523 3806 esse
538 3753 754 3804 constat
773 3741 1078 3812 imperium.
1111 3735 1314 3792 Audiat
1353 3740 1584 3801 uterque
1631 3742 1806 3800 popu-

205 3846 294 3903 lus
311 3843 457 3914 quod
502 3853 762 3895 amamus.
797 3831 1026 3889 Romani
1053 3828 1211 3885 vobis
1239 3827 1381 3884 sicut
1413 3829 1541 3878 sunt
1588 3833 1807 3891 posses-

207 3907 451 3994 sionibus
486 3931 668 3996 vicini,
721 3929 796 3983 ita
842 3924 955 3980 sint
1001 3928 1058 3976 et
1083 3917 1347 3974 charitate
1365 3911 1662 3981 conjuncti.
1693 3907 1806 3964 Vos

207 4035 412 4092 autem,
459 4020 706 4088 Romani,
762 4029 959 4087 magno
1009 4009 1188 4068 studio
1215 4007 1424 4065 Gothos
1455 4002 1678 4092 diligere
1717 3997 1810 4092 de-

208 4119 372 4185 betis,
398 4085 493 4187 qui
520 4121 577 4172 et
602 4113 657 4168 in
685 4085 820 4182 pace
860 4085 1180 4162 numerosos
1233 4097 1389 4154 vobis
1437 4091 1672 4187 populos
1694 4085 1804 4187 Afa-

209 4176 379 4276 ciunt,
408 4176 465 4264 et
492 4176 800 4262 universam
846 4193 1234 4267 rempublicam
1278 4201 1378 4259 per
1400 4183 1567 4276 Abella
1619 4176 1808 4276 defen-

211 4266 378 4356 dunt.
415 4297 604 4367 Itaque
651 4290 924 4348 destinato
967 4266 1002 4340 7a
1048 4281 1206 4338 nobis
1247 4274 1415 4348 judici
1435 4288 1536 4330 vos
1555 4266 1810 4326 convenit

193 4392 467 4457 obedire;
509 4364 568 4443 ut
594 4380 850 4456 quidquid
888 4391 991 4451 pro
1019 4367 1404 4432 conservandis
1429 4364 1636 4436 legibus
1675 4375 1808 4417 cen-

211 4485 400 4549 suerit,
431 4479 605 4536 modis
625 4475 874 4532 omnibus
903 4465 1199 4540 impleatis;
1227 4467 1494 4532 quatenus
1540 4461 1596 4510 et
1621 4459 1809 4508 nostro

212 4543 464 4648 imperio,
492 4580 548 4629 et
577 4577 772 4627 vesti-ac
797 4563 1018 4622 utilitati
1042 4553 1367 4616 satisfecisse
1386 4543 1696 4606 videamini.

497 4707 584 4763 1V.
625 4717 875 4762 sonitum
903 4708 1142 4755 annuus
1169 4698 1524 4748 saansaan.

289 4821 544 4894 Quamvis
565 4812 978 4890 spectabilitatis
1001 4811 1178 4865 honor
1214 4817 1356 4860 unus
1398 4811 1519 4855 esse
1544 4792 1811 4894 videatur,

219 4879 336 4978 ne;
350 4879 406 4973 in
433 4915 520 4970 his
545 4879 748 4980 aliquid
769 4905 913 4961 aliud
937 4903 1040 4958 nisi
1069 4909 1280 4969 tempus
1325 4892 1500 4949 soleat
1538 4879 1818 4980 antel'erri,

219 4975 402 5068 tamen
429 5019 609 5064 rerum
635 4975 892 5074 qualitate
912 5007 1175 5068 perpensa
1201 4987 1429 5045 multum
1449 4981 1534 5039 his
1554 4975 1820 5034 creditum

223 5359 319 5431 qui
348 5321 834 5431 ητδῖ”ιέἔᾷε’ίέιτ..έὲι.
855 5321 1302 5431 ετιηε,εε.,έίξ,ξ;ξ.ι
1327 5321 1818 5431 νξδξξάθξξκξιιξιΐ

224 5391 1397 5502 gzssi'tu'sulauj'i‘iri‘sdictimie—componere,'l.
1433 5391 1521 5453 1⁵5,
1559 5391 1617 5468 τῇ.
1651 5391 1819 5466 cujus,

409 5495 438 5502 ’
624 5492 634 5502 ’
743 5486 780 5502 ¹“
843 5483 910 5502 ’³-
938 5479 1150 5502 “ruﬁ-Mn
1202 5470 1334 5502 Nam
1386 5471 1446 5502 ut
1482 5459 1734 5502 Sllhllcll!
1767 5466 1819 5502 ιη

227 5459 399 5502 μυοθιι
440 5459 536 5480 auo
576 5459 944 5490 ’u..-.......v.._
980 5459 1054 5464 ,Γ
1100 5459 1118 5474 ι
1308 5459 1316 5464 _
1586 5459 1617 5468 Π
1659 5459 1669 5466 ν
1720 5469 1732 5482 ⁸
1769 5459 1779 5462 τ

224 5514 372 5559 vers.
399 5495 521 5550 Cur.
551 5492 710 5551 enim,
741 5486 802 5540 ι).
831 5483 912 5537 De
937 5479 1171 5559 usufritc.
1202 5459 1824 5559 §§@:.u£:§u'l‘)tjtflirihlitl

227 5521 372 5559 ναι-5.
399 5521 521 5550 uur.
551 5521 710 5551 σηυη,
741 5521 802 5540 ν.
831 5521 910 5537 νυ
937 5521 1170 5548 ..υ-ιη.--
1203 5521 1280 5551 -..η
1347 5521 1360 5533 ,
1461 5532 1473 5543 .
1581 5521 1596 5526 _
1780 5521 1792 5532 υ

227 5583 392 5626 causa
412 5564 619 5636 possint
644 5559 917 5636 jura,_non
945 5545 1166 5636 brachia
1175 5540 1402 5636 ﬁgi.
1418 5542 1654 5636 3.159133!

229 5592 392 5626 causa
413 5592 619 5636 μυδδιιη
644 5592 784 5628 ιυια,
811 5592 917 5608 ην..
945 5592 1000 5604 υ.
1013 5592 1166 5628 ..:..._-_
1188 5592 1201 5608 ,
1229 5592 1246 5621 ἱ
1389 5592 1400 5599 ,

229 5641 423 5696 beatur
452 5636 504 5690 in
527 5625 979 5697 disceptatione_a
1019 5592 1825 5697 litigantibusnutn

229 5658 423 5696 ocatur
453 5658 504 5690 In
527 5658 920 5704 υιδυσμκιηίιιυ
947 5658 979 5674 ε.
1019 5658 1374 5696 ἴῖὍ-..-η-ν,
1549 5658 1566 5668 _
1665 5681 1678 5694 ο
1706 5658 1751 5714 0

229 5725 331 5767 εοε
357 5709 383 5763 δ
406 5712 595 5779 χειρῶν
616 5701 788 5779 vita“
813 5689 1347 5779 vsulsaii'sfziﬂfv
1371 5673 1720 5779 Pgmima
1748 5674 1828 5779 ίίῖἰέ

235 5740 331 5767 sua
357 5740 383 5763 υ
406 5740 595 5779 ιιιω-ισ
623 5740 788 5767 ,υτ-νη
814 5740 888 5750 ,η
919 5740 974 5742 ws
1650 5740 1661 5746 _

235 5780 326 5834 nia
363 5765 524 5830 manu
554 5787 583 5826 a
609 5741 1466 5836 regibusAgubernahanturin},
1481 5740 1830 5836 denpri'g“.

551 5806 585 5898 Ξ
612 5806 1252 5900 ἒέῗιῖῗᾶιῖἱ-έίιξίᾶὥειω
1288 5806 1461 5873 militi
1481 5806 1831 5882 prosequenti

1887 532 1995 572 non
2025 522 2105 570 est
2133 514 2240 568 tale
2261 513 2468 584 pacatis
2487 509 2796 581 regionibus
2823 511 2976 580 112
2997 506 3084 577 jus
3112 504 3476 577 dicere,quale

1881 603 2146 674 suspectis
2197 601 2444 670 gentibus
2493 598 2748 663 assidere,
2804 598 2892 652 ubi
2937 613 3049 652 nou
3097 604 3304 650 tantum
3347 595 3478 650 vitia

1882 705 2144 768 quantum
2175 693 2316 749 bella
2345 701 2593 763 suspecta
2623 697 2776 757 sunt;
2807 705 2908 744 nec
2962 689 3136 743 solum
3189 704 3296 743 vox
3344 702 3480 757 prae-

1885 789 2038 844 conis
2066 787 2299 851 insonat,
2323 784 2418 840 sed
2447 784 2694 838 tubarum
2722 781 2960 850 crepitus
2985 778 3294 850 frequenter
3323 777 3482 832 insul-

1886 889 1984 934 tat.
2017 878 2238 932 Rluctiaa
2259 889 2490 944 namque
2518 873 2808 928 munimina
2836 878 2962 926 sunt
3013 869 3197 932 italiae,
3235 877 3291 924 et
3328 869 3480 924 clau-

1884 981 1994 1026 stra
2025 969 2334 1041 provincias.
2357 965 2488 1033 Qua:
2514 981 2622 1020 non
2653 963 2922 1018 immerito
2949 963 3028 1018 sic
3055 959 3323 1030 appellata
3362 973 3484 1014 esse

1883 1059 2203 1129 iudicamus,
2245 1058 2462 1129 quando
2515 1064 2706 1112 contra
2767 1053 2910 1110 feras
2973 1060 3029 1108 et
3092 1051 3483 1119 agrestissimas

1886 1161 2096 1222 gentes.
2124 1152 2272 1207 velut
2295 1149 2539 1220 quicdam
2568 1148 2846 1218 plagarum
2871 1143 3166 1210 obstacula,
3191 1142 3486 1213 disponun-

1891 1252 1994 1298 tur.
2026 1242 2104 1297 lbi
2142 1241 2285 1296 enim
2308 1243 2538 1310 impetus
2558 1238 2771 1308 gentilis
2797 1237 3082 1306 excipitur,
3115 1243 3169 1289 et
3197 1233 3485 1288 transmis-

1889 1335 1964 1388 sis
1984 1332 2178 1402 jaculis
2197 1331 2470 1387 sauciatur
2491 1329 2772 1386 furibunda
2793 1326 3157 1399 praesumptio.
3184 1324 3275 1380 Sic
3303 1326 3480 1396 genti--

1890 1424 1955 1478 lis
1983 1425 2216 1493 impetus
2243 1429 2420 1476 vestra
2451 1419 2666 1474 venatio
2695 1428 2798 1485 est,
2845 1425 2901 1473 et
2947 1417 3072 1472 ludo
3115 1417 3301 1485 geritis
3343 1415 3489 1486 quod

1891 1530 1989 1568 vos
2019 1513 2206 1584 μαι-ει.
2240 1513 2360 1583 tegit
2388 1509 2508 1582 nos]
2547 1511 2762 1565 assidue
2805 1508 3033 1564 feliciter
3058 1509 3232 1577 egisse
3258 1510 3488 1564 sentitis.

1893 1599 2126 1693 ideoque
2154 1603 2388 1657 validum
2419 1611 2474 1657 te
2503 1602 2717 1670 ingenio
2741 1617 2804 1656 ac
2832 1601 3033 1656 viribus
3055 1600 3360 1667 audientes,
3391 1617 3491 1672 per

1896 1691 2041 1748 illam
2068 1693 2414 1749 indictionem
2441 1692 2693 1748 ducatum
2724 1692 2816 1746 tibi
2851 1692 3115 1747 credimus
3137 1691 3490 1760 Rhietiarum,

1775 1829 1794 1874 ι
1829 1807 1868 1863 Β
1897 1796 1952 1842 ut
1973 1786 2170 1841 milites
2195 1793 2250 1840 et
2295 1785 2349 1839 in
2387 1799 2522 1854 pace
2549 1799 2727 1854 regas,
2760 1791 2956 1838 etcum
2986 1783 3066 1840 eis
3107 1783 3240 1839 lines
3279 1794 3495 1839 nostros

1891 1875 2121 1932 soiemni
2149 1873 2429 1928 alacritate
2457 1872 2758 1927 circumeas
2785 1888 2797 1923 :
2839 1871 2966 1940 quia
2992 1887 3100 1925 non
3124 1886 3341 1941 parvam
3375 1873 3491 1926 reui

1891 1966 1989 2022 tibi
2017 1964 2239 2034 respicis
2265 1963 2429 2019 luisse
2468 1961 2832 2026 commissam,
2882 1959 3094 2029 quando
3134 1960 3497 2029 tranquillitas

1891 2057 2046 2128 regni
2076 2055 2248 2112 nostri
2279 2062 2369 2108 tua
2409 2051 2650 2109 creditur
2694 2050 3055 2106 sollicitudine
3083 2050 3361 2106 custodiri.
3413 2050 3490 2105 lta

1895 2158 2098 2215 tamen,
2147 2154 2207 2201 ut
2243 2145 2441 2199 milites
2479 2143 2577 2198 tibi
2610 2141 2878 2198 commissi
2904 2142 3087 2196 vivant
3115 2156 3239 2196 cum
3279 2143 3498 2210 provin.

1894 2236 2119 2292 cialibus
2134 2235 2255 2306 jure
2282 2235 2460 2301 civili;
2485 2247 2586 2288 nec
2609 2232 2894 2286 insolescat
2915 2232 3143 2295 animus,
3170 2231 3260 2300 qui
3290 2247 3349 2285 se
3369 2247 3486 2286 sen-

1893 2328 1959 2383 tit
1980 2334 2266 2391 armatum,
2293 2325 2419 2396 quia
2439 2323 2659 2394 clypeus
2681 2322 2769 2376 ille
2784 2321 3054 2375 exercitus
3076 2321 3244 2375 nostri
3261 2321 3496 2390 quietem

1893 2416 2055 2473 debet
2080 2425 2339 2487 praestare
2376 2414 2653 2471 Romanis.
2684 2413 2831 2478 Quos
2861 2412 2982 2467 ideo
3013 2419 3222 2467 constat
3269 2412 3492 2481 apposi-

1897 2519 2000 2576 tos,
2039 2517 2096 2564 ut
2127 2508 2270 2564 intus
2305 2507 2414 2563 vita
2462 2506 2669 2561 felicior
2719 2518 2908 2559 secura
2936 2502 3186 2558 libertate
3214 2509 3487 2572 carpatur.

1895 2597 2238 2670 Quapropter
2264 2606 2452 2654 nostro
2473 2594 2740 2666 responde
2762 2593 2986 2663 judicio,
3012 2593 3117 2648 ﬁde
3148 2592 3301 2648 nobis
3328 2601 3384 2647 et
3409 2593 3494 2647 iii--

1892 2690 2100 2746 dustria
2129 2690 2442 2761 placiturus,
2492 2695 2552 2742 ut
2587 2701 2689 2742 nec
2734 2685 2959 2755 gentiles
3007 2684 3124 2740 sine
3163 2683 3497 2740 discussione

1897 2783 2175 2853 suscipias,
2209 2797 2308 2838 nec
2335 2789 2549 2837 nostros
2571 2779 2639 2834 ad
2665 2786 2854 2849 gentes
2893 2775 3036 2850 [Gr.,
3067 2775 3181 2847 Cuj.
3225 2785 3275 2830 et
3302 2773 3493 2840 Fam.,

1897 2873 2143 2946 agentes]
2169 2875 2268 2930 sub
2296 2873 2662 2928 incuriosita‘te
2692 2869 3046 2925 transmittas.
3086 2867 3167 2922 Ad
3205 2868 3498 2922 necessita-

1899 2975 2009 3023 tem
2043 2966 2309 3038 siquidem
2337 2963 2511 3019 rarius
2537 2961 2752 3017 venitur
2794 2973 3088 3024 armorum,
3116 2957 3207 3012 ubi
3248 2966 3494 3027 suscepta

1899 3059 2167 3130 surreptio
2221 3053 2478 3112 custodiri
2534 3066 2696 3123 posse
2735 3051 2984 3106 sentitur.
3037 3047 3320 3117 Privilegia
3365 3063 3497 3105 vero

1902 3149 2175 3220 dignitatis
2198 3155 2302 3203 tuae
2323 3145 2520 3202 nostris
2545 3143 2642 3198 tibi
2665 3139 2999 3212 jussionibus
3024 3138 3344 3194 vindicabis.

2271 3299 2339 3356 ν.
2370 3299 2396 3339 ι)
2428 3313 2674 3356 εοιιιιυιλ
2703 3309 2858 3351 cuna
2889 3307 3118 3348 ιιΑιΑτιι.

1971 3413 2104 3471 Aula
2135 3419 2318 3468 nostra
2355 3409 2495 3464 sicut
2521 3404 2868 3474 cognoscitur
2907 3400 3091 3472 peritis
3133 3398 3496 3470 dispositioni-

1900 3507 2002 3562 bus
2026 3503 2289 3566 instituta,
2331 3498 2404 3553 ita
2445 3496 2725 3552 doctorum
2756 3494 2808 3547 in
2847 3507 2911 3547 ea
2933 3491 3158 3559 diligens
3185 3489 3346 3544 debet
3380 3503 3505 3544 esse

1900 3595 2111 3653 cautela
2135 3611 2148 3646 :
2172 3589 2386 3662 quando
2410 3583 2749 3658 pulchritudo
2780 3583 2868 3637 illa
2890 3580 3169 3646 mirabilis,
3198 3579 3242 3634 si
3267 3578 3502 3634 subinde

1903 3701 2010 3743 non
2032 3682 2291 3749 reﬁcitur,
2318 3684 2598 3736 senectute
2641 3675 2936 3744 obrepente
2965 3671 3200 3725 vitiatur.
3233 3666 3361 3723 Hice
3399 3682 3507 3722 no-

1901 3787 2012 3834 stra
2026 3782 2152 3832 sunt
2172 3772 2588 3834 oblectamenta,
2602 3765 2855 3835 potentia:
2878 3761 3086 3832 imperii
3105 3761 3301 3815 decora
3317 3756 3504 3822 facies,

1903 3866 2272 3926 testimonium
2299 3859 2622 3934 przeconiale
2651 3869 2942 3925 regnorum
2975 3871 2989 3908 :
3032 3854 3147 3908 haec
3186 3853 3377 3920 legatis
3405 3852 3506 3907 sub

1905 3957 2263 4018 admiratione
2303 3957 2702 4012 monstrantur;
2751 3953 2808 4000 et
2832 3944 3004 4015 prima
3048 3941 3223 3998 fronte
3251 3941 3376 3995 t'alis
3400 3941 3503 3996 do-

1904 4054 2085 4111 minus
2109 4064 2232 4106 esse
2243 4043 2505 4108 creditur,
2536 4041 2698 4112 quale
2719 4037 2836 4109 ejus
2863 4034 3226 4092 habitaculum
3254 4045 3506 4102 compro-

1904 4143 2081 4201 batur.
2106 4138 2175 4193 Et
2202 4137 2324 4194 ideo
2356 4146 2548 4201 magna
2571 4129 2816 4199 voluptas
2839 4124 2953 4199 [Gr.
2982 4133 3032 4178 et
3064 4123 3204 4194 Cuj.,
3232 4118 3507 4190 voluntas]

1906 4241 1991 4292 est
2017 4227 2448 4305 prudentissimae
2469 4220 2683 4286 mentis,
2718 4214 3074 4288 pulcherrima
3109 4211 3309 4282 jugiter
3347 4209 3505 4264 habi-

1909 4300 2116 4383 tatione
2144 4319 2484 4392 gaudere,~et
2511 4315 2652 4368 inter
2679 4309 2919 4381 publicas
2946 4321 3103 4362 curas
3131 4303 3370 4358 animum
3399 4300 3509 4356 fes-

1903 4419 2028 4474 'sum
2048 4389 2273 4470 reﬁcere
2299 4405 2582 4465 dulcedine
2604 4402 2945 4458 fabricarum.
2975 4396 3120 4464 Quas
3152 4395 3382 4465 primum
3406 4389 3514 4462 Cy-

1910 4509 2095 4580 c10pes
2113 4504 2362 4559 dicuntur
2399 4498 2467 4554 ad
2506 4502 2787 4550 antrorum
2817 4489 3035 4545 modum
3065 4484 3422 4556 amplissimas
3452 4483 3507 4536 in

1909 4575 2090 4658 Sicilia
2129 4593 2454 4656 condidisse,
2505 4595 2790 4659 postquam
2841 4583 2896 4638 in
2949 4577 3198 4636 cavernis
3246 4575 3515 4632 montium

1911 4689 2276 4763 Polyphemus
2329 4681 2397 4737 ab
2449 4678 2644 4750 Ulysse
2704 4670 2990 4743 singularis
3037 4666 3182 4724 oculi
3229 4664 3517 4734 lugendam

1915 4756 2212 4855 pertulerat
2233 4772 2542 4831 orbitatem.
2575 4765 2703 4822 lude
2725 4763 2790 4818 ad
2810 4762 3017 4816 Italiam
3037 4756 3332 4814 fabricandi
3365 4757 3512 4824 peri-

1919 4848 1995 4929 tia
2034 4871 2229 4942 legitur
2252 4865 2417 4920 fuisse
2461 4859 2742 4925 translata,
2771 4864 2832 4910 ut
2866 4852 3012 4923 quod
3040 4851 3202 4906 tantis
3229 4865 3295 4904 ac
3324 4848 3522 4902 talibus

1923 4937 2318 5021 institutoribus
2345 4954 2623 5010 inventum
2664 4953 2768 5012 est,
2811 4940 3111 4999 azmulatrix
3149 4937 3438 5010 posteritas
3466 4937 3521 4992 in

1925 5229 2118 5304 magna
2163 5241 2322 5285 manu
2362 5216 2716 5279 excusserint,
2755 5211 2932 5282 capite
2977 5206 3289 5286 puniuntur.
3345 5201 3516 5282 Fons,

1997 5311 2028 5350 ι)
2064 5301 2250 5358 Sidon.
2284 5293 2622 5364 Apoll.__cap.
2668 5283 2757 5350 εδ,
2797 5295 2918 5364 pag.
2961 5274 3518 5364 “quae-uti:

2238 5337 2250 5351 ο
2284 5317 2458 5351 Λυυιιο
2507 5317 2622 5351 σου.
2672 5317 2757 5350 ου,
2799 5317 2918 5351 γει-δ.
2961 5317 3084 5351 εττν.

1997 5311 2028 5350 ι)
2064 5310 2250 5358 Sidon.
2284 5310 2458 5366 APO“.
2507 5310 2622 5357 p.
2672 5310 2757 5350 ω,
2799 5310 2918 5364 pug.
2961 5310 3084 5360 ατε-υ.
3131 5310 3249 5328 "ut.
3275 5310 3395 5342 qu...

1929 5375 2060 5433 dicit
2101 5371 2324 5425 Savaro.
2373 5359 2594 5433 Vigilius
2607 5368 2774 5433 papa
2807 5368 2862 5433 in
2909 5346 3522 5433 epistolauquzeexstat

2087 5417 2172 5497 IV
2185 5417 2388 5494 Goncil.
2412 5417 2536 5502 pag.
2569 5417 2671 5502 ιβι
2695 5417 2720 5502 Ξ·
2741 5420 2848 5502 Se_d
2882 5427 2937 5502 et
2961 5417 3522 5502 Justinun‘i-eXfo‘n‘s-q:

1929 5485 2518 5574 legendus-palatii}
2546 5495 2614 5574 ad
2637 5493 2789 5574 cujus
2806 5491 2912 5574 loci
2929 5501 3079 5574 σιξ-αξη
3109 5485 3523 5574 ἰδέμεν-ποειχὲ

1927 5554 2473 5654 ἱέἓὲηῖιιῖὧῖιξει
2498 5554 2919 5654 ὼῐὶδμιέξιέἓξίὲ.
3094 5554 3377 5654 Σῗξὶίξέἒτέ..
3393 5563 3521 5654 “3.?!

2330 5619 2480 5711 ’ἆίέᾷ
2496 5619 2844 5711 eicons'tilem
2870 5638 2925 5684 et
2932 5641 3069 5711 cura
3085 5619 3379 5711 Apalatiilln
3396 5632 3521 5711 Aep-

1929 5693 2638 5783 'Ziii'i'iié"éié§o}.'ruron.
2678 5701 2876 5756 Histor.
2929 5693 3147 5762 Franci,
3179 5693 3272 5749 lib.
3294 5705 3370 5756 ιι,
3393 5700 3518 5758 cap.

1929 5741 1966 5852 ἓ
1991 5812 2005 5849 :
2027 5791 2222 5850 Curam
2245 5781 2430 5852 palatii
2456 5777 2696 5851 gerebat.
2733 5770 2928 5828 Juas'r.

2245 5770 2430 5859 palatii
2456 5777 2696 5851 gerebat.
2733 5770 2928 5828 Juns'r.
