3974 6402
372 2535 381 2543 ο
472 2462 715 2532 sculptor
741 2477 1090 2527 marmorum,
1122 2468 1217 2516 aut
1255 2461 1378 2517 aeris
1416 2458 1584 2526 fusor,
1613 2466 1706 2514 aut
1743 2471 2078 2514 camerarum

477 277 574 334 7H
916 290 928 300 '
1720 264 1791 326 Η.
1827 262 2078 331 AURELI

2186 260 2538 321 ASSlODORl
3673 252 3735 308 7|
3749 251 3796 306 2

464 400 628 446 suum
655 373 998 442 commodum
1034 380 1349 439 custodiret.
1378 376 1513 435 Hinc
1542 383 1623 435 est
1648 376 1795 447 quod
1821 373 2061 432 sublimi-
2088 379 2140 437 Α
2164 373 2396 429 videaris
2430 368 2699 433 incedere,
2739 365 2827 423 vel
2851 373 2912 422 ut
2952 366 3070 438 ipso
3114 365 3429 424 testimonio
3476 365 3798 451 vicinitatis

470 484 640 532 tatem
668 474 858 548 [λιιι-ει.
890 472 1013 544 legit
1037 467 1507 542 Spectabilitatem]
1535 475 1681 522 tuam
1711 465 1778 522 ab
1809 465 1900 520 illa
1928 463 2066 519 indi-
2170 468 2368 518 nostra:
2387 470 2741 530 agnoscamus
2760 455 2856 512 tibi
2886 455 3084 526 palatia
3103 455 3466 513 commisisse.
3524 493 3531 501 ο

473 566 655 620 ctione
668 577 851 618 curam
864 560 1047 630 palatii
1071 558 1240 614 nostri
1261 557 1533 626 suscipere
1549 554 1748 609 debere
1759 565 2065 617 censemus,

476 663 534 709 ut
552 661 606 708 et
627 652 843 720 antiqua
883 651 937 705 in
960 651 1189 705 nitorem
1213 647 1492 719 pristinum
1516 644 1815 709 contineas,
1844 649 1899 698 et
1928 655 2069 697 nava

474 741 632 797 simili
660 738 979 807 antiquitate
1013 738 1299 808 producas.
1331 734 1467 802 Quia
1494 734 1632 789 sicut
1657 732 1914 788 decorum
1948 744 2071 785 cor-

472 848 573 905 pus
604 847 711 886 uno
740 829 996 884 convenit
1035 828 1219 884 colore
1248 826 1450 892 vestiri,
1498 825 1573 879 ita
1611 824 1756 879 nitor
1783 821 1969 893 palatii
1997 822 2072 877 si-

476 922 617 978 milis
645 921 806 975 debet
846 935 944 989 per
973 917 1224 975 universa
1252 927 1277 955 ι
1308 915 1546 971 membra
1575 913 1816 969 diffundi.
1849 912 1929 966 Ad
1950 925 2070 981 quae

476 1014 555 1069 sic
575 1011 780 1083 poteris
803 1010 1028 1065 idoneus
1049 1008 1300 1075 inveniri,
1322 1006 1367 1062 si
1407 1005 1714 1076 frequenter
1740 1012 2071 1073 geometram

476 1102 624 1171 legas
643 1099 942 1165 Euclidem;
973 1099 1017 1152 si
1060 1098 1335 1153 schemata
1375 1097 1511 1165 ejus,
1543 1094 1776 1149 mirabili
1812 1092 2074 1148 varietate

477 1191 767 1261 descripta,
798 1192 853 1244 in
887 1199 992 1245 tuae
1021 1189 1215 1244 mentis
1252 1185 1711 1258 contemplatione
1736 1183 2071 1251 condideris;

476 1290 537 1339 ut
564 1283 616 1336 in
639 1283 770 1336 hora
798 1279 1127 1337 commonita
1155 1277 1445 1332 famuletur
1483 1274 1577 1330 tibi
1612 1273 1831 1345 copiosa
1857 1273 2070 1328 notitia.

475 1370 827 1428 Archimedes
854 1383 1069 1439 quoque
1089 1367 1471 1422 subtilissimus
1494 1364 1792 1436 exquisitor
1815 1378 1937 1417 cum
1958 1361 2071 1417 Me-

473 1462 649 1516 trobio
676 1460 771 1514 tibi
799 1474 1014 1529 semper
1031 1458 1308 1526 assistant,
1324 1464 1384 1511 ut
1406 1456 1474 1511 ad
1496 1469 1636 1510 nova
1651 1453 1893 1509 reddaris
1916 1466 2077 1522 para-

477 1552 733 1607 tissimus.
758 1549 878 1606 Non
901 1549 1045 1605 enim
1067 1548 1163 1603 tibi
1190 1547 1409 1601 minima
1420 1559 1549 1601 cura
1566 1540 2072 1613 delegaturquando

477 1645 714 1699 animum
732 1651 973 1699 nostrum
995 1638 1290 1697 fabricandi
1310 1638 1487 1694 studio
1516 1636 1917 1708 cupidissimum
1939 1635 2073 1690 artis

2312 611 2401 668 Vl.
2445 621 2470 651 ο
2509 626 2756 668 εοιιιιυιι
2792 625 3063 666 continu:
3114 625 3405 666 PORIARUI
3456 625 3644 668 usus.

2242 724 2496 792 Quamvis
2521 722 2798 779 Romuleae
2834 721 3051 778 fabricae
3076 722 3289 778 collata:
3316 723 3423 779 sibi
3451 723 3547 778 vix
3574 724 3809 795 possint

2170 812 2452 887 praecipua:
2525 814 2751 885 reperiri
2783 814 2932 885 (quia
2997 821 3175 868 totum
3241 812 3310 868 ad
3362 812 3811 869 admirationem

2176 907 2331 978 113
2368 904 2609 960 noscitur
2643 903 2992 973 exquisitum,
3041 902 3189 972 quod
3244 902 3319 957 ibi
3367 903 3625 957 cernitur
3673 918 3815 959 esse

2169 992 2494 1065 fundatum),
2519 1002 2697 1048 tamen
2726 994 2993 1049 interesse
3033 993 3359 1047 arbitramur
3388 992 3542 1062 quod
3581 992 3812 1048 utilitas

2170 1086 2473 1143 necessaria
2509 1085 2793 1155 gratiﬁcat,
2835 1092 2892 1139 et
2930 1084 3075 1155 quad
3124 1084 3548 1155 pulchritudinis
3576 1094 3812 1141 tantum

2172 1193 2336 1235 causa
2362 1177 2727 1234 commendat.
2757 1174 2975 1245 Traiani
3008 1173 3184 1231 forum
3217 1176 3301 1232 vel
3330 1178 3434 1232 sub
3463 1176 3815 1233 assiduitate

2171 1273 2357 1328 videre
2383 1271 2701 1327 miraculum
2736 1277 2840 1325 est.
2891 1268 3156 1338 Capitolia
3199 1269 3346 1325 celsa
3386 1269 3808 1336 conscendere,

2171 1364 2278 1419 hoc
2319 1358 2404 1419 est
2448 1364 2683 1418 humana
2732 1361 2943 1430 ingenia
2969 1368 3224 1430 superata
3252 1360 3477 1415 vidisse.
3508 1359 3626 1416 Sed
3656 1376 3813 1417 nun-

2171 1453 2300 1523 quid
2327 1468 2425 1523 per
2448 1467 2515 1508 ea
2535 1452 2752 1516 vivitur,
2790 1458 2902 1505 aut
2949 1448 3199 1520 corporis
3243 1449 3390 1506 salus
3422 1436 3628 1521 'aliqua
3670 1450 3814 1509 inde

2172 1544 2533 1601 delectatione
2565 1543 2874 1599 recreatur?
2922 1540 2942 1580 ε
2976 1541 3036 1596 ln
3077 1539 3266 1597 formis
3291 1550 3480 1597 autem
3528 1541 3812 1599 Romanis

2173 1646 2460 1706 utrumque
2486 1636 2818 1706 prmcipuum
2840 1643 2941 1701 est,
2974 1642 3036 1690 ut
3074 1634 3278 1691 fabrica
3309 1636 3382 1690 sit
3415 1636 3721 1699 mirabilis,
3746 1645 3810 1693 et

479 1742 583 1790 tua:
603 1733 903 1790 ministerio
920 1732 1166 1804 probaris
1198 1731 1436 1802 explere.
1460 1729 1592 1785 Nam
1622 1728 1789 1785 sicubi
1816 1734 1911 1783 aut
1938 1727 2070 1783 civi—
2106 1759 2143 1815 Β
2173 1741 2430 1797 aquarum
2463 1722 2753 1781 salubritas
2788 1724 3094 1794 singularis.
3142 1722 3299 1791 Quod
3334 1727 3483 1780 enim
3528 1725 3667 1782 illuc
3700 1725 3811 1782 ﬂu-

479 1834 645 1880 tatem
670 1823 958 1891 reﬁcimus,
984 1830 1077 1878 aut
1096 1823 1439 1879 castellorum
1459 1820 1705 1876 volumus
1724 1817 1948 1873 fundare
1967 1831 2065 1872 no-
2114 1814 2129 1815 ί
2170 1818 2336 1884 mina,
2360 1815 2516 1888 quasi
2534 1816 2860 1873 constructis
2884 1814 3055 1889 [Cor.,
3081 1814 3214 1881 6a.,
3244 1815 3554 1890 obstrictis]
3587 1819 3809 1875 monti-

475 1923 722 1987 vitalem,
744 1921 832 1976 vel
869 1921 915 1976 si
946 1917 1295 1976 construendi
1316 1915 1473 1974 nobis
1512 1913 1751 1986 praetorii
1784 1911 2070 1968 ammnitas
2171 1909 2273 1965 bus
2303 1907 2687 1979 perducuntur,
2718 1908 2991 1963 naturales
3028 1907 3222 1963 credas
3246 1906 3435 1965 alveos
3480 1911 3811 1970 soliditate:

476 2012 803 2079 blandiatur,
855 2009 885 2050 δ
937 2018 991 2066 te
1042 2008 1350 2076 ordinante,
1399 2004 1467 2061 ad
1521 2005 1709 2061 oculos
1761 2001 2075 2074 perducitur
2173 2014 2449 2063 saxorum,
2481 1996 2698 2068 quando
2719 2005 2899 2052 tantus
2928 1996 3160 2067 impetus
3186 1997 3541 2056 fluministot
3572 2004 3807 2058 suculis

474 2103 618 2173 quod
647 2103 803 2158 nobis
822 2101 1180 2171 cogitantibus
1209 2099 1498 2154 invenitur.
1529 2096 1795 2153 Decorum
1810 2094 2072 2165 magiste—
2175 2088 2399 2144 ﬁrmiter
2435 2087 2614 2159 potuit
2653 2086 2930 2143 sustineri.
2978 2085 3169 2141 cavati
3207 2096 3423 2148 montes
3464 2088 3812 2160 plerumque

473 2193 636 2260 rium,
668 2192 1002 2262 propositum
1043 2190 1265 2246 omnino
1313 2189 1629 2260 gloriosum,
1658 2187 1712 2241 in
1752 2194 1862 2240 tam
1888 2185 2076 2254 longas

473 2288 663 2337 aetates
707 2281 943 2347 mittere,
992 2280 1134 2335 unde
1170 2287 1224 2335 te
1252 2278 1448 2334 debeat
1475 2276 1767 2348 posteritas
1814 2274 2077 2333 admirata

474 2370 718 2427 laudare.
749 2370 1017 2441 Quidquid
1046 2370 1189 2428 enim
1217 2379 1312 2424 aut
1353 2371 1648 2425 instructor
1669 2367 1955 2439 parietum,
1982 2371 2078 2422 aut

2176 2177 2461 2245 subruunt,
2509 2186 2719 2232 meatus
2771 2175 3093 2232 torrentium
3133 2175 3494 2247 dissipantur;
3547 2188 3609 2235 et
3659 2196 3809 2252 opus

2176 2266 2306 2322 illud
2333 2275 2577 2323 veterum
2603 2281 2713 2322 non
2740 2265 3053 2332 destruitur,
3077 2266 3127 2321 si
3166 2267 3432 2323 industria
3451 2269 3805 2340 suffragante

2176 2368 2441 2414 servetur.
2472 2358 2841 2428 Respiciamus
2861 2364 3008 2413 certe
3042 2372 3304 2429 aquarum
3333 2361 3495 2431 copia
3521 2373 3807 2432 quantum

2178 2448 2437 2506 Romanis
2456 2449 2723 2507 manibus
2744 2456 2966 2520 praestat
2992 2460 3264 2505 ornatum.
3292 2450 3428 2505 Nam
3454 2451 3809 2511 thermarum

2179 2543 2271 2599 illa
2313 2541 2658 2614 pulchritudo
2702 2540 2833 2611 quid
2880 2550 3043 2609 esset,
3087 2541 3136 2596 si
3179 2541 3497 2598 dulcissima
3545 2545 3809 2616 quaedam

2178 2651 2399 2708 aequora
2424 2652 2533 2691 non
2560 2634 2818 2690 haberet?
2846 2632 3029 2690 Currit
3057 2649 3198 2704 aqua
3232 2634 3387 2703 virgo
3415 2636 3522 2691 sub
3550 2636 3810 2693 delecta-

2180 2730 2330 2785 tione
2378 2727 2701 2799 purissima;
2748 2740 2868 2796 qua:
2911 2727 3032 2782 ideo
3082 2727 3162 2782 sic
3206 2726 3482 2796 appellata
3531 2730 3805 2798 creditur,

2179 2819 2321 2892 quod
2353 2819 2511 2874 nullis
2530 2817 2779 2873 sordibus
2797 2817 3088 2888 polluatur.
3119 2816 3253 2871 Nam
3273 2832 3399 2873 cum
3428 2819 3558 2874 alia:
3587 2821 3808 2890 pluvia.

477 2916 569 2987 qui
599 2916 767 2986 possit
806 2921 984 2969 tantos
1012 2914 1297 2970 instruere.
1342 2912 1560 2984 Recipis
1606 2921 1755 2970 certe
1791 2913 1948 2969 bona:
1972 2913 2081 2969 dis-
2178 2925 2298 2964 rum
2338 2909 2617 2964 nimietate
2661 2914 2876 2963 terrena
2916 2908 3301 2964 commixtione
3347 2909 3653 2979 violentur,
3687 2913 3805 2969 hac

476 3003 814 3075 pensationis
829 3010 934 3058 ture
947 3002 1273 3059 uberrimum
1289 3001 1539 3069 fructum,
1562 3017 1684 3058 cum
1706 3008 1763 3057 tu
1776 3002 1844 3058 de
1863 3003 2078 3059 illorum
2178 3014 2359 3055 aerem
2389 3007 2652 3070 perpetuo
2681 3013 2931 3054 serenum
2956 2998 3239 3067 purissime
3257 2998 3448 3055 labens
3468 3004 3624 3061 unda
3651 3018 3806 3059 men-

478 3094 668 3149 labore
696 3092 952 3158 laudaris,
985 3094 1030 3149 si
1070 3094 1138 3149 ab
1170 3094 1249 3150 eis
1276 3092 1559 3163 diligenter
1588 3092 1727 3149 facta
1750 3102 2078 3151 monstrave-
2101 3118 2146 3180 ο
2178 3091 2329 3145 titur.
2360 3088 2490 3157 Quis
2514 3089 2685 3159 possit
2714 3089 2843 3143 talia
2870 3088 3214 3144 sermonibus
3234 3088 3449 3146 idoneis
3477 3090 3805 3160 explicare?

478 3183 570 3239 ris.
601 3183 940 3254 Quapropter
965 3184 1222 3254 quidquid
1248 3183 1315 3239 ad
1336 3192 1391 3240 te
1411 3184 1667 3255 pertinet,
1695 3183 1770 3238 ita
1792 3184 2070 3251 decenter,
2126 3178 2135 3180 ἡ
2175 3180 2452 3237 Claudiam
2484 3194 2582 3252 per
2607 3186 2814 3235 tantam
2851 3178 3051 3249 fastigii
3097 3180 3297 3236 molem
3324 3180 3408 3236 sic
3433 3181 3504 3236 ad
3532 3181 3806 3240 Aventini

478 3275 552 3331 ita
591 3274 814 3332 ﬁrmiter
840 3275 1089 3332 volumus
1116 3275 1397 3346 explicari,
1439 3283 1501 3331 ut
1540 3275 1609 3331 ab
1638 3288 1805 3345 opere
1830 3283 2075 3331 veterum
2176 3282 2337 3345 caput
2364 3288 2486 3330 esse
2511 3274 2848 3344 perductam,
2881 3280 2941 3327 ut
2967 3287 3090 3327 cum
3121 3271 3195 3328 ibi
3241 3287 3309 3327 ex
3354 3272 3469 3330 alto
3516 3273 3681 3344 lapsa
3711 3260 3806 3332 ce-

479 3366 593 3423 sola
622 3365 783 3423 distet
803 3366 1012 3421 novitas
1037 3363 1378 3421 fabricarum.
1405 3364 1515 3421 Sed
1542 3365 1658 3420 haec
1685 3365 1961 3435 possibilia
1989 3364 2075 3421 fa-
2175 3364 2386 3429 ciderit,
2430 3378 2689 3420 cacumen
2717 3362 2849 3419 illud
2885 3363 3159 3420 excelsum
3188 3363 3346 3434 quasi
3390 3365 3560 3420 imam
3592 3366 3803 3421 vallem

481 3458 582 3525 cis,
629 3456 676 3511 si
725 3456 869 3512 dona
923 3463 1111 3513 nostra
1150 3454 1299 3511 nulla
1348 3455 1643 3527 cupiditate
1688 3457 2072 3527 suppresseris.
2177 3454 2403 3527 irrigare
2447 3453 2713 3509 videatur.
2774 3451 3063 3524 Egyptius
3115 3453 3269 3509 Nilus
3309 3455 3478 3511 certis
3521 3458 3804 3526 tempori-

482 3543 785 3601 Efﬁcaciter
805 3544 949 3600 enim
973 3545 1202 3614 imperat
1228 3543 1440 3610 artiﬁci,
1483 3545 1572 3615 qui
1597 3558 1722 3600 eum
1746 3546 2077 3616 competenti
2174 3545 2275 3601 bus
2301 3559 2550 3601 crescens
2576 3559 2676 3615 per
2700 3558 2920 3614 campos
2942 3543 3190 3613 jacentes
3216 3542 3554 3614 superducta
3582 3545 3807 3601 diluvio

483 3648 590 3690 non
626 3633 828 3704 patitur
854 3632 1240 3689 commoditate
1268 3632 1527 3689 fraudari.
1576 3632 1765 3690 Manus
1793 3634 1940 3704 larga
1984 3651 2075 3695 ar-
2179 3650 2307 3691 aere
2334 3649 2529 3690 sereno
2574 3633 2915 3689 turbulentus
2958 3641 3252 3700 exaestuat;
3285 3633 3379 3689 sed
3409 3645 3627 3703 quanto
3683 3637 3805 3706 pul-

485 3725 620 3781 tium
651 3725 817 3780 nutrit
845 3725 1081 3794 ingenia,
1108 3725 1324 3795 quando
1346 3726 1439 3795 qui
1462 3726 1530 3781 de
1551 3726 1696 3782 victu
1725 3742 1833 3782 non
1850 3728 2073 3797 cogitat,
2178 3724 2362 3781 ebrius
2372 3732 2476 3790 est,
2488 3721 2768 3778 Claudiam
2782 3720 3082 3778 Romanam
3097 3737 3192 3792 per
3213 3730 3293 3778 tat
3316 3723 3492 3779 siccas
3519 3727 3805 3781 montium

484 3814 907 3886 perﬁcerejussa
946 3813 1186 3871 festinat.
1224 3813 1359 3870 Illud
1389 3830 1608 3887 quoque
1635 3816 1939 3883 considera,
1967 3830 2075 3886 qua
2176 3815 2513 3872 summitates
2532 3814 2763 3870 lavacris
2790 3828 2856 3869 ac
2886 3812 3136 3869 domibus
3181 3813 3423 3883 liquores
3465 3816 3806 3884 purissimos

484 3903 877 3973 gratificatione
904 3906 1168 3971 tracteris,
1213 3911 1271 3960 ut
1312 3901 1340 3943 τι
1381 3919 1544 3960 aurea
1568 3904 1718 3973 virga
1765 3904 2070 3972 decoratus,
2180 3906 2477 3962 ﬁstularum
2507 3904 2764 3961 uberibus
2782 3904 3063 3969 emisisse;
3095 3911 3151 3958 et
3179 3904 3254 3959 ita
3279 3905 3568 3985 aequaliter
3597 3905 3803 3976 (linere,

482 3996 626 4101 inter
652 3998 907 4070 obsequia
932 4011 1242 4066 numerosa,
1286 4004 1414 4055 ante
1458 3997 1627 4067 pedes
1653 3996 1833 4067 regios
1856 3994 2063 4067 primus
2168 4005 2227 4053 ut
2279 4010 2552 4067 nunquam
2592 4010 2654 4052 se
2706 3995 2876 4068 possit
2926 3994 3233 4051 desiderata
3287 3995 3640 4054 subducere!
3709 3998 3805 4055 lue

473 2559 703 2617 rotator,
728 2558 823 2606 aut
860 2552 1255 2623 gypsoplastes,
1287 2555 1383 2604 aut
1420 2559 1443 2588 α
1484 2548 1807 2605 musivarius
1844 2548 2079 2619 ignorat,

475 2648 531 2697 te
566 2640 863 2711 prudenter
910 2641 1239 2709 interrogat;
1271 2648 1329 2729 et
1357 2647 1465 2694 tam
1494 2653 1720 2709 magnus
1747 2638 1838 2694 ille
1877 2637 2082 2696 fabrilis

476 2732 747 2788 exercitus
775 2731 843 2785 ad
870 2738 1024 2786 tuum
1070 2730 1300 2799 recurrit
1341 2729 1624 2800 judicium,
1667 2745 1737 2785 ne
1784 2730 1959 2800 possit
1981 2729 2082 2785 ali-

475 2825 607 2895 quid
631 2825 832 2880 babere
855 2822 1156 2880 confusum.
1190 2823 1321 2879 Vide
1335 2839 1465 2892 ergo
1484 2831 1685 2894 quanta
1705 2822 1867 2879 debet
1897 2839 2079 2891 nosse,

555 4210 580 4238 α
612 4198 915 4278 μςιιὼι-ιιπι
962 4197 1171 4278 aedilicii
1194 4211 1319 4278 “pro
1353 4204 1509 4278 parte
1554 4194 1775 4278 domus,
1812 4197 1879 4278 l.“
1885 4197 1981 4278 1'5,
1996 4196 2077 4278 'Sj
2182 4213 2299 4278 [ιιιῑζ
2340 4195 2488 4255 Petr.
2533 4195 2695 4254 Fabr.
2726 4196 2900 4269 Agon.
2934 4198 3029 4255 lib.
3061 4199 3110 4268 i;
3142 4204 3363 4269 Games,
3416 4200 3514 4257 lib.
3565 4218 3585 4259 ι
3609 4245 3627 4270 ,
3676 4220 3804 4278 cap.

483 4274 577 4334 ita,
610 4271 637 4343 §
671 4268 1149 4343 ldent_qu¢eri,_D._
1183 4264 1446 4343 Uenienti
1474 4274 1717 4343 ῑεειᾳῃι.;
1761 4268 1799 4322 ι.
1847 4265 1939 4343 52,
2184 4267 2243 4323 '5.
2271 4267 2391 4343 JU_u.

486 4334 725 4411 brorum,
757 4334 994 4411 §Pl‘ene,
1017 4337 1111 4411 _de_
1137 4337 1242 4411 leg.
1273 4334 1530 4411 5;_Pliu_._,
1580 4337 1677 4391 lib.
1710 4334 1954 4411 n,_epis_t.
1992 4335 2079 4402 l7,
2186 4406 2219 4411 _
2261 4347 2284 4376 ε
2317 4337 2579 4411 Comitium
2619 4338 2905 4411 formarum
2934 4338 3111 4411 Urbis,
3141 4337 3196 4394 id
3219 4341 3803 4411 estiaquteductuum.

486 4404 883 4481 Apuleiusf‘lib.
915 4422 970 4481 ιιι
999 4407 1067 4481 de
1088 4404 1273 4462 Asino.
1298 4405 1434 4468 Cic.,
1464 4404 1558 4481 ιιι).
1584 4421 1641 4461 ιιι
1669 4408 1734 4462 ad
1764 4404 1866 4481 Qu.
1899 4406 2079 4481 [ιλιι-η
2186 4406 2266 4481 De
2293 4423 2359 4481 eo
2379 4404 2683 4481 diciturqui
2699 4418 2917 4466 curator
2933 4407 3172 4481 aediﬁciis
3197 4404 3683 4481 prmﬁci'turmnde
3716 4413 3805 4470 de

489 4475 647 4560 epist.
679 4479 750 4566 ιλ
771 4476 882 4531 Nec
895 4478 1159 4566 habere“
1173 4484 1388 4566 poterat
1411 4475 1679 4566 adjuncta
1721 4477 1984 4566 cubicula,
2006 4485 2086 4566 Aet
2112 4504 2165 4566 Β
2189 4475 2430 4566 formitas
2465 4475 2814 4566 milli-liciorum
2852 4487 2908 4533 et
2927 4475 3445 4566 deformeslurujnm.
3472 4475 3722 4566 Sueten.
3754 4485 3805 4539 in

485 4545 754 4617 ejusmodi
805 4545 1063 4601 membra.
1116 4546 1292 4612 Quare
1338 4560 1447 4602 non
1505 4546 1945 4602 dissimulandum
1999 4552 2078 4601 est

486 4617 704 4694 Graecos
740 4615 903 4694 paulo
928 4616 1203 4694 angustius
1230 4615 1399 4694 videri
1426 4616 1727 4673 membrum
1753 4625 1963 4673 κοιτῶνα
1984 4630 2078 4672 ex-

2192 4545 2440 4602 Nerone:
2463 4546 2813 4603 Deformitate
2855 4556 3100 4603 veterum
3136 4549 3488 4605 adiﬁciorum
3529 4552 3803 4620 offensus,

2190 4625 2247 4671 et
2266 4617 2526 4694 angustiis
2553 4615 2883 4694 flerurisque
2901 4618 3139 4694 viarum;
3170 4619 3337 4694 1.22,
3367 4618 3487 4694 Lex
3513 4640 3638 4694 quia
3670 4634 3806 4678 tuta-

490 4683 757 4760 posuisse,
777 4685 830 4740 d.
866 4686 893 4757 ᾗ
918 4683 1065 4739 Idem
1088 4685 1269 4758 quaeri.
1310 4684 1477 4741 Fonu.

497 4826 515 4831 _
564 4755 592 4795 ⁵
633 4756 704 4831 T_e
732 4755 1104 4831 aidi_name,_te
1144 4764 1438 4826 praeeunte,
1486 4769 1556 4811 ex
1597 4762 1693 4811 tuo
1736 4754 2078 4831 prgascripto;

488 4826 746 4906 formulas
768 4827 909 4906 enim
931 4834 1013 4906 _et
1038 4824 1210 4893 ideas,
1254 4833 1317 4906 et
1354 4833 1528 4906 typos,
1577 4834 1637 4906 et
1677 4824 1979 4906 schemata,
2004 4833 2086 4906 _et

489 4896 902 4965 ichnograpliias
928 4895 1223 4965 futurarum
1248 4893 1575 4952 fabricarum
1614 4893 1844 4951 faciebat
1875 4903 1938 4950 et
1964 4894 2086 4965 pin-

488 4962 1013 5037 gebat'arcbitectus.
1068 4962 1237 5037 Funu.

568 5049 591 5076 ο
632 5034 965 5100 Musivarius,
1000 5049 1031 5105 a
1061 5033 1351 5089 musivario
1399 5047 1586 5105 opere,
1624 5033 1768 5105 quod
1814 5033 2089 5105 sectilibus

489 5106 777 5178 parvisque
799 5104 1151 5178 variigoloris
1177 5105 1371 5178 crustis
1392 5112 1623 5178 constat,
1656 5104 1933 5178 formas_et
1960 5104 2088 5158 ima-

485 5171 640 5247 gines
656 5171 845 5247 rerum
885 5171 1163 5247 efﬁngens.
1209 5173 1385 5247 Elius
1424 5173 1722 5247 _Spartian.,
1752 5175 1808 5228 in
1847 5172 2087 5247 Pescen-

488 5241 612 5312 ﬁio;
640 5246 701 5300 Ι).
744 5241 1047 5310 Augustin;
1080 5245 1173 5299 lib.
1209 5259 1296 5297 xvr
1324 5243 1391 5299 de
1412 5241 1570 5299 Civit.
1603 5242 1719 5308 Dei,
1752 5259 1803 5309 c,
1843 5241 1907 5308 8;
1950 5241 2086 5298 Gul-

487 5316 598 5371 liel.
632 5314 940 5379 Philander,
967 5312 1021 5367 in
1044 5312 1269 5369 Vitruvii
1299 5314 1391 5368 lib.
1417 5328 1508 5377 vn,
1549 5328 1597 5367 c.
1628 5312 1680 5381 l,
1707 5313 1973 5368 niusivum
2004 5312 2087 5366 in-

488 5391 816 5455 terpretatur
835 5383 978 5455 quod
1008 5399 1149 5455 nunc
1176 5383 1468 5455 mosaicum
1498 5382 1764 5447 dictitant,
1793 5384 1961 5455 cujus
1992 5396 2083 5455 ar-

489 5451 663 5510 tiﬁces
689 5454 796 5517 hic,
826 5451 883 5507 et
921 5453 1015 5506 lib.
1047 5469 1082 5521 ξ
1107 5451 1269 5521 Cod.,
1301 5453 1381 5507 tit.
1413 5454 1481 5508 de
1517 5467 1674 5507 excu.
1705 5452 1872 5519 artif.,
1914 5451 2083 5507 musi-

486 5525 623 5579 varii
651 5524 1015 5577 nominantur.
1046 5520 1212 5577 Fons.

561 5595 585 5629 ά
609 5591 711 5659 Qui
742 5593 793 5645 in
815 5591 933 5661 aula
972 5593 1331 5659 posteriorum
1360 5590 1567 5661 imperii
1599 5590 1759 5646 Rom.
1783 5590 2085 5661 principum

490 5675 635 5715 cum
662 5661 842 5729 palatii
881 5660 1087 5714 honore
1125 5675 1189 5714 ac
1228 5674 1452 5729 munere
1497 5660 1875 5729 fungebantur,
1919 5674 2085 5714 aurea

495 5729 645 5799 virga
663 5727 948 5787 decoratos
974 5729 1259 5789 incessisse
1284 5727 1448 5785 tradit
1489 5727 1750 5788 hoc‘loco
1793 5728 2084 5788 Cassiodo-

2189 4703 2294 4762 r_es,
2317 4686 2377 4741 C.
2410 4686 2491 4762 De
2511 4687 2707 4762 admin.
2735 4686 2995 4762 tut.;_l.l,_
3011 4688 3072 4762 1)ἷ
3094 4688 3173 4742 De
3195 4690 3326 4759 (ign.
3359 4686 3641 4762 injunélo;
3679 4695 3719 4748 l.
3753 4695 3803 4756 7,

2193 4755 2636 4836 .Prtgmnglepﬁ'.
2660 4757 3117 4836 praes._Cassiod.,
3148 4755 3331 4836 supra,
3353 4755 3453 4836 ιιιξ.
3476 4755 3680 4836 ιιι,ρῂ
3714 4755 3804 4831 29,

2191 4825 2244 4880 in
2276 4824 2496 4904 ﬁn.:_Ne
2526 4824 2773 4881 intcr'tot
2812 4827 3007 4904 decora
3037 4824 3296 4904 moenium
3335 4824 3605 4904 deformis
3620 4824 3805 4904 'appa;

2190 4904 2312 4979 real
2331 4897 2483 4951 ruina
2509 4910 2783 4979 saxorum.
2816 4895 2961 4979 @tﬂiu
2988 4899 3318 4979 pragmatica
3347 4897 3649 4957 Justiniani
3675 4895 3802 4979 sint

2191 4967 2403 5036 ctione,
2434 4981 2554 5036 qua:
2592 4967 2764 5020 veteri
2810 4965 3008 5022 Juliani
3054 4966 3400 5023 Novellarum
3443 4973 3803 5028 conversioni

2189 5035 2448 5105 additur:
2478 5036 2824 5105 Reparatioui
2869 5036 3197 5101 formarum,
3245 5047 3354 5093 etc.
3407 5038 3507 5095 Sic
3554 5047 3619 5099 τὸ
3673 5042 3803 5104 εἶδος

2191 5104 2586 5183 Hapgenopulo
2612 5105 2904 5183 aedilicium
2925 5116 3030 5172 est,
3056 5107 3191 5183 libro
3220 5122 3258 5162 ιι
3282 5108 3521 5183 tingi-ou.
3551 5112 3731 5176 Fons,

2266 5174 2289 5248 '_
2316 5174 2827 5248 Formaeaquarum,
2855 5175 2945 5229 lib.
2982 5191 3020 5240 ι,
3043 5176 3112 5248 de
3132 5177 3438 5247 aqua-duci.
3461 5174 3613 5237 Cod.
3651 5184 3689 5237 ι.
3714 5174 3800 5248 Π,

2189 5241 2291 5300 Ubi
2322 5243 2464 5298 male
2490 5241 2683 5321 Alei—at.
2717 5247 3043 5321 formarunt;
3074 5241 3290 5321 Farina;
3327 5249 3476 5321 enim
3509 5241 3803 5321 aqumduc;

2191 5322 2338 5386 t_nnm
2367 5314 2786 5386 exstructionem
2828 5314 3222 5386 aadiliciumque
3248 5314 3584 5385 signiﬁcant:
3618 5322 3685 5376 L.
3717 5322 3799 5386 27,

2278 5384 2577 5459 pendentes,
2601 5382 2630 5455 §
2657 5383 2860 5459 Siquid
2881 5382 3148 5459 cfaacqrii,
3178 5386 3240 5439 Ι).
3265 5382 3345 5440 De
3365 5390 3572 5459 usum;
3598 5391 3693 5458 leg
3717 5382 3798 5443 ll.

2186 5450 2333 5507 Idem
2362 5450 2626 5530 lulianus;
2651 5450 2812 5530 vulgo
2842 5455 2876 5530 l_.
2907 5452 2998 5519 38,
3028 5453 3384 5530 Cum‘sertgus,
3418 5450 3800 5530 {Idem-imit,

2186 5537 2326 5594 vers.
2364 5521 2571 5594 Haeres,
2591 5521 2660 5577 de
2710 5525 2815 5591 leg.
2847 5523 2897 5590 l,
2932 5540 3029 5594 pro
3068 5540 3221 5594 aqua:
3274 5521 3471 5583 forma.
3526 5530 3707 5586 Fons.
3738 5521 3799 5573 -έ

2188 5588 2256 5670 in
2302 5593 2503 5661 formis.
2553 5592 2611 5646 lu
2672 5588 3144 5670 constitutionibus
3194 5595 3507 5670 principum
3570 5601 3798 5670 legimus

2188 5613 2256 5643 ιη
2302 5613 2503 5661 ιον-ηαδ.
2553 5613 2611 5646 ιιι
2672 5613 3144 5648 consutuuonmus
3194 5613 3366 5664 princ:
3410 5613 3507 5653 um
3570 5613 3798 5670 tegimus

2187 5656 2388 5742 formas
2416 5676 2697 5742 aquarum,
2729 5671 2786 5716 ut
2835 5664 2870 5717 l.
2906 5664 2958 5732 l,
2985 5663 3158 5720 C.’De
3203 5613 3437 5737 equiti,
3480 5685 3619 5726 nov.
3653 5670 3710 5737 7,
3740 5671 3799 5726 de

2187 5730 2366 5787 mand.
2399 5730 2625 5804 princip.
2656 5731 2842 5788 Bnoss.
