3974 6430
176 394 281 450 ’ἔίὸ

1461 368 1820 454 mnum
1865 397 2064 452 LIBER
2109 396 2213 451 vn.

3391 396 3496 454 τη

169 513 730 580 et-itttdumtecedit,
773 517 932 571 limus
979 527 1094 583 est;
1138 516 1265 570 dum
1296 515 1446 570 venit
1492 514 1784 584 insperate,
1819 521 1862 574 Α
1895 514 2158 567 versutias
2213 511 2426 566 irretire
2475 509 2710 581 possitis.
2771 509 3000 564 Facilius
3053 509 3200 565 enim
3256 511 3495 572 restituat.

171 599 456 660 diluvium.
489 603 622 672 Quis
661 620 791 673 ergo
843 603 1109 660 famosum
1159 604 1338 659 Nilum
1395 601 1555 658 Urbis
1597 612 1798 658 nostra:

174 693 490 751 ﬂuminibus
511 713 620 751 non
659 697 890 752 restituet
919 713 1041 753 esse
1069 695 1426 767 superatum?
1453 693 1684 762 Quando
1710 694 1798 748 ille

176 785 387 842 incolas
419 802 551 842 suos
582 795 678 842 aut
719 787 991 844 veniendo
1022 797 1208 854 terret,
1243 795 1337 841 aut
1363 783 1670 842 reccdendo
1699 783 1797 840 dc-

175 879 373 934 stituit.
408 877 608 934 Verum
639 880 754 934 haec
783 896 891 936 non
945 878 1219 951 superﬂua
1273 877 1796 933 commemoratione

177 969 540 1034 narravimus,
574 979 632 1026 ut
663 971 838 1042 possis
865 971 1151 1027 advertere
1201 971 1378 1040 qualis
1407 985 1439 1023 a
1470 977 1524 1023 te
1571 967 1799 1035 diliget»

179 1061 253 1114 tia
295 1061 664 1131 perquiratur,
705 1063 792 1117 cui
835 1062 1180 1133 pulchritudo
1230 1069 1377 1116 tanta
1419 1058 1795 1114 committitur.

176 1150 294 1218 Qua
327 1151 401 1208 de
438 1169 497 1207 re
527 1168 623 1222 per
658 1154 710 1207 in
731 1155 1003 1208 ﬁctionem
1035 1153 1178 1207 illam
1209 1153 1518 1209 comitivam
1551 1150 1646 1205 tibi
1683 1149 1796 1203 for-

177 1261 392 1300 marum
449 1249 550 1301 sub
599 1260 794 1314 magna
849 1247 1248 1302 deliberatione
1311 1244 1676 1308 credidimus,
1738 1247 1798 1295 ut

177 1352 394 1393 summo
423 1338 603 1394 studio
644 1341 836 1395 nitaris
865 1339 1082 1395 efﬁcere
1124 1338 1269 1408 quod
1307 1338 1472 1393 tantis
1501 1352 1566 1392 ac
1603 1335 1799 1390 talibus

177 1428 344 1481 rebus
382 1428 583 1484 videris
621 1429 901 1500 expedire.
951 1428 1009 1484 In
1049 1430 1239 1500 primis
1273 1429 1464 1484 noxias
1495 1437 1520 1465 ι
1551 1427 1796 1491 arbores,

180 1533 301 1587 quae
332 1518 569 1574 inferunt
607 1519 938 1578 fabricarum
989 1522 1193 1588 ruinas,
1238 1521 1365 1578 dum
1411 1529 1537 1577 sunt
1578 1520 1797 1590 quidam

181 1611 444 1667 omnium
491 1611 870 1682 importabiles
920 1613 1156 1680 arietes,
1207 1629 1492 1670 censemus
1535 1611 1799 1670 radicitus

181 1702 474 1772 amputari,
505 1705 628 1774 quia
659 1704 804 1760 nulla
821 1705 968 1761 laesio
989 1714 1321 1771 removetur,
1342 1705 1494 1773 cujus
1513 1706 1666 1775 origo
1691 1721 1799 1758 non

185 1795 414 1850 tollitur.
443 1795 500 1850 Si
530 1797 659 1865 quid
681 1807 860 1852 autem
889 1799 1216 1854 conﬁciente
1242 1799 1394 1852 senio
1425 1797 1586 1854 fuerit
1615 1797 1801 1852 demo-

1903 621 2022 660 tnus
2049 603 2290 672 spltingis
2316 603 2600 671 (enigmata
2631 599 3018 672 comprehendi
3045 600 3306 668 potuisse,
3335 616 3502 674 quam

1900 696 2136 768 raptoris
2176 694 2421 764 fugacem
2460 693 2801 764 praesentiam
2839 692 3098 764 reperire.
3145 691 3240 748 Ille
3263 693 3521 770 circum-_

1900 794 2116 858 spectus
2138 785 2206 840 ad
2233 784 2416 840 omnia
2436 825 2453 852 ,
2479 782 2744 838 instabilis
2770 781 2842 838 ad
2877 791 3136 848 ventura,
3165 783 3404 853 trepidus
3431 784 3502 840 ad

1901 876 2143 944 insidias,
2171 872 2628 948 quemadmodum
2655 881 2836 944 potest
2861 871 3014 944 capi,
3058 872 3150 942 qui
3179 887 3329 930 more
3356 875 3502 930 venti

1899 969 2050 1025 nullo
2097 969 2218 1023 loco
2260 967 2500 1023 cernitur
2549 965 2860 1022 contineri?
2904 964 3075 1036 Vigila
3105 965 3332 1036 impiger
3378 980 3502 1026 cum

1903 1060 2184 1115 nocturnis
2219 1060 2406 1114 avibus
2437 1076 2450 1112 :
2483 1075 2590 1114 nox
2621 1057 2715 1112 tibi
2742 1056 2944 1128 pandat
2970 1063 3250 1127 aspectus;
3282 1065 3340 1112 et
3365 1057 3505 1115 sicut

1901 1152 2005 1206 illa:
2027 1151 2306 1221 reperiunt
2334 1151 2387 1204 in
2411 1149 2654 1205 obscuris
2681 1149 2889 1211 cibum,
2921 1148 2994 1202 ita
3025 1155 3080 1201 tu
3130 1146 3304 1216 possis
3345 1146 3500 1202 invev

1902 1245 2020 1300 nire
2070 1241 2420 1314 ptmconium.
2459 1239 2590 1296 Esto
2637 1257 2782 1296 nunc
2824 1240 2891 1296 ad
2936 1238 3171 1310 injuncta
3219 1237 3502 1300 sollicitus.

1901 1337 2174 1392 \‘cnalitas
2225 1337 2318 1391 tibi
2345 1351 2451 1392 non
2493 1336 2694 1390 adimat
2735 1335 2878 1407 quod
2918 1335 3167 1392 concedit
3217 1334 3502 1392 industria.

1901 1425 2033 1480 Nam
2063 1425 2186 1482 licet
2230 1427 2344 1481 bmc
2377 1425 2477 1481 sub
2505 1424 2768 1497 profunda
2801 1425 3026 1497 caligine
3054 1425 3337 1482 videantur
3363 1427 3498 1497 geri,

1901 1517 2080 1574 nullus
2109 1525 2289 1572 tamen
2320 1526 2473 1572 actus
2501 1527 2585 1572 est
2611 1518 2704 1586 qui
2730 1519 2900 1589 possit
2921 1517 3197 1574 abscondi.
3220 1517 3503 1590 Privilegia

1902 1624 2118 1680 quoque
2140 1617 2233 1663 tua
2263 1607 2346 1664 vel
2391 1605 2555 1663 ofﬁcii
2585 1607 2849 1678 deputati,
2882 1624 2950 1664 ex
2979 1618 3160 1665 nostra
3193 1609 3286 1664 tibi
3315 1619 3508 1668 aucto-

1903 1703 2066 1756 ritate
2109 1699 2510 1756 rationabiliter
2552 1698 2896 1764 vendicabis,
2923 1699 3047 1770 quia
3076 1715 3298 1755 necesse
3337 1699 3502 1758 estin

1903 1802 2016 1848 tam
2045 1808 2240 1863 magna
2281 1792 2500 1848 civitate
2528 1807 2626 1863 per
2649 1791 2892 1849 diversos
2913 1791 3126 1864 judices
3151 1792 3238 1862 agi
3264 1793 3408 1866 quod
3435 1795 3506 1851 ab

183 1885 364 1954 litum,
394 1887 640 1956 pervigili
663 1888 943 1944 celeritate
991 1889 1122 1961 [ed.,
1144 1887 1272 1944 Niv.
1299 1897 1348 1943 et
1376 1887 1500 1956 6a.,
1537 1889 1804 1974 claritate]
1839 1894 1881 1954 Β
1909 1902 2018 1943 uno
2046 1903 2153 1942 non
2181 1892 2362 1958 potest
2387 1883 2664 1956 explicari.

181 1989 493 2049 reparatur,
527 1996 594 2036 ne
617 1992 901 2038 crescente
931 1981 1150 2038 defectu
1163 1992 1428 2054 augeatur
1455 1984 1614 2039 nobis
1635 1999 1798 2040 causa

179 2070 473 2140 dispendii.
512 2071 715 2128 Ductus
743 2089 899 2144 aqua:
919 2072 1138 2130 fortuna
1173 2083 1264 2130 tua
1293 2084 1398 2141 est,
1424 2074 1552 2130 dum
1594 2074 1800 2132 incolu-

178 2163 290 2217 mis
313 2163 439 2230 eris,
470 2164 514 2220 si
536 2165 626 2218 illa
649 2165 996 2233 solidaveris;
1029 2174 1347 2238 tantumque
1377 2165 1519 2240 apud
1541 2182 1641 2222 nos
1669 2182 1800 2237 pro-

186 2255 324 2320 ﬁcis,
351 2264 614 2326 quantum
639 2265 692 2311 te
714 2257 790 2312 illi
809 2258 1078 2314 studuisse
1100 2259 1269 2333 [Cor.,
1295 2258 1421 2314 Niv.
1466 2269 1514 2314 et
1537 2258 1659 2325 (ἕω,
1683 2267 1802 2316 stu-

183 2344 361 2416 diose]
394 2347 728 2416 probaveris.
769 2347 908 2414 Agat
933 2363 1066 2418 ergo
1101 2350 1294 2420 peritia
1329 2349 1568 2420 ﬁdesque
1599 2357 1709 2416 tua,
1741 2356 1801 2406 tit

188 2444 248 2492 et
285 2439 625 2494 constructio
673 2437 890 2494 fabrica:
937 2441 1146 2496 illibata
1195 2451 1534 2512 permaneat,
1565 2451 1621 2498 et
1647 2455 1800 2512 aqua:

190 2527 508 2583 distributio
539 2529 684 2584 nulla
715 2546 774 2586 se
804 2532 1088 2588 custodum
1120 2534 1414 2589 venalitate
1441 2533 1726 2590 subducat.

325 2681 434 2737 νη.
470 2700 716 2740 ῖοιωυιηι
749 2701 1029 2742 ΡΒΞΡΕΟΤῙ
1059 2701 1278 2743 victum
1307 2704 1456 2743 Ullius
1487 2704 1668 2744 nosne.

261 2792 518 2860 Quamvis
548 2812 746 2850 nomen
779 2805 927 2850 lttttnt
958 2797 984 2834 ιι
1016 2797 1081 2852 ad
1105 2799 1338 2855 civitatis
1370 2809 1421 2854 te
1449 2801 1658 2871 vigilias
1697 2801 1796 2856 de-

185 2887 317 2941 beat
347 2887 612 2956 cxcitare,
645 2895 702 2941 ut
731 2889 907 2958 possis
937 2890 1162 2960 implere
1191 2889 1335 2960 quod
1361 2891 1590 2957 diceris;
1622 2900 1802 2948 tamen

186 2975 548 3048 providentia:
595 2987 791 3032 nostra:
827 2980 981 3034 solita
1023 2979 1234 3034 cautela
1282 2996 1390 3034 non
1421 2979 1660 3046 deserit,
1699 2981 1803 3036 nisi

188 3083 292 3123 eos
310 3083 448 3138 quos
469 3069 534 3122 ad
557 3070 821 3136 agendum
844 3071 1145 3140 deligimus,
1181 3071 1247 3126 ad
1269 3071 1563 3144 parendum
1587 3087 1805 3144 quoque

189 3166 436 3220 suaviter
477 3165 782 3221 invitemus.
833 3163 970 3233 Quid
997 3174 1080 3220 cst
1129 3166 1224 3221 tibi
1262 3165 1536 3236 pulchrius
1557 3181 1718 3236 quam
1749 3165 1806 3222 in

1909 1998 2069 2072 ub
2108 1997 2238 2054 Vill.
2267 2011 2520 2054 renuens
2549 2012 2834 2052 rursc'rt
2862 2011 3080 2054 vtetwl
3109 2011 3262 2054 uanis
3296 2011 3506 2055 eavea-

2615 2083 2791 2124 NA'I'IS.

1973 2160 2230 2229 Quamvis
2254 2160 2515 2230 dignitate
2543 2161 2722 2230 magni
2753 2159 2988 2216 nominis
3018 2159 3190 2232 prima
3205 2158 3384 2218 fronte
3402 2160 3506 2220 de.

1901 2253 2106 2308 corcris
2119 2251 2264 2324 (quia
2291 2267 2401 2307 non
2419 2251 2596 2322 potuit
2615 2250 2961 2320 antiquorum
2989 2249 3274 2320 prudentia
3295 2267 3504 2312 summa

1901 2339 2116 2414 imaque
2165 2343 2324 2398 simili
2356 2343 2721 2414 appellatione
2767 2357 3028 2412 censere,
3061 2358 3130 2399 ne
3157 2343 3504 2414 splendorem

1901 2452 2062 2508 quem
2085 2435 2308 2490 summis
2329 2433 2724 2490 dabatalterius
2751 2433 2958 2488 vilitate
2980 2431 3292 2505 pollueret),
3325 2443 3507 2493 tamen

1901 2528 2028 2584 binc
2057 2526 2372 2596 intelligitur
2397 2523 2529 2596 quid
2569 2525 2772 2580 sentire
2799 2523 3064 2593 majorum
3094 2525 3358 2596 potuisset
3379 2539 3508 2582 auc~

1906 2617 2116 2684 toritas,
2145 2617 2362 2688 quando
2388 2614 2671 2687 praefectos
2697 2613 2944 2684 vigilibus
2968 2615 3241 2687 appellare
3265 2617 3506 2683 volucre,

1904 2709 1996 2783 qui
2039 2725 2138 2780 pro
2171 2707 2412 2778 generali
2442 2707 2624 2778 quiete
2651 2705 2978 2762 discurrunt.
3023 2705 3144 2762 Tibi
3183 2708 3327 2763 enim
3355 2724 3510 2765 com-

1904 2802 2068 2858 inissa
2098 2807 2182 2855 est
2212 2801 2548 2855 fortunarum
2577 2796 2860 2862 securitas,
2893 2797 3126 2854 civitatis
3147 2799 3515 2876 ornatus,_uti-

1905 2895 2028 2950 litas
2055 2893 2296 2948 omnium
2317 2909 2332 2960 ;
2350 2891 2558 2949 scilicet
2579 2897 2636 2946 ut
2659 2890 2802 2946 circa
2827 2891 3159 2948 domesticos
3179 2901 3514 2962 grassatores

1904 2987 2109 3044 bellum
2149 2992 2401 3057 pacatum
2433 2997 2670 3052 gereres,
2703 2981 2746 3037 si
2787 2996 2948 3052 quem
2990 2981 3186 3038 civium
3216 2981 3516 3039 ﬁndendum

1905 3095 2027 3136 esse
2083 3078 2336 3134 sentires.
2387 3073 2612 3129 Custodi
2667 3073 2916 3130 fortunas
2965 3067 3228 3131 omnium.
3272 3071 3510 3130 Securus

1907 3185 2129 3230 somnus
2177 3177 2233 3223 te
2286 3164 2544 3236 vigilante
2609 3163 2889 3234 carpitur,
2949 3170 3006 3219 et
3056 3161 3307 3218 molestia
3362 3162 3512 3220 nulla

192 3255 285 3310 illa
321 3254 462 3311 Urbe
491 3273 712 3328 operam
745 3267 1007 3312 navanter
1029 3257 1362 3328 impendere,
1384 3257 1670 3328 diligentia:
1691 3269 1797 3316 tum
1826 3276 1872 3342 ρ
1901 3263 2150 3326 sentitur.
2197 3259 2256 3314 In
2304 3273 2441 3330 pace
2482 3256 2692 3329 positus
2746 3254 2914 3311 sumis
2961 3253 3029 3311 de
3086 3264 3352 3312 nocturno
3399 3253 3517 3312 fure

191 3348 287 3402 ubi
318 3347 454 3403 tales
492 3357 657 3404 testes
693 3348 946 3403 videntur
993 3349 1288 3404 assistere?
1317 3347 1540 3406 Cautela
1580 3349 1798 3420 quidem

195 3447 311 3500 tua,
343 3455 467 3493 mox
497 3447 558 3493 ut
600 3439 840 3494 adhibita
872 3437 1050 3507 fuerit,
1084 3456 1183 3510 per
1211 3441 1558 3511 patriciorum
1587 3450 1643 3497 et
1671 3458 1801 3498 con-

192 3529 372 3585 sulum
413 3545 507 3584 ora
547 3531 804 3586 discurrit
833 3549 845 3583 :
877 3532 968 3585 vix
1008 3539 1061 3586 te
1090 3532 1316 3600 contigit
1344 3532 1544 3604 aliquid
1569 3534 1802 3590 sollicite

191 3620 478 3688 fa(.-ere,et
520 3620 673 3674 audis
701 3636 954 3691 proceres
997 3637 1117 3678 cum
1161 3623 1516 3679 admiratione
1559 3623 1799 3680 laudare.

195 3711 526 3766 Mediocrem
564 3711 880 3780 dignitatem
925 3713 1095 3782 regis,
1129 3721 1186 3768 et
1225 3713 1279 3768 in
1309 3729 1516 3770 summa
1547 3715 1804 3785 opinione

193 3803 449 3859 versaris.
473 3803 668 3859 Custos
687 3803 946 3860 Romana:
968 3806 1203 3860 civitatis
1223 3805 1668 3876 diceris,quando
1682 3822 1803 3863 eam

195 3897 270 3952 ab
290 3897 542 3950 intestino
554 3897 712 3951 hoste
731 3895 990 3951 defendis.
1014 3893 1357 3968 Quapropter
1374 3899 1516 3953 circa
1531 3897 1676 3954 fures
1703 3899 1809 3955 sol-

197 3989 381 4042 licitus
409 3997 560 4052 esto;
588 4001 726 4056 quos
773 3987 874 4041 etsi
907 3987 1001 4042 tibi
1037 3987 1184 4057 leges
1209 3989 1402 4056 punire
1430 3989 1650 4042 minime
1671 4003 1810 4058 pra:—

196 4080 430 4148 cipiunt,
459 4087 640 4132 tanien
672 4093 765 4133 eos
795 4077 1082 4148 indagandi
1123 4078 1398 4134 licentiam
1427 4081 1806 4147 contulerunt;

199 4169 368 4224 credo
389 4179 447 4224 ut
469 4170 714 4239 quamvis
742 4178 922 4225 essent
951 4178 1202 4241 raptores
1223 4169 1591 4238 detestabiles,
1607 4179 1808 4239 tamen,

199 4262 332 4334 quia
360 4261 674 4316 dicebautur
704 4261 958 4329 Romani,
988 4261 1181 4330 majori
1210 4276 1305 4318 eos
1321 4261 1611 4317 subderent
1638 4261 1811 4330 digni-

201 4353 327 4406 tati.
358 4350 523 4406 Utere
567 4353 728 4422 igitur
767 4365 866 4422 pcr
894 4351 1241 4408 indictionem
1287 4353 1434 4408 illam
1474 4353 1811 4424 prtefecturai

201 4443 427 4513 vigilum
465 4443 744 4513 dignitate.
797 4442 1002 4500 ﬂorror
1049 4444 1146 4500 tibi
1187 4459 1470 4516 pmnarum
1526 4445 1811 4517 ademptus

199 4546 310 4601 est,
342 4552 450 4591 non
478 4545 748 4606 potestas;
779 4545 906 4590 nam
935 4537 1018 4590 lex
1047 4551 1077 4590 a
1119 4549 1228 4605 quo
1265 4535 1436 4590 voluit
1463 4535 1637 4590 malos
1663 4536 1805 4606 capi,

1902 3349 2344 3432 victorias.,'l‘uis
2382 3347 2582 3404 laureis
2610 3363 2770 3403 mane
2797 3347 2988 3404 civitas
3012 3346 3233 3405 defensa
3261 3347 3513 3415 ludatur;

1901 3460 2023 3517 quae
2047 3443 2173 3498 dum
2212 3447 2402 3511 captos
2427 3436 2671 3508 respicit,
2703 3444 2832 3492 tunc
2872 3451 2933 3492 se
2971 3435 3185 3494 occulto
3227 3435 3386 3493 boste
3421 3451 3519 3492 ca-

1903 3538 2074 3594 ruisse
2101 3532 2397 3604 cognoscit.
2429 3527 2680 3598 Quotidie
2710 3529 3040 3600 triumphas,
3068 3530 3114 3586 si
3140 3529 3280 3586 bene
3302 3529 3512 3602 vigilas.

1904 3628 1972 3684 Et
1999 3643 2122 3683 cum
2153 3641 2276 3680 rara
2300 3623 2371 3682 sit
2397 3621 2570 3693 gloria
2606 3621 2784 3677 bellici
2813 3621 3126 3678 certaminis
3148 3662 3166 3690 ,
3197 3622 3292 3678 tibi
3317 3621 3520 3694 iugiter

1905 3717 2208 3774 latronibus
2248 3713 2540 3772 famulatur
2583 3712 2832 3768 inventis.
2875 3711 3193 3770 Oducatum
3235 3714 3402 3770 nimia
3441 3715 3522 3772 ci-

1912 3811 2061 3866 vium
2091 3807 2376 3864 aﬁ'ectione
2398 3805 2736 3877 susceptum!
2768 3804 3022 3861 Assumes
3041 3805 3322 3876 praedones
3341 3807 3524 3879 inqui-

1907 3915 2030 3976 rere
2057 3915 2193 3970 quos
2219 3913 2318 3969 per
2345 3912 2406 3952 se
2441 3897 2693 3952 dominus
2718 3902 2826 3950 nun
2854 3896 2997 3950 valet
3027 3895 3308 3965 invenire;
3337 3907 3394 3955 et
3413 3899 3513 3956 du-

1910 3987 2032 4060 plici
2063 3985 2274 4041 ratione
2293 3981 2568 4039 beneﬁcus
2595 3991 2690 4038 aut
2730 3981 2913 4038 futura
2937 3982 3080 4038 furta
3110 3986 3396 4056 prohibes,
3419 3997 3514 4044 aut

1913 4081 2201 4137 commissa
2230 4077 2528 4134 concludis.
2549 4077 2742 4134 Nonne
2768 4077 2868 4134 ista
2898 4077 3142 4149 quasdam
3171 4087 3254 4136 est
3273 4079 3523 4135 ineﬁabi-

1915 4173 1980 4227 lis
2009 4171 2179 4242 gratia
2209 4169 2444 4226 civitatis
2463 4212 2479 4240 ,
2501 4185 2665 4226 unum
2691 4171 2744 4225 in
2775 4172 3165 4244 sesuscipere,
3198 4174 3341 4244 quod
3373 4173 3520 4232 videt

1917 4264 2171 4320 omnibus
2221 4260 2522 4334 expedire?
2572 4259 2764 4347 ﬁlerito
2821 4263 2917 4318 tibi
2968 4263 3264 4334 gloriosum
3315 4280 3521 4322 nomen

1914 4357 2152 4430 prurfccti
2197 4356 2434 4428 prudens
2474 4355 2769 4426 antiquitas
2796 4354 3092 4428 deputavit,
3116 4357 3242 4426 quia
3265 4355 3408 4412 istud
3435 4355 3519 4414 fa-

1915 4464 2042 4505 cere
2063 4464 2170 4504 non
2191 4453 2438 4518 poterat,
2461 4447 2562 4502 nisi
2589 4446 2679 4516 qui
2713 4445 2857 4502 cives
2886 4459 2918 4500 a
2939 4446 3050 4502 suis
3076 4445 3377 4504 commodis
3397 4447 3520 4519 plus

1916 4542 2152 4598 amabat.
2203 4537 2452 4596 Ofﬁcium
2501 4543 2720 4610 quoque
2769 4547 2920 4594 tuum
2952 4554 3062 4594 non
3109 4555 3278 4612 parvo
3305 4547 3523 4596 constat

201 4630 380 4700 ipsum
402 4629 612 4684 censuit
633 4628 751 4698 plus
773 4628 969 4683 timeri.
993 4625 1110 4682 Eris
1133 4627 1393 4681 securitas
1413 4626 1807 4696 soporantium,
1839 4657 1889 4716 Β
1914 4647 2141 4688 munere
2183 4631 2520 4688 sublevatum
2546 4649 2559 4686 :
2593 4629 2813 4700 quando
2859 4637 2917 4686 et
2944 4630 3074 4702 ipsis
3101 4633 3358 4688 momenti
3397 4632 3524 4703 jura

201 4720 485 4776 munimen
505 4719 808 4784 domorum,
825 4717 995 4772 tutela
1014 4718 1395 4784 claustrorum,
1413 4716 1686 4772 discussor
1707 4717 1808 4772 ob-

203 4827 422 4876 scurus,
451 4811 652 4866 arbiter
677 4811 1002 4875 silentiosus,
1030 4809 1116 4866 cui
1160 4809 1350 4865 fallere
1389 4807 1704 4864 insidiantes
1731 4807 1813 4862 fas

204 4912 313 4962 est.
347 4913 403 4957 et
428 4903 678 4974 decipere
722 4902 915 4970 gloria.
942 4901 1108 4956 Actus
1136 4909 1260 4957 tuus
1299 4899 1517 4956 venatio
1546 4907 1812 4954 nocturna

205 5004 318 5060 est,
343 5009 462 5064 qua:
491 4995 628 5048 miro
672 4993 833 5049 modo
862 4994 910 5048 si
951 5010 1057 5048 non
1101 4995 1376 5062 cernitur,
1419 5001 1546 5048 tunc
1595 4993 1815 5046 timetur

203 5087 364 5161 {Alit}
393 5083 646 5156 tenetur].
674 5083 839 5138 Furta
867 5085 1036 5153 magis
1064 5086 1118 5139 in
1147 5085 1353 5140 furibus
1376 5083 1668 5150 facis,dum
1693 5084 1814 5140 illos

202 5177 602 5233 circumvenire
631 5177 814 5232 niteris
844 5191 982 5246 quos
1011 5177 1257 5232 omnibus
1279 5175 1504 5230 illudere
1533 5189 1694 5246 posse
1721 5189 1817 5231 co-

207 5269 450 5339 gnoscis.
484 5265 743 5338 Praestigii
771 5281 939 5337 genus
965 5277 1050 5323 est
1073 5267 1218 5338 quod
1247 5268 1424 5336 agitis,
1455 5277 1513 5320 ut
1542 5268 1811 5324 latronum

289 5427 572 5501 {Arbores
612 5425 1280 5501 quwrinferttntjabricmj.
1324 5429 1524 5501 ruinas.
1568 5428 1826 5501 Ai‘boreis

209 5497 456 5554 mdiﬁciis
486 5497 678 5567 noxiae,
728 5500 764 5554 l.
813 5497 864 5565 1,
896 5499 957 5554 C.
990 5497 1068 5553 De
1086 5499 1301 5562 iuterd.;
1333 5497 1428 5552 lib.
1429 5515 1514 5621 ἐι,
1541 5500 1698 5568 epist.
1723 5499 1813 5553 39.

1473 5585 1597 5621 una.

1473 5585 1574 5624 0111‘
1583 5607 1597 5622 .

289 5640 320 5680 ιι
352 5637 597 5695 Praefecti
627 5639 844 5708 vigilum
885 5639 1018 5695 nihil
1049 5637 1119 5694 de
1158 5638 1478 5709 capitalibus
1516 5640 1696 5698 causis
1720 5654 1817 5697 sua

209 5713 540 5768 auctoritate
569 5719 808 5766 statuere
857 5709 1092 5766 debent:
1126 5709 1220 5766 sed
1257 5710 1304 5766 si
1347 5709 1475 5779 quid
1512 5709 1818 5779 huiusmodi

207 5782 464 5837 evenerit
489 5780 709 5834 culmini
735 5788 837 5835 tuae
864 5782 1148 5850 potestatis
1177 5779 1396 5844 referre,
1431 5789 1490 5834 ut
1517 5779 1584 5834 de
1613 5795 1820 5836 memo-

215 5853 355 5908 ratis
383 5852 558 5906 causis
588 5851 818 5904 celsiore
848 5852 1112 5922 sententia
1149 5850 1442 5922 iudicetur,
1469 5851 1506 5904 ι.
1535 5850 1818 5922 ΑΡι-ωίεειί,

217 5926 286 5980 C.
307 5922 385 5976 De
414 5922 506 5991 (ιη’.
528 5922 840 5990 ργτειζυῑθὶι.
865 5921 991 5974 Ideo
1019 5921 1213 5978 dicitur
1241 5921 1503 5979 obscurus
1526 5920 1716 5992 judex',
1739 5935 1824 5980 ar-

523 6018 792 6074 PATROL.
839 6011 1074 6093 LXIX,

1914 4724 2139 4780 dilatata
2168 4732 2322 4788 sunt,
2353 4722 2444 4792 qui
2473 4737 2573 4791 pro
2595 4721 2892 4778 securitate
2929 4721 3129 4778 civium
3162 4723 3395 4780 militare
3423 4741 3523 4782 no-

1913 4823 2138 4870 scuntur
2161 4825 2208 4868 α.
2237 4813 2371 4881 Qum
2392 4829 2514 4868 cum
2537 4812 2612 4866 ita
2643 4813 2766 4876 sint,
2793 4810 3164 4881 puefecmram
3186 4813 3282 4870 tibi
3302 4812 3526 4884 vigilum

1917 4921 2018 4976 per
2047 4906 2192 4959 illam
2221 4905 2600 4967 indictionem,
2619 4904 2874 4958 delectati
2902 4911 2993 4959 tua
3022 4905 3302 4975 opinione,
3333 4921 3526 4964 conce-

1917 4995 2124 5060 dimus;
2158 4997 2228 5050 ita
2260 5005 2318 5049 ut
2347 5003 2402 5050 et
2431 5010 2615 5050 curam
2643 4993 2802 5062 hujus
2835 4992 3114 5064 dignitatis
3149 5003 3206 5051 et
3240 4998 3526 5068 privilegia

1923 5086 2019 5140 tibi
2068 5087 2430 5156 competentia
2477 5087 2655 5142 modis
2711 5085 2964 5140 Omnibus
3016 5087 3353 5156 exsequeris.
3415 5089 3525 5145 Sed

1919 5178 2167 5246 quamvis
2194 5193 2390 5233 nomen
2426 5177 2823 5233 odiosissimum
2843 5175 3021 5231 furum
3044 5178 3314 5244 generalis
3333 5189 3525 5251 perse-

1921 5277 2118 5341 quatur
2148 5287 2419 5338 assensus,
2442 5280 2621 5328 tamen
2642 5270 2764 5340 quia
2794 5271 2865 5326 de
2883 5267 3144 5324 eﬁ‘usione
3164 5269 3386 5328 humani
3407 5287 3528 5330 san-

1933 5427 2072 5500 bitcr
2099 5427 2427 5492 silentiosus,
2451 5425 2902 5500 incendiariorum
2939 5437 2996 5484 et
3019 5427 3195 5500 furum
3224 5427 3528 5500 indagator.

1926 5498 2214 5568 Eleganter
2241 5507 2461 5568 auctor,
2492 5495 2631 5552 furta
2672 5513 2798 5568 cum
2830 5497 3008 5556 facere
3049 5501 3102 5556 in
3130 5495 3379 5567 furibus:
3397 5499 3528 5556 dum

1922 5567 2045 5640 illos
2077 5576 2239 5623 noctu
2261 5567 2637 5640 circumvenit.
2655 5567 3022 5640 Aliarmenop"
3048 5572 3132 5627 tit.
3154 5570 3224 5625 de
3250 5571 3526 5640 dignitat.,

1923 5639 1955 5712 §
1985 5639 2239 5712 5,_refert_
2265 5635 2503 5692 ofﬁcium
2533 5637 2772 5712 praefecti
2801 5635 3020 5712 vigilum
3059 5643 3126 5697 ad
3167 5635 3412 5697 incendia
3441 5635 3532 5698 ar;-

1924 5707 2094 5766 eenda
2117 5708 2445 5775 institutum,
2471 5715 2530 5761 et
2551 5707 2620 5764 de
2647 5707 3010 5778 incendiariis,
3028 5711 3421 5776 eﬁi'actoribus,
3447 5712 3531 5768 fu-

1924 5781 2074 5838 ribus
2109 5788 2166 5835 et
2192 5779 2623 5848 receptatoribus
2646 5793 2996 5848 cognossem.
3025 5783 3214 5837 Baoss.

2001 5861 2024 5891 ε
2051 5847 2227 5928 Hunc_
2249 5847 2428 5928 locum
2453 5849 2688 5920 explicat
2711 5847 2856 5920 Cuj.,
2885 5851 2944 5908 in
2983 5849 3207 5910 Paratil.
3235 5847 3370 5910 Cod.
3403 5852 3530 5928 188,

1925 5921 2022 5980 lib.
2044 5936 2160 5991 vin,
2191 5920 2275 5978 tit.
2305 5919 2360 5976 5.
2382 5921 2512 5980 Foa.

3007 6013 3088 6074 23
