3974 6392
279 269 384 326 717

187 508 198 514 -
274 476 433 546 gibus
461 480 682 550 patiaris
705 483 956 554 Opprimi,
990 499 1092 539 nec
1117 485 1380 540 charitate
1409 488 1670 542 consumi.

564 613 679 670 ΧΠ.
707 631 954 671 ronuuu
984 633 1280 674 cunnoms
1307 634 1592 674 C‘lVl'l'ATlS.

343 703 603 772 Quamvis
631 723 728 777 per
752 723 812 763 se
841 709 1173 766 honorabilis
1214 710 1497 776 habeatur,
1540 711 1632 780 qui
1663 713 1746 766 vel
1773 712 1876 766 mi-

271 794 476 850 nimam
505 797 920 854 sollicitudinem
951 800 1155 854 civitati
1184 801 1412 870 proprim
1442 801 1656 856 videtur
1677 803 1879 872 impen-

270 885 426 951 dere,
456 896 516 942 et
539 888 682 944 inter
708 905 837 944 suos
866 905 1061 960 magna
1089 892 1392 946 reverentia
1423 893 1754 962 perfruatur,
1784 895 1875 962 qui

269 974 419 1029 cives
448 991 510 1030 se
537 992 722 1032 amare
750 978 1025 1048 professus
1054 987 1159 1047 est,
1189 987 1371 1034 tamen
1402 981 1732 1036 indubitatus
1759 983 1876 1038 tho-

270 1080 376 1120 nor
414 1075 516 1132 est,
565 1069 658 1137 qui
688 1079 871 1123 nostra
903 1070 1172 1124 electione
1199 1069 1495 1137 confertur,
1527 1071 1652 1142 quia
1679 1073 1875 1143 praedi-

270 1162 357 1210 tus
379 1156 537 1212 bonis
566 1159 826 1213 institutis
853 1161 1112 1227 creditur,
1139 1161 1225 1216 cui
1247 1160 1450 1230 aliquid
1491 1160 1750 1232 principis
1776 1178 1876 1218 au-

269 1247 523 1304 ctoritate
567 1249 866 1319 delegatur.
913 1249 982 1304 Et
1031 1251 1154 1307 ideo
1179 1251 1249 1306 ab
1273 1251 1572 1308 indictione
1600 1253 1690 1309 illa
1727 1254 1873 1312 illius

267 1336 505 1392 civitatis
530 1354 716 1394 curam
737 1340 804 1395 ad
832 1348 882 1396 te
903 1341 1152 1398 volumus
1172 1343 1468 1412 pertinere,
1490 1351 1551 1398 ut
1579 1344 1870 1402 laudabiles

266 1427 485 1484 ordines
511 1431 674 1485 curiae
717 1433 992 1502 sapienter
1041 1435 1350 1504 gubernes;
1377 1436 1656 1491 moderata
1693 1437 1867 1508 pretia

264 1518 335 1572 ab
391 1520 525 1589 ipsis
574 1537 804 1591 quorum
853 1524 1078 1581 interest
1112 1525 1279 1582 facias
1318 1526 1603 1584 custodiri.
1651 1529 1768 1584 Non
1799 1531 1869 1585 sit

263 1624 478 1666 merces
518 1613 570 1667 in
616 1623 887 1686 potestate
935 1618 1051 1672 sola
1093 1618 1478 1684 vendentium,
1530 1621 1867 1692 aequabilitas

261 1708 417 1768 grata
437 1705 774 1760 custodiatur
795 1707 850 1761 in
872 1709 1142 1763 omnibus.
1160 1708 1577 1779 Opulentissima
1598 1711 1863 1781 siquidem

1564 284 1924 341 V’ARIARUM
1969 285 2168 343 LIBER
2209 289 2318 346 γη.

279 401 472 443 revera
499 389 628 447 boni
658 391 956 450 defensoris
985 393 1242 460 officium,
1274 396 1318 456 si
1349 396 1494 452 cives
1520 406 1640 452 tuos
1667 413 1766 452 nec
1793 399 1872 452 le-
1905 407 1950 462 Α
2024 390 2030 396 ’

3476 311 3576 367 TIR

2215 399 2353 454 XIV.
2400 418 2648 460 mnum
2681 421 2948 467 coutrrvz
2977 427 3330 472 nummus.

2056 515 2114 568 Si
2141 513 2456 570 mstimanda
2505 527 2589 573 est
2614 517 2846 588 dignitas
2871 537 2942 578 ex
2993 524 3198 594 labore,
3222 528 3268 583 si
3296 528 3580 587 laudabilia

1982 606 2290 662 sollicitudo
2319 617 2534 663 actuum
2558 611 2894 680 publicorum
2919 618 3061 686 parit
3087 621 3316 688 gratiam
3343 621 3580 678 liberali-

1981 705 2068 752 ter
2093 697 2370 766 servienti,
2403 715 2611 756 summa
2639 703 3034 772 gratificatione
3059 708 3210 768 locus
3237 719 3363 768 tuus
3381 712 3583 770 haben-

1981 789 2084 846 dus
2109 800 2210 856 est,
2241 793 2333 862 qui
2357 793 2470 849 suis
2493 797 2907 855 necessitatibus
2931 802 3192 870 probatur
3211 803 3452 861 adimere
3480 807 3582 862 no'-

1980 884 2584 943 striswrdinationibus
2630 891 2958 948 tarditatem.
3011 893 3141 961 Quis
3180 876 3325 954 enim
3371 901 3580 958 nesciat

1943 1015 1949 1021 .
1977 983 2236 1042 quantam
2266 977 2482 1048 copiam
2497 980 2710 1035 navium
2733 982 2926 1040 leviter
2955 1000 3216 1055 procures
3242 989 3578 1049 admonitus?

1978 1065 2023 1118 A
2051 1065 2404 1136 dignitatibus
2448 1073 2608 1142 ne
2650 1072 2838 1142 palatii
2866 1076 3040 1132 nostri
3067 1078 3158 1134 vix
3188 1079 3242 1135 in
3271 1083 3572 1140 evectioni-

1974 1157 2076 1212 bus
2102 1157 2376 1227 scribitur,
2404 1168 2461 1216 et
2500 1163 2612 1231 jam
2641 1173 2750 1220 ate
2776 1180 2986 1224 summa
3025 1170 3305 1226 celeritate
3329 1176 3573 1244 comple-

1977 1255 2082 1302 tur.
2113 1247 2246 1304 Nam
2275 1251 2420 1306 inter
2465 1253 2807 1311 dimissorum
2847 1255 3222 1318 festinationes
3257 1265 3446 1320 anxias
3483 1266 3574 1322 vix

1971 1336 2170 1394 sufficit
2193 1339 2333 1396 alter
2351 1341 2634 1400 advertere
2651 1347 2797 1416 quod
2817 1355 2872 1406 te
2899 1350 3164 1408 vivaciter
3183 1355 3446 1426 contingit
3468 1357 3572 1413 im-

1971 1427 2141 1496 plere.
2182 1429 2592 1500 Negotiatorum
2637 1451 2835 1506 operas
2885 1451 3176 1500 consuetas
3223 1459 3328 1502 nec
3376 1447 3573 1504 nimias

1969 1518 2158 1587 exigas
2181 1535 2285 1576 nec
2305 1523 2599 1581 venalitate
2629 1525 2990 1600 derelinquas.
3016 1531 3096 1588 Sit
3117 1535 3312 1592 modus
3339 1539 3432 1607 qui
3459 1553 3570 1594 non

1969 1619 2149 1680 potest
2168 1626 2395 1682 gravare
2416 1615 2746 1687 laborantes,
2771 1628 2831 1676 ut
2849 1633 2974 1678 eum
2995 1638 3085 1680 res
3103 1627 3421 1694 querelosas
3448 1629 3569 1686 sine

1967 1702 2320 1770 querimoniis
2348 1707 2544 1776 egeris,
2597 1709 2804 1780 majora
2843 1712 2910 1769 de
2959 1723 3146 1771 nostro
3173 1719 3425 1776 examine
3451 1735 3568 1777 me-

262 1799 319 1845 et
349 1793 475 1848 hinc
517 1796 692 1864 gratia
722 1797 920 1853 civium
948 1775 1242 1868 colligitur,
1269 1800 1315 1855 si
1340 1801 1515 1871 pretia
1541 1803 1642 1858 sub
1662 1775 1846 1859 mode-

1970 1794 2160 1849 rearis.
2191 1793 2422 1854 Proinde
2441 1799 2752 1857 comitivam
2781 1801 3154 1862 Ravennatem
3187 1823 3287 1880 per
3313 1809 3460 1868 illam
3486 1813 3568 1868 in-

263 1885 475 1942 ratione
497 1899 804 1958 serventur;
831 1899 890 1944 ut
916 1907 1044 1947 vere
1064 1887 1330 1948 curatoris
1351 1893 1576 1964 impleas
1601 1895 1863 1966 officium,

259 1991 385 2032 cum
444 1980 540 2034 tibi
587 1982 895 2038 sollicitudo
933 1983 1096 2038 fuerit
1147 1985 1216 2052 de
1265 1985 1497 2041 utilitate
1522 1996 1858 2044 cunctorum.

261 2075 288 2104 ιι
331 2067 766 2128 Consuetudines
825 2083 1005 2130 autem
1044 2075 1142 2130 tibi
1171 2069 1251 2132 'ex
1301 2086 1490 2132 nostra
1537 2082 1862 2136 auctoritate

256 2158 510 2228 defende,
558 2177 692 2233 quas
719 2164 773 2220 in
802 2165 995 2222 eodem
1044 2167 1166 2224 loco
1205 2177 1328 2226 tuos
1351 2179 1564 2226 constat
1606 2171 1861 2230 habuisse

258 2267 519 2323 majores.

565 2385 700 2442 Xlll.
734 2405 980 2446 FORIIULA
1015 2406 1284 2448 COIITIVE
1313 2408 1565 2450 ιιοιηΑΜ-ῖ.

324 2472 381 2528 Si
411 2475 608 2532 clausis
629 2479 880 2534 domibus
901 2496 965 2537 ac
989 2483 1206 2537 munitis
1229 2483 1466 2540 insidiari
1489 2486 1622 2541 solet
1647 2487 1857 2558 nequis-

251 2563 446 2619 simum
472 2576 672 2632 votum,
708 2579 913 2638 quanto
965 2573 1134 2641 magis
1173 2573 1225 2627 in
1258 2573 1500 2629 Romana
1530 2576 1747 2634 civitate
1776 2581 1857 2634 vi-

251 2651 409 2708 detur
462 2656 610 2724 illici,
644 2659 736 2728 qui
787 2659 839 2713 in
895 2661 1086 2730 plateis
1117 2664 1412 2732 pretiosum
1462 2668 1665 2737 reperit
1707 2670 1853 2739 quod

251 2747 424 2816 possit
451 2748 699 2805 auferri?
746 2752 878 2808 Nam
919 2755 1135 2823 quidam
1167 2757 1398 2826 populus
1448 2759 1852 2830 cepiosissimus

250 2847 564 2905 statuarum,
583 2855 774 2912 greges
797 2845 959 2899 etiam
984 2845 1430 2902 abundantissimi
1453 2864 1736 2920 equorum,
1758 2853 1851 2908 tali

247 2941 374 2985 sunt
397 2934 607 2988 cautela
637 2939 906 3004 servandi,
939 2939 1085 3008 quali
1115 2948 1170 2995 et
1209 2954 1334 2996 cura
1375 2942 1626 3000 videntur
1653 2945 1799 3002 affixi
1831 2966 1846 3002 ε

247 3021 362 3086 ubi,
383 3023 430 3078 si
459 3033 605 3080 esset
640 3027 888 3084 humanis
917 3030 1078 3084 rebus
1101 3031 1206 3085 ulla
1231 3033 1614 3100 consideratio,
1646 3035 1846 3093 Roma-

247 3127 376 3167 nam
405 3115 858 3185 pulchritudinem
883 3137 984 3176 non
1015 3122 1226 3190 vigilim,
1250 3123 1343 3180 scd
1371 3125 1485 3180 sola
1509 3127 1732 3184 deberet
1759 3145 1843 3186 re-
1871 3149 1916 3210 ο

246 3208 487 3264 verentia
515 3211 806 3266 custodire.
841 3210 979 3280 Quid
1007 3214 1250 3272 dicamus
1297 3231 1570 3273 marmora
1609 3221 1844 3279 metallis

245 3305 302 3350 ct
344 3307 460 3354 arte
487 3303 722 3372 pretiosa
755 3319 770 3369 ;
818 3319 938 3373 qua:
980 3306 1024 3359 si
1057 3316 1210 3362 vacet
1239 3309 1468 3380 eripere,
1500 3325 1621 3365 rara
1649 3326 1842 3370 manus

243 3400 331 3446 cst
349 3409 469 3462 quae
515 3395 686 3465 possit
711 3411 742 3450 a
773 3398 967 3454 talibus
989 3401 1294 3456 abstinere?
1318 3401 1394 3457 lbi
1417 3400 1544 3458 sunt
1569 3407 1840 3477 exposita,

241 3494 362 3548 qum
388 3480 564 3537 facere
584 3491 878 3554 potuerunt
906 3487 1102 3543 divitize
1125 3491 1406 3558 generales
1428 3500 1486 3547 et
1507 3493 1664 3549 labor
1684 3512 1840 3552 mun-

239 3573 318 3626 di.
341 3573 511 3638 Quem
535 3574 676 3629 inter
699 3576 802 3631 ista
830 3577 1021 3634 deceat
1047 3595 1166 3636 esse
1195 3582 1599 3653 negligentem?
1625 3585 1755 3653 Quis
1783 3588 1838 3644 in

239 3681 407 3720 causa
438 3668 530 3722 tuli
579 3671 783 3740 patitur
807 3687 929 3727 esse
968 3674 1190 3741 venalis,
1221 3677 1438 3745 quando
1461 3679 1836 3746 gravissimum

237 3759 494 3814 damnum
567 3771 746 3832 potest
801 3762 916 3821 fieri
969 3766 1023 3821 in
1075 3767 1476 3838 pulchritudine
1529 3771 1837 3840 singulari?

236 3849 419 3917 Quare
450 3867 547 3924 per
571 3855 916 3912 indictionem
946 3858 1088 3912 illam
1115 3860 1382 3914 comitivaa
1428 3855 1684 3918 Romana:
1711 3879 1834 3918 cum

229 3943 532 4012 privilegiis
579 3953 637 4000 et
675 3945 836 4016 justis
883 3949 1184 4006 commodis
1209 3951 1320 4006 suis
1365 3953 1460 4006 tibi
1489 3953 1836 4011 concedimus

234 4031 588 4100 dignitatem;
619 4041 680 4090 ut
709 4035 854 4092 fideli
881 4037 1062 4093 studio
1110 4054 1414 4110 magnoque
1459 4043 1577 4097 nisu
1623 4059 1834 4113 quaaras

233 4121 512 4192 improbas
539 4141 758 4191 manus,
791 4135 847 4183 et
893 4128 1206 4186 insidiantes
1233 4139 1326 4186 aut
1367 4133 1698 4204 privatorum
1723 4134 1834 4192 for-

232 4215 381 4270 tunis
431 4224 524 4271 aut
553 4218 842 4288 mmuibus,
871 4220 938 4274 ad
969 4229 1118 4275 tuum
1141 4218 1306 4278 facias
1333 4223 1520 4280 venire
1538 4225 1831 4296 judicium;

231 4315 307 4369 et,
329 4308 411 4362 rei
433 4310 659 4366 veritate
679 4311 942 4382 discussa,
965 4329 1259 4384 congruam
1281 4317 1510 4386 subeant
1531 4319 1600 4375 de
1625 4320 1832 4390 legibus

229 4397 516 4454 ultionem.
541 4400 675 4468 Quia
699 4403 846 4471 justc
867 4407 1002 4461 tales
1025 4408 1363 4476 persequitur
1381 4411 1628 4479 publicus
1651 4413 1828 4485 dolor,

229 4492 329 4562 qui
357 4492 606 4549 decorem
626 4504 869 4552 veterum
899 4497 1104 4554 ftedant
1124 4497 1537 4558 detruncatione
1557 4505 1829 4561 membro-

227 4597 378 4648 rum,
408 4581 719 4655 faciuntque
772 4587 860 4642 illa
919 4588 973 4643 in
1027 4591 1392 4647 monumentis
1428 4593 1678 4665 publicis,
1709 4611 1831 4666 qua:

228 4674 434 4731 debent
463 4681 596 4746 pati.
625 4678 870 4736 Ofﬁcium
905 4693 1055 4736 tuum
1098 4691 1155 4738 et
1181 4683 1380 4740 milites
1407 4696 1700 4744 consuetos
1727 4705 1829 4746 no-

227 4768 410 4822 ctibus
432 4770 614 4839 potius
633 4771 914 4840 invigilare
941 4776 1239 4846 compelle;
1289 4777 1346 4832 in
1371 4777 1460 4833 die
1487 4787 1669 4834 autem
1698 4781 1832 4836 civi-

228 4865 316 4912 tas
337 4859 515 4929 seipsa
556 4863 810 4919 custodit.
835 4863 1076 4932 Vigilans
1105 4867 1248 4920 enim
1277 4869 1456 4923 studio
1485 4885 1594 4924 non
1625 4869 1832 4940 indiget

228 4949 430 5005 alieno.
462 4951 628 5008 Furta
658 4955 751 5024 qui
772 4956 874 5010 lem
907 4960 1262 5028 persuadent:
1294 4959 1390 5015 sed
1417 4969 1545 5017 tunc
1571 4978 1828 5033 praesum-

223 5051 358 5113 ptus
400 5045 557 5102 facile
587 5049 816 5117 capitur,
845 5066 966 5104 cum
997 5059 1184 5108 custos
1230 5053 1452 5110 minime
1479 5059 1828 5126 supervenire

227 5133 484 5189 sentitur.
510 5135 716 5192 Statua:
746 5154 847 5194 nec
886 5139 942 5192 in
989 5147 1105 5194 toto
1145 5151 1308 5196 mula:
1354 5152 1480 5198 sunt
1509 5161 1521 5196 :
1551 5145 1766 5216 quando
1795 5161 1826 5200 a

229 5222 438 5279 furibus
463 5242 750 5295 percussrc,
779 5229 1032 5283 custodes
1054 5229 1303 5286 videntur
1329 5233 1614 5291 tinnitibus
1641 5236 1829 5290 admo-

230 5330 383 5369 nere.
416 5315 649 5373 Proinde
685 5319 1020 5386 diligentiam
1052 5329 1198 5375 tuam
1247 5323 1536 5380 devotione
1573 5325 1826 5385 laudabili

221 5409 546 5474 sentiamus,
579 5421 638 5464 ut
667 5411 754 5464 cui
784 5427 926 5466 nunc
953 5411 1252 5467 laboriosos
1281 5414 1453 5470 fasces
1478 5415 1822 5486 injuugimus,

221 5517 454 5557 securos
477 5505 712 5560 honores
739 5515 924 5574 postea
950 5506 1312 5562 conferamus.

305 5669 332 5693 ει
358 5661 782 5737 Lonsueludines.
812 5663 955 5720 Alias
976 5666 1256 5737 vectigalia
1285 5674 1339 5721 et
1365 5667 1588 5734 tributa,
1611 5669 1699 5722 hic
1725 5684 1826 5737 pro

222 5733 494 5796 annonis;
539 5734 834 5799 quinetiam
882 5737 934 5790 in
989 5733 1213 5790 formula
1259 5737 1324 5790 ad
1366 5733 1825 5794 eonnnendanilos

223 5804 416 5856 comiti
466 5804 752 5873 prim-ipes,
803 5813 1089 5876 utrumque
1131 5809 1483 5879 conjunctim,
1517 5812 1741 5866 annonis
1771 5819 1824 5865 et

1859 4543 1911 4605 D

1965 1885 2258 1944 dictionem
2287 1890 2384 1946 tibi
2413 1893 2678 1952 serenitas
2697 1903 2882 1952 nostra
2909 1899 3180 1967 concedit,
3205 1911 3266 1956 ut
3290 1902 3568 1973 dignitatis

1965 1984 2072 2032 tua:
2096 1980 2375 2051 privilegia
2403 1983 2602 2042 subeas
2632 1995 2689 2042 et
2708 1987 2941 2046 labores.
2964 1987 3212 2048 Officium
3234 2002 3384 2050 tuum
3405 1997 3568 2066 tequi-

1961 2067 2091 2122 tatis
2119 2071 2555 2130 consideratione
2581 2076 2892 2135 moderare.
2923 2079 3151 2153 Semper
3171 2085 3316 2140 enim
3341 2095 3397 2143 et
3425 2103 3562 2158 prm-

1961 2161 2138 2216 standi
2167 2171 2224 2217 et
2251 2163 2478 2220 lzedendi
2507 2181 2699 2225 causas
2721 2169 2949 2241 invenit,
2971 2174 3064 2243 qui
3087 2175 3316 2245 publicis
3339 2179 3561 2235 actioni-

1961 2249 2060 2304 bus
2089 2252 2398 2312 adhibetur.
2426 2254 2534 2312 Sed
2561 2267 2827 2330 quantum
2855 2263 3257 2323 administratio
3297 2277 3386 2326 tua
3419 2272 3560 2328 inter

1959 2342 2260 2400 mediocres
2303 2347 2498 2416 agitur,
2547 2355 2696 2406 tanta
2742 2350 2908 2409 debet
2933 2355 3244 2426 aequalitate
3283 2361 3556 2429 trutinari,

1957 2437 2080 2503 quia
2110 2437 2259 2493 illum
2305 2440 2483 2510 potius
2511 2443 2731 2513 expedit
2757 2452 2945 2503 tenere
2980 2463 3308 2519 mensuram,
3341 2455 3432 2526 qui
3461 2456 3555 2511 de-

1957 2526 2151 2582 fectam
2178 2533 2422 2587 noscitur
2441 2533 2743 2602 gubernare
2756 2538 3131 2596 substantiam.
3152 2541 3336 2600 idonei
3355 2546 3554 2603 damna

1959 2624 2044 2678 vix
2075 2623 2334 2692 sentiunt,
2365 2635 2558 2683 tenues
2585 2637 2767 2686 autem
2793 2631 2900 2688 levi
2953 2635 3236 2707 diSpendio
3262 2639 3553 2698 vulneran-

1956 2721 2062 2778 tur,
2087 2715 2306 2784 quando
2328 2717 2410 2772 vel
2438 2718 2699 2776 mediocri
2717 2721 2915 2792 injuria
2946 2731 3120 2781 totum
3149 2728 3363 2787 videtur
3389 2735 3550 2789 amit-

1953 2814 2090 2871 terc,
2117 2808 2209 2878 qui
2240 2809 2492 2878 exiguum
2521 2814 2866 2884 cognoscitur
2892 2817 3196 2889 possidere.

1989 2947 2100 3003 XV.
2138 2964 2386 3006 roauuu
2415 2967 2482 3007 an
2522 2967 2856 3079 ruﬁs-scralt
2892 2971 3044 3014 uanis
3076 2971 3146 3014 ns
3171 2975 3514 3019 tacuit-sero

2566 3039 2598 3078 P
2634 3039 2920 3079 BLICORUI.

2566 3039 2920 3081 PUBLICORUI.

1956 3086 1964 3102 ’
2021 3107 2280 3164 Romanae
2324 3108 2539 3166 fabricat
2589 3111 2758 3169 decus
2785 3115 3036 3171 convenit
3081 3118 3314 3188 peritum
3341 3121 3546 3182 habere

1949 3201 2248 3268 custodem,
2278 3207 2338 3256 ut
2365 3201 2456 3263 illa
2495 3202 2756 3260 mirabilis
2804 3204 2940 3261 silva
2983 3209 3244 3266 mmnium
3265 3212 3544 3284 diligentia

1947 3293 2300 3350 subveniente
2327 3304 2595 3365 servetur,
2617 3304 2674 3354 et
2699 3297 2960 3354 moderna
3005 3298 3170 3356 facies
3198 3306 3380 3375 operis
3406 3307 3542 3364 aifa-

1946 3385 2058 3440 hris
2082 3383 2250 3457 [Jur.,
2274 3387 2426 3458 forte,
2458 3385 2669 3461 aiiabri]
2695 3388 3136 3460 dispositionibus
3173 3403 3538 3453 construatur.

1946 3475 2063 3534 lloc
2082 3478 2226 3532 enim
2251 3479 2430 3535 studio
2475 3479 2698 3549 largitas
2723 3490 2911 3538 nostra
2943 3485 3211 3553 concedit,
3236 3496 3298 3542 ut
3317 3495 3375 3544 et
3399 3488 3541 3546 facta

1945 3579 2189 3626 veterum
2216 3571 2452 3630 exclusis
2479 3573 2781 3631 defectibus
2805 3573 3152 3646 innovemus,
3181 3586 3238 3633 et
3264 3594 3406 3636 nova
3445 3598 3541 3638 ve-

1944 3665 2160 3722 tustatis
2189 3665 2360 3734 gloria
2384 3668 2697 3724 vestiamus.
2727 3667 2963 3726 Proinde
2988 3669 3138 3724 illum
3168 3670 3394 3728 illustris
3420 3689 3542 3730 ma-

1941 3757 2166 3824 gnitudo
2188 3766 2276 3814 tua
2307 3758 2567 3816 Romanis
2585 3760 2802 3816 arcibus
2821 3761 2891 3818 ab
2919 3760 3012 3816 illa
3037 3761 3334 3822 indictione
3352 3765 3536 3822 datum

1941 3850 2296 3906 architectum
2321 3865 2442 3908 esse
2468 3859 2782 3920 cognoscat.
2807 3850 2874 3906 Et
2907 3853 3033 3924 quia
3051 3852 3212 3924 justis
3239 3859 3539 3926 commodis

1939 3945 2115 4001 studia
2169 3955 2384 4002 constat
2427 3948 2623 4003 artium
2671 3948 2975 4018 nutrienda,
3025 3949 3094 4005 ad
3136 3967 3259 4007 eum
3286 3955 3537 4012 volumus

1939 4038 2214 4108 pertinere
2239 4038 2502 4109 quidquid
2549 4040 2866 4096 decessores
2893 4040 3012 4110 ejus
3047 4051 3262 4098 constat
3288 4045 3534 4102 rationa-

1938 4129 2120 4186 biliter
2140 4143 2484 4188 consecutos.
2509 4131 2724 4188 Videbit
2746 4131 2992 4204 profecto
3020 4135 3242 4191 meliora
3272 4152 3434 4206 quam
3455 4141 3535 4196 le-

1936 4223 2389 4294 git,pulcbriora
2427 4238 2589 4294 quam
2637 4225 2880 4295 cogitare
2917 4227 3113 4296 potuit,
3157 4236 3366 4286 statuas
3411 4231 3534 4289 illas

1935 4325 2218 4373 auctorum
2265 4332 2510 4386 suorum,
2539 4318 2765 4385 scilicet,
2802 4318 2978 4376 adhuc
3011 4321 3164 4391 signa
3211 4323 3532 4396 retinentes,

1934 4417 1996 4464 ut
2017 4408 2260 4478 quandiu
2300 4409 2653 4467 laudabilium
2681 4425 3038 4482 personarum
3065 4414 3250 4485 opinio
3281 4431 3533 4488 superes-

1933 4509 2039 4568 set,
2069 4501 2258 4556 tandiu
2303 4510 2362 4559 et
2405 4503 2816 4561 similitudinem
2844 4505 2980 4561 vivas
3005 4507 3326 4568 substantia
3348 4510 3530 4582 imago

1935 4595 2181 4666 corporis
2209 4595 2536 4652 custodiret:
2569 4597 2868 4668 conspiciet
2895 4613 3180 4671 expressas
3221 4602 3275 4658 in
3300 4618 3412 4660 tere
3435 4619 3532 4660 ve-

1935 4701 2052 4752 nas,
2079 4687 2198 4742 nisu
2227 4688 2490 4756 quosdam
2520 4689 2792 4746 musculos
2817 4698 3109 4756 tumentes,
3153 4708 3350 4750 nervos
3373 4696 3531 4766 quasi

1933 4777 2102 4847 gradu
2119 4786 2324 4844 tensos,
2345 4786 2403 4832 et
2427 4778 2507 4833 sic
2532 4779 2806 4836 hominem
2836 4779 3009 4837 fusum
3035 4783 3088 4838 in
3116 4783 3360 4841 diversas
3385 4786 3532 4841 simi~

1934 4871 2207 4933 litudines,
2233 4881 2294 4925 ut
2321 4871 2510 4926 credas
2561 4873 2744 4942 potius
2770 4887 2892 4930 esse
2918 4886 3257 4944 generatum.
3288 4878 3398 4934 llas
3425 4881 3536 4950 pri-

1933 4977 2081 5015 mum
2111 4961 2308 5016 Thusci
2339 4961 2391 5016 in
2420 4961 2573 5017 Italia
2597 4961 2869 5020 invenisse
2891 4965 3216 5035 referuntur,
3248 4985 3385 5039 quas
3411 4986 3530 5026 am-

1933 5055 2092 5124 plcxa
2136 5055 2424 5122 posteritas
2469 5067 2610 5124 pene
2655 5071 2844 5126 parem
2894 5059 3154 5128 populum
3213 5059 3342 5117 Urbi
3379 5061 3530 5120 dedit

1933 5161 2095 5214 quam
2121 5153 2311 5200 natura
2340 5147 2662 5215 procreavit.
2695 5146 2980 5204 Mirabitur
3000 5149 3188 5206 formis
3215 5153 3426 5222 equinis
3453 5155 3532 5210 si-

1933 5251 2037 5307 gna
2065 5239 2226 5293 etiam
2257 5239 2435 5294 inesse
2464 5240 2710 5296 fervoris.
2731 5237 2996 5312 Crispatis
3018 5243 3163 5298 enim
3193 5245 3431 5311 naribus,
3464 5262 3529 5304 ac

1933 5331 2176 5388 rotundis
2205 5333 2510 5388 constrictis
2539 5333 2823 5400 membris,
2853 5336 3074 5393 auribus
3111 5338 3379 5403 remulsis,
3408 5355 3527 5395 cre-

1936 5419 2028 5474 det
2055 5421 2278 5476 forsitan
2308 5440 2498 5480 cursus
2525 5434 2800 5496 appeterc,
2827 5442 2950 5482 cum
2979 5443 3039 5484 se
3065 5428 3286 5485 metalla
3312 5433 3530 5488 noverit

1936 5529 2042 5567 non
2072 5529 2311 5569 movere.
2327 5513 2464 5582 Quid
2484 5516 2722 5573 dicamus
2735 5519 3106 5575 columnarum
3123 5520 3376 5591 junccam
3398 5528 3528 5593 pro.

1934 5671 2410 5749 cons_uetndin_ilms
2435 5676 2691 5747 scriptum
2722 5685 2819 5734 est.
2855 5673 3037 5735 Form.
3069 5678 3227 5749 hujus
3265 5679 3386 5736 libri
3427 5677 3525 5748 35,

1935 5746 2032 5800 sub
2057 5745 2233 5798 linem.
2270 5744 2436 5799 Fons.
