3974 6404
438 317 540 371 7.9

1677 319 1743 372 Μ.
1786 316 2059 374 AURELII
2099 316 2492 374 CASSTODORI

3611 307 3716 363 720

433 429 760 486 ceritatem?
803 431 970 486 Moles
1018 431 1136 486 illas
1185 431 1594 487 sublimissimas
1651 431 2006 495 fabricarum,
2038 435 2086 492 Α
2114 439 2371 498 quantum
2423 431 2685 500 prodesse
2734 427 2858 484 lirbi
2905 429 3124 499 proprio
3165 427 3350 483 labore
3377 425 3727 482 constiterit.

429 521 596 590 quasi
611 521 926 590 quibusdam
955 523 1150 578 erectis
1177 522 1462 578 hastilibus
1487 522 1771 587 contineri,
1805 530 1856 576 et
1886 522 2015 576 sub—

435 611 644 666 stantia:
687 612 944 681 qualitate
991 613 1243 669 concavis
1287 613 1566 669 canalibus
1609 619 1928 675 excavatas,
1960 619 2020 664 ut

435 701 604 769 magis
643 701 788 770 ipsas
811 701 1047 758 restimes
1094 701 1258 758 fuisse
1289 702 1604 764 transfusas,
1649 702 1788 756 ceris
1811 701 2020 770 jndices

435 793 653 860 factum,
691 795 838 863 quod
887 796 1117 850 metallis
1144 795 1442 850 durissimis
1470 794 1655 849 videas
1701 793 2017 862 expolitum,

434 899 760 938 marmorum
797 883 1078 952 juncturas
1108 901 1271 940 venas
1297 885 1446 951 dicas
1475 899 1593 939 esse
1619 883 1906 952 genitales;
1930 882 2018 936 ubi

433 975 558 1028 dum
580 974 836 1033 falluntur
855 977 1021 1048 oculi,
1045 977 1162 1032 laus
1182 976 1441 1046 probatur
1466 975 1704 1032 crevisse
1728 973 2017 1028 miraculis.

435 1063 638 1120 Ferunt
659 1065 820 1135 prisci
849 1067 1034 1120 seculi
1071 1075 1381 1124 narratores
1410 1066 1732 1121 fabricarum
1757 1075 1778 1099 δ
1813 1071 2020 1132 septem

440 1163 647 1208 tantum
675 1155 832 1209 terris
852 1155 1111 1210 attributa
1135 1153 1394 1210 miracula
1427 1171 1441 1208 :
1470 1151 1665 1224 Ephesi
1688 1152 1866 1206 Dianae
1889 1160 2026 1206 tem-

441 1245 587 1312 plum
612 1261 628 1312 ;
656 1246 796 1313 regis
826 1245 1046 1301 Mausoli
1072 1245 1490 1316 pulcherrimum
1533 1253 1961 1308 monumentum,
1991 1257 2023 1296 a

440 1355 468 1403 ιι
479 1353 546 1391 uo
557 1345 611 1391 et
625 1336 894 1392 mausolea
913 1337 1058 1394 dicta
1074 1346 1221 1404 sunt;
1238 1337 1410 1393 Rhodi
1423 1337 1550 1393 solis
1568 1351 1776 1392 :cneum
1789 1336 2020 1404 signum,

438 1429 578 1496 quod
628 1428 868 1483 colossus
895 1437 1154 1496 vocatur;
1184 1427 1332 1484 iovis
1365 1426 1626 1499 Olympici
1655 1425 2022 1490 simulacrum,

441 1519 585 1589 quod
607 1517 825 1574 Phidias
853 1520 1058 1590 primus
1088 1519 1354 1574 artiﬁcum
1379 1531 1587 1572 summa
1601 1515 1868 1585 elegantia
1895 1515 2026 1570 ebo-

441 1624 500 1666 re
529 1624 768 1679 auroque
808 1611 1098 1677 formavit;
1157 1607 1283 1681 Cyri
1311 1607 1588 1663 Medorum
1635 1607 1776 1674 regis
1812 1607 2023 1668 domus,

357 1745 366 1752 .
438 1715 600 1768 quam
630 1699 881 1756 Memnon
921 1706 1039 1754 arte
1091 1697 1320 1770 prodiga
1346 1697 1560 1767 illigatis
1597 1711 1729 1752 auro
1757 1693 2026 1764 lapidibus

2121 521 2349 576 Dubium
2381 535 2488 576 non
2518 531 2601 575 est
2639 521 2890 575 coctilem
2935 519 3159 584 calcem,
3193 533 3313 588 quae
3367 525 3453 574 est
3502 518 3732 574 nivibus

2119 613 2396 678 concolor,
2445 612 2682 678 spongiis
2711 611 2901 674 levior,
2933 610 3348 664 instrumentum
3394 623 3518 663 esse
3546 608 3734 664 maxi—

2121 715 2266 753 mum
2307 699 2648 755 fabricarum.
2681 699 2806 754 iizcc
2833 708 3091 767 quantum
3121 698 3261 767 ignis
3289 699 3583 754 adustione
3609 699 3736 754 solo

2121 792 2280 856 vitur,
2300 800 2507 846 tantum
2537 791 2730 847 exinde
2748 791 3008 861 parietum
3028 791 3250 846 firmitas
3279 793 3608 847 roboratur:
3630 807 3736 862 pe-

2122 890 2200 934 tra
2225 882 2486 948 solubilis,
2510 898 2671 936 saxea
2696 882 2972 947 moilitie.-,
2990 883 3265 936 arenarius
3287 881 3448 950 lapis,
3472 882 3570 950 qui
3593 891 3737 938 tunc

2120 974 2300 1043 potius
2310 973 2636 1037 accenditur,
2651 973 2866 1044 quando
2882 973 3035 1042 aquis
3047 972 3432 1042 copiosissimis
3445 973 3738 1041 irrigatur;

2119 1065 2239 1118 sine
2265 1081 2375 1134 quo
2419 1080 2521 1119 nec
2549 1081 2678 1120 saxa
2709 1065 2811 1118 ﬁxa
2857 1071 2999 1130 sunt,
3033 1079 3134 1118 nec
3176 1079 3468 1118 arenarum
3515 1066 3738 1120 minuta

2121 1155 2440 1211 solidantur.
2469 1155 2535 1210 Et
2558 1159 2680 1212 ideo
2705 1157 2878 1226 majus
2899 1157 3133 1211 studium
3160 1165 3407 1212 moretur
3437 1159 3738 1228 accipere,

2121 1247 2267 1316 quod
2287 1248 2516 1317 primurn
2549 1248 2726 1304 locum
2748 1249 2802 1302 in
2838 1247 3098 1302 Romanis
3125 1249 3278 1319 n7
3307 1247 3583 1302 manibus
3627 1264 3742 1302 no-

2123 1341 2292 1396 scitur
2310 1341 2576 1396 obtinere.
2592 1339 2859 1406 Quocirca
2887 1339 3205 1397 industriam
3228 1349 3398 1404 tum,
3426 1341 3738 1396 multorum

2124 1444 2375 1484 sermone
2417 1428 2764 1492 celebratam,
2813 1428 2882 1482 ad
2927 1429 3228 1486 coctionem
3255 1429 3742 1484 distributionem-

2123 1533 2232 1588 que
2259 1519 2422 1575 calcis
2447 1519 2515 1574 ab
2544 1518 2836 1574 indictione
2883 1518 2975 1572 illa
3005 1528 3190 1572 nostra
3218 1519 3492 1589 praeponit
3531 1529 3740 1574 aucto-

2126 1609 2278 1672 ritas,
2311 1617 2370 1663 ut
2407 1617 2513 1664 tam
2545 1608 2770 1678 publicis
2809 1623 2970 1677 quam
3002 1608 3222 1676 privatis
3251 1607 3470 1662 fabricis
3505 1608 3742 1665 abunde

2128 1709 2412 1768 procurata
2459 1697 2736 1763 sufficiat;
2787 1707 2843 1752 et
2879 1698 2946 1752 ad
2987 1697 3358 1752 adiﬁcandum
3398 1706 3741 1753 cunctorum

439 1791 749 1858 fabricavit;
778 1791 1089 1862 Babyloniae
1121 1792 1286 1856 muri,
1331 1803 1470 1858 quos
1505 1787 1816 1843 Semiramis
1844 1786 2026 1854 regina
2059 1811 2104 1870 Β
2131 1791 2290 1846 animi
2339 1792 2694 1856 concitentur,
2723 1790 2849 1845 dum
2869 1791 3104 1844 viderint
3139 1799 3388 1860 paratum
3431 1805 3560 1846 esse
3583 1790 3743 1858 quod

442 1884 612 1937 latere
641 1890 818 1947 cocto,
839 1881 1097 1951 sulphure
1116 1881 1368 1949 ferroque
1383 1878 1702 1944 construxit;
1727 1875 2030 1948 pyramides

441 1977 494 2030 in
523 1974 781 2046 Egypto,
811 1987 1040 2045 quarum
1091 1975 1146 2028 in
1185 1988 1286 2029 suo
1336 1980 1480 2027 statu
1509 1986 1570 2026 se
1605 1970 1795 2026 umbra
1836 1983 2031 2023 consu-

441 2079 614 2129 mens,
647 2065 785 2120 ultra
815 2063 1230 2120 constructionis
1269 2061 1443 2133 spatia
1483 2060 1627 2117 nulla
1673 2068 1827 2130 parte
1865 2058 2032 2128 respi-

439 2156 599 2210 citur.
625 2154 730 2208 Sed
757 2155 878 2224 quis
905 2154 996 2210 illa
1026 2153 1250 2208 ulterius
1271 2152 1541 2222 prmeipua
1571 2149 1802 2220 putabit,
1832 2164 1956 2204 cum
1977 2149 2032 2203 in

443 2263 546 2302 una
578 2244 720 2302 Urbe
749 2255 829 2301 tot
874 2243 1144 2316 stupenda
1171 2242 1556 2314 conspexerit?
1586 2240 1899 2296 I-labuerunt
1927 2240 2030 2294 ho-

442 2354 650 2405 norem,
676 2337 800 2407 quia
826 2343 1220 2408 praecesserunt
1246 2342 1510 2404 tempore,
1539 2342 1594 2388 et
1615 2332 1668 2387 in
1690 2330 1808 2386 rudi
1837 2331 2034 2385 szeculo

440 2429 697 2502 quidquid
725 2429 1039 2485 emersisset
1090 2442 1312 2492 novum,
1343 2440 1440 2496 per
1468 2439 1562 2480 ora
1593 2422 1870 2478 hominum
1913 2419 2034 2488 jure

441 2523 712 2578 ferebatur
737 2521 1015 2576 eximium.
1063 2518 1217 2574 Nunc
1263 2524 1445 2572 autem
1477 2523 1656 2586 potest
1685 2528 1804 2568 esse
1832 2510 2033 2566 veridi-

441 2628 605 2677 cum,
657 2612 702 2666 si
740 2611 989 2666 universa
1028 2607 1200 2664 Roma
1255 2607 1466 2661 dicatur
1518 2619 1638 2659 esse
1693 2600 2030 2657 miraculum.

440 2702 782 2772 Quapropter
805 2699 933 2753 talia
956 2698 1130 2752 virum
1157 2693 1539 2766 peritissimum
1563 2691 1836 2760 suscipere
1861 2690 2031 2754 decet,

443 2808 512 2848 ne
523 2794 663 2848 inter
674 2791 761 2845 illa
775 2790 934 2846 nimis
943 2787 1221 2857 ingeniosa
1234 2785 1532 2856 priscorum
1546 2779 1906 2853 ipsevideatur
1917 2793 2037 2832 esse

445 2883 766 2948 metallicus;
789 2887 844 2936 et
868 2879 1170 2948 intelligere
1197 2893 1304 2932 non
1335 2875 1528 2948 possit,
1559 2888 1678 2944 qua:
1701 2874 1753 2927 in
1782 2872 1886 2926 illis
1907 2869 2038 2924 arti-

447 2977 534 3034 fbx
555 2976 866 3047 antiquitas,
887 2981 950 3030 ut
977 2971 1322 3038 sentirentur,
1347 2971 1543 3027 eifecit.
1566 2967 1631 3024 Et
1655 2968 1779 3025 ideo
1799 2967 1889 3024 det
1908 2981 2039 3038 ope-

447 3083 561 3125 ram
603 3067 751 3124 libris
801 3065 1184 3138 antiquorum,
1235 3061 1682 3120 instructionibus
1730 3067 1924 3126 vacet,
1967 3073 2037 3113 ne

447 3159 574 3232 quid
595 3159 662 3214 ab
682 3155 786 3216 illis
809 3155 946 3213 sciat
970 3153 1146 3210 minus
1173 3155 1228 3210 in
1251 3168 1480 3225 quorum
1502 3153 1679 3209 locum
1699 3151 2038 3222 cognoscitur

449 3256 790 3324 subrogatus.

523 3389 660 3445 XVI.
718 3403 968 3446 roseum
1005 3401 1272 3444 conrrme
1311 3399 1514 3440 rusum
1548 3397 1868 3441 cunarum:
1909 3398 1976 3438 ετ

1110 3473 1365 3514 Clu-SINE.

513 3575 747 3630 Constat
783 3572 1102 3644 plerumque
1148 3571 1289 3626 bene
1315 3583 1475 3640 posse
1502 3569 1607 3638 agi,
1656 3568 1746 3623 ubi
1801 3583 1910 3630 non
1941 3567 2039 3622 de-

453 3672 615 3727 fuerit
659 3681 892 3740 persona
935 3665 1238 3721 monitoris.
1299 3662 1491 3717 Omnia
1537 3661 1680 3716 enim
1719 3661 1834 3715 sine
1863 3660 2042 3729 priore

455 3761 678 3818 confusa
707 3767 864 3826 sunt;
903 3765 960 3813 et
984 3756 1111 3812 dum
1139 3754 1504 3825 unusquisque
1531 3751 1826 3808 secundum
1857 3750 2044 3805 volun-

454 3863 620 3909 tatem
671 3866 825 3907 suam
875 3849 1077 3920 cogitat
1130 3847 1346 3912 vivere,
1403 3843 1644 3912 regulam
1700 3841 2045 3911 cognoscitur

455 3946 705 4002 omittere
747 3941 1061 4012 disciplinae.
1109 3938 1300 4008 Itaque
1351 3936 1586 4006 antiqua:
1635 3931 2045 3989 consuetudinis

456 4053 663 4095 morem
693 4036 884 4103 secuti,
905 4032 1204 4088 Curritanai
1243 4038 1299 4084 et
1337 4027 1568 4084 Celsinae
1596 4025 1786 4082 insulis
1831 4031 1884 4078 te
1902 4023 2046 4092 judi-

457 4147 573 4186 cem
613 4144 710 4201 per
751 4126 896 4182 illam
938 4123 1290 4180 indictionem
1327 4127 1513 4174 nostra
1539 4116 1684 4172 cedit
1726 4115 2041 4171 auctoritas.

453 4223 664 4278 iustum
692 4228 776 4274 est
794 4219 937 4273 enim
967 4224 1029 4271 ut
1070 4215 1162 4284 qui
1191 4227 1223 4268 a
1257 4211 1590 4280 reliquorum
1617 4207 1896 4262 hominum
1921 4213 2048 4261 sunt

455 4312 869 4369 conversatione
915 4306 1093 4372 divisi,
1129 4304 1195 4358 ad
1247 4301 1612 4357 habitationes
1658 4313 1845 4354 eorum
1885 4297 2048 4352 vadat
2089 4333 2098 4342 ο

455 4406 546 4474 qui
575 4419 668 4459 eos
691 4399 954 4472 probabili
981 4397 1194 4452 ratione
1222 4397 1536 4461 componat,
1583 4404 1652 4445 ne
1697 4387 1938 4459 quaedam
1977 4387 2046 4442 sit

453 4495 752 4552 necessitas
794 4488 1070 4558 iniustitiae
1111 4495 1433 4540 communes
1461 4489 1613 4537 actus
1637 4481 1796 4550 longe
1839 4480 2047 4550 positos

458 4591 755 4656 ignorasse.

453 4684 798 4747 emergentes
837 4686 1030 4726 causas
1051 4679 1109 4724 et
1149 4666 1338 4722 audire
1361 4666 1576 4732 debeat,
1606 4673 1663 4721 et
1690 4663 1863 4718 ﬁnire.
1900 4661 1969 4716 Et
1995 4663 2042 4718 si

453 4769 586 4841 quid
611 4767 777 4822 etiam
820 4761 979 4817 fuerit
1005 4776 1036 4814 a
1065 4765 1248 4814 nostra
1291 4757 1493 4828 pietate
1519 4755 1817 4820 decretum,
1848 4751 2041 4807 eodem

455 4866 858 4923 cemmonente,
891 4854 1168 4926 peragite;
1193 4850 1322 4920 quia
1349 4848 1624 4905 erroribus
1642 4847 1792 4901 locus
1815 4843 2036 4907 tollitur,

454 4949 673 5020 quando
698 4945 852 5003 vobis
883 4943 969 5000 cui
990 4940 1231 4998 debeatis
1258 4937 1480 4996 obedire
1506 4934 1832 4992 declaratur.
1865 4929 2037 4998 Quem

455 5033 722 5097 credimus
749 5036 824 5092 ita
853 5035 1006 5090 bonis
1033 5032 1246 5087 actibus
1271 5028 1510 5091 studere,
1540 5033 1602 5081 ut
1628 5033 1913 5094 augmenta
1940 5037 2038 5078 no-

452 5141 577 5187 stne
623 5129 808 5198 gratiae
841 5125 1012 5199 possit
1061 5122 1330 5192 accipere.
1384 5118 1616 5174 Necesse
1662 5125 1748 5170 est
1783 5113 1926 5168 enim
1981 5119 2040 5166 ut

455 5241 484 5278 a
519 5225 676 5279 nobis
700 5218 1192 5278 remunerationem
1247 5219 1447 5274 sumat,
1485 5209 1528 5263 si
1557 5207 1711 5262 vobis
1743 5218 1864 5274 quae
1913 5207 2040 5257 sunt

453 5317 729 5389 profutura
759 5315 1029 5384 disponat.

667 5443 828 5500 XVII.
873 5457 1119 5496 I-‘OBIIUI.A
1160 5454 1227 5495 nr:
1264 5449 1570 5492 κωνοειτο
1610 5446 1812 5488 casus.

525 5533 829 5590 Gloriosqu
857 5548 992 5600 Opus
1023 5538 1105 5584 est
1131 5527 1381 5583 servienti
1410 5526 1549 5578 unde
1580 5522 1818 5576 Romana
1849 5519 2038 5573 civitas

457 5625 715 5696 probatur
739 5621 940 5680 ornari,
996 5619 1122 5673 dum
1155 5627 1357 5670 tantum
1386 5616 1506 5683 quis
1527 5612 1668 5683 apud
1698 5627 1796 5666 nos
1823 5607 2035 5678 proﬁcit

2131 1883 2404 1950 quaeritur.
2435 1882 2716 1950 Priviiegia
2740 1898 2868 1936 vero
2907 1881 3010 1936 loci
3059 1883 3133 1935 tui
3163 1883 3364 1936 nostris
3388 1880 3744 1950 jussionibus

2130 1973 2519 2027 rationabiliter
2547 1971 2858 2037 vindicabis,
2893 1978 2956 2025 ut
2973 1970 3180 2048 majora
3223 1971 3424 2026 mereri
3451 1971 3657 2041 possis,
3690 1971 3744 2026 si

2130 2063 2268 2119 bene
2297 2064 2392 2119 tibi
2417 2064 2664 2131 delegata
2693 2061 3070 2132 compleveris.

2311 2196 2488 2254 XVIII.
2535 2214 2778 2253 reniti:th
2818 2213 2885 2252 ne
2915 2211 3168 2251 Αιιιιοιωιι
3199 2211 3554 2269 expromws.

2203 2350 2496 2407 Considera
2523 2350 2665 2421 quod
2691 2348 2938 2418 suscipis,
2955 2358 3008 2402 et
3024 2348 3290 2419 intelliges
3313 2348 3497 2404 locum
3525 2357 3578 2402 te
3599 2349 3745 2404 dare

2134 2456 2242 2496 non
2289 2439 2489 2496 debere
2538 2441 2797 2509 peccatis.
2828 2439 2990 2492 Arma
3019 2437 3163 2492 enim
3212 2437 3355 2492 bene
3382 2445 3743 2502 construere,

2135 2540 2216 2587 est
2263 2531 2490 2586 salutem
2539 2529 2679 2584 velle
2724 2529 2966 2583 omnium
3004 2528 3276 2583 cust'."tirc
3322 2545 3336 2580 :
3389 2527 3520 2597 quia
3553 2528 3744 2597 prima

2135 2621 2271 2678 facie
2297 2622 2424 2692 ipsis
2456 2629 2690 2676 terretur
2711 2619 2978 2684 inimicus,
3003 2627 3059 2672 et
3083 2618 3271 2686 incipit
3291 2617 3478 2672 animo
3509 2619 3744 2682 cedere,

2135 2715 2180 2769 si
2209 2728 2269 2772 se
2295 2713 2569 2780 cogitescit
2595 2711 2788 2765 similia
2821 2725 2931 2764 non
2975 2707 3198 2763 habere.
3252 2708 3432 2777 Atque
3485 2708 3616 2763 ideo
3671 2707 3750 2764 ab

2137 2803 2430 2860 indictione
2455 2801 2546 2856 illa
2592 2799 2850 2853 militibus
2880 2807 2934 2853 te
2960 2806 3016 2853 et
3043 2796 3207 2852 fabris
3236 2811 3552 2862 armorum,
3599 2796 3752 2851 invi-

2138 2896 2234 2950 tati
2282 2908 2492 2949 morum
2524 2900 2736 2946 tuorum
2778 2888 3070 2959 opinione,
3099 2885 3478 2956 praefecimus,
3523 2892 3586 2941 ut
3629 2885 3752 2943 tale

2139 3002 2276 3059 opus
2303 2987 2371 3040 ab
2394 2983 2686 3039 artificibus
2715 2981 2919 3049 exigas,
2947 2979 3108 3048 quale
3139 2978 3293 3032 nobis
3322 2977 3546 3047 placere
3573 2991 3755 3047 posse

2139 3076 2437 3147 cogriOScis.
2469 3073 2742 3130 Securitas
2763 3081 2815 3127 te
2837 3079 3035 3126 nostra:
3063 3084 3170 3124 non
3197 3067 3423 3124 inducat
3443 3069 3748 3124 absentiae.

2087 3185 2108 3246 ζ
2142 3168 2409 3240 Quidquid
2433 3167 2627 3223 feceris
2655 3180 2755 3220 nos
2791 3164 3032 3220 videmus
3053 3203 3068 3229 ,
3095 3162 3190 3232 qui
3219 3175 3319 3217 usu
3344 3161 3465 3232 ipso
3493 3160 3755 3219 subtilis-

2139 3265 2291 3320 simae
2344 3255 2746 3332 perquisitionis
2791 3261 2848 3310 et
2888 3267 3102 3308 errores
3144 3250 3416 3307 artiﬁcum
3443 3265 3758 3321 possumus

2141 3359 2312 3429 prima
2339 3355 2518 3410 fronte
2547 3347 2945 3420 reprehendere
2989 3345 3156 3420 [Cor.,
3202 3343 3381 3410 Gam.,
3427 3344 3757 3416 deprehen-

2141 3447 2322 3522 dere],
2351 3455 2406 3502 et
2449 3443 2792 3502 laudabiliter
2843 3447 3070 3507 operata
3107 3437 3378 3508 judicare.
3411 3435 3555 3492 Vide
3613 3452 3758 3507 ergo

2141 3559 2248 3614 qua
2277 3539 2551 3608 diligentia
2575 3578 2591 3604 ,
2621 3549 2730 3604 quo
2777 3532 2954 3589 studio
3007 3532 3080 3588 sit
3131 3528 3438 3586 faciendum
3493 3529 3652 3600 quod
3685 3530 3760 3586 ad

2145 3645 2390 3693 nostrum
2435 3640 2721 3687 venturum
2770 3633 2986 3683 constat
3012 3638 3261 3680 examen.
3309 3623 3424 3692 Age
3462 3621 3664 3692 itaque
3697 3631 3763 3678 ut

2141 3726 2288 3783 nulla
2340 3733 2395 3780 te
2448 3721 2708 3778 venalitas
2738 3759 2754 3784 ,
2822 3717 2969 3773 nulla
3015 3715 3174 3785 culpa
3228 3715 3512 3784 demergat
3535 3755 3552 3782 ,
3619 3717 3761 3784 quia

2141 3819 2353 3877 veniale
2404 3831 2524 3874 esse
2557 3829 2668 3870 non
2715 3819 2896 3882 potest
2930 3808 3076 3880 quod
3127 3807 3182 3863 in
3226 3807 3319 3862 tali
3367 3823 3536 3863 causa
3577 3806 3764 3864 delin-

2143 3911 2347 3981 quitur,
2403 3922 2472 3962 ne
2514 3903 2639 3960 inde
2686 3900 2926 3974 puniaris
2966 3899 3034 3956 de
3067 3913 3174 3968 qua
3221 3905 3377 3968 parte
3397 3899 3759 3968 peccaveris.

2144 4002 2290 4074 Opus
2341 3998 2486 4070 quod
2536 4005 2766 4052 mortem
2835 3999 3060 4062 generat
3113 4000 3172 4047 et
3235 3990 3505 4057 salutem,
3558 3992 3764 4048 interi-

2147 4103 2234 4150 tus
2286 4090 2625 4163 peccantium
2658 4127 2674 4154 ,
2733 4084 2976 4142 custodia
3041 4082 3308 4138 bonorum
3337 4119 3353 4145 ,
3413 4091 3611 4137 contra
3649 4084 3763 4138 im-

2145 4183 2348 4256 probos
2369 4179 2738 4236 necessarium
2785 4189 3002 4245 semper
3047 4173 3331 4228 auxilium.
3357 4171 3476 4228 IIoc
3503 4174 3762 4243 primum

2147 4275 2464 4330 Phoroneus
2514 4269 2714 4325 Junoni
2764 4266 2963 4322 dicitur
3012 4261 3295 4327 obtulisse,
3346 4272 3409 4316 ut
3459 4262 3763 4319 inventum

2147 4380 2300 4421 suum
2355 4361 2609 4427 numinis,
2661 4367 2720 4416 ut
2771 4357 3036 4430 putabat,
3091 4354 3337 4425 auspicio
3367 4367 3763 4412 consecraret.

2149 4459 2275 4515 Haec
2302 4457 2356 4512 in
2377 4455 2520 4512 bello
2557 4451 2894 4513 necessaria,
2925 4449 2980 4504 in
3019 4462 3155 4520 pace
3199 4446 3400 4502 decora
3432 4457 3590 4502 sunt.
3629 4446 3768 4506 Hrec

1633 4535 1760 4642 qniv
1779 4535 1922 4625 inter
1947 4585 2045 4625 vos
2071 4553 2124 4614 D
2148 4549 2382 4648 denique
2403 4543 2704 4648 imbecilles
2731 4539 3058 4612 fragilesque
3095 4535 3359 4592 mortales
3386 4537 3612 4592 cunctis
3644 4539 3744 4594 bel

2147 4641 2250 4694 luis
2279 4638 2518 4694 eﬁiciunt
2542 4634 2816 4690 fortiores.

2145 4769 2282 4827 XIX.
2313 4785 2560 4826 rosarum
2599 4783 2666 4822 AD
2695 4778 3028 4820 PBEFECTUI
3060 4775 3344 4818 PBE‘I'ORIO
3379 4777 3450 4816 ne
3482 4777 3761 4822 tenear:

2747 4851 2881 4891 FACT
2887 4848 3070 4890 OIIBUS
3077 4872 3091 4886 .

2217 4956 2504 5011 Multorum
2556 4952 2928 5008 insinuatione
2956 4949 3322 5018 comperimus
3360 4948 3516 5004 illum
3570 4952 3750 5021 probi

2145 5049 2388 5109 moribus
2417 5047 2720 5103 institutum
2751 5042 3040 5100 commissa
3070 5040 3172 5096 sibi
3195 5054 3358 5110 posse
3391 5038 3642 5096 ﬁdeliter
3675 5058 3772 5097 ex-

2143 5143 2348 5216 pedire.
2379 5139 2586 5194 Idcirco
2640 5135 2858 5192 illustris
2903 5131 3220 5202 magnitudo
3251 5138 3437 5185 vestra
3487 5147 3597 5187 nos
3628 5149 3759 5186 eum

2146 5237 2369 5304 elegisse
2399 5239 2712 5299 cognoscat,
2735 5235 2797 5281 ut
2825 5234 2880 5282 et
2915 5223 3178 5279 militibus
3215 5223 3402 5294 prtcsit
3442 5224 3759 5278 secundum

2145 5341 2356 5382 morem
2382 5323 2688 5394 pristinum,
2716 5327 2774 5374 et
2802 5315 3099 5372 artiﬁcibus
3134 5313 3328 5382 jubere
3357 5315 3537 5383 possit
3582 5331 3764 5368 armo-

2145 5433 2296 5483 rum;
2364 5422 2629 5484 quatenus
2675 5405 3092 5466 consuetudincs
3148 5420 3275 5460 suas
3332 5405 3413 5460 sic
3472 5405 3759 5473 eleganter

2146 5507 2492 5576 adimpleant,
2526 5512 2584 5558 ut
2613 5501 2756 5557 nulla
2781 5499 2836 5554 in
2877 5498 2956 5554 eis
3002 5495 3237 5552 inveniri
3283 5494 3461 5564 possit
3493 5494 3757 5551 offensio.

2147 5601 2280 5668 Quia
2303 5599 2429 5653 licet
2442 5595 2638 5664 ubique
2663 5592 2818 5662 culpa
2845 5588 3023 5656 laedat,
3043 5587 3132 5644 hic
3152 5595 3334 5642 tamen
3359 5587 3613 5655 graviter
3635 5601 3764 5657 per-

534 5802 557 5827 ⁸
584 5799 656 5854 De
675 5799 900 5868 Olympii
925 5797 1069 5853 Jovis
1099 5810 1234 5864 agno
1273 5804 1327 5848 et
1357 5793 1506 5860 fanis,
1532 5793 1652 5846 vide
1693 5791 1833 5843 Pctr.
1871 5787 2024 5840 Fabr.
2071 5785 2240 5853 Agna.
2274 5779 2364 5833 lib.
2388 5793 2428 5832 I.
2457 5773 2644 5828 Baoss.
