3974 6386
269 377 374 435 ῚΞι

1597 374 1958 432 VARIARUM
1996 375 2199 434 LIBER
2239 379 2347 435 VH.

3462 391 3568 448 799

266 494 439 564 cutit,
459 491 506 550 si
529 491 798 552 bellorum
819 494 1177 552 instrumenta
1195 492 1516 569 neglexerit.
1537 492 1870 554 Proditionis
1899 496 1946 558 Α
1975 509 2259 564 possessor
2286 511 2452 567 supra
2501 498 2721 554 modum
2777 501 3139 571 possessionis
3186 504 3452 563 exsolvat.
3500 507 3569 564 Et

267 586 472 659 quippe
497 588 670 646 instar
717 595 818 655 est,
871 588 1138 645 exercitui
1183 590 1501 648 subtrahere
1547 588 1691 661 quod
1741 605 1868 644 eum

267 668 760 737 constat'armare.
809 679 1016 748 Quibus
1063 682 1483 739 consuetudines
1519 699 1648 740 suas
1676 683 1864 754 provi-

269 770 455 827 dentia
487 782 665 829 vestra
690 772 1012 845 deputabit;
1061 783 1122 828 ut
1145 774 1272 830 dum
1304 775 1410 831 illis
1435 775 1753 831 victualium
1778 775 1865 830 lex

269 861 438 935 [Cuj.,
469 862 616 933 Niv.,
643 879 712 920 ex
741 865 1056 922 victnaiium
1086 865 1580 941 summa]_tollitur,
1613 882 1865 928 necesse:

265 955 354 1010 ria
376 955 616 1014 vivacius
637 957 945 1029 exigantur.

264 1103 386 1162 XX.
427 1124 680 1166 PORIULA
701 1127 936 1168 ιιιιιοιιυιι
976 1129 1046 1168 ET
1095 1129 1386 1170 TERNOBUI
1419 1130 1464 1170 Si
1497 1131 1597 1170 PER
1635 1133 1860 1174 ιιιιιιεειι

933 1198 1202 1238 AGANTUR.

338 1294 419 1348 Ad
447 1297 664 1366 genium
693 1295 968 1366 dignitatis
1017 1306 1124 1353 tua:
1171 1298 1442 1353 credimus
1472 1300 1746 1369 pertinere
1769 1344 1782 1368 ,
1815 1303 1859 1358 si

264 1388 631 1458 competentia
670 1389 770 1443 tibi
817 1388 1096 1445 videamur
1151 1389 1479 1459 iujungere:
1532 1391 1657 1461 quia
1707 1400 1861 1448 tanto

263 1479 386 1550 quis
416 1480 620 1548 gratior
647 1479 910 1547 redditur,
925 1491 1130 1552 quanto
1154 1481 1379 1551 parendi
1407 1497 1599 1537 causas
1629 1483 1863 1553 amplius

261 1571 569 1642 suscepisse
595 1579 948 1627 monstratur.
993 1571 1060 1626 Et
1102 1573 1224 1628 ideo
1255 1582 1280 1610 α
1312 1574 1562 1628 binorum
1592 1581 1648 1629 et
1678 1582 1864 1630 terno-

259 1677 384 1716 rum
431 1661 614 1718 titulos
639 1702 654 1728 ,
681 1676 820 1733 quos
849 1678 880 1718 a
908 1663 1332 1735 provincialibus
1371 1665 1515 1736 exigi
1571 1665 1743 1738 prisca
1775 1666 1866 1723 de-

260 1752 435 1808 crevit
465 1753 760 1810 auctoritas
781 1795 797 1820 ,
832 1770 930 1826 per
957 1756 1102 1810 illam
1130 1757 1482 1812 indictionem
1508 1797 1524 1824 ,
1553 1757 1734 1813 ofﬁcio
1767 1767 1860 1814 tuo

259 1853 609 1918 procurante,
636 1845 708 1918 ad,
723 1845 922 1903 scrinia
950 1847 1166 1902 comitis
1193 1862 1470 1903 sacrarum
1513 1847 1858 1916 largitionum

260 1936 631 1992 transmittere
659 1937 990 2005 maturabis;
1019 1939 1092 1993 ita
1124 1947 1183 1993 ut
1215 1939 1392 1993 omnis
1416 1939 1697 2008 quantitas
1719 1940 1860 1994 intra

259 2029 366 2087 cal.
399 2029 710 2088 Martiarum
765 2029 907 2086 diem
962 2031 1280 2089 solemuiter
1333 2017 1659 2104 impleatur,
1692 2048 1760 2090 ne
1789 2033 1860 2090 de

259 2123 486 2194 proprio
526 2122 756 2178 reddere
797 2125 1010 2193 cogaris
1039 2123 1183 2195 quod
1213 2140 1506 2196 procurare
1533 2125 1856 2195 neglexeris.

259 2213 432 2269 Tuam
460 2216 604 2272 enim
635 2215 903 2288 tetigisset
951 2216 1202 2286 injuriam
1234 2258 1249 2282 ,
1300 2217 1346 2272 si
1376 2219 1515 2274 alter
1543 2232 1640 2274 eos
1672 2217 1859 2273 titulos

257 2303 536 2360 videretur
565 2305 781 2374 exigere
809 2322 946 2378 quos
976 2307 1042 2363 ad
1073 2315 1127 2364 te
1151 2317 1528 2379 praeceperunt
1553 2309 1700 2378 leges
1727 2324 1856 2366 sano

261 2397 519 2453 ctissimte
553 2399 846 2469 pertinere.

294 2526 439 2584 XXI.
481 2547 732 2588 FOBIUI.A
759 2547 990 2588 ιιιιιοιιιιιι
1020 2548 1088 2587 ετ
1121 2548 1412 2590 nuncnum
1434 2573 1451 2600 ,
1490 2550 1536 2590 st
1577 2551 1682 2592 nun
1723 2551 1821 2592 or-

815 2619 996 2658 FLIUH
1024 2620 1291 2668 AGAgNTUR.

331 2712 587 2780 Quamvis
622 2713 800 2784 prisca
837 2713 1178 2776 consuetudo
1207 2715 1460 2772 binorum
1487 2723 1546 2772 et
1572 2724 1855 2774 ternorum

259 2805 602 2863 exactionem
632 2805 700 2863 ad
730 2820 788 2863 te
820 2805 1048 2877 jusserit
1076 2806 1386 2876 pertinere;
1418 2815 1603 2864 tamen
1635 2847 1651 2873 ,
1704 2824 1774 2864 ne
1803 2817 1858 2868 te

259 2897 546 2969 muitiplex
591 2898 880 2970 occupatio
929 2908 1333 2968 praegravaret,
1366 2908 1423 2956 et
1468 2900 1856 2971 impedimenta

259 2989 357 3044 tibi
381 2986 584 3045 faceret
611 2988 916 3046 sollicitudo
945 2990 1240 3058 geminata,
1267 2990 1418 3046 illum
1447 3000 1504 3047 et
1531 2991 1684 3046 illum
1709 2991 1854 3048 scri-

259 3081 466 3138 niarios
493 3079 658 3137 ofﬁcii
705 3080 879 3137 nostri
927 3081 1180 3138 duximus
1228 3081 1600 3148 destinandos,
1648 3091 1708 3138 ut
1762 3083 1856 3140 tibi

259 3175 548 3246 ciuemque
577 3184 672 3232 tuo
701 3175 940 3235 debeant
972 3176 1282 3242 imminere;
1313 3163 1587 3246 quatenus
1607 3191 1732 3232 cum
1753 3192 1850 3232 eo-

259 3283 383 3324 rum
429 3269 626 3326 solatio
654 3269 794 3326 intra
837 3268 940 3322 cal.
979 3266 1295 3326 Martiarum
1319 3267 1464 3324 diem
1495 3267 1564 3324 ad
1591 3267 1850 3323 illustrem

257 3361 435 3416 virum
465 3362 616 3416 illum
641 3361 900 3418 comitem
919 3376 1202 3418 sacrarum
1225 3361 1575 3430 largitionum
1595 3361 1854 3418 solemnis

255 3452 533 3524 quantitas
553 3447 860 3519 deferatur,
912 3467 980 3508 ne
1010 3451 1284 3522 opinionis
1309 3450 1538 3522 publicas
1565 3466 1694 3508 reus
1737 3450 1857 3506 eﬂi-

257 3545 420 3601 ciat-is
441 3586 461 3614 ,
489 3543 536 3600 si
561 3543 875 3613 largitiones
901 3558 1084 3600 sacras
1126 3557 1226 3613 per
1253 3558 1460 3603 moram
1491 3543 1725 3613 aliquam
1757 3559 1855 3614 pu-

259 3637 464 3694 taveris
491 3651 612 3703 esse
643 3634 957 3694 tardaudas.
989 3634 1067 3700 Ita
1099 3643 1158 3690 ut
1196 3643 1252 3692 te
1307 3633 1686 3707 excipiendum
1733 3651 1855 3695 esse

257 3745 369 3784 non
410 3730 648 3785 aestimes
671 3768 688 3794 ,
724 3743 888 3800 quem
938 3743 1044 3784 nos
1085 3727 1416 3785 credidimus
1468 3727 1851 3798 adjuvaudmu.

255 3820 395 3876 Nam
422 3820 465 3874 si
515 3818 646 3890 quid
677 3820 855 3876 minus
882 3819 1044 3876 fuerit
1070 3834 1233 3890 quam
1276 3819 1570 3890 oportebat
1601 3807 1852 3887 illatum',

255 3911 330 3968 de
353 3913 458 3966 tuis
486 3912 593 3966 hoc
621 3911 840 3968 noveris
866 3909 1210 3966 facultatibus
1239 3908 1562 3966 eruendum.

255 4045 425 4104 XXII.
485 4064 734 4104 FORMULA
778 4045 803 4086 ι)
854 4061 1243 4104 counomronn
1292 4061 1400 4101 ILLI
1441 4060 1516 4100 ετ
1565 4057 1674 4099 ιιιι
1711 4058 1856 4100 scm—

939 4133 1158 4173 ‘NIABIIS.

331 4232 448 4287 Non
493 4232 800 4286 dubitanth
847 4244 966 4284 esse
1017 4229 1420 4298 gratissimum,
1469 4227 1686 4298 quando
1734 4227 1854 4295 quis

256 4332 639 4383 commonetur
667 4319 905 4380 ofﬁcium
947 4321 1174 4392 implere
1198 4327 1534 4390 susceptum,
1567 4318 1692 4390 quia
1723 4316 1854 4373 illud

263 4427 351 4477 est
383 4418 562 4489 potius
591 4431 754 4486 grave
779 4458 795 4485 ,
825 4415 869 4470 si
915 4415 1076 4470 miles
1101 4413 1248 4468 vivat
1275 4414 1473 4480 Otiose,
1502 4413 1590 4467 cui
1617 4419 1855 4482 quaestus

258 4521 346 4568 est
373 4511 516 4566 actio
537 4523 632 4564 sua
667 4525 678 4560 :
709 4506 886 4562 honor
908 4547 922 4572 ,
952 4503 1268 4576 principalis
1310 4502 1594 4573 injunctio.
1646 4499 1853 4556 Similis

256 4605 405 4661 enim
452 4601 720 4658 discincto
749 4597 980 4654 habetur
1007 4640 1022 4666 ,
1055 4597 1146 4667 qui
1189 4593 1416 4664 ignobili
1445 4594 1655 4665 torpori
1684 4593 1851 4648 relin-

254 4695 464 4767 quitur.
495 4691 838 4765 Quapropter
885 4707 984 4764 per
1033 4690 1390 4746 indictionem
1419 4687 1564 4741 illam
1598 4685 1665 4741 ad
1703 4685 1848 4741 illam

253 4802 358 4842 vos
385 4783 722 4856 provinciam
749 4783 1001 4854 jubemus
1049 4781 1343 4846 accedere;
1377 4787 1436 4834 ut
1463 4791 1590 4834 cum
1630 4777 1846 4848 judice,

257 4876 346 4931 vel
393 4875 509 4944 ejus
537 4875 744 4942 obicio,
777 4875 917 4930 intra
949 4873 1100 4930 diem
1129 4873 1234 4932 cal.
1269 4871 1604 4936 Martiarum,
1631 4885 1750 4940 quae
1781 4869 1848 4924 de

256 4968 400 5024 binis
443 4975 501 5024 et
539 4969 710 5022 ternis
739 4969 1014 5038 quantitas
1056 4967 1376 5023 solemniter
1404 4964 1713 5036 postulatur
1734 5004 1750 5030 ,
1781 4963 1847 5034 ad

252 5058 470 5116 comitis
518 5074 796 5116 sacrarum
845 5059 1193 5126 largitionum
1242 5059 1442 5114 scrinia
1473 5097 1489 5123 ,
1544 5057 1844 5128 postposita

251 5148 536 5212 dilatione,
567 5149 819 5218 dirigatis
850 5166 863 5202 :
907 5149 988 5205 sic
1016 5157 1228 5213 tamen,
1263 5157 1320 5204 ut
1345 5163 1446 5204 nec
1469 5149 1716 5203 :erarium
1746 5162 1846 5201 no-

252 5253 428 5302 strum
476 5243 680 5314 aliquid
731 5245 909 5300 minus
935 5258 963 5297 a
994 5243 1388 5300 consuetudine
1409 5243 1676 5314 percipiat
1701 5284 1718 5310 ,
1747 5257 1848 5297 nec

327 5438 352 5465 ι
382 5426 462 5484 De
489 5428 775 5486 exactione
803 5427 1050 5482 binorum
1089 5433 1146 5482 et
1168 5431 1443 5492 ternorum
1467 5464 1484 5488 ,
1515 5437 1700 5492 supra,
1747 5420 1837 5477 lib.

245 5515 335 5574 tu,
363 5499 522 5574 epist.
545 5497 685 5574 8,_et
707 5497 864 5574 infra,
897 5498 1060 5574 duab.
1091 5510 1208 5574 seq.
1235 5489 1496 5574 formulis:
1527 5489 1748 5574 F68N.m
1771 5561 1806 5574 ῃ

327 5572 352 5608 ι’
375 5560 692 5645 Vincentius
722 5560 1014 5645 Lirinensis
1053 5560 1314 5645 adversus
1361 5562 1616 5645 profanas
1650 5560 1840 5618 :Obli-

251 5640 432 5698 vionis
455 5655 592 5696 meae
619 5641 792 5709 gratia
829 5635 1303 5709 commonitorium
1344 5633 1588 5709 mibitnet
1611 5647 1850 5709 parasse

253 5712 508 5768 suﬂlciet.
551 5701 752 5766 Eodem
779 5711 948 5765 verbo
977 5709 1145 5764 utitur
1181 5705 1512 5776 Augustinus
1539 5701 1699 5774 epist.
1745 5701 1849 5758 1‘29

255 5779 454 5837 eti58.
478 5779 839 5852 Symmachus
854 5795 964 5904 pro
990 5779 1182 5834 eodem
1219 5775 1570 5832 mbnitorium
1600 5782 1843 5844 usurpat.

255 5851 385 5904 For.
417 5851 486 5904 ad
509 5852 606 5904 lib.
631 5865 704 5904 tv.
737 5849 819 5904 tit.
895 5892 912 5904 .
941 5850 978 5904 l.
1007 5845 1235 5903 LFonn.

251 5851 385 5911 For.
417 5851 486 5908 ad
509 5845 606 5906 lib.
631 5865 704 5916 tv,
737 5849 819 5904 tit.
854 5845 912 5916 4,
941 5850 978 5904 1.
1007 5845 1235 5903 LFonn.

331 5932 355 5964 ε
402 5915 713 5992 Legendum
752 5915 918 5977 vitem
961 5930 1132 5976 tenes.
1178 5919 1270 5975 Sic
1293 5918 1442 5975 enim
1467 5915 1852 5976 centurionum

1972 601 2083 643 non
2131 587 2390 645 dubitetis
2433 591 2818 648 commotiouis
2867 606 3068 651 nostra:
3111 611 3212 653 vos
3263 599 3566 668 periculum

1971 680 2266 751 sustinere,
2289 683 2336 738 si
2358 682 2486 752 quid
2510 693 2692 740 actum
2717 694 2906 742 contra
2937 688 3176 759 priscum
3206 690 3458 751 ordinem
3477 708 3568 763 po-

1972 771 2196 828 terimus
2223 786 2540 844 agnoscere.

2176 927 2336 1000 118
2372 923 2560 980 XXIII.
2600 942 2846 983 renuens
2888 945 3082 986 vrcanu
3124 948 3344 990 caurus.

2039 1076 2310 1136 Beneﬁcia
2355 1089 2543 1138 nostra
2571 1084 2758 1153 gratia:
2789 1091 2894 1140 tute
2933 1087 3250 1157 specialiter
3273 1087 3488 1156 damus,
3519 1093 3563 1146 sl

1966 1177 2022 1224 te
2043 1184 2206 1240 agere
2254 1173 2542 1229 commissa
2589 1176 2988 1233 rationabiliter
3029 1180 3413 1251 approbemus.
3457 1183 3566 1239 Nec

1967 1265 2112 1319 etaim
2145 1266 2574 1324 irremuneratus
2603 1268 2756 1339 iaces
2781 1310 2797 1336 ,
2829 1271 2876 1326 si
2903 1278 2959 1327 et
2985 1273 3219 1344 populos
3247 1277 3564 1344 peregrinos

1966 1355 2264 1426 prudenter
2291 1359 2550 1429 excipias,
2581 1368 2638 1416 et
2667 1370 2976 1419 nostrorum
3017 1367 3348 1422 commercia
3375 1367 3561 1421 modo-

1967 1455 2084 1500 rata
2115 1448 2424 1518 aequalitate
2447 1464 2762 1520 componas.
2796 1451 2932 1509 Nam
2978 1455 3107 1511 licet
3135 1456 3334 1527 ubique
3375 1473 3562 1513 neces-

1967 1537 2108 1592 saria
2137 1537 2208 1592 sit
2234 1537 2542 1608 prudentia,
2575 1539 2626 1596 in
2653 1541 2754 1598 hac
2785 1545 2963 1613 potius
2989 1547 3204 1602 actione
3231 1547 3445 1603 videtur
3473 1563 3562 1602 ac-

1967 1628 2272 1696 commoda,
2331 1631 2550 1699 quando
2598 1633 2738 1688 inter
2793 1634 2932 1691 duos
2989 1638 3218 1708 populos
3270 1649 3566 1694 nascuntur

1966 1735 2184 1790 semper
2208 1723 2526 1789 certamina,
2558 1724 2661 1779 nisi
2691 1724 3080 1795 fueritjustitia
3099 1729 3388 1785 custodita.
3421 1729 3565 1796 Qua-

1967 1821 2192 1882 propter
2219 1821 2335 1868 arte
2366 1815 2610 1885 placandi
2641 1825 2766 1870 sunt
2794 1819 2886 1887 qui
2915 1833 3097 1876 mores
3133 1819 3370 1878 alterunt
3395 1823 3566 1878 simil-

1967 1902 2126 1960 limes
2153 1905 2360 1971 ventis;
2388 1920 2620 1975 quorum
2650 1908 2750 1963 nisi
2782 1911 2928 1979 prius
2951 1912 3115 1967 animi
3148 1921 3520 1985 temperentur
3545 1953 3561 1978 ,

1965 1995 2019 2050 in
2047 2004 2418 2068 contemptum
2447 1999 2739 2055 maximum
2769 2003 2950 2058 nativa
2975 2002 3232 2062 facilitate
3255 2005 3562 2076 prosiliunt.

1965 2084 2082 2153 Qua
2103 2086 2169 2142 de
2197 2103 2256 2144 re
2285 2087 2565 2145 modestia:
2593 2098 2698 2147 tua:
2727 2091 2866 2148 fama
2898 2098 3202 2164 provocati,
3233 2113 3394 2154 curas
3419 2099 3565 2156 illius

1963 2183 2152 2246 portus
2180 2191 2278 2246 per
2307 2176 2451 2232 illam
2485 2177 2834 2235 indictionem
2862 2190 2914 2238 te
2943 2171 3146 2242 habere
3173 2201 3478 2254 censemus,
3505 2193 3564 2244 ut

1962 2268 2144 2324 omnia
2170 2269 2238 2326 ad
2269 2277 2418 2324 tuum
2447 2271 2660 2326 titulqu
2683 2273 3013 2342 pertinentia
3024 2277 3104 2332 sic
3128 2291 3277 2346 agas,
3298 2278 3558 2349 quemad-

1961 2357 2180 2413 modum
2227 2357 2296 2414 ad
2325 2359 2550 2415 meliora
2576 2361 2880 2430 pervenias.
2915 2363 2974 2420 in
2998 2366 3182 2436 parvis
3207 2368 3354 2424 enim
3395 2367 3562 2426 disci.

1961 2459 2079 2521 tur,
2110 2451 2196 2509 cui
2219 2451 2432 2524 potiora
2463 2461 2810 2524 praestentur.

2373 2627 2624 2669 FORMULA
2662 2629 2916 2670 PRINCIPIS
2953 2632 3360 2674 DALIATIABUII.

2031 2743 2225 2818 Magna
2250 2745 2392 2804 inter
2419 2747 2658 2818 collegas
2695 2763 2823 2806 suos
2853 2751 3210 2821 praerogativa
3242 2751 3558 2820 decoratur,

1958 2837 2208 2908 quisquis
2235 2839 2376 2908 gerit
2404 2841 2653 2896 militiam
2697 2843 2922 2900 nomine
2958 2843 3311 2916 principatus.
3340 2843 3559 2916 Cogno-

1959 2933 2129 2991 scitur
2154 2934 2300 2990 enim
2333 2948 2495 3004 agere
2521 2936 2701 2994 locum
2728 2937 3048 3007 primarium
3075 2956 3088 2993 :
3122 2938 3342 3009 quando
3363 2939 3418 2994 in
3463 2954 3555 2996 re-

1956 3025 2059 3082 bus
2089 3028 2340 3084 buman'us
2364 3039 2560 3098 magna
2586 3045 2713 3101 pars
2749 3031 3030 3088 nominum
3059 3031 3216 3105 μαι,
3247 3029 3554 3104 bom'mnm]

1957 3119 2154 3175 asserit
2191 3120 2568 3176 excellentiam
2597 3121 2941 3191 dignitatum.
2995 3121 3112 3179 Hoc
3157 3123 3324 3179 etiam
3347 3124 3424 3179 tui
3450 3124 3560 3182 loci

1883 3261 1928 3322 Ο
1957 3213 2220 3281 probatur
2251 3214 2526 3284 exemplo,
2549 3214 2673 3272 sine
2700 3230 2810 3286 quo
2839 3230 2941 3272 nec
2957 3215 3238 3274 secretarii
3265 3224 3556 3288 prensant

1960 3325 2231 3378 accessus,
2261 3327 2363 3369 nec
2387 3311 2770 3383 postulationis
2798 3311 2970 3386 [ϐυ-ιιι.
2995 3321 3045 3368 et
3073 3312 3217 3384 Cuj.,
3245 3313 3558 3371 osculatio-

1961 3403 2070 3478 nis]
2099 3420 2299 3476 pompa
2326 3406 2633 3476 peragitur;
2661 3414 2916 3476 totusque
2945 3406 3036 3462 ille
3049 3405 3238 3475 ,ἰυᾱὶοῆ
3268 3407 3459 3476 genius
3478 3407 3556 3464 ita

1961 3495 2058 3572 tibi
2079 3497 2288 3569 legibus
2305 3498 2568 3569 probatur
2581 3497 2843 3564 creditus,
2865 3505 2925 3554 ut
2946 3500 3068 3554 sine
3091 3505 3146 3553 te
3174 3506 3558 3569 nequeat'esse

1957 3588 2252 3661 perfectus.
2313 3589 2517 3646 Comiti
2585 3591 2804 3660 quidem
2856 3591 3262 3662 provinciarum
3312 3599 3558 3662 potestas

1957 3683 2086 3738 data
2129 3690 2246 3748 est,
2279 3682 2376 3740 sed
2423 3683 2520 3739 tibi
2543 3683 2711 3753 judex
2761 3687 2879 3755 ipse
2929 3683 3254 3740 commissus
3282 3693 3384 3739 est.
3416 3682 3498 3740 Tu
3527 3694 3555 3724 θ

1955 3775 2122 3830 vitem
2181 3775 2327 3849 μω,
2374 3775 2563 3850 vitam]
2615 3785 2768 3831 tenes
2815 3777 3080 3847 improbis
3115 3777 3452 3840 minantem;
3498 3783 3556 3832 tu

1953 3864 2294 3936 disciplinam
2325 3867 2468 3921 inter
2483 3865 2605 3934 jura
2633 3865 2909 3933 custodis;
2937 3865 3036 3921 tibi
3055 3865 3401 3925 insolentiam
3425 3880 3554 3936 per-

1956 3957 2165 4012 orantis
2211 3954 2294 4012 fas
2339 3964 2424 4012 est
2447 3955 2784 4026 discingere,
2831 3971 3000 4026 quam
3037 3957 3254 4027 praesuli
3282 3972 3392 4013 non
3433 3957 3560 4014 licet

1956 4048 2234 4104 vindicare
2263 4065 2277 4102 :
2307 4055 2460 4117 gesta
2503 4047 2806 4118 quinetiam
2831 4047 3002 4103 totius
3045 4055 3201 4102 actus
3231 4055 3286 4103 te
3313 4046 3555 4104 subscri-

1956 4139 2120 4194 bente
2149 4139 2516 4209 complentur;
2540 4145 2598 4194 et
2620 4152 2919 4200 consensus
2947 4145 3072 4194 tuus
3099 4138 3380 4208 quaaritur,
3410 4145 3559 4208 post-

1959 4245 2120 4301 quam
2144 4229 2395 4286 voluntas
2416 4229 2612 4300 judicis
2635 4229 2957 4299 explicatur.
2989 4226 3124 4298 Age,
3155 4237 3218 4282 ut
3239 4227 3336 4297 qui
3354 4227 3556 4294 tatibus

1957 4325 2291 4396 prmponeris
2313 4365 2329 4391 ,
2354 4339 2418 4380 ea
2443 4324 2698 4395 implesse
2725 4324 2922 4379 merito
2944 4323 3216 4380 sentiaris.
3241 4321 3429 4396 Itaque
3456 4338 3554 4396 per

1961 4419 2315 4476 indictionem
2345 4419 2495 4475 illam
2518 4457 2535 4484 ,
2563 4420 2630 4476 ad
2660 4421 2806 4478 illam
2847 4429 2904 4477 te
2933 4421 3265 4492 provinciam
3299 4421 3554 4491 iubemus

1958 4525 2282 4577 excurrere;
2302 4519 2360 4566 ut
2380 4512 2586 4570 mixtus
2608 4510 2804 4582 judicis
2826 4511 3008 4568 ofﬁcio
3035 4513 3403 4584 competentia
3431 4513 3552 4569 loco

1957 4609 2052 4658 tuo
2075 4615 2334 4674 peragas;
2365 4611 2424 4659 et
2445 4603 2536 4674 qui
2558 4605 2810 4674 princeps
2840 4619 2875 4663 a
2912 4605 3072 4660 nobis
3100 4605 3406 4675 egrederis,
3436 4605 3552 4659 nul-

1952 4694 2022 4749 lis
2049 4693 2346 4752 vilitatibus
2387 4695 2677 4751 accuser-is.
2725 4693 3246 4757 Reverentissimum
3298 4695 3442 4749 enim
3495 4702 3551 4750 te

1951 4787 2204 4846 omnibus
2231 4787 2368 4843 facis
2389 4825 2414 4853 ,
2433 4788 2476 4842 si
2503 4789 2651 4858 quod
2678 4787 2748 4844 de
2776 4789 2998 4845 nomine
3027 4797 3122 4844 tuo
3154 4788 3397 4846 creditur
3415 4789 3550 4845 etin

1957 4879 2198 4935 moribus
2226 4879 2510 4934 sentiatur.

1958 5032 2125 5092 XXV.
2180 5051 2432 5106 εοιιιιυιι
2470 5051 2538 5092 an
2567 5015 2992 5095 couusnnaunos
3037 5050 3221 5092 count
3262 5050 3546 5093 numerans.

2027 5150 2227 5235 Invitat
2254 5167 2355 5207 nos
2383 5149 2726 5208 consuetudo
2751 5150 3034 5217 solemnis,
3055 5159 3112 5206 et
3125 5151 3280 5206 vobis
3295 5159 3550 5205 ornatum

1955 5241 2119 5298 ofﬁcii
2155 5242 2389 5312 dirigere
2419 5284 2438 5310 ,
2476 5249 2532 5300 et
2577 5241 2835 5314 pristinos
2879 5241 3100 5298 ordines
3151 5242 3541 5297 excubantium

1951 5422 2287 5478 militarium.
2311 5423 2451 5479 Vitis
2479 5421 2674 5491 legitur
2697 5437 2797 5491 pro
2819 5419 3020 5476 indicio
3048 5419 3337 5490 potestatis
3354 5460 3379 5491 ,ν
3397 5433 3547 5474 cam-

1949 5508 2058 5563 que
2088 5493 2164 5548 illi
2195 5493 2512 5562 gestabant,
2545 5490 2614 5548 de
2638 5490 2744 5563 qua
2773 5491 2836 5546 D.
2864 5499 2918 5546 tn
2942 5491 3085 5548 titul.
3109 5493 3177 5546 de
3206 5506 3264 5544 re
3294 5490 3546 5563 miltari;

1947 5559 2220 5626 Juvenal;
2249 5573 2422 5634 satyr.
2462 5559 2766 5634 7;Plin'ius,
2802 5563 2900 5634 lib.
2937 5579 3046 5630 xtv,
3068 5577 3189 5632 cap.
3223 5563 3275 5617 Ι.
3305 5559 3548 5634 Spartia-

1958 5650 2061 5688 nus
2090 5635 2142 5688 in
2183 5630 2420 5688 Adriano
2453 5651 2466 5686 :
2499 5633 2676 5688 Vitem
2723 5633 2854 5694 nulli
2884 5635 2983 5689 nisi
3015 5630 3241 5688 robusto
3287 5630 3362 5686 et'
3391 5630 3550 5686 bona:

1958 5704 2114 5760 fama:
2140 5703 2310 5760 dedit.
2341 5701 2476 5758 Vide
2495 5703 2691 5758 Euseb.
2714 5701 2916 5760 Hister.
2947 5701 3156 5760 Eccles.
3192 5702 3286 5758 lib.
3303 5717 3395 5765 vn,
3423 5715 3542 5771 cap.

1959 5774 2048 5829 14.
2108 5773 2304 5900 ἐιέιιιτ.
2359 5774 2492 5831 Vide
2539 5771 2705 5831 etiam
2753 5774 3044 5843 Pithmum,
3101 5773 3300 5830 subeis.
3355 5772 3451 5828 lib.
3503 5785 3546 5838 ι,

1959 5862 2078 5900 can.
2187 5887 2200 5900 .

1957 5862 2078 5918 cap.
2113 5862 2200 5900 to.
