3974 6408
416 418 524 475 723

1654 408 1729 465 II.
1769 407 2048 466 AURELII
2083 407 2479 465 CASSIODORI

3587 398 3700 455 ’ω

415 526 704 584 custodire.
728 526 919 582 Nostra
940 521 1226 599 enlm‘laus
1250 528 1352 588 est,
1375 520 1421 576 si
1448 534 1547 579 vos
1574 518 1818 575 Romana
1847 516 1993 573 mill-
2023 525 2069 581 Α
2100 519 2276 588 agitis,
2328 520 2543 589 quoties
2582 517 2738 574 vobis
2784 531 2896 573 non
2941 514 3170 574 defuerit
3214 512 3502 586 prmsentia
3547 510 3702 582 iudi-

418 620 492 674 tia
506 618 809 682 comitetur,
838 612 1057 687 quando
1076 613 1273 670 talibus
1300 613 1559 668 ministris
1588 613 1811 683 potestis
1833 627 1995 684 agere

417 711 562 781 quod
608 710 826 767 videtur
868 709 1060 780 priscis
1114 704 1483 765 sanctionibus
1537 705 1850 762 convenire.
1906 705 1996 760 Sic

419 801 562 856 enim
600 799 813 856 Gothos
857 808 1074 856 nostros
1095 840 1110 866 ,
1136 799 1248 854 Deo
1272 797 1512 868 iuvante,
1538 796 1907 868 produximus,
1936 801 1998 849 ιιι

418 903 476 950 et
500 894 666 949 amis
706 893 813 948 sint
861 891 1147 958 instructi,
1177 900 1234 947 et
1263 890 1516 962 aequitate
1540 887 1850 958 compositi.
1881 885 1998 940 lloc

420 984 673 1056 est‘quod
684 985 902 1057 reliquae
919 993 1108 1054 gentes
1140 985 1343 1040 habere
1368 997 1476 1038 non
1497 989 1756 1052 possunt;
1788 981 1896 1036 hoc
1917 987 2000 1036 est

419 1075 569 1147 quod
592 1091 690 1133 vos
717 1074 1205 1147 emisit-singulares
1229 1113 1246 1141 ,
1273 1074 1320 1131 si
1344 1113 1363 1140 ,
1390 1074 1594 1130 assueti
1617 1073 1787 1140 bellis,
1815 1072 2001 1127 videa-

420 1168 555 1224 mini
604 1168 810 1238 legibus
843 1168 1029 1229 vivere
1073 1181 1194 1224 cum
1240 1164 1520 1221 Romanis.
1562 1163 1905 1234 Quapropter
1930 1177 2002 1216 ex

422 1257 606 1315 ofﬁcio
633 1267 822 1315 nostro
843 1257 994 1313 illum
1016 1265 1180 1326 atque
1192 1256 1348 1313 illum
1375 1255 1441 1311 ad
1473 1270 1569 1311 vos
1594 1253 1862 1311 credimus
1880 1267 2002 1308 esse

422 1347 763 1418 dirigendae;
793 1356 854 1404 ut
876 1385 894 1414 ,
921 1345 1218 1403 secundum
1247 1345 1480 1416 priscam
1524 1342 1999 1407 consuetudinem,

423 1441 517 1512 qui
556 1441 665 1497 tuis
701 1439 1035 1511 jussionibtts
1092 1436 1494 1504 obsecundaut,
1544 1449 1642 1492 eos
1694 1431 2005 1491 rationabili

424 1531 664 1589 debeant
688 1528 1011 1602 antiquitate
1050 1527 1343 1585 moderari.
1383 1525 1485 1583 Cui
1522 1525 1751 1596 gratiam
1776 1531 1921 1578 tuam
1949 1524 2007 1578 in

424 1621 810 1680 conservandis
863 1620 1095 1681 annonis
1150 1628 1209 1677 et
1250 1616 1734 1675 consuetudinibus
1780 1615 1894 1671 suis
1937 1629 2007 1670 ex

426 1723 610 1773 nostra
624 1713 870 1785 iussione
892 1710 1191 1784 prastabis.
1214 1709 1386 1767 Debet
1408 1708 1554 1767 enim
1575 1723 1608 1764 a
1639 1715 1694 1763 te
1721 1707 1890 1777 diligi,
1913 1707 2006 1777 qui

426 1820 462 1862 ι
488 1806 649 1865 nobis
660 1803 859 1867 meruit
878 1802 1158 1861 destinari.

500 1975 689 2037 XXVI.
704 1991 955 2037 roauuu
973 1988 1244 2034 GOIIﬂV£
1273 1989 1605 2032 orvsnssnuu
1630 1970 1939 2032 atrurn-run.

503 2111 697 2169 δεουιί
722 2110 880 2182 huius
906 2113 1084 2168 honor
1114 2108 1368 2167 humana:
1397 2110 1594 2166 mentis
1619 2116 1704 2169 est
1730 2109 2013 2164 manifesta

431 2202 705 2274 probatio,
748 2202 874 2273 quia
905 2202 1129 2259 libertas
1153 2201 1320 2258 animi
1364 2202 1699 2258 voluntatem
1738 2201 2014 2272 propriam

434 2306 650 2365 semper
667 2292 924 2359 ostendit,
945 2292 1073 2348 dum
1100 2307 1162 2349 se
1187 2291 1486 2350 contemnit
1511 2291 1891 2359 occulere,qui
1913 2290 2014 2345 sibi

436 2384 572 2439 alios
599 2383 915 2452 cognoverit
938 2380 1236 2452 subiacere.
1268 2381 1376 2438 Sed
1400 2381 1648 2436 humanae
1673 2381 1868 2436 mentis
1887 2380 2016 2435 felix

436 2472 524 2528 illa
551 2472 792 2529 conditio
819 2480 920 2541 est,
950 2486 1072 2543 qua:
1101 2471 1382 2528 arbitrium
1411 2471 1774 2542 provectionis
1798 2486 1908 2526 sum
1935 2472 2018 2525 in-

435 2569 519 2617 tra
542 2563 835 2631 terminum
875 2562 1260 2631 moderationis
1296 2560 1555 2628 includit;
1585 2548 1657 2619 et‘
1681 2563 1765 2618 sic
1809 2563 2020 2632 peragit

437 2653 713 2726 dignitatis
732 2651 1109 2709 brevissimum
1137 2652 1396 2722 spatium,
1427 2659 1489 2707 ut
1516 2651 1778 2706 universis
1807 2659 2016 2720 tempo-

424 2744 594 2801 ribus
616 2741 873 2800 reddatur
896 2750 1173 2814 acceptus.
1205 2740 1546 2813 Quapropter
1563 2741 1855 2811 interdum,
1876 2741 2018 2812 judi-

436 2852 554 2907 ces,
575 2835 646 2892 ad
669 2834 868 2892 blanda
893 2833 1224 2891 descendite.
1255 2833 1605 2891 Laboriosum
1628 2833 1843 2904 quidem
1858 2874 1875 2899 ,
1919 2833 2016 2890 sed

440 2939 552 2982 non
595 2930 682 2980 est
721 2921 1051 2994 impossibile
1083 2921 1348 2993 iustitiam
1387 2922 1615 2978 suadere
1656 2923 2015 2978 mortalibus:

441 3029 605 3086 quam
620 3015 701 3071 ita
736 3021 1058 3070 cunctorum
1082 3012 1328 3069 sensibus
1354 3012 1676 3069 beneﬁcium
1717 3012 2020 3069 Divinitatis

436 3105 718 3172 attribuit,
748 3113 810 3160 ut
836 3112 894 3160 et
933 3103 1027 3174 qui
1069 3104 1318 3159 nesciunt
1339 3101 1490 3172 iura,
1522 3103 1791 3159 rationem
1837 3109 2020 3159 tamen

444 3196 691 3255 veritatis
714 3203 1028 3268 agnoscant.
1057 3193 1289 3251 Necesse
1312 3201 1399 3251 est
1424 3194 1570 3250 enim
1599 3193 1830 3264 utquod
1859 3209 1892 3248 a
1918 3209 2018 3248 na-

755 3377 827 3446 Et
874 3377 999 3437 ideo
1041 3393 1154 3435 non
1192 3375 1457 3434 laboratis
1493 3375 1706 3447 populis
1745 3376 2026 3447 imponere

444 3470 594 3544 quod
612 3467 714 3529 eos
739 3475 956 3526 constat
973 3481 1042 3524 ex
1067 3467 1287 3539 propria
1312 3466 1591 3525 voluntate
1613 3467 1832 3523 sentire.
1847 3465 2028 3522 Facile

448 3566 596 3626 enim
620 3569 922 3634 sequuntur
946 3561 1173 3630 vestigia
1221 3560 1375 3619 verbi
1406 3561 1568 3623 alieni
1591 3599 1608 3625 ,
1637 3560 1733 3631 qui
1759 3576 1820 3617 se
1868 3575 2029 3631 posse

451 3658 684 3716 credunt
722 3655 997 3714 monitore
1020 3653 1295 3725 compelli.
1324 3651 1619 3724 Propterea
1649 3667 1746 3724 per
1771 3653 1917 3708 illam
1946 3653 2033 3708 in-

451 3749 746 3806 dictionem
768 3747 830 3806 in
861 3746 955 3822 illa
981 3745 1198 3805 civitate
1226 3745 1494 3802 comitivae
1514 3745 1777 3803 honorem
1804 3745 2030 3803 secundi

452 3840 659 3900 ordinis
685 3837 803 3906 tibi,
824 3837 1059 3910 propitia
1082 3836 1391 3902 Diviuitate,
1422 3837 1700 3908 largimur,
1722 3845 1783 3893 ut
1802 3846 1860 3894 et
1878 3839 2031 3895 cives

453 3929 771 3990 commissos
794 3929 1048 4001 aequitate
1073 3942 1257 3998 regas,
1296 3935 1354 3986 et
1376 3927 1710 4000 publicarum
1734 3928 2032 3984 ordinatio-

455 4036 585 4077 uum
607 4019 878 4090 iussionm
920 4026 1234 4078 constanter
1282 4017 1600 4089 adimpleas,
1629 4026 1898 4088 quatenus
1935 4019 2029 4074 tibi

456 4111 683 4169 meliora
729 4118 1041 4183 praeteritus
1062 4149 1081 4178 ,
1124 4108 1346 4182 quando
1391 4114 1447 4165 te
1472 4108 1824 4180 probabiliter
1859 4110 2034 4178 egisse

455 4357 666 4423 XXVII.
710 4374 960 4431 rostrum
991 4326 1296 4484 ποίηὛὲὗέ
1322 4370 1723 4419 rosssssontaus
1746 4373 1818 4416 er
1846 4373 2034 4430 cunu-

454 4659 861 4745 obedire;
884 4658 938 4715 si
963 4656 1214 4715 voluntas
1240 4656 1579 4715 diversum
1603 4669 1743 4726 vaga
1768 4656 2034 4725 relinqui-

457 4765 562 4823 tur,
593 4751 863 4819 confusio,
879 4750 1159 4822 culparum
1180 4750 1386 4818 amica,
1416 4746 1938 4820 generatur..ltaque
1956 4746 2035 4804 ci-

453 4848 638 4907 vitatis
662 4855 855 4905 vestrae
881 4844 1192 4902 comitivam
1216 4857 1318 4916 per
1342 4842 1698 4900 indictionem
1740 4842 1890 4899 illam
1933 4857 2034 4900 nos

452 4941 531 4996 illi
556 4937 779 5013 largitos
812 4935 978 4995 fuisse
1017 4935 1280 4995 noveritis
1297 4977 1316 5005 ,
1334 4934 1423 4991 cui
1449 4933 1860 4991 saluberrimam
1887 4941 1913 4971 δ
1934 4948 2034 5005 pa-

452 5031 702 5088 rientiam
747 5028 1106 5096 commodate,
1137 5035 1199 5084 ut
1237 5026 1418 5084 causis
1461 5025 1661 5082 vestris
1693 5022 1833 5082 ferat
1857 5038 2034 5081 reme-

450 5122 599 5178 dium
620 5161 639 5190 ,
677 5127 734 5177 et
770 5119 1102 5190 iussionihus
1135 5118 1295 5190 119
1316 5116 1548 5188 publicis
1584 5123 1843 5186 procuret
1868 5113 2032 5170 elice-

454 5224 567 5270 tum
598 5231 615 5268 :
660 5210 847 5270 scituri
885 5209 1035 5284 quod
1074 5209 1122 5266 ei
1170 5208 1296 5280 quis
1347 5222 1410 5265 se
1454 5204 1721 5279 probabili
1746 5192 2034 5262 devotione

457 5303 805 5370 tractaverit,
833 5300 1031 5359 similia
1066 5298 1136 5355 de
1163 5298 1362 5357 nostris
1407 5297 1655 5354 sensibus
1692 5295 1838 5353 haud
1879 5295 2033 5352 irrite

456 5393 770 5466 postulabit.

550 5525 786 5583 XXVIII.
810 5540 1060 5586 tonum
1096 5538 1348 5581 PRINCIPIS
1381 5536 1607 5579 ιιιιιτωι
1642 5535 1928 5577 contum.

530 5638 754 5695 Gratum
800 5637 953 5693 vobis
998 5651 1119 5692 esse
1176 5634 1529 5699 conﬁdimus,
1576 5632 1793 5703 quando
1837 5631 2040 5686 militiae

463 5739 657 5787 nostra:
681 5729 891 5800 iudices
914 5727 1271 5785 destinamus:
1296 5726 1422 5794 quia
1439 5734 1567 5781 tunc
1586 5724 1804 5780 ordines
1827 5731 2040 5779 nostros

2098 618 2289 664 canus.
2317 608 2557 664 ltelativa
2588 609 2694 665 ista
2721 608 3019 666 intellectui
3036 615 3167 664 sunt
3192 606 3414 662 nomina
3442 621 3459 660 :
3483 604 3531 659 si
3556 616 3703 674 prs-

2097 700 2269 755 sulem
2314 701 2599 767 ademeris,
2651 699 2874 756 militem
2923 714 3034 755 non
3077 698 3379 768 relinquis:
3420 692 3707 766 apparitio

2099 790 2243 844 enim
2272 789 2499 858 tollitur,
2526 792 2740 860 quoties
2771 790 2865 860 qui
2904 789 3096 860 iubere
3134 795 3353 861 poterat
3378 786 3705 857 abrogatur.

2102 877 2266 935 Vobis
2292 894 2422 947 ergo
2449 889 2632 950 aptum
2661 880 2933 936 credimus
2963 878 3080 952 [ατ.
3103 888 3154 934 et
3178 877 3324 949 ϐαίη
3352 877 3525 933 altum
3546 876 3703 932 cedi-

2102 968 2266 1040 mus],
2299 971 2424 1024 dum
2447 970 2515 1024 ad
2538 986 2634 1025 vos
2661 970 2942 1038 dirigimus
2972 970 3284 1039 dignitates,
3313 974 3371 1022 et
3391 966 3587 1022 tandiu
3609 980 3714 1020 vos

2101 1062 2333 1118 militare
2380 1060 2627 1129 facimus,
2672 1062 2848 1117 donec
2891 1059 3105 1131 iudices
3172 1059 3552 1121 destinamus;
3602 1071 3715 1112 nec

2103 1151 2246 1206 istud
2275 1151 2394 1206 leve
2421 1151 2654 1206 credatis
2681 1149 3025 1217 beneﬁcium,
3058 1156 3118 1204 ut
3136 1163 3259 1204 cum
3285 1163 3386 1203 vos
3413 1146 3572 1202 scitis
3600 1145 3713 1201 ob-

2105 1241 2370 1310 sequium,
2403 1241 2554 1296 vobis
2573 1248 2824 1296 occurrat
2844 1240 3041 1295 electio
3082 1239 3446 1309 cognitorum.
3481 1236 3552 1292 Et
3580 1237 3712 1292 ideo

2107 1346 2204 1402 per
2221 1331 2568 1386 indictionem
2620 1331 2767 1385 illam
2794 1330 2941 1386 illum
2970 1330 3223 1387 comitem
3266 1328 3478 1384 militiae
3504 1335 3712 1383 vestrae

2105 1428 2416 1497 cognoscite
2444 1426 2789 1483 destinatum.
2815 1424 2988 1493 Quem
3010 1424 3085 1480 ita
3112 1431 3360 1480 acturum
3389 1437 3514 1478 csse
3543 1429 3717 1491 puta-

2108 1530 2230 1573 tuus
2256 1523 2364 1570 tam
2393 1517 2447 1570 in
2491 1515 2669 1572 causis
2713 1515 2937 1585 publicis
2983 1508 3148 1583 quam
3194 1513 3442 1584 privatis,
3492 1519 3555 1565 ut
3582 1525 3717 1564 eum

2110 1607 2226 1662 laus
2247 1613 2430 1678 optata
2458 1606 2762 1662 comitetur.
2813 1603 2912 1659 Cui
2953 1602 3298 1659 devotionem
3340 1602 3715 1672 iustissimam

2111 1698 2536 1763 commodantes,
2567 1697 2650 1753 his
2695 1712 2816 1767 qua:
2840 1695 2995 1752 vobis
3031 1691 3353 1765 praeceperit
3380 1693 3716 1748 solemniter

2112 1789 2346 1856 obedite,
2375 1789 2501 1861 quia
2542 1788 2896 1843 reverentiam
2936 1793 3177 1840 nostram
3214 1783 3546 1838 honoratam
3590 1795 3721 1836 esse

2045 1887 2093 1948 B
2118 1883 2402 1949 credimus,
2433 1882 2479 1936 si
2501 1881 2638 1936 bene
2663 1881 2876 1934 habitos
2905 1885 3122 1934 nostros
3143 1874 3355 1946 iudices
3380 1871 3720 1929 sentiamus.

2117 2050 2304 2108 XXIX.
2356 2066 2604 2108 FORIIULA
2649 2065 2717 2105 ns
2767 2062 3144 2107 CUSTODIENDIS
3187 2061 3378 2103 roarts
3420 2057 3726 2100 ειη-ητις.

2185 2165 2498 2222 Nullateuus
2525 2164 2591 2220 de
2619 2162 2735 2234 eius
2763 2161 2866 2217 ﬁde
2891 2160 3166 2215 dubitatur
3188 2158 3282 2229 qui
3310 2155 3379 2211 ad
3409 2153 3731 2212 custodiam

2118 2258 2353 2315 civitatis
2381 2256 2617 2327 eligitur,
2663 2253 2788 2326 quia
2814 2255 3058 2324 probata:
3103 2249 3458 2307 conscientia:
3501 2254 3734 2303 constat

2117 2365 2238 2406 esse
2265 2349 2593 2405 credendum
2615 2347 2708 2417 qui
2738 2344 2899 2400 fuerit
2926 2359 3024 2412 pro
3063 2342 3357 2398 securitate
3385 2338 3726 2397 multorum.

2118 2439 2294 2514 Atque
2338 2439 2461 2492 ideo
2487 2451 2672 2492 curam
2713 2444 2885 2506 portae
2924 2432 3069 2488 illius
3093 2429 3330 2488 civitatis
3377 2437 3577 2486 nostra
3626 2425 3731 2481 tibi

2117 2530 2440 2586 auctoritate
2466 2527 2832 2595 concedimus,
2862 2535 2923 2580 ut
2957 2524 3326 2594 improborum
3374 2535 3491 2576 non
3535 2528 3738 2589 pateat

2120 2621 2457 2684 adventibus,
2481 2627 2537 2675 et
2563 2619 2830 2674 bonorum
2858 2631 2967 2671 non
2996 2614 3242 2670 retardet
3268 2626 3555 2667 accessus.
3586 2609 3738 2676 Nam

2119 2713 2164 2769 si
2192 2720 2346 2782 porta
2373 2724 2588 2780 semper
2614 2706 2866 2763 obserata
2894 2706 2987 2773 sit,
3017 2705 3191 2758 instar
3229 2708 3317 2756 est
3338 2698 3630 2764 carceris;
3684 2698 3740 2753 si

2120 2805 2314 2860 iterum
2339 2803 2540 2872 iugiter
2564 2799 2846 2872 pandetur,
2874 2808 3153 2852 murorum
3172 2793 3250 2849 nil
3267 2790 3499 2863 prodest
3517 2790 3742 2847 habere

2121 2893 2440 2949 munimina.
2489 2889 2573 2945 Sit
2617 2902 2748 2958 ergo
2793 2895 3084 2955 utrumque
3134 2882 3508 2948 moderatum,
3564 2888 3631 2935 ut
3674 2889 3743 2937 et

2121 2983 2378 3042 custodiae
2399 2989 2679 3037 nocturna:
2703 2977 3022 3042 satisfacias,
3051 2982 3108 3032 et
3135 2975 3579 3044 incompeteuter
3607 2987 3741 3027 eam

2121 3076 2381 3135 claudere
2404 3090 2512 3132 non
2540 3088 2858 3149 prmsumas.
2890 3071 3010 3126 Eris
3035 3069 3291 3126 nimirum
3313 3067 3403 3123 via
3428 3067 3665 3131 civium,
3680 3075 3745 3120 et

2124 3171 2397 3242 ingressus
2425 3166 2682 3221 mercium
2711 3164 3042 3232 singularum
3060 3200 3077 3228 ,
3102 3159 3316 3216 amicus
3338 3157 3510 3214 simul
3555 3157 3744 3228 copiae

444 3296 567 3345 tura
592 3250 928 3354 conceditur,
950 3285 1318 3347 submonente
1344 3285 1541 3341 iterum
1568 3250 1758 3341 eadem
1784 3285 2019 3340 suaviter

2124 3274 2284 3331 quam
2305 3268 2460 3330 optas
2488 3259 2708 3313 intrare.
2738 3255 2909 3312 Stude
2943 3268 3075 3322 ergo
3097 3267 3224 3309 eum
3260 3250 3541 3306 alimoniis
3586 3250 3743 3304 invi—

2126 3360 2243 3408 tare
2264 3351 2564 3406 venientes.
2601 3349 2717 3404 Non
2765 3346 2862 3402 tibi
2888 3345 3034 3417 quod
3061 3344 3395 3414 despiciatur
3438 3352 3531 3398 est
3554 3341 3747 3398 credi-

2125 3450 2262 3498 tum.
2288 3440 2620 3508 Quibusdam
2668 3437 2912 3494 faucibus
2956 3435 3194 3491 civitatis
3230 3432 3602 3504 prmponeris,
3645 3431 3749 3504 qui

2126 3533 2550 3604 ingredientibus
2576 3530 2897 3587 victualibus
2920 3529 3154 3598 pratesse
3182 3525 3533 3581 monstraris.
3574 3523 3749 3591 Quod

2125 3634 2186 3683 te
2206 3632 2426 3697 oportet
2447 3623 2566 3680 sine
2591 3621 2812 3692 querela
2848 3616 3130 3691 perﬁcere,
3160 3624 3222 3673 nt
3258 3617 3314 3671 in
3343 3615 3534 3686 parvis
3560 3628 3749 3685 agno-

2128 3732 2283 3800 scere
2302 3715 2590 3788 possimus,
2619 3713 2707 3770 cui
2733 3710 2941 3783 maiora
2959 3709 3183 3768 credere
3204 3708 3530 3765 debeamus.

2293 3871 2462 3931 XXX.
2497 3885 2745 3929 roauuu
2781 3882 3113 3925 remeamus
3144 3880 3569 3922 rnovrxcuauu.

2205 3987 2471 4059 Equitati
2511 3983 2764 4045 convenit
2789 3991 2849 4038 ut
2877 3981 3245 4050 unusquisque
3270 3978 3339 4033 ad
3358 3974 3607 4033 fructum
3638 3977 3753 4032 ini-

2132 4080 2262 4138 litiae
2287 4092 2510 4137 emenso
2550 4084 2797 4146 tempore
2839 4072 3036 4129 debeat
3081 4067 3392 4140 pervenire,
3442 4074 3504 4122 et
3531 4066 3755 4123 laboris

2134 4174 2365 4245 recipiat
2404 4168 2687 4242 praemium
2737 4178 2839 4236 pro
2893 4160 3339 4231 compensatione
3383 4157 3753 4213 meritorum.

2137 4244 2292 4326 Unde
2319 4263 2445 4334 quia
2472 4259 2663 4331 prisca:
2688 4244 3094 4312 consuetudinis
3119 4249 3264 4306 ratio
3290 4246 3597 4319 persuadet
3629 4254 3695 4301 ut
3722 4261 3758 4300 a

2134 4355 2294 4414 nobis
2331 4353 2529 4408 debeat
2571 4347 2861 4419 designari,
2912 4343 3005 4414 qui
3051 4357 3086 4396 a
3113 4339 3268 4396 vobis
3314 4339 3578 4394 tribunus
3627 4352 3760 4394 esse

2136 4451 2443 4510 mereatur;
2497 4439 2618 4496 ideo
2666 4439 2769 4494 hac
2813 4433 3142 4491 auctoritate
3182 4445 3494 4498 censemus,
3545 4436 3613 4484 ut
3658 4429 3760 4484 ille

525 4568 672 4629 Utile
693 4576 779 4627 est
797 4580 964 4624 unum
989 4578 1208 4635 semper
1224 4563 1442 4634 eligere,
1471 4562 1560 4621 cui
1578 4563 1771 4633 reliqui
1798 4561 2037 4620 debeam
2064 4623 2108 4635 ᾳ
2137 4552 2299 4635 quem
2331 4535 2484 4592 locus
2511 4531 2728 4635 videtur
2770 4540 3092 4635 exposcere,
3123 4523 3293 4635 vobis
3321 4522 3379 4578 in
3420 4522 3759 4624 supradicto

2059 4623 2112 4685 Β
2137 4629 2344 4685 honore
2369 4621 2687 4697 prmsideat;
2717 4624 2985 4691 quatenus
3024 4629 3149 4671 cum
3178 4613 3249 4668 ad
3277 4620 3500 4682 tempus
3528 4613 3762 4667 venerit

2138 4715 2506 4778 constitutum,
2531 4718 2718 4782 optato
2745 4709 2952 4764 honore
2976 4705 3235 4776 potiatur.
3259 4702 3456 4758 Divina
3477 4710 3616 4758 sunt
3651 4704 3761 4759 ista

2131 4805 2353 4879 iudicia,
2380 4817 2490 4858 non
2534 4801 2789 4862 humana,
2835 4805 2895 4851 ut
2932 4810 3093 4866 quem
3121 4807 3357 4865 superna
3404 4792 3477 4846 ad
3529 4800 3762 4864 tempus

2137 4897 2376 4954 debitum
2397 4893 2683 4950 voluerunt
2709 4887 3029 4960 perducere,
3066 4886 3262 4940 merito
3289 4881 3553 4940 videatur
3585 4895 3649 4939 et
3677 4885 3763 4940 la-

2137 4987 2284 5045 boris
2326 4985 2408 5042 sui
2446 4981 2664 5055 praemia
2712 4979 3034 5050 suscepisse.
3094 4975 3462 5031 Excubiarum
3513 4990 3754 5031 suarum

2135 5078 2298 5149 igitur
2325 5073 2686 5144 competentia
2714 5069 2992 5140 privilegia
3025 5073 3417 5136 consequatur,
3443 5066 3582 5134 quia
3628 5069 3751 5121 nul-

2133 5167 2248 5222 lum
2293 5163 2658 5222 emolumento
2707 5165 2970 5214 consueto
3024 5153 3264 5210 fraudari
3313 5154 3754 5217 desideramus,

2137 5274 2300 5329 quem
2329 5256 2447 5312 sine
2473 5253 2648 5324 culpis
2675 5250 2743 5306 ad
2785 5250 3074 5320 primatum
3097 5247 3286 5302 venire
3331 5249 3757 5315 cognoscimus.

2139 5352 2482 5422 Quapropter
2503 5347 2598 5412 illi,
2628 5360 2728 5417 pro
2750 5342 2986 5398 utilitate
3011 5339 3228 5410 publica
3258 5337 3612 5407 disponenti,
3648 5356 3767 5392 mo-

2142 5444 2223 5500 dis
2247 5440 2495 5499 omnibus
2535 5436 2753 5494 obedite
2798 5451 2811 5487 :
2860 5432 3117 5503 quoniam
3170 5436 3509 5498 potestatem
3556 5428 3761 5503 [(12:11,

2141 5536 2288 5600 Con,
2322 5532 2444 5588 Niv.
2476 5541 2525 5586 et
2555 5530 2732 5594 (iam,
2776 5524 2975 5596 artem]
3014 5522 3211 5594 indicis
3250 5521 3465 5577 habent
3515 5521 3758 5591 priores,

2141 5628 2354 5699 quando
2385 5626 2452 5681 ab
2502 5623 2630 5694 ipsis
2672 5619 2983 5693 requiritur,
3013 5617 3059 5673 si
3097 5613 3226 5685 quid
3251 5630 3281 5669 a
3314 5613 3478 5671 vobis
3506 5613 3760 5669 insolen-

2140 5721 2247 5774 tius
2275 5715 2580 5772 excedatur.

540 5895 559 5911 “
595 5882 658 5945 ι.
685 5884 713 5938 ι
745 5883 902 5954 Cod.,
933 5881 1034 5953 Qui
1061 5901 1157 5958 pro
1195 5899 1292 5938 sua
1322 5879 1515 5954 jurisd.
1561 5886 1617 5934 et
1641 5894 1804 5965 supra
1832 5879 1922 5934 lib.
1956 5892 2030 5945 ut,
2067 5852 2224 5947 epist.
2260 5872 2349 5927 il.
2382 5874 2546 5930 i‘ons.
