3974 6388
201 354 256 411 ἰῗ
267 352 307 408 ἒῖ

372 455 563 516 XXXI.
606 469 854 512 FOBIULL
893 461 1241 508 PNNCIPA'I'US
1275 457 1427 500 υιιιιιε
1463 454 1644 496 ΒΟἈΒ.

296 575 430 632 Cum
453 571 510 626 in
538 567 673 624 urbe
703 563 878 621 Roma
926 560 1160 633 plurima
1204 555 1322 612 fleri
1365 563 1716 612 censeamus,
1763 553 1820 602 et

233 678 448 726 necesse
475 662 547 720 sit
574 659 648 716 ibi
694 665 1022 730 potestatem
1069 667 1192 710 esse
1231 647 1502 708 comitiaci
1545 642 1729 710 ofﬁcii,
1761 649 1822 698 ut

234 761 486 816 utilitates
537 752 763 824 publica;
808 747 1094 806 videantur
1137 741 1372 815 impleri,
1429 745 1618 795 nostro
1668 747 1823 790 more

241 847 625 926 prospeximus,
649 850 708 898 ut
727 839 855 913 quia
877 837 1176 910 principem
1195 830 1526 889 cardinalem
1550 825 1824 894 obsequiis

241 918 434 1000 nostris
473 938 665 996 deesse
704 949 813 990 non
860 931 1114 1004 patimur,
1163 936 1222 982 tu
1267 925 1384 996 ejus
1432 923 1611 978 locum
1637 918 1826 974 vicarii

241 1033 452 1090 nomine
495 1029 549 1083 in
593 1026 726 1082 urbe
758 1023 1016 1080 “Romana
1061 1017 1380 1076 solemniter
1429 1014 1629 1092 debeas
1654 1011 1828 1068 conti-

240 1139 401 1191 nere;
439 1127 707 1193 quatenus
732 1125 788 1173 et
824 1115 916 1171 ille
964 1113 1229 1186 primatus
1271 1110 1354 1166 sui
1381 1106 1658 1164 laboribus
1697 1118 1826 1175 per-

243 1216 467 1282 fruatur,
518 1219 575 1268 et
623 1217 684 1264 tu
738 1208 793 1263 in
845 1205 1068 1261 alterius
1121 1205 1332 1258 honore
1372 1198 1549 1271 possis
1601 1196 1828 1262 discere,

243 1308 384 1378 quod
409 1306 462 1362 in
491 1311 586 1359 tuo
613 1301 814 1358 debeas
838 1298 1068 1354 feliciter
1093 1295 1375 1352 exhibere.
1421 1291 1477 1348 Si
1507 1305 1645 1360 quos
1668 1287 1832 1345 etiam

225 1391 651 1454 .‘comitiacorum
694 1391 765 1448 ad
809 1389 1126 1447 comitatum
1170 1383 1498 1458 judicaveris
1537 1396 1659 1438 esse
1702 1379 1834 1434 diri-

233 1556 491 1634 ‘arbitrio.
523 1574 633 1630 Eos
659 1579 840 1628 autem
889 1583 1028 1640 quos
1066 1564 1379 1622 retinendos
1406 1559 1700 1632 putaveris,
1750 1557 1836 1612 in-

1510 319 1871 382 VARlARUM
1913 315 2116 374 LIBER
2155 307 2260 365 VII.

1847 442 1894 498 Α
1920 430 2161 487 XXXIII.
2215 437 2461 484 ronuuua
2522 439 2842 482 LEGATORUM
2879 399 3115 482 Gaurium
3151 439 3508 482 DIVERSARUI.

3407 307 3506 366 736

1991 546 2124 616 Quis
2164 543 2374 601 dubitet
2402 541 2648 599 utilitatis
2691 541 2923 612 publica:
2969 538 3231 598 interesse
3267 537 3464 596 rationi
3492 585 3514 606 ,

1922 651 1984 697 ιιι
2005 639 2200 712 quibus
2229 653 2329 693 nos
2355 641 2572 692 constat
2590 633 2734 692 dona
2773 633 3041 700 conferre,
3069 634 3270 690 nullam
3300 635 3516 690 videaris

1923 739 2012 786 tur
2050 728 2258 784 itineris
2295 725 2602 782 molestiam
2648 724 2938 788 sustinere,
2981 723 3199 794 quando
3233 738 3335 778 nec
3363 721 3518 778 vobis

1924 838 2200 880 morarum
2229 821 2550 875 detrimenta
2591 817 2821 882 faciunt,
2843 826 2900 874 et
2936 816 3012 871 illi
3040 831 3100 871 se
3126 815 3265 872 bene
3303 815 3518 872 habitos

1925 915 2090 971 fuisse
2117 909 2486 981 cognoscunt?
2516 908 2693 978 Atque
2735 905 2858 962 ideo
2900 905 3289 962 humanitatem
3329 905 3520 962 subter

1928 1003 2319 1068 annexam,vel
2345 1001 2413 1056 ad
2435 1015 2604 1070 equos
2630 999 2867 1070 capitum
2893 997 3326 1054 delinitumillius
3344 996 3522 1065 gentis

1929 1099 2120 1168 legatis
2147 1097 2266 1152 sine
2293 1095 2474 1164 aliqua
2505 1091 2758 1148 tarditate
2782 1089 3125 1162 prmstabitis,
3160 1095 3428 1160 quatenus
3454 1087 3524 1142 ad

1929 1191 2088 1246 sedes
2112 1203 2237 1245 suas
2259 1185 2637 1243 irremunerati
2659 1199 2770 1240 non
2798 1182 3034 1240 debeant
3056 1181 3364 1254 pervenire,
3397 1181 3526 1249 quia

1932 1279 2310 1337 festinantibus
2336 1276 2542 1347 gratior
2567 1283 2654 1332 est
2679 1273 2931 1331 celeritas
2959 1273 3016 1329 in
3043 1269 3324 1328 redeundo
3363 1284 3528 1341 quam

1933 1371 2189 1442 quaelibet
2211 1383 2498 1425 munerum
2526 1365 2859 1439 magnitudo.

236 1475 446 1558 igendos
475 1501 491 1540 :
519 1481 809 1540 consulens
851 1477 1115 1548 obsequio
1155 1483 1364 1539 nostro,
1397 1480 1492 1528 tuo
1538 1466 1838 1539 subjacebit

1970 1481 2179 1537 LXXIV.
2211 1496 2457 1538 sonitum
2482 1493 2838 1544 EVOCATOBIA,
2863 1492 3007 1543 cum
3033 1490 3286 1533 PRINCEPS
3310 1489 3530 1531 ntutclr.

2011 1574 2128 1630 Non
2156 1574 2463 1630 dubitamus
2491 1573 2736 1628 ultronea
2765 1579 2917 1643 grate
2949 1569 3169 1641 suscipi,
3205 1584 3327 1641 quae
3373 1569 3428 1624 in
3459 1567 3537 1624 Io-

245 1670 393 1727 dulta
443 1667 737 1724 securitate
787 1661 1084 1733 potiantur.
1133 1656 1215 1712 Ita
1264 1663 1468 1718 tamen,
1514 1658 1576 1707 ut
1605 1649 1838 1706 vicissim

1970 1681 2065 1722 :um
2095 1664 2336 1722 muneris
2363 1663 2542 1719 solent
2578 1663 2849 1734 postulata
2881 1659 3115 1716 conferri
3142 1678 3156 1715 :
3187 1660 3313 1730 quia
3334 1658 3537 1715 domini

247 1763 426 1821 omnia
453 1757 788 1823 modereris;
832 1762 1098 1827 quatenus
1144 1764 1246 1806 nec
1287 1747 1618 1805 excubantes
1663 1741 1840 1800 conti-
1873 1823 1894 1827 Α
1942 1757 2250 1815 ηοω-ἀλιίο
2278 1755 2530 1814 concedi.
2573 1769 2791 1826 semper
2829 1761 3139 1822 augmenta,
3189 1767 3289 1809 nec
3315 1760 3542 1824 possunt

245 1869 382 1910 ηυυε
433 1851 592 1907 labor
637 1854 856 1914 θῑίθτθίν
891 1859 992 1901 “ec
1027 1856 1221 1913 εθεηθδ
1267 1839 1463 1896 “erum
1509 1834 1698 1904 rubigo
1744 1833 1841 1890 οιίί
1871 1823 1918 1886 Β
1945 1868 2066 1910 esse
2093 1853 2352 1926 principis
2381 1867 2549 1908 vacua
2576 1823 2984 1921 gratiﬁcationis
3025 1848 3250 1920 judicia.
3291 1823 3540 1918 Quapro-

247 1943 496 2017 fugienda
524 1946 830 2000 consumat.

374 2135 594 2194 XXXII.
632 2133 1020 2198 sonatuu'oua
1059 2147 1276 2190 IONE'I'A
1315 2142 1709 2187 οοιιιιιττιτυιι.

315 2275 508 2334 Omnis
533 2272 752 2344 quidem
781 2270 990 2326 utilitas
1015 2267 1233 2341 publica
1260 2265 1404 2322 fideli
1431 2263 1595 2320 debet
1632 2261 1849 2318 actione

249 2365 554 2437 compleri,
601 2363 729 2433 quia
777 2369 953 2417 totum
991 2359 1248 2414 vitiosum
1300 2356 1523 2426 geritur,
1570 2354 1664 2409 ubi
1715 2367 1850 2410 con-

247 2459 492 2516 scientiae
517 2456 726 2529 pta-itas
767 2470 877 2510 non
923 2453 1158 2508 habetur
1189 2469 1206 2506 :
1236 2460 1418 2506 tamen
1463 2449 1688 2506 omnino
1727 2463 1847 2502 mo-

249 2560 392 2610 netu:
419 2552 582 2608 debet
602 2549 884 2618 integritas
911 2547 1099 2617 quaeri,
1127 2545 1220 2602 ubi
1246 2551 1304 2600 et
1330 2543 1510 2599 vultus
1537 2549 1722 2598 noster
1748 2540 1852 2595 im-

249 2643 522 2716 primitur,
569 2648 628 2696 et
669 2637 942 2710 generalis
989 2637 1195 2693 utilitas
1239 2634 1532 2690 invenitur.
1581 2629 1850 2698 Quidnam

252 2739 356 2794 erit
399 2743 596 2799 tutum,
636 2733 683 2790 si
731 2733 786 2788 in
817 2739 1003 2787 nostra
1045 2736 1306 2801 peccetur
1341 2724 1550 2796 efﬁgie;
1595 2731 1652 2780 et
1688 2738 1852 2792 quam

251 2831 535 2904 subjectus
553 2827 717 2885 corde
753 2824 1005 2882 venerari
1027 2823 1210 2888 debet,
1252 2836 1417 2876 manu
1447 2818 1705 2887 sacrilega
1733 2815 1853 2872 vio-

255 2924 370 2980 lare
401 2923 662 2978 festinet?
691 2916 919 2975 Additur
939 2913 1088 2986 quod
1117 2913 1388 2971 venalitas
1429 2921 1622 2968 cuneta
1660 2907 1856 2964 dissol-

255 3017 330 3072 vit
347 3014 552 3089 [ϐπ-ιιι,
579 3011 722 3084 Cuj.,
747 3009 871 3066 Niv.
897 3019 946 3064 et
968 3007 1147 3074 Gam.,
1169 3001 1855 3075 dissolvitur],sivictualia

256 3107 480 3164 metalla
503 3106 781 3171 vitiantur,
820 3099 1038 3174 quando
1063 3113 1288 3155 necesse
1315 3105 1398 3152 est
1419 3094 1600 3166 respui
1629 3091 1776 3162 quod
1801 3092 1856 3147 in

1947 1957 2070 2022 pter
2116 1949 2186 2006 ad
2231 1949 2549 2007 comitatum
2597 1956 2842 2003 nostrum
2879 1946 3044 2017 jussis
3091 1953 3146 2002 te
3191 1944 3544 2016 praesentibus

1947 2055 2256 2107 evocamus,
2306 2049 2368 2096 ut
2413 2053 2520 2094 non
2567 2037 2828 2094 mediocri
2875 2036 3072 2108 gaudio
3116 2035 3432 2108 perfruaris.
3479 2032 3546 2087 Et

1947 2132 2070 2188 ideo
2099 2131 2196 2187 otii
2232 2129 2592 2186 delectatione
2629 2127 2949 2200 postposita,
2981 2126 3049 2183 ad
3093 2127 3241 2182 illam
3280 2125 3444 2194 diem,
3478 2125 3545 2180 ad

1949 2221 2150 2279 Urbem
2179 2221 2324 2279 illam
2353 2221 2610 2278 devenire
2635 2233 2888 2292 propera,
2936 2228 2996 2276 ut
3037 2226 3094 2275 et
3124 2219 3219 2274 tibi
3265 2226 3543 2290 aspectum

1949 2320 2193 2368 nostrum
2219 2317 2431 2382 gratum
2460 2309 2624 2364 fuisse
2647 2308 2974 2380 judicemus,
3025 2321 3147 2364 cum
3171 2314 3232 2362 te
3259 2306 3545 2362 festinasse

1950 2403 2345 2473 cognoscimus.
2376 2401 2654 2457 Desiderat
2674 2400 2818 2456 enim
2845 2397 2966 2453 aula
2989 2408 3172 2454 nostra
3203 2397 3546 2469 praesentiam

1951 2496 2237 2559 bonorum,
2268 2493 2394 2548 dum
2425 2492 2609 2548 nescio
2631 2506 2741 2562 quo
2770 2497 2932 2560 pacto
2962 2489 3222 2560 quidquid
3269 2487 3436 2559 regali
3462 2502 3548 2544 sa-

1951 2588 2168 2662 pientia:
2194 2595 2405 2657 gratum
2443 2599 2564 2642 esse
2607 2583 2974 2655 cognoscitur,
3014 2591 3069 2638 et
3116 2581 3302 2638 divino
3341 2580 3548 2652 judicio

1955 2680 2360 2752 comprobatur,
2389 2677 2515 2749 quia
2563 2676 2652 2732 ille
2687 2676 2779 2746 qui
2821 2674 2984 2730 corda
3032 2681 3217 2731 nostra
3245 2669 3404 2744 regit,
3433 2671 3551 2745 ipse

1955 2775 2117 2831 etiam
2147 2773 2274 2846 quid
2302 2773 2594 2830 debeamus
2615 2772 2819 2828 sentire
2846 2770 3115 2828 concedit.

1957 2901 2172 2959 XXXV.
2236 2918 2483 2959 renatum
2539 2916 2910 2967 evocaremus,
2964 2915 3085 2964 qua;
3140 2915 3374 2957 rerum
3423 2913 3546 2956 cou-

2609 2988 2860 3028 οεοιτυιι.

2031 3064 2393 3122 Manifestatio
2441 3071 2526 3120 est
2575 3062 2919 3119 conscientia:
2973 3062 3130 3118 bona:
3152 3105 3168 3129 ,
3213 3063 3553 3134 prmsentiam

257 3198 628 3258 mereimoniis
649 3153 963 3266 corruptum
977 3153 1192 3248 videtur
1218 3153 1422 3246 offerri.
1446 3153 1576 3255 Quis
1603 3153 1733 3255 ergo
1761 3201 1859 3256 pa-
1886 3196 1932 3260 ρ
1957 3157 2086 3230 ius“
2116 3156 2374 3266 Principis
2397 3155 2709 3226 θΧΡθιίίεδθν
2740 3169 2903 3260 (1·υτιω
2941 3153 3090 3260 fmus
3131 3153 3558 3266 illendcsidcrare

260 3293 430 3350 tiatur
447 3293 604 3347 unius
640 3305 760 3346 esse
786 3287 1130 3344 commodum
1155 3281 1434 3354 dispendia
1461 3279 1693 3336 scelesta
1732 3293 1864 3333 cun-

261 3393 479 3442 ctorum
503 3423 518 3448 ,
549 3389 611 3437 ut
639 3377 960 3436 detestabile
988 3377 1177 3432 vitium
1203 3373 1394 3430 venire
1439 3370 1615 3443 possit
1640 3369 1708 3424 ad
1747 3383 1868 3440 pre-

263 3477 438 3533 tium?
459 3474 541 3530 Sit
563 3471 823 3528 mundum
857 3468 1002 3539 quod
1031 3467 1102 3524 ad
1140 3465 1369 3523 formam
1417 3470 1618 3520 nostra:
1661 3459 1867 3517 sereni-

265 3571 402 3628 tatis
429 3567 734 3624 adducitur.
765 3563 995 3620 Claritas
1036 3560 1188 3630 regia
1217 3558 1293 3614 nil
1321 3555 1561 3613 admittit
1585 3553 1864 3612 infectum.

265 3661 407 3720 Nam
436 3661 483 3716 si
512 3659 691 3714 vultus
733 3655 1022 3726 cujuslibet
1049 3653 1263 3710 sincero
1303 3649 1490 3706 colore
1535 3643 1868 3717 depingitur,

266 3753 446 3809 multo
472 3749 670 3820 justins
695 3746 1040 3804 metallorum
1079 3743 1318 3814 puritate
1357 3739 1670 3812 principalis
1694 3737 1868 3808 gratia

271 3843 594 3902 custoditur.
628 3838 757 3894 Auri
798 3839 1014 3893 flamma
1056 3835 1203 3891 nulla
1239 3833 1448 3903 injuria
1491 3829 1873 3902 permixtionis

272 3938 536 4000 albeseat,
566 3931 776 4002 argenti
805 3930 960 3986 color
985 3927 1156 3998 gratia
1185 3925 1439 3982 candoris
1463 3923 1721 3990 arrideat,
1750 3921 1874 3977 aeris

272 4027 445 4082 rubor
481 4024 536 4079 in
575 4021 758 4076 nativa
781 4019 1042 4090 qualitate
1081 4023 1412 4088 permaneat.
1459 4013 1594 4068 Nam
1631 4011 1678 4068 si
1709 4025 1875 4066 unum

276 4116 480 4174 laedere
524 4113 732 4184 legibus
759 4117 986 4182 putatur
1029 4122 1150 4165 esse
1193 4103 1576 4166 damnandum,
1625 4099 1756 4172 quid
1786 4097 1876 4155 ille

171 4229 192 4242 ε
278 4207 476 4265 mereri
507 4203 728 4276 poterit,
773 4201 870 4270 qui
914 4199 970 4255 in
1005 4207 1212 4254 tantam
1257 4196 1535 4252 hominum
1579 4191 1880 4248 numerosi-

280 4301 452 4354 tatem
511 4291 855 4367 peccaverit?
910 4287 1130 4346 Pondus
1175 4285 1474 4358 quinetiam
1526 4281 1881 4338 constitutum

280 4387 520 4447 denariis
559 4383 908 4458 praecipimus
931 4380 1094 4452 120
1127 4378 1329 4434 debere
1356 4373 1600 4440 servari,
1632 4372 1726 4442 qui
1752 4371 1882 4427 olim

287 4489 399 4535 tam
427 4491 600 4549 penso
641 4489 804 4546 quam
852 4485 1078 4528 numero
1098 4468 1472 4524 vendebantur
1521 4482 1535 4518 :
1581 4464 1725 4520 unde
1763 4477 1886 4518 ver-

1963 3259 2163 3325 potest,
2186 3249 2278 3322 qui
2305 3249 2374 3306 de
2395 3262 2589 3318 magna
2617 3247 2814 3304 mentis
2841 3246 3075 3319 puritate
3112 3245 3355 3304 conlidit.
3386 3249 3560 3320 Aspe-

1966 3353 2112 3402 ctum
2135 3343 2267 3400 solis
2297 3343 2400 3398 nisi
2419 3342 2568 3399 clara
2594 3341 2800 3397 lumina
2829 3357 2936 3398 non
2979 3341 3282 3412 requirunt,
3323 3343 3449 3412 quia
3483 3342 3560 3399 illi

1968 3443 2175 3492 tantum
2213 3443 2444 3504 possunt
2485 3433 2768 3490 rutilantes
2795 3433 2907 3504 pati
2937 3433 3135 3498 radios,
3184 3449 3322 3506 quos
3348 3443 3562 3492 constat

1969 3525 2157 3584 oculos
2180 3524 2380 3582 habere
2417 3522 2750 3595 purissimos.
2783 3523 2872 3581 Sic
2918 3525 3259 3595 praesentiam
3303 3525 3562 3598 principis

1969 3618 2218 3675 ambiunt
2237 3617 2329 3690 qui
2361 3617 2428 3673 de
2469 3619 2649 3674 cordis
2693 3618 3010 3674 sinceritate
3035 3628 3384 3691 prmsumunt.
3424 3618 3564 3677 Hinc

1971 3719 2056 3768 est
2078 3711 2224 3781 quod
2245 3709 2496 3780 veniendi
2527 3709 2624 3766 tibi
2669 3709 2738 3766 ad
2784 3711 3106 3767 comitatum
3137 3708 3385 3768 fiduciam
3411 3720 3566 3782 grata

1971 3810 2156 3858 mente
2182 3801 2461 3872 largimur,
2507 3814 2578 3856 ne
2605 3800 2783 3856 honor
2815 3802 3174 3870 evocationis,
3206 3802 3299 3873 qui
3338 3817 3440 3873 pro
3469 3817 3569 3858 no-

1973 3899 2085 3946 stra
2112 3889 2282 3960 gloria
2305 3897 2522 3946 constat
2547 3888 2818 3957 inventus,
2849 3890 2916 3946 ad
2932 3891 3184 3961 injuriam
3200 3898 3566 3958 convertatur,

1975 3983 2103 4040 dum
2131 3983 2310 4054 aliqua
2331 3982 2493 4039 fuerit
2519 3982 2780 4039 dilatione
2807 3983 3072 4041 tardatus.
3093 3983 3387 4042 lnvitamus
3413 3983 3572 4055 quin—

1978 4076 2088 4133 imo
2113 4075 2382 4132 desideria
2395 4073 2746 4142 venientium,
2763 4076 2891 4146 quia
2921 4075 3046 4130 inde
3070 4077 3239 4148 magis
3259 4076 3570 4143 crescimus,

1979 4170 2025 4226 si
2052 4169 2200 4225 viros
2219 4167 2428 4224 nobiles
2452 4167 2652 4223 nostris
2680 4167 2953 4238 obsequiis
2979 4180 3348 4239 aggregemus.

2295 4277 2536 4334 XXXVI.
2577 4283 2826 4335 FollIULA
2866 4293 3264 4335 consensus.

2057 4372 2226 4429 Nemo
2247 4371 2456 4428 dubitat
2483 4371 2731 4427 homines
2757 4385 2855 4427 sua
2881 4371 3144 4427 varietate
3172 4371 3578 4444 recreari,.quia

1989 4465 2044 4520 in
2071 4463 2482 4520 continuatione
2531 4477 2712 4518 rerum
2759 4472 3013 4532 magnum
3061 4462 3333 4520 mentibus
3371 4471 3586 4520 constat

285 4575 482 4630 borum
523 4568 790 4626 vocabula
842 4571 1224 4654 competenter
1272 4561 1341 4616 ab
1387 4557 1598 4626 origine
1639 4555 1880 4620 trahens,
1914 4582 1966 4644 ι)
1988 4571 2110 4614 esse
2137 4554 2431 4610 fastidium.
2463 4553 2699 4610 Dulcedo
2741 4550 2940 4622 mellis,
2986 4553 3032 4610 si
3079 4553 3295 4610 assidue
3322 4563 3588 4624 sumatur,

289 4659 676 4733 compendium
706 4665 766 4715 ει
809 4645 1152 4727 ἀίεινθιιὰίιιιιί
1199 4650 1427 4722 pulchre
1452 4645 1712 4703 vocitavit
1747 4645 1887 4700 anti-
1990 4646 2260 4705 horrescit
2289 4665 2302 4702 :
2331 4661 2524 4703 serena
2555 4646 2964 4718 ipsa,_quamvis
3009 4663 3341 4720 magquere
3379 4647 3588 4706 deside-

288 4755 490 4825 quitas.
542 4750 776 4808 Pecunia
827 4749 973 4805 enim
1024 4762 1056 4802 a
1111 4743 1333 4816 pecudis
1381 4749 1536 4812 tergo
1589 4737 1888 4802 nominata,
1992 4748 2201 4809 rentur,
2249 4738 2451 4808 jugiter
2501 4735 2696 4809 adepta
2744 4737 3100 4806 sordescunt;
3154 4751 3265 4795 n0n
3297 4739 3591 4804 immerito,

291 4849 460 4905 Gallis
488 4845 820 4909 auctoribus,
845 4843 964 4898 sine
992 4841 1174 4912 aliquo
1198 4837 1375 4893 adhuc
1401 4835 1556 4904 signo
1582 4830 1652 4888 ad
1674 4829 1892 4886 metalla
1995 4835 2121 4906 quia
2142 4849 2264 4890 cum
2294 4834 2364 4889 sit
2392 4832 2557 4888 homo
2583 4831 3000 4900 commutabilis,
3046 4839 3252 4888 narum
3297 4847 3406 4889 sum
3449 4833 3594 4888 (ποδί-

297 4939 556 4996 translata
600 4945 704 4994 est.
761 4936 935 5004 Quam
989 4948 1100 4988 non
1151 4931 1382 4986 sinimus
1429 4924 1714 4981 faeculenta
1766 4936 1893 4993 per-
1998 4925 2152 4982 derat
2179 4925 2380 4982 habere
2412 4923 2721 4994 qualitates.
2755 4921 2826 4977 Et
2865 4922 2988 4979 ideo
3035 4923 3314 4980 festinanti
3343 4925 3433 4980 tibi
3479 4939 3599 4996 pro-

295 5032 562 5088 mixtione
600 5028 720 5084 fieri
764 5023 1266 5095 contemptibilem,
1315 5035 1383 5076 ne
1427 5020 1622 5074 iterum
1669 5015 1722 5070 in
1765 5012 1903 5068 anti-

299 5137 460 5194 quam
488 5127 849 5192 cognoscatur
875 5114 1052 5171 redire
1074 5113 1356 5169 vilitatem.
1386 5107 1622 5165 Proinde
1645 5113 1720 5170 te,
1744 5102 1901 5173 cujus

305 5215 465 5272 nobis
512 5212 728 5269 laudata
769 5217 854 5265 est
893 5206 1174 5275 integritas
1221 5203 1472 5269 actionis,
1521 5199 1590 5255 ab
1635 5197 1726 5253 illa
1765 5195 1904 5251 indi-

303 5311 487 5365 ctione
516 5322 613 5378 per
645 5305 776 5376 juge
821 5299 1252 5372 quinquennium
1295 5303 1528 5352 monetae
1573 5305 1760 5348 curam
1787 5289 1902 5358 ⁸ιιιι-

306 5403 438 5460 bere
461 5399 822 5473 praecipimus,
867 5409 1026 5466 quam
1065 5391 1288 5448 Servius
1326 5405 1424 5446 rex
1447 5389 1499 5444 in
1527 5401 1634 5444 :ere
1671 5383 1906 5456 primum

309 5495 647 5568 impressisse
676 5491 1025 5563 perhibetur;
1054 5489 1129 5542 ita
1161 5494 1222 5541 ut
1249 5493 1343 5542 tuo
1391 5483 1636 5556 periculo
1664 5495 1774 5536 non
1803 5477 1906 5533 du-

311 5590 451 5645 bites
477 5585 668 5656 quaeri,
693 5585 740 5639 si
787 5581 916 5654 quid
945 5582 1000 5636 in
1029 5581 1119 5635 illa
1147 5577 1354 5634 fraudis
1389 5576 1629 5648 potuerit
1657 5569 1906 5628 inveniri.

314 5679 446 5735 Nam
471 5679 612 5733 sicut
636 5691 793 5731 casus
823 5689 1044 5745 asperos
1072 5673 1298 5739 subibis,
1332 5671 1379 5727 si
1399 5669 1528 5742 quid
1560 5667 1789 5726 fortasse
1819 5665 1911 5722 de-

315 5770 558 5841 liqueris,
591 5769 664 5824 ita
713 5768 1166 5822 irrcmuneratum
1209 5781 1316 5820 non
1366 5765 1739 5836 relinquimus,
1784 5764 1828 5818 si
1858 5773 1910 5820 te

319 5861 492 5930 egisse
521 5857 918 5928 Inculpabilitcr
940 5856 1287 5912 senserimus.

2001 5018 2221 5074 vinciali
2251 5015 2615 5074 oblectatione
2643 5013 2878 5070 refoveri
2901 5013 3112 5085 copiam
3143 5022 3223 5071 tot
3247 5015 3512 5070 mensium
3547 5016 3598 5071 in

2004 5111 2310 5184 supradicta
2359 5109 2634 5182 provincia
2674 5106 3022 5163 concedimus
3069 5107 3392 5162 immorandi
3427 5111 3444 5180 (
3475 5111 3601 5180 quia

2004 5216 2145 5272 pene
2171 5201 2414 5257 reclusus
2443 5199 2764 5268 advertitur,
2810 5197 2898 5254 cui
2924 5205 3134 5252 mutare
3161 5197 3338 5254 solum
3368 5199 3601 5256 liberum

2006 5294 2398 5370 nonjvidetur),
2430 5294 2503 5350 ita
2533 5301 2734 5361 tamen,
2757 5301 2817 5347 ut
2841 5307 2962 5348 cum
2989 5291 3312 5361 promeritas
3337 5291 3602 5360 inducias,

2009 5387 2241 5441 Domino
2266 5385 2508 5455 juvante,
2535 5383 2880 5454 transegeris,
2899 5383 2964 5438 ad
2987 5383 3221 5438 urbanas
3248 5382 3407 5440 sedes
3421 5383 3608 5440 redire

2007 5481 2249 5538 festines.
2289 5479 2425 5535 Nam
2467 5479 2775 5535 si-tazdium
2821 5488 2904 5535 est
2943 5477 3298 5535 continuatim
3326 5476 3510 5532 vivere
3553 5479 3607 5532 in

2012 5573 2160 5629 urbis
2178 5569 2515 5637 celebritate,
2543 5579 2748 5640 quanto
2776 5569 2950 5640 magis
2984 5569 3038 5624 in
3066 5569 3210 5638 agris
3237 5568 3446 5623 diutina
3475 5576 3610 5622 tem-

2013 5680 2147 5738 pora
2169 5661 2474 5734 peregisset
2508 5661 2767 5718 Libenter
2797 5675 2928 5732 ergo
2954 5661 3144 5716 damus
3173 5659 3414 5716 inducias
3443 5659 3611 5714 disne-

2015 5758 2198 5826 dcndi,
2231 5773 2337 5812 non
2383 5763 2444 5810 ut
2487 5755 2684 5811 debeat
2733 5755 2903 5812 Romo
2954 5753 3152 5819 deseri,
3204 5753 3299 5808 sed
3346 5761 3404 5808 ut
3444 5752 3619 5822 magis

2019 5847 2426 5908 commendetur
2455 5845 2685 5902 absenti.
