3974 6388
154 321 258 382 729

1450 328 1816 388 VARIARUM
1849 332 2053 390 LIBER
2099 335 2211 392 VII.

3349 353 3452 408 730

152 447 369 510 tempus
391 443 607 496 constat
637 437 898 509 elapsum,
927 453 1035 510 quo
1063 438 1132 496 ad
1160 439 1301 498 hanc
1329 441 1541 498 veniam
1571 443 1755 499 accedi
1787 451 1831 507 Α
1861 445 2352 516 splendidissimum
2388 448 2621 506 ofﬁcium
2651 454 2898 508 censoria
2934 456 3164 526 quadam
3193 461 3455 529 gravitate

147 531 268 600 jura
307 529 616 597 voluerunt,
661 546 760 586 nos
798 545 1016 602 quoque
1063 533 1432 603 probabilibus
1475 535 1756 592 desi'eriis

151 621 428 680 licentiam
482 639 590 678 non
639 637 925 693 negamus;
971 631 1028 678 ut
1074 625 1128 682 in
1174 625 1292 682 foro
1333 629 1662 698 competenti
1690 645 1754 684 ea

149 728 268 785 quae
295 713 350 767 in
381 712 466 768 bis
494 712 672 770 causis
704 713 998 768 reverenda
1035 715 1212 782 legum
1243 715 1414 770 dictat
1438 718 1752 786 antiquitas,

147 806 465 861 solemnitcr
491 805 803 861 actitentur.
828 804 904 860 Ita
937 815 994 860 ut
1024 805 1074 861 in
1107 809 1408 864 alienandis
1435 811 1647 865 ru<ticis
1670 813 1752 866 vel

147 895 370 952 urbanis
414 895 631 966 prandiis
669 895 1116 952 constitutionum
1148 909 1395 954 servetur
1421 903 1750 956 auctoritas:

141 1000 218 1040 ne
245 1001 366 1041 cum
399 985 646 1056 opinioni
680 994 938 1056 praestare
969 987 1234 1054 volumus,
1260 989 1542 1043 utilitatem
1571 991 1751 1059 publi-

139 1093 266 1134 cam
296 1078 494 1135 lmdere
523 1077 820 1134 videamur.
861 1079 1009 1150 Cape
1058 1081 1218 1150 igitur
1258 1089 1446 1136 nostro
1487 1083 1750 1138 beneﬁcio

139 1169 416 1238 potiorem
461 1170 616 1225 annis
661 1177 906 1237 aetatem;
945 1178 1000 1224 et
1046 1171 1191 1240 quod
1235 1173 1374 1242 petis
1407 1173 1474 1228 ab
1504 1175 1748 1243 oraculo,

143 1258 392 1314 moribus
418 1259 692 1314 exhibeto.
726 1259 858 1314 Nam
890 1260 1156 1331 professio
1184 1263 1507 1318 maturitatis
1539 1265 1750 1318 acerba:

142 1349 323 1408 locum
362 1350 596 1420 denegat
636 1352 889 1418 actionis,
931 1353 1148 1421 quando
1190 1354 1361 1410 multo
1407 1355 1624 1422 gravior
1666 1363 1752 1409 est

146 1441 299 1512 culpa
329 1457 492 1512 quam
521 1457 631 1497 suae
653 1443 1029 1513 promissionis
1050 1443 1330 1514 impugnat
1356 1446 1668 1500 auctoritas.

149 1596 304 1676 122
342 1594 500 1650 XLII.
546 1612 792 1650 FORHIILA
835 1614 1010 1652 EDICTI
1049 1615 1116 1654 Αῐ)
1144 1613 1496 1666 ouansroncn,
1530 1617 1598 1655 ur
1631 1617 1748 1656 IPSE

355 1682 629 1722 SPONDERE
658 1681 865 1722 DEBEAT
889 1684 976 1732 QUI
1002 1683 1235 1726 SAIONEH
1263 1685 1538 1725 MERETUR.

209 1799 549 1870 Frequenter
594 1801 831 1872 sajones,
861 1819 1000 1875 quos
1041 1819 1074 1860 a
1115 1806 1271 1861 nobis
1300 1805 1625 1863 credidimus
1656 1810 1738 1878 pia
1779 1837 1818 1896 Β

141 1893 424 1949 \oluntate
453 1895 704 1961 concedi,
737 1897 972 1966 querelis
1003 1897 1253 1958 maximis
1280 1901 1632 1968 cognovimus
1659 1902 1741 1956 in-

137 1994 410 2055 gravatos.
458 1985 784 2058 Corruptum
829 1997 912 2044 est
949 1990 1122 2062 (proh
1148 1990 1376 2062 dolor!)
1424 1993 1742 2050 beneﬁcium

137 2086 400 2143 nostrum,
447 2078 725 2148 crevitque
774 2080 956 2150 potius
1002 2081 1070 2137 de
1124 2083 1392 2138 medicina
1437 2085 1742 2153 calamitas,

136 2169 263 2224 dum
285 2169 353 2224 ad
373 2169 512 2225 alios
526 2186 655 2226 usus
675 2173 975 2242 potentium
1003 2174 1336 2243 malignitate
1353 2176 1596 2230 translati
1618 2185 1746 2233 sunt

135 2275 298 2332 quam
327 2276 437 2318 eos
456 2269 643 2319 nostra
673 2264 909 2320 remedia
952 2266 1366 2322 transtulerunt.
1402 2265 1555 2323 Unde
1583 2269 1740 2324 nobis

136 2368 358 2408 necesse
385 2353 488 2410 fuit
513 2355 758 2411 remedio
785 2356 985 2412 salubri
1015 2359 1158 2413 votis
1185 2359 1455 2428 pestiferis
1481 2359 1703 2416 obviare
1720 2403 1736 2430 ,

135 2461 206 2500 ne
233 2445 361 2502 dum
391 2447 609 2517 pietatis
645 2449 882 2506 studium
911 2450 980 2506 ad
1007 2451 1238 2522 mqualia
1282 2452 1544 2510 beneﬁcia
1575 2455 1744 2510 trabi-

139 2548 252 2605 tur,
279 2538 684 2610 surreptionum
726 2541 1061 2610 iniquissima
1090 2543 1382 2613 patiamur.
1414 2543 1591 2615 Atque
1620 2546 1742 2601 ideo

133 2627 347 2684 edictali
376 2639 778 2701 programmate
805 2631 1091 2688 deﬁnimus
1120 2644 1180 2689 ut
1204 2637 1512 2704 quicunque
1553 2645 1742 2691 contra

133 2717 404 2774 violentas
445 2719 666 2776 insidias
705 2730 932 2792 propter
978 2721 1353 2778 ineluctabiles
1391 2727 1744 2783 necessitates

132 2823 264 2864 suae
291 2811 487 2865 mereri
517 2811 791 2867 desiderat
821 2811 1019 2869 fortem
1044 2814 1308 2884 sajonem,
1339 2816 1520 2872 ofﬁcio
1551 2826 1746 2873 nostro

133 2903 338 2974 ptenali
363 2920 424 2960 se
450 2905 665 2960 vinculo
692 2907 963 2962 cautionis
991 2908 1282 2977 astringat;
1309 2916 1370 2963 ut
1397 2910 1442 2963 si
1471 2919 1740 2980 prmcepta

132 3003 334 3052 nostra:
371 2995 632 3066 jussionis
674 2997 1010 3054 immissione
1064 2999 1326 3069 plectibili
1371 3001 1520 3070 sajus
1567 3017 1733 3071 quem

133 3098 376 3146 meretur
411 3091 731 3157 excesserit,
781 3099 840 3146 et
883 3091 1000 3162 ipse
1039 3107 1214 3160 pinnae
1251 3093 1470 3149 nomine
1496 3094 1592 3149 det
1618 3094 1736 3149 auri

1857 537 2120 603 relucent,
2149 548 2206 595 ct
2236 549 2390 612 turpe
2418 542 2487 596 sit
2517 543 2621 598 illis
2648 543 2861 600 misceri
2891 547 2982 615 qui
3015 547 3188 617 dignis
3216 552 3456 608 moribus

1856 643 1964 684 non
1991 640 2219 701 possunt
2248 633 2557 702 approbari,
2580 649 2876 705 congruum
2906 639 3117 694 videtur
3145 640 3281 695 tales
3307 657 3455 712 qum-

1854 732 1977 772 rere
1999 719 2092 788 qui
2133 721 2188 775 in
2225 722 2374 776 nullo
2401 722 2636 778 debeant
2663 723 2973 794 displicere.
3008 727 3184 797 Atque
3214 731 3336 786 ideo
3357 734 3455 788 tri-

1853 808 1984 864 buni
2028 822 2054 846 ἰ
2103 813 2496 868 chartariorum
2543 803 2884 887 suggestione
2933 830 3231 889 comperta,
3285 839 3454 893 penes

1853 915 2015 970 quem
2042 900 2207 958 ofﬁcii
2237 912 2319 957 est
2343 904 2500 972 digna
2531 907 2856 974 reverentia,
2878 907 2946 962 ab
2970 909 3062 962 illo
3084 911 3170 964 die
3195 913 3450 969 chartarii

1853 1000 1907 1048 te
1935 994 2182 1049 volumus
2210 1012 2408 1050 nomen
2436 998 2682 1067 adipisci;
2714 1007 2774 1053 ut
2807 1000 2896 1070 qui
2937 1002 3096 1056 nobis
3124 1001 3266 1058 bene
3291 1013 3439 1059 actu-

1853 1098 1945 1136 rus
1971 1087 2323 1154 promitteris,
2352 1087 2688 1143 documentis
2727 1087 3084 1146 laudabilibus
3115 1094 3450 1163 approberis.

1853 1175 2144 1231 Avaritiam
2196 1178 2427 1244 declina,
2481 1179 2692 1249 longius
2723 1179 2846 1251 fuge
2892 1185 3075 1252 iniqua
3107 1185 3450 1253 compendia.

1849 1263 2018 1321 Multo
2049 1266 2240 1321 melius
2268 1266 2570 1336 proficitur,
2601 1270 2644 1325 si
2675 1271 2834 1328 bonis
2856 1273 3098 1328 moribus
3127 1275 3410 1330 serviatur.

2085 1398 2268 1455 XLIV.
2304 1418 2552 1458 rosarum
2583 1419 2650 1458 ne
2677 1403 2703 1442 δ
2735 1421 3216 1462 conrertrontsus.

1919 1491 2114 1548 Nescio
2161 1492 2290 1563 quid
2327 1493 2530 1560 grande
2557 1492 2625 1549 de
2661 1509 2722 1550 se
2752 1496 2959 1549 videtur
2986 1497 3322 1566 promittere,
3349 1497 3443 1566 qui

1849 1585 1970 1641 loca
2009 1585 2280 1639 desiderat
2318 1585 2534 1656 publica
2573 1587 2872 1656 possidere.
2911 1586 3028 1642 Hoc
3057 1589 3200 1644 enim
3231 1591 3304 1643 ita
3334 1588 3448 1644 ﬁeri

1846 1662 2118 1740 decetfsi
2168 1685 2191 1714 °
2242 1691 2330 1732 res
2377 1675 2621 1746 squalida
2673 1677 2726 1730 in
2775 1677 3056 1732 meliorem
3107 1678 3213 1733 loci
3258 1677 3446 1733 faciem

1849 1765 2202 1822 transferatur
2238 1775 2294 1822 et
2333 1775 2622 1822 revocetur
2657 1767 2723 1822 ad
2763 1777 3011 1824 ornatum
3041 1770 3186 1839 quod
3240 1770 3446 1840 pridem

1846 1860 2128 1914 videbatur
2167 1861 2352 1930 jacere
2399 1861 2682 1915 incultum.
2736 1862 2913 1931 Atque
2954 1863 3074 1917 ideo
3117 1863 3446 1918 desideranti

1851 1951 1944 2004 tibi
1970 1951 2117 2005 illum
2143 1952 2317 2006 locum
2343 1953 2702 2022 proprietario
2720 1952 2841 2022 jure
2867 1954 3234 2018 concedimus,
3255 1964 3449 2023 prater

1845 2054 1937 2103 ms,
1970 2047 2064 2093 aut
2093 2039 2388 2110 plumbum,
2421 2041 2504 2094 vel
2532 2057 2826 2107 marmora,
2857 2043 2894 2093 εἰ
2933 2053 3108 2096 tamen
3139 2044 3209 2097 ibi
3242 2042 3446 2096 fut-rint.

1844 2128 2016 2184 latere
2041 2139 2340 2201 comperta.
2367 2130 2479 2199 Age
2508 2131 2690 2200 itaque
2715 2140 2774 2186 ut
2801 2149 2902 2203 per
2925 2142 2976 2188 te
2998 2142 3175 2188 sumat
3197 2135 3450 2190 decorem

1845 2220 1990 2290 quod
2019 2223 2322 2290 neglectum
2354 2223 2560 2278 incuria
2585 2219 2855 2279 vetustate
2875 2224 3150 2293 jacuerat;
3179 2236 3450 2296 quatenus

1845 2311 1973 2366 boni
2018 2312 2151 2366 civis
2195 2313 2407 2368 laudem
2439 2313 2683 2369 invenire
2722 2315 3002 2381 mercaris,
3039 2316 3084 2370 si
3116 2315 3310 2370 faciem
3342 2327 3446 2372 tua:

1845 2403 2081 2458 civitatis
2108 2403 2402 2469 ornaveris,
2436 2418 2661 2458 securus
2693 2403 2857 2458 etiam
2886 2404 2954 2458 ad
2984 2414 3233 2474 posteros
3263 2414 3441 2460 trans-

1843 2493 2106 2548 missurus
2151 2493 2295 2562 quod
2340 2494 2560 2564 proprio
2614 2493 2777 2550 fuerit
2822 2494 3010 2550 labore
3058 2496 3438 2565 compositum.

1842 2583 1979 2654 Quia
2022 2593 2176 2642 tanto
2218 2587 2424 2643 ﬁrmius
2458 2588 2828 2660 unusquisque
2871 2588 3189 2658 possidebit,
3239 2597 3444 2659 quanto

1841 2695 1902 2736 se
1930 2687 2286 2750 auctoresque
2313 2695 2440 2736 suos
2469 2681 2699 2750 amplius
2727 2682 3049 2751 expendisse
3075 2680 3404 2753 probaverit.

1841 2815 2001 2872 XLV.
2028 2834 2300 2886 FOBIIULA,
2329 2835 2433 2884 om
2463 2836 2654 2875 cessus
2691 2820 2718 2858 ἀ
2756 2838 3074 2877 ιιειενετιτη
3103 2837 3154 2877 ει
3182 2836 3270 2886 qur
3300 2836 3444 2876 una:

2168 2898 2190 2924 °
2216 2905 2384 2944 CASAII
2421 2906 2669 2946 possmer
2702 2908 2940 2946 rrazcr.
2963 2910 3126 2946 λιι.

1909 2998 2046 3055 Cum
2075 3000 2143 3056 de
2171 3001 2285 3069 agri
2315 3001 2546 3056 utilitate
2573 3002 2785 3057 vivatur
2806 3014 2860 3056 et
2931 3004 3139 3058 nutibus
3169 3003 3293 3058 inde
3323 3019 3442 3059 cer-

1841 3101 1954 3150 tum
1983 3093 2055 3148 sit
2096 3092 2304 3163 justum
2343 3094 2528 3148 venire
2567 3093 2968 3165 compendium,
3011 3095 3271 3149 tributum
3312 3095 3443 3150 illud

131 3180 299 3238 libras
329 3189 432 3246 tot,
474 3189 530 3238 et
573 3181 888 3238 satisfacere
929 3183 1214 3252 promittat
1251 3197 1587 3253 quaecunque
1615 3183 1732 3252 ejus
1761 3203 1808 3267 ε
1837 3183 2200 3256 possessionis
2232 3183 2286 3240 in
2325 3183 2419 3239 illa
2457 3185 2735 3254 provincia
2767 3184 3074 3240 constituta:
3097 3185 3172 3240 ita
3198 3187 3446 3254 quereris

136 3276 482 3333 adversarius
501 3278 742 3348 potuerit
770 3286 878 3332 tam
901 3278 1173 3333 commodi
1197 3293 1359 3348 quam
1377 3278 1588 3334 itineris
1615 3293 1738 3334 sus-

129 3373 307 3430 tinere
337 3373 680 3431 detrimenta.
728 3374 839 3430 Nos
864 3375 1007 3430 enim
1029 3390 1151 3430 cum
1174 3375 1468 3445 reprimere
1497 3374 1738 3430 ineiviles

130 3468 346 3524 animos
375 3468 644 3532 volumus,
675 3481 1017 3538 prmgravare
1043 3466 1406 3521 innocentiam
1437 3483 1543 3521 non
1572 3466 1736 3521 debe-

130 3573 274 3614 mus.
307 3557 468 3629 Sajus
493 3567 698 3628 autem,
725 3559 820 3628 qui
847 3575 944 3614 sua
974 3559 1255 3614 voluntate
1281 3559 1497 3614 modum
1528 3574 1734 3630 prtere-

129 3648 340 3719 ptionis
368 3649 682 3714 excesserit,
707 3649 980 3704 donativis
1003 3663 1064 3704 se
1088 3649 1304 3704 noverit
1326 3649 1653 3710 emendum,
1681 3657 1738 3704 et

131 3739 321 3808 gratia:
364 3747 564 3795 nostrte
611 3739 779 3812 (quod
820 3747 906 3795 est
948 3739 1162 3795 damnis
1204 3740 1458 3795 omnibus
1493 3740 1732 3810 gravius)

128 3829 412 3888 incurrere
454 3846 616 3902 posse
659 3831 990 3902 periculum;
1037 3847 1140 3888 nec
1190 3831 1291 3887 sibi
1339 3831 1567 3887 ulterius
1615 3845 1736 3887 esse

129 3921 486 3988 credendum,
513 3922 559 3977 si
579 3921 837 3992 jussionis
864 3931 1081 3987 nostrte,
1115 3921 1270 3992 cujus
1298 3928 1589 3978 exsecutor
1615 3935 1736 3976 esse

129 4013 340 4082 debuit,
373 4022 673 4072 temerator
698 4015 986 4072 exstiterit.

279 4172 464 4230 XLIII.
493 4189 744 4230 ιὀιιιίυιλ
767 4187 1116 4229 rnoaa'roaue
1143 4186 1582 4228 CHARTARIORUII.

206 4283 438 4341 Censuit
469 4284 714 4340 militiam
745 4285 888 4340 bene
929 4284 1067 4352 geri,
1095 4298 1217 4352 qum
1254 4282 1496 4352 probatis
1521 4281 1736 4338 videtur

130 4377 365 4448 imponi,
405 4377 634 4446 quando
671 4377 789 4448 ipse
833 4391 1016 4431 secum
1055 4382 1238 4446 potest
1277 4374 1560 4430 revolvere
1589 4372 1736 4444 quod

124 4471 302 4542 iudex
329 4485 452 4525 eum
483 4468 660 4539 potuit
701 4467 1028 4534 admonere;
1060 4467 1294 4520 maxime
1320 4481 1440 4520 cum
1473 4464 1538 4518 ad
1571 4463 1736 4533 patri—

129 4561 318 4618 monia
363 4562 560 4616 divinat:
604 4559 728 4616 talis
773 4559 967 4615 domus
1012 4565 1287 4614 mereatur
1337 4555 1633 4621 accedere,
1678 4563 1738 4609 ut

129 4655 434 4725 cupiditate
453 4653 760 4711 detestabili
783 4667 892 4707 non
919 4651 1094 4722 possit
1119 4647 1361 4705 accendi.
1391 4645 1592 4702 Deinde
1614 4659 1738 4700 eum

132 4895 358 4956 quoque
406 4881 634 4956 formula
682 4879 970 4956 excipitur,
998 4894 1142 4956 vers.
1185 4874 1273 4956 Ita
1316 4884 1374 4956 ut
1416 4874 1745 4956 itualienan-

133 4945 244 5019 die,
271 4945 384 5027 'etc.
424 4951 650 5027 Athenis
690 4945 1064 5027 adolescentes
1113 4949 1164 5027 in
1215 4945 1565 5027 Lexiar'cb'ic-o
1593 4959 1744 5027 com-

136 5014 414 5096 mentario
432 5022 616 5096 _relati
653 5037 718 5077 ac
760 5021 951 5096 censiti
997 5019 1322 5096 sumtutelae
1348 5014 1739 5096 efficiebantur,

135 5106 202 5151 ut
219 5095 407 5150 scribit
431 5093 640 5165 Pollux,
667 5100 889 5165 turmine
910 5091 975 5146 iis
999 5087 1410 5165 administrandi
1431 5087 1741 5165 patrimonii

129 5166 227 5237 jus
257 5174 393 5237 erat.
416 5163 609 5237 Suidas
636 5182 650 5216 :
681 5155 987 5237 Οἷς-ἐξῆγ-τὰ
1009 5169 1229 5237 πατρῷα
1248 5155 1557 5237 ολίκονομζξεζη
1582 5155 1742 5237 hujus

137 5227 316 5294 inoris
357 5235 600 5308 meminit
648 5233 1031 5308 etjEschines
1060 5249 1074 5284 :
1111 5227 1200 5308 ἀάξ
1225 5233 1396 5308 κύραίς
1419 5227 1620 5308 ἐγένετο
1643 5235 1740 5307 γῆς

137 5311 347 5368 οὐσίας.
377 5305 485 5362 Sed
515 5307 582 5360 de
608 5303 1042 5375 adolescentibus
1061 5301 1234 5356 aetatis
1251 5299 1464 5352 veniam
1487 5299 1742 5375 principis

139 5366 481 5446 indulgentia
511 5375 839 5442 consecutis,
869 5374 977 5428 alio
1006 5371 1128 5427 loco
1153 5379 1360 5426 certum
1391 5375 1474 5422 est
1500 5366 1743 5438 pluribus

139 5463 330 5520 agere.
363 5446 543 5520 Fonu_._
741 5515 753 5520 _
799 5516 811 5520 _
1234 5511 1293 5520 ’γ
1370 5509 1401 5520 _
1479 5509 1490 5520 _
1555 5506 1566 5520 ο

220 5527 248 5555 ι
279 5516 544 5574 Cartharii
595 5515 840 5570 meminit
891 5514 988 5569 lib.
1033 5528 1107 5579 tx,
1164 5511 1318 5582 epist.
1370 5509 1425 5576 '5,
1476 5509 1744 5582 bujusqne

137 5589 356 5644 mentio
385 5588 446 5640 ﬁt
473 5588 525 5640 in
563 5586 733 5642 veteri
763 5585 1114 5654 inscriptione
1141 5579 1524 5654 Nemausensi;
1539 5579 1658 5654 Jun.

220 5658 250 5698 δ
283 5659 342 5713 L.
368 5656 502 5722 2,0.
535 5657 608 5710 De
633 5658 777 5726 petit.
809 5647 1119 5726 bow-subl“
1145 5653 1238 5708 lib.
1264 5669 1326 5726 x,_
1348 5651 1432 5704 tit.
1461 5647 1739 5726 1‘2._Fotu~t.

225 5741 250 5768 ο
278 5717 535 5797 lntelligit
563 5717 756 5799 auctor
783 5741 946 5795 opera
979 5717 1214 5799 publica,
1242 5722 1476 5799 vel_qu:e
1505 5717 1585 5799 ad
1603 5732 1746 5799 rein-

141 5786 564 5872 pttblicamfvel
592 5786 864 5872 civitatem
893 5786 1182 5872 pertinent,
1200 5786 1274 5847 fut
1301 5786 1482 5848 videre
1511 5796 1593 5844 est
1622 5788 1674 5842 in
1705 5786 1742 5839 I.

143 5865 213 5928 Si
245 5870 476 5945 quando,
505 5867 565 5923 C.
605 5865 680 5920 Dc
706 5882 846 5936 aper.
877 5865 996 5935 pub.
1033 5865 1218 5919 Bnoss.

1841 3290 2158 3344 onerosum,
2189 3283 2250 3332 ut
2273 3276 2552 3330 universas
2574 3275 2670 3331 tibi
2694 3276 2964 3332 voraverit
2985 3275 3267 3331 facultates
3292 3277 3444 3334 lacus

1839 3367 1932 3422 ille
1976 3367 2312 3422 vastissimus
2349 3365 2671 3432 functionis;
2715 3375 2771 3422 et
2809 3367 2954 3436 quod
2992 3366 3210 3422 aliunde
3240 3381 3440 3437 magno

1839 3455 2028 3512 labore
2054 3462 2237 3526 potest
2265 3456 2465 3524 colligi,
2503 3469 2603 3526 per
2638 3456 2783 3510 illam
2812 3456 3060 3512 videatur
3087 3444 3309 3521 assumi,
3341 3473 3442 3514 eu-

1835 3547 1926 3618 jus
1973 3549 2260 3604 utilitatem
2313 3549 2477 3604 nimia
2527 3549 2858 3605 transcendit
2912 3550 3118 3618 illatio,
3157 3549 3280 3604 dum
3322 3551 3444 3620 plus

1839 3642 2270 3712 compulsoribus
2314 3641 2556 3696 redditur
2603 3657 2764 3711 quam
2816 3657 2845 3696 a
2890 3641 3078 3696 sedulo
3128 3651 3435 3711 pmSit‘itll‘.

1840 3733 2184 3802 Quapropter
2211 3732 2481 3788 credimus
2507 3741 2560 3787 te
2593 3732 2824 3787 evadere
2851 3747 3014 3802 posse
3043 3731 3362 3796 nuditatem,
3395 3730 3439 3786 si

1838 3825 2133 3880 dominium
2163 3823 2323 3893 hujus
2351 3823 2490 3878 ruris
2519 3823 2666 3896 Mlti,
2699 3822 2867 3893 urbis]
2897 3823 3161 3890 amiseris,
3189 3824 3274 3878 cui
3299 3823 3337 3894 jv
3361 3823 3444 3894 gis

1837 3915 2093 3971 sterilitas
2120 3913 2187 3969 de
2216 3913 2652 3983 compulsoribus
2689 3914 2867 3981 venit;
2897 3929 2966 3968 ne
2995 3913 3310 3970 conditione
3337 3915 3440 3968 mi-

1837 4008 2056 4062 serabili
2099 4007 2305 4062 servias
2352 4005 2684 4071 necessitati,
2715 4005 2870 4074 cujus
2897 4005 3146 4060 dominus
3174 4019 3296 4060 esse
3323 4019 3439 4060 me-

1838 4101 2014 4156 ruisti.
2043 4099 2150 4156 Sed
2179 4099 2302 4169 quia
2331 4099 2437 4154 hoc
2467 4114 2636 4168 genus
2681 4098 2928 4154 beneﬁcii
2962 4097 3202 4170 praestari
3231 4097 3441 4154 medio-

1837 4194 2020 4250 oribus
2070 4193 2219 4263 leges
2268 4171 2646 4248 sacfatissimm
2687 4199 3043 4258 censuerunt,
3094 4199 3154 4245 ut
3199 4189 3291 4260 qui
3340 4205 3440 4258 pro

1837 4284 1998 4339 unius
2043 4283 2264 4354 cespitis
2309 4283 2633 4338 enormitate
2679 4281 3020 4352 deprimitur,
3070 4295 3175 4336 nec
3213 4280 3442 4336 alterius

1838 4374 2229 4430 commoditate
2269 4373 2598 4437 sublevatur,
2641 4372 3013 4430 moderatione
3049 4371 3234 4427 habita
3263 4372 3312 4427 ei
3343 4371 3438 4425 de-

1840 4465 1965 4518 beat
1996 4463 2293 4530 subveniri,
2344 4461 2732 4531 magnitudinis
2779 4470 2997 4530 aostrae,
3042 4463 3128 4518 cui
3165 4461 3314 4517 cordi
3354 4467 3440 4515 est

1839 4554 2078 4623 cogitare
2117 4552 2406 4621 justitiam.
2434 4553 2684 4620 praesenti
2725 4553 3047 4610 auctoritate
3077 4551 3438 4614 decernimus.

1841 4652 1918 4710 ut,
1939 4645 1984 4699 si
2003 4644 2077 4698 ita
2106 4653 2210 4711 est,
2235 4651 2318 4700 tot
2344 4643 2547 4700 solidos
2573 4643 2860 4700 tributario
2885 4643 3208 4715 supradicta:
3228 4657 3434 4712 posses

1920 4867 1950 4907 σι
1979 4867 2151 4924 Hodie
2180 4869 2344 4924 vetita
2373 4877 2457 4922 est
2484 4867 2674 4938 petitio
2703 4865 3072 4938 relevationis,
3099 4864 3183 4938 vel
3215 4864 3443 4938 transla-

1850 4939 2028 5002 tionis,
2063 4939 2146 4992 vel
2177 4933 2535 5001 admrationis,
2577 4946 2710 5006 etc.,
2751 4936 2842 4991 lib.
2885 4951 2918 4991 ι
2961 4933 3127 5006 Cod.,
3148 4935 3228 4988 tit.
3255 4933 3342 5000 28,
3373 4935 3442 4990 de

1847 5010 2031 5066 collat.
2060 5009 2385 5064 donaturum
2415 5010 2498 5064 vel
2539 5005 2920 5070 relevatorum,
2952 5013 3056 5060 etc.
3090 5005 3260 5060 Fons.

1921 5090 1945 5118 ο
1980 5078 2038 5134 L.
2071 5077 2126 5146 4,
2153 5078 2213 5133 D.
2248 5079 2329 5134 De
2355 5080 2548 5134 censib.
2581 5087 2630 5132 et
2664 5079 2768 5145 tit,
2793 5074 2854 5146 C7.
2899 5075 2979 5129 De
3013 5073 3352 5146 amciter-ibus
3390 5085 3442 5146 et

1803 5175 1808 5180 -
1845 5143 2152 5220 partequae,
2181 5150 2383 5220 novell.
2420 5148 2543 5203 165.
2581 5143 2791 5219 Ulpian.
2827 5145 2991 5220 Rhet.
3025 5146 3077 5199 in
3101 5143 3355 5220 oratione
3372 5144 3442 5199 de

1847 5213 2007 5275 'malc'
2035 5219 2180 5273 obita
2226 5219 2388 5288 legat.
2437 5220 2625 5275 scribit
2647 5213 3001 5288 "vacationem
3048 5229 3088 5288 a_
3131 5213 3443 5270 nuntiet-ibus

1848 5289 2174 5362 pauperibus
2204 5284 2318 5362 (qui
2363 5290 2452 5344 hic
2491 5289 2792 5362 mediocres
2827 5284 3440 5362 dicun_tur)_concess_am

1849 5352 2030 5423 fuisse,
2062 5368 2122 5433 ut
2147 5352 2263 5415 rein
2289 5359 2644 5433 domesticam
2672 5365 2950 5433 curarentz
2977 5352 3156 5433 Basilii
3196 5352 3442 5433 Porphy-

1851 5429 2122 5496 rogenetis
2151 5430 2466 5484 constitutio
2507 5437 2822 5484 recensetur
2851 5443 2882 5481 a
2910 5425 3179 5492 Cedreno,
3211 5433 3268 5496 et
3295 5423 3399 5496 lib.
3423 5439 3442 5478 ι

1849 5493 1990 5554 luris
2018 5497 2324 5563 Orientalis,
2353 5514 2456 5568 qua
2503 5513 2822 5569 pauperum,
2854 5498 2946 5567 qui
2975 5497 3150 5569 minus
3181 5493 3442 5569 solvendo

1851 5576 2051 5644 essent,
2074 5562 2410 5644 _tributum_'a
2457 5562 2900 5644 locupletioribus
2939 5562 3440 5644 esigcretuquupd

1851 5639 2179 5716 allilengium
2209 5639 2520 5716 vocabatur,
2550 5633 2619 5693 de
2647 5653 2756 5707 quo
2779 5637 2917 5716 alias
2948 5633 3445 5716 pluribusn'l‘otius

1852 5703 2219 5781 autem'hujus
2243 5711 2482 5781 epistola:
2508 5703 2883 5781 argumentum
2925 5703 3179 5765 convenit
3199 5703 3449 5775 disputa—-

1856 5781 2008 5848 tioni,
2037 5781 2073 5836 l.
2106 5776 2159 5836 4.
2191 5781 2253 5836 D.
2280 5776 2363 5836 De
2389 5776 2588 5836 censib.
2609 5776 2776 5834 Fusa.
