3974 6398
127 390 232 446 735

1424 388 1787 446 VARIARUM
1826 389 2026 446 LIBER
2066 391 2199 450 Vill.

3307 394 3418 452 7‘55

122 510 405 567 voluntate
432 509 714 579 delegerit,
739 510 936 566 habeat
963 509 1235 566 licentiam
1258 508 1622 576 distrahendi;
1648 508 1723 564 ita
1754 519 1800 578 Α
1831 518 2119 578 utrumque
2159 510 2302 564 enim
2341 516 2523 579 potest
2549 523 2669 566 esse
2698 507 2988 580 culpabile,
3019 514 3111 563 aut
3139 508 3294 564 malis
3312 524 3428 564 mo-

123 609 184 657 nt
209 601 407 660 reddat
447 601 690 656 debitum
730 601 875 672 quod
920 601 1184 672 probatur
1212 616 1332 656 esse
1361 609 1724 666 contractum,

121 707 212 759 ne,
245 693 380 749 vitio
409 694 722 750 voracitatis
752 694 1009 763 imbutus,
1056 693 1339 750 facultates
1376 709 1501 749 suas
1539 695 1729 749 absor-

124 787 255 839 bere
277 784 530 838 videatur
556 800 676 840 esse
697 785 1010 856 permissus.
1043 785 1269 840 Constet
1313 785 1456 855 apud
1479 801 1574 840 vos
1605 800 1732 855 pro-

127 876 319 932 babilis
339 892 505 932 causa
532 875 870 944 damnorum,
901 877 1159 946 quoniam
1186 877 1292 932 illis
1321 877 1571 932 volumus
1599 877 1730 931 sub-

130 968 296 1023 veniri
334 967 429 1038 qui
471 967 623 1024 duris
664 967 1078 1024 necessitatibus
1125 968 1426 1039 probantur
1477 969 1730 1037 astringi;

1832 601 1981 656 ribus
2005 601 2154 656 frena
2182 602 2388 665 laxare,
2420 611 2512 656 aut
2531 600 2706 670 justas
2743 601 2936 656 iterum
2964 601 3212 670 querelas
3240 601 3426 656 exclu-

1832 693 1982 748 dere.
2022 691 2363 763 Quapropter
2401 692 2623 762 provide
2651 693 2804 747 vobis
2839 691 3083 762 permisit
3129 689 3428 759 antiquitas

1832 785 1900 840 de
1930 784 2018 840 illa
2048 799 2208 840 causa
2231 785 2543 862 decernere,
2578 785 2662 839 cui
2699 793 2780 840 est
2822 785 2952 839 utile
3003 784 3207 840 curiam
3247 791 3428 838 custo-

1835 877 1970 932 dire.
2025 877 2070 931 Ᾱ
2108 878 2302 947 quibus
2350 877 2493 933 enim
2539 878 2720 932 munia
2759 885 3016 948 poterunt
3057 876 3330 942 sustineri,
3383 875 3429 929 si

1837 968 2115 1023 civitatum
2147 979 2170 1006 ι
2193 968 2344 1024 nervi
2370 969 2569 1040 passim
2598 969 2881 1026 videantur
2908 969 3145 1026 abscidi?

199 1160 225 1189 ⁸
254 1149 518 1214 Curialcs,
577 1150 728 1206 nervi
756 1149 1054 1216 civitatum,
1115 1147 1276 1219 epist.
1306 1146 1360 1214 2,
1413 1145 1570 1213 infra,
1603 1145 1696 1200 lib.
1729 1162 1803 1218 Ix,
1837 1156 1894 1204 et
1936 1147 1991 1202 in
2034 1145 2314 1216 Majoriani
2343 1144 2573 1210 Novell.,
2609 1145 2699 1201 ubi
2727 1161 2835 1200 non
2865 1161 3070 1214 servos,
3099 1144 3194 1202 sed
3237 1158 3430 1200 nervos

127 1223 440 1294 legendum.
473 1221 682 1278 Novell.
715 1219 768 1276 5.
798 1220 966 1275 Fons.

161 1389 2744 1422 Μ

1275 1502 1621 1586 LIBER
1701 1496 2298 1582 OCTAVUS.

539 1743 697 1819 125
721 1739 1052 1798 EPISTOLA
1090 1735 1325 1793 emus.

323 1853 630 1898 JUS'HNIANO
659 1846 986 1891 IMPERATORI
1009 1841 1375 1886 ATHALARICUS
1402 1840 1530 1880 REX.

139 1937 282 1992 Petit
329 1935 445 2006 ejus
483 1931 722 2006 gratiam.
755 1935 806 1983 et
859 1925 1146 2006 amigifiant
1185 1919 1367 2002 iisdem
1402 1915 1732 2001 interpositis

203 1986 592 2062 conditionibus
614 1997 934 2072 quibuscum
967 1992 1284 2050 Theoderico
1330 1990 1531 2062 priores
1572 1986 1734 2056 impe-

203 2089 408 2132 ratores
437 2069 733 2130 societatem
764 2069 1010 2123 inierant.
1693 2090 1705 2100 .

206 2186 362 2242 Juste
381 2197 596 2256 possem
617 2177 961 2252 reprehendi,
977 2174 1396 2233 clementissime
1409 2169 1730 2242 principum,

133 2284 181 2338 si
209 2295 403 2352 pacem
433 2285 670 2333 vestram
699 2287 996 2344 qumrcrem
1027 2268 1228 2340 tepide,
1271 2281 1437 2338 quam
1483 2269 1737 2335 parentes

136 2389 293 2430 meos
316 2375 532 2428 constat
558 2365 835 2424 ardentius
871 2363 1190 2433 expetiissc;
1231 2368 1324 2414 aut
1352 2360 1405 2414 in
1432 2372 1536 2427 qua
1583 2363 1738 2426 parte

135 2469 332 2539 dignus
359 2465 534 2520 haeres
559 2462 873 2523 existerem,
897 2457 944 2512 si
972 2454 1284 2511 auctoribus
1314 2451 1447 2506 meis
1479 2451 1651 2519 impar
1681 2448 1736 2502 in

137 2566 290 2614 tanta
318 2555 491 2627 gloria
516 2550 818 2622 reperirer?
845 2547 962 2602 Non
987 2560 1090 2601 vos
1117 2543 1379 2612 majorum
1411 2547 1738 2612 purpuratus

139 2657 353 2704 tantum
381 2645 517 2702 ordo
545 2641 827 2706 clariﬁcat,
859 2654 968 2694 non
995 2637 1076 2694 sic
1108 2637 1256 2704 regia
1303 2632 1436 2688 sella
1485 2631 1740 2688 sublimat

137 2751 406 2813 quantum
433 2738 594 2808 longe
619 2736 835 2804 lateque
855 2739 1048 2803 potens
1067 2727 1240 2797 gratia
1263 2733 1442 2782 vestra
1469 2721 1736 2777 nobilitat.

139 2809 336 2887 Cmnia
373 2829 517 2889 enim
552 2840 720 2896 regno
767 2831 954 2878 nostro
992 2817 1231 2890 perfecte
1277 2821 1529 2870 constare
1567 2809 1742 2866 credi-

141 2940 288 2992 mus,
317 2923 364 2980 si
391 2923 534 2978 hanc
565 2919 721 2975 nobis
748 2915 970 2971 minime
998 2913 1186 2968 deesse
1219 2908 1508 2968 sentimus.
1531 2903 1638 2960 Sed
1685 2909 1742 2956 et

141 3014 335 3088 pietati
361 3019 558 3069 vestrm
585 3006 908 3082 prmconiale
936 3013 1018 3060 est
1043 3003 1265 3071 diligere
1291 3014 1520 3070 quorum
1562 3003 1743 3066 patres

141 3087 370 3174 contigit
396 3119 492 3160 vos
519 3115 750 3157 amasse.
787 3097 958 3152 Nemo
981 3094 1126 3150 enim
1153 3091 1390 3148 creditur
1417 3087 1743 3157 impendisse

1837 1728 2039 1784 buisse.
2071 1727 2288 1797 Aliquid
2318 1727 2542 1783 forsitan
2567 1735 2623 1785 et
2649 1729 2876 1799 amplius
2904 1744 3118 1785 mereor
3154 1730 3436 1788 sincerita-

1768 1811 1812 1868 B
1843 1821 1928 1885 tis,
1959 1819 2112 1890 cujus
2141 1834 2241 1874 nec
2271 1827 2406 1874 mtas
2431 1819 2642 1875 videtur
2669 1835 2788 1875 esse
2815 1828 3086 1890 suspecta,
3130 1837 3232 1876 nec
3270 1836 3436 1890 gene-

1835 1913 1975 1969 ratio
2025 1911 2138 1982 jam
2191 1911 2452 1981 probatur
2505 1920 2782 1967 extranea.
2841 1911 3094 1978 Quaadam
3148 1929 3278 1967 vero
3339 1929 3436 1982 per

1835 2005 2230 2076 suprascriptos
2276 2003 2484 2072 legatos
2526 2012 2743 2058 nostros
2787 2004 3145 2059 scrcnissimis
3189 2005 3436 2059 sensibus

1836 2100 2002 2155 verbo
2023 2096 2319 2154 intimauda
2347 2097 2734 2163 commisimus,
2763 2112 2882 2166 quae
2919 2097 3216 2153 clementia:
3246 2105 3436 2152 vestra:

1837 2208 1990 2250 more
2018 2191 2086 2248 ad
2113 2189 2364 2248 effectum
2389 2191 2548 2246 facite
2569 2189 2872 2260 pervenire.

2429 2358 2758 2414 EPISTULA
2795 2357 2859 2414 ll.

2075 2490 2302 2531 SENATUI
2333 2489 2478 2529 URBIS
2507 2488 2666 2529 ιιοιίιε
2699 2485 3067 2526 ΑτιιΑιΑιιιευε
3097 2487 3218 2528 κει.

1843 2586 1979 2642 Eum
2019 2587 2192 2641 reddit
2238 2587 2506 2640 certiorem
2553 2601 2609 2639 se
2661 2600 2832 2654 regem
2878 2585 3112 2638 unanimi
3155 2581 3436 2638 Co'lzorum

1914 2658 2365 2727 Romanorumque
2411 2671 2659 2710 consensu
2688 2661 2916 2707 creatum
2956 2656 3145 2727 fuisse,
3187 2664 3238 2708 et
3285 2659 3438 2708 mittit

1914 2728 1983 2781 ad
2019 2745 2134 2810 eum
2174 2725 2512 2796 Sigismerem
2555 2727 2792 2778 comitem
2824 2741 2936 2778 eum
2986 2725 3106 2778 aliis
3148 2726 3233 2794 qui
3279 2728 3438 2796 ipsis:
3509 2788 3518 2796 _

1914 2803 2121 2853 nomine
2148 2806 2476 2880 sacramenta
2504 2803 2772 2868 pra’stent.
2841 2825 2849 2831 -

1914 2909 2290 2965 Plenissimum
2306 2907 2560 2976 gaudium
2583 2915 2798 2962 constat
2817 2922 2958 2973 esse,
2997 2917 3178 2978 patres
3201 2911 3408 2966 conseri
3423 2940 3440 2948 -

1845 3002 1942 3073 pti,
1973 3013 2300 3068 cognoscere
2323 2997 2651 3052 dominantis
2684 3006 2956 3065 exortum,
2991 3007 3050 3054 ut
3087 3001 3180 3068 qui
3208 3001 3441 3056 creditur

1844 3093 2126 3148 Universos
2156 3105 2316 3160 posse
2338 3097 2642 3159 protegere,
2671 3087 2921 3143 audiatur
2947 3087 3015 3142 ad
3035 3089 3186 3158 regni
3210 3090 3442 3146 culmina

141 3200 421 3260 veteribus
448 3195 744 3268 puritatem
789 3192 1098 3251 innocuam,
1143 3185 1247 3240 nisi
1271 3182 1363 3254 qui
1391 3195 1580 3238 eorum
1614 3177 1741 3233 stir-
1766 3183 1809 3245 C
1842 3183 2172 3255 pervenisse.
2197 3179 2446 3235 Mensura
2472 3177 2669 3232 laetitia:
2691 3177 2758 3232 de
2778 3177 3146 3245 magnitudine
3166 3179 3444 3234 numine-

142 3309 272 3368 pem
299 3291 501 3348 habere
520 3287 781 3360 probatur
799 3289 1100 3352 acceptam.
1123 3275 1452 3333 Claudantur
1471 3270 1596 3328 odia
1617 3283 1740 3325 cum

144 3363 403 3456 sepultis;
433 3381 512 3437 ira
536 3379 713 3451 perire
737 3374 948 3431 noverit
966 3386 1090 3427 cum
1119 3367 1417 3440 protervis;
1440 3363 1611 3432 gratia
1633 3375 1743 3416 non

146 3453 313 3534 debet
340 3472 661 3530 occumbere
689 3483 812 3524 cum
847 3463 1094 3520 dilectis:
1119 3459 1218 3516 sed
1265 3457 1436 3526 magis
1479 3453 1742 3510 all‘ectuo-

147 3569 262 3625 sius
287 3563 600 3622 tractandus
630 3568 734 3628 est,
764 3557 855 3628 qui
887 3555 954 3611 ad
975 3552 1126 3622 regni
1159 3563 1351 3607 causas
1383 3549 1642 3602 innocens
1669 3545 1745 3598 in-

143 3662 382 3720 venitur.
414 3654 736 3728 Perpcndite
761 3649 890 3722 quid
917 3664 949 3703 a
974 3645 1129 3702 vobis
1156 3648 1426 3700 mereatur
1466 3651 1747 3695 successor

146 3754 438 3812 bonorum.
466 3748 578 3805 Vos
604 3759 762 3800 avum
784 3748 1030 3798 nostrum
1059 3737 1114 3792 in
1143 3744 1323 3792 vestra
1345 3733 1563 3788 civitate
1589 3729 1747 3786 celsis

147 3843 428 3904 curulibus
471 3836 760 3900 extulistis,
805 3847 903 3890 vos
929 3831 1232 3903 genitorem
1269 3841 1450 3882 meum
1495 3825 1550 3878 in
1597 3821 1748 3877 italia

145 3939 400 4012 palmatae
423 3933 673 4012 claritate
701 3925 1019 3984 decorastis.
1055 3920 1334 3979 Desiderio
1378 3933 1594 3990 quoque
1617 3931 1749 3972 con-

147 4007 352 4083 cordia:
376 4023 550 4079 factus
575 4009 658 4076 est
681 4033 779 4090 per
805 4031 955 4071 arma
978 4013 1136 4078 illius,
1161 4010 1410 4081 quamvis
1437 4007 1589 4063 vobis
1611 4019 1751 4074 pene

147 4117 440 4174 videbatur
483 4125 772 4182 mqumvus.
823 4105 938 4161 lloc
984 4116 1186 4159 nomen
1233 4096 1563 4155 adolescenti
1627 4110 1752 4150 con-

151 4207 439 4279 gruentius
465 4201 681 4266 dabitis,
725 4197 906 4269 qualia
944 4193 1146 4250 nostris
1190 4188 1494 4247 senioribus
1537 4185 1750 4256 praesti-

150 4278 318 4359 tistis.
347 4299 404 4355 in
435 4295 727 4370 parentelm
749 4293 928 4349 locum
955 4295 1142 4345 noster
1169 4286 1313 4360 [Ac.,
1345 4278 1612 4350 nostrum]
1639 4279 1752 4348 jam

149 4391 389 4450 transire
413 4390 574 4447 debet
601 4386 858 4452 allectus;
892 4397 1020 4438 nam
1045 4395 1114 4437 ex
1148 4378 1260 4434 lilio
1289 4383 1472 4432 vestro
1516 4373 1750 4443 genitus,

150 4493 361 4540 natura:
389 4481 594 4550 legibus
622 4477 774 4533 vobis
803 4491 912 4531 non
955 4472 1190 4528 habetur
1222 4478 1532 4526 extraneus.
1579 4465 1755 4536 Atque

150 4577 282 4634 ideo
309 4589 498 4647 pacem
529 4587 638 4628 non
665 4569 1011 4640 longinquus,
1035 4563 1134 4621 sed
1157 4561 1437 4634 proximus
1455 4565 1605 4628 peto,
1625 4555 1751 4628 quia
1781 4583 1830 4644 υ

149 4676 287 4722 tunc
313 4665 445 4734 mihi
463 4661 687 4720 dedistis
713 4659 945 4728 gratiam
973 4653 1208 4726 nepotis,
1238 4647 1454 4720 quando
1483 4662 1605 4702 meo
1649 4661 1750 4716 pa-

149 4757 296 4813 renti
321 4752 629 4824 adoptionis
657 4749 851 4820 gaudia
880 4743 1223 4819 praestitistis.
1263 4738 1670 4796 lntroducamur
1698 4745 1754 4792 et

151 4851 210 4905 in
236 4855 470 4904 vestram
494 4853 755 4912 mentem,
785 4841 878 4911 qui
908 4839 1088 4909 adepti
1116 4851 1304 4892 sumus
1331 4833 1535 4903 regiam
1577 4831 1755 4888 haere-

151 4939 400 4994 ditatem.
431 4934 567 4992 illud
592 4940 676 4990 est
703 4931 833 4986 mihi
861 4943 1023 5000 supra
1051 4927 1660 4992 dominatum,.tantum
1689 4933 1754 4973 ac

115 5027 135 5096 ξ
154 5032 320 5087 talem
347 5035 614 5085 rectorem
647 5024 848 5079 habere
874 5020 1188 5094 propitium.
1221 5013 1522 5071 Primordia
1573 5011 1754 5080 itaque

155 5132 342 5182 nostra
373 5121 907 5200 solatiaincreantur
943 5112 1200 5184 principis
1240 5107 1466 5178 longaevi
1515 5106 1756 5170 habere;

153 5217 390 5291 pueritia
437 5195 722 5269 tuitionem
768 5207 954 5277 gratia:
998 5210 1396 5271 consequatur;
1446 5207 1503 5253 ct
1545 5213 1653 5252 non
1702 5195 1757 5250 in

155 5287 334 5363 totum
363 5321 394 5360 a
417 5303 729 5378 parentibus
763 5298 1122 5361 destituimur,
1155 5294 1248 5365 qui
1277 5292 1372 5346 tali
1418 5287 1759 5360 protectione

153 5397 426 5454 fulcimur.
459 5394 543 5450 Sit
569 5392 723 5448 vobis
767 5404 994 5460 regnum
1033 5395 1274 5445 nostrum
1302 5382 1486 5451 gratiae
1527 5378 1760 5435 vinculis

152 5488 474 5556 obligatum.
517 5483 644 5539 Plus
687 5483 743 5538 in
791 5481 883 5536 illa
917 5487 1070 5550 parte
1111 5475 1428 5545 regnabitis,
1459 5472 1549 5528 ubi
1577 5470 1760 5526 omnia

149 5579 419 5636 charitate
437 5576 660 5647 iubetis.
691 5573 1034 5644 Quapropter
1053 5569 1120 5626 ad
1145 5567 1492 5626 serenitatem
1521 5572 1756 5619 vestram

151 5673 309 5728 illum
340 5678 397 5727 et
424 5669 575 5725 illum
605 5667 816 5736 legatos
857 5673 1073 5721 nostros
1100 5661 1484 5719 mstimavimus
1529 5673 1648 5714 esse
1677 5656 1758 5710 di-

151 5745 432 5832 rigendos,
464 5768 526 5816 ut
553 5758 845 5814 amicitiam
873 5757 1028 5811 nobis
1068 5755 1170 5810 illis
1201 5753 1392 5824 pactis,
1431 5751 1536 5806 illis
1565 5747 1756 5805 condi-

154 5853 397 5911 tionibus
425 5847 759 5912 concedatis,
791 5862 929 5916 quas
953 5862 1076 5902 cum
1101 5847 1152 5900 di
1164 5861 1235 5899 ειη
1262 5843 1535 5897 memoria:
1559 5839 1760 5894 domno

157 5962 264 6005 avo
301 5951 490 6002 nostro
520 5939 751 6015 inclytus
792 5939 1105 5996 decessorcs
1151 5947 1360 5995 vestros
1407 5941 1618 5991 constat
1665 5932 1759 5988 ba-

1847 3278 1946 3344 nit;
1972 3285 2026 3332 et
2039 3283 2186 3330 tanta
2199 3273 2257 3328 iit
2268 3273 2518 3328 alacritas
2533 3270 2715 3335 animi,
2735 3279 2934 3338 quanta
2955 3268 3179 3325 fueritet
3197 3271 3444 3326 conside-

1847 3371 1986 3424 ratio
2002 3369 2099 3424 rei.
2114 3369 2269 3440 125
2282 3366 2412 3421 Nam
2425 3365 2468 3420 si
2483 3364 2772 3436 prudentes
2783 3363 2928 3418 viros
2942 3363 3154 3432 erigunt
3168 3361 3440 3437 [Ed.,Ae..

1848 3459 2090 3532 exigunt]
2121 3458 2406 3515 connnoda
2436 3455 2690 3526 praedicta
2719 3454 3015 3520 sodalium,
3057 3454 3104 3510 si
3145 3454 3443 3508 amicormn

1849 3553 2055 3607 relevat
2077 3549 2308 3620 sospitas
2336 3548 2599 3611 nuntiata,
2629 3555 2830 3616 quanta
2859 3544 3222 3600 exsultatione
3243 3545 3442 3613 suscipi

1850 3641 2032 3709 debet,
2063 3640 2302 3696 omnimn
2325 3645 2593 3693 rectorem
2623 3635 2849 3690 feliciter
2902 3634 3224 3705 provenisse
3269 3642 3443 3690 terra-

1850 3747 1995 3799 rum,
2024 3745 2184 3799 quem
2214 3745 2323 3784 non
2365 3727 2591 3798 protulit
2611 3734 2885 3782 commota
2911 3725 3129 3792 seditio,
3155 3740 3264 3780 non
3303 3724 3444 3780 bella

1851 3823 2112 3880 ferventia
2143 3828 2491 3893 pepererunt,
2537 3835 2642 3874 non
2665 3817 2976 3893 reipublica:
3003 3817 3200 3872 damna
3242 3816 3445 3872 lucrata

1853 3921 2000 3981 sunt,
2027 3911 2123 3967 sed
2147 3892 2229 3967 sic
2258 3910 2430 3965 factus
2459 3917 2543 3964 est
2570 3924 2668 3978 per
2695 3892 2955 3977 quietem,
2987 3905 3442 3975 quemadmodum

1853 4006 2039 4061 venire
2066 4005 2248 4060 decuit
2275 4003 2548 4058 civilitatis
2573 4009 2854 4056 auctorem
2877 4001 2890 4054 l
2923 3998 3175 4066 Magnum
3203 3996 3444 4068 profecto

1853 4097 2123 4154 felicitatis
2145 4095 2276 4173 [ed.,
2303 4090 2598 4164 ﬁdelitatis]
2627 4106 2813 4162 genus,
2871 4089 3120 4146 obtinere
3166 4090 3282 4145 sine
3309 4103 3440 4144 con-

1855 4189 2188 4248 tentionibus
2215 4187 2610 4258 principatum;
2640 4192 2696 4240 et
2724 4185 2776 4240 in
2807 4183 2897 4239 illa
2937 4181 3214 4252 republica
3260 4179 3445 4235 adole—

1855 4268 2096 4340 scentem
2143 4279 2418 4336 dominum
2470 4277 2606 4340 ﬁeri,
2641 4276 2732 4331 ubi
2761 4274 2959 4330 multos
2985 4281 3200 4329 constat
3224 4274 3446 4327 maturis

1855 4374 2096 4431 moribus
2119 4370 2366 4428 inveniri.
2391 4368 2511 4425 Non
2561 4369 2706 4424 enim
2735 4373 2915 4438 potest
2942 4365 3161 4422 cuilibet
3187 4363 3332 4420 aetati
3360 4363 3448 4418 deo

1857 4483 1976 4526 esse
2000 4465 2304 4531 consilium,
2335 4463 2426 4519 ubi
2458 4471 2537 4518 tot
2572 4470 2824 4532 parentes
2849 4459 3096 4531 publicos
3124 4465 3341 4514 constat
3366 4456 3448 4510 in—

1855 4567 2067 4614 ventos.
2092 4555 2320 4612 Praelata
2349 4564 2434 4610 est
2461 4567 2590 4622 ergo
2611 4567 2736 4622 spes
2775 4559 2959 4606 nostra
2981 4557 3300 4605 cunctorum
3330 4564 3446 4601 me-

1854 4652 1973 4708 ritis
1992 4668 2007 4718 ;
2025 4657 2081 4707 et
2101 4649 2300 4705 certius
2328 4647 2427 4701 fuit
2441 4644 2514 4701 de
2537 4645 2692 4700 nobis
2711 4643 2860 4700 credi
2879 4656 3042 4712 quam
3069 4639 3216 4710 quod
3240 4639 3308 4695 de
3329 4639 3449 4694 aliis

1855 4743 2032 4816 potuit
2059 4740 2369 4814 approbari,
2399 4755 2507 4793 non
2529 4736 2723 4807 injuria
2751 4754 2763 4790 :
2795 4733 3052 4804 quoniam
3091 4732 3295 4804 quaevis
3343 4733 3449 4787 cla-

1856 4837 1986 4893 ritas
2014 4832 2229 4904 generis
2258 4830 2464 4886 Amalis
2493 4827 2676 4893 cedit;
2707 4836 2762 4883 et
2789 4826 2928 4882 sicut
2955 4824 3046 4896 qui
3077 4840 3147 4879 ex
3169 4823 3324 4880 vobis
3349 4838 3448 4876 na-

1855 4927 2044 4992 scitur,
2074 4924 2230 4994 origo
2253 4920 2528 4979 senatoria
2559 4915 3011 4988 nuncupatur,ita
3032 4915 3124 4986 qui
3147 4929 3214 4970 ex
3241 4914 3345 4969 hac
3375 4911 3451 4967 fa-

1857 5019 2006 5074 milia
2058 5014 2422 5088 progreditur,
2475 5026 2646 5082 reguo
2694 5007 3038 5079 dignissimus
3092 5003 3446 5076 approbatur.

1860 5107 2094 5165 Probata
2121 5112 2246 5161 sunt
2265 5103 2519 5174 praesenti
2541 5101 2686 5157 facto
2713 5114 2832 5170 qua:
2857 5097 3147 5167 loquimur.
3168 5094 3301 5152 Nam
3327 5109 3450 5149 cum

1860 5198 2046 5254 domni
2073 5196 2160 5252 avi
2183 5195 2352 5252 nostri
2373 5210 2473 5264 pro
2496 5192 2879 5249 beneficiorum
2918 5189 3220 5260 quantitate
3249 5185 3481 5240 dulcis-w

1861 5293 1996 5348 sima
2049 5289 2206 5346 nobis
2233 5286 2540 5344 recordatio
2571 5293 2856 5356 urgeretur
2882 5281 3156 5347 extremis,
3188 5278 3453 5348 magnitu-

1861 5383 2042 5440 dinem
2073 5377 2458 5437 dominationis
2483 5391 2595 5434 sua‘.
2615 5384 2766 5432 tanta
2780 5376 2834 5432 in
2865 5390 2964 5430 nos
2983 5371 3260 5430 celeritate
3289 5378 3458 5424 trans-

1863 5471 2016 5537 fudit,
2048 5479 2108 5526 ut
2134 5485 2244 5526 non
2266 5477 2376 5524 tam
2397 5481 2620 5536 regnum
2649 5479 2812 5536 quam
2833 5474 3041 5522 vestem
3065 5463 3316 5520 crederes
3337 5477 3457 5517 esse

1865 5570 2146 5618 mutatam.
2180 5559 2286 5615 Tot
2333 5571 2589 5629 proceres
2631 5571 2796 5612 manu
2845 5557 3182 5625 consilioque
3235 5551 3455 5621 gloriosi

1865 5653 2070 5709 nullum
2099 5665 2360 5715 murmur,
2386 5656 2444 5703 ut
2465 5647 2684 5711 assolet,
2709 5646 3042 5702 miscuerunt
3072 5661 3086 5698 :
3109 5643 3204 5699 sed
3236 5644 3308 5697 ita
3335 5657 3458 5698 cum

1867 5760 2064 5813 magno
2091 5742 2286 5810 gaudio
2315 5740 2486 5800 secuti
2527 5746 2652 5795 sunt
2680 5737 2938 5810 principis
2986 5736 3070 5791 sui
3122 5733 3348 5804 judicia,
3397 5744 3452 5786 ut

1865 5837 2199 5891 voluntatem
2215 5833 2286 5888 ibi
2301 5831 2480 5904 potius
2503 5843 2822 5900 agnosceres
2842 5825 3166 5884 conﬂuxisse
3197 5823 3454 5878 divinam.

1869 5928 2206 6000 Quapropter
2229 5923 2591 5982 necessarium
2619 5920 2884 5985 duximus,
2945 5914 3180 5988 propitio
3227 5915 3357 5978 Deo,
3392 5910 3460 5965 dc
