3974 6396
143 303 244 358 73'!

712 411 1044 468 EPISTOLA
1079 412 1166 466 IV.

143 518 406 561 υιθινειδιε
431 516 660 560 ROMANIS
689 519 788 557 PER
817 517 1036 556 ITALIAI
1066 519 1136 556 ΕΤ
1178 515 1478 557 DALMA'IMS
1516 515 1734 554 CONSTI-

567 589 725 628 TOTIS
767 588 1136 627 ΔτιιΑιΑιιιουε
1177 587 1303 626 REX.

141 686 334 742 Scribit
359 703 416 746 se
451 683 738 741 Gothorum
768 684 1218 755 Romanorumque
1264 692 1593 737 sacramenta
1642 697 1736 755 pro

205 758 491 812 munimine
523 757 696 828 adepti
727 757 872 826 regni
904 751 1209 826 suscepisse,
1241 763 1289 807 et
1315 756 1440 824 petit
1468 761 1525 805 ut
1557 751 1737 804 eadem

209 837 476 900 praestent.

209 936 544 992 Honorabile
571 934 842 991 credimus
871 933 1110 989 indicare
1141 933 1284 1002 quod
1317 931 1458 987 fama
1489 931 1739 1003 potuistis

143 1037 279 1083 teste
303 1043 657 1098 cognoscere.
688 1025 817 1084 iure
858 1027 1125 1095 siquidem
1161 1026 1230 1080 de
1255 1040 1316 1080 se
1343 1026 1483 1079 bene
1511 1024 1740 1078 arbitra-

143 1121 285 1175 bitur
329 1120 682 1186 aestimatum,
710 1118 801 1188 qui
831 1118 1041 1186 regium
1091 1127 1331 1171 meretur
1387 1116 1685 1184 alloquium
1721 1132 1734 1168 :

137 1213 264 1280 quia
293 1212 530 1280 dignitas
555 1219 640 1266 est
663 1211 894 1280 subiecti
941 1208 1136 1264 ali'atus
1165 1209 1428 1264 meruisse
1457 1208 1741 1262 dominan-

145 1305 232 1370 tis,
259 1302 312 1356 in
339 1317 406 1358 ea
433 1301 735 1370 praesertim
764 1317 928 1357 causa
956 1302 1010 1356 in
1041 1313 1147 1370 qua
1175 1301 1415 1356 omnium
1445 1299 1612 1353 corda
1661 1295 1740 1354 sic

143 1394 392 1448 videntur
415 1409 540 1448 esse
559 1393 813 1461 sollicita,
843 1401 904 1448 ut
930 1393 976 1447 si
1017 1407 1128 1446 non
1157 1399 1487 1462 cognoscant
1513 1403 1738 1462 prospe-

145 1500 282 1549 rum,
313 1485 542 1540 credant
563 1498 783 1554 semper
810 1483 1116 1538 adversum.
1166 1483 1300 1538 Nam
1327 1485 1419 1554 qui
1449 1483 1597 1536 audit
1622 1497 1742 1536 mu-

143 1585 336 1640 tatum,
358 1591 562 1630 novum
585 1574 938 1631 nihilominus
961 1573 1214 1629 formidat
1235 1573 1543 1643 imperium.
1567 1571 1635 1626 Et
1653 1587 1743 1628 re-

146 1685 272 1723 vera
294 1670 478 1724 nescio
499 1668 627 1738 quid
679 1669 834 1724 triste
875 1667 1114 1723 creditur
1157 1668 1420 1736 cogitare,
1449 1667 1542 1736 qui
1567 1665 1743 1720 tardat

1401 296 1758 352 VARIARUM
1800 295 2000 350 LIBER
2043 293 2176 350 Vill.

1766 411 1816 471 Α
1843 409 1926 464 uis
1954 408 2284 479 impendere,
2317 417 2373 463 ut
2401 417 2456 464 et
2487 409 2641 464 nobis
2681 411 3027 478 regnantibus
3054 413 3316 472 bonarum
3345 433 3438 474 re-

3330 297 3436 356 738

1841 513 1958 552 rum
1991 498 2194 554 fructus
2222 498 2561 554 dulcissimos
2581 497 2838 566 offeratis,
2871 502 2962 572 qui
2991 502 3090 558 sub
3111 505 3312 562 nostris
3341 522 3439 578 pa-

1841 593 2083 648 rentibus
2111 595 2330 664 copiosa
2364 596 2616 652 virtutum
2647 596 2809 653 laude
2839 595 3114 656 lloruistis.

2394 725 2732 782 EPISTOLA
2769 728 2860 786 Vl.

1929 832 2141 872 LIBEMO
2170 834 2460 873 PREFECTO
2487 833 2793 875 αΑιιιΑιιωι
2821 837 3187 878 ΑτιιΑιΑιιιευε
3215 839 3338 880 ΙΙΕΧ.

1841 908 2126 987 Renuntiat
2166 927 2221 964 se
2257 928 2291 987 _a_
2310 911 2663 987 ΔἸνηξοέιοτςίτω
2679 913 2816 987 lium
2846 915 3015 968 adhuc
3043 915 3244 987 viveret,
3273 933 3434 987 regno

1909 983 2196 1059 donatum;
2223 979 2420 1059 sibique
2441 981 3031 1059 Gothosliomanosque
3057 985 3216 1059 ﬁdem
3234 979 3440 1059 'rttb'ju-

1909 1051 2196 1127 risjurandi
2211 1051 2809 1127 religionepromisiue.
2841 1051 2970 1108 Tum
2989 1051 3116 1124 petit
3139 1058 3301 1127 utqui
3322 1051 3434 1113 vcr-

1909 1119 2094 1174 sautur
2125 1121 2176 1174 in
2202 1119 2390 1176 Galliis
2420 1119 2537 1176 illos
2564 1122 2848 1177 imitentur.

1909 1209 2123 1264 Scimus
2150 1210 2390 1264 animum
2411 1217 2651 1265 vestrum
2681 1209 2752 1266 de
2780 1212 2933 1267 obitu
2957 1213 3207 1282 gloriosa-
3233 1227 3440 1272 memo-

1840 1300 1932 1354 riae
1958 1299 2142 1354 domui
2188 1301 2274 1354 avi
2332 1301 2504 1356 nostri
2544 1301 2745 1356 acerbo
2792 1302 2981 1358 dolore
3035 1303 3268 1373 fatigari,
3309 1306 3438 1362 dum

1840 1390 2022 1446 omnia
2073 1391 2214 1446 bona
2269 1391 2507 1460 graviter
2535 1390 2832 1447 defleantur
2868 1394 3086 1450 amissa.
3121 1391 3250 1451 Plus
3295 1398 3440 1452 enim

1838 1479 2085 1548 queritur
2113 1478 2306 1551 [Edit.,
2330 1477 2629 1552 quaeritur],
2655 1481 2782 1536 dum
2823 1482 3075 1539 dominus
3103 1484 3438 1542 desiderabi-

1842 1570 1909 1626 lis
1933 1571 2241 1640 abrogatur.
2273 1569 2506 1640 Expedit
2533 1580 2712 1627 autem
2737 1572 2920 1628 studio
2949 1573 3162 1644 pietatis
3185 1571 3440 1632 afﬂictam

1844 1669 2082 1716 mentem
2127 1661 2534 1731 compensativo
2582 1661 2826 1718 remedio
2864 1663 3158 1733 consolari,
3200 1667 3327 1734 quia
3348 1667 3442 1724 vix

147 1761 288 1816 inter
308 1761 460 1815 initia
483 1761 712 1828 benigna
740 1761 1076 1831 promittere.
1103 1758 1448 1829 Qupropter
1472 1759 1650 1814 locum
1675 1759 1743 1846 si-
1769 1774 1820 1834 Β
1843 1757 2077 1813 sentitur
2116 1757 2372 1821 amissus,
2417 1755 2505 1811 cui
2545 1771 2654 1811 non
2702 1757 2946 1812 succedit
2985 1756 3297 1816 extraneos.
3350 1759 3443 1818 Sic

145 1851 332 1906 nistris
351 1850 770 1920 cogitationibus
788 1858 1152 1920 amputantes,
1176 1849 1332 1905 aliter
1364 1851 1432 1905 de
1453 1850 1609 1906 nobis
1637 1867 1746 1906 non

147 1945 387 2016 patimur
408 1943 554 1998 credi
583 1957 746 2012 quam
765 1943 910 2013 quod
927 1942 997 1998 de
1011 1942 1212 1998 nostris
1239 1941 1418 2012 potuit
1434 1941 1747 2012 parentibus

147 2031 422 2087 arstimari.
442 2030 508 2084 Et
532 2031 677 2098 ideo,
697 2031 841 2102 quod
861 2029 1153 2086 Divinitate
1173 2030 1405 2101 propitia
1425 2029 1628 2085 dictum
1648 2031 1745 2101 sit,

148 2121 386 2189 glorioso
415 2120 616 2176 domno
647 2136 749 2176 avo
772 2129 959 2176 nostro
1009 2119 1240 2176 feliciter
1282 2120 1590 2186 ordinante,
1631 2127 1745 2174 tam

149 2211 448 2267 Gothorum
462 2226 626 2280 quam
637 2210 1007 2268 Romanorum
1024 2211 1364 2281 praesentium
1381 2222 1482 2280 pro
1506 2211 1748 2266 munimi-

149 2319 218 2360 ne
238 2304 444 2374 indepti
473 2301 600 2375 [Ms.
625 2303 717 2370 A.,
750 2302 993 2374 incmpti]
1023 2303 1172 2372 regni
1193 2311 1530 2360 sacramenta
1559 2315 1745 2360 susce-

155 2398 354 2468 pimus,
398 2394 544 2466 quod
571 2411 668 2451 vos
695 2409 912 2464 quoque
950 2395 1190 2450 facturos
1232 2409 1354 2451 esse
1395 2395 1748 2452 libentissime

146 2489 477 2560 iudicamus;
502 2494 562 2542 ut
576 2487 668 2559 qui
699 2485 884 2543 fideles
906 2487 1218 2557 parentibus
1231 2487 1430 2543 nostris
1443 2486 1743 2552 exstitistis,

153 2583 310 2638 nobis
335 2597 554 2652 quoque
581 2579 750 2652 simili
759 2580 1051 2636 devotione
1071 2579 1328 2650 parcatis.
1347 2578 1578 2634 Suavius
1602 2579 1748 2634 enim

152 2677 328 2747 diligit
357 2675 645 2739 hzeredem,
677 2674 770 2744 qui
799 2673 1190 2729 beneficiorum
1213 2671 1535 2728 recordatur
1561 2680 1748 2728 aucto-

151 2784 288 2824 rem.
320 2767 427 2824 Sed
447 2774 510 2821 ut
536 2766 692 2822 vobis
715 2765 1108 2822 benevolentia:
1130 2773 1327 2822 nostra:
1350 2764 1461 2834 iam
1493 2780 1638 2820 nunc
1665 2765 1750 2820 in-

153 2859 378 2928 tegritas
407 2858 730 2921 innotescat,
766 2855 1122 2926 iurisiurandi
1151 2856 1303 2911 vobis
1347 2856 1573 2912 fecimus
1621 2855 1750 2912 reli-

153 2951 315 3021 gione
345 2951 582 3020 promitti
600 2949 746 3019 quod
770 2961 828 3004 et
848 2956 1091 3004 nostrum
1121 2949 1291 3019 possit
1311 2949 1590 3004 declarare
1615 2963 1746 3020 pro—

153 3043 413 3116 positum,
443 3049 500 3098 et
524 3056 675 3112 spem
704 3041 901 3097 debeat
928 3041 1139 3097 munire
1165 3048 1508 3096 cunctorum.

723 3169 1054 3227 EPISTULA
1087 3171 1153 3226 V.

155 3282 425 3325 UNIVEBSIS
445 3281 635 3324 GOTHIS
656 3281 757 3322 PER
778 3281 996 3322 ITALIAI
1024 3275 1368 3320 CONSTITUTIS
1389 3271 1756 3318 ΑτιιΑιΑῐιιευε

889 3351 1020 3391 κει.

157 3447 443 3519 Signiﬁcat
460 3445 882 3519 se,TIteodorico
896 3445 1075 3519 adhuc
1097 3445 1384 3514 superstite,
1412 3445 1640 3519 omnium
1663 3461 1754 3499 sa-

229 3515 499 3572 cramenta
533 3518 592 3571 in
636 3519 784 3588 regia
809 3517 1014 3570 civitate
1053 3519 1326 3584 recepisse,
1368 3523 1418 3567 et
1437 3515 1674 3588 hortatur
1699 3525 1758 3588 ut

228 3604 410 3644 eorum
431 3587 721 3657 exemptum
739 3596 1042 3658 sequantur,
1072 3602 1164 3639 nec
1191 3602 1296 3658 non
1322 3602 1416 3655 per
1441 3587 1757 3640 comitemiis

231 3659 542 3730 interposito
573 3656 898 3712 sacramento
927 3656 1082 3728 ﬁdem
1104 3656 1340 3727 spondet.

230 3768 606 3825 Voluissemus
624 3767 842 3840 quidem
870 3766 1057 3822 domni
1077 3766 1162 3820 avi
1194 3767 1364 3822 nostri
1395 3765 1653 3833 longtcvae
1680 3765 1761 3820 vi-

158 3874 231 3918 tae
277 3861 471 3932 gaudia
499 3861 750 3916 nuntiare
781 3878 795 3913 :
825 3860 920 3915 sed
947 3859 1204 3929 quoniam
1256 3859 1600 3927 diligentibus
1627 3858 1761 3916 dura

156 3953 475 4012 conditione
495 3953 805 4009 subtractus
827 3963 931 4021 est,
951 3967 1052 4008 nos
1079 3951 1320 4006 hatredes
1342 3950 1492 4018 regni
1521 3951 1624 4017 sui,
1649 3951 1762 4006 Deo

156 4045 266 4104 sibi
295 4045 619 4115 imperante,
650 4043 946 4108 substituit,
980 4049 1042 4097 ut
1092 4041 1441 4097 successione
1486 4043 1764 4110 sanguinis

156 4138 248 4194 sui
268 4134 530 4192 beneficia
551 4135 751 4192 vobisa
777 4150 839 4190 se
858 4133 1080 4202 collata,
1101 4133 1305 4188 faceret
1331 4148 1451 4188 esse
1479 4142 1763 4203 perpetua,

159 4231 295 4285 dum
327 4243 426 4284 nos
449 4227 538 4283 illa
579 4236 636 4283 et
681 4241 880 4296 augere
905 4235 966 4282 et
986 4226 1126 4281 tueri
1152 4227 1399 4296 cupimus
1423 4241 1543 4295 quae
1573 4227 1640 4281 ab
1671 4227 1766 4281 illo

161 4322 308 4377 facta
338 4337 460 4376 esse
483 4320 882 4390 cognoscimus.
928 4317 1096 4388 Cujus
1135 4317 1461 4374 ordinationi
1492 4317 1673 4373 adhuc
1697 4333 1767 4374 eo

161 4415 463 4484 superstite
492 4414 546 4468 in
575 4413 724 4482 regia
763 4413 983 4468 civitate
1022 4412 1097 4466 ita
1125 4411 1449 4466 sacramenti
1479 4411 1769 4480 interposi-

161 4509 320 4560 tione
339 4513 658 4560 cunctorum
687 4511 811 4558 vota
837 4503 1043 4558 sociata
1067 4509 1214 4566 sunt,
1241 4509 1302 4556 ut
1330 4517 1493 4556 unum
1513 4501 1770 4556 crederes

164 4598 510 4671 promittere,
542 4596 688 4666 quod
716 4594 1044 4666 generalitas
1081 4586 1366 4650 videbatur
1406 4602 1618 4664 optare.
1651 4592 1769 4649 Hoc

165 4707 272 4746 vos
290 4697 580 4760 sequentes
602 4687 930 4758 exemplum,
953 4687 1072 4757 pari
1099 4685 1389 4742 devotione
1409 4685 1672 4754 peragite,
1702 4699 1772 4739 ne

165 4783 302 4852 quid
332 4797 363 4836 a
391 4780 743 4852 prmsentibus
788 4779 966 4834 minus
1007 4777 1205 4835 fecisse
1234 4776 1547 4842 videamini,
1593 4792 1623 4831 a
1651 4775 1772 4846 qui-

169 4879 278 4932 bus
329 4875 568 4931 creditur
617 4882 792 4930 totum
833 4871 1083 4928 similiter
1123 4886 1282 4942 posse
1309 4870 1589 4940 compleri.
1619 4869 1772 4923 Illum

169 4983 314 5024 vero
345 4967 600 5023 comitem
634 4965 788 5021 vobis
809 4964 1032 5020 fecimus
1050 4963 1227 5033 iurata
1255 4977 1390 5018 voce
1421 4961 1770 5031 promittere;

177 5069 238 5116 ut
267 5060 406 5114 sicut
431 5058 587 5114 nobis
612 5065 852 5114 vestrum
881 5055 1119 5110 animum
1149 5053 1497 5110 devotissime
1527 5051 1773 5122 proditis,

169 5154 260 5208 sic
284 5159 468 5224 optata
495 5151 564 5208 de
589 5152 788 5210 nostris
814 5150 1063 5207 sensibus
1103 5147 1350 5206 audiatis.
1396 5146 1640 5217 Recipite
1669 5144 1775 5198 ita-

172 5260 290 5315 que
319 5259 638 5316 prosperum
678 5243 833 5299 vobis
862 5257 1077 5313 semper
1102 5255 1318 5307 nomen,
1348 5240 1659 5294 Amalorum
1691 5252 1779 5292 re—

173 5339 359 5408 galem
389 5337 718 5408 prosapiem,
747 5337 1011 5392 blatteum
1041 5322 1286 5403 germen,
1339 5331 1619 5385 infantiam
1654 5345 1779 5399 pur-

177 5439 453 5502 puratam,
482 5444 584 5498 per
611 5443 766 5498 quos,
795 5427 910 5485 Deo
934 5425 1180 5496 iuvante,
1211 5429 1467 5494 parentes
1487 5419 1658 5474 nostri
1687 5418 1779 5473 de-

174 5531 372 5578 center
417 5522 596 5578 evecti
623 5529 771 5590 sunt,
802 5528 859 5576 et
903 5519 1045 5574 inter
1071 5525 1181 5571 tam
1223 5514 1491 5584 prolixum
1541 5511 1784 5568 ordinem

177 5626 375 5682 regum
425 5621 782 5682 susceperunt
831 5626 1048 5682 semper
1101 5615 1470 5679 augmentum.
1502 5603 1784 5660 Credimus

179 5704 333 5758 enim
359 5701 429 5757 de
456 5701 748 5757 Divinitate
774 5701 1028 5772 propitia,
1054 5715 1172 5771 qua:
1204 5697 1439 5767 majores
1463 5703 1680 5750 nostros
1706 5693 1788 5748 di-

178 5787 420 5864 gnanter
448 5792 672 5862 adiuvit,
712 5807 853 5850 uunc
877 5806 1094 5864 quoque
1123 5789 1351 5862 gratiam
1381 5803 1491 5845 suae
1522 5787 1791 5858 dignatio-

1781 3158 1828 3221 C

1846 1848 2010 1912 enim,
2056 1847 2168 1902 Deo
2195 1846 2296 1903 sibi
2345 1845 3001 1917 imperante,.prospexit,
3056 1847 3184 1904 dum
3221 1858 3366 1906 esset
3388 1857 3446 1907 et

1845 1947 1970 2010 post
1995 1938 2105 1994 fata
2145 1938 2425 2010 providus,
2471 1946 2532 1992 ut
2581 1937 2892 2008 regionibus
2919 1941 3032 1997 suis
3057 1957 3247 2013 pacem
3275 1943 3444 2001 relin-

1846 2037 2058 2102 queret,
2106 2045 2176 2084 ne
2201 2030 2380 2101 aliqua
2421 2029 2636 2085 novitas
2663 2030 2846 2100 quieta
2875 2031 3139 2088 turbaret.
3168 2033 3228 2088 in
3255 2035 3445 2092 sellam

1846 2122 1998 2194 regni
2019 2122 2103 2178 sui
2133 2137 2232 2179 nos
2258 2122 2508 2177 dominos
2537 2121 2854 2189 collocavit;
2874 2132 3142 2192 quatenus
3161 2124 3328 2182 decus
3350 2141 3448 2197 ge-

1847 2215 2011 2281 neris,
2043 2213 2189 2284 quod
2238 2213 2292 2268 in
2339 2212 2432 2268 illo
2483 2208 2684 2278 ﬂoruit,
2713 2211 2768 2267 in
2815 2227 3158 2270 successores
3199 2217 3448 2286 protinus

1847 2304 2042 2376 aequali
2085 2304 2204 2360 luce
2232 2303 2488 2361 radiaret.
2521 2305 2620 2362 Cui
2645 2307 2973 2364 ordinationi
3000 2308 3305 2367 Gothorum
3333 2311 3450 2369 Ro-

1847 2408 2240 2466 manorumque
2268 2395 2536 2452 desideria
2565 2407 2954 2467 convenerunt,
2978 2398 3053 2454 ita
3079 2407 3138 2454 ut
3156 2400 3257 2456 sub
3279 2401 3448 2472 iuris-

1846 2484 2059 2556 iurandi
2098 2487 2362 2557 religlone
2389 2489 2770 2559 promitterent
2793 2487 2951 2545 fidem
2973 2505 3036 2547 se
3057 2504 3227 2560 regno
3257 2499 3446 2550 nostro

1850 2577 2050 2634 devoto
2073 2579 2256 2636 animo
2277 2589 2607 2638 servaturos.
2634 2580 2794 2650 Quod
2835 2581 2900 2638 ad
2932 2583 3155 2640 illustris
3180 2585 3449 2656 magnitu-

1850 2669 1990 2726 dinis
2019 2678 2213 2725 vestra!
2239 2670 2488 2727 notitiam
2545 2673 2814 2728 credimus
2842 2672 3242 2745 perferendum,
3282 2684 3343 2730 ut
3379 2675 3448 2731 ab

1852 2761 1938 2818 bis
1965 2763 2140 2834 quiin
2184 2761 2372 2819 Galliis
2416 2779 2584 2835 regno
2614 2765 2833 2836 pietatis
2861 2775 3062 2822 nostra!
3099 2766 3282 2823 devoti
3322 2775 3452 2824 sunt

1851 2856 2028 2913 simile
2056 2855 2366 2926 proferatur
2385 2857 2730 2928 exemplum;
2754 2865 2810 2913 et
2837 2858 2975 2914 sicut
2995 2857 3208 2914 animos
3231 2865 3451 2914 nostros

1853 2947 1995 3004 circa
2021 2961 2081 3003 se
2111 2947 2348 3003 minores
2368 2963 2477 3004 non
2501 2948 2809 3004 desiderant
2830 2945 2994 3016 efﬁci,
3019 2947 3095 3006 ita
3115 2949 3232 3021 pari
3257 2949 3450 3007 condi-

1854 3040 2004 3096 tione
2029 3047 2318 3096 teneantur
2338 3039 2564 3096 astricti.

2327 3175 2482 3246 137
2511 3173 2842 3230 EPISTOLA
2868 3173 2978 3232 vn.

1858 3281 2130 3324 UMVBBSIS
2185 3281 2612 3322 PBOVINCIALIBUS
2663 3282 2767 3321 PBB
2824 3280 3058 3323 GALBILI
3109 3277 3456 3322 ΜἸΙἸἮΫΒ

2393 3352 2762 3392 Ατωιλῐιιευε
2788 3353 2916 3392 κει.

1859 3430 2118 3488 Hortatur
2146 3441 2202 3486 ut
2227 3429 2382 3486 Gothi
2410 3429 2684 3499 Romanis,
2707 3441 2758 3486 et
2780 3430 3004 3486 Romani
3026 3429 3208 3487 Gothis
3230 3429 3458 3488 vicissim

2177 3502 2358 3574 jurent
2385 3518 2442 3557 te
2467 3501 2627 3572 fidem
2656 3503 2764 3573 regi
2791 3503 3131 3572 prmtituros.

1933 3591 2086 3648 Licet
2115 3593 2365 3662 gloriosa:
2403 3594 2679 3648 memoria:
2706 3592 2890 3648 domui
2918 3593 3004 3648 avi
3035 3593 3204 3649 nostri
3230 3607 3332 3665 pro
3358 3606 3458 3648 ex-

1861 3681 2180 3738 cellentibus
2225 3681 2434 3736 meritis
2481 3679 2649 3736 tristis
2698 3681 2852 3763 vobis
2904 3681 3154 3738 videaltr
3199 3697 3460 3752 occasus,

1861 3782 2065 3837 tamen,
2117 3772 2243 3842 quia
2295 3772 2384 3828 ille
2429 3772 2665 3827 humana
2717 3772 3028 3829 venditione
3069 3773 3347 3840 decubuit,
3392 3771 3463 3828 ad

1863 3864 2287 3922 continuandam
2317 3865 2766 3934 gubernationem
2794 3880 2956 3934 quam
2987 3865 3330 3934 singulariter
3348 3879 3466 3934 ges-

1863 3967 2010 4014 serat
2035 3973 2136 4012 nos
2163 3957 2412 4028 reliquit;
2445 3973 2514 4012 ne
2541 3956 2796 4011 damnum
2835 3957 2964 4012 boni
3001 3957 3260 4028 principis
3295 3959 3466 4014 senti-

1863 4051 2016 4115 retis,
2046 4049 2202 4120 cuius
2229 4049 2384 4104 vobis
2415 4049 2659 4104 noscitur
2683 4058 2912 4118 regnare
2938 4051 3242 4119 progenies.
3276 4045 3465 4105 Nullus

1868 4139 2010 4195 enim
2035 4137 2178 4209 apud
2205 4154 2304 4194 nos
2329 4138 2527 4208 perdit,
2555 4137 2701 4208 quod
2727 4138 2876 4211 [Alii,
2899 4136 3013 4208 qui]
3035 4139 3112 4192 illi
3135 4139 3344 4209 paruit;
3368 4138 3466 4196 sed

1868 4229 2070 4299 duplici
2093 4228 2342 4298 largitate
2363 4229 2601 4284 munifici
2631 4235 2686 4284 et
2715 4228 2858 4284 illius
2886 4229 3066 4284 debita
3093 4229 3388 4294 reddimus,
3411 4237 3469 4285 et

1872 4318 2069 4375 futuris
2105 4319 2382 4390 obsequiis
2426 4316 2690 4376 beneﬁcia
2738 4315 2974 4388 ingenita
3013 4319 3212 4390 pietate
3252 4329 3468 4376 mutua-

1871 4423 2012 4464 mus.
2057 4407 2234 4480 Atque
2273 4409 2396 4466 ideo
2443 4411 2603 4466 fidem
2651 4411 2935 4482 pristinam
2977 4411 3166 4482 maiori
3205 4429 3347 4468 nunc
3373 4428 3472 4468 vos

1800 4502 2131 4604 Dconvenit
2167 4500 2460 4558 devotione
2503 4511 2828 4564 monstrare.
2868 4503 2994 4571 quia
3029 4502 3172 4560 bene
3213 4505 3474 4575 ρτοειιῖοίι

1875 4593 2035 4648 rebus
2082 4591 2295 4659 futuris,
2339 4593 2431 4664 qui
2479 4596 2821 4662 regnantium
2870 4595 3038 4650 servit
3084 4595 3248 4651 initiis
3291 4614 3305 4650 :
3347 4596 3473 4652 dum

1871 4683 1992 4755 ipse
2017 4690 2072 4738 et
2098 4683 2150 4738 in
2180 4684 2448 4752 reliquum
2475 4700 2826 4754 perseverare
2852 4686 3106 4752 creditur,
3137 4687 3225 4758 qui
3249 4687 3480 4757 primor-

1873 4776 1964 4830 dia
1991 4775 2177 4831 fovere
2206 4775 2456 4830 sentitur.
2498 4774 2802 4831 [ndicamus
2841 4786 3042 4842 autem,
3081 4776 3266 4833 favore
3294 4778 3476 4833 divino

1875 4881 2002 4921 cum
2041 4865 2109 4921 ad
2153 4865 2304 4934 regni
2343 4865 2581 4921 culmina
2629 4866 3056 4936 perveniremus,
3104 4867 3282 4922 omnia
3325 4866 3482 4921 nobis

1877 4959 1962 5014 sic
1985 4956 2188 5021 felicia,
2214 4957 2293 5012 sic
2322 4955 2609 5026 tranquilla
2633 4955 2885 5021 cessisse,
2917 4964 2977 5010 ut
3004 4969 3168 5011 unum
3191 4957 3339 5026 loqui
3361 4970 3482 5012 cre-

1883 5052 2042 5108 deres
2069 5050 2214 5120 quod
2242 5049 2572 5119 generalitas
2597 5047 2904 5116 insonabat,
2934 5063 3034 5104 nec
3066 5059 3348 5119 putaretur
3376 5051 3480 5104 hu—

1887 5156 2105 5198 manum
2146 5139 2292 5210 quod
2343 5147 2426 5195 tot
2471 5151 2597 5194 vota
2644 5139 2938 5208 ingentium
2987 5141 3309 5210 populorum
3351 5142 3486 5196 nihil

1841 5233 2114 5314 ‘probata
2153 5240 2278 5287 sunt
2317 5232 2517 5286 habere
2553 5229 2902 5286 contrarium.
2943 5227 3098 5284 Unde
3135 5245 3230 5284 vos
3265 5243 3484 5302 quoque

1888 5325 2142 5396 prndicta
2182 5324 2438 5380 convenit
2480 5321 2700 5387 imitari,
2743 5331 2802 5376 ut
2841 5319 3003 5377 Gothi
3050 5321 3309 5379 Romanis
3344 5338 3485 5392 pra}-

1887 5417 2054 5470 beant
2095 5415 2492 5485 iusiurandum,
2531 5421 2589 5469 et
2633 5413 2861 5470 Romani
2903 5409 3099 5469 Gothis
3143 5421 3488 5468 sacramento

1889 5505 2213 5566 conﬁrment
2233 5524 2292 5564 se
2321 5509 2648 5564 unanimiter
2674 5519 2843 5574 regno
2872 5513 3060 5562 nostro
3086 5520 3207 5562 esse
3237 5505 3485 5572 devotos,

1891 5609 2158 5672 quatenus
2181 5611 2236 5656 et
2262 5601 2419 5656 nobis
2444 5607 2624 5656 vestra
2653 5599 2940 5654 sinceritas
2967 5597 3306 5654 laudabiliter
3333 5597 3492 5653 inno-

1893 5702 2086 5762 tescat,
2119 5702 2172 5749 et
2200 5693 2269 5748 ad
2296 5693 2536 5762 quietem
2567 5701 2802 5748 vestram
2831 5692 3077 5762 proficiat
3101 5691 3330 5746 invicem
3361 5705 3490 5760 pro-

1893 5792 2058 5850 missa
2100 5790 2410 5852 concordia.
2447 5783 2552 5842 Eat
2600 5787 2743 5844 inter
2780 5801 2880 5843 vos
2927 5783 3116 5858 legalis
3152 5784 3316 5840 missa
3344 5788 3494 5836 trau-
