3974 6390
205 263 304 316 741

1465 261 1822 314 νΑιιιΑιιιιΜ
1868 260 2069 314 LIBER
2112 261 2240 316 \lll.

3403 268 3508 325 ἨΞ

204 377 417 445 iunxit,
468 382 526 430 ut
571 372 872 429 bteredibus
929 388 1117 428 eorum
1174 371 1448 426 curiosum
1501 371 1804 426 exhibuerit
1838 377 1875 431 Λ
1911 368 2102 423 Martio
2137 371 2252 423 viro
2300 370 2562 424 didicerat
2602 370 2798 436 verbis,
2835 372 2884 426 in
2918 389 3229 442 camporum
3261 375 3509 432 libertate

203 469 546 534 famulatum,
579 468 827 537 quamvis
857 466 967 527 irse
1004 473 1284 536 peteretur
1325 465 1389 518 ad
1419 477 1665 531 regnum.
1697 461 1805 515 lm-

203 559 480 630 pendebat
524 557 645 612 aliis
695 556 950 612 meritum
997 571 1182 622 suum,
1240 563 1296 611 et
1345 554 1808 608 moderatissimus

203 650 469 711 omnium,
499 646 648 717 quod
678 645 779 717 ipsi
809 645 1042 701 conferri
1085 654 1318 717 poterat,
1353 646 1442 700 ille
1469 645 1649 715 potius
1677 659 1806 714 par-

203 739 346 794 vulis
385 737 698 793 exhibebat.
744 737 919 807 Atque
967 736 1092 793 ideo
1140 752 1262 792 eum
1313 746 1620 791 nostrorum
1667 738 1804 790 fama

205 829 557 884 concelebrat
586 845 600 880 :
631 827 765 882 vivit
801 843 1016 898 semper
1044 829 1420 893 relationibus,
1451 830 1542 898 qui
1572 829 1810 898 quamle-

205 935 314 990 que
350 918 615 974 moritura
655 919 1003 989 contempsit.
1053 918 1145 974 Sic
1188 921 1424 990 quandiu
1475 936 1671 975 nomen
1712 937 1807 976 su-

205 1019 392 1080 perest
412 1009 734 1074 Gothorum,
770 1009 941 1065 fertur
963 1010 1080 1080 ejus
1108 1023 1427 1066 cunctorum
1458 1015 1805 1069 attestatione

205 1101 563 1172 przecoriium.
618 1101 770 1157 Unde
817 1100 898 1157 fas
948 1109 1032 1156 est
1075 1101 1144 1157 de
1191 1110 1244 1157 te
1292 1103 1513 1158 meliora
1561 1105 1806 1171 credere,

203 1208 368 1262 quem
391 1192 565 1248 nostri
591 1201 806 1248 constat
833 1193 1046 1262 generis
1075 1192 1338 1250 afﬁnitate
1365 1195 1622 1263 gaudere.

783 1346 1122 1404 EPISTULA
1160 1347 1228 1402 X.

417 1479 645 1521 SENATUI
677 1479 824 1519 ιιιιιιιε
864 1479 1025 1519 ROILE
1063 1479 1430 1520 ATHALARILUS
1466 1481 1590 1519 REX.

205 1573 423 1632 Eximio
455 1577 697 1649 facinora
724 1575 915 1649 Telum
945 1577 1181 1649 exponit,
1221 1583 1270 1629 et
1311 1573 1487 1630 scribit
1515 1591 1569 1630 se
1596 1590 1712 1630 eum
1739 1576 1809 1630 ad

597 1646 905 1716 patriciatus
934 1646 1135 1701 culmen
1161 1649 1409 1701 erexisse.

1911 470 2258 516 monstraret.
2300 461 2420 530 Egit
2462 462 2529 516 de
2571 463 2779 516 lluuni»
2817 465 2956 518 inter
2985 466 3120 521 alios
3151 467 3504 538 triumphum,

1909 561 1966 608 et
1990 555 2272 609 emeritam
2304 556 2515 610 laudem
2546 558 2734 626 primis
2767 559 3148 627 congressibus
3175 561 3506 630 auspicatus,

1911 645 2029 700 neci
2069 647 2220 701 dedit
2262 647 2518 715 Bnlgares
2551 657 2668 700 toto
2697 647 2830 701 orbe
2871 649 3160 703 terribiles.
3193 648 3351 704 Tales
3378 653 3508 705 mit-

1909 747 2032 794 tunt
2078 749 2262 794 nostra
2313 739 2578 794 cunabula
2631 740 2950 805 bellatores;
3005 741 3084 794 sic
3133 750 3334 812 parata:
3381 751 3510 796 sunt

1910 847 2120 897 manus,
2153 833 2243 887 ubi
2273 842 2556 886 exercetur
2577 832 2806 886 animus.
2837 832 3079 886 Nutritus
3110 832 3161 886 in
3191 833 3368 887 otioso
3393 849 3510 887 ser-

1908 921 2041 976 vitio
2088 921 2388 976 laboriosos
2425 923 2668 990 subegit;
2702 931 2759 975 et
2794 923 2937 991 quod
2977 923 3368 977 exercitatione
3399 939 3506 976 non

1909 1011 2114 1077 didicit,
2145 1015 2315 1068 virtus
2352 1030 2545 1068 manus
2579 1015 2797 1084 propria
2831 1013 2960 1087 [Με.
2992 1014 3080 1077 Λ.,
3113 1024 3160 1068 et
3189 1015 3304 1080 Λα,
3336 1015 3511 1069 virtus

1908 1101 2103 1173 prona]
2131 1104 2440 1174 complevit.
2491 1104 2670 1158 Rediit
2711 1106 2890 1159 subito
2919 1105 2987 1159 ad
3017 1107 3313 1176 principem
3358 1116 3510 1161 vete-

1907 1213 2092 1262 ranus,
2125 1211 2374 1265 egressus
2410 1199 2726 1268 primaevus;
2758 1207 2817 1252 ut
2845 1214 2951 1253 non
2980 1199 3185 1268 pacatis
3212 1199 3506 1268 obsequiis,

1908 1289 2002 1344 sed
2032 1291 2198 1345 armis
2227 1305 2444 1361 semper
2468 1289 2736 1346 studuisse
2763 1291 3094 1345 crederetur.
3128 1289 3244 1344 lloc
3283 1290 3510 1344 rimator

1907 1381 2004 1436 ille
2070 1390 2288 1436 actuum
2344 1391 2402 1436 et
2447 1383 2714 1438 honorum
2764 1392 3139 1437 remunerator
3190 1382 3505 1452 inspiciens,

1907 1472 2147 1541 vigorem
2198 1473 2273 1528 illi
2329 1475 2490 1542 regia:
2546 1473 2737 1528 domus
2789 1474 3002 1529 virtutis
3050 1474 3510 1544 contemplatione

1910 1563 2210 1629 commisit;
2255 1572 2312 1617 ut
2349 1579 2508 1632 quem
2559 1565 2898 1633 ingeniosum
2941 1564 3079 1620 bella
3123 1565 3509 1634 probaverant,

1912 1653 2191 1708 fortissimi
2221 1655 2362 1722 regis
2389 1655 2631 1710 consiliis
2673 1656 2984 1710 misceretur
3028 1672 3041 1707 :
3085 1655 3150 1708 ad
3191 1655 3278 1709 inv
3313 1655 3508 1709 nienda

279 1758 524 1826 Habetis,
571 1769 756 1830 patres
799 1759 1114 1829 conscripti,
1144 1758 1287 1814 unde
1313 1759 1548 1828 glorioso
1576 1759 1807 1831 principi
1839 1743 1884 1802 Β
1911 1744 2141 1810 subtilis,
2167 1745 2234 1798 ad
2262 1745 2532 1816 implenda
2581 1747 2855 1812 robustus,
2889 1745 2956 1800 ad
2977 1745 3222 1800 ‘cclanda
3264 1745 3512 1800 cautissi-

204 1853 438 1923 gratiam
469 1849 678 1906 referre
707 1850 971 1918 debeatis,
1004 1850 1220 1918 quando
1249 1851 1509 1920 prmcelso
1537 1851 1655 1905 viro
1694 1849 1806 1905 Tu-

206 1945 337 2006 Ium,
366 1950 425 1998 et
451 1950 637 1996 nostra
665 1940 932 1996 afﬁnitate
965 1940 1210 2012 fulgenti,
1242 1942 1408 1997 vestri
1437 1942 1644 1998 ordinis
1672 1959 1806 1999 con-

207 2032 427 2087 tulimus
454 2031 794 2100 dignitatem.
825 2033 1030 2087 Auctus
1056 2040 1139 2087 est
1173 2033 1316 2087 enim
1347 2034 1496 2102 pacis
1524 2034 1712 2103 genius
1740 2035 1808 2090 de

205 2123 334 2180 ferri
369 2123 630 2179 radiantis
668 2133 895 2191 ornatu;
927 2139 1026 2180 nec
1053 2124 1312 2179 discincta
1337 2125 1485 2194 jacet
1517 2137 1660 2195 loga,
1693 2126 1806 2194 jam

207 2215 600 2288 procinctualis
620 2215 831 2272 effecta.
856 2215 997 2272 Ante
1021 2217 1175 2272 vobis
1199 2216 1524 2272 contulimus
1549 2218 1805 2288 honores,

203 2309 299 2366 sed
331 2325 477 2366 nunc
519 2309 688 2382 ipsam
717 2309 991 2365 ereximus
1019 2309 1356 2378 dignitatem.
1382 2308 1487 2364 Per
1508 2325 1698 2366 omnes
1725 2318 1810 2366 est

203 2403 460 2458 nimirum
501 2400 759 2472 Splendor
784 2400 1017 2468 refusus,
1048 2417 1210 2471 quem
1239 2417 1480 2472 prmsens
1505 2409 1687 2472 potest
1711 2402 1810 2457 ha-

204 2495 336 2550 bere
387 2493 646 2563 patricius
688 2511 702 2546 :
751 2492 972 2564 quando
1018 2493 1110 2548 illa
1162 2501 1247 2548 est
1291 2503 1483 2548 natura
1531 2494 1807 2563 purissimi

203 2585 445 2650 luminis,
491 2598 614 2655 quae
663 2583 872 2639 relucet
916 2591 974 2639 et
1014 2584 1293 2654 proximis.
1323 2583 1432 2638 Sed
1465 2585 1709 2654 quamvis
1737 2583 1810 2638 sit

203 2676 362 2732 vobis
408 2675 722 2730 notissimus
768 2674 1109 2750 candidatus,
1153 2675 1246 2745 qui
1280 2674 1466 2730 domni
1509 2675 1594 2729 avi
1637 2674 1808 2730 nostri

203 2776 319 2824 tam
343 2768 502 2824 claris
527 2783 594 2824 ac
623 2767 889 2823 diuturnis
927 2767 1152 2822 adhaesit
1191 2769 1484 2838 obsequiis,
1517 2775 1700 2823 tamen
1722 2767 1809 2837 ju-

203 2868 298 2914 vat
338 2859 430 2914 illa
475 2867 748 2929 repetere,
789 2873 910 2928 qua:
957 2866 1171 2913 constat
1218 2859 1285 2913 ad
1330 2859 1656 2914 institutoris
1693 2858 1809 2928 ejus

200 2949 434 3019 gloriam
464 2950 759 3020 pertinere.
791 2947 1051 3013 Primum,
1075 2950 1219 3018 quod
1251 2950 1393 3005 inter
1421 2952 1668 3006 nationes
1693 2952 1809 3006 exi-

203 3042 372 3096 mium
394 3049 496 3107 est,
521 3039 821 3096 Gothorum
849 3032 1182 3095 nobilissima
1213 3043 1382 3110 stirpe
1409 3042 1694 3111 gloriatur,
1717 3043 1807 3113 qui

1911 1852 2050 1893 mus.
2097 1835 2220 1907 Egit
2266 1836 2444 1892 locum
2488 1838 2684 1894 merito
2728 1837 2925 1908 publici
2969 1836 3184 1918 secreti.
3221 1836 3354 1890 Cum
3394 1836 3513 1907 ipso

1909 1929 2116 2000 prmlia,
2146 1944 2269 1984 cum
2316 1929 2436 2000 ipso
2474 1930 2811 1998 negotiorum
2849 1928 3132 1998 :equabilia
3158 1927 3510 1998 disponebat;

1909 2027 1965 2074 et
1987 2019 2039 2073 in
2066 2027 2268 2073 tantam
2298 2035 2357 2074 se
2383 2019 2786 2074 similitudinem
2817 2019 2934 2088 ejus
2961 2019 3301 2087 cogitationis
3322 2017 3514 2086 adjun-

1909 2119 2083 2172 xerat,
2118 2120 2177 2166 ut
2205 2110 2382 2165 causis
2433 2110 2742 2178 recognitis,
2775 2108 2921 2178 quod
2961 2109 3051 2163 ille
3092 2109 3231 2164 velle
3277 2116 3512 2177 poterat,

1910 2200 2012 2256 iste
2036 2215 2132 2255 sua
2161 2209 2356 2270 sponte
2397 2200 2708 2270 peragebat.
2739 2199 3087 2254 Defensorem
3117 2200 3359 2253 omnium
3401 2199 3514 2252 suis

1911 2291 2229 2348 tractatibus
2257 2292 2574 2362 adjuvabat;
2615 2301 2670 2348 et
2699 2291 3055 2346 ministrando
3084 2291 3389 2357 consilium,
3425 2306 3512 2345 rc-

1907 2385 2069 2454 gebat
2098 2385 2212 2456 ipse
2241 2393 2526 2440 rectorem.
2561 2385 2832 2439 Admonet
2873 2383 3037 2439 etiam
3079 2383 3354 2454 expeditio
3383 2381 3512 2438 Gal-

1909 2478 2104 2543 licana,
2137 2477 2226 2532 ubi
2264 2475 2378 2546 jam
2416 2477 2558 2531 inter
2584 2477 2751 2531 duces
2777 2476 3035 2541 directus,
3077 2484 3134 2531 et
3169 2475 3512 2546 prudenliam

1909 2587 2059 2626 suam
2111 2570 2283 2637 hellis,
2333 2578 2389 2626 et
2444 2569 2682 2640 pericula
2731 2569 3162 2640 promptissimus
3211 2569 3507 2637 ingerebat.

1914 2673 1938 2702 ε
1973 2663 2189 2717 Arelate
2216 2670 2297 2717 est
2327 2662 2514 2717 civitas
2540 2676 2702 2731 supra
2731 2661 2902 2716 undas
2926 2659 3172 2715 Rhodani
3199 2660 3512 2726 constituta,

1909 2769 2030 2824 qute
2073 2754 2127 2808 in
2173 2751 2409 2808 Orientis
2451 2761 2796 2823 prospectum
2833 2751 3128 2806 tabulatum
3159 2760 3380 2822 pontem
3414 2766 3514 2822 per

1910 2847 2206 2916 nuncupati
2238 2845 2470 2900 fluminis
2497 2845 2658 2900 dorsa
2692 2845 3026 2900 transmittit.
3059 2843 3213 2900 liunc
3254 2853 3309 2900 et
3347 2845 3516 2899 hosti-

1909 2939 2010 2992 bus
2050 2952 2269 3008 capere,
2305 2946 2361 2992 et
2399 2937 2599 2992 nostris
2641 2937 2934 2992 defendere
2978 2937 3345 2991 necessarium
3391 2934 3511 2991 fuit.

1917 3029 2264 3099 Quapropter
2291 3029 2525 3084 excitata
2575 3036 2701 3082 sunt
2736 3026 3038 3082 Gothorum
3077 3025 3518 3096 Francorumque

205 3148 335 3187 mox
363 3141 423 3188 ut
452 3131 591 3186 inter
617 3139 869 3202 parentes
900 3131 1178 3186 infantiam
1213 3133 1452 3200 reliquit,
1485 3133 1667 3186 statim
1705 3148 1800 3187 ru-
1831 3119 1876 3182 C
1911 3122 2237 3179 validissima
2268 3129 2591 3191 tempestate
2631 3120 2950 3176 certamina.
2983 3119 3167 3175 Adfuit
3205 3119 3312 3174 illic
3340 3119 3518 3176 dubiis

209 3225 308 3281 des
335 3239 510 3280 annos
543 3224 611 3279 ad
639 3224 781 3279 sacri
815 3223 1051 3280 cubiculi
1095 3232 1305 3279 secreta
1335 3225 1569 3294 portavit
1598 3241 1612 3277 :
1642 3238 1806 3292 agens

207 3330 321 3371 non
345 3322 582 3379 uta-itas,
611 3314 706 3370 sed
735 3322 794 3369 ut
820 3315 972 3369 locus
994 3314 1174 3383 potius
1194 3314 1500 3384 expetebat.
1527 3313 1658 3368 Nam
1682 3313 1808 3368 licet

209 3408 393 3466 omnia
428 3423 616 3478 regum
646 3408 906 3479 obsequia
943 3409 1045 3464 sub
1083 3408 1298 3464 cautela
1343 3408 1648 3478 peragenda
1675 3407 1804 3473 sint,

209 3501 324 3558 illic
353 3509 506 3557 tanto
537 3501 747 3556 timoris
774 3501 1005 3572 amplius
1036 3501 1352 3570 acquiritur,
1384 3509 1589 3569 quanto
1625 3500 1808 3569 proxi~

207 3607 334 3649 mus
355 3592 479 3664 plus
503 3592 753 3648 habetur.
780 3601 805 3629 ι
831 3591 1070 3646 Arduum
1093 3592 1253 3647 nimis
1271 3600 1353 3646 est
1385 3592 1644 3646 meruisse
1664 3590 1813 3661 prin—

207 3684 348 3755 cipis
379 3692 672 3748 secretum,
704 3682 796 3738 ubi
826 3682 872 3738 si
902 3677 1031 3752 quid
1060 3683 1408 3752 cognoscitur
1434 3682 1612 3752 prodi,
1635 3682 1720 3736 vel
1744 3682 1811 3737 ab

207 3773 320 3830 alio
357 3773 698 3830 formidatur.
741 3773 853 3828 Has
899 3773 1170 3844 procellas
1208 3773 1524 3829 moderator
1569 3774 1650 3829 sui
1697 3774 1812 3828 sine

182 3865 510 3946 Ioti'ensione
554 3865 850 3921 transmisit
883 3883 896 3919 :
929 3867 1127 3922 cbarus
1167 3867 1548 3932 summatibus,
1590 3866 1814 3935 collegis

209 3973 429 4030 semper
455 3968 738 4030 acceptus;
773 3966 834 4014 ut
864 3959 978 4028 jam
1039 3967 1170 4014 tunc
1197 3973 1402 4028 magme
1431 3958 1702 4014 felicitatis
1732 3959 1812 4013 vi-

209 4049 432 4105 deretur
453 4061 587 4104 esse
628 4051 972 4120 praesagium,
1008 4049 1242 4119 gratiam
1285 4050 1548 4107 meruisse
1589 4060 1814 4106 cuncto-

209 4156 354 4198 rum.
379 4140 547 4212 Cujus
570 4149 634 4197 ut
666 4142 832 4214 ccepit
859 4149 993 4197 tetas
1018 4141 1351 4207 adolescere,
1385 4143 1666 4212 tenerique
1686 4139 1815 4198 anni

211 4234 270 4289 in
299 4233 576 4290 robustam
613 4233 792 4303 gentis
827 4233 1109 4290 audaciam
1148 4233 1455 4300 condurari,
1488 4232 1555 4288 ad
1590 4233 1816 4303 expedi-

211 4324 423 4381 tionem
468 4322 710 4382 directus
746 4332 830 4381 est
874 4322 904 4364 δ
939 4323 1325 4393 Sirmiensem;
1360 4333 1422 4382 ut
1453 4325 1600 4396 quod
1627 4326 1696 4382 ab
1724 4325 1817 4382 illo

1913 3209 2076 3266 rebus
2121 3210 2342 3266 audacia
2391 3210 2661 3266 candidati
2685 3228 2708 3264 .:
2744 3209 2831 3264 ubi
2875 3216 3024 3264 tanta
3053 3224 3176 3264 cum
3215 3208 3389 3277 globis
3417 3209 3519 3266 bo—

1914 3303 2077 3358 stium
2125 3305 2530 3362 concertatione
2567 3306 2842 3376 pugnavit,
2877 3313 2938 3360 ut
2981 3311 3038 3360 et
3073 3304 3320 3360 inimicos
3345 3321 3377 3360 a
3405 3307 3518 3362 suis

1915 3393 2198 3452 desideriis
2231 3405 2529 3461 amoveret,
2560 3405 2616 3453 et
2643 3397 2867 3451 vulnera
2902 3394 3168 3450 factorum
3195 3411 3414 3451 suorum
3444 3379 3520 3451 si-

1914 3504 2018 3560 gna
2047 3490 2350 3561 susciperet
2377 3509 2389 3544 :
2416 3490 2662 3554 vulnera,
2696 3491 2932 3561 inquam,
2966 3489 3150 3560 Opinio
3187 3488 3521 3560 inseparabi-
3571 3539 3589 3549 -

1913 3582 2001 3649 lis,
2029 3580 2053 3620 δ
2077 3584 2195 3638 sine
2235 3593 2506 3639 assertore
2553 3583 2907 3654 prteconium,
2940 3581 3157 3652 prepria
3199 3580 3380 3650 lingua
3405 3581 3520 3636 vir-

1915 3681 2081 3745 tutis;
2131 3695 2252 3750 quae
2302 3681 2429 3736 licet
2475 3680 2544 3734 ad
2591 3695 2831 3751 prmscns
2886 3678 3181 3749 periculum
3239 3677 3518 3746 ingerant,

1915 3770 2186 3841 reliquum
2230 3780 2411 3826 tamen
2451 3771 2573 3825 vitro
2615 3780 2825 3840 tempus
2872 3777 3158 3823 exornant.
3210 3766 3345 3836 Eget
3373 3769 3518 3821 enim

1916 3864 2361 3934 astipulatoribus
2383 3879 2580 3934 corpus
2609 3863 2832 3918 illaesum
2859 3880 2872 3914 :
2896 3861 3089 3931 quierit
3109 3859 3244 3914 alios
3289 3859 3383 3928 qui
3409 3859 3522 3914 visa

1917 3956 2196 4024 divulgent
2219 3974 2236 4012 :
2258 3956 2325 4012 de
2355 3955 2670 4011 fortitudine
2693 3954 2917 4026 probata
2943 3968 3051 4008 non
3073 3952 3378 4020 ambigitur,
3402 3967 3523 4021 qua:

1919 4047 2015 4102 tali
2045 4048 2354 4103 testimonio
2383 4046 2788 4116 comprobatur.
2821 4040 3117 4099 Conﬂictus
3147 4042 3383 4096 virorum
3412 4041 3524 4096 for-

1919 4140 2058 4195 tium
2084 4147 2270 4194 mutua
2310 4137 2418 4193 tela
2457 4137 2678 4208 repulit,
2715 4151 2816 4191 nec
2861 4148 3078 4204 semper
3105 4139 3250 4187 tutus
3278 4130 3401 4200 fuit,
3431 4131 3526 4202 qui

1922 4252 2045 4293 cum
2074 4251 2367 4292 numeroso
2395 4235 2553 4290 hoste
2591 4230 2887 4289 contendit.
2933 4227 3102 4285 Unius
3132 4227 3355 4282 forsitan
3386 4226 3524 4281 ictus

1924 4327 2156 4384 solerter
2192 4326 2431 4383 eluditur
2475 4324 2627 4400 [Ed.,
2670 4319 2936 4393 eliditur];
2967 4320 3059 4390 qui
3089 4318 3270 4374 multis
3298 4316 3522 4383 restitit,

195 4481 214 4594 Ι
294 4500 885 4594 έδίιεηιίιιωίοιιιηίιιο
920 4521 1244 4594 servandum
1275 4522 1330 4594 in
1380 4522 1627 4588 consilio,
1671 4523 1816 4594 quod
1849 4528 1898 4589 D
1921 4525 2062 4580 rium
2087 4543 2101 4579 :
2133 4525 2330 4594 quibus
2360 4523 2835 4579 commoditatibus
2863 4521 3118 4594 invitatus
3136 4520 3527 4594 Constantinus

193 4581 328 4653 'vim
356 4594 558 4650 habere
600 4593 684 4648 vis
719 4600 813 4648 aut
857 4608 1032 4648 usum.
1081 4593 1388 4648 Alexander
1428 4609 1550 4648 cum
1579 4581 1809 4649 arcanas

212 4663 482 4738 quasdam
502 4664 711 4738 litteras
731 4662 1100 4738 Hephaestioni
1127 4665 1360 4738 legisset,
1395 4663 1694 4738 detractum
1713 4679 1813 4718 an-

217 4731 406 4792 nulum
437 4735 518 4791 ori
558 4735 676 4804 ejus
702 4731 972 4806 admovit;
999 4731 1228 4806 quisque
1259 4735 1360 4789 sibi
1399 4735 1450 4787 id
1470 4731 1677 4806 laetum
1707 4750 1808 4804 pu-

215 4815 322 4874 tet,
350 4813 408 4861 et
432 4806 591 4861 simul
617 4807 672 4860 in
700 4805 987 4861 consilium
1017 4804 1190 4861 lectus
1209 4813 1311 4870 est,
1345 4819 1407 4866 os
1436 4804 1536 4858 sibi
1567 4805 1810 4858 clausum

217 4895 250 4932 a
283 4876 528 4947 principe
571 4877 969 4947 signatumque.
1020 4875 1070 4931 ls
1119 4875 1401 4931 Persarum
1447 4890 1564 4930 mos
1603 4874 1720 4947 fuit,
1752 4882 1814 4929 ut

217 4945 382 5003 nemo
411 4945 760 5016 cunsiliorum
803 4947 1050 5002 conscius
1091 4955 1255 5011 esset,
1290 4955 1484 5016 pnetcr
1521 4945 1812 5016 optimates

220 5019 522 5089 taciturnos
550 5025 605 5071 et
641 5015 798 5084 lidos,
827 5016 965 5071 sicut
994 5025 1048 5089 et
1076 5014 1534 5089 apud_Romanos.
1569 5014 1818 5089 Notabile

219 5089 353 5144 illud
377 5085 710 5156 deEnmene
738 5100 886 5154 rege,
920 5087 1011 5156 qui
1041 5085 1163 5142 cuin
1204 5087 1434 5142 Romam
1459 5087 1717 5148 venisset,
1763 5093 1820 5138 et

220 5173 406 5228 regem
446 5155 644 5213 Persen
669 5159 722 5212 in
751 5155 951 5212 senatui
977 5166 1305 5224 accusasset,
1339 5174 1403 5212 ac
1428 5159 1496 5212 de
1524 5165 1640 5228 toto
1673 5156 1819 5210 bello

222 5226 346 5284 cuiu
378 5229 617 5298 patribus
654 5228 1028 5291 deliberasset,
1074 5229 1128 5282 in
1159 5230 1443 5297 praesentia
1493 5226 1646 5292 nihil,
1676 5243 1818 5298 prte-

225 5296 472 5368 terqu‘am
494 5297 656 5354 fuisse
684 5299 738 5352 in
760 5299 908 5368 curia
932 5313 1113 5368 regem
1135 5296 1275 5352 seire
1294 5299 1576 5368 quisquam
1605 5296 1780 5366 potuit
1805 5313 1817 5349 :

223 5367 368 5425 bello
396 5368 626 5438 denique
653 5367 914 5440 perfecto,
947 5367 1174 5440 quaeque
1199 5368 1400 5440 dictaa
1423 5367 1566 5434 rege,
1593 5380 1822 5440 quaeque

225 5454 488 5564 iI-ejsponﬁa
516 5436 697 5495 essent
721 5436 1062 5495 emanavere.
1089 5436 1230 5493 Mira
1252 5447 1310 5494 et
1334 5438 1586 5494 diuturna
1616 5436 1817 5492 silentii

249 5527 262 5564 I
306 5527 382 5564 es.
460 5525 604 5564 aoss.

229 5513 382 5566 fides.
416 5513 604 5566 Bnoss.

299 5581 328 5620 ι)
349 5581 658 5636 Sirmiensis
685 5578 962 5636 Pannonia
993 5579 1264 5636 quondam
1303 5579 1458 5636 sedes
1491 5576 1816 5634 Gothorum.

225 5655 425 5721 Supra.
456 5650 552 5706 lib.
585 5665 668 5721 tu,
695 5651 856 5720 epist.
886 5651 976 5705 25.
1009 5650 1130 5706 Jun.
1384 5719 1392 5721 _
1559 5720 1564 5721 γ
1685 5653 1690 5658 .

305 5719 327 5764 ἑ
358 5721 626 5777 Arelatem
647 5719 912 5776 Gallulam
938 5721 1165 5777 Romam
1186 5730 1348 5777 vocat
1367 5719 1654 5787 Ausonius,
1678 5720 1823 5790 quod

229 5808 375 5856 esset
419 5799 475 5848 et
527 5791 940 5848 celeberrimum
987 5802 1041 5848 et
1087 5793 1596 5864 opportunissimum
1633 5809 1823 5863 cmpo-

1923 4591 2206 4665 tyrannus,
2239 4598 2329 4664 qui
2358 4605 2604 4665 tempore
2635 4594 2855 4665 Honorii
2885 4591 3125 4665 iunioris
3151 4591 3444 4665 imperator
3473 4592 3524 4665 in

1915 4661 2207 4721 Britanniis
2235 4661 2540 4721 declaratus
2563 4664 2680 4726 fuit,
2711 4664 2928 4718 Arelate
2956 4661 3075 4716 ﬁxit
3101 4661 3286 4716 sedem
3313 4663 3526 4730 imperii

1875 4791 1879 4794 .
1915 4737 2018 4803 sui,
2065 4737 2361 4806 statuitque
2391 4735 3034 4806 Constantinam-urbem
3064 4733 3275 4787 vocari.
3331 4731 3526 4806 Exstat

1916 4802 2096 4862 autem
2129 4802 2372 4876 ejusdem
2414 4806 2761 4876 imperatoris
2805 4802 3126 4876 de‘Arelate
3173 4803 3521 4876 constitutio,

1916 4893 2078 4948 quam
2109 4873 2260 4932 notat
2286 4873 2506 4948 Joscph}
2539 4874 2800 4948 Scaliger,
2851 4873 2934 4926 vir
2982 4873 3148 4948 totius
3193 4873 3527 4948 antiquitatis

1955 4949 2297 5014 eritissimus,
2327 4948 2379 5002 in
2418 4942 2533 5002 suis
2561 4945 2995 4998 Ausoniauarum
3024 4942 3315 4998 lectionum
3347 4943 3520 4998 libris.

1967 5035 2112 5074 R055.

1996 5089 2022 5126 ά
2048 5090 2219 5144 Vocat
2256 5098 2445 5144 auctor
2481 5088 2700 5142 vulnera
2732 5083 2980 5154 corporis
3027 5082 3357 5154 prtuconium
3388 5083 3528 5154 sine

1924 5170 2220 5233 assertore,
2249 5159 2702 5233 quemadmodum
2727 5153 2857 5211 solis
2887 5153 3079 5233 litteris
3109 5168 3299 5233 vocem
3327 5153 3526 5233 tribui-

1925 5246 2064 5295 mus,
2091 5239 2146 5284 ct
2171 5222 2627 5302 dicimusﬂsidera
2654 5227 2907 5288 clamare,
2929 5232 2995 5302 _et
3035 5237 3179 5302 aves
3193 5222 3340 5302 loqui
3368 5222 3476 5302 fata
3513 5242 3525 5276 :

1927 5292 2121 5370 quibus
2145 5301 2379 5367 adjicere
2410 5301 2544 5354 libet
2582 5299 2882 5370 elegantem
2914 5292 3524 5370 Ammianiblarcellint

1927 5362 2107 5425 locum
2137 5362 2438 5425 de'Juliano
2468 5362 2796 5439 imperatore
2822 5363 3092 5439 loquentis
3117 5381 3128 5415 :
3154 5362 3217 5439 Si
3258 5371 3526 5420 nocturna

1929 5441 2152 5507 lumina,
2187 5441 2380 5509 inquit,
2404 5434 2683 5507 inter'quze
2710 5434 3045 5509 lucubrabat,
3069 5434 3372 5509 potuissent
3391 5449 3531 5489 voce

1929 5513 2038 5567 ulla
2070 5505 2276 5573 testari;
2308 5510 2554 5580 profecto
2580 5505 2931 5580 ostenderent
2960 5506 3102 5560 inter
3123 5505 3264 5559 hunc
3288 5512 3343 5558 et
3367 5519 3532 5580 quoso

1931 5582 2054 5638 dam
2081 5575 2354 5652 principes
2381 5580 2610 5652 multum
2641 5579 2924 5652 interesse,
2956 5582 3346 5652 que_m_norant
3369 5575 3528 5629 volu-

1931 5644 2170 5781 ptatigus
2192 5644 2277 5707 ne'
2291 5651 2360 5708 ad
2388 5649 2770 5709 necessitatem
2793 5644 3012 5719 quidem
3054 5644 3345 5702 indulsisse
3367 5655 3528 5702 natu-

1933 5739 2027 5780 rte.
2107 5739 2251 5781 aoss.

1933 5739 2027 5780 rte.
2063 5739 2251 5781 UROSS.
