3974 6418
491 345 594 403 745

1693 349 1740 402 Μ
1752 389 1766 402 .
1808 347 2081 404 AURELII
2119 347 2512 406 CASSIODOBI

3675 347 3791 404 744

487 473 519 512 a
544 467 696 528 parte
725 473 828 530 qua
858 473 966 514 non
991 457 1220 514 credidit
1247 457 1435 514 vulnus
1461 457 1689 528 exeipit;
1720 473 1839 528 qua:
1867 459 1919 513 in
1952 468 2072 512 tan-
2099 462 2148 520 Α
2177 459 2353 514 tendis
2400 473 2616 529 quoque
2661 459 2958 514 honoribus
3003 459 3149 529 apud
3196 461 3453 530 gloriosa:
3497 461 3794 517 memoria:

490 555 604 600 tum
629 548 679 602 ei
708 556 832 602 sunt
856 547 1110 618 gloriosa,
1138 555 1394 618 quantum
1419 557 1545 603 tunc
1570 548 1805 604 habuere
1825 549 2068 619 periculi.

491 634 653 691 Juvat
680 637 842 706 igitur
866 636 1142 692 fortissimi
1170 638 1270 693 viri
1298 654 1519 694 narrare
1544 638 1784 708 quietum
1807 637 2073 693 felicitatis

489 727 814 796 exemplum,
845 728 969 796 quia
997 745 1104 784 non
1134 737 1216 785 est
1241 729 1294 783 in
1322 729 1462 784 duce
1501 727 1739 799 perfecta
1769 730 1884 786 laus
1922 745 2072 787 asse-

489 829 612 870 rere
639 831 855 887 semper
875 819 1063 873 anxios
1087 819 1320 874 labores.
1344 817 1571 874 Mittitur
1592 819 1770 887 igitur,
1791 819 1998 875 Franco
2017 829 2074 874 et

491 905 799 976 Burgundio
855 911 1010 980 129
1051 911 1482 976 decertantibus,
1527 925 1713 966 rursus
1767 911 1833 966 ad
1875 909 2074 967 Gallias

489 997 754 1054 tuendas:
783 1015 851 1054 ne
878 999 1005 1068 quid
1043 999 1264 1055 adversa
1306 1016 1498 1056 manus
1527 1001 1652 1074 Ws.
1692 1003 1780 1066 A.,
1817 1001 2072 1058 adversa-

491 1085 622 1157 rius]
673 1098 1038 1157 praesumeret,
1085 1091 1230 1160 quod
1276 1100 1460 1148 noster
1505 1093 1775 1148 exercitus
1819 1092 2073 1162 impensis

491 1175 765 1232 laboribus
794 1179 1134 1235 vindicasset.
1167 1181 1462 1250 Acquisivit
1489 1183 1796 1252 reipublicae
1816 1182 2074 1240 Romanae

489 1270 608 1326 aliis
635 1273 1080 1330 contendentibus
1118 1275 1320 1344 absque
1353 1277 1460 1331 ulla
1500 1275 1812 1346 fatigatione
1854 1277 2073 1347 provin-

487 1362 645 1428 ciam,
687 1371 742 1418 et
779 1363 975 1420 factum
1021 1375 1105 1422 est
1141 1368 1379 1437 quietum
1416 1369 1759 1425 commodum
1807 1377 2070 1436 nostrum,

489 1451 577 1504 ubi
627 1469 733 1506 non
792 1455 1076 1511 habuimus
1123 1457 1314 1514 bellica
1363 1461 1709 1516 contentione
1752 1461 2070 1530 periculum.

488 1537 810 1612 Triumphus
839 1545 954 1600 sine
977 1560 1176 1615 pugna,
1207 1547 1323 1602 sine
1349 1548 1536 1604 labore
1564 1550 1761 1618 palma,
1783 1549 1900 1605 sine
1926 1550 2074 1606 cmde

487 1630 730 1686 victoria.
757 1633 986 1688 Tantum
1016 1649 1144 1704 ergo
1173 1637 1289 1706 ejus
1315 1638 1497 1706 gloriae
1514 1639 1790 1705 debemus,
1813 1648 2072 1710 quantum

2178 547 2572 604 Theodericum
2601 549 2898 619 principem
2927 564 3115 618 regum
3140 565 3261 605 mea
3291 550 3448 606 vobis
3475 563 3627 620 saepe
3656 559 3795 604 vota

2175 636 2428 704 conjunxi
2448 655 2462 703 ;
2486 647 2544 691 ut
2566 639 2795 708 quadam
2825 641 3165 709 praescientia
3195 641 3323 696 talia
3351 640 3548 696 videar
3573 642 3798 710 praemi-

2174 727 2332 793 sisse,
2360 727 2427 782 ad
2456 744 2594 797 quos
2621 744 2709 784 me
2739 745 2862 784 cum
2883 730 3055 798 gloria
3091 731 3322 786 decebat
3341 731 3576 786 intrare.
3603 731 3799 786 Confi-

2173 819 2386 874 dentius
2407 819 2536 874 illud
2565 820 2856 890 expetitur,
2889 821 2978 875 ubi
3013 830 3135 891 post
3158 823 3360 878 collata
3401 823 3678 878 beneﬁcia
3708 821 3800 874 fr-

2173 911 2424 966 stinatur.
2455 909 2608 981 Smpe
2635 911 2903 978 consules,
2933 927 3076 982 saepe
3104 913 3381 982 patricios,
3407 929 3558 983 saepe
3581 911 3794 983 pracfe-

2174 1014 2295 1058 etos
2339 1003 2520 1058 habita
2570 1005 2960 1060 intercessione
2985 1005 3232 1074 promovi
3259 1024 3272 1059 :
3297 1006 3454 1061 vobis
3482 1007 3796 1076 impetrare

2175 1094 2508 1149 contendens
2535 1095 2680 1163 quod
2710 1093 2839 1150 mihi
2865 1095 3033 1151 ardue
3059 1096 3357 1166 potuissem
3383 1106 3604 1166 optare.
3629 1097 3794 1152 Con-

2174 1185 2405 1252 gaudete
2435 1202 2598 1251 nunc,
2629 1194 2816 1256 patres
2840 1189 3155 1257 conscripti,
3204 1191 3342 1244 meis
3370 1189 3654 1258 anSpiciis,
3690 1189 3793 1258 qui

2173 1277 2366 1331 vestris
2389 1275 2495 1332 favi
2540 1293 2758 1348 semper
2785 1277 3100 1333 honoribus.
3133 1278 3309 1334 Vultis
3355 1280 3499 1334 scire
3539 1294 3652 1348 qua
3688 1293 3794 1332 vos

2175 1363 2458 1421 affectione
2491 1367 2853 1436 complectar?
2880 1367 3121 1424 lnsertus
3147 1368 3318 1438 stirpe
3347 1369 3790 1437 regia,vocabu-

2175 1457 2287 1512 lum
2333 1458 2606 1514 vobiscum
2633 1459 2782 1514 volui
2824 1459 3029 1516 habere
3070 1475 3384 1516 commune.
3420 1460 3630 1526 Vivite,
3667 1461 3790 1516 Dc-o

2173 1549 2430 1619 propitio,
2452 1549 2660 1614 securi;
2689 1558 2767 1617 et,
2797 1550 2945 1618 quod
2975 1559 3058 1606 est
3085 1549 3458 1607 felicissimum
3487 1554 3790 1608 suavitatis

2175 1640 2292 1714 [Gr.
2323 1650 2373 1696 et
2392 1641 2534 1714 Cuj.,
2564 1641 2857 1716 fclicitatis]
2885 1656 3074 1712 genus,
3119 1645 3394 1700 exsultate
3419 1660 3549 1700 cum
3591 1645 3790 1700 liberis

488 1720 734 1776 utilitatis
762 1725 1098 1792 accepimus;
1126 1741 1286 1795 quem
1315 1735 1372 1781 et
1401 1727 1492 1782 ille
1520 1730 1722 1784 arbiter
1753 1745 1932 1783 rerum
1960 1729 2070 1784 lar-
2172 1733 2387 1789 vestris.
2435 1731 2678 1800 Studete,
2725 1735 2866 1790 sicut
2901 1750 3135 1806 semper,
3180 1735 3469 1806 prtedieari
3528 1737 3790 1792 moribus

495 1810 699 1880 gitione
740 1813 1045 1868 reddituum
1081 1815 1344 1884 judicavit
1379 1832 1498 1872 esse
1537 1821 1984 1888 prosequendum,
2013 1827 2072 1874 ut
2102 1828 2147 1886 Β
2174 1821 2452 1898 Romanis,
2471 1825 2812 1880 etbonorum
2833 1834 3049 1881 actuum
3073 1825 3303 1880 formam
3323 1827 3426 1882 sub
3453 1828 3570 1882 alta
3589 1829 3790 1898 quiete

491 1901 563 1955 ibi
594 1901 746 1956 fieret
773 1895 1023 1960 dominus
1053 1907 1471 1975 possessionum,
1498 1909 1589 1964 ubi
1613 1909 1822 1964 utilitati
1847 1909 2070 1980 publicae
2170 1895 2488 1984 perquirite.
2514 1917 2742 1976 Interest
2770 1929 2967 1974 nostra:
2993 1919 3176 1988 gloria:
3212 1927 3272 1975 nt
3307 1934 3550 1989 quorum
3577 1937 3789 1980 nume-

489 1993 793 2061 procuravit
833 2004 1198 2062 augmentum.
1249 1996 1585 2066 Aquilienses
1615 2013 1830 2068 quoque
1874 2007 2074 2069 tempe-

485 2091 653 2138 states
681 2083 822 2139 inter
849 2085 964 2154 ejus
992 2101 1248 2156 prospera
1270 2086 1392 2154 jure
1419 2096 1801 2153 memorantur,
1823 2089 1947 2158 quia
1961 2088 2073 2145 dis-

485 2172 707 2226 crimina
754 2173 880 2227 dum
907 2173 1136 2230 feliciter
1172 2176 1398 2246 cedunt,
1430 2178 1756 2233 suavissima:
1795 2179 2070 2234 memoriae

484 2279 696 2315 sensum
724 2263 1053 2333 relinquunt.
1081 2264 1211 2321 Cum
1241 2266 1414 2321 ventis
1441 2268 1782 2323 saevientibus
1801 2268 2068 2324 furentem

483 2352 729 2421 pelagum
773 2369 963 2424 spuma
1014 2363 1302 2411 testaretur
1343 2359 1634 2425 undarum,
1677 2360 1769 2414 diu
1805 2361 2068 2430 jactatum

481 2443 750 2511 navigium
799 2452 1008 2499 tumens
1060 2444 1264 2504 fluctus.
1305 2448 1602 2516 absorbuit,
1653 2451 1855 2506 nullum
1911 2453 2070 2508 relin-

479 2547 652 2600 quens
679 2533 804 2588 forti
843 2535 958 2591 viro
999 2537 1270 2604 solatium,
1301 2539 1404 2594 nisi
1441 2547 1650 2595 tantum
1678 2543 1897 2612 remigia
1941 2543 2069 2599 bra-

480 2621 742 2678 chiorum.
784 2623 937 2680 Tune
985 2627 1088 2682 iste
1129 2629 1306 2683 nautis
1351 2631 1700 2700 pereuntibus
1735 2649 1858 2688 cum
1898 2635 2065 2690 charo

483 2711 703 2780 pignore
731 2714 878 2769 solus
905 2717 1095 2770 evasit.
1125 2716 1203 2772 Ibi
1232 2733 1385 2772 amor
1413 2720 1639 2789 piissimi
1667 2723 1830 2791 regis,
1861 2724 1934 2779 ibi
1959 2740 2066 2782 me-

415 2806 423 2815 ·
483 2804 642 2856 ritum
686 2807 968 2874 probatum
1019 2818 1103 2864 est
1145 2811 1518 2880 periclitantis,
1558 2814 1776 2882 quando
1812 2825 2066 2886 regnator

479 2897 570 2950 ilic
608 2898 696 2950 vix
740 2899 904 2954 iittori
935 2903 1274 2967 constitutas,
1307 2913 1368 2958 ut
1395 2919 1517 2958 cum
1555 2907 1719 2961 exitio
1749 2908 2065 2976 prmvaleret

479 2985 706 3054 eripere,
731 2987 900 3044 undas
928 2989 1120 3044 iterum
1151 2993 1492 3048 desiderabat
1517 2994 1736 3051 intrare.
1769 2995 1919 3052 Tunc
1945 2999 2062 3068 ejus

479 3075 714 3144 pericula
745 3075 1070 3148 formidavit,
1105 3081 1200 3150 qui
1228 3082 1387 3136 saluti
1416 3085 1647 3154 propria:
1675 3085 1866 3141 timere
1893 3088 2062 3144 nesci-

478 3165 576 3220 vit.
619 3165 808 3223 Nonne
845 3171 1018 3236 vobis,
1058 3181 1242 3241 patres
1273 3175 1590 3246 conscripti,
1617 3179 1822 3246 asperis
1849 3179 2059 3235 casibus

477 3257 733 3314 divinitus
778 3259 989 3315 videtur
1029 3273 1331 3335 exemptus,
1368 3267 1453 3320 cui
1494 3281 1730 3335 praesens
1769 3271 2060 3339 parabatur

476 3349 740 3404 eventus?
764 3347 920 3408 Hune
955 3351 1136 3424 itaque
1160 3355 1332 3410 virum
1361 3357 1517 3413 bellis
1542 3360 1915 3429 exercitatum,
1940 3361 2059 3418 feli-

475 3437 638 3493 citate
680 3439 907 3504 clarum,
955 3443 1240 3512 prudentia
1288 3449 1714 3518 comprobatum,
1759 3453 1905 3522 quod
1945 3453 2058 3512 Deo

393 3520 398 3525 ’
475 3531 695 3600 auspice
738 3531 942 3588 dictum
981 3535 1070 3601 sit,
1111 3535 1182 3591 ad
1224 3540 1533 3608 patriciatus
1558 3520 1887 3613 praesentalis
1915 3546 2054 3619 [Ac.,

473 3621 815 3695 prmsentale]
845 3623 1058 3681 culmen
1096 3629 1388 3687 eveximus.
1417 3631 1616 3689 Favete
1643 3649 1785 3695 nunc
1809 3636 2060 3706 auspiciis

475 3710 766 3778 candidati,
816 3719 873 3768 et
909 3715 1036 3770 viris
1071 3718 1270 3773 nostris
1309 3719 1570 3779 libertatis
1614 3723 1752 3779 atria
1795 3735 2053 3782 reserate.

473 3800 739 3858 Convenit
777 3814 988 3874 gentem
1044 3809 1357 3867 Mmoleam
1405 3811 1628 3872 Martios
1674 3816 1818 3874 viros
1853 3818 2056 3876 habere

479 3892 730 3962 collegas.

2086 3209 2132 3272 C

1030 4049 1360 4108 EPISTOLA
1396 4054 1486 4108 XI.

473 4171 696 4211 SENATUI
723 4173 868 4215 URBIS
911 4175 1070 4216 HO”
1098 4179 1278 4218 τυιυιι
1319 4181 1408 4218 VIR
1444 4181 1716 4224 ILLUSTBIS
1758 4187 2049 4226 ΡΑτιιιθιυε.

362 4343 376 4349 _
473 4264 728 4321 Hortatur
760 4281 1026 4354 senatores
1057 4283 1114 4326 ut
1155 4278 1263 4354 regi
1307 4279 1502 4346 gratias
1537 4283 1787 4350 referant,
1819 4285 1956 4354 quod
1988 4287 2054 4341 ab

626 4354 687 4392 eo
707 4341 776 4393 ad
811 4343 1117 4412 patriciatus
1147 4341 1390 4399 ltohor'em
1411 4341 1676 4416 promotus
1707 4341 1882 4424 fuerit.

543 4445 788 4515 Confido,
827 4457 1010 4518 patres
1051 4453 1358 4524 conscripti,
1388 4458 1534 4526 quod
1572 4463 1806 4529 agendas
1847 4467 2052 4536 optimo

471 4538 584 4608 regi
613 4541 812 4607 gratias
839 4542 1080 4596 omnium
1115 4554 1356 4602 vestrum
1391 4550 1565 4605 studia
1593 4554 1828 4610 debeant
1868 4561 2053 4614 conci-
2078 4583 2128 4643 υ

473 4629 594 4694 tari,
630 4632 846 4698 quando
875 4642 1186 4700 provectum
1229 4653 1409 4693 meum
1437 4642 1800 4712 excogitatum
1829 4651 2050 4706 nescitis

472 4732 571 4785 pro
600 4719 830 4774 utilitate
866 4731 1198 4785 cunctorum.
1241 4727 1416 4799 Atque
1461 4731 1581 4786 ideo
1611 4737 1860 4792 alacriter
1903 4741 2050 4796 exci-

471 4804 724 4876 piendum
751 4819 830 4862 est
859 4813 1000 4880 quod
1042 4818 1340 4874 necessarie
1370 4818 1558 4876 fuisset
1581 4827 1898 4894 optandum.
1923 4827 2050 4885 0m-

470 4895 643 4988 nibusi
665 4899 862 4968 quippe
899 4902 1030 4956 utile
1057 4914 1138 4959 est
1161 4904 1362 4972 judicia
1389 4913 1690 4984 principum
1727 4921 1908 4988 sequi;
1953 4925 2050 4980 sed

474 4987 589 5056 ipse
617 4987 747 5044 facit
773 4993 1008 5061 propria,
1038 4997 1130 5064 qui
1160 5009 1439 5065 gratanter
1465 5007 1688 5076 suscipit
1714 5010 1910 5068 aliena.
1942 5013 2050 5071 Re-

475 5078 652 5132 tinetis
680 5094 762 5132 mc
791 5089 1008 5136 senatus
1034 5099 1245 5156 semper
1283 5087 1479 5146 fovisse
1509 5105 1740 5163 curtum;
1781 5102 1878 5156 sed
1905 5118 2048 5161 nunc

472 5167 721 5234 maxime,
750 5186 872 5225 eum
902 5183 1136 5229 vestrum
1165 5178 1354 5234 videor
1382 5182 1583 5241 intrare
1612 5189 1917 5259 collegium.
1951 5197 2050 5250 As-

470 5257 702 5325 sumptio
741 5259 1016 5327 dignitatis
1063 5265 1264 5322 ordinis
1305 5273 1467 5326 vestri
1511 5273 1648 5347 [Ac.,
1690 5257 1848 5352 bene]
1894 5286 2049 5340 nobis

470 5348 616 5414 grat'.
643 5365 692 5403 In
713 5351 1026 5424 duplicavit,
1058 5361 1272 5426 quando
1301 5379 1389 5420 me
1417 5366 1558 5423 inter
1579 5385 1675 5426 eos
1704 5389 1822 5430 esse
1851 5380 2044 5442 sentio,

442 5431 501 5527 'a
523 5453 714 5527 qun-ius
741 5458 825 5498 me
869 5449 1037 5502 amari
1063 5466 1222 5518 posse
1267 5455 1498 5513 confido.
1531 5460 1760 5520 Accedit
1787 5469 1952 5524 etiam
1979 5471 2046 5527 il-

469 5523 558 5579 lud
588 5530 750 5626 animi
780 5535 942 5588 vestri
978 5539 1337 5606 gratissimum
1366 5548 1574 5617 pignus,
1617 5557 1760 5622 quod
1796 5523 2050 5626 patrici—o-

471 5629 590 5668 rum
632 5623 820 5702 genius
849 5639 946 5694 per
971 5644 1072 5684 nos
1101 5642 1310 5689 constat
1351 5648 1565 5696 erectus
1591 5644 1728 5715 [Ac.,
1765 5623 2046 5715 genus“...

472 5711 751 5812 erectum],
782 5717 999 5781 quando
1045 5736 1204 5775 nemo
1241 5728 1514 5791 gentilium
1560 5711 1611 5786 in
1651 5739 1803 5792 vobis
1843 5745 2053 5812 putavit

475 5791 760 5870 ahjcetum,
799 5806 941 5872 quod
969 5808 1024 5864 in
1062 5826 1150 5866 me
1176 5817 1396 5886 respicit
1420 5819 1760 5881 honoratum.
1791 5791 2047 5902 Inrexpe-

2171 2020 2289 2060 rum
2317 2008 2582 2075 auximus,
2605 2024 2724 2074 eos,
2754 2010 2986 2080 propitia
3008 2010 3320 2077 Divinitate,
3347 2018 3627 2068 tueamur.

2728 2139 3061 2198 EPISTULA
3097 2143 3212 2200 XII.

2241 2244 2472 2286 ΑιιΑτοιιι
2519 2231 2646 2304 [Με.
2679 2235 2768 2297 Α..
2802 2236 3057 2308 cauom]
3085 2249 3212 2293 vnto
3239 2252 3496 2294 ILLUSTRI
3524 2255 3710 2296 ΑτιιΑο

2773 2339 2993 2380 LARICUS
3022 2342 3151 2381 REX.

2169 2405 2463 2492 Plurimum
2505 2425 2964 2492 eumpatremque
2994 2415 3179 2472 laudat
3223 2419 3288 2474 ob
3317 2420 3699 2492 eloquentiam,
3736 2435 3791 2480 et

2298 2480 2445 2534 illum
2475 2480 2727 2538 comitium
2747 2480 3144 2542 domesticorum
3169 2493 3368 2546 honore
3396 2480 3642 2548 decorat.

2241 2568 2634 2627 Pertectionem
2657 2578 2960 2630 necessaria
2969 2594 3083 2633 rum
3095 2595 3276 2636 rerum
3295 2598 3420 2638 com
3427 2585 3636 2654 pletam
3651 2601 3787 2644 esse

2162 2658 2484 2727 judicamus,
2515 2663 2561 2716 si
2589 2665 3040 2732 quemadmodum
3070 2669 3320 2740 eligendo
3343 2675 3527 2730 virum
3557 2680 3786 2746 magni-

2167 2749 2326 2804 ficum
2375 2751 2660 2822 patricium
2709 2767 2929 2813 armatae
2975 2761 3287 2830 reipublicae
3333 2768 3479 2834 parti
3528 2769 3786 2838 providi-

2165 2853 2307 2904 mus,
2347 2839 2421 2894 ita
2469 2849 2526 2896 et
2569 2841 2638 2898 de
2682 2846 2942 2903 sociande
2979 2850 3030 2904 ei
3081 2851 3383 2910 litterarum
3432 2860 3782 2928 peritissimo

2166 2930 2527 2987 consulamus.
2556 2933 2723 2990 Decet
2749 2939 2894 2994 enim
2931 2947 3256 3000 tractatores
3281 2947 3491 3006 habere
3519 2951 3785 3010 doctissi-

2163 3034 2300 3086 mos,
2331 3022 2525 3091 quibus
2547 3034 2790 3094 potestas
2825 3044 3035 3087 summa
3062 3037 3462 3106 committitur;
3507 3053 3591 3108 ut,
3623 3045 3779 3101 nullo

2165 3107 2382 3165 defectu
2429 3111 2759 3182 impediente
2805 3120 3144 3188 meritorum,
3191 3127 3410 3194 provisa
3450 3107 3779 3201 reipublicae

2165 3201 2366 3260 utilitas
2393 3205 2710 3276 explicetur.
2745 3211 2848 3266 Alii
2869 3221 2996 3268 sunt
3017 3215 3255 3274 honores
3281 3220 3379 3289 qui
3401 3237 3464 3278 se
3484 3225 3774 3283 ordinaria

2161 3296 2472 3366 provisione
2499 3313 2833 3373 componunt
2861 3324 2874 3359 :
2905 3307 2980 3364 de
2992 3311 3234 3376 generali
3253 3321 3438 3371 autem
3467 3321 3782 3378 securitate

2159 3388 2395 3445 sollicito
2443 3391 2565 3448 talis
2605 3396 2955 3455 associandus
2995 3401 3114 3466 fuit,
3171 3403 3266 3473 qui
3315 3421 3506 3476 parem
3550 3411 3610 3467 in
3663 3415 3778 3471 suis

2159 3478 2348 3534 studiis
2376 3496 2486 3536 non
2529 3483 2770 3541 haberet.
2811 3487 3002 3558 Neque
3028 3493 3172 3548 enim
3218 3495 3398 3553 adhuc
3436 3501 3626 3558 minus
3653 3520 3781 3576 pro-

2159 3569 2319 3626 batus
2354 3574 2510 3644 130
2537 3579 2866 3646 agnosccris,
2913 3581 3043 3670 licet
3087 3585 3377 3656 primaevus
3425 3569 3673 3651 veneris-
3701 3597 3774 3652 ad

2159 3659 2414 3718 honores.
2449 3663 2833 3724 Advocationis
2862 3659 3167 3744 te'campus
3193 3681 3465 3749 exercuit,
3492 3691 3548 3738 te
3571 3685 3774 3752 judieii

2158 3754 2331 3809 nostri
2355 3755 2568 3812 culmen
2603 3758 2785 3828 elegit.
2817 3760 2952 3818 Nam
2995 3766 3069 3819 ita
3109 3766 3252 3824 intra
3282 3776 3336 3824 te
3364 3769 3487 3840 fuit,
3513 3779 3777 3845 quamvis

2157 3846 2331 3917 ampla
2361 3848 2622 3918 professio
2649 3852 2972 3922 litterarum,
2998 3867 3058 3913 ut
3087 3869 3238 3915 tuum
3261 3861 3332 3917 ibi
3353 3878 3776 3927 consenescere

2157 3953 2265 3991 non
2321 3949 2630 4008 pateremur
2681 3943 2975 4013 ingenium.
3041 3950 3366 4020 Auspicatus
3421 3969 3481 4012 es
3529 3960 3776 4018 militem

2159 4025 2298 4100 [Jun
2328 4045 2348 4082 :
2378 4029 2446 4082 Id
2465 4039 2560 4095 est,
2587 4032 2946 4108 advocatum],
2979 4053 3101 4094 cum
3127 4041 3354 4112 implere
3382 4051 3640 4114 potueris
3669 4068 3771 4108 co-

2155 4118 2422 4186 gnitorem
2471 4120 2611 4193 ματ.
2640 4137 2658 4174 :
2689 4123 2756 4178 Id
2792 4139 2890 4194 est,
2929 4127 3225 4201 judicemj;
3269 4142 3326 4188 et
3353 4139 3613 4205 quamvis
3664 4151 3775 4196 tra-

2157 4211 2313 4266 heret
2343 4213 2412 4267 de
2439 4213 2745 4283 eloquentia
2775 4231 2876 4287 pro
2903 4219 3223 4279 defensione
3255 4224 3461 4293 dicere,
3493 4233 3775 4290 suadebat

2155 4309 2336 4356 tamen
2381 4303 2606 4371 aequitas
2651 4305 2942 4374 judicanda
2989 4307 3256 4381 proferre.
3314 4313 3625 4376 Probatum
3685 4333 3775 4380 est

2155 4393 2280 4461 quid
2309 4392 2555 4448 utilitatis
2585 4395 2782 4451 habeat
2801 4400 3042 4455 moribus
3071 4411 3282 4458 armata
3311 4403 3592 4466 facundia.
3627 4413 3772 4470 Nam

2153 4483 2294 4539 sicut
2321 4485 2682 4554 perniciosum
2712 4498 2797 4542 est
2825 4489 3016 4547 doctos
3045 4507 3210 4562 prava
3237 4498 3486 4566 suadere,
3512 4504 3599 4560 sic
3625 4509 3776 4562 salu-

2155 4581 2270 4628 tare
2309 4589 2523 4640 munus,
2567 4591 2689 4632 cum
2719 4580 2963 4637 veritatis
2989 4587 3249 4642 terminos
3289 4589 3620 4650 disertitudo
3667 4613 3772 4655 ne-

2155 4663 2255 4718 scit
2274 4664 2556 4720 excedere.
2585 4666 2690 4722 Sed
2715 4678 2772 4723 ut
2794 4673 2986 4728 merita
3013 4685 3103 4729 tua
3132 4681 3396 4749 exemplis
3427 4686 3618 4753 potius
3641 4688 3772 4747 Iau-

2155 4751 2422 4807 dabilibns
2450 4771 2774 4823 asseramus,
2799 4759 2962 4827 juvat,
2982 4774 3234 4833 repetere
3255 4751 3583 4840 pomposam
3615 4778 3775 4849 lega-

2155 4842 2376 4908 tionem,
2407 4859 2568 4913 quam
2592 4863 2700 4903 non
2740 4855 3118 4911 communibus
3139 4860 3342 4928 verbis,
3385 4866 3488 4920 sed
3525 4842 3770 4928 torrenti

2155 4933 2479 5003 eloquentia:
2500 4936 2718 4993 llumine
2746 4944 3022 5012 peregisti.
3054 4946 3302 5009 Directus
3339 4957 3489 5014 enim
3519 4961 3592 5018 de
3637 4981 3770 5034 par-

2159 5025 2303 5080 tibus
2341 5025 2724 5084 Dalmatiarum
2767 5033 2834 5087 ad
2875 5035 3135 5094 damnum
3181 5057 3341 5099 avum
3370 5025 3656 5118 nostrum,
3689 5059 3772 5114 sic

2156 5119 2508 5174 necessitates
2539 5123 2972 5196 provincialium,
3002 5129 3080 5186 sic
3109 5133 3368 5192 utilitates
3396 5142 3655 5210 publicas
3683 5149 3768 5202 al-

2156 5208 2398 5276 legabas,
2424 5219 2482 5264 ut
2525 5213 2665 5280 apud
2695 5215 2844 5270 ill-um
2871 5234 3064 5288 magna
3095 5227 3304 5281 cautela
3349 5208 3680 5302 sollicitum,
3713 5249 3770 5295 ct

2155 5299 2407 5366 copiosus
2431 5315 2599 5368 esses,
2631 5314 2686 5358 et
2710 5305 2921 5363 fastidia
2951 5327 3058 5366 non
3099 5331 3370 5374 moveres.
3406 5299 3766 5386 Abundantia

2151 5387 2418 5456 siquidem
2449 5393 2612 5447 verba
2658 5411 2780 5450 eum
2825 5402 3144 5460 suavissimo
3177 5407 3367 5476 lepore
3405 5413 3762 5488 detinebant;

2155 5487 2208 5532 et
2237 5493 2359 5532 cum
2390 5481 2547 5536 tinem
2568 5481 2797 5553 faceres,
2825 5489 2998 5546 adhuc
3023 5495 3203 5551 dicere
3225 5503 3569 5568 quaerebaris
3595 5526 3611 5561 :
3645 5481 3770 5566 mo;

2153 5571 2350 5636 vendo,
2379 5573 2698 5632 delectando
2747 5580 3008 5651 implebas
3051 5590 3222 5657 magis
3253 5594 3368 5656 veri
3404 5602 3651 5654 oratoris
3679 5604 3765 5657 ni-

2155 5672 2292 5724 sum,
2333 5677 2454 5716 cum
2481 5663 2594 5730 jam
2623 5669 2879 5726 causidici
2905 5673 3236 5735 deseruisses
3275 5682 3543 5743 ofﬁcium.
3589 5689 3762 5746 Geni-

2157 5748 2287 5802 toris
2315 5751 2610 5816 quinetiam
2645 5759 2726 5812 tui
2770 5759 3016 5818 facundia
3063 5777 3120 5822 et
3165 5773 3413 5829 moribus
3453 5779 3756 5850 adjuvat-is,

2155 5839 2306 5908 cujus
2356 5853 2408 5897 te
2448 5845 2721 5916 eloquium
2772 5853 3039 5914 instruere
3093 5865 3291 5932 potuit,
3333 5839 3556 5928 etiamsi
3603 5839 3758 5932 mm;
