3974 6398
247 327 354 382 ’ῖιὸ

1517 320 1878 377 VARIARUM
1920 318 2122 375 LIBER
2163 317 2292 373 Vill.

3416 305 3522 362 ’ἱιῦ

244 449 492 496 veterum
521 455 630 496 non
656 455 923 496 vacasses.
957 437 1080 493 Erat
1103 437 1266 499 enim,
1298 445 1357 490 ut
1380 436 1600 500 scimus,
1624 433 1836 502 egregie
1868 438 1916 496 Α
1943 431 2083 485 inter
2110 431 2383 501 gymnasia
2418 427 2714 482 litterarum
2740 430 2973 485 adscitus
3003 430 3070 484 ab
3103 429 3194 497 illo
3223 423 3532 501 inspectore

245 529 444 586 litteris
469 531 728 586 eruditus.
777 528 845 583 Et
883 537 943 584 ιιι
988 527 1188 598 aliquid
1235 526 1474 582 studiose
1511 525 1840 594 exquisitum

247 622 434 677 dicere
477 621 776 684 videamur,
809 623 907 676 has
931 621 1186 691 primum,
1232 626 1292 673 ut
1319 616 1654 687 frequentior
1682 614 1844 669 tradit

249 713 455 783 opinio,
486 711 786 770 Mercurius
822 719 1074 781 repertor
1116 709 1268 783 [Ed.,
1315 706 1618 780 reparator]
1649 705 1844 761 artium

251 805 547 862 multarum
601 805 788 860 volatu
839 803 1272 877 Strymoniarum
1333 803 1510 856 avium
1565 798 1846 866 collegisse

253 903 604 951 memoratur.
636 892 770 948 Nam
813 901 870 950 et
895 893 1056 948 hodie
1081 905 1262 961 grues,
1302 906 1426 946 cum
1454 890 1624 944 classe
1651 901 1849 944 conso-

253 983 423 1051 ciant,
438 983 708 1054 alphabeti
730 980 951 1047 formas,
971 989 1164 1037 natura
1186 980 1478 1044 imbuente,
1503 976 1842 1046 describunt:

253 1090 416 1145 quem
455 1075 512 1130 in
540 1075 786 1131 ordinem
823 1073 1079 1130 decorum
1116 1071 1381 1142 redigens,
1413 1069 1690 1126 vocalibus
1714 1083 1847 1124 con-

254 1165 687 1236 sonantibusque
728 1171 1090 1234 congruenter
1131 1162 1400 1228 admixtis,
1441 1160 1585 1214 viam
1631 1173 1850 1214 sensua-

256 1255 362 1312 lem
382 1255 607 1327 reperit,
638 1269 739 1326 per
755 1269 917 1325 quam
940 1254 1047 1310 alta
1075 1263 1285 1326 petens,
1315 1252 1380 1307 ad
1403 1245 1700 1323 penetralia
1726 1264 1851 1320 pru-

256 1344 456 1402 dentiae.
480 1360 635 1401 mens
662 1345 834 1417 possit
859 1344 1199 1402 velocissima
1222 1342 1528 1414 pervenire.
1559 1339 1698 1395 Hinc
1723 1339 1852 1395 Hel-

257 1434 434 1505 lenus,
479 1442 673 1492 auctor
707 1436 1040 1500 Graecorum,
1092 1434 1249 1506 plura
1286 1432 1422 1488 dixit
1463 1430 1660 1487 eximie
1695 1427 1849 1503 [Ed.,

257 1523 472 1580 Hellen.
521 1522 779 1580 Hellenus
807 1524 967 1596 plura
1007 1523 1145 1579 dixit
1171 1519 1413 1592 eximie],
1453 1521 1708 1576 virtutem
1735 1517 1853 1586 ejus

259 1613 824 1684 compositionemque
886 1612 1234 1670 subtilissima
1291 1609 1599 1665 narratione
1645 1605 1852 1663 descri-

257 1707 416 1775 bens,
445 1707 582 1762 utin
625 1707 745 1778 ipso
771 1707 927 1764 initio
954 1708 1128 1779 possit
1153 1706 1372 1778 agnosci
1397 1718 1717 1774 magnarum
1753 1717 1852 1760 eo-

1948 522 2286 583 meritorum,
2312 520 2400 588 qui
2423 519 2636 587 judiciis
2665 520 2775 574 suis
2799 521 2960 574 etiam
2985 522 3158 576 futura
3183 521 3530 592 przedicebat,

1947 611 2274 682 privatarum
2295 609 2636 678 largitionum
2657 609 2888 666 fascibus
2908 611 3165 680 prtefuisti
3193 630 3204 665 :
3231 613 3534 682 suscipiens

1948 700 2309 773 patrocinium
2328 700 2662 767 meritorum,
2690 701 2765 755 ita
2784 703 3010 770 gratiam
3032 701 3358 757 dominantis
3379 703 3535 757 auxi-

1949 793 2041 859 sti,
2071 802 2131 846 ut
2186 792 2280 846 tibi
2317 806 2460 860 saepe
2507 791 2939 848 committeretur
2964 792 3108 862 quod
3147 791 3380 862 dignitas
3423 809 3534 849 non

1949 883 2196 938 haberet.
2221 882 2377 950 Quod
2399 883 2444 936 si
2474 881 2742 938 laudabile
2769 892 2872 948 est,
2904 883 2990 940 vel
3020 885 3379 941 mediocribus
3413 900 3537 942 esse

1949 973 2248 1030 honoribus
2275 989 2480 1044 parem,
2511 983 2716 1044 quanto
2755 976 3093 1044 praestantius
3135 977 3328 1033 vicisse
3364 979 3536 1033 morio

1948 1067 2051 1122 bus
2091 1065 2321 1120 aulicam
2350 1065 2704 1134 dignitatem!
2750 1063 2876 1122 llaec
2902 1081 3025 1122 cum
3055 1074 3114 1122 tu
3143 1067 3242 1123 sub
3271 1076 3424 1124 tanto
3447 1069 3538 1138 jus

1949 1155 2068 1214 dice
2092 1157 2308 1213 laudata
2337 1169 2648 1228 perageres,
2678 1159 2908 1228 gratiam
2932 1173 3151 1229 quoque
3180 1160 3284 1215 loci
3314 1161 3538 1217 alterius

1950 1247 2224 1328 invenisti.
2251 1247 2640 1303 Dictationibus
2659 1248 2802 1304 enim
2830 1249 3078 1318 probaris
3101 1250 3392 1320 adhibitus,
3415 1265 3536 1306 eum

1949 1341 2022 1398 sit
2065 1339 2452 1396 offensionibus
2497 1339 2634 1394 alter
2673 1341 2960 1410 expulsus;
3009 1349 3066 1396 et
3099 1341 3182 1396 ita
3219 1357 3538 1411 suspensum

1951 1431 2216 1486 honorem
2255 1437 2405 1484 tuum
2451 1429 2754 1484 sustinebat
2780 1429 3074 1500 ingenium,
3103 1440 3163 1486 ut
3191 1421 3392 1501 palatio
3429 1448 3539 1487 non

1952 1520 2160 1576 sineres
2187 1519 2377 1575 deesse
2398 1519 2659 1588 judicem,
2689 1519 2842 1588 cujus
2870 1520 2938 1575 ad
2966 1529 3179 1592 tempus
3223 1523 3539 1594 abrogatatn

1953 1608 2305 1678 cognovimus
2336 1607 2672 1677 dignitatem.
2711 1607 2830 1662 Non
2871 1618 2996 1664 sunt
3035 1609 3260 1680 imparia
3292 1620 3538 1680 tempora

1955 1707 2144 1755 nostra
2198 1699 2504 1753 transactis.
2563 1695 2837 1754 Habemus
2899 1713 3162 1767 sequaces
3211 1702 3544 1772 inmotosque

260 1801 352 1872 pia
382 1800 706 1856 litterarum.
736 1799 844 1856 Sed
873 1807 935 1856 ut
959 1799 1027 1855 ad
1055 1799 1394 1871 propositum
1421 1797 1728 1863 redeamus,
1755 1809 1854 1867 pa-
1882 1805 1930 1866 Β
1956 1792 2278 1864 priscorum.
2313 1787 2452 1846 Ecce
2500 1789 2694 1845 iterum
2740 1787 2812 1844 ad
2860 1799 3186 1859 quaesturam
3233 1809 3543 1851 commeans

261 1898 422 1946 terno
444 1889 610 1960 igitur
637 1889 890 1961 exemplo
913 1890 1188 1960 ingenium
1215 1887 1527 1946 extendisse
1554 1885 1858 1942 credendus

265 1995 346 2048 es,
378 1981 471 2052 qui
497 1981 552 2037 in
581 1981 830 2038 Romano
869 1980 988 2038 foro
1017 1981 1382 2052 eloquentiam
1427 1995 1542 2036 non
1581 1977 1855 2034 enutristi.

263 2069 312 2157 ρ
343 2071 564 2128 beatum
607 2072 946 2142 magistrum,
991 2071 1465 2142 felicissimumque
1515 2070 1856 2142 discipulum,

237 2163 360 2235 'qui
398 2161 689 2220 affectuose
718 2163 910 2221 didicit
937 2165 1083 2236 quod
1105 2165 1226 2221 aliis
1249 2165 1532 2222 doctorum
1560 2172 1738 2221 terror
1765 2177 1860 2218 ex-

267 2253 458 2312 torsit!
487 2253 792 2310 Romanum
817 2253 1054 2325 denique
1095 2255 1368 2325 eloquium
1397 2269 1505 2310 non
1530 2255 1644 2311 suis
1681 2253 1862 2323 regio-

266 2346 430 2402 nibus
458 2346 746 2413 invenisti;
785 2353 844 2402 et
890 2346 965 2401 ibi
1017 2353 1074 2402 te
1121 2345 1368 2401 Tulliana
1395 2344 1564 2402 lectio
1601 2344 1861 2400 disertum

265 2436 521 2504 reddidit,
541 2436 634 2492 ubi
653 2435 927 2507 quondam
950 2445 976 2474 ι
1000 2435 1209 2492 Gallica
1232 2437 1414 2507 lingua
1437 2435 1736 2492 resonavit.
1758 2431 1864 2490 Ubi

269 2534 402 2582 sunt
426 2526 520 2596 qui
545 2526 753 2582 litteras
782 2525 1006 2583 Latinas
1045 2525 1252 2594 Bome,
1283 2542 1391 2583 non
1431 2526 1596 2582 etiam
1623 2524 1751 2581 alibi
1776 2539 1865 2579 as-

267 2625 463 2673 serunt
509 2631 630 2673 esse
673 2615 994 2674 discendas?
1055 2615 1319 2674 Evaserat
1363 2615 1597 2674 Cecilius
1653 2615 1865 2689 pondus

271 2706 639 2781 verecundiae,
687 2707 734 2764 si
771 2707 916 2764 hunc
953 2715 1269 2779 provectum
1313 2707 1510 2763 saecula
1547 2706 1728 2778 priora
1765 2717 1864 2774 ge-

275 2799 542 2856 nuissent.
585 2798 774 2856 Soluta
798 2810 883 2857 est
909 2800 1111 2872 quippe
1133 2799 1215 2856 vis
1243 2799 1334 2854 illa
1369 2799 1670 2866 sententiae,
1701 2797 1868 2853 mittit

273 2897 334 2945 et
377 2888 596 2960 Liguria
641 2888 850 2948 Tullios
887 2905 1037 2948 suos.
1066 2889 1348 2959 Cognosce
1373 2888 1503 2960 quid
1549 2904 1618 2944 ex
1659 2887 1868 2944 meritis

275 2981 384 3038 tuis
407 2981 810 3049 estimavimus,
833 2981 1053 3052 quando
1081 2981 1222 3036 illius
1241 2979 1471 3036 consilio
1495 2988 1549 3034 te
1575 2979 1724 3034 vides
1745 2992 1868 3034 esse

225 3105 235 3112 -
273 3071 563 3138 sociatum,
593 3070 686 3141 qui
733 3071 908 3127 nostri
936 3071 1150 3142 imperii
1181 3077 1380 3126 tractat
1423 3082 1700 3124 arcanum.
1730 3065 1870 3122 Hinc

1959 1887 2142 1944 evenit
2176 1884 2293 1960 [Gn
2325 1895 2375 1940 et
2411 1884 2554 1956 συί..
2599 1899 2722 1940 cum
2759 1884 3024 1957 immenso
3065 1885 3268 1958 evenit]
3303 1887 3540 1957 ingenio.

1961 1979 2149 2034 Redde
2175 1993 2319 2033 nunc
2344 1976 2596 2043 Plinium,
2621 1983 2678 2032 et
2703 1991 2856 2032 sume
2884 1975 3193 2047 Trajanum.
3225 1977 3401 2035 Habes
3427 1995 3545 2034 ma-

1960 2086 2065 2142 gna
2091 2087 2210 2143 quae
2236 2071 2405 2137 dicas,
2435 2072 2481 2126 si
2507 2079 2564 2126 et
2593 2080 2647 2126 tu
2690 2071 2850 2128 simili
2889 2073 3138 2128 oratione
3176 2073 3541 2144 resplendeas.

1964 2163 2126 2220 Fama
2168 2171 2469 2235 temporum
2517 2163 2588 2219 de
2636 2165 2873 2234 legitima
2923 2151 3086 2234 atqu—e
3127 2165 3401 2236 eloquenti
3423 2166 3544 2236 jus-

1962 2254 2115 2310 sioue
2145 2261 2456 2323 generatur.
2485 2252 2680 2308 Omnia
2705 2254 2970 2324 siquidem
3015 2255 3157 2311 bona
3181 2255 3426 2312 ‘cutuulat
3451 2256 3549 2310 lin-

1962 2359 2067 2416 gua
2088 2345 2319 2409 diserta;
2350 2351 2406 2399 et
2432 2343 2577 2414 quod
2617 2358 2648 2399 a
2699 2344 2855 2400 nobis
2885 2345 3212 2416 praecipitur,
3261 2347 3434 2415 gratia
3461 2347 3546 2402 di—

1963 2435 2161 2492 ctantis
2212 2443 2456 2492 ornatur.
2514 2433 2644 2490 Esto
2698 2435 2853 2492 nobis
2912 2437 2982 2492 ad
3025 2437 3166 2494 bona
3214 2439 3545 2508 suggeremh

1963 2527 2416 2599 promptissimus,
2447 2536 2503 2584 et
2529 2528 2786 2584 adversus
2813 2529 3212 2600 improbitatem
3243 2533 3382 2587 male
3407 2547 3548 2603 prae-

1964 2618 2294 2677 sumentium
2342 2626 2655 2675 constanter
2703 2628 2934 2676 erectus.
2988 2621 3143 2678 Dicet
3173 2621 3283 2692 jam
3330 2623 3549 2678 auribus

1966 2709 2167 2767 nostris
2193 2708 2341 2780 quod
2367 2717 2453 2766 est
2489 2710 2711 2767 omnino
2737 2726 2837 2782 pro
2866 2711 3041 2768 nobis.
3087 2711 3271 2768 Bonus
3297 2713 3550 2784 princeps

1965 2799 2060 2856 ille
2085 2808 2190 2868 est,
2212 2799 2299 2856 cui
2328 2799 2455 2855 licet
2475 2814 2578 2870 pro
2593 2798 2802 2870 justitia
2829 2799 3007 2870 loqui;
3038 2808 3095 2856 et
3122 2810 3332 2870 contra,
3375 2809 3553 2872 tyran-

1967 2893 2102 2949 nic'e
2120 2892 2350 2949 feritatis
2377 2893 2656 2961 indicium,
2696 2893 2882 2950 audire
2909 2893 3055 2951 nolle
3079 2895 3368 2952 constituta
3399 2905 3554 2952 vete-

1967 2997 2087 3037 rum
2115 2981 2473 3038 sanctionum.
2507 2983 2854 3040 Renovamus
2879 2993 3030 3040 certe
3055 2985 3256 3041 dictum
3285 2986 3417 3041 illud
3456 3003 3551 3042 ce-

1969 3071 2312 3127 leberrimum
2361 3070 2582 3142 Trajani
2615 3090 2630 3126 :
2662 3071 2829 3130 Sume
2857 3069 2884 3112 5
2915 3073 3242 3131 dicationem
3281 3077 3427 3150 {Alit}
3467 3078 3554 3133 di-

274 3169 364 3217 est
389 3159 534 3230 quod
569 3169 624 3217 te
661 3161 930 3217 comitivae
957 3160 1385 3216 domesticorum
1422 3157 1746 3213 illustratum
1766 3155 1868 3212 ho—
1894 3170 1941 3234 c
1969 3159 2305 3233 ctationem],
2334 3161 2377 3216 si
2407 3161 2586 3217 bonus
2613 3161 2786 3229 fuero,
2815 3178 2916 3234 pro
2956 3165 3230 3234 republica
3269 3175 3327 3221 et
3353 3181 3478 3232 me;
3507 3169 3556 3223 si

279 3268 417 3310 noro
441 3253 782 3321 decoramus,
811 3261 872 3308 ut
891 3253 1086 3309 merito
1114 3253 1323 3322 majora
1351 3251 1419 3308 de
1445 3250 1648 3307 nostris
1667 3249 1872 3306 debeas

225 3381 232 3387 -
275 3356 500 3414 sperare
522 3339 760 3412 judiciis,
790 3341 881 3413 qui
921 3342 976 3396 in
1025 3349 1080 3396 te
1123 3341 1303 3397 adhuc
1349 3339 1574 3396 meliora
1601 3339 1872 3396 credimus

277 3435 531 3491 inveniri.
579 3431 797 3490 Grande
824 3434 921 3490 tibi
968 3433 1246 3502 negotium
1293 3431 1443 3488 vides
1469 3446 1587 3488 esse
1613 3431 1872 3488 comatis-

279 3539 424 3590 sum,
472 3523 731 3596 quidquid
782 3525 957 3594 egeris
1002 3523 1329 3593 generalitas
1363 3523 1546 3579 sentit.
1589 3521 1723 3578 Nam
1777 3521 1874 3592 qui

283 3622 466 3686 potest
513 3615 566 3670 in
597 3615 949 3671 universitate
989 3629 1238 3686 peccare,
1287 3614 1555 3683 gloriosus
1579 3613 1740 3670 nimis
1766 3622 1870 3681 est,

281 3707 334 3764 si
362 3707 535 3764 nescit
561 3707 846 3764 excutere.

825 3863 1160 3922 EPISTOLA
1198 3864 1332 3920 Xlll.

444 3995 706 4037 “M0810
736 3992 858 4037 νιιιο
884 3996 1158 4044 οωεετοιιι
1187 3995 1549 4036 ΑτιιΑιΑιιιουε
1576 3997 1701 4036 REX.

286 4090 473 4166 Multis
500 4091 740 4166 (gruibus
767 4106 884 4166 eum
911 4091 1080 4166 effert,
1120 4109 1180 4147 eo
1205 4092 1355 4166 quod,
1375 4094 1565 4166 multas
1593 4093 1873 4166 dignitates

361 4161 456 4217 sub
526 4161 845 4217 Theoderico
906 4164 1167 4230 sapienter
1218 4161 1682 4219 administraverit.
1745 4162 1874 4218 Tum

361 4240 674 4305 qua'tturam
695 4232 780 4288 illi
804 4235 1022 4304 confert.

362 4344 596 4402 Seeurus
627 4345 773 4400 celsa
801 4346 1136 4412 conscendit,
1165 4347 1261 4417 qui
1287 4363 1347 4404 se
1375 4348 1432 4403 in
1463 4348 1626 4418 paulo
1645 4346 1875 4404 minori-

289 4437 396 4492 bus
422 4437 772 4506 approbavit;
809 4443 866 4492 et
902 4446 1054 4492 certo
1082 4437 1328 4508 procedit
1353 4438 1603 4508 vestigio,
1629 4438 1724 4508 qui
1751 4450 1878 4507 gra-

1970 3251 2165 3317 malus,
2190 3266 2290 3322 pro
2317 3251 2593 3322 republica
2620 3253 2674 3308 in
2700 3267 2808 3309 me.
2835 3252 2945 3310 Sed
2964 3254 3086 3310 vide
3105 3255 3234 3324 quid
3262 3270 3294 3310 a
3324 3265 3379 3312 te
3407 3272 3557 3326 quae-

1973 3357 2175 3406 ramus,
2223 3342 2441 3412 quando
2493 3357 2599 3400 nec
2643 3343 2801 3400 nobis
2847 3344 3051 3416 aliquid
3099 3343 3356 3412 injustum
3393 3345 3560 3402 licere

1970 3433 2350 3505 permittimus.
2397 3433 2627 3490 Decreta
2664 3449 2795 3504 ergo
2839 3443 3023 3491 nostra
3054 3435 3355 3507 priscorum
3401 3452 3558 3492 reso-

1971 3533 2104 3582 nent
2128 3527 2442 3595 coustituta,
2469 3539 2590 3596 quae
2618 3533 2826 3583 tantam
2858 3529 3182 3584 suavitatem
3211 3527 3383 3585 laudis
3412 3529 3561 3584 inve-

1972 3617 2147 3686 niunt,
2176 3626 2438 3688 quantum
2465 3633 2717 3689 saporem
2743 3621 3026 3676 vetustatis
3073 3629 3370 3677 assumunt.
3414 3620 3560 3676 Prae-

1968 3706 2193 3778 judicia,
2229 3723 2350 3779 quae
2398 3723 2500 3765 nos
2525 3709 2835 3778 horremus,
2884 3711 2940 3767 in
2989 3712 3108 3770 aliis
3150 3728 3257 3768 non
3297 3727 3559 3768 amamus.

1973 3797 2284 3870 Obligamns
2311 3808 2367 3856 te
2392 3808 2541 3856 certe
2568 3801 2928 3870 generalitati,
2959 3803 3086 3858 dum
3107 3802 3362 3859 absolute
3381 3804 3568 3873 praeci-

1975 3891 2151 3963 pimus
2170 3891 2292 3962 jura
2331 3894 2558 3949 servari.
2583 3895 2737 3962 Quod
2761 3895 2884 3952 ideo
2912 3912 3056 3952 nunc
3083 3897 3334 3965 dicimus,
3363 3907 3425 3956 ut
3461 3914 3565 3971 op-

1974 3990 2208 4054 portune
2233 3985 2485 4040 omnibus
2514 3985 2569 4041 in
2610 3994 2663 4043 te
2703 3987 3040 4044 consuluisse
3067 3989 3364 4046 videamur.
3397 3992 3567 4050 Decet

1975 4073 2120 4130 enim
2147 4089 2502 4145 praemonere,
2534 4092 2604 4132 ne
2632 4084 2684 4133 te
2707 4079 2818 4148 jam
2845 4079 3053 4136 tardius
3077 4089 3202 4151 post
3221 4081 3395 4137 aliena
3421 4083 3570 4154 peri-

1977 4163 2098 4228 cula
2131 4165 2411 4221 videamur
2465 4167 2605 4222 velle
2645 4169 2936 4246 corrigere.
2995 4170 3269 4227 Bonorum
3316 4175 3567 4246 exempla

1979 4270 2227 4326 sequere,
2260 4265 2316 4312 et
2348 4257 2644 4314 nobilitatis
2689 4266 2793 4314 tua:
2817 4243 3030 4316 memor
3056 4261 3264 4318 incede.
3302 4264 3382 4319 llli
3409 4243 3569 4335 digne

1981 4345 2049 4401 ad
2075 4347 2206 4403 vitia
2233 4349 2448 4417 generis
2469 4349 2554 4405 sui
2582 4350 2826 4418 redeunt,
2858 4353 2950 4422 qui
2971 4356 3364 4425 contemptibili
3401 4359 3571 4428 stirpe

1981 4448 2296 4518 nascuntur.
2337 4440 2433 4498 His
2460 4443 2623 4513 igitur
2650 4444 2705 4498 in
2747 4443 2947 4500 bonum
2978 4447 3246 4516 publicum
3279 4448 3568 4518 praedictis,

209 4556 224 4570 ο
287 4525 460 4618 datim
487 4523 757 4582 desiderio
801 4526 1006 4596 potitur
1038 4535 1282 4598 accepto.
1315 4527 1445 4618 Sine
1480 4529 1675 4585 merito
1701 4527 1873 4600 siqui-
1909 4558 1957 4618 υ
1981 4545 2080 4601 per
2105 4517 2349 4602 quintam
2379 4533 2608 4591 feliciter
2637 4535 2982 4592 indictionem
3016 4537 3188 4607 (Anno
3223 4517 3416 4595 Clu-isti
3437 4539 3564 4608 527)

288 4617 416 4674 dem
441 4625 844 4671 remuneratum
873 4623 1095 4687 putatur
1123 4632 1285 4674 omne
1307 4617 1455 4688 quod
1481 4618 1716 4673 subitum
1756 4625 1873 4685 est;

289 4721 396 4762 nec
443 4706 767 4778 iuexplorati
802 4708 1168 4780 suspicionem
1209 4707 1408 4778 refugit
1459 4707 1604 4780 quod
1651 4717 1878 4780 repente

289 4797 626 4867 provenerit.
654 4795 875 4866 Contra,
919 4799 1102 4855 omnia
1147 4798 1442 4855 deliberata
1488 4805 1616 4854 sunt
1655 4799 1880 4855 robusta

291 4887 422 4963 [Ηε.
447 4890 535 4952 A.,
560 4889 981 4960 inexploratum.
1014 4890 1206 4946 Omnia
1237 4890 1536 4948 deliberata
1563 4897 1690 4946 sunt
1709 4890 1878 4946 robu-

289 4978 430 5050 sta];
459 4987 514 5034 et
541 4985 715 5035 totum
743 4979 901 5036 bonis
927 4981 1135 5037 actibus
1161 4981 1460 5037 obtinuisse
1488 4979 1745 5046 creditur,
1786 4979 1880 5052 qui

289 5078 417 5142 post
441 5069 768 5127 documenta
789 5070 1023 5128 laudata:
1050 5073 1256 5128 militiae
1271 5078 1648 5145 promovetur.
1667 5070 1880 5128 Dudum

371 5341 394 5370 ⁸
418 5331 494 5388 De
521 5333 827 5405 eloquentia
875 5333 1152 5391 Gallorum
1185 5344 1429 5392 veterum
1457 5335 1630 5394 Juret.
1659 5310 1796 5396 dixit
1822 5353 1884 5396 se

295 5401 615 5460 observasse
629 5401 708 5460 'ad
731 5404 1043 5478 Symmach.
1077 5405 1170 5462 lib.
1195 5423 1272 5474 ix,
1300 5407 1459 5477 epist.
1493 5407 1582 5462 86.

367 5511 1107 5589 §Legeiidum_dicationem,
1153 5533 1274 5589 quas
1321 5535 1428 5576 vox
1472 5520 1628 5585 infra,
1668 5521 1764 5576 lib.
1803 5538 1880 5588 xt,
1961 5526 1978 5541 °

297 5581 528 5672 epistol
545 5593 604 5672 et
631 5585 1058 5672 9.__lli.ne.lueem
1087 5581 1232 5672 capit
1253 5590 1380 5646 illud
1409 5581 1623 5647 Sidonii
1646 5581 1879 5662 Apollin.

298 5653 358 5710 in
386 5653 654 5729 Panegyr.
683 5657 990 5729 Majorian.,
1021 5660 1074 5714 in
1099 5653 1205 5715 line
1229 5678 1244 5714 :

1033 5768 1118 5818 Cui
1145 5759 1274 5819 teste
1299 5777 1474 5820 senatu

425 5827 481 5879 In
503 5841 559 5880 se
583 5833 732 5881 etiam
757 5833 962 5880 tractum
982 5833 1286 5884 conmiserat
1313 5831 1482 5894 Ulpius
1504 5843 1688 5884 ensem.

550 5914 824 6010 Ριςωοι.
872 5912 1105 5976 LXIX.

1980 4631 2261 4692 quaestura:
2282 4625 2376 4680 tibi
2400 4625 2648 4694 insignia,
2678 4626 2790 4682 Deo
2809 4637 3116 4698 praestante,
3153 4633 3304 4704 131
3321 4633 3572 4690 concedi-

1982 4727 2104 4771 mus
2122 4732 2140 4768 :
2168 4714 2432 4770 honorem
2460 4717 2825 4787 prudentium,
2861 4729 2883 4758 ε
2907 4717 3111 4775 fontem
3135 4723 3376 4779 omnium
3402 4724 3571 4794 digni-

1983 4814 2178 4876 tatum,
2218 4807 2434 4876 quando
2477 4808 2674 4864 exinde
2725 4811 2993 4880 procedit,
3035 4813 3181 4882 quod
3227 4813 3574 4888 indulgentia:

1984 4899 2182 4954 nostra:
2211 4897 2459 4968 largitate
2485 4900 2802 4957 manaverit.
2838 4900 2952 4971 Age
2976 4909 3035 4956 ut
3060 4903 3152 4975 qui
3181 4905 3248 4958 ad
3287 4909 3574 4966 consilium

1983 4996 2226 5045 nostrum
2265 4989 2601 5059 adscisceris,
2647 4991 2933 5062 prudentia
2961 4995 3172 5052 cunctis
3216 5003 3272 5050 et
3307 5000 3574 5066 gravitate

1985 5081 2304 5154 praminere
2329 5083 2591 5142 noscaris.
2623 5083 2758 5140 Nam
2785 5085 2916 5156 quid
2945 5085 3044 5144 tibi
3065 5087 3372 5156 conveniat,
3395 5089 3570 5149 vides.

1989 5337 2122 5394 Vide
2146 5338 2456 5405 Nicephor..
2489 5341 2582 5396 lib.
2611 5357 2689 5410 ut,
2721 5356 2842 5414 cap.
2886 5343 2994 5412 2'5;
3032 5342 3282 5412 Plinium,
3313 5345 3368 5402 in
3397 5343 3582 5406 Pane-

1989 5422 2099 5464 gvr.
2132 5409 2258 5464 558.
2284 5409 2478 5464 Junnr.

1984 5422 2099 5480 gyr.
2132 5422 2258 5464 osa.
2284 5422 2478 5469 JUItE‘t‘.

1996 5489 2092 5558 me
2116 5480 2422 5558 Qumstoris
2452 5489 2634 5558 partes
2675 5481 2756 5537 hae
2783 5493 2940 5558 erant
2985 5485 3086 5540 sub
3119 5485 3532 5558 imperatoribus
3557 5507 3574 5545 :

1995 5547 2088 5604 Ille
2116 5550 2261 5626 leges
2287 5547 2571 5626 condebat,
2603 5560 2659 5606 et
2687 5556 2968 5626 veritatem
2998 5547 3214 5625 precum
3256 5557 3574 5626 rimabatur,

1995 5629 2057 5692 ut
2096 5621 2609 5692 subscrilteretiillis,
2652 5623 2700 5692 psi
2737 5622 2882 5692 jnsta
2925 5621 3136 5682 ratione
3173 5621 3492 5691 niterentur,
3519 5621 3581 5686 ut

1996 5691 2178 5769 videre
2201 5701 2283 5769 est
2304 5691 2355 5745 in
2382 5691 2419 5746 l.
2447 5691 2499 5757 2,
2531 5693 2594 5748 C.
2626 5691 2864 5769 Dg_peti_t,
2891 5695 3009 5769 non,
3033 5696 3203 5769 sulm;
3233 5706 3288 5769 et
3307 5696 3362 5752 in
3377 5698 3429 5769 il.
3452 5701 3580 5769 ult.,

1995 5757 2056 5813 C.
2111 5759 2188 5814 De
2230 5761 2426 5836 dire_rs._
2449 5779 2644 5836 rest};
2678 5757 2882 5820 Novell.
2908 5757 3208 5836 Valcntin.,
3253 5766 3324 5823 de
3374 5757 3576 5827 homic:

1995 5845 2122 5887 casu
2154 5841 2243 5886 aut
2266 5833 2369 5887 vol.
2404 5831 2526 5890 fact.
2561 5833 2746 5890 Bttoss.

3063 5926 3140 5991 2’s
