3974 6398
475 331 576 386 737

1705 328 1777 383 Μ.
1817 327 2092 386 AURELll
2127 332 2524 390 CASSIODORI

3653 339 3763 393 718

470 454 496 480 ι
518 443 636 500 Vox
666 445 839 514 legum
860 442 1068 507 diceris,
1094 441 1217 496 dum
1243 457 1343 496 nos
1366 440 1519 512 [Ed.,
1544 439 1751 510 nostra]
1772 439 1895 509 jura
1923 456 2054 496 con—
2082 449 2129 508 Α
2157 459 2216 499 se
2244 444 2310 499 ad
2333 456 2646 515 provectum
2669 455 2959 516 cognoscat
2991 461 3168 503 rerum
3187 448 3438 503 dominos
3467 448 3768 504 invitasse.

456 537 664 591 dimus.
695 535 943 591 lucumbe
972 549 1112 589 nunc
1141 534 1396 603 probitati
1448 533 1533 587 vel
1560 530 1719 598 fidei;
1752 540 1811 586 ut
1838 533 1979 587 sicut
2000 540 2055 588 te

466 627 616 697 prior
643 627 817 681 honor
844 626 1061 695 dignum
1100 624 1227 679 fecit
1268 624 1442 689 alteri,
1475 624 1552 679 ita
1581 622 1852 679 secundus
1886 625 2058 678 tertia:

467 719 631 774 faciat
657 718 924 790 dignitati.

995 848 1328 905 EPISTULA
1363 847 1502 904 XIV.

701 957 927 997 SENATL’I
954 957 1103 997 UBBIS
1131 957 1290 996 308.8
1317 954 1685 995 Ατιιλιηιευε
1711 955 1836 995 ιιει.

456 1049 687 1107 Ἑπῑηιία
706 1052 861 1109 laude
878 1054 1206 1108 Ambrosium
1232 1060 1471 1117 exornat,
1505 1060 1555 1106 et
1581 1055 1788 1108 nuntiat
1813 1068 1870 1108 se
1913 1053 2060 1108 illum

790 1133 1061 1197 quautam
1088 1124 1141 1177 di
1146 1123 1716 1195 gnitate-iasigniviue.

538 1235 802 1306 Accipite,
832 1244 1014 1306 patres
1041 1236 1357 1306 conscripti,
1391 1236 1651 1306 judicium
1688 1238 1835 1307 quod
1860 1238 2062 1310 judicia

469 1337 653 1382 nostra
677 1327 1037 1397 protulerunt,
1082 1327 1297 1399 quando
1325 1328 1446 1398 plus
1492 1329 1799 1398 cogitantur
1842 1331 2062 1388 omnino

468 1433 590 1489 qua:
616 1424 775 1473 cauta
797 1425 957 1487 sunt;
986 1417 1110 1488 quia
1140 1418 1264 1473 talis
1287 1418 1596 1474 subsecutio
1621 1418 1878 1485 creditur,
1901 1421 2064 1492 quale

460 1506 821 1576 primordium
873 1509 1087 1565 venisse
1137 1508 1383 1564 sentitur.
1428 1508 1596 1564 Nemo
1636 1510 1778 1565 enim
1820 1510 2058 1567 futurum

470 1607 627 1669 putat
654 1613 775 1656 esse
794 1598 1130 1668 diligentem,
1154 1613 1314 1668 quem
1343 1599 1397 1654 in
1438 1599 1553 1669 ipsa
1581 1601 1824 1658 novitate
1850 1602 2065 1673 opinio-

468 1688 557 1743 nis
593 1703 705 1743 suaa
728 1704 838 1744 non
859 1688 1005 1744 videt
1032 1703 1154 1744 esse
1188 1690 1489 1745 custodem.
1540 1689 1803 1749 Providus
1848 1693 2063 1751 institu-

2157 532 2513 603 Quapropter,
2546 544 2727 605 patres
2754 538 3072 606 conscripti,
3107 537 3368 591 illustrem
3406 537 3769 591 Ambrosium

2156 633 2441 694 quaestura:
2474 627 2707 681 culmine
2737 627 3054 682 decoratum
3091 628 3243 682 favor
3267 637 3463 683 vestra:
3506 628 3767 696 benigni-

2157 715 2285 770 tatis
2311 715 2562 786 excipiat.
2593 714 2671 771 De
2697 716 2791 771 illo
2816 717 2959 771 enim
2988 733 3095 771 non
3124 717 3287 772 debet
3322 716 3584 783 dubitari,
3606 716 3705 786 qui
3735 729 3774 771 ι

2156 812 2339 859 vestro
2384 806 2574 861 ordine
2620 805 2729 876 jam
2775 805 2826 883 in
2883 806 3056 877 prima
3099 805 3364 875 dignitate
3409 807 3618 861 meruit
3664 820 3772 876 ap-

2154 894 2395 964 probari.

2712 1025 3043 1083 EPISTULA
3080 1025 3194 1083 XV.

2383 1132 2607 1172 ShnATUl
2637 1133 2783 1174 UliBlS
2812 1134 2968 1173 hOIE
2999 1134 3365 1175 ATHALARICUB
3395 1136 3522 1176 ΒΓΚ.

2163 1226 2358 1284 Scribit
2385 1229 2483 1303 sibi
2512 1233 2866 1303 gratissimum}
2898 1234 3080 1303 fuisse,
3131 1232 3269 1303 quod
3306 1234 3613 1302 pontificem
3659 1233 3776 1286 elo-

2320 1302 2489 1372 gerint
2514 1301 2628 1355 eum
2654 1318 2801 1374 quem
2826 1301 3176 1357 Theodoricu‘s
3203 1301 3593 1374 designaverat.

2232 1409 2606 1468 Gratissimum
2634 1421 2825 1468 nostro
2852 1411 3176 1484 proﬁtemur
3211 1413 3423 1478 animo,
3455 1412 3609 1482 quod
3634 1413 3772 1483 glo-

2162 1503 2295 1559 riosi
2340 1502 2524 1559 domui
2561 1504 2647 1559 avi
2688 1504 2860 1559 nostri
2905 1503 3260 1574 respondistis
3303 1505 3357 1558 in
3406 1505 3777 1575 episcopatus

2163 1594 2429 1651 electione
2452 1594 2676 1663 judicio.
2707 1592 3005 1665 Oportebat
3031 1596 3174 1650 enim
3200 1595 3427 1650 arbitrio
3450 1596 3584 1651 boni
3611 1596 3776 1666 prin-

2165 1686 2300 1757 cipis
2326 1686 2558 1755 obediri,
2582 1686 2677 1756 qui
2703 1687 2933 1757 sapienti
2971 1686 3362 1744 deliberatione
3389 1696 3773 1758 pertractans,

468 1786 558 1833 tor
575 1779 621 1834 si
642 1780 860 1834 hortum
888 1793 1045 1833 suum
1073 1777 1314 1834 fecundis
1340 1779 1527 1834 nititur
1547 1795 1743 1836 ornare
1762 1782 2058 1852 plantariis,
2092 1816 2139 1876 Β
2164 1775 2407 1845 quamvis
2437 1777 2489 1831 in
2523 1776 2699 1832 aliena
2740 1777 3021 1846 religione,
3054 1778 3218 1834 talem
3250 1778 3397 1834 visus
3442 1787 3533 1834 est
3577 1782 3777 1848 ponti-

470 1875 533 1923 ut
582 1867 808 1924 reddant
852 1868 1058 1924 fructus
1103 1877 1341 1939 optatos,
1392 1884 1512 1939 quae
1565 1871 1809 1929 sollicitis
1847 1872 2061 1930 fuerant

460 1958 616 2013 culta
663 1959 969 2028 laboribus;
1012 1970 1213 2030 quanto
1253 1962 1423 2032 magis
1448 1977 1673 2034 regnum
1719 1965 1876 2023 decet
1920 1967 2062 2023 inter

462 2038 621 2104 initia
650 2050 799 2121 pacis
826 2052 1139 2107 ammnitate
1165 2055 1437 2124 componi,
1470 2070 1539 2110 ne
1575 2056 1777 2113 habere
1824 2059 2059 2130 speciem

469 2140 583 2208 agri
608 2138 852 2195 videatur
878 2141 1099 2200 inculti!
1128 2141 1195 2197 Et
1220 2143 1345 2200 ideo
1372 2144 1649 2202 beneficiis
1682 2150 1885 2204 nostris
1904 2151 2061 2220 quasi

469 2232 760 2300 quamdam
780 2232 1001 2303 januam
1029 2235 1386 2305 cogitavimus
1411 2237 1545 2292 dare
1596 2247 1933 2309 questorem,
1964 2256 2063 2312 per

458 2338 631 2392 quem
671 2324 999 2380 venientium
1027 2326 1345 2396 dignitatum
1383 2328 1616 2383 culmina
1646 2329 1899 2388 decenter
1941 2333 2059 2389 exi-

458 2423 611 2471 rent.
642 2414 781 2471 Sunt
803 2417 957 2473 vobis
982 2427 1131 2474 certe
1155 2419 1224 2475 de
1249 2421 1537 2477 candidato
1570 2432 1718 2489 nota,
1760 2426 1977 2494 quando
2006 2434 2062 2484 et

462 2505 727 2561 moderns
747 2520 869 2576 qua:
890 2507 1178 2578 loquimur.
1207 2508 1339 2565 Nam
1359 2527 1482 2566 cum
1509 2514 1792 2570 transitum
1814 2516 2062 2585 gloriosa:

458 2597 744 2652 memorial
776 2596 961 2653 damni
987 2600 1073 2653 avi
1100 2601 1269 2655 nostri
1298 2601 1662 2671 subjectorum
1693 2607 1853 2662 anxia
1897 2608 2062 2665 corda

458 2688 717 2757 lugerent
744 2688 966 2761 (bonum
986 2691 1184 2762 quippe
1211 2692 1466 2748 amissum
1488 2694 1617 2749 dum
1649 2698 1916 2768 queritur,
1941 2700 2063 2770 plus

458 2777 729 2849 amatur).
754 2793 857 2842 νει·
878 2793 1002 2834 eum
1030 2779 1187 2836 vobis
1211 2788 1269 2836 et
1289 2782 1461 2837 nostri
1508 2785 1753 2854 auspicii,
1780 2796 1835 2843 et
1871 2797 2062 2845 vestra:

469 2868 773 2925 securitatis
815 2877 998 2939 optata
1056 2878 1373 2941 patuerunt.
1421 2873 1707 2945 lntelligite
1757 2878 1903 2947 quali
1960 2894 2064 2936 nos

466 2958 726 3029 :cquitate
771 2961 1191 3031 constringimus
1244 2963 1296 3017 in
1348 2963 1573 3032 futuris,
1631 2974 1689 3021 ut
1742 2968 1857 3037 ipse
1906 2970 2063 3027 nobis

470 3052 649 3119 legum
680 3049 832 3107 fieret
863 3066 1069 3123 custos,
1098 3056 1188 3124 qui
1213 3058 1595 3114 conservandae
1616 3059 1840 3130 justitiae
1886 3062 2063 3121 fuerat

470 3141 771 3241 promissor
813 3140 1059 3241 effectus.
1096 3144 1281 3202 Adfuit
1322 3147 1589 3205 mandatis
1624 3152 1893 3220 regalibus
1928 3152 2056 3227 (Hs.
2088 3178 2133 3241 ρ

470 3237 559 3300 Α.,
590 3234 869 3308 legalibus]
890 3237 1153 3308 eloquens
1178 3248 1235 3295 et
1269 3240 1498 3297 decorus
1536 3250 1796 3299 ornator:
1826 3246 2063 3316 permul-

459 3338 602 3381 cens
626 3326 790 3381 etiam
812 3327 1107 3397 inspectus,
1137 3344 1275 3399 quos
1293 3332 1631 3400 gratissimos
1663 3333 1925 3390 reddebat
1964 3351 2062 3391 au-

468 3417 634 3472 ditus.
656 3415 815 3480 Tales
835 3420 979 3475 enim
1000 3420 1158 3476 decet
1183 3436 1302 3478 esse
1328 3422 1530 3479 aulicos
1555 3424 1724 3493 viros,
1758 3433 1818 3481 ut
1856 3435 2061 3483 naturae

466 3507 614 3563 bona
639 3508 839 3566 indicio
863 3509 1055 3567 frontis
1084 3513 1348 3583 aperiant,
1397 3522 1454 3569 et
1496 3515 1706 3585 possint
1744 3518 1962 3585 agnosci
1990 3518 2061 3574 de

466 3598 735 3665 moribus,
781 3614 903 3655 cum
963 3601 1228 3657 videntur.
1286 3603 1494 3660 Taceas
1548 3606 1691 3661 enim
1741 3607 2059 3677 plerumque

472 3689 816 3761 despicabilis
859 3702 963 3763 est,
1014 3694 1060 3750 si
1114 3710 1236 3751 eum
1281 3704 1490 3753 tantum
1544 3699 1725 3770 lingua
1772 3701 2054 3757 nobilitat:

471 3798 686 3855 semper
712 3794 892 3841 autem
933 3788 987 3843 in
1030 3788 1238 3845 honore
1269 3798 1470 3857 manet,
1516 3792 1563 3847 si
1604 3792 1756 3862 cujus
1794 3801 1878 3849 est
1909 3802 2056 3849 tran-

469 3876 669 3945 quillus
708 3876 937 3943 animus,
966 3891 1091 3934 eum
1119 3893 1336 3949 quoque
1376 3882 1752 3937 serenissimus
1781 3898 2059 3938 commen-

458 3967 562 4022 det
587 3976 855 4038 aspectus.
884 3968 999 4025 Hoc
1018 3970 1250 4042 denique
1272 3971 1416 4028 facto
1438 3979 1700 4029 testamur
1722 3975 1934 4044 copiam
1955 3991 2058 4032 nos

460 4060 671 4116 habere
713 4060 1076 4131 prudentium,
1126 4064 1343 4133 quando
1401 4064 1522 4119 talis
1569 4065 1804 4133 eligitur,
1846 4065 1938 4136 qui
1987 4082 2055 4123 ex

470 4158 699 4221 utraque
732 4160 887 4223 parte
926 4152 1193 4208 laudetur.
1235 4153 1569 4224 Eloquentia:
1597 4169 1727 4210 vero
1764 4156 1906 4210 bona
1936 4156 2055 4212 ile-

472 4248 621 4310 ptum
651 4249 735 4296 est
761 4241 816 4296 in
837 4250 1103 4312 qumstore
1131 4242 1442 4311 praedicare,
1466 4258 1587 4298 cum
1615 4243 1683 4297 ad
1712 4243 1817 4299 hoc
1845 4246 2055 4315 specia—

470 4334 594 4388 liter
613 4333 872 4404 prohetur
897 4332 1153 4400 adscitus,
1178 4333 1559 4403 utopinionem
1581 4341 1883 4404 temporum
1914 4350 2058 4392 com-

2163 1867 2317 1923 licem
2339 1867 2629 1937 delegisse,
2657 1877 2716 1924 ut
2746 1869 2873 1923 nulli
2904 1870 3101 1924 merito
3128 1869 3325 1925 debeat
3349 1869 3682 1940 displicere;
3712 1877 3777 1924 ut

2160 1956 2464 2026 agnoscatis
2486 1958 2634 2014 illum
2656 1958 2762 2014 hoc
2788 1967 3006 2028 optasse
3028 1960 3319 2030 praecipue,
3351 1970 3631 2030 quatenus
3657 1960 3774 2016 ho-

2159 2048 2242 2104 nis
2264 2049 2631 2105 sacerdotibus
2663 2047 3023 2105 Ecclesiarum
3065 2050 3307 2107 omnium
3337 2050 3533 2120 religio
3579 2050 3778 2121 pullu~

2161 2142 2320 2197 taret.
2354 2140 2655 2212 Recepistis
2681 2142 2864 2211 itaque
2890 2143 3093 2208 virum,
3123 2152 3183 2199 et
3213 2144 3396 2199 divina
3424 2145 3604 2214 gratia
3635 2160 3779 2213 pro-

2160 2230 2409 2287 babiliter
2431 2232 2754 2297 institutum,
2772 2241 2828 2288 et
2846 2232 3011 2303 regali
3030 2233 3432 2289 examinatione
3451 2234 3774 2289 laudatum.

2159 2319 2347 2377 Nullus
2392 2322 2569 2378 adhuc
2605 2322 2832 2393 pristina
2874 2324 3227 2379 contentione
3267 2332 3544 2380 teneatur.
3579 2323 3778 2380 Pudo-

2161 2426 2276 2469 rem
2300 2428 2409 2469 non
2433 2414 2597 2469 habet
2619 2415 2766 2483 victi,
2786 2414 2939 2486 cujus
2960 2423 3145 2471 votum
3165 2416 3435 2484 contingit
3461 2431 3494 2470 a
3516 2416 3780 2486 principe

2160 2502 2423 2570 superari.
2473 2500 2566 2557 llle
2611 2503 2851 2572 quinimo
2895 2519 3050 2560 suum
3111 2503 3296 2570 efﬁcit,
3342 2504 3437 2573 qui
3484 2520 3616 2560 enim
3662 2506 3778 2560 sub

2161 2591 2395 2663 puritate
2421 2592 2687 2648 dilexerit.
2710 2593 2843 2649 Nam
2864 2610 2983 2664 quae
3002 2596 3073 2651 sit
3095 2611 3259 2652 causa
3285 2595 3520 2664 doloris,
3542 2598 3780 2667 quando

2160 2685 2269 2741 hoc
2290 2694 2347 2741 et
2374 2686 2429 2740 in
2452 2686 2557 2742 isto
2584 2686 2807 2756 reperit,
2836 2686 2981 2757 quod
3009 2686 3167 2742 alteri
3211 2686 3267 2741 in
3307 2695 3523 2757 partem
3567 2686 3780 2742 ductus

2162 2780 2463 2850 optaverit?
2489 2779 2673 2835 Civica
2702 2779 3245 2853 [Ed.,'crinea]sunt
3284 2783 3390 2837 ista
3431 2784 3776 2848 certamina,

2160 2885 2339 2943 pugna
2375 2872 2492 2928 sine
2531 2872 2697 2942 ferro,
2728 2873 2843 2928 rixa
2881 2874 2999 2929 sine
3045 2875 3215 2943 odio;
3262 2875 3626 2942 clamoribus,
3661 2891 3778 2932 non

2160 2962 2438 3018 doloribus
2466 2979 2550 3019 res
2579 2965 2680 3019 ista
2708 2967 3000 3035 peragitur.
3033 2966 3166 3023 Nam
3196 2967 3301 3022 etsi
3347 2983 3595 3038 persona
3638 2971 3780 3025 sub-

2160 3061 2310 3108 mota
2338 3054 2425 3119 sit,
2461 3053 2590 3109 nihil
2614 3062 2793 3111 tamen
2817 3072 2849 3111 a
2875 3056 3120 3114 ﬁdelibus
3142 3058 3431 3128 amittitur,
3460 3075 3593 3115 cum
3611 3070 3780 3131 Opta-

2164 3150 2278 3197 tum
2323 3145 2681 3201 sacerdotium
2727 3148 3053 3218 possidetur.
3083 3148 3449 3220 Quapropter,
3499 3152 3778 3209 redeunte

2162 3233 2343 3303 legato
2387 3245 2601 3303 vestro,
2657 3237 2851 3294 illustri
2898 3240 3015 3295 viro
3064 3238 3364 3309 Publiano,
3432 3243 3778 3298 rationabile

2162 3326 2415 3383 duximus
2437 3328 2502 3383 ad
2523 3337 2723 3385 cretum
2747 3340 2987 3386 vestrum
3011 3332 3358 3388 salutationis
3381 3334 3575 3403 apices
3598 3334 3776 3390 desti-

2163 3434 2313 3475 nare.
2345 3419 2533 3489 Magna
2579 3423 2721 3477 enim
2760 3422 3095 3493 jucunditate
3138 3425 3493 3495 perfruimur,
3548 3428 3778 3496 quoties

2144 3524 2286 3566 cum
2333 3513 2528 3568 nostris
2576 3515 2891 3583 proceribus
2939 3516 3099 3570 verba
3163 3516 3481 3572 miscemus.
3534 3516 3607 3571 Et
3664 3519 3776 3574 hoc

2160 3614 2375 3671 quoque
2422 3603 2798 3659 suavissimum
2839 3605 2997 3660 vobis
3043 3606 3267 3661 minime
3312 3606 3677 3675 dubitamus,
3726 3610 3776 3664 si

2160 3690 2303 3762 quod
2332 3691 2707 3751 illius'fecistis
2749 3695 2996 3768 imperio,
3028 3698 3186 3753 nobis
3226 3698 3393 3754 etiam
3425 3702 3777 3770 cognoscitis

2159 3795 2279 3837 esse
2300 3784 2611 3853 gratiosum.

2609 3920 2763 3994 ιδῃ
2800 3921 3133 3979 EPISTOLA
3168 3924 3310 3982 xw.

2299 4044 2527 4086 OPlLIONl
2552 4046 2736 4087 COIITI
2764 4048 3039 4090 SACRARIJI
3070 4052 3440 4093 ΑτιιΑιΑιιιευε
3479 4054 3615 4096 κεί.

2159 4141 2389 4198 Summis
2409 4141 2647 4217 laudibus
2671 4160 2786 4198 eum
2807 4160 2921 4199 cum
2954 4148 3117 4217 fratre
3136 4149 3364 4215 extollit,
3396 4159 3449 4203 et
3476 4151 3562 4205 illi
3590 4156 3772 4209 comi-

2405 4214 2556 4266 tivam
2588 4230 2858 4269 sacrarum
2877 4214 3214 4287 largitionum
3242 4214 3500 4274 concedit.

2225 4324 2415 4381 Solent
2442 4325 2657 4395 quidem
2678 4327 2958 4383 venientes
2986 4327 3053 4384 ad
3083 4329 3288 4386 aulicas
3314 4330 3620 4400 dignitates
3643 4334 3773 4389 diu-

469 4424 687 4480 tnendet
737 4423 998 4493 qualitate
1049 4423 1336 4478 dictorum.
1396 4423 1530 4480 Aliis
1588 4425 1730 4480 enim
1781 4425 2055 4496 judicibus

2163 4420 2269 4475 tina
2314 4419 2690 4489 exploratione
2736 4421 3003 4487 trutinari,
3055 4436 3125 4476 ne
3163 4422 3447 4491 imperiale
3488 4423 3772 4492 judicium

467 4513 867 4585 provinciarum
895 4513 1249 4568 committitur
1269 4514 1501 4581 exactio,
1523 4513 1639 4570 aliis
1661 4516 1854 4585 privati
1876 4517 2055 4572 aerarii
2084 4550 2132 4611 υ
2157 4512 2358 4583 aliquid
2388 4511 2621 4609 prpbare
2642 4512 2896 4567 videatur
2921 4513 3257 4583 ambiguum,
3283 4516 3551 4584 quoniam
3586 4518 3775 4585 gloria

467 4606 711 4662 custodia
733 4604 1039 4675 delegatur;
1066 4604 1191 4663 huic
1219 4614 1397 4661 autem
1424 4606 1613 4662 aulica;
1639 4605 1795 4662 fama;
1823 4608 2052 4678 insignia
2084 4602 2124 4611 '
2158 4604 2310 4674 regni
2335 4611 2420 4659 est
2447 4602 2715 4673 reperisse
2737 4602 2950 4673 judices
2977 4604 3298 4673 exquisitos.
3347 4604 3460 4661 Sed
3502 4615 3625 4662 tam
3668 4608 3776 4665 fre-

464 4704 824 4767 reponnntur,
853 4698 995 4753 unde
1023 4713 1122 4768 per
1146 4705 1319 4754 totum
1341 4698 1601 4756 mundum
1626 4700 1810 4771 opinio
1835 4700 2052 4770 vulgata
2157 4709 2330 4764 quens
2358 4703 2441 4751 est
2459 4695 2672 4751 familiae
2697 4703 2889 4751 νοειτω
2921 4696 3260 4754 felicissimus
3299 4707 3628 4768 provectus,
3656 4709 3772 4755 tam

466 4786 731 4842 laudetur.
777 4784 932 4854 Quod
961 4787 1118 4843 nobis
1144 4788 1299 4856 adeo,
1330 4797 1513 4860 patres
1554 4790 1869 4860 conscripti,
1905 4791 2052 4847 καί·
2158 4786 2213 4842 in
2243 4787 2423 4843 multis
2441 4788 2686 4858 personis
2707 4786 2979 4843 declarata
3001 4787 3309 4857 prudentia,
3333 4788 3544 4844 utlicet
3565 4792 3773 4861 aliquis

462 4878 729 4933 mavimus
781 4891 902 4933 esse
944 4878 1325 4948 repetendum,
1371 4887 1432 4933 ut
1470 4879 1610 4936 tales
1664 4894 1765 4936 nos
1810 4894 2055 4950 quazrere
2160 4892 2257 4933 vos
2283 4876 2447 4946 eligat
2473 4875 2541 4931 ad
2579 4877 2833 4943 subitum,
2866 4878 2997 4933 nihil
3046 4878 3239 4934 fecisse
3283 4879 3542 4935 videatur
3583 4882 3773 4939 incer-

463 4968 719 5035 credatis,
749 4967 939 5039 quales
958 4977 1016 5024 et
1041 4975 1243 5024 nostrae
1279 4968 1444 5037 laudi,
1476 4977 1533 5025 et
1558 4977 1750 5026 vestrae
1776 4971 2054 5026 securitati
2161 4976 2295 5024 tum.
2351 4967 2765 5023 Similitudinem
2820 4983 3041 5025 suorum
3100 4968 3228 5024 felix
3280 4983 3421 5024 vena
3470 4973 3768 5040 custodit,

462 5059 716 5132 expediat
763 5059 1014 5117 inveniri.
1059 5060 1351 5131 Agnoscite
1376 5060 1520 5116 docti
1557 5061 1759 5116 bonum
1794 5062 2054 5133 principis
2155 5059 2372 5130 quando
2415 5058 2583 5130 pudet
2617 5058 2949 5129 delinquere,
2992 5059 3085 5129 qui
3119 5059 3317 5114 similia
3366 5070 3664 5129 nequeunt
3715 5062 3768 5117 in

466 5158 685 5219 votum;
713 5149 971 5207 confidite
996 5150 1064 5206 de
1090 5149 1388 5218 beneﬁciis,
1415 5151 1507 5221 qui
1539 5151 1839 5208 litterarum
1863 5154 2054 5224 proba-
2153 5167 2253 5208 suo
2272 5163 2470 5219 genere
2492 5150 2746 5219 reperire.
2773 5149 2911 5205 Hinc
2938 5158 3022 5205 est
3042 5149 3186 5219 quod
3212 5149 3409 5207 melius
3437 5152 3772 5219 agnoscitur

462 5241 593 5297 mini
627 5240 830 5299 habere
869 5240 1138 5298 notitiam.
1168 5240 1482 5311 Segnissimi
1521 5249 1604 5298 est
1646 5249 1883 5314 torpere,
1926 5259 2049 5301 cum
2155 5244 2381 5313 eiegisse
2427 5242 2686 5312 nobilem,
2735 5257 2895 5313 quam
2938 5241 3131 5297 fecisse
3177 5240 3425 5308 felicem;
3479 5244 3616 5311 quia
3667 5243 3771 5298 iste

532 5471 558 5500 ι
587 5459 836 5517 Sidonius
862 5460 1209 5532 Apollinaris,
1240 5462 1295 5516 in
1323 5475 1583 5535 panegyr.
1608 5459 1914 5531 Majorian.,
1946 5462 2047 5514 sub

532 5471 558 5500 ι
587 5460 836 5517 Sidonius
862 5460 1209 5532 Apollinaris,
1240 5462 1295 5516 in
1323 5475 1583 5535 panegyr.
1608 5460 1914 5531 Majorian.,
1946 5462 2047 5514 sub
2151 5460 2364 5529 Quanto
2391 5463 2674 5519 facundior
2700 5462 2861 5518 debet
2882 5475 3022 5524 esse,
3053 5460 3146 5531 qui
3169 5460 3567 5542 o'reprincipis
3596 5481 3769 5536 popu-

463 5534 660 5585 linem:
2150 5534 2234 5585 los
2260 5535 2500 5585 noscitur
2523 5533 2815 5585 admonere
2840 5530 2853 5583 Ξ
2880 5531 3075 5585 Notum
3105 5539 3189 5585 est
3215 5540 3383 5585 etiam
3417 5546 3764 5585 aumstorum

480 5548 660 5587 nauem:

2150 5534 2234 5587 los
2260 5535 2500 5589 noscitur
2523 5533 2815 5588 admonere
2840 5530 2853 5583 Ξ
2880 5530 3081 5586 Notum
3105 5539 3189 5586 est
3215 5532 3383 5585 etiam
3417 5530 3764 5601 quaestorum

2158 5618 2335 5677 opera
2361 5620 2487 5659 usos
2529 5606 2901 5677 imperamres,
2947 5616 3072 5657 cum
3118 5602 3437 5677 orationes,
3461 5615 3582 5677 aut
3634 5606 3767 5677 quid

2158 5668 2303 5729 aiiud
2323 5674 2375 5728 in
2400 5668 2926 5743 senatu-recitarem,
2969 5680 3029 5726 ut
3057 5685 3125 5743 e_x
3148 5668 3419 5743 Suetonio
3461 5668 3673 5743 liquet;
3711 5678 3765 5730 in

2150 5744 2410 5869 iAugusto,
2434 5743 2663 5816 cap.65;
2695 5741 2903 5809 inTito,
2929 5756 3051 5813 cap.
3076 5740 3142 5807 6;
3175 5742 3229 5797 in
3252 5739 3495 5813 Nerone,
3524 5739 3652 5816 cap.
3674 5745 3760 5801 l5.

2195 5831 2388 5869 onata.

2195 5831 2388 5872 OBNER.

921 5620 1072 5679 Cujus
1092 5621 1321 5731 dignatur
1347 5621 1408 5670 ab
1432 5634 1521 5671 ore

921 5698 949 5731 υ
970 5684 1123 5731 louut.
1164 5692 1261 5731 lcet
1284 5690 1337 5731 et
1351 5690 1595 5731 aumstore
1615 5681 1661 5731 di

586 5681 741 5790 fl‘ﬁul’
758 5684 809 5790 'in
828 5686 949 5733 orbe
970 5684 1124 5746 loqui,
1144 5681 1261 5732 licet
1284 5690 1337 5733 et
1351 5690 1595 5745 quaestore
1615 5681 1803 5732 diserto

613 5746 656 5788 ὐ
698 5757 751 5792 CI
783 5780 795 5791 .

470 5820 537 5874 Et
583 5831 761 5877 noster
788 5824 1154 5892 Cassiodorus,
1205 5825 1295 5881 lib.
1329 5840 1401 5892 vt,
1447 5824 1499 5879 in
1530 5824 1686 5879 form.
1726 5830 2044 5892 quaestum:
