3974 6388
170 383 275 439 749

1432 378 1793 436 νΑιιιΑιιυΜ
1834 380 2033 435 LIBER
2074 380 2208 436 VIII.

3350 381 3451 439 760

170 503 560 575 commonitus,
610 520 708 577 per
749 514 995 562 veterum
1040 518 1101 560 se
1164 502 1302 559 facta
1353 499 1620 569 custodit;
1678 497 1767 553 ille
1797 500 1847 561 Α
1941 509 1991 552 et
2017 499 2145 567 petit
2172 507 2228 577 ut
2257 497 2466 577 faveant
2492 497 2801 567 promotioni
2831 496 2942 567 ejus
2964 497 3033 551 ad
3056 498 3346 553 comitivam
3370 515 3453 553 sa-

170 597 481 668 exemplum
503 614 612 654 non
645 598 829 666 habet,
870 597 973 653 nisi
1007 595 1153 666 quod
1184 594 1392 651 fecerit.
1428 592 1770 663 Quapropter

173 705 372 747 secure
404 690 498 746 tibi
529 690 802 747 credimus
829 690 976 760 quod
996 689 1157 747 toties
1180 696 1275 744 tuo
1303 686 1484 756 generi
1514 684 1768 741 commis-

171 796 292 838 sum
315 780 482 837 fuisse
507 780 823 851 gaudemus.
853 780 1016 835 Pater
1042 778 1125 838 bis
1152 778 1383 835 fascibus
1410 774 1642 847 praefuit,
1674 773 1771 830 sed

173 884 230 932 et
255 875 427 930 frater
448 873 639 929 eadem
661 872 993 944 resplenduit
1031 871 1297 928 claritate.
1337 868 1457 938 Ipsa
1504 865 1768 937 quodam-

171 965 337 1021 modo
372 965 610 1034 dignitas
639 964 693 1019 in
722 962 1008 1035 penatibus
1035 961 1232 1017 vestris
1275 960 1444 1014 larem
1486 954 1683 1027 posuit,
1715 962 1771 1010 et

172 1056 534 1113 domesticum
562 1055 765 1112 factum
786 1063 869 1111 est
897 1054 1169 1127 publicum
1197 1052 1380 1107 decus.
1413 1049 1547 1104 Nam
1569 1047 1770 1103 militiae

174 1146 425 1203 ordinem
480 1145 583 1203 sub
635 1144 873 1202 fraterna
923 1145 1084 1201 laude
1138 1142 1399 1209 didicisti;
1452 1139 1539 1197 cui
1583 1147 1770 1196 mutuo

174 1256 457 1298 connexus
508 1242 705 1299 allecto
725 1284 742 1311 ,
785 1241 1049 1312 implebas
1096 1238 1371 1295 laboribus
1425 1236 1665 1301 socium,
1716 1241 1771 1288 et

174 1333 527 1389 consiliorum
558 1318 973 1405 participatione
1008 1345 1345 1401 germanum,
1387 1328 1453 1384 ad
1502 1336 1554 1381 te
1590 1324 1771 1397 potius

176 1424 451 1496 pertinere
502 1425 803 1495 dijudicans
868 1425 1015 1496 quod
1064 1424 1233 1481 frater
1286 1428 1591 1492 acceperat.
1656 1418 1771 1476 Hoc

174 1516 371 1572 baculo
398 1516 766 1572 reclinabatur
795 1517 886 1572 ille
911 1516 1150 1583 felicior,
1180 1524 1301 1571 astu
1330 1512 1573 1584 quaedam
1601 1511 1770 1580 negli-

174 1621 308 1676 gens
336 1608 756 1679 praasumptione
790 1608 887 1672 tui,
920 1608 1046 1679 quia
1075 1623 1174 1679 per
1201 1615 1255 1663 te
1300 1606 1481 1663 omnia
1512 1604 1771 1662 cernebat

176 1697 411 1768 impleri.
442 1696 519 1752 En
549 1697 706 1754 dulce
728 1697 953 1754 fratrum
980 1698 1316 1769 obsequium,
1345 1706 1401 1754 et
1423 1697 1769 1768 praesentium

177 1796 489 1858 temporum
517 1791 737 1862 antiqua
768 1792 1077 1847 concordia.
1111 1791 1258 1846 Bene
1285 1791 1479 1847 talibus
1519 1790 1769 1846 sensibus

1944 584 2150 622 crurum
2183 568 2536 640 largitionum.

1942 699 2113 755 Tanta
2140 706 2243 767 est,
2291 708 2473 770 patres
2521 699 2835 770 conscripti,
2878 700 2931 754 in
2961 701 3250 758 candidato
3297 703 3456 774 copia

1870 790 2211 857 meritorum,
2241 799 2300 845 ut
2323 804 2610 845 vereamur
2637 805 2705 846 ne
2745 791 2947 847 tardius
2985 800 3203 863 putetur
3228 794 3453 861 electus,

1870 897 2032 954 quam
2075 898 2183 938 non
2222 881 2294 937 sit
2334 880 2535 951 judicio
2562 881 2968 952 comprobatus.
3012 881 3144 936 Nam
3171 899 3291 939 cum
3320 884 3458 940 diva

1870 974 2149 1029 memoriae
2177 989 2309 1029 avus
2338 980 2525 1028 noster
2551 974 2787 1051 optimos
2810 973 2956 1029 viros
2985 974 3324 1044 exquireret,
3352 992 3457 1033 no-

1869 1063 1952 1119 bis
1980 1078 2103 1119 eum
2133 1063 2581 1119 irremuneratum
2610 1063 2923 1134 prosperior
2948 1062 3163 1119 fortuna
3200 1066 3457 1123 servavit.

1868 1153 1950 1209 Illi
1978 1155 2176 1226 paruit,
2206 1154 2285 1209 illi
2319 1153 2488 1209 multa
2517 1152 2860 1210 ofﬁciositate
2889 1154 3132 1223 servivit,
3181 1165 3238 1212 et
3283 1171 3314 1212 a
3356 1157 3459 1213 do-

1869 1244 2016 1299 mino
2062 1244 2364 1314 largissimo
2402 1243 2791 1301 beneﬁciorum
2837 1244 2954 1301 sine
2999 1246 3179 1318 aliqua
3225 1247 3461 1303 retribu—

1873 1337 2020 1393 tione
2046 1343 2258 1392 constat
2287 1350 2407 1393 esse
2437 1335 2772 1391 derelictum.
2796 1335 2973 1393 Credo
3002 1338 3166 1393 dilata
3196 1347 3280 1394 est
3305 1354 3460 1395 com-

1870 1428 2121 1500 pensatio
2147 1426 2346 1492 meriti,
2374 1434 2434 1481 ut
2458 1427 2612 1483 nobis
2640 1428 2818 1497 aptior
2838 1427 3028 1503 [Edd.,
3051 1431 3171 1496 Aa,
3201 1430 3462 1505 apertior]

1870 1519 2026 1575 ﬁeret
2068 1533 2231 1577 causa
2276 1517 2584 1589 praestandi.
2635 1516 2935 1574 Conveniat
2988 1522 3131 1575 enim
3178 1536 3239 1577 se
3291 1522 3463 1592 pietas

1871 1618 2056 1667 nostra
2086 1609 2205 1678 lege
2233 1616 2461 1664 natum.
2486 1607 2823 1678 Condignum
2847 1616 2931 1664 est
2958 1609 3028 1665 ab
3057 1610 3269 1666 bzerede
3300 1612 3458 1678 solvi,

1870 1702 2015 1774 quod
2036 1702 2293 1759 collatum
2317 1708 2531 1757 constat
2550 1700 2776 1756 auctori.
2803 1700 2912 1756 Cur
2932 1702 3077 1757 enim
3102 1702 3466 1759 muniﬁcentia

1871 1803 2059 1851 nostra
2087 1808 2212 1850 eum
2237 1791 2502 1861 differret,
2531 1807 2652 1848 cum
2682 1807 2805 1848 eum
2832 1791 3101 1862 prolicere
3128 1794 3466 1851 consuetudo

170 1878 435 1950 judicium
458 1882 716 1951 creditur,
746 1882 839 1952 qui
867 1898 1086 1938 servare
1107 1898 1288 1938 mores
1311 1882 1626 1937 naturaliter
1646 1895 1769 1936 sen-
1800 1878 1848 1939 B
1872 1897 1981 1939 sua:
2006 1883 2304 1941 nobilitatis
2331 1883 2585 1952 urgeret?
2624 1880 2787 1936 Pater
2817 1881 2942 1937 buic
2980 1897 3143 1937 manu
3173 1883 3370 1948 clarus,
3400 1900 3466 1940 ac

176 1971 404 2027 tinntur.
428 1972 582 2039 Quod
606 1973 649 2028 si
672 1973 869 2030 amoeni
892 1988 1138 2030 secessus
1179 1982 1235 2029 et
1252 1973 1582 2045 provinciale
1602 1973 1770 2027 otium

176 2061 318 2117 forte
346 2061 648 2129 libuissent,
678 2064 746 2119 ad
776 2073 829 2121 te
868 2074 1099 2121 caterva:
1128 2065 1463 2120 causantium
1511 2071 1568 2119 et
1606 2064 1770 2119 anxia

176 2153 475 2209 currebant
503 2164 626 2211 vota
654 2156 923 2213 laesorum.
956 2157 1089 2213 Boni
1113 2157 1311 2227 judicis
1332 2156 1473 2212 inter
1500 2170 1596 2213 eos
1619 2172 1768 2212 assu«

176 2245 367 2301 mebas
395 2244 668 2314 ofﬁcium;
699 2255 754 2303 et
794 2247 1095 2304 futurorum
1118 2247 1349 2318 quodam
1379 2256 1603 2316 urgente
1629 2261 1771 2317 prae-

175 2335 350 2406 sagio,
409 2335 555 2405 quod
605 2351 637 2391 a
690 2337 847 2394 nobis
893 2338 1139 2409 accipere
1178 2347 1412 2409 poteras,
1458 2339 1773 2394 meritorum

178 2427 550 2497 assumptione
573 2429 890 2499 peragebas.
927 2428 1268 2486 Meminimus
1295 2431 1458 2485 etiam
1484 2445 1590 2501 qua
1619 2429 1774 2485 nobis

178 2519 234 2574 in
256 2521 564 2591 primordiis
585 2523 737 2593 regni
763 2526 933 2581 nostri
955 2523 1246 2581 devotione
1264 2526 1533 2595 servieris,
1556 2525 1774 2598 quando

177 2610 420 2668 maxime
467 2614 836 2693 necessarium
891 2612 1127 2670 ﬁdelium
1174 2615 1404 2670 habetur
1432 2615 1771 2686 obsequium.

177 2701 313 2757 Nam
350 2719 472 2760 cum
520 2714 645 2775 post
688 2707 974 2762 transitum
1030 2705 1259 2780 [Juret.:
1290 2706 1358 2761 Id
1388 2717 1483 2775 est,
1512 2705 1770 2780 mortem]

177 2793 320 2849 diva:
348 2796 623 2851 memoria:
670 2796 854 2852 domui
903 2796 989 2854 avi
1035 2798 1205 2853 nostri
1254 2799 1412 2853 anxia
1451 2799 1772 2870 populorum

177 2891 306 2940 vota
353 2885 709 2956 trepidarent,
757 2895 813 2944 et
850 2887 919 2945 de
965 2888 1102 2944 tanti
1148 2888 1299 2959 regni
1343 2888 1518 2946 adhuc
1564 2890 1773 2946 incerto

178 2977 793 3049 heredesubjectorum
820 2995 880 3037 se
906 2980 1070 3037 corda
1095 2980 1499 3054 perfunderent,
1532 2983 1772 3054 auspicia

179 3076 365 3126 nostra
389 3066 671 3138 Liguribus
696 3069 827 3127 felix
850 3071 1082 3143 portitor
1100 3073 1391 3141 nuntiasti;
1415 3081 1470 3128 et
1497 3074 1774 3144 sapientia:

177 3169 289 3217 tua!
316 3160 645 3217 allocutione
694 3159 891 3217 ﬁrmati
937 3177 1248 3232 mmrorem,
1287 3177 1447 3233 quem
1475 3163 1544 3219 de
1571 3177 1772 3219 occasu

1876 1991 2085 2033 summa
2120 1975 2227 2032 fuit
2247 1991 2461 2032 morum
2490 1974 2772 2031 nobilitate
2799 1976 3138 2045 conspicuus,
3169 1992 3331 2047 quem
3366 1993 3468 2034 nec

1875 2064 2137 2122 ferventia
2164 2066 2305 2123 bella
2335 2073 2691 2137 respuerant,
2720 2081 2842 2121 cum
2873 2068 3160 2137 tranquilla
3186 2070 3295 2124 otia
3326 2085 3466 2140 pne-

1876 2158 2118 2215 dicarent
2153 2177 2166 2212 ε
2220 2174 2453 2230 corpore
2495 2158 2719 2225 validus,
2763 2160 2997 2215 amicitia
3048 2162 3317 2230 robustus,
3364 2165 3467 2219 :evi

1876 2249 2253 2319 antiquitatem
2302 2249 2578 2319 gestabat,
2631 2247 2858 2319 abjectis
2907 2251 3090 2307 smculi
3133 2252 3279 2309 vitiis
3325 2253 3461 2325 [Με.

1874 2341 2035 2407 Aud.,
2070 2341 2294 2411 abjectis
2314 2340 2525 2397 saeculis
2551 2338 2858 2413 Odoacris],
2888 2340 3089 2398 ditatus
3112 2342 3272 2399 claris
3291 2344 3467 2401 bono-

1875 2432 2044 2487 ribus.
2075 2430 2171 2488 llis
2189 2431 2523 2503 temporibus
2549 2430 2765 2487 habitus
2787 2438 2873 2487 est
2897 2431 3144 2498 eximius,
3174 2448 3296 2489 cum
3317 2435 3467 2507 prin-

1876 2538 2007 2594 ceps
2033 2538 2142 2578 non
2169 2529 2315 2579 esset
2334 2529 2569 2577 erectus.
2601 2520 2711 2577 Sed
2729 2520 2857 2593 quid
2884 2522 3158 2592 antiquam
3178 2534 3465 2594 parentum

1876 2613 1994 2683 ejus
2031 2612 2329 2683 repetimus
2374 2610 2734 2678 nobilitatem,
2764 2625 2889 2665 cum
2917 2611 3092 2666 vicina
3122 2613 3469 2684 resplendeat

1875 2704 1999 2761 luce
2024 2702 2296 2774 germani;
2326 2700 2480 2771 cujus
2520 2716 2630 2758 non
2658 2700 2838 2756 dicam
2875 2702 3233 2773 proximitati,
3256 2705 3350 2760 sed
3378 2706 3465 2762 vel

1875 2795 2124 2852 amicitia:
2168 2793 2518 2864 coniunctum
2561 2791 2726 2848 fuisse
2777 2799 2957 2863 potest
2994 2807 3124 2850 esse
3163 2794 3467 2853 laudabile?

1876 2884 2046 2955 Hujus
2072 2882 2358 2939 virtutibus
2395 2883 2470 2937 ita
2517 2896 2577 2937 se
2620 2881 2847 2938 sociavit
2872 2888 3037 2952 atque
3060 2885 3375 2952 connexuit,
3403 2895 3467 2942 ut

1876 2977 1980 3033 hoc
2008 2977 2187 3047 potius
2213 2974 2284 3029 sit
2309 2974 2596 3040 incertum,
2627 2972 2720 3042 qui
2765 2972 2936 3041 magis
2969 2987 3038 3027 ex
3065 2973 3239 3030 altero
3267 2975 3466 3046 praedi-

1874 3078 2044 3126 cetur.
2072 3067 2335 3123 Amicitiis
2352 3065 2446 3121 ille
2471 3073 2691 3136 prazstat
2717 3064 2907 3132 ﬁdem;
2935 3065 3030 3121 sed
3058 3080 3309 3138 magnam
3331 3086 3463 3142 pro—

1878 3160 2054 3217 missis
2082 3158 2245 3215 debet
2284 3158 2387 3213 iste
2433 3156 2810 3212 constantiam.
2844 3155 2938 3211 Ille
2977 3170 3195 3227 quoque
3234 3162 3461 3218 avaritia

177 3259 562 3323 conceperant,
595 3260 717 3309 ortu
764 3253 935 3309 nostri
964 3254 1174 3326 imperii
1213 3254 1266 3309 in
1305 3253 1494 3323 gaudia
1525 3269 1765 3309 commu-
1796 3243 1841 3307 C
1870 3268 2095 3321 vacuus,
2125 3251 2310 3307 etiste
2335 3264 2366 3304 a
2395 3247 2773 3319 cupiditatibus
2794 3249 3055 3319 probatur
3071 3250 3300 3306 alienus.
3320 3251 3459 3309 Hinc

178 3342 389 3398 tabant.
419 3342 703 3400 Innovatio
725 3345 868 3414 regis
898 3345 1017 3400 sine
1044 3345 1223 3414 aliqua
1254 3343 1567 3400 confusione
1597 3352 1772 3398 trans-

178 3433 296 3502 ivit,
318 3442 373 3490 et
389 3434 693 3492 sollicitudo
718 3444 809 3492 tua
834 3436 1081 3507 pmstitit
1100 3435 1244 3505 quod
1274 3451 1372 3491 nos
1400 3435 1575 3490 nullus
1602 3432 1773 3490 olfen-

177 3524 282 3581 dit.
312 3525 488 3596 Atque
507 3525 629 3581 ideo
648 3526 876 3598 probato
898 3525 1094 3581 talibus
1110 3513 1377 3580 institutis
1399 3524 1466 3579 ab
1479 3522 1772 3579 indictione

179 3614 416 3672 feliciter
433 3624 587 3671 sexta
617 3617 791 3687 (Anno
820 3613 1014 3671 Christi
1045 3614 1169 3686 528)
1207 3630 1483 3671 sacrarum
1530 3614 1772 3684 largitio-

178 3722 313 3763 num
341 3708 669 3775 comitxvam,
698 3707 927 3778 pr0pitia
951 3707 1046 3761 tibi
1076 3706 1382 3771 Divinitate,
1403 3705 1767 3762 concedimus.

187 3800 393 3857 Usurus
437 3817 496 3857 es
545 3802 793 3857 omnibus
840 3801 1133 3871 privilegiis
1177 3806 1340 3870 atque
1394 3798 1772 3854 emolumentis

179 3909 303 3965 qua:
327 3893 393 3949 ad
422 3903 543 3951 tuos
564 3893 879 3949 decessores
909 3892 1233 3962 pertinuisse
1265 3897 1580 3946 noscuntur.
1618 3887 1771 3944 Absit

180 3988 329 4043 enim
357 3995 418 4042 ut
455 3986 627 4057 aliqua
669 3986 950 4042 calumnia:
990 3982 1389 4038 machinatione
1434 3979 1767 4051 qnatiantur,

180 4076 277 4148 qui
302 4078 532 4133 actionis
560 4091 670 4132 sua:
698 4075 949 4131 firmitate
970 4074 1288 4130 consistunt.
1319 4071 1442 4126 Fuit
1470 4072 1612 4126 enim
1637 4078 1773 4125 tem-

182 4187 306 4244 pus,
336 4186 457 4227 cum
485 4186 581 4242 per
607 4171 877 4227 delatores
904 4177 1233 4225 vexarentur
1259 4177 1315 4224 et
1337 4167 1565 4237 iudices.
1597 4166 1774 4236 Depo-

183 4261 301 4317 nite
349 4260 461 4330 jam
512 4259 874 4325 formidinem,
916 4260 1009 4331 qui
1056 4274 1164 4315 non
1236 4259 1446 4314 habetis
1489 4273 1770 4315 errorem:

181 4351 448 4407 fructibus
492 4359 792 4407 vestrarum
823 4351 1035 4407 utimini
1081 4350 1434 4419 dignitatum;
1479 4365 1602 4405 nam
1632 4349 1775 4419 quod

182 4441 339 4497 vobis
360 4456 457 4512 per
479 4441 795 4498 decessores
824 4440 1357 4513 prmdecessoresque
1390 4447 1605 4494 nostros
1634 4447 1773 4493 tem-

179 4534 409 4606 poribus
443 4533 629 4590 domni
672 4533 758 4588 avi
806 4533 977 4589 nostri
1023 4531 1360 4588 consuetudo
1400 4531 1559 4600 longa
1604 4529 1771 4594 dedit,

1871 3352 1954 3400 est
1975 3342 2120 3414 quod
2141 3348 2339 3397 norunt
2362 3339 2581 3409 regibus
2608 3353 2826 3394 servare
2854 3338 3035 3404 ﬁdem,
3060 3340 3187 3410 quia
3212 3343 3462 3401 nesciunt

1871 3436 1957 3491 vel
1977 3435 2119 3490 inter
2145 3430 2383 3503 aequales
2407 3446 2665 3487 exercere
2691 3428 2990 3502 perﬁdiam.
3014 3431 3088 3487 lbi
3107 3433 3249 3489 enim
3280 3449 3459 3493 mores

1870 3522 2080 3580 facilius
2107 3524 2428 3595 probantur,
2460 3521 2553 3577 ubi
2580 3528 2773 3576 natura
2801 3521 2902 3576 sub
2930 3520 3179 3578 libertate
3199 3531 3457 3580 monstra-

1871 3624 1980 3674 tur.
2011 3615 2294 3685 Quomodo
2320 3631 2449 3686 ergo
2471 3613 2572 3670 sub
2592 3614 2827 3685 puritate
2847 3628 2957 3668 non
2976 3613 3212 3669 serviant
3230 3614 3461 3671 dominis

1873 3707 2005 3778 suis,
2042 3706 2136 3778 qui
2194 3708 2443 3762 nesciunt
2486 3705 2720 3760 illusisse
2771 3704 3027 3774 collegis?
3075 3704 3170 3762 llis
3215 3705 3461 3763 laudibus

1872 3802 2078 3858 electus
2120 3814 2153 3855 a
2196 3798 2444 3875 conjuge,
2502 3797 2784 3853 Basilianae
2823 3798 3062 3854 sociatus
3116 3796 3286 3853 fertur
3340 3815 3461 3855 esse

1872 3894 2112 3958 familiae;
2142 3893 2285 3963 quod
2316 3892 2632 3962 plerumque
2665 3890 2847 3946 evenit
2885 3904 2917 3944 a
2958 3892 3164 3945 meritis
3206 3891 3461 3961 conjungi

1872 4001 2033 4059 posse
2085 3984 2371 4040 nobilibus.
2426 3982 2676 4052 Inspicite
2721 3982 2774 4035 in
2819 3995 2908 4046 eo,
2954 3981 3000 4035 si
3047 3981 3249 4051 placet,
3296 3982 3460 4036 etiam

1872 4077 2190 4135 familiarem
2233 4076 2427 4139 vitam,
2485 4072 2611 4142 quia
2655 4071 2851 4143 saepius
2909 4070 3203 4140 majoribus
3262 4074 3461 4128 nostris

1872 4172 2019 4226 viros
2059 4166 2350 4223 industrios
2390 4164 2505 4220 haec
2551 4164 2703 4233 signa
2748 4161 3121 4232 prodiderunt.
3172 4160 3281 4217 Res
3336 4162 3462 4218 huic

1873 4260 2084 4333 privata
2114 4266 2265 4313 tanto
2292 4256 2392 4311 fuit
2418 4254 2786 4311 moderamine
2822 4253 3103 4323 disposita,
3146 4261 3206 4308 ut
3240 4268 3339 4308 nec
3363 4255 3462 4309 ali-

1874 4367 1980 4421 qua
2009 4349 2300 4405 tenacitate
2324 4345 2592 4411 sorderet,
2634 4358 2735 4399 nec
2780 4343 2974 4398 iterum
3007 4342 3170 4398 nimia
3198 4343 3464 4401 eﬁ'usionc

1876 4445 2167 4499 laberetur.
2196 4439 2438 4497 Gentiles
2464 4440 2631 4506 victu,
2662 4436 2937 4494 Romanos
2964 4435 3063 4491 sibi
3089 4435 3305 4505 judiciis
3325 4437 3466 4493 obli-

1877 4536 2071 4605 gabat;
2108 4541 2165 4589 et
2214 4531 2362 4588 unde
2408 4529 2737 4600 ingratitudo
2783 4528 2939 4600 133
2969 4526 3321 4595 dignitatibus
3348 4528 3466 4597 ple-

181 4620 515 4693 in'dulgentia
542 4638 761 4693 quoque
807 4630 990 4679 nostra
1019 4621 1272 4678 custodit.
1302 4618 1640 4675 Conferimus
1680 4619 1774 4674 tibi
1804 4622 1852 4681 D
1878 4639 2103 4695 rumque
2129 4623 2296 4690 venit,
2324 4622 2426 4677 iste
2452 4619 2802 4690 disceptando
2849 4618 2949 4674 sibi
2976 4619 3264 4674 amicitiam
3310 4619 3467 4674 colli-

180 4717 453 4773 bonorem
480 4716 741 4784 germani,
767 4714 863 4771 sed
892 4722 952 4770 tu
970 4713 1130 4769 ﬁdem
1160 4712 1278 4784 ejus
1301 4711 1513 4767 imitare
1542 4711 1769 4765 servizii.

181 4808 324 4864 Nam
375 4807 422 4863 si
473 4806 623 4863 illum
679 4805 953 4876 sequeris,
1010 4805 1209 4860 multos
1260 4802 1419 4858 laude
1472 4801 1729 4871 prmcedis
1757 4817 1785 4854 ς’

181 4902 363 4959 virum
389 4899 728 4956 auctoritatis
750 4897 1016 4963 maximae,
1033 4897 1275 4969 probata:
1294 4893 1617 4951 constantia
1634 4892 1773 4965 [Ac.,

181 4990 576 5065 conscientiae],
608 4991 702 5061 qui
741 4990 841 5047 sub
880 4996 1032 5044 tanto
1072 4989 1312 5060 principe
1359 4993 1416 5042 et
1458 4985 1575 5040 sine
1619 4983 1776 5054 culpa

180 5083 385 5156 paruit,
415 5091 471 5140 et
493 5083 754 5154 justitiam
781 5081 1030 5137 laudatus
1059 5079 1322 5136 exercuit.
1357 5076 1669 5147 Promptum
1694 5081 1777 5129 est

183 5174 335 5231 enim
372 5174 640 5230 testimare
686 5172 815 5244 quid
865 5169 1113 5241 gesserit,
1159 5167 1375 5239 quando
1414 5166 1515 5223 sub
1565 5165 1776 5233 ingrato

184 5280 505 5325 successore
531 5265 825 5336 palatinum
855 5261 1092 5320 ollicium
1120 5259 1386 5331 pmconia
1430 5257 1547 5329 ejus
1593 5264 1779 5311 tacere

184 5374 300 5415 non
330 5357 524 5428 potuit.
566 5355 791 5413 Difﬁcile
839 5356 1022 5424 itaque
1067 5368 1175 5408 non
1215 5358 1300 5407 est
1344 5349 1587 5405 moribus
1624 5344 1777 5416 sequi

186 5466 351 5524 posse
387 5465 735 5521 germanum;
765 5450 889 5519 quia
928 5455 983 5504 et
1029 5447 1083 5501 in
1123 5440 1553 5501 conversationis
1598 5437 1776 5494 fructu

176 5541 508 5616 plerumque
521 5541 886 5604 consentiunt,
899 5538 992 5608 qui
1005 5538 1162 5593 unius
1180 5534 1385 5591 semine
1396 5536 1772 5604 procreantur.

716 5666 1050 5727 EPISTOLA
1084 5664 1245 5722 XVII.

409 5801 633 5844 ΒΕΕΔἸὋΙ
662 5799 809 5840 unus
842 5797 1003 5839 ROIE
1030 5792 1392 5839 ATBALARICUS
1429 5789 1556 5832 κει.

186 5877 418 5939 ﬂuitant
459 5876 641 5935 laudat
663 5873 975 5946 Opilionem,
995 5881 1196 5945 patrem
1242 5878 1290 5927 et
1329 5870 1545 5941 fratrem
1573 5864 1772 5934 ipsius;

1874 4718 2054 4787 gebat.
2086 4715 2278 4772 Videte
2296 4714 2423 4785 quid
2449 4713 2609 4769 faciat
2638 4712 2832 4767 nobilis
2851 4719 3063 4766 natura.
3096 4710 3174 4765 Ex
3194 4710 3466 4780 judicibus

1874 4818 2037 4866 natus
2070 4807 2328 4863 arbitrum
2370 4805 2595 4873 agebat;
2621 4801 2768 4873 quod
2810 4802 2912 4857 nisi
2941 4816 3008 4856 ex
3037 4817 3249 4860 morum
3278 4800 3466 4872 probi-

1876 4910 1989 4957 tate
2027 4899 2171 4971 nulla
2213 4904 2393 4969 potest
2431 4896 2744 4963 contingere
2789 4894 3022 4949 ratione.
3053 4892 3188 4948 Nam
3230 4893 3475 4973 fascibus

1879 4990 2117 5054 obedire,
2144 4988 2460 5059 plerumque
2487 4984 2767 5056 potestatis
2808 4984 3102 5040 necessitas
3147 4984 3329 5053 cogit:
3370 5001 3472 5055 pa-

1881 5096 2001 5137 rere
2022 5080 2188 5151 judici
2216 5080 2447 5150 privato,
2472 5077 2589 5133 sola
2609 5077 3003 5133 sententiarum
3032 5075 3277 5146 probitas
3314 5074 3365 5130 fa
3376 5077 3471 5130 cit.

1884 5172 2034 5228 Unde
2072 5171 2229 5227 nobis
2266 5169 2388 5241 plus
2434 5167 2606 5224 laudis
2644 5166 2856 5223 videtur
2895 5167 3096 5222 habere
3129 5164 3476 5222 voluntarius

1873 5263 2061 5333 judex,
2086 5261 2304 5332 quando
2349 5259 2419 5315 ad
2456 5259 2783 5315 audientiam
2826 5272 2936 5313 non
2962 5255 3197 5325 eligitur,
3229 5254 3336 5311 nisi
3382 5257 3475 5326 qui

1873 5357 2050 5427 justus
2085 5368 2205 5409 esse
2250 5351 2489 5407 moribus
2530 5349 2845 5407 aestimatur.
2876 5339 3241 5418 Quapropter}
3282 5354 3476 5416 patres

1880 5445 2190 5517 conscripti,
2222 5444 2399 5499 favete
2442 5442 2637 5499 vestris
2683 5439 2930 5505 alumnis,
2961 5447 3018 5495 et
3052 5438 3255 5494 nostris
3292 5436 3477 5493 favete

1874 5539 2109 5613 judiciis.
2150 5535 2402 5594 Secundo
2442 5534 2513 5590 ad
2559 5542 2796 5589 vestram
2824 5532 3030 5588 curiam
3072 5529 3244 5598 venit,
3272 5529 3368 5600 qui
3402 5544 3477 5586 ex

1878 5639 2131 5690 senatore
2174 5638 2337 5687 natus
2361 5636 2465 5696 est,
2511 5634 2568 5684 et
2596 5625 2785 5683 aulicis
2815 5623 3171 5695 dignitatibus
3205 5622 3473 5695 probatur

1875 5724 2195 5781 honoratus.
