3974 6410
479 429 588 486 751

1003 527 1332 587 EPISTOLA
1372 521 1554 578 XVIII.

537 649 708 694 I’BIJCI
734 645 858 687 'IBO
876 643 1137 688 ILLUSTRI,
1160 635 1453 688 ουιεδτοιιι,
1479 625 1842 672 ΑτιιΑιΑιιιευε
1864 623 1992 662 REX.

496 728 632 784 Eum
655 735 705 780 et
731 718 1065 793 amplissimis
1110 712 1352 836 laugibus‘
1398 706 1650 770 celebrat,
1709 710 1760 787 et
1805 705 2067 771 questura

1230 798 1326 836 ana
1359 818 1372 832 .
1972 807 1978 812 .

1230 798 1372 836 enat.
1972 807 1978 812 -

549 883 962 943 ~Professionem
994 883 1207 934 constat
1230 885 1350 927 esse
1383 865 1602 938 justitize
1624 905 1638 929 ,
1664 862 1844 930 legum
1867 854 2072 928 peritos

497 977 707 1048 iudices
731 970 1012 1034 ordinare;
1041 963 1166 1036 quia
1193 961 1282 1016 vis
1321 963 1504 1029 potest
1530 951 1820 1048 negligere,
1850 945 1942 1048 qni
1973 957 2073 1046 no-

500 1033 580 1122 in
625 1062 972 1134 aequitatem;
999 1033 1128 1110 nec
1161 1049 1321 1105 facile
1366 1048 1566 1102 erroris
1615 1041 1742 1096 vitio
1783 1033 2076 1098 sordescit,

503 1171 666 1228 quem
691 1127 936 1209 doctrina
979 1142 1304 1218 purgaverit.
1336 1136 1546 1192 Dudum
1572 1145 1626 1188 te
1656 1127 1954 1186 forensibus
1981 1138 2079 1178 ue-

504 1214 668 1318 gotiis
695 1214 1034 1298 insudantem
1059 1214 1249 1292 oculus
1280 1225 1575 1300 imperialis
1596 1220 1850 1292 aspexit;
1881 1230 1984 1272 nec
2003 1214 2082 1268 la-

508 1305 626 1393 ;ere
650 1333 826 1407 potuit
845 1345 950 1402 qua
973 1327 1077 1384 lide
1104 1313 1351 1392 suscepta
1375 1315 1646 1407 peregeris
1661 1353 1676 1378 ,
1693 1325 1809 1407 qua
1838 1305 2082 1407 luculen-

504 1428 587 1482 ntia
617 1397 844 1480 tractata
861 1397 1229 1492 peroraveris.
1257 1411 1437 1480 IEquo
1466 1404 1634 1474 gradu
1663 1397 1970 1469 eloqwntia
1992 1401 2084 1448 tua

505 1524 674 1585 atque
716 1491 1044 1568 conscientia
1085 1505 1288 1576 pariter
1323 1497 1668 1560 incedebant;
1706 1491 1882 1547 nullus
1911 1497 1936 1526 ⁸
1966 1501 2088 1542 sus~

509 1575 706 1674 ceptus
729 1597 876 1673 quod
902 1575 1137 1668 amplius
1171 1591 1504 1647 desideraret
1539 1584 1759 1648 habuit;
1799 1579 1974 1636 nullus
1998 1575 2086 1674 ju:

506 1697 696 1752 dicum
723 1665 869 1762 quod
896 1689 951 1744 in
977 1665 1031 1742 te
1057 1683 1328 1752 corrigere
1365 1684 1557 1749 .posset
1604 1672 1826 1729 invenit.
1853 1665 2093 1724 Accessit

514 1788 662 1843 enim
687 1760 943 1840 venustas
995 1775 1106 1834 oris
1155 1781 1212 1828 et
1255 1769 1473 1827 castitas
1518 1764 1702 1822 animi.
1742 1760 2000 1817 Juvenem
2038 1765 2093 1810 te

1694 403 1763 459 Μ.
1807 402 1894 461 All
1907 394 2081 452 liELll
2117 386 2513 450 CASSIODURI

2097 511 2145 570 Α
2171 513 2260 559 tur
2286 497 2580 558 innumeris
2607 535 2622 558 ,
2647 493 2897 550 laudatur
2943 485 3156 562 pinguis
3187 498 3302 540 am
3329 480 3557 537 densior
3584 490 3778 546 seges.

2168 595 2472 664 Antiquitas
2497 605 2590 644 vos
2621 587 2744 643 fecit
2767 583 2976 640 nobiles
3004 578 3226 646 haberi,
3253 591 3355 630 nos
3383 587 3643 628 senatum
3671 585 3783 624 νεα

2169 662 2347 740 lumus
2387 683 2548 738 etiam
2591 679 2659 732 de
2710 673 3098 731 numerositate
3154 666 3461 740 prmdicari.
3502 662 3649 718 Hinc
3694 668 3788 716 est

3663 361 3780 418 “liii

2172 773 2314 846 quod
2343 772 2494 827 vobis
2518 781 2807 838 aggregare
2835 764 3082 834 cupimus
3116 775 3277 830 quem
3315 757 3628 830 reperimus
3661 752 3789 807 ubi-

2173 845 2386 936 cunque
2425 863 2772 934 przccipuum.
2805 855 2937 911 Nam
2965 853 3091 909 licet
3120 851 3262 922 apud
3286 866 3384 904 vos
3420 845 3792 902 seminarium

2175 956 2246 1010 sit
2270 933 2508 1017 senatus,
2541 961 2717 1004 tamen
2738 955 2792 1003 et
2815 945 2884 1001 de
2911 950 3096 1000 nostra
3136 937 3466 1007 indulgentia
3509 933 3795 999 nascitur,

2177 1047 2268 1116 qui
2285 1043 2476 1100 vestris
2504 1039 2733 1098 coetibus
2765 1036 3087 1108 applicetur.
3121 1033 3386 1087 Alumnos
3421 1035 3642 1083 cunctae
3691 1041 3796 1079 no-

2179 1137 2266 1192 bis
2298 1135 2513 1205 pariunt
2553 1130 2737 1186 aulicze
2765 1127 3087 1196 dignitates;
3123 1131 3393 1194 quaestura
3431 1127 3621 1174 autem
3663 1131 3802 1172 vere

2181 1237 2355 1286 mater
2399 1225 2666 1282 senatoris
2711 1231 2816 1286 est,
2866 1219 3124 1293 quoniam
3167 1232 3232 1272 ex
3279 1213 3573 1284 prudentia
3615 1210 3802 1264 venit.

2183 1319 2322 1388 Quid
2359 1318 2502 1372 enim
2542 1314 2752 1382 dignius
2781 1325 2941 1382 quam
2971 1309 3135 1365 curiae
3161 1307 3481 1378 participem
3529 1302 3676 1363 ﬁeri,
3706 1298 3806 1369 qui

2186 1409 2412 1466 adhtesit
2453 1407 2680 1462 consilio
2720 1400 3040 1474 principali?
3079 1397 3186 1454 Sed
3213 1395 3341 1466 quia
3387 1392 3650 1465 prudenti
3680 1393 3807 1446 viro

2189 1517 2297 1557 non
2336 1500 2531 1556 sufficit
2560 1495 2882 1568 generaliter
2921 1491 3178 1549 conclusa
3201 1486 3471 1546 laudatio.
3509 1484 3638 1554 ejus
3670 1491 3809 1537 nota

2189 1593 2515 1665 propriaque
2555 1598 2852 1656 tangamus.
2905 1583 3240 1651 Qumstorem
3287 1587 3561 1643 nostrum,
3615 1583 3812 1646 patres

2189 1682 2524 1752 conscripti,
2563 1677 2873 1747 cognoscite
2919 1673 3229 1742 eloquentia
3290 1672 3444 1742 prius
3493 1668 3814 1724 exercitata

2194 1773 2483 1844 placuisse,
2507 1779 2562 1824 et
2584 1769 2661 1826 sic
2685 1763 3055 1822 advocationis
3075 1778 3186 1818 sme
3207 1762 3348 1834 [Ac.,
3375 1759 3534 1824 Niu.,
3559 1757 3813 1829 assidue]

519 1877 670 1934 solus
697 1875 860 1929 decor
905 1865 1178 1928 ostendit,
1211 1862 1278 1917 ab
1321 1874 1417 1916 ore
1444 1858 1702 1928 primasvo
1749 1866 1884 1908 cana
1931 1847 2095 1904 verba

2211 1863 2420 1918 crebras
2453 1861 2629 1928 egisse
2653 1857 2925 1922 victorias,
2967 1862 3028 1910 ut
3063 1855 3257 1910 merito
3294 1853 3399 1908 sibi
3439 1867 3572 1907 eum
3606 1851 3816 1906 electio

521 1968 894 2022 manaveruot.
925 1953 1214 2014 Contendit
1237 1949 1336 2006 llos
1354 1948 1528 2003 anatis
1556 1953 1614 2001 et
1640 1941 1918 1999 maturitas
1945 1951 2100 1992 men-

525 2059 593 2113 tis
622 2075 635 2110 :
674 2055 769 2110 sed
814 2050 996 2124 potius
1023 2047 1114 2103 illa
1141 2041 1446 2114 superavit,
1471 2053 1592 2108 quas
1620 2049 1719 2091 nos
1748 2031 1816 2088 ad
1844 2031 2101 2086 virtutum

525 2147 723 2217 gradus
771 2143 1105 2213 gloriamque
1151 2132 1415 2206 perducit.
1467 2129 1806 2198 Quapropter
1850 2129 2104 2192 .aptamus

527 2249 752 2293 munera
776 2209 1033 2288 vnomini
1075 2233 1133 2282 et
1181 2223 1389 2280 meritis
1443 2220 1580 2284 tuis;
1618 2225 1679 2273 ut
1724 2228 1920 2270 arcana
1956 2209 2104 2278 regia

530 2327 700 2382 fidelis
727 2321 961 2394 accipias
983 2356 999 2383 ,
1024 2324 1082 2374 et
1106 2315 1190 2370 vir
1209 2313 1478 2383 eloquens
1521 2309 1815 2369 litteratam
1864 2300 2106 2372 reperias

529 2391 864 2488 dignitatem.
887 2411 1040 2466 Nunc
1065 2421 1256 2464 causas
1283 2403 1516 2474 gloriose
1538 2399 1738 2470 judica,
1769 2409 1903 2466 quas
1931 2391 2112 2448 lauda-

523 2484 712 2566 biliter
736 2504 1028 2579 perorahas
1056 2517 1071 2554 :
1114 2497 1351 2554 assideat
1385 2494 1478 2550 tibi
1501 2490 1716 2563 propria
1739 2495 1793 2543 et
1815 2484 2108 2542 exercitata

518 2575 800 2658 .doctriua.
858 2593 1019 2650 Modo
1047 2599 1133 2647 est
1160 2587 1288 2644 felix
1310 2594 1365 2641 et
1391 2593 1539 2641 certa
1590 2579 1826 2637 conditio
1873 2575 2113 2646 negotio-

469 2691 473 2695 “
523 2707 687 2757 eum,
718 2685 932 2759 quando
959 2683 1050 2738 ille
1091 2676 1414 2736 sententiam
1443 2672 1606 2740 dicit,
1652 2669 1745 2740 qui
1786 2682 1892 2722 non
1928 2669 2112 2738 potest

538 2748 790 2852 ignorare
817 2773 964 2847 quod
988 2772 1159 2844 eligit.
1200 2768 1317 2824 Non
1353 2765 1496 2822 enim
1525 2763 1682 2819 decet
1697 2759 1930 2830 judiccm
1953 2748 2120 2810 mini-5

522 2845 710 2930 .sirum
738 2845 857 2924 esse
881 2862 1175 2922 voluntatis
1217 2857 1472 2923 alterius;
1517 2862 1578 2909 ut
1605 2850 1774 2920 magis
1819 2845 1974 2902 alteri
2019 2857 2114 2914 pa-

525 2969 686 3027 .reat,
717 2960 803 3016 cui
833 2967 912 3014 tot
937 2955 1132 3010 milites
1157 2945 1548 3007 obsecundant.
1570 2941 1728 2996 Certe
1749 2938 1795 2995 si
1819 2938 1870 2990 in
1894 2934 2012 2988 aliis
2033 2943 2115 2986 to-

531 3025 818 3110 -lerandum
857 3059 1152 3116 utcunque,
1197 3039 1357 3097 nimis
1397 3037 1453 3092 in
1498 3041 1764 3106 quaestore
1809 3025 2116 3116 pudendum

529 3157 659 3213 est;
687 3153 744 3200 ut
769 3141 862 3214 qui
886 3114 1102 3209 eligitur
1125 3133 1193 3190 ad
1217 3128 1475 3202 principis
1510 3123 1792 3183 consilium
1818 3160 1834 3186 ,
1863 3114 2116 3172 solatium

529 3205 822 3308 exspectet
845 3205 1098 3287 alienum.
1116 3225 1182 3279 Et
1202 3223 1346 3288 ideo,
1369 3217 1514 3290 quod
1543 3215 1652 3270 Deo
1674 3209 1891 3284 auspice
1917 3205 2116 3261 dictum

524 3295 765 3398 -sit,.per
790 3329 1000 3380 sextam
1026 3315 1374 3374 indictionem
1406 3307 1576 3378 (Anno
1605 3303 1796 3359 Christi
1827 3295 1958 3398 5’28)-
1980 3308 2121 3364 quae-

521 3387 708 3477 stura).
753 3412 849 3470 tibi
893 3407 1222 3468 conferimus
1272 3399 1608 3468 dignitatem.
1648 3392 1756 3449 Sed
1782 3399 1906 3445 tuus
1947 3387 2120 3442 honor

521 3505 808 3580 imperitis
827 3499 1174 3574 opprobrium
1203 3502 1305 3552 est.
1332 3491 1464 3547 Nam
1489 3487 1626 3544 sicut
1652 3479 1984 3540 conscientia
2000 3477 2120 3530 lana

537 3563 802 3669 £12m
826 3563 1140 3666 provehitur
1171 3583 1394 3648 meritis,
1427 3580 1502 3635 ita
1529 3577 1629 3633 sub
1658 3582 1810 3630 reatu
1835 3569 1999 3669 jacet,
2025 3563 2122 3669 qui

537 3705 610 3746 se
629 3655 912 3758 'inipanem
945 3676 1221 3752 cognoscit
1248 3669 1560 3730 muneribus
1587 3660 1910 3722 consecutis.
1943 3655 2123 3711 Habes

785 3775 930 3831 viros
954 3812 970 3838 ,
999 3743 1136 3842 quos
1159 3775 1212 3822 te
1238 3764 1428 3820 deceat
1441 3755 1664 3814 imitari.
1693 3747 1942 3806 Pnecede
1981 3743 2123 3800 fama

750 3833 992 3937 sequeris
1015 3833 1292 3930 dignitate.
1321 3852 1455 3910 Nam
1483 3849 1528 3905 si
1553 3858 1607 3904 te
1621 3843 1855 3918 sprivata
1875 3839 1986 3894 vita
2013 3833 2123 3890 vir-

549 3927 752 4016 t-ntibns
776 3927 1040 4022 esercuit,
1069 3927 1270 4023 quanto
1298 3944 1490 4001 melius
1517 3946 1772 4013 provecta
1797 3927 2124 3989 declarabit?

547 4049 833 4122 Sumpsisti
863 4059 1062 4102 nomen
1084 4019 1160 4096 ex
1181 4037 1386 4094 meritis
1417 4052 1431 4088 :
1464 4029 1696 4096 custodi,
1721 4034 1780 4080 ut
1807 4035 2019 4092 semper
2047 4019 2128 4073 lan-

537 4107 700 4198 .teris'
727 4137 956 4195 veritate
979 4125 1436 4188 -.vocabuli..Nam
1465 4135 1587 4178 cmn
1615 4115 1794 4175 omnis
1837 4107 2126 4182 appellatio

543 4233 619 4288 ad
646 4225 995 4287 declarandas
1035 4237 1124 4279 res
1165 4217 1414 4274 videatur
1441 4210 1694 4282 imposita
1718 4245 1734 4271 ,
1761 4201 2128 4260 nimis.absur-

552 4326 680 4378 dum
709 4329 793 4377 est
818 4325 1042 4389 portare
1060 4325 1260 4368 nomen
1293 4309 1557 4370 alienum,
1587 4309 1644 4358 et
1665 4297 1807 4354 aliud
1836 4295 1936 4351 dici
1966 4303 2127 4364 quam

551 4412 725 4487 possit
753 4387 1092 4464 in'moribus
1140 4397 1386 4456 inveniri.
1418 4395 1619 4451 Verum
1667 4390 1781 4446 haec
1815 4387 1972 4442 bonae
1999 4398 2130 4440 con-

551 4477 792 4557 scientia:
818 4496 960 4551 dicta
1005 4489 1276 4548 sufﬁciant
1305 4505 1320 4542 ε
1350 4486 1475 4558 quia
1502 4481 1737 4540 dubitari
1781 4479 1850 4535 de
1881 4477 1974 4542 inp
2010 4487 2130 4530 cre-

553 4591 716 4656 ditur,
747 4587 834 4658 qui
864 4583 1104 4657 plurimis
1131 4581 1468 4636 admouetur.

1087 4711 1414 4769 EPISTOLA
1449 4709 1585 4766 XIX.

775 4823 1000 4866 senum
1037 4821 1188 4862 uanis
1214 4821 1374 4860 mina:
1405 4808 1773 4858 “ﬂammeus
1795 4813 1920 4852 nux.

562 4903 786 4959 Felicem
813 4916 930 4956 cum
953 4898 1154 4970 familia
1181 4889 1418 4968 plurimis
1449 4900 1601 4970 ornat
1627 4890 1866 4970 laudibus
1890 4927 1907 4954 ,
1929 4895 1978 4942 et
2003 4885 2138 4942 serio

905 4963 977 5024 bit
1005 4985 1058 5023 se
1082 4963 1196 5022 enni
1224 4976 1525 5038 quwstorem
1551 4963 1783 5034 elegisse.

631 5063 976 5117 Lieetctetus
997 5065 1176 5112 vester
1201 5054 1434 5124 genuino
1457 5051 1572 5124 με.
1598 5060 1648 5105 et
1677 5049 1872 5114 Forn.,
1897 5041 2137 5117 gemino]

560 5151 843 5223 splendore
868 5163 1085 5218 semper
1111 5145 1399 5200 irradietur
1419 5183 1435 5209 ,
1466 5141 1662 5198 clarior
1691 5149 1872 5194 tamen
1904 5135 2142 5192 redditur

562 5241 772 5313 quoties
793 5247 1042 5308 .augetur
1066 5235 1267 5294 lumine.
1289 5233 1626 5302 dignitatum.
1659 5229 1792 5286 Nam
1822 5227 2020 5284 cmlum
2063 5226 2142 5296 ip-

563 5350 682 5390 sum
725 5333 897 5388 stellis
922 5326 1314 5402 c0piosi..simis
1342 5326 1462 5396 plus
1503 5324 1752 5392 refulget,
1785 5330 1840 5378 et
1861 5322 1927 5376 de
1956 5333 2145 5372 nume-

563 5441 685 5480 rosa
726 5421 1120 5494 pulchritudine
1148 5417 1447 5473 mirabilem
1477 5414 1804 5470 intuentibus
1845 5410 2020 5465 reddit
2045 5410 2144 5462 de-

567 5533 770 5574 corem.
810 5513 1024 5568 Natura:
1069 5509 1334 5580 siquidem
1385 5507 1602 5562 insitum
1633 5513 1715 5559 est
1771 5511 1829 5557 ut
1874 5501 2142 5556 bonorum

567 5607 722 5678 copia
753 5605 874 5676 plus
899 5603 1150 5658 delectet.
1198 5597 1359 5655 Prata
1397 5595 1629 5666 denique
1657 5595 1879 5651 tioribus
1908 5595 2139 5665 pingun-

2205 1951 2542 2023 triumphalls
2595 1947 2924 2011 adsciverit,
2977 1951 3245 2015 quatenus
3296 1943 3496 2013 palmis
3555 1941 3820 1998 felicibus

2204 2044 2552 2112 inauguratus
2603 2039 2754 2094 VObla
2791 2037 2948 2092 daret
2987 2037 3171 2092 omina
3208 2037 3546 2090 laureatum.
3597 2033 3689 2087 Ad
3739 2033 3822 2086 fo-

2192 2147 2361 2188 rense
2379 2130 2710 2204 gymnasium
2732 2129 2908 2200 prima
2927 2136 3088 2184 aetate
3113 2126 3396 2191 deductus,
3422 2124 3640 2180 studuit
3664 2141 3820 2181 scm-

2204 2242 2302 2299 per
2326 2225 2618 2294 integritati
2639 2223 2864 2289 mentis;
2895 2229 2958 2278 et
2984 2221 3351 2277 nobilissimus
3372 2218 3614 2290 pudore,
3645 2217 3821 2274 casti-

2189 2325 2374 2372 ,tatem
2409 2315 2651 2386 corporis
2699 2314 2800 2370 sub
2841 2313 3009 2368 nimio
3047 2311 3238 2378 labore
3271 2309 3562 2381 transegit.
3611 2307 3825 2363 Orator

2205 2405 2499 2470 facundus,
2545 2404 2892 2474 gravissimus
2929 2411 3230 2473 patronus,
3275 2409 3569 2471 susceptas
3618 2413 3826 2454 causas

2211 2496 2321 2552 suis
2343 2495 2624 2566 praeconiis
2651 2493 2975 2562 adjuvabat;
3003 2491 3223 2562 quando
3256 2489 3410 2546 credi
3455 2504 3570 2544 non
3599 2498 3829 2560 pote;at

2213 2584 2488 2654 negotium
2517 2581 2893 2652 improbabile,
2929 2581 3016 2637 cui
3049 2581 3173 2636 talis
3200 2579 3494 2635 videbatur
3533 2580 3825 2635 assistere.

2212 2673 2402 2728 Nonne
2419 2671 2827 2742 praetermittere
2841 2671 2989 2727 hunc
3008 2669 3181 2724 virum
3198 2676 3344 2725 esset
3366 2668 3652 2739 publicum
3679 2670 3811 2724 dam

2212 2769 2380 2824 num?
2410 2764 2546 2833 Quid
2583 2765 2726 2820 enim
2753 2774 2848 2820 aut
2873 2765 3030 2820 nobis
3067 2772 3163 2820 aut
3181 2763 3338 2820 vobis
3364 2763 3537 2819 debet
3573 2779 3706 2820 esse
3736 2779 3828 2818 ac-

2192 2859 2424 2930 .ceptius
2451 2873 2612 2930 quam
2640 2865 2824 2914 vestro
2861 2857 3117 2928 conjungi
3143 2857 3325 2921 lateri,
3361 2857 3459 2926 qui
3487 2857 3640 2912 inter
3681 2857 3831 2926 leges

2214 2949 2412 3004 meruit
2459 2950 2780 3019 approbari?
2817 2949 3016 3004 Amare
3063 2962 3300 3019 namque
3336 2963 3434 3004 eas
3476 2957 3692 3020 potest,
3735 2965 3833 3020 per

2195 3055 2349 3112 .quas
2378 3041 2572 3098 doctus
2597 3041 2790 3096 enituit
2818 3059 2832 3094 :
2860 3040 2987 3096 dum
3015 3039 3236 3097 allectat
3279 3041 3668 3112 unusquisque
3708 3041 3831 3110 glo-

2217 3131 2354 3186 riam
2381 3146 2555 3199 suam,
2584 3145 2686 3187 nec
2709 3130 2954 3187 oblivisci
2980 3138 3166 3200 potest
3193 3130 3432 3199 animus,
3462 3144 3536 3186 ex
3578 3146 3694 3202 qua
3737 3146 3835 3186 no-

2143 3235 2190 3298 c
2219 3219 2302 3274 bis
2336 3227 2502 3289 parte
2545 3217 2708 3274 fuerit
2739 3219 3000 3296 sociatus.
3044 3218 3276 3274 Creditis
3311 3217 3495 3286 .forte,
3547 3221 3834 3292 principes

2219 3309 2341 3377 viri,
2365 3323 2563 3365 novam
2591 3310 2644 3364 in
2667 3309 2814 3367 hunc
2852 3309 3302 3382 impetratamque
3329 3313 3668 3382 apparuisse
3703 3329 3834 3384 pru-

2217 3397 2469 3455 dentiam.
2495 3397 2666 3470 [Origo
2695 3399 2812 3470 ejus
2851 3399 3223 3460 haereditarias
3257 3400 3362 3457 sibi
3401 3401 3626 3460 litteras
3656 3405 3834 3459 vindi-

2219 3491 2380 3558 cavit,
2409 3491 2562 3560 cujus
2585 3499 2739 3562 pater
2776 3491 2852 3546 ita
2890 3491 2944 3546 in
2984 3489 3381 3547 Mediolanensi
3417 3492 3543 3549 foro
3585 3495 3838 3566 sesplen-

2220 3579 2356 3646 duit,
2384 3588 2446 3636 ut
2485 3590 2688 3637 {Dme
2715 3579 2889 3637 fructu
2911 3596 2944 3637 e
2983 3580 3234 3638 Tulliano
3265 3583 3486 3654 cespite
3513 3585 3833 3652 pullularet.

2221 3667 2454 3725 Proinde
2481 3670 2728 3739 quamvis
2751 3669 2822 3725 sit
2845 3667 2931 3726 vel
2956 3671 3096 3726 inter
3116 3670 3426 3728 mediocres
3451 3671 3837 3729 dia‘licillimmn

2222 3761 2470 3832 placendi
2521 3774 2714 3830 genus,
2759 3768 2944 3816 tamen
2991 3761 3368 3818 advocationis
3420 3763 3654 3820 laudem
3704 3767 3841 3820 inter

2222 3851 2510 3922 primarius
2543 3852 2869 3921 eloquentiae
2903 3851 3218 3922 frequenter
3255 3855 3461 3909 meruit
3487 3855 3774 3912 invenire.
3795 3855 3842 3912 ls

2223 3949 2411 3998 contra
2446 3953 2700 4010 magnum
2728 3938 3202 4012 Olybriumstetit,
3228 3940 3274 3997 is
3313 3942 3633 4012 palmarum
3673 3943 3842 4014 Euge-

2225 4031 2369 4088 netis
2408 4029 2607 4100 lingua:
2642 4031 2892 4086 ubertate
2931 4029 3172 4097 suffecit;
3214 4037 3272 4087 et
3307 4030 3417 4086 illis
3458 4047 3562 4102 par
3609 4035 3840 4098 exstitit,

2231 4137 2370 4194 quos
2393 4122 2693 4191 singulares
2717 4120 2890 4177 Roma
2924 4122 3198 4191 cognovit.
3229 4119 3372 4188 Quid
3413 4123 3564 4178 enim
3609 4138 3842 4193 genero-

2227 4216 2340 4273 sius
2367 4228 2530 4284 quam
2556 4221 2637 4271 tot
2659 4215 2962 4271 litterarum
2988 4229 3244 4285 proceres
3267 4215 3532 4271 habuisse
3561 4217 3844 4287 majores?

2229 4305 2365 4360 Nam
2387 4305 2435 4361 si
2453 4305 2766 4362 inveterata:
2792 4313 2850 4360 et
2874 4319 2972 4376 per
2995 4319 3166 4375 gentm
3186 4305 3364 4361 ductae
3397 4305 3614 4362 divitiae
3642 4309 3846 4363 nobiles

2230 4398 2458 4468 faciunt,
2501 4398 2674 4454 multo
2720 4398 2894 4468 magis
2934 4397 3280 4468 praestantior
3324 4404 3434 4462 est,
3481 4397 3656 4468 cujus
3703 4400 3846 4466 origo

2237 4490 2508 4548 thesauris
2539 4489 2836 4560 prudentiae
2871 4488 3115 4560 locuples
3141 4489 3437 4546 invenitur.
3466 4487 3844 4560 Quapropter,

2161 4599 2212 4660 ι)
2236 4590 2416 4652 patres
2438 4579 2750 4650 conscripti,
2778 4579 2957 4636 favete
2993 4587 3183 4635 nostro
3217 4579 3447 4649 judicio,
3481 4595 3552 4636 ac
3577 4583 3708 4636 suis
3741 4595 3847 4634 me-

2239 4673 2358 4728 ritis
2394 4671 2700 4736 candidato,
2741 4671 2956 4740 quando
2993 4673 3153 4743 135.
3179 4673 3225 4727 si
3259 4670 3429 4744 [Ms.,
3467 4671 3573 4727 Gr.
3626 4684 3680 4727 et
3715 4672 3843 4740 an..

2242 4761 2342 4834 sic]
2370 4763 2590 4832 collegas
2625 4775 2841 4816 manum
2865 4761 3166 4818 clementiae
3202 4762 3506 4832 porrigitis,
3543 4779 3651 4819 vos
3679 4766 3848 4833 potius

2243 4855 2553 4912 sublevatis.

2785 4985 3125 5040 'EPlSTOLA
3162 4983 3281 5038 XX.

2241 5091 2466 5136 ιιιιεΝο
2495 5091 2618 5132 νιιιο
2648 5092 2913 5144 ιιιυετῐιι,
2937 5083 3229 5131 PREFEC’IO
3259 5091 3580 5144 PBETORIO,
3616 5093 3847 5132 νικωμ-

2877 5161 3032 5202 διευς
3059 5162 3188 5202 κει.

2245 5258 2440 5318 Scribit
2482 5275 2537 5313 se
2582 5260 2886 5330 praefectum
2927 5259 3175 5332 prdatorio
3217 5269 3437 5332 propter
3466 5259 3848 5332 improbitatem

2317 5327 2936 5412 prefectnraoansovisse,
2967 5331 3096 5382 etin
3120 5327 3233 5412 eius
3267 5329 3445 5384 locum
3465 5327 3850 5401 δαῆειέικλιο

2318 5402 2541 5462 bienum,
2565 5401 2648 5470 qui
2671 5416 2993 5467 summopere
3015 5401 3358 5470 prwdicatur.

2321 5490 2561 5545 Assertio
2583 5491 2901 5544 meritorum
2927 5500 3028 5556 est.
3059 5490 3313 5559 Ροιιιῖεεθ
3343 5493 3473 5561 eligi
3507 5501 3648 5563 905l-
3677 5495 3850 5562 Ῐωβῖθ·

2251 5585 2470 5639 bitatem
2491 5579 2684 5648 judicis
2713 5581 2948 5636 accusati
2977 5599 2989 5632 :
3013 5581 3232 5650 quando
3254 5597 3523 5638 excessus
3557 5583 3848 5654 νιτιιςεᾱειι-

642 5765 668 5794 ι
699 5755 945 5817 Suscepti
967 5752 1182 5812 nomine
1202 5749 1450 5808 clientem
1475 5747 1730 5816 intellige.
1750 5745 1849 5802 .De
1893 5759 2001 5817 quo
2024 5742 2189 5798 verbo
2235 5737 2364 5794 dicit
2389 5735 2561 5792 iuret.
2594 5749 2654 5791 se
2677 5733 2996 5790 observasse
3028 5733 3081 5788 in
3107 5734 3256 5790 notis
3283 5734 3353 5790 ad
3391 5735 3743 5806 Symtnach.,
3774 5733 3831 5785 lib

575 5842 628 5894 v,
657 5827 817 5896 epist.
847 5824 938 5878 39.
