3974 6424
171 375 265 431 755

1415 369 1778 429 VARIARUM
1821 369 2020 428 LIBER
2065 373 2196 430 \‘lll.

3338 368 3446 426 ’ἴῖἶι

166 495 286 548 tium
320 509 428 548 non
464 491 768 562 corrigitur,
796 490 898 547 nisi
944 505 1067 546 cum
1095 501 1381 546 successor
1400 489 1636 559 optimus
1664 487 1750 543 in-
1777 495 1821 554 Α
1854 488 2024 560 pieuti
2065 487 2359 554 otfendere,
2406 487 2494 541 ubi
2542 486 2768 542 alterum
2813 487 3014 558 reperit
3054 485 3322 542 incidisse.
3351 485 3448 541 .lus

167 588 387 644 venitur.
421 587 719 643 Contrariis
741 587 902 641 rebus
923 585 1241 656 plerumque
1268 581 1532 638 medicina
1561 596 1752 637 succe-

165 679 252 734 dit.
295 678 427 734 Nam
474 678 602 733 dum
650 677 800 733 calor
827 675 1006 732 vitalis
1051 673 1321 730 adhibitus
1363 671 1542 740 fuerit,
1582 669 1750 744 frigus

165 771 470 844 pestiferum
494 779 622 826 tunc
649 768 874 824 recedit.
903 767 1092 822 Nubila
1121 767 1237 837 ipsa
1263 774 1546 821 ventorum
1578 764 1750 834 spira-

166 864 300 918 tione
342 868 659 930 terguntur;
709 867 764 914 et
793 859 987 928 Aquilo
1010 857 1202 914 faciem
1242 857 1363 913 cteli
1407 855 1747 926 tranquillam

163 955 350 1025 reddit,
375 970 536 1026 quam
575 954 842 1010 Australis
869 969 998 1008 aura
1035 951 1348 1007 turbaverit.
1393 949 1485 1005 Sic
1525 964 1624 1004 nos
1662 947 1752 1004 de—

162 1063 427 1105 cessorem
461 1053 614 1100 tuum
641 1043 1014 1100 submovimus
1047 1055 1232 1098 amore
1271 1039 1658 1110 generalitatis,
1691 1046 1752 1094 ut

163 1149 220 1195 tu
244 1138 630 1194 saluberrimus
668 1136 972 1192 advenires.
1011 1132 1296 1190 Contraria
1322 1131 1590 1204 prioribus
1625 1129 1749 1184 imi-

163 1239 292 1294 tare,
325 1235 382 1283 et
409 1225 678 1281 laudanda
699 1224 974 1298 peregisti.
1005 1223 1100 1280 llle
1126 1221 1408 1278 calumniis
1429 1219 1667 1285 odiosus,
1692 1225 1748 1273 tu

161 1321 310 1380 stude
353 1329 415 1377 ut
451 1320 660 1390 justitia
701 1319 946 1376 reddaris
989 1327 1263 1388 acceptus.
1309 1317 1496 1388 Rapax
1546 1315 1660 1382 ille,
1691 1323 1750 1370 tu

162 1415 456 1471 continens.
487 1415 762 1469 Bonorum
794 1412 1036 1468 omnium
1065 1412 1244 1466 brevis
1269 1419 1354 1466 est
1381 1409 1646 1471 definitio.
1669 1408 1747 1463 vi-

163 1515 271 1562 tare
303 1521 425 1576 qua:
455 1504 613 1572 fecit;
653 1504 912 1575 quoniam
940 1519 1070 1559 vere
1106 1501 1410 1558 illaudanda
1454 1505 1602 1569 sunt,
1631 1514 1750 1570 qua:

161 1613 253 1652 suo
294 1595 502 1666 judicio
545 1593 940 1666 comprobavit.
988 1593 1220 1664 Respice
1268 1591 1504 1661 denique
1553 1591 1606 1645 in
1655 1590 1750 1646 illo

161 1689 332 1744 odium
359 1688 653 1760 publicum,
687 1695 742 1744 et
769 1696 828 1742 tu
855 1701 1099 1743 amorem
1121 1685 1377 1743 affectare
1405 1693 1746 1741 cunctorum.

159 1780 311 1836 Tanti
356 1780 462 1835 tuis
491 1780 732 1836 moribus
759 1787 964 1849 gratias
987 1787 1168 1851 agant,
1208 1779 1396 1850 quanti
1426 1779 1567 1834 illius
1595 1793 1750 1834 acer-

1852 581 1992 636 forte
2021 588 2327 652 prmtcrcat,
2377 581 2467 650 qui
2491 578 2613 648 jura
2644 581 2900 646 nescivit;
2931 587 3102 633 totum
3129 592 3160 632 a
3190 587 3243 634 te
3272 578 3449 647 legiti-

1851 693 1997 732 mum
2027 677 2304 747 qumritur,
2342 675 2495 746 cujus
2535 675 2689 742 origo
2731 673 2947 730 indocta
2979 675 3142 728 fuisse
3183 673 3442 728 nescitur.

1851 769 2114 840 :Equales
2153 769 2247 825 tibi
2295 777 2420 825 sunt
2459 768 2579 824 libri
2608 777 2850 823 veterum
2890 775 2946 822 et
2990 766 3234 822 actiones
3259 779 3446 836 paren-

1852 866 1988 916 tum.
2025 857 2224 914 Prmsta
2254 859 2496 930 opinioni
2540 867 2664 924 tum,
2699 864 2895 929 prtesta
2936 865 3124 912 nostro
3149 855 3352 926 judicio
3378 863 3438 912 ut

1852 951 2027 1022 impar
2052 967 2160 1006 non
2190 952 2263 1006 sis
2283 951 2488 1006 meritis
2508 963 2738 1022 quorum
2767 946 2992 1018 aequasti
3020 961 3119 1018 per
3140 953 3324 1001 nostra
3350 944 3448 1001 be-

1850 1043 2042 1102 neﬁcia
2071 1045 2377 1116 dignitates.

2394 1195 2724 1252 EPISTOLA
2763 1195 2907 1250 XXI.

2019 1303 2276 1343 CYPRIANO
2315 1304 2439 1342 VIRO
2470 1304 2716 1342 PATBICIO
2745 1301 3112 1342 ΑτιιΑιΛιιιουε
3153 1299 3277 1339 κει.

1853 1375 2012 1432 Ilium
2043 1380 2105 1434 ob
2133 1381 2337 1451 egregia
2375 1379 2572 1434 bellica:
2600 1380 2800 1432 virtutis
2819 1378 3088 1504 facinora,
3131 1384 3180 1429 et
3215 1377 3276 1428 ob
3305 1374 3446 1444 ﬁlios

1923 1451 2050 1504 bene
2077 1453 2338 1504 institutos
2364 1451 2569 1504 reaiaue
2594 1449 2792 1504 oblatos
2841 1457 3016 1502 nudat.
3044 1445 3174 1500 Tum
3199 1445 3446 1504 patricia-

1923 1451 2050 1504 bene
2077 1445 2338 1505 institutos
2364 1451 2569 1521 regique
2594 1449 2792 1504 oblatos
2819 1445 3016 1504 laudat.
3044 1445 3174 1500 Tum
3199 1445 3448 1516 patricia-

1925 1530 2008 1574 tus
2029 1521 2333 1592 dignitatem
2353 1523 2398 1575 ei
2428 1523 2648 1590 confert.

1927 1609 2076 1668 Licet
2103 1613 2334 1684 propriis
2363 1611 2674 1682 frequenter
2700 1611 2997 1668 honoribus
3021 1617 3078 1666 et
3101 1607 3341 1680 germani
3367 1605 3447 1661 tui

1850 1702 2017 1760 fueris
2035 1703 2295 1774 dignitate
2319 1702 2588 1769 laudatus,
2615 1711 2798 1758 tamen
2817 1702 2942 1771 quia
2967 1708 3158 1756 natura
3179 1701 3449 1754 honorum

1852 1811 1962 1852 non
1997 1795 2319 1866 expenditur
2353 1809 2494 1851 cum.
2515 1793 2765 1859 refertur,
2795 1791 2950 1862 quasi
2979 1789 3048 1846 ad
3077 1789 3336 1860 judicium
3361 1802 3450 1842 re-

159 1872 374 1928 bitatem
415 1870 642 1927 actionis
680 1878 958 1928 accusant.
989 1870 1246 1959 Animare
1285 1869 1448 1940 igitur
1474 1869 1741 1926 dedecore
1774 1877 1818 1937 Β
1848 1887 2124 1954 vel-timur,
2150 1885 2218 1942 de
2247 1901 2356 1959 quo
2376 1883 2488 1957 jam
2514 1885 2783 1956 pmoonia
2806 1883 2974 1938 multa
2994 1871 3313 1938 εοηυειιαηι,
3344 1878 3452 1934 τε-

143 1963 524 2035 praecedentis,
565 1963 784 2034 quando
806 1972 930 2034 post
958 1963 1109 2020 illum
1142 1955 1399 2034 professa:
1428 1962 1646 2017 malitiae
1667 1961 1750 2017 vi-

153 2075 292 2129 rum,
345 2059 429 2115 vel
480 2074 510 2114 a
559 2059 720 2114 malis
763 2058 1087 2114 abstinuisse
1147 2057 1414 2112 laudabile
1467 2064 1570 2110 est.
1613 2053 1750 2110 Nam

152 2151 308 2223 quale
333 2151 459 2217 erit,
490 2151 536 2206 si
569 2149 832 2207 beneﬁcia
870 2151 1164 2222 provinciis
1183 2149 1389 2206 tribuas
1417 2163 1536 2220 quae
1564 2148 1752 2204 hacte-

153 2261 250 2302 nus
276 2261 388 2301 non
408 2243 718 2304 habebant?
741 2243 952 2299 Bonum
975 2241 1251 2298 insolitum
1277 2241 1402 2313 plus
1423 2248 1664 2306 amatur;
1697 2246 1754 2295 et

151 2332 395 2406 sequenti
430 2333 627 2405 gaudio
657 2333 870 2391 confert
904 2332 1244 2390 dulcedinem
1282 2338 1587 2403 temporum
1615 2345 1752 2402 prae-

153 2425 311 2482 missa
331 2426 574 2481 tristitia.
609 2425 787 2496 Atque
813 2425 937 2482 ideo
956 2423 1302 2496 praefecturae
1331 2423 1429 2479 tibi
1457 2421 1632 2479 fasces
1655 2436 1754 2492 per

153 2523 362 2571 sextam
385 2513 616 2572 feliciter
648 2515 998 2572 indictionem
1029 2516 1204 2587 (Anno
1235 2514 1427 2570 Christi
1457 2512 1608 2586 528),
1641 2512 1753 2566 Deo

153 2606 444 2662 auxiliante
467 2647 484 2674 ,
527 2605 858 2663 conferimus
894 2621 1054 2677 :qua:
1091 2615 1298 2678 quanto
1340 2603 1444 2662 fuit
1485 2605 1754 2660 hactenus

152 2700 371 2756 laesione
400 2698 676 2769 terribilis,
709 2706 857 2754 tanta
891 2713 1037 2754 nunc
1058 2699 1261 2756 habere
1288 2698 1455 2754 debet
1489 2694 1754 2754 beneficia

152 2793 410 2859 lenitatis,
443 2791 709 2864 siquidem
735 2792 976 2849 sauciata
1013 2800 1103 2848 tua
1131 2807 1261 2850 cura
1283 2790 1578 2848 refovenda
1605 2797 1750 2846 sunt.

151 2881 268 2938 Non
311 2883 438 2950 tuis,
481 2898 588 2938 non
636 2881 827 2938 alienis
872 2881 1122 2938 manibus
1166 2882 1450 2953 quisquam
1477 2887 1749 2952 gravetur.

149 2976 282 3032 Nam
314 2975 456 3044 ultra
485 2991 674 3032 omnes
697 2976 1002 3046 impietates
1041 2983 1125 3031 est
1159 2991 1354 3032 nocere
1378 2972 1495 3049 [Gr.
1521 2983 1573 3028 et
1606 2971 1752 3044 Cuj.,

151 3066 369 3139 necare]
393 3067 572 3135 lznsos,
597 3067 687 3137 qui
708 3082 906 3123 sanare
927 3067 1167 3123 creditur
1185 3066 1514 3121 vulneratos.
1545 3061 1754 3118 Redeat

152 3159 222 3214 ad
261 3175 462 3215 nomen
513 3159 794 3229 antiquum
837 3157 1157 3230 prmfectura
1195 3157 1287 3212 illa
1333 3157 1595 3228 prmtorii,
1638 3163 1752 3210 toto

1849 1979 2140 2035 stiticatum
2159 1987 2244 2036 est
2263 1979 2332 2035 de
2355 1987 2408 2034 te
2429 1978 2689 2051 quidquid
2710 1977 2779 2034 de
2805 1976 3072 2043 ﬁdelibus,
3098 1973 3356 2047 quidquid
3381 1972 3452 2028 de

1849 2070 2200 2127 benemeritis
2222 2069 2408 2127 debuit
2433 2069 2708 2127 aestimari.
2737 2068 2845 2126 Sed
2869 2069 3029 2140 digne
3056 2066 3293 2131 laudum,
3322 2081 3449 2120 cum

1849 2162 2116 2230 voluerit,,
2133 2163 2401 2218 novitates
2429 2162 2648 2231 emittit,
2673 2162 2766 2233 qui
2805 2176 2867 2218 se
2914 2160 3144 2216 actionis
3179 2158 3452 2230 probitate

1851 2252 2160 2322 complevit.
2203 2251 2406 2308 Natura
2444 2253 2700 2324 perennis
2748 2249 2910 2323 fontis
2953 2257 3039 2308 est
3091 2250 3274 2320 gloriae
3309 2265 3450 2304 vena

1851 2345 2166 2413 laudabilis;
2193 2360 2320 2400 nam
2345 2343 2490 2401 sicut
2515 2344 2607 2401 ille
2637 2353 2666 2384 ι
2693 2343 2914 2400 ﬂuendo
2952 2358 3062 2399 non
3103 2339 3447 2412 expenditur,

1851 2436 1930 2491 sic
1946 2450 2046 2492 nec
2069 2436 2172 2492 ista
2193 2434 2392 2492 celebri
2411 2449 2662 2492 sermone
2682 2435 2933 2491 siccatur.
2952 2433 3107 2501 Quod
3128 2441 3185 2489 et
3203 2432 3249 2489 si
3271 2439 3451 2486 trans-

1851 2535 1974 2582 acta
2006 2535 2306 2594 taceantur,
2338 2542 2480 2583 nova
2517 2527 2763 2598 probaris
2789 2539 3078 2595 suggerere
3112 2538 3232 2597 quae
3259 2523 3450 2578 dican-

1854 2623 1960 2682 tur,
1991 2616 2082 2687 qui
2110 2631 2234 2672 cum
2259 2625 2420 2672 :etate
2447 2616 2648 2673 crescis
2675 2630 2890 2686 semper
2917 2622 2972 2670 et
2996 2613 3220 2670 meritis.
3243 2609 3452 2668 Cursus

1854 2722 2116 2763 annorum
2158 2707 2332 2766 laudis
2371 2709 2466 2765 tibi
2505 2715 2764 2780 procurat
2803 2715 3170 2776 augmentum.
3201 2703 3452 2760 Senescis
3507 2739 3512 2743 -

1853 2798 2074 2869 quidem
2119 2797 2372 2870 corpore,
2419 2798 2514 2856 sed
2560 2798 2718 2854 laude
2757 2796 3086 2867 juvenescis.
3130 2794 3325 2850 Merito
3355 2793 3452 2848 tibi

1853 2890 2122 2962 prolixior
2139 2898 2272 2947 aatas
2298 2872 2535 2961 optatur,
2561 2890 2614 2944 in
2642 2905 2750 2960 quo
2776 2887 2918 2944 fama
2940 2902 3156 2958 semper
3181 2886 3455 2942 robustior

1857 2981 2146 3037 invenitur.
2192 2979 2437 3036 Habuisti
2485 2981 2586 3036 sub
2629 2981 2767 3036 divae
2814 2979 3088 3034 memoria:
3119 2978 3321 3034 domno
3348 2992 3454 3032 avo

1857 3080 2045 3128 nostro
2075 3072 2128 3126 in
2160 3080 2388 3142 utraque
2431 3078 2588 3142 parte
2633 3070 2880 3126 laudatas
2918 3085 3134 3139 semper
3175 3067 3451 3124 excubias.

1862 3162 2005 3218 Vidit
2029 3171 2085 3218 te
2113 3163 2288 3218 adhuc
2315 3162 2529 3231 gentilis
2563 3161 2835 3215 Danubius
2871 3160 3187 3216 bellatorem
3214 3177 3226 3212 :
3260 3174 3368 3214 non
3400 3168 3454 3213 te

151 3252 284 3308 orbe
308 3249 612 3306 laudabilis.
642 3249 810 3319 Cujus
855 3249 900 3304 si
941 3249 1263 3320 principium
1303 3263 1626 3318 quaaramus,
1657 3262 1756 3318 per
1781 3247 1829 3311 C
1860 3254 2052 3311 terruit
2081 3253 2368 3323 Bulgarum
2398 3252 2609 3321 globus,
2634 3251 2726 3321 qui
2755 3252 2916 3306 etiam
2947 3251 3145 3306 nostris
3171 3258 3289 3305 erat
3313 3263 3442 3320 ρι-ω.

149 3341 356 3412 Ioseph
401 3355 431 3396 a
461 3341 738 3397 beneficiis
768 3340 1064 3396 inchoavit.
1109 3339 1222 3396 Nec
1248 3339 1518 3395 immerito
1547 3354 1578 3394 a
1618 3338 1752 3408 legi-

148 3436 251 3490 bus
273 3434 475 3490 nostris
500 3441 658 3505 pater
685 3432 1104 3504 provinciarum,
1135 3439 1292 3502 pater
1309 3431 1472 3487 etiam
1494 3431 1755 3502 prmdica-

150 3539 243 3583 tur
270 3527 484 3598 imperii
509 3545 522 3580 :
547 3527 673 3598 quia
698 3526 776 3583 sic
791 3525 958 3596 juste,
987 3527 1064 3581 sic
1092 3524 1317 3597 provide
1336 3525 1424 3594 agi
1446 3524 1750 3590 voluerunt,

147 3629 211 3676 ut
237 3636 350 3676 non
382 3618 684 3675 districtum
709 3617 906 3689 judicis
933 3632 1156 3686 nomen,
1186 3617 1282 3673 sed
1324 3615 1647 3673 vocabulum
1676 3615 1753 3672 illi

143 3713 368 3782 pietatis
419 3711 783 3782 imponerent.
832 3709 1000 3766 Justis
1053 3724 1118 3766 ac
1159 3709 1356 3765 debitis
1414 3707 1753 3778 compendiis

142 3813 394 3858 nostrum
426 3818 524 3874 per
572 3811 626 3859 te
672 3809 884 3858 crescat
921 3800 1194 3856 aerarium.
1231 3797 1405 3855 Lucra
1448 3799 1749 3867 renuimus,

139 3911 268 3966 quae
297 3895 476 3966 legum
504 3903 662 3951 cauta
693 3895 1010 3967 profanant;
1053 3895 1309 3966 pecunias
1334 3895 1456 3951 illas
1480 3894 1748 3961 volumus,

139 3988 345 4058 quibus
369 3969 501 4042 libra
521 3986 743 4056 jUstitia:
762 3986 1103 4057 suffragatur.
1129 3986 1299 4043 Aﬁdes
1326 3995 1540 4043 nostras
1559 3985 1782 4064 nequi-1

137 4081 275 4135 tiam
321 4095 428 4134 non
471 4080 707 4150 patimur
737 4079 980 4147 introire,
1031 4080 1158 4150 quia
1200 4095 1302 4136 nec
1332 4080 1542 4151 privata
1581 4079 1753 4135 intro-

136 4175 366 4230 mittere
395 4170 523 4246 [Με.
547 4184 597 4232 et
619 4171 736 4241 Gr.,
769 4173 1020 4245 privatim
1044 4172 1410 4246 introducere]
1462 4187 1752 4244 possumus

130 4282 305 4338 quam
330 4267 553 4336 publica,
575 4281 711 4322 voce
731 4266 1070 4322 damnamus.
1113 4267 1330 4334 Audite,
1358 4267 1593 4338 judices,
1622 4265 1750 4338 quid

131 4366 410 4423 amemus,
441 4357 611 4413 nolite
653 4357 799 4412 aliud
831 4358 885 4412 in
925 4358 1123 4412 malum
1161 4357 1437 4429 publicum
1463 4356 1745 4429 suspicari.

127 4447 278 4504 Nam
308 4449 396 4505 cui
419 4465 514 4505 vos
540 4464 639 4520 per
661 4449 873 4520 iniquas
896 4450 1230 4520 provisiones
1252 4450 1471 4505 creditis
1493 4465 1613 4505 esse
1637 4449 1754 4519 pla-

121 4542 365 4608 citurus,
393 4556 518 4596 cum
549 4556 648 4596 nos
694 4541 1038 4611 cognoscatis
1086 4541 1201 4597 sola
1234 4540 1326 4595 illa
1355 4540 1600 4608 diligere.
1631 4555 1751 4610 qua:

1857 3345 2164 3416 sumptione
2199 3343 2509 3400 certaminis
2544 3342 2875 3398 obstaturus.
2920 3341 3195 3397 Peculiare
3230 3341 3326 3396 tibi
3356 3338 3449 3395 fuit

1857 3445 1914 3494 et
1943 3438 2236 3493 renitentes
2264 3436 2526 3492 barbaros
2566 3435 2801 3504 aggredi,
2841 3442 2898 3491 et
2927 3450 3218 3492 conversos
3247 3442 3458 3490 terrore

1856 3533 2076 3589 sectari.
2123 3530 2216 3588 Sic
2261 3531 2541 3588 victoriam
2587 3529 2891 3586 Gothorum
2931 3545 3037 3584 non
3077 3536 3184 3583 tam
3229 3542 3456 3582 numero

1855 3639 2017 3695 quam
2061 3623 2252 3679 labore
2295 3615 2504 3693 juvisti.
2545 3621 2742 3679 Postea
2770 3637 2926 3688 vero,
2952 3620 3097 3692 quod
3135 3635 3243 3675 non
3281 3619 3458 3676 minus

1855 3715 1987 3786 ipsis
2007 3715 2398 3770 certaminibus
2427 3713 2544 3781 fuit,
2575 3713 2926 3769 referendarii
2953 3711 3190 3768 ofﬁcium
3221 3711 3456 3768 laborio-

1855 3811 1929 3867 sis
1969 3807 2408 3866 contentionibus
2455 3807 2778 3876 exhibebas.
2829 3806 3074 3863 Fuerunt
3119 3806 3264 3860 enim
3313 3803 3456 3876 apud

1855 3902 2004 3958 illum
2030 3900 2290 3956 virtutum
2318 3898 2558 3956 omnium
2579 3897 2753 3953 virum
2780 3897 3128 3954 exercitualia
3153 3895 3237 3951 vel
3266 3902 3456 3964 pacata

1853 3992 2091 4050 servitia.
2122 3989 2252 4058 Quis
2280 3990 2426 4046 enim
2461 4005 2570 4045 non
2599 3997 2784 4058 ageret
2809 3988 3031 4052 bellum,
3055 3988 3150 4058 qui
3179 3987 3253 4042 illi
3283 3987 3454 4057 potuit

1854 4093 2173 4163 competens
2219 4081 2476 4139 exhibere
2519 4081 2878 4152 responsum?
2909 4081 3010 4148 Qui
3052 4087 3256 4135 tantam
3283 4079 3454 4134 tlrmi-

1855 4187 2022 4234 tatem
2051 4176 2218 4232 animi
2259 4191 2479 4250 semper
2507 4175 2706 4244 exegit,
2735 4183 2942 4230 tantam
2971 4174 3256 4229 verborum
3287 4173 3340 4228 in
3371 4187 3454 4228 as-

1855 4269 2085 4326 serenda
2131 4269 2360 4325 veritate
2400 4267 2785 4332 constantiam,
2825 4275 2886 4323 ut
2931 4267 3125 4323 merito
3165 4281 3225 4322 se
3266 4265 3458 4322 vicisse

1855 4364 2062 4419 diceret
2108 4362 2344 4426 hostem,
2393 4361 2488 4434 qui
2535 4361 2629 4417 illo
2678 4366 2947 4431 prasente
2991 4359 3163 4414 vitare
3201 4358 3461 4416 valuisset

1854 4470 2114 4512 errorem.
2154 4453 2290 4509 llinc
2323 4453 2424 4508 fuit
2455 4451 2602 4523 quod
2639 4451 2757 4522 ejus
2803 4450 3062 4522 obsequia
3109 4449 3458 4506 reddiderunt

1853 4544 2166 4616 prudentes,
2198 4545 2324 4614 quia
2361 4543 2569 4600 cautela
2609 4557 2828 4614 semper
2864 4542 3104 4598 adhibita
3145 4541 3303 4611 erigit
3327 4557 3458 4596 sen-

124 4641 370 4704 possunt
391 4630 615 4701 justitize
642 4633 864 4688 monitis
891 4632 1221 4688 convenire?
1247 4631 1456 4686 Vestris
1488 4629 1599 4700 jam
1630 4647 1742 4686 mo-
1772 4631 1824 4692 Ι)
1849 4653 2002 4706 sum;
2032 4645 2087 4692 et
2111 4635 2236 4692 dum
2263 4636 2476 4706 culpam
2501 4635 2622 4707 quis
2645 4634 2899 4691 formidat
2917 4636 3214 4700 incurrere,
3237 4635 3458 4706 sapien-

121 4723 290 4778 ribus
319 4721 576 4792 peccatis,
611 4723 656 4780 si
684 4731 811 4794 post
859 4723 960 4778 ista
995 4721 1328 4792 delinquitis.
1370 4720 1477 4777 Sed
1508 4721 1580 4776 illi
1607 4720 1746 4776 forte

121 4815 268 4870 talia
295 4815 588 4884 gesserint,
620 4816 714 4886 qui
743 4815 812 4871 ad
837 4815 1127 4886 dignitates
1173 4814 1287 4872 suis
1315 4815 1629 4885 parentibus
1659 4813 1743 4868 in-

117 4907 390 4974 cognitas
436 4913 803 4978 pervenerunt
833 4925 846 4960 :
880 4914 937 4962 tu
983 4914 1109 4978 post
1146 4907 1317 4978 patris
1370 4906 1744 4976 prml'ecturam

114 4998 468 5054 laudabilem
510 4998 713 5071 aliquid
735 4997 880 5070 quod
909 4999 1106 5054 mt-lius
1137 4997 1459 5070 praedicetur
1485 4997 1742 5067 adjunge;

113 5090 264 5160 quia
295 5088 606 5158 diligentior
631 5104 850 5162 semper
877 5105 998 5146 esse
1024 5089 1187 5146 debet
1210 5093 1302 5160 qui
1327 5091 1588 5160 sequitur,
1619 5089 1744 5144 dum

109 5183 278 5236 bona
325 5189 612 5252 parentum
652 5181 1010 5253 probabiliter
1053 5189 1109 5237 et
1156 5181 1352 5236 imitari
1385 5181 1647 5252 cupimus,
1693 5192 1750 5236 et

109 5273 362 5327 vincere
383 5270 719 5328 festinamus.
746 5271 972 5329 Accedit
997 5271 1164 5327 etiam
1195 5271 1300 5326 tuis
1331 5271 1580 5326 laudibus
1601 5271 1747 5341 quod

1852 4728 1997 4784 tibus
2023 4743 2082 4784 se
2108 4727 2299 4782 nititur
2327 4739 2642 4795 aggregare.
2679 4723 2922 4780 Contulit
2948 4724 3111 4780 etiam
3141 4721 3458 4794 dignitatem

1853 4835 2127 4876 sacrarum
2155 4818 2521 4887 largitionum,
2544 4816 2649 4872 hoc
2673 4824 2758 4872 est
2778 4815 3026 4872 laborum
3051 4825 3268 4872 tuorum
3290 4815 3462 4886 aptis-

1852 4911 2046 4966 simum
2089 4910 2240 4985 [Ac.,
2265 4906 2688 4980 apertissimum]
2725 4920 2954 4976 munus,
2981 4921 3146 4978 quam
3173 4907 3253 4963 sic
3283 4915 3454 4973 casta,

1854 5001 1934 5058 sic
1958 5001 2236 5056 moderata
2279 5007 2462 5055 mente
2503 4997 2782 5069 peregisti,
2813 5004 2872 5054 ut
2905 4997 3115 5068 majora
3143 4996 3246 5052 tibi
3270 4997 3456 5052 deberi

1857 5090 2081 5159 faceres,
2111 5091 2360 5162 quamvis
2392 5105 2513 5146 eam
2541 5089 2596 5144 in
2624 5103 2826 5158 magna
2859 5089 3079 5160 praemia
3106 5088 3455 5160 suscepisses.

1852 5185 1958 5242 Per
1991 5187 2146 5258 135
2178 5185 2296 5240 hmo
2330 5193 2384 5242 te
2424 5181 2616 5239 ﬂorida
2657 5181 2914 5254 juventus
2942 5181 3201 5248 exercuit,
3231 5181 3325 5237 sed
3355 5197 3458 5236 no-

1851 5259 1980 5331 stris
2009 5275 2342 5346 temporibus
2367 5281 2504 5328 tatas
2535 5281 2748 5328 matura
2783 5271 3038 5327 servavit.
3063 5269 3306 5327 Consilio
3333 5272 3458 5342 qui-

105 5363 294 5420 dictis
331 5362 664 5434 prudentum
708 5363 961 5436 probaris
1007 5363 1270 5420 imbutus.
1314 5362 1494 5420 Grave
1539 5374 1622 5420 est
1661 5381 1749 5420 sa-
1853 5369 1978 5425 dem
2014 5366 2319 5439 plurimum
2349 5363 2516 5432 vales,
2551 5377 2653 5420 nec
2679 5362 2707 5402 δ
2737 5361 2939 5419 fractus
2971 5369 3152 5420 tamen
3179 5371 3340 5418 retate
3363 5378 3462 5420 oo-

1861 5549 1888 5606 ὅ
1911 5549 2101 5626 ῖρὸτςος
2129 5549 2268 5626 {view
2294 5551 2407 5626 ἐρ’τί
2450 5556 2513 5620 τῇ
2539 5549 2690 5626 ερρσςει
2721 5551 2904 5626 Vienna.
2931 5547 3102 5626 Quam
3130 5546 3461 5626 sententiam

1859 5617 2188 5676 adumbratis
2219 5620 2272 5674 in
2301 5617 2511 5673 Catone
2539 5617 2746 5687 Majore
2781 5617 2976 5674 Cicero
3005 5617 3161 5673 :Non
3189 5617 3336 5686 cani,
3376 5617 3442 5671 in-

1859 5693 1994 5762 quit,
2028 5707 2134 5746 non
2184 5703 2330 5758 rugze
2375 5699 2600 5762 repente
2633 5687 3318 5762 auctoritatematl'erunt,
3357 5693 3460 5741 sed

1858 5759 2008 5846 recte
2035 5770 2154 5818 acta
2177 5769 2311 5846 tetas
2336 5759 2675 5822 auctoritatis
2697 5759 2905 5816 fructus
2931 5759 3131 5830 prmbet
3159 5767 3456 5814 extremos.

1857 5832 2024 5890 Ἐοιιιη.

199 5562 229 5590 ι·
259 5551 462 5625 Basil.,
514 5551 585 5608 de
631 5550 992 5625 Eleemosyna
1025 5571 1038 5606 :
1074 5551 1147 5608 Ut
1197 5552 1346 5625 putei
1403 5565 1513 5625 quo
1562 5548 1756 5625 saepius

101 5624 482 5691 hauriuntur,
531 5637 719 5679 eorum
766 5622 921 5692 aqua:
967 5625 1158 5695 purius
1205 5622 1398 5695 tluu_nt,
1457 5623 1520 5677 τὰ
1558 5623 1753 5695 φρέατα

101 5697 794 5769 πολὶᾲκις-ᾆξαντλοὺμενα.
819 5693 1112 5769 ε”ίοτζᾶτξρὰ
1136 5693 1268 5750 ἔστι.
1299 5693 1465 5749 Fons.

193 5715 377 5756 ΑΙακις
407 5715 794 5764 εςαντλουμενα.
819 5715 878 5749 επ
919 5716 1112 5769 eampo:
1136 5715 1268 5750 εστι.
1300 5715 1465 5749 POEN-

193 5765 225 5804 δ
259 5765 324 5836 D.
353 5763 742 5836 Hieronymus,
781 5778 830 5818 c.
875 5715 1324 5836 £res‘byterorum,
1359 5780 1418 5836 c._
1441 5775 1558 5830 seq.
1591 5779 1602 5813 :
1631 5759 1750 5836 lion

97 5837 277 5891 enim
309 5835 366 5889 in
395 5830 620 5890 homine
661 5830 814 5901 mtas,
843 5836 939 5890 sed
965 5830 1138 5890 virtus
1165 5834 1456 5904 spectanda
1497 5841 1599 5886 est.
1635 5830 1752 5904 Mef

101 5905 349 5964 nander
373 5923 387 5961 :
416 5909 528 5976 οὐχ
557 5906 610 5960 αἱ
640 5909 824 5982 τρίχες
849 5913 1088 5963 ποιοῦσιν
1111 5907 1163 5961 αἱ
1191 5902 1366 5962 λευκαὶ
1394 5912 1604 5982 φρονεῖν,
1638 5902 1745 5959 ἀλλ’
