3974 6392
538 349 645 404 755

1737 332 1807 388 Μ.
1852 326 2124 387 AURELII
2163 322 2560 384 CASSIODORI

3704 300 3807 362 756

538 464 828 531 gnosceris.
872 463 963 518 Sic
996 462 1137 517 enim
1185 458 1410 528 adeptus
1446 468 1504 510 es
1541 448 1832 507 senectutis
1863 447 2026 511 bona,
2055 449 2115 498 ut
2140 445 2195 505 Α
2218 456 2324 512 quo
2347 441 2503 495 nobis
2529 451 2708 494 sermo
2734 442 2840 531 est,
2869 441 3110 490 nostrum
3257 424 3642 531 taptumrnotlo
3672 440 3807 531 conl-

539 554 654 622 ejus
699 570 804 608 non
849 553 1058 608 subires
1100 546 1456 606 incommoda.
1503 542 1627 598 Hice
1662 548 1788 596 sunt
1824 552 1942 608 qm:
1976 536 2028 590 in
2057 542 2112 589 te

536 645 859 697 aestimamus
891 640 1132 710 augenda
1165 638 1304 710 [Ac.,
1335 630 1593 704 agenda];
1636 639 1697 685 ut
1737 630 1874 684 sicut
1901 640 1961 682 es
1983 639 2113 680 con-

540 733 761 788 scientia
791 733 1066 804 prazditus,
1095 729 1334 785 reddaris
1363 740 1579 796 quoque
1623 724 1827 778 honore
1864 732 2115 775 reveren-

540 826 660 880 dus.
684 824 821 879 Sunt
848 824 989 878 enim
1016 819 1287 877 beneflciis
1313 818 1509 873 nostris
1537 821 1896 871 consentanea
1917 819 1973 866 et
1992 808 2114 863 vita:

542 928 771 984 superna
805 911 1029 982 judicia,
1069 909 1284 979 quando
1328 907 1514 961 talium
1553 902 1782 957 filiorum
1812 908 1965 971 pater
1988 896 2115 952 ell‘e-

544 1013 681 1065 etus,
706 1011 894 1057 natura
919 1000 1033 1071 ipsa
1060 999 1255 1054 videris
1280 1011 1396 1052 esse
1424 993 1695 1066 patricius.
1719 989 1956 1057 Quorum
1975 987 2116 1041 bona

547 1095 825 1151 seruantia
854 1110 960 1149 non
992 1101 1073 1148 est
1100 1090 1383 1146 absurdum
1407 1085 1614 1150 referri,
1642 1081 1855 1152 quando
1882 1079 2116 1133 educan-

550 1186 681 1240 tium
711 1184 917 1240 felicior
950 1183 1070 1237 laus
1112 1188 1194 1237 est
1229 1180 1295 1234 de
1337 1177 1563 1232 filiorum
1599 1174 1865 1245 probitate
1890 1166 2114 1224 laudari.

550 1273 810 1343 Primum,
849 1273 992 1344 quod
1028 1287 1137 1326 non
1177 1270 1407 1325 minimae
1442 1265 1617 1321 laudis
1643 1268 1861 1335 prmstat
1887 1259 2116 1321 initium,

552 1365 774 1421 infantia
807 1379 993 1420 eorum
1030 1369 1156 1418 nota
1194 1369 1280 1417 est
1321 1358 1540 1431 palatio.
1570 1355 1659 1411 Sic
1690 1353 1827 1408 fetus
1854 1350 1951 1417 tui,
1976 1362 2123 1403 more

555 1452 850 1526 aquilzn'se
893 1455 1204 1526 probantes,
1249 1451 1453 1520 regales
1492 1448 1678 1504 oculos
1714 1445 1781 1501 ab
1821 1443 1948 1513 ipsis
1984 1454 2124 1513 pene

554 1546 832 1602 cunabulis
859 1545 1211 1617 pertulerunt.
1247 1542 1506 1597 Relucent
1533 1538 1693 1593 etiam
1720 1534 1889 1606 gratia
1916 1528 2122 1601 gentili,

2213 532 2414 589 ciliavit
2454 530 2644 603 [Juret.
2684 526 2749 582 V.
2799 525 2886 591 C.,
2941 518 3334 591 reconciliavit]
3381 514 3811 575 arbitriumzab

2210 636 2320 676 uno
2347 620 2546 691 quippe
2588 617 2831 688 principe
2874 613 3119 686 provehi,
3168 611 3383 667 videtur
3428 608 3576 665 forte
3603 606 3812 677 gratio-

2212 726 2367 776 sum;
2387 709 2498 779 jam
2528 716 2585 764 et
2621 708 2719 763 sub
2761 707 2935 762 altero
2979 707 3242 759 meruisse
3281 709 3629 772 provectum,
3667 697 3813 767 apud

2214 810 2470 870 utrosque
2497 800 2760 868 integrum
2796 804 3012 854 constat
3039 794 3204 852 fuisse
3240 792 3531 862 judicium.
3563 790 3814 845 Cunctos

2214 906 2343 962 ergo
2371 905 2632 960 sequaces
2668 888 2853 958 habet,
2883 887 2976 957 qui
3008 884 3209 956 aliquid
3238 899 3309 939 ex
3353 883 3589 938 veritate
3617 880 3814 936 decer-

2215 983 2314 1038 nit.
2346 981 2499 1037 Hunc
2522 987 2805 1052 provectus
2832 978 2916 1033 sui
2945 985 3222 1032 auctorem
3235 973 3453 1042 meruit,
3478 982 3540 1027 ut
3565 986 3670 1026 nos
3691 985 3820 1041 aug-

2215 1082 2545 1131 mentatores
2592 1072 2902 1141 dignissime
2930 1070 3212 1139 reperiret.
3243 1066 3341 1122 Ille
3377 1067 3432 1121 in
3461 1081 3591 1121 eum
3618 1061 3818 1119 funda-

2218 1175 2400 1224 menta
2444 1166 2625 1237 posuit
2670 1165 2955 1225 bonorum,
3005 1177 3104 1217 nos
3150 1159 3363 1215 culmen
3408 1157 3819 1214 construximus

2221 1258 2554 1327 dignitatum.
2583 1254 2652 1309 Et
2672 1254 2815 1320 ideo,
2848 1262 3030 1325 patres
3052 1249 3367 1320 conscripti,
3399 1255 3485 1303 tot
3512 1245 3818 1312 laboribus,

2223 1359 2305 1407 tot
2330 1351 2575 1406 laudibus
2611 1346 2906 1405 clarificato
2934 1345 3129 1401 illustri
3158 1344 3277 1399 viro
3307 1340 3594 1414 Cypriane
3621 1352 3821 1407 sugge-

2223 1450 2364 1498 stum
2390 1454 2606 1510 quoque
2649 1437 2963 1509 patriciatus
2988 1434 3309 1501 addidimus,
3347 1447 3417 1488 ne
3455 1432 3637 1500 major
3676 1438 3819 1485 esset

2223 1529 2429 1586 meritis
2466 1530 2578 1584 suis
2614 1542 2773 1597 quam
2815 1525 3113 1581 honoribus
3158 1522 3380 1579 nostris.
3421 1521 3629 1576 Favete
3677 1536 3822 1576 nunc

556 1651 658 1693 nec
683 1612 895 1692 cessant
923 1649 1191 1690 armorum
1217 1631 1383 1686 imbui
1410 1629 1634 1686 fortibus
1666 1624 1938 1682 institutis.
1966 1620 2125 1677 Pueri
2226 1623 2441 1692 collega
2467 1637 2627 1693 quem
2674 1634 2815 1689 smpe
2840 1616 3136 1674 decorastis
3175 1615 3439 1672 extranei.
3484 1612 3730 1669 Securus
3759 1612 3824 1667 ad

558 1729 737 1801 stirpis
764 1729 1020 1784 Romana:
1047 1733 1230 1782 nostra
1265 1723 1447 1792 lingua
1487 1722 1797 1790 loquuntur,
1823 1714 2018 1772 eximie
2045 1712 2128 1767 in—
2227 1714 2331 1771 vos
2360 1714 2520 1777 redit,
2563 1714 2656 1783 qui
2679 1711 2789 1782 jam
2832 1710 3071 1766 honores
3108 1723 3236 1764 suos
3284 1707 3338 1762 in
3382 1706 3657 1762 libertatis
3705 1705 3824 1759 aula

561 1797 799 1875 dicentes
825 1817 1079 1872 exhibere
1115 1829 1175 1871 se
1215 1813 1369 1869 nobis
1404 1811 1637 1867 ﬁll-uram
1680 1807 1858 1871 ﬁdem,
1900 1816 2127 1873 (ἰυοΐιιω
2158 1805 2206 1867 Β
2230 1807 2491 1882 reposuit.
2538 1804 2713 1859 liabet
2758 1802 2922 1857 etiam
2961 1801 3103 1856 unde
3152 1800 3311 1855 nobis
3357 1797 3624 1853 reddl'itur
3671 1810 3822 1851 acce-

559 1907 670 1976 jam
687 1905 933 1961 videntur
953 1891 1994 1959 aﬂectassesermouem.Habemusunde
2010 1889 2123 1957 tibi,
2233 1897 2397 1967 ptior,
2425 1895 2640 1966 quando
2689 1892 2825 1948 tales
2863 1891 3025 1947 curiae,
3069 1898 3263 1947 vestrae
3292 1889 3545 1944 alumnos
3573 1889 3826 1958 protulit.

563 1996 687 2052 felix
714 2003 888 2066 pater,
927 1992 1204 2064 praemium
1242 1990 1434 2046 debeat
1460 1987 1668 2050 referri,
1698 1984 1790 2054 qui
1816 1990 1872 2038 et
1899 1981 2127 2037 filiorum
2227 1986 2297 2042 de
2323 1986 2517 2056 quibus
2544 1984 2785 2054 quamvis
2815 1980 3006 2036 avidus
3032 1990 3204 2052 pater,
3237 1987 3420 2034 tamen
3449 1979 3675 2049 propria
3702 1988 3827 2033 vota

564 2096 777 2143 tuorum
818 2086 974 2142 nobis
1020 2086 1226 2140 animos
1274 2081 1529 2138 οδῑιιιὶεῑίο
1575 2078 1910 2149 Quapropter
1948 2072 2129 2129 multis
2228 2076 2523 2147 superavit,
2545 2090 2654 2130 non
2681 2073 2906 2130 infantia
2936 2073 3193 2143 trepidos,
3247 2086 3358 2127 non
3388 2070 3456 2124 ad
3484 2071 3828 2140 responden-

564 2179 835 2235 laboribus
876 2178 1148 2248 multaque
1193 2175 1298 2231 ﬁde
1344 2182 1399 2230 et
1436 2171 1737 2229 constantia
1779 2166 2129 2238 comprobato
2230 2169 2376 2234 dum,
2419 2174 2480 2222 ut
2524 2166 2741 2232 licebat,
2785 2166 3021 2234 ignaros.
3071 2162 3248 2219 Variis
3285 2163 3487 2231 linguis
3528 2162 3829 2232 loquuntur

564 2269 874 2339 patriciatus
898 2268 1014 2333 tibi,
1040 2267 1151 2322 Deo
1179 2264 1414 2336 auspice,
1439 2260 1763 2318 conferimus
1781 2257 2125 2326 dignitatem:

563 2360 824 2415 honorem
850 2358 1063 2428 quidem
1090 2348 1309 2419 celsum,
1341 2352 1435 2409 sed
1458 2352 1548 2423 qui
1578 2351 1681 2405 tuis
1709 2348 1914 2404 meritis
1939 2345 2133 2417 probe-

566 2460 655 2508 tur
680 2467 797 2507 esse
822 2450 1055 2520 aequalis.
1086 2447 1286 2504 Fruere
1310 2446 1468 2515 igitur
1494 2440 1881 2515 probatissimis
1918 2437 2131 2500 institu-

567 2542 654 2608 tis,
684 2547 744 2596 ut
779 2538 1080 2596 cumbona
1126 2546 1214 2591 tua
1254 2533 1628 2607 geminaveris,
1679 2530 1874 2588 nostris
1921 2527 2133 2586 interim

567 2631 841 2687 beneﬁciis
868 2629 1131 2699 augearis.

1075 2777 1405 2839 EPISTOLA
1440 2775 1599 2832 XXII.

769 2906 999 2948 δεξίωσιν
1017 2906 1165 2947 URBIS
1190 2905 1350 2947 ROIB
1382 2903 1744 2946 Δτωωιιιιουε
1770 2904 1895 2945 REX.

576 3000 700 3056 Post
725 3011 1057 3074 enumeratas
1109 3000 1368 3074 Cypriani
1406 3002 1730 3074 ﬁliorumque
1778 3001 1891 3073 ejus
1934 3001 2134 3074 (audes,

632 3019 700 3056 ast
735 3019 1057 3056 enumeratas
1109 3019 1354 3125 (ag/prtam
1406 3019 1730 3074 [morumque
1778 3019 1891 3073 ejus
1934 3019 2134 3067 tauaes,

632 3071 806 3143 scribit
832 3087 887 3126 se
911 3072 1056 3143 illum
1084 3088 1115 3125 a
1186 3072 1487 3143 patriciatus
1521 3071 1766 3127 honorem
1803 3072 2060 3138 avexisse;
2087 3081 2138 3128 et

640 3152 697 3194 ut
725 3141 964 3197 electioni
984 3143 1094 3213 ejus
1122 3141 1349 3214 faveant,
1377 3142 1630 3196 hortatur.

641 3251 696 3306 Si
724 3252 904 3308 favore
931 3260 1111 3308 vestro
1156 3252 1344 3322 dignus
1381 3263 1482 3319 est,
1524 3255 1617 3324 qui
1641 3254 1726 3310 vel
1753 3255 1923 3312 semel
1960 3254 2138 3326 regale

572 3343 745 3413 potuit
781 3342 1067 3411 impetrare
1101 3342 1376 3411 judicium,
1419 3343 1565 3413 quid,
1612 3352 1793 3413 patres
1826 3346 2135 3417 conscripti,

572 3435 652 3488 vir
680 3432 988 3502 magniﬁcus
1012 3434 1302 3488 merebitur
1326 3432 1639 3505 Cyprianus,
1684 3436 1776 3505 qui
1805 3436 1955 3493 vobis
1978 3437 2141 3493 toties

573 3525 775 3595 gratior
799 3523 959 3578 debet
990 3523 1147 3590 elliei,
1189 3524 1401 3593 quoties
1428 3540 1458 3579 a
1488 3525 1640 3580 nobis
1669 3525 1952 3596 dignitates
1979 3542 2138 3583 acce-

573 3615 746 3682 perit?
774 3612 1053 3669 Certantes
1079 3613 1133 3668 in
1161 3613 1332 3668 stadio
1360 3615 1694 3669 numerosior
1716 3630 1913 3671 corona
1941 3615 2138 3685 gloriﬁ-

576 3712 682 3768 cat,
713 3702 1019 3774 Olympicos
1061 3719 1247 3759 currus
1275 3703 1413 3776 [Ac.,
1447 3703 1654 3776 cursus]
1685 3705 1935 3777 frequens
1962 3706 2139 3776 palma

576 3797 859 3852 nobilitat:
889 3796 966 3851 sic
992 3797 1079 3852 vel
1104 3796 1156 3850 in
1182 3796 1386 3852 levibus
1406 3796 1565 3853 rebus
1584 3796 1865 3867 gloriosior
1891 3797 2136 3866 efﬁcitur,

575 3886 660 3942 cui
687 3888 992 3955 frequenter
1028 3887 1243 3957 prmmia
1282 3885 1607 3943 referuntur.
1657 3887 1733 3943 De
1775 3887 1950 3959 primo
1986 3888 2140 3944 deni-

574 3992 679 4046 que
719 3985 974 4048 provectu
1020 3984 1200 4047 potest
1243 3991 1364 4033 esse
1390 3979 1682 4046 cunctatio,
1711 3978 1839 4034 dum
1867 3978 2017 4033 multi
2044 3978 2143 4034 fal-

575 4069 689 4122 lunt
726 4068 979 4138 principis
1000 4069 1257 4135 animum,
1287 4068 1501 4137 quando
1530 4066 1686 4125 facile
1710 4078 1793 4125 est
1812 4070 2033 4126 illudere
2053 4071 2142 4127 cui

574 4173 785 4227 semper
806 4166 993 4213 votum
1020 4166 1102 4213 est
1129 4158 1461 4227 praestitisse.
1494 4156 1599 4214 Sed
1627 4159 1786 4214 talem
1827 4161 2022 4217 mentis
2048 4177 2143 4217 ex-

575 4247 747 4302 hibuit
781 4248 1158 4313 constantiam,
1197 4256 1403 4303 tantum
1432 4249 1695 4305 bonorum
1740 4251 1926 4307 habuit
1952 4269 2145 4324 propo-

575 4335 755 4401 situm,
790 4343 850 4388 ut
880 4350 1096 4405 semper
1136 4336 1189 4390 in
1215 4352 1275 4391 se
1302 4338 1674 4407 provocaverit
1695 4341 1898 4409 regium
1925 4357 2138 4397 munus.

576 4423 701 4481 Haec
741 4433 823 4480 est
847 4432 992 4479 certa
1021 4425 1213 4494 gloria,
1242 4426 1355 4482 haec
1379 4426 1677 4483 indubitata
1715 4430 2002 4499 sententia,
2031 4431 2143 4487 fre-

2232 2258 2464 2328 egregie,
2494 2255 2720 2312 maturis
2768 2255 2898 2310 viris
2944 2254 3327 2311 communione
3363 2252 3694 2307 miscentur.
3742 2250 3831 2306 Sic

2231 2364 2355 2406 cum
2385 2348 2540 2403 nobis
2570 2348 2684 2402 noti
2709 2352 2852 2413 sunt,
2875 2346 2927 2400 in
2958 2345 3078 2416 ipso
3103 2344 3278 2399 :etatis
3304 2342 3615 2413 primordio
3644 2341 3812 2397 adole

2232 2439 2491 2495 scentiam
2507 2437 2851 2493 transierunt.
2875 2435 3101 2493 Praestet
3123 2434 3303 2490 divina
3321 2432 3586 2502 majestas
3611 2442 3673 2487 ut
3693 2432 3834 2488 sicut

2232 2527 2301 2585 de
2328 2534 2480 2599 patre
2524 2541 2713 2584 eorum
2739 2524 3119 2582 muniﬁcentia:
3162 2537 3361 2580 nomen
3398 2522 3732 2594 extulimus,
3760 2522 3836 2580 sic

2235 2628 2293 2676 et
2319 2620 2373 2675 in
2398 2620 2477 2675 eis
2503 2615 2719 2690 pietatis
2741 2625 2939 2673 nostrae
2968 2617 3153 2672 titulos
3181 2628 3499 2684 augeamus.

2745 2728 3081 2788 EPISTOLA
3118 2727 3308 2784 XXIII.

2236 2841 2565 2885 IERGANTINO
2588 2840 2712 2883 mo
2749 2840 3010 2890 ILLUS'I'I’J,
3058 2838 3241 2879 οοιιιτι
3276 2836 3619 2892 ΡΔΤΒΙΙΟΜῙ,
3660 2837 3837 2879 ATIL-

2835 2908 3055 2951 LARICUS
3089 2908 3215 2949 REX.

2237 3008 2489 3081 Praecipit
2504 3019 2568 3081 ut
2593 3024 2793 3081 massas
2828 3007 3079 3080 quasdam
3105 3021 3219 3081 gnte
3255 3022 3323 3081 ea:
3347 3004 3699 3081 facultatibus
3723 3022 3839 3061 nsa-

2314 3076 2422 3134 tris'
2448 3078 2815 3150 Theodahado,
2841 3076 2999 3150 quem
3033 3076 3222 3131 eximie
3259 3076 3467 3150 laudat,
3512 3076 3837 3149 obtigerant,

2161 3171 2209 3235 ο
2309 3148 2567 3205 actoribus
2586 3150 2697 3220 ejus
2717 3145 2907 3219 absque
2925 3147 3034 3201 ulla
3053 3162 3200 3201 mora
3219 3145 3419 3199 tradat.

2308 3256 2459 3314 Licet
2501 3254 2919 3312 munificentiam
2966 3254 3108 3323 regis
3140 3254 3408 3324 -quotidie
3456 3254 3666 3311 deceat
3713 3270 3840 3312 cum

2238 3350 2355 3408 sole
2389 3348 2652 3414 relucere,
2700 3355 2756 3403 et
2787 3345 2985 3416 jugiter
3022 3345 3223 3414 aliquid
3263 3344 3465 3412 facere,
3514 3361 3632 3417 quo
3671 3348 3842 3419 possit

2239 3437 2457 3508 largitas
2496 3435 2749 3508 principis
2778 3449 3060 3505 apparere,
3100 3434 3227 3490 huic
3256 3442 3442 3489 tamen
3482 3437 3841 3491 conscientia

2239 3527 2480 3583 debitum
2524 3523 2770 3588 solvitur,
2818 3523 3031 3593 quoties
3070 3523 3389 3593 parentibus
3435 3523 3540 3579 sub
3576 3525 3842 3594 aequitate

2239 3622 2541 3688 praestatur.
2566 3613 2865 3669 Lucrantur
2883 3613 3154 3684 principes
3174 3613 3317 3668 dona
3343 3629 3439 3669 sua
3459 3630 3476 3681 ;
3500 3623 3557 3670 et
3578 3616 3693 3672 hoc
3714 3631 3842 3672 vere

2241 3704 2502 3761 thesauris
2530 3704 2859 3774 reponimus,
2889 3703 3033 3773 quod
3072 3702 3229 3758 fama:
3255 3704 3562 3760 commodis
3590 3707 3841 3777 applica-

2240 3810 2380 3850 mus.
2407 3793 2559 3850 Absit
2586 3794 2729 3850 enim
2753 3799 2811 3847 ut
2836 3807 3096 3862 negemus
3116 3792 3284 3863 affini,
3310 3797 3456 3864 quod
3477 3795 3735 3853 solemus
3755 3813 3845 3853 eu-

2241 3886 2443 3943 stodire
2481 3881 3011 3954 subjectis:quando
3057 3883 3149 3955 qui
3196 3884 3353 3939 nobis
3400 3886 3681 3955 sanguine
3711 3904 3844 3943 con-

2240 3976 2500 4047 jungitur,
2528 3976 2649 4046 plus
2684 3982 2951 4042 meretur;
2995 3990 3096 4031 nec
3137 3973 3370 4031 fraudari
3397 3984 3584 4047 potest
3615 3982 3844 4051 proprio

2242 4067 2529 4136 desiderio,
2557 4066 2648 4137 qui
2679 4066 2873 4121 militat
2897 4065 2995 4123 sub
3012 4065 3192 4136 judice
3212 4067 3473 4135 gratioso.
3502 4067 3693 4138 Atque
3720 4072 3843 4127 ideo

2242 4158 2504 4214 illustrem
2547 4156 2968 4226 magnitudinem
3024 4164 3167 4211 tuam
3215 4158 3476 4227 praecelsa
3514 4166 3694 4231 atque
3732 4177 3844 4217 am-

2243 4248 2481 4319 plissimo
2520 4246 2637 4301 viro
2675 4245 3037 4302 Theodabado
3082 4262 3289 4301 massas
3339 4249 3533 4304 subter
3572 4265 3843 4315 annexas,

2244 4346 2326 4394 tot
2347 4336 2552 4394 solidos
2578 4336 2931 4407 pensitantes,
2959 4352 3025 4390 ex
3050 4336 3378 4407 patrimonio
3404 4340 3698 4409 quondam
3741 4359 3849 4397 ma-

2243 4428 2449 4498 gnificze
2476 4426 2683 4482 feminae
2709 4427 2897 4481 matris
2933 4426 3121 4496 ipsius,
3154 4427 3503 4497 praecipimus
3530 4430 3847 4499 reformari,

577 4526 803 4587 quenter
837 4508 1089 4586 potuisse'
1117 4518 1312 4573 mereri
1353 4535 1452 4590 per
1482 4521 1625 4589 quod
1653 4521 1896 4579 homines
1933 4532 2145 4579 constat
2171 4537 2224 4598 ι)
2245 4519 2362 4589 ejus
2384 4517 2614 4574 feliciter
2639 4517 2878 4572 dominio
2920 4516 3232 4587 plenissime
3268 4517 3667 4590 vindicandas;
3703 4524 3849 4593 cujus

578 4609 775 4662 ornari.
807 4605 920 4663 Hos
944 4609 1104 4662 etiam
1131 4608 1333 4665 intrare
1371 4610 1426 4665 in
1456 4619 1693 4666 nostram
1732 4612 1935 4667 curiam
1963 4612 2142 4681 decet,
2246 4612 2601 4668 successionis
2622 4613 2888 4682 integrum
2912 4612 3000 4682 jus
3025 4611 3078 4667 in
3105 4626 3170 4667 ea
3190 4625 3296 4681 qua
3319 4612 3681 4682 praecipimus
3703 4627 3849 4686 parte

577 4698 668 4769 qui
714 4697 781 4753 ad
830 4697 1032 4769 primos
1095 4697 1329 4755 honores
1379 4714 1486 4755 non
1536 4688 1847 4770 expendunt
1895 4700 2146 4757 meritum

578 4804 754 4853 suum,
786 4788 884 4842 sed
924 4803 1043 4842 cum
1084 4801 1275 4856 magna
1323 4790 1678 4860 susceperint,
1709 4790 1905 4845 iterum
1940 4790 2146 4860 majora

575 4883 968 4947 promerentur.
995 4872 1202 4931 Ornaut
1220 4891 1435 4948 quoque
1464 4877 1598 4933 tales
1625 4885 1680 4934 et
1705 4885 1887 4935 nostra
1910 4878 2142 4948 judicia;

577 4968 829 5039 quoniam
868 4968 1006 5023 bene
1030 4968 1179 5038 prius
1205 4968 1409 5024 electus
1432 4969 1684 5035 creditur,
1714 4972 1804 5040 qui
1834 4972 2025 5041 saepius
2052 4987 2149 5042 ap-

576 5058 856 5129 probatur.
900 5057 1098 5113 Natura
1141 5059 1253 5128 ipsa
1302 5059 1428 5114 boni
1473 5059 1709 5115 adhibita
1749 5063 2145 5132 perseverantia

576 5150 856 5220 pretiatur,
893 5150 1018 5221 quia
1047 5149 1225 5205 minus
1262 5157 1346 5205 est
1379 5146 1643 5205 laudanda
1689 5152 1943 5222 incipere,
1983 5168 2144 5223 quam

579 5240 843 5296 bonorum
896 5241 1231 5310 propositum
1283 5240 1575 5296 custodire.
1623 5239 1836 5299 Similes
1886 5243 2147 5299 habuistis

579 5329 727 5395 olim,
782 5336 965 5399 patres
1014 5328 1301 5399 conscripti
1325 5367 1343 5395 ,
1390 5328 1611 5399 Decios,
1658 5332 1859 5387 similes
1908 5341 2147 5388 vetustas

582 5422 836 5480 omdicat
862 5420 1024 5476 fuisse
1068 5418 1348 5477 Corvinos.
1394 5420 1580 5491 Neque
1623 5423 1767 5478 enim
1813 5424 1898 5479 hic
1928 5424 2029 5490 vir,
2078 5424 2147 5479 de

650 5581 674 5608 ἰ
702 5567 820 5636 Quo
848 5571 1063 5624 nomine
1100 5569 1246 5639 bona
1273 5584 1393 5639 qua:
1418 5573 1598 5629 liberis
1625 5589 1656 5629 a
1696 5583 1865 5630 matre
1913 5576 2147 5631 obvene-

581 5640 1029 5709 rint,_interdum
1052 5637 1367 5709 signiﬁcari
1390 5641 1476 5696 Fr.
1521 5642 1840 5707 Connanus,
1893 5645 1983 5698 lib.
2032 5661 2143 5709 vui,

581 5724 697 5773 cap.
729 5707 799 5777 ὅ,
819 5716 985 5772 uetat,
1016 5708 1211 5777 aliique
1246 5723 1321 5777 ex
1348 5707 1576 5777 Seneca,
1614 5712 1792 5767 Valer.
1834 5712 2065 5769 Maximo
2094 5707 2149 5771 et

584 5776 840 5829 Suetonio
868 5775 1211 5831 contendunt.
1244 5775 1765 5836 l’lutarchuscontra
1795 5798 1902 5838 non
1931 5782 2034 5838 levi
2060 5800 2145 5838 ra-

2246 4703 2522 4772 largimnr.
2555 4701 2631 4757 De
2651 4702 2805 4773 cujus
2848 4700 2952 4757 fide
2997 4717 3062 4758 ac
3093 4702 3408 4758 sinceritate
3434 4708 3847 4776 praesumimus,

2249 4802 2307 4848 ut
2331 4793 2572 4861 sequenti
2600 4800 2843 4863 tempore
2868 4792 3076 4864 reliqua
3097 4803 3259 4865 supra
3281 4797 3581 4851 memorati
3609 4807 3637 4835 ι
3666 4800 3849 4854 matri-

2248 4885 2415 4940 monii
2453 4884 2598 4956 [Alii,
2641 4884 2972 4958 patrimonii]
3018 4900 3143 4941 cum
3183 4886 3334 4942 omni
3376 4886 3600 4957 adjecta
3630 4890 3847 4960 quanti-

2248 4981 2359 5029 tate
2383 4983 2669 5029 mereatur.
2703 4974 2840 5043 Quid
2868 4978 3011 5033 enim
3041 4977 3137 5033 tali
3164 4977 3281 5033 viro
3310 4992 3523 5047 negare
3554 4985 3845 5051 possimus.

2249 5065 2338 5133 qui
2381 5065 2542 5120 etiam
2585 5063 2809 5120 meliora
2851 5068 2965 5124 suis
2997 5068 3153 5140 136
3179 5069 3431 5125 obtinere
3462 5074 3647 5141 possit
3693 5076 3848 5132 σῦκα

2248 5156 2405 5224 quiis,
2435 5156 2520 5211 vel
2545 5157 2719 5212 sinon
2747 5160 3069 5229 probaretur
3094 5159 3304 5217 afﬁnis?
3327 5162 3425 5218 Vir
3446 5181 3618 5235 quem
3654 5170 3846 5225 nobili-

2249 5245 2375 5299 tatis
2403 5261 2512 5301 suzc
2540 5247 2684 5302 nulla
2713 5247 2863 5303 inﬂat
2903 5250 3087 5318 elatio,
3137 5254 3406 5309 modestia
3446 5256 3700 5325 humilis,
3730 5277 3848 5331 pro.

2247 5332 2429 5389 dentia
2450 5351 2662 5407 semper
2688 5337 2931 5407 aequalis,
2960 5338 3088 5409 quid
3110 5357 3142 5394 a
3173 5340 3328 5396 nobis
3359 5357 3653 5403 mereatur
3680 5350 3847 5404 inten-

2250 5426 2650 5497 dite,quoniam
2672 5427 2738 5483 ad
2759 5429 2983 5499 gloriam
3004 5439 3247 5487 nostram
3280 5434 3581 5506 trahimus,
3608 5442 3710 5512 qui
3731 5456 3844 5497 eum

2813 5586 3213 5670 aurenimante:
3254 5599 3523 5670 arumnis,
3572 5595 3665 5649 cui
3699 5593 3846 5664 bllth

2254 5650 2361 5733 loci
2385 5650 2572 5733 lectio,
2603 5650 2944 5733 patrimonii,
2964 5650 3195 5711 duorum
3222 5650 3744 5733 Διξὶιιὲιυείειῖὶὶῃοι-ιιιιι
3765 5650 3847 5721 ὁο-

2252 5718 2428 5774 dicum
2456 5718 2777 5779 auctoritate
2807 5718 3124 5781 conﬁrmata
3150 5718 3716 5800 ευστδεειιιιτῖινοιυςῖ
