3974 6390
276 293 381 351 737

1530 313 1894 372 VARIARUM
1936 316 2139 375 LIBER
2180 321 2311 380 Vlﬂ.

3468 345 3574 403 753

270 409 581 480 proximum
630 414 974 475 conﬁtemur.
1025 419 1371 495 Quapropter
1414 427 1736 497 aequissima:
1759 429 1875 498 jus-
1897 432 1948 492 Δ
1977 441 2061 489 est
2087 437 2230 492 enim
2256 438 2457 512 duplici
2482 459 2639 514 pinna
2669 451 2906 519 percelli,
2939 454 3029 523 qui
3072 465 3127 514 et
3153 458 3388 516 divinam
3418 478 3573 519 rew-

270 500 411 588 sioni
442 517 607 573 opera
630 516 894 564 navanter
921 507 1138 582 ﬂaret,
1167 512 1417 588 ovanter]
1442 516 1760 588 impendite,
1788 518 1872 574 di-

270 583 539 660 lectisque
565 590 711 666 [Gr.,
754 595 998 671 directis]
1026 600 1173 658 sedis
1199 583 1704 664 vestrm’cbartariis
1722 583 1871 663 desi-

266 690 463 753 gnatas
499 700 704 743 massas
731 691 1044 748 auctoribus
1071 691 1216 767 [Gr.,
1260 697 1555 771 actoribus]
1593 699 1710 769 ejus
1751 700 1871 756 sine

265 773 448 844 aliqua
476 776 738 835 dilatione
775 783 1115 851 contradite;
1156 796 1217 842 ut
1259 803 1472 845 summa
1501 791 1660 847 nobis
1695 791 1868 848 chari-

779 1086 1116 1148 EPISTOLA
1155 1093 1345 1153 XXIV.

413 1191 589 1233 (ειεκο
619 1193 889 1237 ιεειεειιε
920 1199 1148 1241 ΒΟΙΑΝΑΒ
1174 1205 1546 1247 ΑτῐιΑιΑιιιουε
1576 1210 1704 1249 REX.

262 1261 501 1351 Remittit
520 1268 590 1351 ad
624 1286 777 1351 papa:
797 1272 1056 1351 judicium
1077 1293 1165 1332 eos
1195 1281 1283 1351 qui
1310 1282 1495 1337 clerico
1532 1282 1773 1342 Romano
1795 1286 1865 1343 li-

330 1344 434 1389 tem
461 1339 813 1412 intenderim:
836 1342 939 1407 Qui
961 1358 1158 1403 sancta
1191 1339 1330 1405 sedis
1356 1339 1865 1412 auctoritatemcon-

333 1409 617 1486 tempserit,
642 1427 759 1486 eum
784 1414 890 1468 vult
909 1425 959 1469 et
988 1433 1148 1473 causa
1181 1422 1387 1486 cadere,
1418 1432 1468 1476 et
1496 1424 1671 1480 decem
1692 1409 1861 1483 libra-

331 1493 446 1531 rum
465 1481 582 1534 auri
608 1481 803 1537 mulcta
822 1488 1136 1557 pauperibus
1162 1481 1430 1564 eroganda
1454 1496 1651 1565 puniri.

335 1588 512 1647 Tanto
543 1593 819 1653 Divinitati
849 1598 1080 1668 plurima
1106 1602 1388 1673 debemus,
1418 1616 1624 1677 quanto
1648 1625 1681 1666 a
1708 1621 1864 1669 acte-

256 1680 332 1735 ris
362 1683 682 1740 mortalibus
725 1687 931 1756 majora
955 1692 1313 1763 suscepimus.
1346 1696 1480 1753 Nam
1510 1700 1638 1769 quid
1683 1702 1859 1760 simile

1976 528 2226 596 rentiam,
2255 538 2312 586 et
2339 544 2525 589 nostra
2549 535 2697 605 jussa
2737 545 3030 599 temerarit.
3075 547 3181 602 Sed
3211 551 3422 606 interim
3453 571 3571 622 vos,

1972 627 2113 684 quos
2141 618 2342 688 judicia
2389 634 2576 681 nostra
2606 641 2954 700 venerantur,
3003 640 3382 698 ecclesiasticis
3408 646 3573 703 vivite

1973 704 2249 764 institutis.
2278 711 2529 782 Magnum
2558 719 2734 774 scelus
2754 732 2854 787 est,
2881 725 3085 781 crimen
3105 729 3409 800 admittere,
3433 751 3570 805 quos

1972 814 2075 856 nec
2103 806 2569 862 conversationem
2598 808 2754 866 decet
2799 812 3001 871 habere
3043 820 3393 890 saecularem;
3436 841 3567 895 pro-

1972 888 2136 947 fessio
2168 904 2350 949 vestra
2391 897 2502 952 vita
2529 900 2766 957 caelestis
2809 912 2912 959 est.
2943 905 3120 964 Nolite
3164 911 3233 966 ad
3262 888 3570 973 mortalium
3610 982 3613 987 η

1970 992 2097 1039 vota
2127 986 2348 1043 humilia
2393 998 2449 1045 et
2486 1006 2700 1049 errores
2737 996 3085 1061 descendere.
3131 1001 3385 1061 Mundani
3413 1024 3572 1063 coer-

1971 1083 2199 1131 ceantur
2232 1077 2470 1136 humano
2486 1080 2629 1151 jure,
2660 1100 2759 1140 vos
2799 1089 3003 1147 sanctis
3048 1094 3287 1151 moribus
3324 1098 3564 1158 obedile.

2481 1194 2808 1254 EPISTOLA
2845 1200 3010 1261 XXV.

1965 1315 2149 1357 JOANNI
2168 1320 2292 1361 γικο
2319 1323 2581 1375 ιιιυετιιι,
2599 1328 3022 1383 REFEBENDARIO,
3046 1336 3413 1379 ATHALAMCUS
3437 1343 3562 1384 REX.

1969 1392 2289 1482 Conﬁrmat,
2306 1402 2713 1482 muniﬁcentiam
2756 1404 2957 1482 Tulum,
2987 1426 3089 1482 qua
3132 1412 3342 1469 domum
3380 1418 3433 1471 in
3472 1436 3563 1472 ca-

2107 1477 2217 1521 stro
2259 1466 2544 1526 Lucullana
2582 1476 2805 1543 positam
2839 1466 3035 1534 Joanni
3074 1466 3420 1541 concesserat.

2039 1576 2206 1634 Valde
2250 1579 2466 1649 dignum
2516 1591 2620 1650 est,
2653 1583 2705 1637 in
2757 1584 2836 1640 eis
2880 1586 3056 1643 aliena
3095 1605 3337 1663 servare,
3366 1596 3564 1664 quibus

1967 1681 2067 1724 nos
2105 1676 2324 1737 oportet
2366 1671 2586 1740 propria
2633 1671 2776 1727 dona
2813 1675 3084 1732 conferre.
3116 1678 3255 1755 Quid
3301 1684 3446 1739 enim
3490 1686 3561 1741 de

254 1774 522 1843 rependat
572 1774 708 1847 Deo,
755 1778 847 1849 qui
893 1758 1547 1857 W‘ilur'impeﬁ03.sed
1592 1792 1720 1849 nec,
1759 1758 1861 1866 νώ
1893 1812 1939 1872 Β
1966 1758 2056 1862 illa
2078 1760 2452 1872 immiilicentia
2499 1764 2674 1872 possis
2697 1766 2990 1872 ambigere,
3015 1770 3231 1872 quando
3267 1787 3298 1827 a
3319 1775 3476 1830 nobis
3504 1784 3559 1872 te

256 1874 414 1922 tanto
459 1882 685 1925 munere
734 1871 867 1927 nihil
913 1879 1253 1947 compensari
1302 1882 1474 1952 possit
1509 1883 1722 1954 idonee,
1755 1888 1858 1959 ipsi

256 1965 438 2013 tamen
469 1961 640 2028 gratia
670 1961 933 2035 redditur,
963 1966 1091 2024 dum
1134 1970 1189 2027 in
1216 1973 1582 2031 servientibus
1619 1977 1857 2035 honora~

257 2055 364 2105 tur.
398 2049 585 2123 Itaque
609 2052 773 2110 ﬂebili
818 2058 1055 2117 aditione
1082 2066 1379 2122 causamini
1407 2068 1511 2124 hoc
1539 2068 1704 2126 fuisse
1734 2072 1857 2127 lon-

254 2156 336 2209 gze
365 2146 775 2205 consuetudinis
804 2151 1129 2225 institutum,
1172 2167 1231 2211 ut
1259 2158 1304 2215 si
1349 2162 1470 2230 quis
1498 2178 1858 2222 sacrosancue

253 2233 511 2291 Romana:
539 2236 787 2297 Ecclesia:
814 2245 1143 2302 servientem
1168 2249 1345 2320 aliqua
1372 2253 1618 2309 crederet
1644 2256 1858 2315 actione

251 2327 593 2397 pulsandum,
640 2332 709 2387 ad
740 2337 1061 2408 supradicta:
1100 2341 1333 2400 civitatis
1367 2346 1662 2403 antistitem
1692 2366 1858 2418 nego-

251 2422 383 2475 tium
413 2438 571 2478 suum
600 2425 840 2484 dicturus
884 2443 1215 2501 occurreret,
1250 2451 1319 2492 ue
1356 2438 1533 2495 clerus
1546 2451 1745 2505 tvester
1768 2441 1854 2499 fo-

250 2514 502 2571 rensibus
525 2516 707 2607 litibus
729 2521 1064 2590 profanatas,
1093 2528 1324 2595 negotiis
1355 2530 1481 2601 ius.
1515 2531 1636 2602 Gn,
1665 2531 1784 2607 Cuj.
1803 2544 1857 2592 et

250 2602 445 2669 Forn.,
478 2606 690 2680 ofﬁciis]
712 2610 896 2681 potius
930 2614 1275 2673 saecularibus
1296 2631 1627 2693 occupetur:
1652 2602 1857 2682 adden-

252 2700 337 2750 tes
360 2694 650 2753 diaconum
686 2714 905 2772 quoque
933 2700 1172 2762 vestrum
1202 2709 1272 2765 ad
1300 2715 1685 2772 contumeliam
1721 2718 1852 2775 reli-

250 2785 428 2856 gionis
473 2796 620 2846 tanta
656 2795 1024 2853 exsecutionis
1061 2800 1361 2858 acerbitate
1397 2807 1753 2876 compulsum,
1793 2817 1854 2865 ut

249 2877 395 2947 sajus
424 2894 545 2934 eum
576 2884 808 2954 propriae
838 2888 1097 2944 custodias
1136 2892 1385 2949 crederet
1416 2898 1847 2969 mancipandum.

250 2970 632 3043 Presbyterum
663 2977 957 3046 quinetiam
988 2980 1247 3039 Romanae
1292 2984 1545 3045 Ecclesiae
1573 3006 1671 3061 pro
1714 2992 1849 3049 levi-

247 3058 351 3116 bus
397 3064 576 3120 causis
622 3067 864 3125 asseritis
908 3071 1260 3131 criminaliter
1311 3058 1637 3149 impetituni.
1693 3080 1849 3149 Quod

250 3154 431 3224 nobis,
455 3172 553 3225 pro
583 3156 820 3226 ingenita
848 3165 1152 3220 reverentia
1181 3181 1343 3236 quam
1368 3179 1555 3226 nostro
1584 3172 1844 3232 debemus
1868 3191 1915 3254 ρ

249 3242 493 3311 Auctori,
525 3245 857 3319 displicuisse
882 3252 1218 3323 proﬁtemur,
1247 3266 1305 3313 ut
1332 3259 1425 3328 qui
1448 3261 1653 3331 pridem
1674 3267 1846 3323 sacris

247 3347 560 3393 meruerant
589 3339 851 3399 inservire
880 3345 1213 3414 ministeriis,
1236 3354 1612 3411 conventionis
1640 3357 1849 3417 irreve-

247 3438 435 3485 renter
462 3432 681 3492 nefariis
710 3436 920 3509 injuriis
947 3441 1309 3512 subjacerent.
1343 3445 1448 3504 Sed
1477 3450 1706 3509 aliorum
1728 3455 1847 3526 ple-

247 3521 443 3576 ctenda
499 3525 776 3598 subreptiu
839 3531 997 3587 nobis
1052 3534 1247 3609 obtulit
1298 3538 1623 3608 plenissim
1674 3521 1850 3602 laudis

246 3621 523 3683 eventum,
571 3626 630 3672 ut
672 3634 835 3676 causa
871 3625 1212 3696 contingeret
1240 3633 1552 3700 priestandi.
1590 3650 1710 3705 qua:
1748 3653 1850 3695 nos

247 3705 562 3765 caelestibus
594 3713 1004 3772 commendaret
1045 3720 1278 3793 auxiliis.
1308 3722 1486 3795 Atque
1514 3727 1637 3785 ideo
1664 3731 1847 3787 consi-

248 3793 505 3853 derantes
546 3803 864 3871 apostolicae
910 3806 1058 3863 sedis
1084 3804 1373 3882 honorem,
1398 3793 1476 3872 vet
1504 3819 1851 3878 consulentes

246 3884 532 3945 desideriis
558 3893 1000 3966 supplicantium,
1023 3904 1276 3971 priesenti
1305 3908 1631 3965 auctoritate
1662 3912 1849 3969 mode-

245 3986 371 4035 rato
394 3982 583 4040 ordine
609 3984 913 4058 deﬁnimus,
964 4000 1023 4047 ut
1067 3994 1113 4050 si
1141 3996 1411 4068 quispiam
1438 4000 1507 4057 ad
1543 4000 1847 4061 Romanum

246 4069 452 4127 clerum
480 4072 716 4149 aliquem
758 4083 1121 4151 pertinentem
1166 4087 1221 4142 in
1251 4089 1496 4159 qualibet
1524 4107 1687 4149 causa
1714 4111 1846 4167 pro-

243 4160 412 4219 habili
451 4166 741 4225 crediderit
786 4172 1002 4231 actione
1047 4177 1389 4248 pulsandum,
1442 4183 1513 4239 ad
1551 4160 1846 4243 beatissimi

243 4267 399 4323 papae
427 4254 688 4326 judicium
736 4263 886 4333 prius
926 4270 1217 4327 conveniat
1270 4273 1599 4345 audiendus;
1652 4287 1713 4334 ut
1752 4287 1848 4335 aut

209 4345 365 4415 .ipse
395 4347 539 4405 inter
576 4360 834 4426 utrosque
870 4373 1025 4415 more
1072 4376 1184 4417 suae
1214 4366 1519 4423 sanctitatis
1560 4379 1842 4439 agnoscat.

244 4446 342 4493 aut
368 4454 584 4499 causam
607 4444 820 4517 deleget
841 4452 1110 4518 :equitatis
1131 4455 1312 4512 studio
1335 4460 1757 4530 terminandum;
1788 4472 1845 4519 et

1964 1850 2219 1920 intelligis
2246 1852 2443 1908 mereri
2472 1854 2617 1923 quod
2655 1870 2684 1911 a
2714 1859 2914 1915 nostris
2937 1859 3311 1920 decessorihus
3349 1870 3564 1939 accepi-

1961 1940 2074 1997 sti?
2102 1940 2425 1998 Proﬁtemur
2455 1944 2637 2014 itaque
2683 1946 2906 2004 alterius
2949 1950 3166 2021 quidem
3209 1956 3434 2023 donum,
3464 1958 3562 2014 scd

1961 2043 2202 2091 nostrum
2228 2051 2347 2092 esse
2363 2036 2646 2106 judicium,
2675 2046 2731 2094 et
2767 2041 3083 2100 modernam
3113 2046 3370 2119 principis
3397 2066 3555 2105 meu-

1959 2133 2072 2181 tem
2131 2128 2455 2198 przeveuisse
2525 2138 2732 2185 tantum
2779 2134 3174 2193 velocissimam
3228 2141 3555 2210 largitatem.

1957 2218 2094 2274 Hinc
2122 2228 2205 2275 est
2242 2222 2385 2292 quod
2414 2223 2549 2277 diva:
2579 2222 2768 2295 “imit.
2812 2226 2875 2283 ν.
2907 2228 2991 2298 (2.,
3031 2231 3249 2304 divinas]
3279 2239 3555 2292 memoria:

1956 2323 2117 2364 avum
2148 2322 2345 2367 nostra:
2371 2314 2670 2374 clementia:
2694 2318 2912 2377 domum
2958 2322 3011 2376 in
3042 2333 3224 2380 castro
3254 2323 3551 2382 Lucullana

1930 2401 2207 2471 .positam,
2258 2405 2635 2475 obsequiorum
2683 2421 2899 2468 tuorum
2951 2416 3239 2473 sedulitate
3288 2433 3559 2489 provoca-

1944 2502 2092 2565 tum,
2138 2507 2351 2554 constat
2399 2500 2631 2558 voluisse
2669 2504 2872 2573 largiri.
2924 2505 3094 2578 Cujus
3141 2508 3552 2580 dispositionem

1954 2596 2174 2645 secutus
2218 2591 2478 2659 patricius
2508 2592 2700 2650 Tulum
2743 2596 3039 2670 (Superius,
3081 2600 3233 2670 epist.
3276 2602 3310 2658 9
3354 2612 3407 2658 et
3435 2603 3556 2678 l0),

1954 2690 2309 2753 posteaquam
2335 2685 2411 2740 illi
2439 2694 2624 2742 nostra
2646 2697 2730 2744 est
2751 2690 3075 2749 liberalitate
3097 2710 3376 2760 concessa,
3407 2713 3551 2768 prie-
3627 2702 3633 2708 '

1952 2769 2120 2827 fatam
2148 2771 2371 2830 domum
2398 2785 2523 2832 actu
2552 2778 2791 2848 legitimo
2812 2782 2865 2837 in
2893 2790 2982 2837 tua
3005 2785 3207 2854 optime
3230 2785 3351 2853 jura
3377 2797 3559 2844 trans-

1953 2864 2119 2920 misit.
2152 2864 2496 2939 Quapropter
2522 2873 2787 2929 serenitas
2830 2884 3013 2929 nostra
3042 2876 3125 2930 vel
3166 2877 3431 2934 inchoata:
3453 2895 3554 2934 vo-

1953 2953 2177 3012 luntatis
2220 2958 2571 3029 desiderium,
2601 2963 2688 3019 vel
2719 2963 2910 3021 Tulum
2941 2968 3267 3037 plenissima:
3299 2971 3551 3027 donatio-

1951 3044 2038 3101 nis
2057 3044 2309 3102 ell'ectum
2339 3052 2590 3119 praesenti
2636 3055 2962 3111 auctoritate
3012 3059 3450 3128 corroboramus,
3490 3075 3555 3121 ut

1950 3152 2095 3210 saepe
2119 3140 2262 3197 dicta
2292 3142 2486 3199 domus
2525 3145 2763 3215 patricia:
2797 3144 2971 3219 [Niv.,
3023 3148 3147 3218 ϐα..
3196 3150 3290 3209 Gr.
3323 3165 3373 3209 et
3400 3153 3563 3228 Cuj.,.

1951 3231 2212 3306 paternis]
2252 3237 2646 3295 recerdationis
2674 3239 2905 3309 Aguelli,
2934 3242 2989 3297 in
3027 3241 3322 3301 Lucullano
3368 3258 3550 3306 castro

1950 3322 2148 3395 posita,
2176 3339 2300 3380 cum
2343 3328 2595 3384 omnibus
2623 3330 2691 3384 ad
2738 3346 2799 3387 se
2826 3332 3219 3401 pertinentibus
3247 3336 3300 3392 in
3339 3344 3431 3393 tua
3459 3340 3549 3396 vel

1950 3415 2225 3472 hieredum
2273 3425 2489 3474 tuorum
2530 3424 2874 3490 possessione
2903 3434 3245 3493 permaneat;
3293 3436 3349 3484 et
3389 3430 3549 3502 quid-

1948 3508 2078 3581 quid
2102 3509 2174 3565 de
2207 3509 2312 3567 hac
2354 3509 2536 3567 facere
2563 3513 2845 3583 malueris,
2885 3515 3111 3572 habebis
3140 3518 3363 3575 liberam
3389 3529 3550 3591 pote-

1948 3600 2491 3669 statemzcujuslibet
2535 3603 2623 3657 vel
2667 3604 2865 3674 priva:i
2915 3607 3172 3675 nominis,
3211 3609 3299 3664 vel
3344 3610 3547 3679 publici

1948 3694 2176 3765 posthac
2215 3695 2639 3766 hquietudinem
2669 3697 3091 3766 submoventes;
3141 3701 3232 3756 ubi
3262 3712 3319 3757 et
3346 3702 3391 3758 si
3420 3703 3550 3774 quid

1948 3792 2093 3839 esset
2139 3784 2383 3855 quolibet
2428 3801 2586 3849 casu,
2631 3787 2877 3855 qualibet
2916 3789 3265 3858 inquisitione
3302 3790 3548 3850 fortassis

1949 3875 2278 3943 ambiguum,
2322 3875 2482 3945 hujus
2511 3879 2851 3933 auctoritatis
2880 3888 3079 3936 nostra:
3099 3882 3302 3951 judicio
3331 3893 3549 3942 constat

1949 3967 2251 4037 explosum.
2301 3967 2524 4034 Fruere,
2550 3967 2777 4038 juvante
2822 3971 2955 4034 Deo,
2997 3974 3160 4028 rebus
3206 3978 3437 4046 propriis
3476 3993 3547 4034 ex

1948 4065 2135 4112 nostra
2165 4071 2385 4129 quoque
2425 4059 2750 4117 auctoritate
2803 4062 3067 4119 solidatis.
3108 4064 3212 4119 Alii
3260 4068 3403 4123 enim
3448 4070 3546 4125 tibi

1942 4151 2067 4223 jura
2091 4152 2328 4223 legitima
2358 4155 2744 4225 praestiterunt,
2792 4173 2893 4214 nos
2917 4162 3277 4230 possessionis
3306 4165 3543 4235 quietem

1948 4251 2005 4299 et
2041 4245 2253 4302 cunctis
2290 4247 2503 4303 saeculis
2540 4262 2790 4304 securam
2839 4251 3168 4308 conferimus
3209 4253 3540 4313 ﬁrmitatem.

1947 4335 2055 4392 Sed
2083 4353 2153 4394 ne
2192 4339 2314 4410 quis
2342 4339 2564 4396 forsitan
2594 4350 2705 4396 tam
2754 4344 2983 4413 egregiae
3012 4346 3304 4403 voluntatis
3341 4359 3541 4407 nostra:

1946 4427 2158 4485 invidus
2187 4437 2483 4487 temerator
2522 4432 2739 4499 existat,
2764 4431 3019 4503 jubemus
3053 4450 3174 4491 eum
3216 4439 3307 4507 qui
3337 4454 3403 4493 ex
3440 4440 3544 4498 hac

243 4531 292 4587 si
320 4530 479 4601 forte,
507 4537 653 4608 quod
679 4540 827 4596 credi
856 4542 1007 4601 nefas
1038 4555 1143 4611 est,
1171 4558 1486 4620 competens
1519 4520 1842 4611 desiderium
1874 4566 1924 4629 ι)
1947 4534 2027 4584 ’θ’
2059 4520 2712 4631 q“°'i¥’e“leltlltt>r§.‘.vel
2761 4522 2874 4579 ﬁsci
2918 4526 3157 4631 nomine,
3188 4527 3289 4631 vel.
3322 4529 3541 4631 privati,

242 4623 408 4681 fuerit
429 4629 675 4698 petitoris
701 4633 933 4703 elusum,
964 4646 1094 4695 tunc
1120 4640 1189 4696 ad
1216 4614 1490 4700 smcularia
1517 4644 1634 4701 fora
1656 4646 1844 4718 jurga-
1874 4614 1920 4672 τ’
1946 4628 2168 4718 ωῗνθξθ
2214 4615 2509 4718 “amaverit
2559 4614 2794 4718 amo?!“
2833 4624 3226 4718 flumfmne'“:
3249 4616 3388 4718 ἐξω
3421 4618 3541 4686 “bi’

243 4724 402 4775 turus
444 4731 711 4793 occurrat,
742 4728 960 4796 quando
997 4746 1125 4789 suas
1162 4735 1454 4805 petitiones
1477 4737 1787 4808 probaverit
1811 4756 1844 4797 a

244 4809 569 4899 supradictae
595 4815 739 4871 sedis
768 4820 997 4887 praesule
1034 4821 1201 4881 fuisse
1228 4833 1590 4899 contemptas.
1614 4828 1769 4897 Quod
1796 4831 1844 4887 si

244 4898 369 4968 quis
389 4904 660 4961 exstiterit
678 4914 788 4963 tam
822 4911 1100 4983 improbus
1121 4914 1379 4987 litigator,
1409 4898 1572 4989 atque
1600 4921 1841 4977 omnium

243 4989 412 5047 fuerit
433 4992 639 5063 judicio
681 5001 941 5073 sacrilega
988 5016 1171 5063 mente
1209 5008 1515 5078 damnatus,
1555 5012 1648 5082 qui
1687 5026 1844 5070 reve-

244 5085 477 5142 rentiam
508 5096 670 5147 tantae
719 5095 831 5151 sedi
874 5098 1132 5157 exhibere
1176 5111 1508 5172 contemnat,
1545 5113 1603 5162 et
1639 5107 1841 5177 aliquid

243 5176 316 5233 de
363 5183 564 5239 nostris
601 5184 852 5246 aﬂatibus
893 5192 1181 5250 crediderit
1224 5200 1665 5267 promerendum,
1715 5176 1844 5257 ante

244 5269 477 5343 alicujus
503 5280 881 5340 conventionis
922 5282 1172 5341 ell'ectum
1201 5287 1391 5344 decem
1421 5290 1677 5346 librarum
1724 5293 1842 5348 auri

243 5361 533 5434 dispendio
558 5368 799 5442 feriatur,
827 5391 946 5446 qum
965 5393 997 5433 a
1020 5378 1271 5448 palatinis
1298 5397 1573 5438 sacrarum
1599 5383 1842 5454 largitio-

246 5471 380 5512 num
414 5462 667 5529 protinus
711 5476 936 5535 exactm,
988 5485 1088 5541 per
1135 5487 1358 5544 manus.
1375 5489 1520 5545 saepe
1560 5478 1846 5533 memorati

241 5552 504 5609 antistitis
532 5559 860 5627 pauperibus
897 5572 1226 5633 erogentur:
1258 5581 1559 5637 carensque
1586 5569 1847 5639 impetra-

242 5640 337 5708 tis,
373 5647 577 5716 negotii
605 5665 822 5721 quoque
848 5656 931 5711 sui
960 5655 1252 5714 amissione
1294 5659 1603 5717 mulctetur.
1641 5660 1841 5732 Dignus

1944 4703 2034 4759 vel
2061 4702 2129 4758 ad
2159 4719 2316 4774 quem
2348 4704 2620 4774 pertinere
2645 4705 2898 4772 volueris,
2942 4706 3162 4763 domum
3196 4709 3346 4781 137
3377 4726 3543 4781 supe-

1945 4793 2056 4848 rius
2082 4793 2436 4864 designatam,
2468 4809 2642 4865 ptume
2687 4797 2906 4851 nomine
2944 4799 3059 4853 auri
3092 4799 3254 4854 libras
3296 4808 3542 4871 centum,

1944 4895 2001 4942 et
2027 4887 2340 4942 frustratum
2381 4888 2492 4943 suis
2520 4888 2742 4943 ausibus
2770 4888 3195 4962 infamatumque
3242 4893 3539 4950 discedere.

1944 4975 2103 5034 Hunc
2129 4978 2271 5033 enim
2297 4979 2590 5036 voluntatis
2607 4996 2719 5035 sum
2741 4989 2981 5036 meretur
3009 4983 3254 5039 invenire
3283 4984 3541 5053 fructum,

1944 5069 2037 5137 qui
2089 5069 2292 5140 aliquid
2332 5078 2522 5126 contra
2573 5079 2820 5129 nostrum
2875 5072 3091 5129 videtur
3138 5074 3416 5143 quaesiisse
3454 5077 3546 5146 ju-

2465 5271 2802 5329 EPISTOLA
2837 5272 2935 5328 XX
2943 5274 3027 5330 Vl.

2024 5380 2292 5421 UNWERSIS
2325 5379 2569 5420 κειτῐιιιε
2596 5380 2666 5419 ΕΤ
2695 5380 2931 5421 κυιιδιιειε
2956 5381 3323 5423 Ατωιηιωε
3350 5384 3481 5425 ιλιι.

1952 5459 2187 5530 Ρηινρσὶι
2230 5458 2341 5513 illis
2380 5455 2742 5524 Quidilanem,
2763 5467 2815 5513 et
2846 5458 2995 5531 jubet
3042 5469 3100 5514 ut
3136 5461 3239 5531 ipsi
3277 5461 3544 5518 obediaut.

2017 5569 2300 5626 Gloriosus
2328 5568 2558 5623 domnus
2583 5582 2714 5623 avus
2739 5577 2926 5624 noster
2951 5569 3217 5628 desideria
3242 5581 3424 5628 vestra
3448 5590 3545 5629 co-

1946 5676 2241 5734 gnoscens,
2265 5657 2602 5733 Quidilanem
2645 5657 2807 5716 Sibite
2851 5659 3019 5719 lilium
3051 5671 3077 5702 ι
3105 5663 3344 5736 priorem
3387 5665 3548 5722 vobis

319 5816 347 5848 ⁸
373 5805 733 5883 Cuspinianus
761 5811 817 5868 in
846 5814 1128 5873 Austriaca
1157 5816 1395 5876 Historia
1421 5837 1434 5874 :
1462 5819 1616 5876 Prior
1640 5821 1855 5894 imperii
1873 5821 2121 5881 Romani.
2151 5822 2218 5880 Et
2240 5824 2438 5885 Abdias
2461 5826 2748 5901 Babylon.,
2776 5827 2869 5885 lib.
2892 5842 2912 5884 ι
2940 5826 3007 5884 de
3029 5824 3273 5882 Zacbcm
3301 5823 3424 5885 les.
