3974 6408
452 328 556 383 759

1659 320 1729 374 Μ.
1770 317 2045 375 Αϋιιιῖιιι
2086 316 2482 373 CASSIODORI

3625 314 3745 370 760

447 443 662 513 quidem
708 443 880 497 facere
918 438 1269 510 disponebat:
1302 434 1395 492 sed
1437 436 1559 507 quia
1579 474 1594 500 ,
1639 433 2024 490 interveniente
2049 440 2096 496 Α
2126 447 2225 489 suo
2252 432 2462 504 peculio
2481 439 2771 488 causantur
2789 432 3024 489 ablatum
3049 448 3062 485 :
3087 432 3427 501 adiicientes,
3450 446 3523 488 ne
3551 447 3744 488 rermn

447 533 661 589 mortali
681 531 1007 597 conditione,
1022 527 1259 596 nequivit
1286 526 1515 595 cogitata
1531 524 1822 593 complere,
1838 537 2025 579 neces-

445 641 506 681 se
531 624 685 680 nobis
711 632 793 677 est
817 621 933 690 ejus
958 629 1083 675 vota
1106 618 1389 690 perlicere,
1419 632 1487 674 ne
1527 624 1708 672 tantus
1733 615 1815 670 vir
1834 615 1901 670 de
1926 614 2026 669 ali-

444 729 554 784 quo
581 712 807 767 inaniter
832 710 1100 780 iudicetur
1136 709 1274 764 bona
1318 707 1557 779 potuisse
1586 705 1807 763 sentire.
1852 704 2028 775 Atque

445 803 568 857 ideo
595 800 845 872 prmsenti
865 798 1186 857 auctoritate
1214 797 1550 870 praecipimus
1568 804 1628 851 ut
1651 810 1774 850 eum
1792 794 2025 865 priorem

447 890 674 945 feliciter
698 889 902 945 habere
928 887 1197 954 deueatis;
1228 894 1281 942 et
1301 900 1420 956 qua:
1447 884 1774 941 ordinaverit
1797 899 1896 954 pro
1915 884 2027 939 dis-

444 979 637 1052 ciplina
663 979 947 1046 servanda,
977 979 1067 1034 ubi
1097 986 1277 1033 nostra
1305 977 1538 1032 maxime
1560 975 1762 1032 utilitas
1786 974 2029 1030 contine-

445 1081 556 1140 tur,
584 1072 639 1126 in
668 1071 913 1126 omnibus
932 1069 1152 1126 obedire
1176 1068 1416 1124 debeatis
1439 1085 1453 1122 :
1476 1067 1602 1137 quia
1628 1068 1707 1122 sic
1733 1066 1914 1122 domni
1943 1064 2028 1119 avi

444 1159 617 1215 nostri
642 1160 771 1215 estis
797 1159 1034 1215 moribus
1059 1158 1308 1225 instituti,
1337 1164 1395 1211 ut
1423 1164 1477 1212 et
1500 1156 1644 1225 leges
1664 1155 1894 1210 libenter
1929 1168 2025 1208 au-

445 1248 605 1304 diatis
642 1257 699 1303 et
720 1248 945 1318 iudices.
978 1247 1089 1303 Hoc
1128 1256 1211 1302 est
1256 1246 1399 1301 enim
1426 1245 1570 1316 quod
1597 1253 1839 1301 nostrum
1862 1241 2029 1301 comit

445 1338 753 1408 imperium,
782 1338 923 1409 quod
944 1338 1249 1409 opinionem
1275 1344 1514 1391 nostram
1542 1336 1682 1390 inter
1708 1342 1895 1404 gentes
1923 1349 2029 1388 am-

445 1427 669 1497 plificat,
698 1427 743 1483 si
779 1427 904 1482 talia
934 1426 1152 1496 geratis,
1177 1440 1297 1496 quas
1325 1434 1379 1480 et
1413 1424 1567 1480 nobis
1588 1431 1837 1495 accepta,
1862 1430 1918 1478 et
1941 1423 2028 1477 Di-

446 1520 656 1574 vinitati
677 1526 901 1589 possunt
923 1533 1043 1574 esse
1070 1518 1393 1588 gratissima.
1423 1515 1713 1572 Robustius
1744 1516 1889 1572 enim
1925 1516 2029 1570 ini-

447 1610 571 1665 mici
602 1610 775 1665 nostri
812 1609 1103 1664 vincuntur
1129 1608 1366 1664 moribus
1407 1606 1595 1672 bonis;
1624 1606 1747 1677 quia
1775 1620 1910 1676 quos
1935 1620 2029 1661 su-

448 1716 614 1769 perna
646 1706 950 1770 protegunt,
982 1698 1164 1754 felices
1184 1697 1515 1753 adversarios
1543 1696 1743 1751 habere
1765 1710 1873 1751 non
1900 1711 2029 1766 pos-

2126 536 2343 577 suarum
2368 522 2772 592 repetitionibus
2797 522 3158 588 imminerent,
3187 522 3376 578 liberis
3400 522 3508 576 sibi
3540 524 3745 577 condio

2126 612 2328 666 tionem
2354 611 2553 666 ultimae
2578 603 2852 667 seruitutis
2881 611 3102 681 imponi.
3153 612 3334 681 Atque
3360 612 3489 667 ideo
3520 613 3744 682 magni-

2126 701 2255 756 tudo
2283 710 2395 767 tua,
2427 701 2658 757 decretis
2702 702 2960 757 obsecuta
3002 702 3394 771 prmsentibus,
3443 702 3745 772 praefatum

2127 809 2226 849 suo
2246 794 2432 863 iubeat
2458 794 2650 849 adesse
2683 792 2887 864 iudicio
2913 811 2928 860 ;
2954 794 3045 849 ubi
3073 793 3221 848 omni
3247 795 3395 849 inter
3418 802 3614 864 partes
3640 809 3732 847 ve-

2127 885 2284 939 ritate
2314 884 2572 957 discussa.
2594 883 2702 954 iuri
2742 892 3163 940 consentaneum
3190 892 3248 940 et
3270 885 3511 940 amicam
3539 885 3748 941 vestris

2127 974 2367 1029 moribus
2390 974 2629 1045 proferte
2652 975 2994 1030 sententiam.
3026 974 3162 1042 Quia
3185 976 3328 1032 sicut
3350 988 3522 1044 grave
3562 983 3655 1030 est
3673 975 3749 1030 de

2128 1080 2228 1121 suo
2247 1065 2493 1121 dominos
2517 1066 2639 1135 jure
2666 1067 2860 1123 cedere
2883 1107 2899 1131 ,
2930 1067 3005 1122 ita
3043 1067 3242 1123 nostris
3269 1075 3357 1124 est
3384 1068 3609 1123 saeculis
3637 1069 3751 1123 ini-

2127 1156 2325 1211 micum
2372 1157 2646 1212 servitutis
2680 1156 2811 1227 jugo
2857 1158 3026 1215 libera
3067 1158 3208 1214 colla
3245 1157 3590 1229 deprimere.
3622 1160 3748 1216 llo—

2128 1246 2293 1316 menti
2316 1246 2438 1315 jure
2458 1246 2501 1301 si
2530 1257 2864 1317 competunt,
2885 1258 2908 1284 ι
2927 1248 3177 1319 primitus
3199 1249 3506 1304 reddantur
3525 1250 3747 1315 invasa;

2134 1336 2206 1390 ita
2236 1344 2436 1401 tamen,
2460 1344 2519 1391 ut
2544 1352 2774 1407 persona
2802 1338 3039 1407 legitima
3087 1338 3588 1409 disceptationibus
3629 1356 3747 1395 non

2128 1426 2371 1483 desistat.
2400 1426 2586 1483 Cesset
2607 1427 2837 1483 violenta
2858 1430 3224 1500 praesumptio,
3251 1437 3315 1485 ut
3343 1445 3515 1486 causa
3537 1429 3751 1499 iudicis

2129 1526 2484 1587 cognoscatur
2526 1519 2781 1586 arbitrio;
2810 1527 2867 1575 et
2910 1529 3006 1575 aut
3051 1520 3336 1576 convictos
3385 1519 3545 1592 [Ed.,
3600 1535 3748 1576 con-

2128 1608 2363 1679 iunctos]
2392 1623 2577 1663 servos
2606 1623 2731 1663 cum
2761 1608 2922 1664 rebus
2948 1608 3049 1664 sibi
3077 1610 3525 1679 competentibus
3560 1611 3750 1680 possi-

2130 1698 2275 1764 deat,
2328 1707 2422 1753 aut
2447 1699 2706 1769 probatos
2733 1699 2931 1755 liberos
2959 1699 3241 1755 indemnes
3289 1709 3457 1771 atque
3495 1700 3750 1770 integros

450 1795 593 1843 sunt.
626 1787 875 1857 Pugnatis
897 1788 1038 1841 enim
1066 1785 1352 1841 efﬁcaciter
1373 1784 1500 1840 foris
1525 1826 1542 1853 ,
1571 1784 1696 1839 dum
1724 1784 1776 1838 in
1816 1783 2033 1838 sedibus
2064 1830 2108 1890 Β
2133 1789 2487 1859 derelinquat.
2514 1790 2722 1846 Sufﬁcit
2748 1792 2891 1846 enim
2918 1792 3064 1861 quod
3092 1792 3144 1847 ei
3170 1792 3486 1849 relaxamus
3514 1807 3748 1864 parum

450 1878 645 1933 vestris
684 1877 945 1947 justitiam
986 1875 1167 1932 fovere
1203 1876 1544 1932 contenditis.
1587 1875 1695 1931 Ista
1744 1875 1885 1931 enim
1924 1874 2030 1930 duo

452 1978 635 2024 mutua
674 1985 732 2025 se
762 1969 1155 2039 amplexatione
1199 1968 1545 2036 consociant;
1586 1968 1679 2037 qui
1724 1967 2030 2037 mquitatem

453 2058 697 2118 coluerit,
730 2058 958 2112 fructum
988 2056 1223 2111 victoriae
1259 2055 1571 2126 possidebit.
1612 2056 1745 2111 Nam
1784 2070 1904 2125 quae
1932 2071 2030 2112 ne-

452 2150 674 2204 cessitas
703 2148 768 2202 ad
793 2147 983 2216 iniusta
1011 2147 1318 2217 compellat,
1349 2161 1470 2202 cum
1492 2161 1588 2201 vos
1615 2154 1670 2201 et
1688 2156 1860 2202 sortes
1885 2146 2033 2201 alant

449 2242 697 2312 proprizn,
722 2246 775 2295 et
804 2255 1028 2295 munera
1049 2248 1250 2307 nostra,
1282 2238 1510 2295 Domino
1535 2236 1843 2308 adiuvante,
1866 2237 2028 2294 ditili-

451 2333 613 2389 cent?
641 2331 774 2385 Nam
817 2339 873 2385 et
914 2330 960 2385 si
1002 2330 1089 2385 cui
1116 2329 1317 2401 aliquid
1342 2329 1700 2399 expetendum
1728 2336 1828 2396 est,
1851 2336 2031 2399 speret

453 2421 860 2499 [Jur.:Subaudi
880 2419 1079 2494 potius]
1102 2420 1170 2477 de
1192 2419 1548 2476 munificentia
1572 2420 1845 2489 principis,
1867 2433 2029 2489 quam

452 2517 522 2573 de
565 2515 981 2588 praesumptione
1018 2514 1250 2569 virtutis.
1299 2501 1434 2579 Quia
1475 2512 1626 2567 vobis
1652 2511 1862 2583 proiicit
1885 2510 2031 2580 quod

453 2608 680 2665 Romani
701 2606 867 2678 quieti
889 2614 1031 2671 sunt,
1054 2605 1144 2675 qui
1172 2605 1297 2660 dum
1315 2604 1501 2659 :craria
1522 2611 1704 2660 nostra
1723 2602 1911 2671 ditant,
1933 2618 2029 2659 ve-

453 2707 564 2756 stra
593 2698 843 2754 donativa
868 2696 1238 2767 multiplicant.

949 2825 1280 2884 EPISTOLA
1316 2826 1522 2883 XXVII.

457 2939 690 2979 DUIERIT
710 2938 883 2980 SAJONI
904 2938 971 2980 ΕΤ
992 2936 1353 2977 FLORENTIANO
1373 2936 1495 2975 Ἣκο
1515 2934 1725 2975 DEVOTO
1747 2933 2029 2976 COIITIACO

988 3007 1351 3048 ATBALARICUS
1377 3007 1503 3046 REX.

457 3080 1508 3158 Prwcipit_ut_percurrant_Faventinum_
1524 3081 1857 3158 territorium,
1888 3088 1938 3135 et
1985 3082 2031 3135 si

526 3151 672 3226 quem
696 3151 975 3226 Galliarum
996 3162 1094 3226 aut
1117 3152 1464 3226 Romanorum
1491 3152 1689 3207 incolas
1709 3165 2032 3226 percussere-

523 3220 769 3294 pererint,
796 3224 862 3291 is,
888 3222 1063 3278 habita
1090 3224 1263 3278 damni
1289 3222 1509 3288 ratione,
1535 3231 1586 3277 et
1610 3222 1805 3277 mulcto
1831 3220 2032 3293 aﬁliga-
2060 3221 2107 3284 C

529 3306 611 3348 tur
635 3304 685 3348 et
702 3311 872 3365 pana.

524 3385 795 3441 Severitas
821 3383 1030 3456 publica
1053 3424 1071 3451 ,
1097 3382 1237 3439 sicut
1264 3382 1330 3438 ab
1359 3380 1734 3437 innocentibus
1760 3387 1932 3445 vacat,
1963 3380 2039 3435 ita

458 3489 676 3531 necesse
701 3481 862 3529 estut
888 3474 942 3529 in
983 3472 1257 3529 sceleratis
1294 3485 1513 3542 operam
1543 3485 1652 3525 suae
1693 3469 2039 3525 districtionis

458 3565 747 3633 impendat,
775 3564 901 3633 quia
927 3579 1035 3620 non
1056 3577 1270 3633 semper
1297 3577 1462 3617 unum
1484 3569 1759 3617 merentur
1780 3560 2038 3628 judicium

458 3653 664 3708 diversa
710 3652 902 3707 merita
929 3665 1299 3722 personarum.
1355 3649 1525 3706 Morbi
1568 3650 1671 3721 ipsi
1698 3650 2040 3706 dissimilibus

460 3742 637 3796 succis
672 3748 930 3797 sanantur
965 3740 1250 3796 herbarum
1284 3757 1297 3793 :
1329 3739 1449 3795 aliis
1493 3739 1626 3807 cibi,
1670 3739 1789 3795 aliis
1838 3738 2040 3795 ferrum

461 3839 698 3901 optatam
727 3837 945 3887 revocat
970 3830 1280 3902 sospitatem
1299 3869 1314 3897 ,
1341 3837 1398 3887 et
1424 3845 1522 3902 pro
1548 3830 1811 3901 qualitate
1832 3830 2041 3901 passio-

461 3923 545 3976 nis
573 3930 894 3994 praeceptum
915 3930 1185 3979 merentur
1204 3921 1441 3979 artiﬁcis.
1472 3921 1537 3978 Et
1563 3923 1683 3980 ideo
1710 3923 1924 3980 devotio
1951 3938 2041 3979 ve-

459 4023 570 4069 stra
601 4028 696 4083 per
722 4013 1072 4069 Faventinum
1094 4013 1422 4069 territorium
1450 4013 1826 4069 incunctanter
1851 4029 2042 4070 excur-

460 4110 578 4169 rat;
602 4111 657 4158 et
684 4103 729 4158 si
757 4118 892 4174 quos
914 4103 1215 4160 Gothorum
1240 4111 1403 4173 atque
1430 4102 1792 4160 Romanorum
1823 4103 1875 4159 in
1896 4104 2040 4160 dire-

463 4195 736 4268 ptionibus
756 4210 1124 4267 possessorum
1152 4209 1213 4253 se
1238 4195 1517 4254 miscuisse
1542 4186 1819 4267 repererit,
1850 4212 2042 4253 secun-

462 4290 589 4343 dum
642 4287 767 4344 facti
815 4289 1248 4354 aestimationem,
1282 4294 1339 4342 et
1387 4286 1596 4343 damnis
1640 4287 1941 4359 afﬂigantur
1988 4296 2044 4345 et

464 4379 636 4449 pmuis
662 4395 676 4444 ;
706 4379 829 4447 quia
858 4377 1072 4447 gravius
1100 4377 1367 4448 plectendi
1396 4385 1519 4433 sunt
1545 4379 1637 4447 qui
1675 4393 1777 4434 nec
1803 4378 2043 4435 admoni-

466 4468 700 4523 tionibus
718 4467 896 4537 justis,
919 4482 1020 4522 nec
1039 4466 1249 4537 judiciis
1269 4466 1522 4538 principis
1550 4467 1901 4524 obedicndum
1924 4483 2044 4526 esse

465 4558 823 4625 crediderunt,
847 4557 1059 4628 quando
1087 4557 1259 4628 major
1280 4558 1511 4615 ambitus
1536 4568 1619 4615 est
1644 4560 1870 4616 dominis
1891 4562 2044 4617 nobis

466 4649 605 4704 velle
631 4649 851 4715 servire,
874 4656 934 4704 ut
971 4649 1340 4707 commendati
1371 4650 1526 4706 bonis
1568 4650 1737 4707 initiis
1781 4651 2041 4723 reliquam

466 4740 628 4794 vitam
665 4740 963 4796 securitatis
986 4755 1207 4797 munere
1231 4741 1587 4811 perfruantur.

966 4848 1295 4907 EPISTOLA
1313 4850 1542 4907 XXVIII.

618 4955 905 4998 CUNIGASTO
931 4956 1055 4997 VIBO
1081 4956 1324 4997 ILLUSTRI
1351 4958 1713 4999 ΑτιιΑιΑιιιουε
1741 4959 1865 4999 REX.

465 5029 722 5111 Decentii
738 5039 791 5111 ult
813 5028 1123 5111 Tanaum,
1267 5029 1555 5111 cunctandi
1577 5041 1627 5085 et
1667 5031 1874 5111 Ymerii
1902 5033 2046 5103 agel-

539 5099 644 5172 lum
674 5097 1007 5172 abriculam
1035 5097 1239 5172 nomine
1259 5098 1565 5172 abstulerat,
1594 5103 1775 5172 quique
1814 5119 1899 5157 eos
1938 5097 2048 5156 Ber-

540 5170 685 5223 t'ituti
733 5169 1152 5241 addixerat,_suo
1186 5168 1366 5239 jubeat
1404 5170 1584 5225 adesse
1601 5168 1821 5241 judicio,
1844 5180 1901 5224 ut
1935 5172 2047 5241 juri

540 5249 934 5294 consentaneum
960 5237 1138 5293 subeat
1162 5237 1488 5293 sententiam.

541 5326 813 5384 Permovit
856 5329 1200 5384 serenitatem
1250 5337 1487 5382 nostram
1534 5328 1832 5384 Constantii
1886 5338 2048 5400 atque

471 5418 684 5473 Venerii
724 5417 953 5475 dolenda
1000 5419 1312 5490 conquestio
1340 5458 1355 5484 ,
1408 5434 1513 5488 qua
1567 5422 1664 5475 sibi
1711 5436 1741 5473 a
1799 5421 2047 5477 Tancane

467 5505 600 5574 juris
621 5509 823 5577 proprii
845 5509 1094 5576 agellum,
1115 5508 1256 5578 quod
1277 5508 1556 5564 Fabricula
1580 5511 1901 5575 nominatur,
1926 5528 2047 5567 eam

546 5651 572 5715 ε
604 5642 945 5699 Translatitia
989 5644 1125 5714 juris
1153 5646 1414 5700 sententia
1462 5655 1564 5714 cst,
1591 5646 1855 5715 deiectum
1899 5650 1950 5702 vi
1979 5649 2045 5703 de

478 5712 555 5783 rei
579 5727 688 5766 sum
716 5712 1073 5779 possessione,
1107 5730 1199 5769 seu
1230 5717 1511 5783 spoliatum
1537 5712 1671 5770 ante
1690 5733 1867 5771 omnia
1896 5722 2045 5772 resti-

484 5779 558 5832 tui
586 5792 850 5851 Oportere,
880 5786 915 5838 ι.
955 5784 999 5852 l,
1026 5785 1085 5838 C.
1119 5785 1178 5841 Si
1208 5779 1293 5856 per
1322 5786 1418 5839 vim
1466 5786 1543 5840 vel
1572 5787 1673 5840 alio
1697 5789 1883 5854 modo;
1928 5789 1960 5843 Ι.
1990 5790 2040 5855 7,

2070 4586 2120 4647 D

2134 1880 2223 1949 qui
2249 1878 2425 1936 facere
2449 1880 2788 1952 praesumpsit
2811 1881 3085 1953 iniuriam.

2648 2010 2981 2068 EPISTULA
3019 2012 3205 2070 XXIX.

2134 2118 2431 2158 IIONORA’I'IS
2501 2118 2899 2160 POSSESSORIBUS
2957 2120 3028 2159 ET
3087 2120 3399 2162 CURIALIBUS
3449 2122 3753 2163 PABIENSIS

2531 2208 2793 2249 CIVITATIS
2820 2210 3187 2251 ΑτΗΑιΑιιιευδ
3215 2212 3341 2251 REX.

2131 2281 2283 2336 Iubet
2309 2292 2365 2336 ut
2391 2284 2685 2337 cloacarum
2694 2283 2974 2361 urbis-ora
3002 2287 3276 2356 pandant,
3299 2296 3351 2342 et
3380 2296 3440 2342 ut
3470 2288 3570 2343 hoc
3611 2305 3750 2361 opus

2685 2353 2933 2409 Genesius
2963 2353 3167 2426 urgeat.

2203 2443 2428 2513 Dignum
2448 2452 2529 2499 est
2547 2451 2607 2499 ut
2625 2444 2810 2500 libenti
2838 2446 3017 2502 animo
3046 2446 3257 2502 faciatis
3284 2461 3410 2517 qua:
3434 2447 3618 2517 iuberi
3645 2466 3752 2521 pro

2134 2535 2279 2593 urbis
2297 2545 2489 2593 vestrae
2512 2536 2742 2592 utilitate
2788 2537 3145 2607 cognoscitis;
3169 2554 3294 2593 nam
3335 2540 3484 2610 quod
3514 2544 3750 2612 proprio

2132 2633 2345 2697 sumptu
2391 2625 2574 2682 decuit
2613 2626 2849 2695 aggredi,
2877 2629 3263 2699 compendiose
3310 2630 3471 2687 vobis
3519 2642 3750 2689 constat

2133 2716 2334 2773 ollerri.
2364 2710 2648 2773 Civitatem
2678 2717 2943 2788 siquidem
2968 2729 3202 2776 vestram
3230 2721 3442 2778 diutina
3488 2725 3752 2782 siccitate

2134 2804 2464 2861 laborantem
2483 2848 2498 2874 ,
2526 2806 2749 2877 iuvante
2776 2806 2888 2864 Deo
2906 2847 2921 2875 ,
2947 2807 3178 2865 domnus
3205 2826 3338 2867 avus
3366 2822 3562 2869 noster
3588 2817 3750 2872 salu-

2133 2893 2366 2950 berrima
2387 2896 2526 2952 unda
2554 2896 2765 2967 rigavit.
2811 2896 2912 2954 Cui
2936 2914 3080 2955 nunc
3105 2900 3282 2957 studio
3312 2912 3501 2961 vestro
3524 2905 3751 2962 cloaca-

2134 3000 2253 3041 rum
2296 3000 2391 3041 ora
2418 2987 2740 3058 pandantur,
2766 3002 2856 3057 ne,
2878 2988 3117 3045 sordium
3144 2991 3458 3059 obiectione
3501 2995 3747 3062 tardata,

2135 3075 2476 3145 reciprocans
2519 3076 2662 3132 unda
2704 3078 2898 3134 vestris
2940 3079 3147 3136 aedibus
3184 3081 3457 3150 illidatur;
3506 3093 3566 3139 et
3604 3099 3750 3154 quas

2134 3166 2319 3222 debuit
2357 3167 2606 3235 abluere,
2637 3169 2857 3225 easdem
2901 3171 3056 3227 vobis
3101 3182 3331 3241 cogatur
3379 3174 3608 3232 inferre.
3639 3176 3750 3233 Cui

2135 3254 2306 3325 operi,
2336 3269 2641 3327 quanquam
2684 3272 2782 3313 vos
2828 3271 3022 3327 urgere
3066 3258 3265 3315 debeat
3314 3261 3526 3319 civicus
3583 3265 3751 3336 138

2138 3361 2310 3413 amor,
2338 3347 2515 3402 virum
2555 3347 2904 3419 spectabilem
2930 3348 3219 3405 Genesium
3257 3352 3612 3423 praecipimus
3640 3354 3751 3409 ἰω-

2138 3435 2364 3502 minere,
2394 3443 2453 3491 ut
2482 3451 2582 3493 nos
2610 3435 2677 3491 ad
2724 3437 2949 3495 meliora
2975 3441 3304 3509 provocetis,
3335 3442 3384 3499 si
3430 3458 3558 3515 que
3578 3443 3751 3515 iussi-

2138 3541 2259 3583 mus
2283 3534 2559 3597 gratanter
2579 3525 2809 3585 efﬁcitis.

2656 3657 2983 3717 EPISTOLA
3022 3661 3189 3719 XXX.

2316 3763 2536 3806 CENESIO
2560 3765 2685 3807 VIRO
2712 3766 3016 3808 SPECTABILI
3040 3771 3409 3813 ATHALARICUS
3436 3773 3571 3816 κει.

2144 3835 2469 3917 Pracipit‘ut
2490 3849 2638 3917 cogat
2665 3839 2977 3917 Parmenses
3003 3847 3288 3915 municipes
3316 3850 3566 3917 antiquos
3597 3853 3752 3907 cuui-

2213 3908 2356 3989 culos
2374 3909 2458 3989 ita
2484 3908 2760 3989 diligenter
2785 3915 3100 3980 emundare,
3129 3908 3406 3988 ut'aquam
3434 3908 3751 3989 inﬂuentem

2213 3978 2342 4033 nihil
2368 3978 2634 4048 impediat.

2212 4068 2410 4127 Am0re
2437 4071 2668 4128 civitatis
2689 4081 2880 4130 vestrae
2900 4075 3105 4146 antiqui
3126 4078 3307 4148 Operis
3325 4079 3563 4136 formam
3576 4082 3749 4155 [Iura

2144 4156 2387 4230 Intellige
2422 4160 2818 4233 aquaeductum]
2861 4163 3092 4219 domnus
3128 4164 3351 4235 quidem
3378 4183 3519 4226 avus
3557 4182 3753 4229 noster

2143 4250 2396 4320 largitate
2421 4252 2566 4320 regia
2588 4253 2910 4309 construxit.
2932 4253 3041 4309 Sed
3064 4256 3197 4311 nihil
3220 4258 3448 4327 prodest
3478 4275 3752 4332 aquarum

2143 4344 2328 4414 copias
2354 4343 2574 4398 urbibus
2599 4344 2902 4411 immisisse,
2924 4347 3029 4402 nisi
3050 4364 3192 4405 nunc
3219 4352 3582 4420 provideatur
3596 4357 3753 4412 cloao

2143 4446 2328 4487 carum
2352 4440 2654 4502 opportuna
2692 4433 2919 4503 digestio
2946 4454 2962 4488 :
2993 4452 3145 4493 more
3186 4440 3313 4495 vitae
3340 4441 3624 4511 humanas,
3657 4462 3753 4502 cu-

2141 4520 2230 4590 ius
2258 4522 2330 4578 ita
2350 4524 2634 4580 salubritas
2652 4527 3037 4595 continetur,si
3065 4532 3211 4601 quod
3231 4548 3329 4588 ore
3353 4536 3479 4603 quis
3499 4539 3753 4609 suscipit,

2145 4614 2248 4668 alia
2276 4623 2431 4684 parte
2456 4618 2701 4685 corporis
2728 4618 2999 4676 relaxatus
3022 4621 3286 4679 effuderit.
3332 4624 3400 4680 Et
3428 4626 3556 4684 ideo
3582 4631 3756 4686 subli-

2146 4703 2301 4758 mitas
2321 4712 2411 4759 tua
2436 4705 2755 4763 Parmenses
2782 4712 3082 4782 municipes
3105 4711 3265 4769 faciet
3284 4716 3415 4772 huic
3435 4720 3594 4788 operi
3621 4736 3756 4792 gna-

2146 4795 2280 4850 viter
2309 4794 2457 4867 [Ed.,
2492 4800 2720 4871 noviter]
2752 4803 3032 4873 insistere,
3062 4815 3334 4875 quatenus
3364 4813 3634 4880 antiquos
3662 4829 3756 4870 cu-

2146 4883 2389 4950 niculos,
2444 4886 2557 4942 sive
2630 4889 3053 4960 subterraneos,
3104 4894 3217 4949 sive
3290 4910 3387 4965 qui
3450 4898 3757 4969 iunguntur

2144 4973 2473 5041 marginibus
2512 4976 2811 5045 platearum
2837 5021 2852 5046 ,
2906 4981 3192 5052 diligenter
3236 4988 3540 5044 emundent
3584 4990 3751 5063 [Αιὶἱν

2143 5063 2485 5135 emendem];
2514 5074 2572 5120 ut
2614 5082 2734 5122 cum
2780 5071 3095 5128 solemniter
3125 5082 3345 5143 Optatus
3386 5078 3549 5134 vobis
3576 5081 3756 5151 liquor

2147 5153 2439 5224 inﬂuxerit,
2472 5158 2618 5213 nulla
2649 5160 2844 5229 adiecti
2875 5162 3001 5235 [Με.
3032 5172 3082 5219 et
3109 5172 3227 5231 Ac.,
3258 5166 3494 5241 abiecti]
3524 5170 3755 5227 laetami-

2150 5246 2232 5301 nis
2259 5247 2560 5316 obiectione
2587 5252 2996 5323 tardetur:quia
3018 5258 3244 5325 gratiam
3268 5259 3413 5314 unda
3434 5277 3545 5317 non
3567 5263 3749 5330 habet,

2150 5337 2249 5393 nisi
2275 5354 2393 5408 qua:
2411 5340 2614 5409 iugiter
2640 5342 2836 5412 influit,
2857 5355 2914 5400 et
2942 5347 3056 5401 visa
3107 5363 3323 5418 semper
3357 5351 3630 5409 abscedit.
3666 5357 3749 5410 Illa

2148 5429 2293 5483 enim
2321 5447 2439 5500 quae
2468 5432 2689 5511 pulchre
2721 5435 2909 5507 [Juret.
2943 5438 3064 5509 legit
3092 5442 3335 5514 publice]
3359 5445 3497 5501 rivis
3538 5450 3751 5503 exerci-

2150 5529 2260 5575 tata
2304 5523 2469 5587 ridet,
2498 5540 2657 5594 quam
2704 5527 2959 5584 deformis
3006 5542 3089 5586 est
3157 5533 3210 5588 in
3287 5535 3539 5593 lacunis!
3596 5539 3751 5595 Palus

2157 5655 2631 5750 :S‘ihquisjadrsehC.
2663 5664 2937 5750 Adi-(nl.
2963 5668 3029 5723 de
3049 5670 3416 5744 uipubl.,cap.
3434 5673 3491 5741 7,
3517 5674 3750 5750 Conque-

2154 5740 2316 5795 rente,
2348 5730 2414 5786 de
2445 5734 2612 5788 restit.
2649 5736 2786 5804 ενοι.
2811 5735 2976 5792 Fonn.

3919 4760 3924 4853 η
