3974 6392
220 323 324 381 ἸἻ

1450 322 1812 378 VARIARUM
1855 323 2055 380 LIBER
2099 326 2127 377 \'
2142 325 2227 382 III.

3401 322 3510 380 7(ῑέ

222 445 373 498 enim
405 456 502 496 nec
524 440 637 496 visu
665 447 837 508 grata,
878 455 976 496 nec
999 437 1258 510 jumentis
1292 442 1662 498 accommoda.
1694 442 1818 498 Ele-
1842 447 1892 507 Α
1920 443 2067 514 pium
2086 458 2297 499 summa
2319 442 2631 500 decurrunt.
2662 444 2886 501 Additur
2906 444 3053 515 quod
3086 451 3316 516 utroque
3342 442 3513 499 latere

224 541 471 589 mentum
510 532 924 604 pulcherrimum
952 532 1188 601 quidem,
1217 532 1310 588 sed
1339 549 1462 589 cum
1492 534 1546 588 in
1587 534 1819 589 naturali

226 624 468 695 puritate
494 630 759 678 servatur.
788 621 920 679 Sine
955 622 1059 678 hac
1085 623 1199 693 agri
1226 623 1494 695 squalent,
1527 625 1687 679 urbes
1725 639 1822 679 an-

228 715 357 773 hela
399 715 643 772 siccitate
680 713 971 785 fatigantur
1013 714 1212 789 [Ιιινει.
1259 717 1381 788 legit
1409 713 1727 787 anhelant];
1763 724 1822 771 ut

232 808 431 863 merito
456 807 677 876 antiqua
706 806 991 878 prudentia
1020 823 1156 878 quos
1177 822 1207 862 a
1228 809 1394 864 civica
1416 809 1824 865 conversatione

231 896 596 968 segregandos
645 912 766 955 esse
810 897 1091 968 judicavit,
1137 913 1398 969 aquarum
1448 899 1825 955 interdictione

231 992 530 1062 punierit'.
558 991 897 1063 Quapropter
922 1000 1030 1048 tam
1053 992 1291 1048 utillima;
1310 993 1389 1049 rei
1408 993 1647 1049 omnium
1662 992 1828 1048 debet

232 1083 457 1139 studere
501 1098 835 1152 consensus;
864 1084 990 1156 quia
1037 1085 1169 1141 civis
1214 1085 1451 1142 animum
1487 1101 1597 1141 non
1639 1085 1825 1154 habet,

232 1174 333 1244 qui
359 1174 507 1231 urbis
532 1188 646 1231 sua:
669 1175 841 1245 gratia
868 1191 976 1232 non
1004 1183 1237 1234 tenetur.

760 1330 1091 1388 EPISTOLA
1127 1332 1314 1389 XXXI.

430 1435 634 1477 δινεκο
659 1412 783 1477 vino
807 1437 1110 1479 specuum
1134 1440 1497 1481 ATHALARICUS
1524 1440 1649 1481 an.

236 1508 575 1586 Prouinciam
616 1510 913 1586 Bruttiorum
941 1513 1215 1586 describit,
1243 1524 1295 1569 et
1309 1515 1456 1586 jubet
1482 1525 1538 1570 ut
1576 1526 1681 1570 tam
1707 1532 1829 1586 pro-

310 1532 575 1566 'omncram
616 1532 913 1566 Druuarum
941 1532 1215 1582 αεισνιυιι,
1243 1532 1295 1569 ει
1374 1532 1456 1571 υει
1482 1532 1538 1570 ut
1576 1532 1681 1570 tam
1707 1532 1829 1586 pro-

310 1581 724 1664 uincialesguam
746 1582 985 1664 curiales,
1009 1532 1400 1664 fidejussorigts
1423 1586 1559 1664 dctis
1581 1603 1831 1664 poenaque

311 1657 616 1726 interposita
633 1691 648 1716 ,
674 1657 979 1726 promittant
1042 1670 1096 1726 se
1123 1657 1313 1726 majori
1341 1658 1467 1710 anni
1504 1668 1651 1726 parte
1674 1658 1732 1711 in
1750 1657 1832 1711 ci-

312 1719 553 1775 eitatibus
579 1719 705 1792 quas
733 1723 958 1777 incolere
983 1719 1258 1778 maluerint
1282 1719 1575 1781 mansuros.

1921 537 2140 607 copiosa
2170 537 2375 592 marina
2410 538 2650 608 possidet
2682 536 3110 609 frequentatione
3150 536 3510 601 commercia,

1922 638 1982 685 ut
2007 638 2064 685 et
2087 630 2320 701 propriis
2368 630 2619 687 fluctibus
2646 629 2929 687 affluenter
2957 631 3238 696 exuberet,
3252 638 3308 685 et
3349 643 3513 699 pere-

1920 721 2077 791 grino
2105 736 2249 792 penu
2277 722 2554 777 vicinitate
2578 722 2820 777 littorum
2841 722 3233 792 compleantur.
3260 719 3287 759 δ
3313 720 3513 775 Vivunt

1923 813 2034 868 illic
2071 813 2258 869 rustici
2287 813 2461 884 epulis
2489 815 2840 880 urbanorum,
2863 814 3165 869 mediocres
3191 820 3371 867 autem
3413 811 3513 866 ab-

1925 904 2183 960 undantia
2222 902 2656 975 praspotentium,
2691 912 2752 959 ut
2803 918 2904 960 nec
2948 903 3168 958 minima
3197 902 3269 957 ibi
3297 900 3513 956 fortuna

1925 998 2095 1069 copiis
2122 998 2384 1069 probetur
2408 1006 2656 1068 excepta.
2686 997 2839 1053 Hanc
2865 1011 2995 1065 ergo
3024 995 3355 1066 provinciam
3384 993 3517 1049 civi-

1927 1091 2127 1147 tatibus
2170 1090 2359 1146 nolunt
2408 1090 2666 1159 incolere,
2688 1105 2849 1160 quam
2896 1089 2984 1145 vel
3031 1089 3085 1143 in
3114 1088 3259 1157 agris
3301 1086 3415 1142 suis
3455 1100 3517 1142 se

1912 1181 2164 1239 'fatentur
2189 1184 2410 1238 omnino
2438 1183 2685 1251 diligere.
2734 1181 2872 1250 Quid
2913 1180 3138 1253 prodest
3166 1187 3348 1235 tantos
3372 1177 3521 1233 viros

1927 1271 2097 1329 latere
2118 1272 2311 1329 litteris
2335 1271 2664 1330 defaecatos?
2694 1272 2850 1328 Pueri
2878 1272 3183 1328 liberalium
3208 1268 3527 1326 scholarum

1928 1372 2252 1419 conventum
2289 1373 2537 1433 quaerunt
2563 1382 2577 1431 ;
2602 1371 2659 1419 et
2695 1380 2823 1419 mox
2862 1372 2922 1420 ut
2952 1363 3070 1419 foro
3095 1362 3371 1435 potuerint
3398 1374 3523 1417 esse

1928 1454 2094 1525 digni,
2126 1456 2309 1513 statim
2356 1457 2620 1527 incipiunt
2658 1458 2857 1526 agresti
2900 1456 3237 1511 habitatione
3282 1452 3517 1510 nesciri:

1930 1544 2237 1617 proﬁciunt,
2263 1555 2324 1602 ut
2351 1547 2659 1614 dediscant;
2689 1546 3021 1613 erudiuntur,
3047 1554 3108 1601 ut
3132 1546 3433 1614 negligant;
3465 1552 3523 1599 et

1931 1651 2052 1693 cum
2096 1651 2257 1707 agros
2296 1636 2542 1707 diligunt,
2565 1653 2626 1694 se
2654 1652 2837 1693 amare
2882 1653 2989 1692 non
3033 1643 3253 1692 norunt.
3308 1635 3525 1701 Quaerat

1933 1725 2173 1782 eruditus
2195 1727 2285 1783 ubi
2311 1729 2481 1799 possit
2524 1727 2759 1784 existere
2797 1727 3063 1798 gloriosus
3095 1744 3107 1780 :
3140 1726 3376 1796 prudens
3418 1724 3525 1779 fre-

311 1813 449 1869 Cum
478 1824 531 1870 te
557 1813 930 1885 prazfectorum
951 1816 1191 1873 consiliis
1215 1817 1556 1876 laudabiliter
1574 1818 1832 1875 inhzeren-
1859 1819 1907 1880 Β
1932 1818 2210 1888 quentiam
2236 1834 2344 1875 non
2370 1826 2590 1890 respuat
2617 1819 2918 1883 hominum,
2945 1818 2998 1872 in
3023 1832 3128 1887 qua
3152 1832 3209 1870 se
3229 1815 3379 1870 novit
3406 1829 3527 1871 esse

236 1910 357 1956 tem
403 1902 582 1958 omnia
631 1902 878 1959 didicisse
921 1904 1207 1961 credamus
1242 1922 1363 1979 quae
1410 1908 1479 1965 ad
1524 1909 1831 1980 reipublicae

235 1999 443 2046 statum
467 1992 738 2062 pertinent
765 1995 1199 2064 componendum
1222 2036 1238 2063 ,
1270 1996 1505 2053 maxime
1531 1999 1831 2068 cognovisti

237 2080 441 2138 ltteris
466 2082 702 2137 eruditus
727 2083 1005 2153 pulchram
1034 2100 1155 2142 esse
1187 2085 1375 2143 faciem
1400 2088 1676 2145 civitatum
1710 2106 1830 2162 qum

239 2172 566 2244 populorum
609 2173 905 2244 probantur
951 2175 1149 2232 habere
1198 2186 1539 2235 conventum.
1563 2178 1652 2236 Sic
1689 2183 1832 2238 enim

241 2270 304 2317 et
357 2262 410 2317 in
462 2262 568 2319 illis
611 2258 856 2335 splendet
905 2264 1167 2321 libertatis
1219 2276 1479 2336 ornatus,
1516 2278 1573 2325 et
1636 2274 1836 2330 nostris

242 2353 673 2409 ordinationibus
702 2357 1037 2412 necessarius
1074 2358 1242 2413 servit
1287 2357 1529 2415 effectus.
1560 2360 1709 2417 Feris
1736 2362 1835 2418 da-

245 2454 364 2501 tum
390 2454 473 2502 est
508 2460 666 2516 agros
702 2447 986 2518 sylvasque
1019 2464 1294 2518 quaerere,
1326 2452 1630 2510 hominibus
1656 2462 1837 2511 autem

244 2533 402 2591 focos
430 2535 635 2604 patrios
655 2551 816 2606 supra
855 2545 1045 2592 cuncta
1067 2537 1311 2607 diligere.
1342 2540 1482 2597 Aves
1506 2542 1631 2613 ipsa:
1658 2556 1843 2613 grega-

246 2627 347 2682 tim
380 2627 581 2694 volant,
612 2642 733 2698 quae
754 2628 975 2684 innoxia
996 2630 1271 2686 voluntate
1312 2632 1619 2689 mitescunt.
1644 2634 1841 2692 Canori

246 2718 394 2774 turdi
420 2729 602 2775 amant
622 2721 706 2776 sui
726 2721 939 2791 generis
963 2722 1307 2779 densitatem.
1329 2723 1645 2796 Strepentes
1669 2728 1843 2784 sturni

247 2822 534 2878 compares
588 2817 886 2878 sequuntur
932 2810 1297 2867 indesinenter
1350 2814 1640 2871 exercitus.
1692 2814 1842 2872 Mur-

247 2909 529 2957 murantes
573 2900 810 2972 palumbi
863 2901 1112 2971 proprias
1164 2902 1396 2973 diligunt
1449 2886 1732 2972 cohortes;
1788 2913 1846 2962 et

248 2989 512 3060 quidquid
558 2988 628 3047 ad
674 2991 975 3062 simplicem
1019 2993 1252 3063 pertinet
1297 2995 1481 3063 vitam,
1506 2995 1845 3054 adunationis

247 3082 481 3152 gratiam
532 3098 640 3139 non
690 3082 907 3140 refutat.
954 3084 1194 3153 Contra,
1239 3087 1467 3143 animosi
1518 3089 1842 3160 accipitres,

1934 1908 2282 1965 laudandum.
2309 1909 2525 1981 Alioqui
2543 1910 2831 1965 virtutibus
2857 1909 2996 1964 fama
3025 1908 3247 1973 tollitur,
3265 1907 3310 1962 si
3339 1921 3525 1962 earum

1932 1999 2126 2055 merita
2158 1999 2209 2054 in
2240 1998 2548 2055 hominibus
2575 1999 2905 2055 nesciantur.
2946 1997 3079 2052 Nam
3119 1996 3278 2066 quale
3316 1996 3528 2051 deside-

1931 2089 2071 2145 rium
2101 2097 2183 2146 est
2210 2090 2407 2146 civium
2451 2088 2807 2161 frequentiam
2836 2089 3085 2146 deserere
3107 2130 3123 2155 ,
3154 2103 3276 2143 cum
3322 2087 3529 2157 aliquas

1933 2194 2150 2250 quoque
2192 2181 2371 2235 avium
2401 2181 2806 2236 conversationi
2856 2180 3104 2235 humana:
3145 2192 3206 2234 se
3250 2177 3529 2233 videamus

1937 2268 2076 2324 velle
2103 2269 2367 2325 miscere?
2398 2269 2702 2324 liortalium
2729 2270 2872 2324 enim
2899 2269 3186 2340 penatibus
3214 2266 3528 2323 ﬁducialiter

1936 2360 2096 2415 nidos
2138 2361 2429 2431 philomela
2470 2360 2775 2431 suspendit,
2804 2370 2860 2417 et
2904 2361 3044 2415 inter
3072 2357 3528 2415 commanentium

1938 2448 2125 2503 turbas
2151 2448 2326 2518 pullos
2353 2451 2521 2505 nutrit
2540 2450 2825 2520 intrepida.
2855 2448 3078 2506 Fmdum
3100 2462 3231 2517 ergo
3261 2447 3420 2502 nimis
3448 2454 3529 2502 est

1940 2537 2109 2593 nobili
2137 2536 2273 2594 filios
2304 2538 2359 2594 in
2386 2538 2811 2595 desolationibus
2839 2540 3090 2606 educare,
3122 2554 3245 2594 cum
3277 2537 3529 2606 frequen-

1941 2628 2132 2684 tationi
2159 2628 2409 2685 humanae
2425 2630 2602 2685 videat
2628 2630 2784 2685 alites
2810 2644 2906 2685 sua
2929 2627 3154 2700 pignora
3175 2626 3531 2684 commisisse.

1942 2719 2192 2777 Redeant
2238 2721 2403 2792 igitur
2428 2722 2678 2779 civitates
2721 2723 2775 2778 in
2815 2723 3102 2793 pristinum
3147 2721 3329 2789 decus,
3359 2720 3539 2776 nullus

1942 2814 2313 2871 amoenitatem
2352 2816 2494 2871 ruris
2536 2824 2820 2887 praeponat
2859 2816 3129 2871 mmnibus
3168 2814 3531 2885 antiquorum.

1942 2904 2226 2974 Quomodo
2254 2915 2434 2978 potest
2458 2907 2512 2962 in
2537 2923 2673 2978 pace
2699 2907 2891 2978 refugi,
2920 2923 3021 2979 pro
3047 2922 3152 2977 qua
3180 2913 3399 2978 oportet
3426 2905 3531 2961 bel-

1945 2998 2057 3053 lum
2089 3000 2180 3071 (ne
2207 2998 2471 3072 vastetur)
2498 3000 2737 3054 assumi?
2762 2998 2861 3055 Cui
2884 2999 3028 3055 enim
3051 2999 3228 3054 minus
3255 3005 3407 3068 grata
3438 3012 3535 3052 no-

1944 3090 2131 3146 bilium
2151 3089 2399 3146 videatur
2422 3091 2710 3147 occursio?
2737 3089 2835 3145 Cui
2862 3106 2969 3146 non
2998 3088 3349 3146 alfectuosum
3382 3088 3534 3160 139

249 3176 447 3247 aquilae
473 3177 792 3245 venatrices,
824 3186 881 3234 et
922 3193 1084 3250 supra
1112 3194 1298 3235 omnes
1326 3180 1485 3238 alites
1526 3182 1736 3238 acutius
1762 3183 1845 3238 in-
1873 3191 1919 3256 c
1947 3180 2020 3237 sit
2046 3195 2168 3237 cum
2196 3181 2417 3252 paribus
2461 3181 2689 3237 miscere
2731 3194 3036 3236 sermonem
3059 3221 3074 3247 ,
3105 3179 3283 3235 forum
3329 3187 3535 3249 petere,

254 3270 716 3339 tuentes,volatus
742 3270 1014 3328 solitarios
1038 3271 1442 3343 concupiscunt,
1468 3274 1594 3344 quia
1622 3289 1845 3345 rapaces

251 3359 461 3416 insidiae
479 3360 701 3417 innoxia
726 3362 1100 3418 conventicula
1120 3378 1230 3418 non
1257 3363 1557 3434 requirunt.
1588 3362 1846 3422 Ambiunt

251 3450 404 3506 enim
429 3449 632 3521 aliquid
659 3450 761 3507 soli
783 3465 961 3523 agere,
992 3453 1086 3523 qui
1127 3452 1363 3524 praedam
1390 3469 1514 3510 cum
1539 3455 1709 3513 altero
1734 3471 1845 3513 non

251 3543 565 3601 desiderant
588 3543 849 3602 invenire.
882 3543 973 3602 Sic
1001 3546 1309 3602 mortalium
1335 3547 1583 3603 voluntas
1605 3547 1846 3619 plerum-

251 3651 366 3707 que
392 3635 721 3693 detestabilis
746 3645 848 3705 est,
878 3651 1000 3708 qua:
1041 3647 1388 3711 conspectum
1411 3640 1691 3697 hominum
1717 3656 1846 3713 pro-

250 3728 416 3783 batur
447 3727 715 3798 eti‘ugere,
746 3742 847 3784 nec
891 3736 1073 3799 potest
1110 3728 1179 3786 de
1218 3729 1313 3786 illo
1348 3730 1550 3801 aliquid
1581 3733 1848 3789 veraciter

250 3818 400 3875 credi
427 3859 444 3888 ,
473 3818 623 3890 cujus
650 3818 773 3875 vitae
802 3819 953 3876 testis
981 3835 1090 3876 non
1118 3828 1299 3892 potest
1322 3822 1572 3878 inveniri.
1600 3821 1846 3879 Redeant

252 3926 599 3982 possessores
626 3919 682 3968 et
710 3912 944 3969 curiales
971 3912 1141 3969 Brutii
1168 3915 1222 3969 in
1250 3914 1555 3971 civitatibus
1582 3917 1712 3973 suis.
1734 3915 1844 3973 Co-

252 4001 369 4057 loni
404 4010 547 4070 sunt,
572 4001 661 4073 qui
710 4017 868 4073 agros
900 4002 1104 4073 jugiter
1142 4004 1346 4061 colunt.
1379 4004 1660 4062 Patiantur
1702 4021 1764 4062 se
1811 4022 1844 4063 a

251 4095 553 4150 rusticitate
596 4095 828 4162 divisos,
856 4096 1051 4166 quibus
1100 4105 1158 4153 et
1202 4098 1436 4154 honores
1476 4098 1759 4168 dedimus,
1788 4108 1847 4156 et

252 4188 497 4243 actiones
525 4188 762 4259 publicas
785 4189 1051 4258 probabili
1075 4190 1433 4246 aestimatione
1454 4191 1840 4259 commisimus,

254 4278 316 4332 in
360 4292 424 4333 ea
478 4280 775 4349 praesertim
826 4279 1046 4348 regione
1085 4280 1174 4336 ubi
1197 4280 1398 4335 affatim
1428 4283 1651 4338 veniunt
1678 4283 1846 4339 inela-

250 4370 461 4425 borata:
488 4368 690 4425 delicia:
719 4368 799 4443 [Μ
804 4387 873 4435 ε..
901 4370 1095 4426 divitia:
1098 4368 1138 4443 Ι.
1171 4370 1337 4428 Ceres
1364 4372 1436 4427 ibi
1464 4373 1633 4428 multa
1669 4374 1848 4430 fecun-

252 4460 424 4516 ditate
458 4461 722 4529 luxuriat;
761 4459 936 4515 Pallas
978 4462 1140 4516 etiam
1183 4478 1292 4516 non
1331 4462 1552 4517 minima
1598 4462 1846 4533 largitate

253 4551 473 4625 [Juret.:
498 4551 755 4624 Subaudi,
779 4551 933 4624 olem]
962 4553 1299 4622 congaudet;
1332 4554 1489 4624 plana
1527 4554 1705 4609 rident
1737 4570 1837 4625 pa-
1871 4559 1919 4617 ι)

251 4644 400 4700 senis
441 4643 704 4713 fecundis,
727 4653 906 4701 erecta
934 4644 1243 4713 vindemiis;
1273 4645 1511 4701 abundat
1537 4645 1842 4702 multifariis

252 4734 568 4789 animalium
611 4735 892 4805 gregibus,
920 4735 1014 4793 sed
1061 4736 1271 4805 equinis
1316 4736 1551 4793 maxime
1582 4732 1844 4805 gloriatur

251 4825 540 4892 armentis;
569 4827 783 4893 merito,
810 4824 1029 4895 quando
1072 4826 1283 4882 ardenti
1326 4834 1573 4896 tempore
1611 4826 1720 4883 tale
1762 4834 1848 4883 est

252 4934 482 4975 vernum
509 4918 764 4975 silvarum
781 4957 796 4981 ,
830 4928 888 4973 ut
908 4934 1009 4975 nec
1038 4934 1343 4975 muscarum
1367 4919 1565 4975 aculeis
1593 4919 1845 4975 animalia

253 5009 568 5078 fatigentur,
591 5016 646 5065 et
663 5008 951 5064 herbarum
971 5024 1185 5080 semper
1198 5008 1486 5064 virentium
1507 5007 1846 5065 satietatibus

254 5099 593 5171 expleantur.
619 5099 815 5155 Videas
842 5115 940 5173 per
968 5100 1247 5155 cacumina
1287 5102 1551 5156 montium
1592 5099 1737 5155 rivos
1763 5098 1845 5155 ire

254 5190 610 5263 purissimos;
640 5198 695 5247 et
721 5189 875 5261 quasi
900 5204 967 5246 ex
995 5189 1141 5246 edito
1181 5189 1471 5261 proﬂuam,
1502 5190 1581 5247 sic
1619 5204 1719 5262 per
1745 5188 1839 5247 Al-

329 5428 356 5458 ι
396 5417 661 5474 Lucianus
710 5417 768 5472 in
817 5413 1125 5470 Alexandro
1150 5411 1178 5478 ,'
1204 5426 1299 5467 seu
1321 5409 1728 5480 Pseudomant.,
1766 5410 1836 5467 de

254 5486 917 5563 pmstigiatorisnoraculis
932 5504 944 5538 :
960 5488 1065 5563 995
1085 5481 1116 5538 ἴ
1118 5506 1167 5538 τι
1291 5479 1840 5563 τοιοῦτογιιίῖξτεστὲγῃ

255 5550 336 5622 4-m-
364 5550 596 5632 ἔδέὶζτο,
618 5557 737 5632 οὔτε
769 5557 932 5632 πυρᾷ·
955 5553 1473 5632 ἦᾼῦδσιιςηίςῄἕκοινρνει,Δ
1493 5550 1597 5632 ἄρ’
1614 5550 1728 5632 ,ἔδει
1747 5550 1841 5632 ’νῆις

256 5618 770 5709 canalem
783 5618 854 5709 τιὲέ
866 5628 1029 5709 δξσεέιδ
1046 5629 1130 5709 τεαὶ
1150 5622 1309 5709 οῖθφν·
1323 5618 1843 5709 ξςεεεῖβιίυξιῐιέειὲ

259 5690 532 5756 Immineat
579 5711 753 5764 neque
801 5704 941 5751 tecto
983 5695 1266 5764 quisquam
1314 5690 1636 5764 excipiebat,
1668 5705 1844 5764 neque

261 5772 368 5841 igni
396 5782 604 5841 aquave
634 5760 972 5841 impertiebat
996 5760 1228 5841 ;_vcrttm
1259 5770 1376 5816 erat
1420 5760 1494 5815 illi
1523 5760 1695 5841 solum
1724 5760 1845 5841 alio

260 5830 597 5907 vverten'dum,
632 5830 889 5905 tanquam
917 5834 1078 5905 impio
1108 5833 1435 5901 deorumque
1464 5830 1838 5910 contemptori.

1947 3271 2201 3328 honestas
2228 3278 2377 3327 artes
2398 3271 2659 3336 invisere,
2691 3285 2881 3327 causas
2920 3271 3167 3342 proprias
3198 3269 3405 3338 legibus
3440 3283 3536 3325 ex-

1945 3363 2151 3434 pedire,
2176 3363 2445 3420 interdum
2485 3362 2874 3420 Palamediacis
2914 3362 3138 3419 calculis
3163 3360 3439 3431 occupari,
3471 3360 3537 3415 ad

1946 3454 2168 3512 balneas
2194 3456 2273 3512 ire
2301 3471 2424 3513 cum
2460 3457 2659 3525 sociis,
2691 3455 2912 3527 prandia
2953 3455 3153 3509 mutuis
3193 3452 3539 3524 apparatibus

1946 3546 2248 3603 exhibere?
2288 3545 2451 3603 Caret
2496 3546 2741 3617 profecto
2786 3545 3036 3602 omnibus
3081 3544 3201 3609 his,
3238 3543 3332 3613 qui
3372 3542 3538 3597 vitam

1946 3650 2098 3692 suam
2111 3638 2225 3693 vult
2238 3652 2451 3711 semper
2469 3638 2672 3695 habere
2695 3652 2817 3694 cum
2842 3636 3075 3693 famulis.
3095 3634 3206 3692 Sed
3227 3650 3297 3691 ne
3316 3635 3540 3691 ulterius

1947 3727 2004 3784 in
2025 3728 2267 3785 eamdem
2288 3730 2735 3787 consuetudinem
2762 3743 2917 3785 mens
2936 3728 3092 3783 aliter
3107 3726 3311 3781 imbuta
3331 3724 3545 3781 relaba-

1947 3826 2057 3886 tur,
2080 3820 2220 3877 datis
2248 3819 2649 3890 lidejussoribus
2672 3828 2782 3875 tam
2809 3833 3152 3891 possessores
3177 3831 3338 3888 quam
3365 3815 3542 3873 curia-

1947 3912 2045 3979 les,
2072 3913 2171 3969 sub
2212 3912 2573 3968 testimatione
2596 3912 2813 3978 virium,
2842 3925 3004 3982 poma
3049 3909 3387 3979 interposita,
3412 3922 3542 3977 pro-

1946 4005 2168 4059 mittant
2195 4003 2321 4059 anni
2353 4013 2507 4074 parte
2533 4002 2741 4071 majore
2768 4016 2829 4058 se
2866 4002 2923 4057 in
2963 4002 3274 4058 civitatibus
3321 4014 3543 4055 manere

1946 4112 2082 4167 quas
2110 4096 2358 4152 habitare
2380 4095 2698 4165 delegerint.
2741 4093 2833 4150 Sic
2862 4094 2956 4149 llat
2982 4102 3044 4149 ut
3083 4094 3164 4149 eis
3186 4108 3287 4149 nec
3313 4099 3542 4147 ornatus

1946 4186 2085 4243 desit
2110 4186 2328 4252 civium,
2353 4200 2457 4242 nec
2496 4186 2744 4257 voluptas
2772 4183 2985 4259 [Juret.,
3016 4180 3286 4256 voluntas]
3308 4183 3543 4253 denege-

1949 4285 2038 4334 tur
2064 4292 2336 4348 agrorum.

2449 4430 2786 4489 EPISTULA
2810 4429 3021 4486 XXXII.

2112 4537 2318 4581 SEVERO
2345 4540 2470 4582 Ἦκο
2498 4539 2807 4581 ερεοτλιιιιι
2836 4536 3205 4579 ATBALARICUS
3232 4538 3359 4577 REX.

1948 4634 2173 4707 Fongem
2210 4636 2479 4707 Aret/Iuste
2507 4635 2773 4707 depingit;
2815 4642 2865 4689 et
2886 4634 3034 4707 jubet
3059 4642 3116 4687 ut
3143 4649 3230 4688 eos
3270 4634 3358 4707 qui
3384 4649 3540 4704 equos

2058 4702 2112 4760 Ν
2118 4707 2327 4779 ἰηιῙαάὶἱ
2354 4702 2695 4773 abstulerunt,
2726 4714 2775 4759 et
2804 4702 3090 4776 perquirat,
3122 4713 3173 4757 et
3207 4702 3410 4774 puniat.

2024 4819 2158 4876 Cum
2194 4819 2490 4876 Nimfadius
2531 4819 2616 4875 vir
2661 4818 2906 4876 sublimis
2946 4832 3048 4888 pro
3096 4815 3274 4873 causis
3313 4815 3428 4871 suis
3472 4815 3541 4871 ad

1949 4912 2266 4967 comitatum
2294 4909 2719 4967 sacratissimum
2750 4907 3051 4973 festinaret,
3086 4906 3296 4962 itineris
3327 4906 3539 4973 longin-

1947 5003 2156 5072 quitate
2170 5001 2463 5067 confectus,
2487 5001 2738 5056 animalia
2756 4999 2892 5055 fessa
2909 5013 3171 5070 reparare
3186 4998 3536 5063 contendens,

1948 5096 2017 5152 ad
2042 5097 2245 5154 fontem
2283 5096 2564 5151 Arethusa:
2610 5096 2665 5151 in
2692 5094 2989 5165 Scyllatino
3025 5092 3300 5150 territorio
3338 5091 3541 5148 consti-

1947 5198 2077 5247 tutae
2105 5190 2268 5261 elegit
2295 5204 2502 5261 ponere
2525 5189 2896 5255 mansionem;
2926 5201 2993 5243 eo
3016 5184 3161 5256 quod
3192 5185 3306 5255 ipsa
3338 5191 3393 5239 et
3417 5183 3537 5240 loca

1945 5412 2155 5469 Feralia
2205 5413 2257 5466 in
2305 5409 2641 5465 Christianos
2679 5407 2852 5464 edicta
2890 5421 3179 5463 recensens
3206 5403 3392 5461 Victor
3418 5401 3538 5458 Uti-

1944 5485 2140 5548 censis,
2166 5483 2258 5537 lib.
2289 5497 2370 5548 ιιι,
2391 5480 2458 5535 de
2487 5478 2881 5554 lfersecutione
2911 5477 3220 5554 Yandalica,
3248 5476 3399 5554 addit
3427 5493 3439 5527 :
3470 5472 3543 5554 lit

1944 5544 2454 5623 nullus'quempiam
2485 5550 2698 5623 illorum
2728 5549 2965 5619 hospitio
3004 5548 3290 5618 reciperet,
3315 5552 3410 5600 aut
3436 5544 3537 5599 ali-

1946 5619 2180 5679 moniam
2207 5619 2507 5692 priestaret.
2538 5619 2707 5692 Fons.

2020 5694 2046 5733 δ
2078 5681 2224 5761 Lege'
2251 5692 2497 5750 Plinium,
2545 5691 2716 5761 ιίὺηι,
2760 5689 2920 5757 epist.
2952 5687 3019 5757 3;
3059 5694 3117 5744 ct
3153 5684 3345 5743 Sidon.
3374 5681 3540 5755 Apol-

1949 5764 2068 5829 lin.,
2102 5760 2191 5820 lib.
2226 5780 2335 5828 vnt,
2368 5762 2525 5832 epist.
2555 5761 2607 5816 8.
2640 5760 2831 5817 luam.
