3974 6406
502 308 610 365 765

503 531 766 588 aquarum
814 514 1210 585 pulchrescant.
1254 509 1349 566 Est
1394 511 1570 579 enim,
1616 516 1676 565 ut
1720 507 1936 576 dicitur,
1981 506 2081 563 sub

500 608 641 680 pede
667 606 882 663 collium
918 619 1081 675 supra
1121 602 1286 659 maris
1332 616 1552 658 arenam
1590 599 1781 656 fertilis
1808 613 2032 669 campus
2062 615 2076 651 :

501 701 594 757 ubi
622 698 742 755 fons
768 705 951 754 vastus
977 696 1278 765 egrediens,
1308 694 1495 750 cannis
1531 692 1870 762 cingentibus
1907 690 1962 745 in
1987 704 2082 745 co—

499 804 651 846 rona:
676 788 913 859 speciem
942 788 1178 857 riparum
1206 798 1425 842 suarum
1472 797 1567 838 ora
1595 780 1836 837 contexit
1867 795 1881 831 :
1913 791 2082 833 amm-

499 876 939 935 nusadmodum
985 884 1041 932 et
1090 873 1401 931 arundineis
1446 871 1671 937 umbris,
1717 878 1774 926 et
1819 882 2083 939 aquarum

501 969 741 1040 ipsarum
766 969 968 1026 virtute
994 966 1270 1023 mirabilis.
1301 964 1435 1020 Nam
1460 978 1582 1019 cum
1602 962 1676 1018 ibi
1703 961 1896 1016 tacitus
1918 960 2083 1016 homo

500 1068 558 1118 et
603 1061 842 1118 studiose
878 1060 1184 1116 silentiosus
1229 1055 1532 1121 advenerit,
1580 1068 1748 1124 aquas
1778 1050 1942 1107 fontis
1970 1049 2087 1105 irri-

501 1151 593 1221 gui
619 1150 820 1222 reperit
847 1151 926 1205 sic
952 1150 1180 1220 quietas,
1227 1156 1289 1202 ut
1317 1146 1371 1202 in
1398 1160 1604 1201 morem
1631 1142 1807 1214 stagni
1833 1156 1943 1197 non
1972 1149 2084 1196 tam

500 1256 720 1298 currere
730 1256 892 1310 quam
917 1249 1064 1295 stare
1085 1238 1383 1295 videantur.
1415 1238 1482 1289 At
1502 1234 1592 1290 ubi
1615 1248 1946 1304 concrepans
1971 1239 2085 1288 tus-

502 1332 580 1391 sis
600 1333 795 1389 emissa
816 1331 999 1397 fuerit,
1022 1339 1114 1385 aut
1133 1344 1313 1386 sermo
1336 1328 1534 1384 clarior
1562 1326 1792 1381 fortasse
1819 1324 2081 1389 sonuerit,

501 1425 689 1481 nescio
719 1438 823 1494 qua
851 1423 905 1478 vi
945 1422 1128 1479 statim
1174 1435 1329 1491 aqua:
1356 1418 1553 1475 ibidem
1582 1417 1866 1474 concitata:
1904 1413 2083 1487 prosi-

502 1515 644 1571 liunt
667 1531 680 1568 :
705 1529 770 1570 os
792 1513 936 1569 illius
962 1510 1187 1582 gurgitis
1210 1508 1437 1566 ebullire
1463 1508 1644 1564 videas
1672 1508 1909 1576 graviter
1934 1504 2084 1561 exci-

500 1613 702 1672 tatum,
759 1611 821 1660 ut
871 1611 1031 1675 putes
1078 1616 1272 1672 aquam
1323 1600 1585 1670 rigentem
1643 1610 1922 1655 succensa:
1966 1595 2085 1652 olla:

500 1693 801 1765 suscepisse
841 1692 1108 1748 fervorem
1138 1708 1153 1745 :
1185 1690 1364 1746 silenti
1392 1688 1598 1745 homini
1627 1687 1808 1755 tacita,
1844 1684 2084 1756 loquenti

504 1784 737 1854 strepitu
785 1792 843 1839 et
890 1782 1104 1852 fragore
1152 1781 1512 1853 respondens;
1579 1786 1641 1835 ut
1688 1787 1963 1851 stupescas
2003 1777 2084 1834 sic
2112 1774 2159 1836 Β

503 1876 684 1932 subito
729 1874 1117 1946 perturbatam,
1169 1887 1332 1942 quam
1376 1871 1557 1927 nullus
1605 1878 1779 1926 tactus
1824 1868 2080 1939 exagitat.

504 1966 654 2024 Nova
685 1966 788 2032 vis,
820 1964 1057 2020 inaudita
1082 1964 1412 2034 proprietas,
1444 1977 1610 2032 aquas
1637 1976 1771 2017 voce
1802 1961 2084 2015 hominum

506 2056 863 2126 commoveri,
894 2063 946 2112 et
972 2055 1124 2125 quasi
1154 2055 1431 2125 appellata:
1468 2052 1863 2123 respondeant;
1897 2052 1970 2105 ita
2001 2058 2083 2118 ut,

507 2147 785 2202 hominum
831 2144 1169 2200 sermonibus
1209 2150 1533 2215 provocatos,
1585 2143 1767 2197 nescio
1810 2140 1938 2211 quid
1984 2141 2087 2196 im-

504 2243 857 2291 murmurent.
906 2233 1105 2290 Credas
1142 2234 1214 2289 ibi
1261 2232 1477 2303 aliquod
1516 2232 1716 2288 animal
1756 2240 2087 2303 prostratum

504 2342 696 2383 somno
735 2327 1035 2396 quiescere,
1083 2326 1251 2397 quod'
1273 2327 1568 2383 excitatum
1615 2338 1812 2395 magno
1858 2325 2089 2396 strepitu

506 2415 603 2473 tibi
642 2414 988 2486 respondeat.
1034 2413 1253 2485 Legitur
1290 2415 1508 2486 quidem
1534 2414 1824 2472 nonnullos
1859 2413 2088 2470 fontium

505 2507 666 2561 variis
692 2506 958 2563 scaturire
978 2506 1271 2575 miraculis,
1300 2513 1359 2562 ut
1381 2505 1544 2574 aliqui
1571 2504 1743 2575 potati
1767 2504 2090 2561 animalibus

506 2595 731 2652 reddant
757 2596 965 2651 varium
992 2595 1230 2652 colorem
1247 2637 1264 2665 ,
1293 2595 1431 2652 alter
1456 2608 1648 2665 greges
1674 2595 1832 2652 albos
1868 2593 2085 2663 efﬁciat,

503 2683 724 2755 quidam
765 2684 819 2738 in
857 2699 1076 2740 saxeam
1102 2683 1355 2741 duritiam
1397 2691 1645 2755 suscepta
1674 2684 1817 2755 ligna
1854 2700 2089 2742 conver-

506 2782 646 2829 tant.
691 2770 800 2829 Sed
825 2774 924 2830 has
951 2789 1141 2830 causas
1168 2774 1317 2830 nulla
1340 2774 1481 2832 ratio
1508 2775 1933 2848 comprehendit,
1962 2776 2090 2846 quia

507 2879 673 2934 supra
701 2863 1036 2920 intellectum
1078 2863 1372 2921 humanum
1411 2880 1532 2921 esse
1571 2866 1913 2934 cognoscitur
1947 2864 2092 2936 quod

507 2963 716 3010 tantum
745 2954 906 3010 rebus
932 2954 1266 3012 naturalibus
1292 2956 1610 3027 applicatur.
1643 2956 1749 3012 Sed
1778 2964 1835 3012 ut
1860 2956 1927 3012 ad
1954 2972 2090 3027 que-

507 3042 677 3098 relam
706 3038 1054 3114 suppllbantis
1091 3044 1201 3099 cito
1228 3044 1532 3112 redeamus,
1573 3044 1662 3100 hic
1699 3059 1824 3101 cum
1850 3045 2089 3101 mansio-

508 3150 631 3190 nem
662 3135 1002 3207 supradictus
1035 3135 1331 3192 Nimfadius
1357 3136 1658 3207 habuisset,
1686 3135 1890 3193 insidiis
1918 3136 2086 3192 rusti-

508 3242 694 3283 corum
719 3228 942 3284 abactos
968 3228 1071 3285 sibi
1096 3228 1289 3285 asserit
1319 3229 1762 3300 caballos:un
1792 3237 2089 3302 temporum

508 3327 819 3376 nostrorum
848 3320 1047 3377 habere
1081 3337 1190 3377 non
1218 3320 1378 3377 decet
1412 3320 1769 3392 disciplinam,
1810 3330 1872 3378 nt
1911 3322 2092 3380 delec-

507 3409 642 3466 tatio
693 3410 837 3466 illius
885 3411 993 3467 loci
1039 3412 1134 3467 tali
1178 3411 1376 3467 damno
1425 3411 1743 3468 redderetur
1796 3412 2087 3469 horribilis.

508 3499 665 3567 Quod
694 3500 1036 3556 vivacitatem
1065 3507 1210 3555 tuam
1235 3500 1479 3571 diligenti
1503 3515 1789 3557 censemus
1816 3502 2092 3557 examina-

510 3591 656 3648 tione
698 3591 990 3658 discutere,
1030 3607 1153 3663 quze
1188 3599 1245 3648 et
1287 3592 1355 3648 de
1398 3592 1598 3663 palatio
1631 3600 1820 3649 nostro
1857 3593 2095 3649 auctori-

510 3691 678 3738 tatem
695 3725 712 3753 ,
739 3684 888 3740 etde
914 3683 1120 3754 legibus
1138 3684 1254 3740 visa
1282 3692 1365 3741 est
1388 3682 1648 3755 justitiam
1671 3684 1980 3754 collegisse;
2010 3692 2089 3750 ut,

505 3788 662 3830 more
697 3774 864 3845 ipsius
905 3772 1091 3845 fontis,
1131 3775 1309 3832 scelus
1346 3775 1493 3845 quod
1521 3782 1701 3831 actum
1741 3784 1827 3832 est
1862 3774 2095 3832 videaris

507 3863 711 3921 ulcisci.
752 3864 1137 3936 Perqnirantur
1160 3873 1344 3922 sontes
1371 3880 1581 3922 summo
1609 3865 1850 3935 silentio,
1879 3872 2097 3921 tenean-

508 3966 596 4011 tur
637 3956 694 4011 in
736 3957 848 4013 suis
888 3956 1092 4014 laribus
1135 3957 1332 4029 quieti;
1378 3965 1438 4014 ut
1473 3957 1599 4014 dum
1647 3972 1777 4014 mox
1819 3957 2095 4014 insecutor

500 4044 669 4117 Ilum,
692 4043 1000 4116 exsecutor]
1021 4047 1368 4118 increpuerit,
1393 4061 1581 4103 eorum
1601 4045 1763 4103 corda
1784 4045 2093 4116 turbentur,

505 4137 563 4192 in
607 4153 771 4195 voces
805 4138 1115 4211 prosiliant,
1164 4146 1221 4194 et
1263 4138 1344 4195 sic
1382 4138 1609 4194 terribili
1655 4137 2087 4194 murmuratione

506 4227 922 4286 confundantur.
971 4230 1063 4286 Sic
1107 4245 1275 4300 aquas
1319 4245 1444 4285 suas
1484 4230 1665 4286 omina
1709 4228 1810 4285 sibi
1851 4228 2095 4299 judicent

506 4317 719 4375 dedisse
738 4336 1036 4393 poenarum.
1068 4320 1152 4377 Sit
1173 4335 1302 4391 ergo
1322 4321 1377 4376 in
1398 4321 1479 4377 eis
1501 4329 1814 4392 competens
1834 4321 2091 4391 vindicta,

508 4418 570 4465 ut
594 4410 713 4467 loca
740 4412 849 4467 sint
873 4414 1060 4483 pervia
1092 4430 1106 4468 :
1137 4413 1327 4470 invitet
1351 4412 1531 4486 posita
1553 4398 1835 4487 disciplina
1860 4416 2096 4472 studium

505 4502 954 4607 commeantium;
996 4517 1065 4607 ne
1102 4504 1370 4561 latronum
1407 4504 1716 4562 excessibus
1752 4505 1953 4563 vitetur
1984 4506 2093 4564 tale
2118 4534 2172 4596 υ
2194 4534 2406 4604 generis
2443 4533 2695 4589 animalia
2741 4534 2918 4590 nitore
2959 4533 3115 4607 [Αἰξί.

506 4589 855 4660 miraculum,
900 4594 1046 4664 quod
1070 4608 1289 4667 semper
1327 4596 1600 4654 lzetiﬁcare
1636 4596 1980 4668 cognoscitur
2005 4598 2091 4654 in-

507 4681 784 4750 quisitum.

896 4798 899 4803 ’
981 4819 1314 4880 EPISTOLA
1357 4822 1599 4881 xxxm.

681 4921 884 4967 εεγειιο
908 4926 1033 4968 VIRO
1058 4929 1361 4970 SPECTABILI
1389 4931 1756 4973 A'HIALARICBS
1780 4932 1907 4973 REX.

501 5019 1045 5113 Decernitutgpridie‘
1078 5029 1269 5113 natalis
1294 5031 1477 5113 sancti
1518 5028 1765 5113 (ἔνρήαηὶ
1810 5048 1917 5087 una
1971 5047 2085 5087 cum

575 5098 954 5159 possessoribus
996 5105 1047 5151 et
1086 5098 1480 5153 conductoribus
1520 5098 1840 5156 diuersarum
1879 5118 2087 5156 massa-

572 5178 687 5216 rum
732 5164 802 5221 ad
850 5164 1097 5223 Lucaniae
1142 5177 1443 5224 conventum
1490 5168 1833 5227 Leucotheam
1884 5173 2091 5228 nomine

577 5318 886 5403 {piﬁcina
917 5339 988 5403 ac
1010 5326 1264 5403 pergulae
1296 5326 1673 5403 nundinarum
1699 5325 2085 5403 signiﬁcantur.

507 5386 643 5455 Quid
690 5391 835 5445 enim
864 5386 1158 5464 aliud-his
1196 5396 1398 5464 verbis,
1444 5386 1828 5461 mercimoniis,
1863 5411 1927 5451 ac
1967 5411 2091 5451 mo-

509 5473 820 5534 rutentaneas
847 5462 1069 5534 domos,
1087 5462 1424 5534 Athalaricus
1452 5466 1646 5533 innuit,
1678 5467 1778 5523 nisi
1807 5465 2093 5534 pergulae?

506 5527 543 5606 1ἶ
586 5526 673 5606 i9.
703 5528 929 5606 ﬂueres,
965 5526 1255 5602 de'indic.;
1294 5534 1333 5590 l.
1365 5533 1417 5604 5,
1460 5536 1515 5593 in
1547 5526 1666 5606 Ηυξ,
1692 5538 1756 5591 ι).

506 5600 670 5668 dejec.
700 5597 867 5655 Fons.

579 5712 610 5755 δ
646 5717 710 5772 C.
753 5719 833 5774 De
868 5726 1057 5792 patrib.
1102 5726 1188 5797 qui
1227 5724 1305 5784 lit.
1345 5726 1497 5780 distr.
1539 5724 1740 5783 Jerem.
1783 5742 1821 5797 v
1860 5726 2094 5797 populus

512 5782 655 5842 fame
695 5782 983 5859 Oppressus
1021 5798 1076 5853 in
1106 5782 1236 5853 hac
1258 5796 1423 5854 verba
1452 5782 1697 5870 prorupit
1728 5815 1742 5853 :
1777 5782 1903 5854 Filii
1927 5782 2095 5853 nostri

1852 5551 1880 5591 ο
1906 5537 1973 5591 iis
2007 5535 2095 5607 qui

1697 299 1769 355 Μ.
1810 295 2086 354 AURELII
2125 288 2518 350 CASSIODORI

501 431 560 479 et
586 436 907 495 pascuorum
953 419 1196 475 ubertate
1228 414 1451 475 fecunda
1479 413 1608 480 sint,
1646 421 1702 470 et
1729 409 2077 468 inundatione
2103 411 2158 474 Α
2251 409 2543 495 congerunt,
2581 404 3060 495 ait

3671 288 3781 346 τοι

3154 403 3428 460 orumdam
3466 402 3787 460 rusticon

2254 470 2564 558 audaciam,
2591 478 2676 549 qui
2717 470 3067 558 negotiatores
3095 470 3624 558 lignis.spoliabqnt._
3653 470 3697 527 Τ
3698 489 3787 558 unt

2252 548 2494 672 describit
2545 543 2742 615 locum,
2784 543 3050 618 fontisque
3098 543 3406 599 Marcitiani
3464 545 3688 634 uirtutes
3738 552 3790 596 et

2251 634 2447 673 mir-acu
2472 634 2525 672 a.

2251 707 2403 765 Sicut
2425 707 2696 777 incognita
2723 705 2862 763 velle
2886 719 3071 774 nosse,
3094 704 3378 776 prudentis
3399 714 3508 774 est,
3536 704 3615 759 ita
3640 719 3793 760 eom-

2179 810 2335 873 perta
2361 799 2718 867 dissimulare,
2750 797 3023 854 dementia
3047 803 3160 862 est;
3199 810 3268 852 eo
3295 795 3605 867 praesertim
3636 802 3785 850 tem—

2182 908 2336 965 pore,
2376 906 2499 948 eum
2525 890 2687 947 noxia
2724 904 2815 946 res
2861 888 2930 945 ad
2955 888 3352 945 correctionem
3388 887 3571 958 possit
3605 887 3788 942 ceter-

2183 985 2377 1041 rimam
2427 981 2733 1054 pervenire.
2787 980 3083 1051 Frequenti
3136 978 3405 1049 siquidem
3456 977 3790 1050 probatione

2183 1072 2483 1138 didicimus,
2509 1069 2756 1127 Lucania:
2769 1077 3059 1135 conventu,
3082 1068 3176 1139 qui
3198 1068 3375 1140 prisca
3388 1066 3790 1138 superstitione

2183 1164 2489 1222 Leucothea
2532 1178 2731 1220 nomen
2759 1162 3000 1233 accepit,
3043 1160 3189 1231 quod
3232 1160 3305 1217 ibi
3342 1161 3415 1214 sit
3441 1174 3586 1227 aqua
3615 1157 3789 1212 nimio

2185 1257 2421 1313 candore'
2446 1254 2744 1326 perspicua,
2773 1250 3286 1324 praesumptionibus
3313 1249 3520 1304 illicitis
3547 1247 3792 1302 rustico-

2183 1364 2303 1405 rum
2339 1346 2623 1402 facultates
2658 1341 3045 1412 negotiantium
3088 1340 3272 1397 bostili
3301 1338 3613 1408 direptione
3641 1351 3790 1405 saepe

2184 1438 2480 1504 laceratas;
2522 1441 2583 1490 ut
2620 1434 2714 1504 qui
2749 1432 2817 1488 ad
2859 1431 3039 1487 natale
3066 1430 3243 1487 sancti
3273 1429 3533 1502 Cypriani
3561 1427 3789 1496 religio-

2184 1529 2392 1586 sissime
2433 1533 2696 1583 venerant
2737 1522 3123 1596 peragendum,
3155 1520 3641 1589 mercimoniisque
3672 1517 3789 1573 suis

2185 1619 2382 1676 faciem
2410 1615 2683 1674 civilitatis
2707 1629 2924 1681 ornare,
2971 1621 3193 1683 egentes
3220 1612 3453 1682 turpiter
3482 1611 3792 1678 inanesque

2187 1707 2540 1765 discederent.
2595 1703 2713 1761 Hoc
2769 1718 2872 1759 nos
2919 1702 3153 1772 simplici
3212 1716 3279 1757 ac
3330 1699 3482 1756 facili
3537 1699 3791 1755 remedio

2185 1798 2506 1856 credidimus
2530 1794 2928 1864 corrigendum,
2955 1792 3021 1849 ut
3040 1792 3413 1864 spectabilitas
3437 1801 3626 1847 vestra
3655 1806 3795 1861 prte-

2183 1888 2327 1945 dicto
2356 1894 2602 1957 tempore
2632 1899 2739 1940 una
2766 1899 2890 1940 cum
2918 1882 3321 1955 possessoribus
3348 1889 3519 1951 atque
3543 1880 3793 1938 conduc-

2184 1980 2393 2037 toribus
2437 1978 2769 2034 diversarum
2809 1991 3129 2041 massarum,
3179 1974 3248 2031 ad
3286 1974 3529 2044 quietem
3577 1987 3792 2029 conve-

2185 2071 2464 2137 nientium,
2511 2065 2802 2138 anticipata
2849 2067 3045 2122 debeat
3092 2064 3303 2121 cautela
3352 2078 3678 2135 procurare,
3728 2071 3794 2118 ut

2186 2162 2387 2217 atrocis
2433 2160 2558 2217 facti
2606 2174 2728 2215 reos
2773 2158 3033 2227 inveniat,
3081 2172 3219 2229 quos
3263 2171 3425 2228 poena
3469 2164 3789 2212 consumat.

2187 2252 2343 2321 Quod
2367 2253 2413 2308 si
2435 2251 2628 2322 aliquis
2649 2251 2996 2315 rusticorum,
3026 2248 3114 2305 vel
3141 2247 3433 2318 cujuslibet
3459 2247 3571 2302 loci
3593 2248 3788 2313 homo,

2187 2359 2378 2402 causas
2404 2341 2646 2399 nefanda:
2674 2342 2783 2397 litis
2820 2340 3082 2409 attulerit,
3113 2339 3259 2395 inter
3286 2339 3404 2411 ipsa
3444 2338 3602 2393 initia
3629 2352 3794 2393 com-

2187 2436 2487 2509 prehensus
2531 2432 2808 2489 fustuaria:
2851 2430 3111 2488 subdatur
3163 2430 3409 2501 protinus
3453 2429 3685 2495 ultioni;
3738 2437 3800 2484 et

2188 2536 2478 2601 pompatus
2502 2525 2643 2581 mala
2678 2533 2807 2581 nota
2833 2523 2987 2597 μίση
3024 2522 3174 2595 vota]
3203 2523 3462 2591 corrigat,
3508 2522 3603 2591 qui
3639 2521 3801 2593 prius

2190 2619 2463 2678 occultum
2499 2617 2707 2675 facinus
2733 2616 2972 2673 excitare
2999 2615 3263 2671 tentabat.
3312 2612 3412 2670 Est
3452 2613 3602 2669 enim
3651 2628 3794 2668 con-

2189 2718 2384 2768 ventus
2418 2710 2522 2766 iste
2559 2716 2615 2765 et
2647 2708 2813 2764 nimia
2855 2706 3172 2763 celebritate
3197 2703 3447 2773 festivus,
3478 2714 3536 2761 et
3564 2706 3805 2761 circum-

2186 2800 2345 2873 jectis
2400 2800 2694 2872 provinciis
2745 2797 2903 2854 valde
2947 2795 3246 2869 proﬁcuus.
3298 2794 3577 2866 Quidquid
3641 2797 3800 2852 enim

2190 2893 2516 2967 prtecipuum
2571 2900 2664 2948 aut
2710 2890 3036 2967 industriosa
3094 2890 3262 2945 mittit
3319 2889 3643 2961 Campania,
3700 2901 3801 2947 aut

2192 2984 2435 3058 opulenti
2480 2983 2681 3051 Brutii,
2732 2990 2827 3038 aut
2880 2980 3094 3038 Calabri
3141 2980 3404 3052 peculiosi
3421 3020 3437 3048 ,
3490 2991 3589 3036 aut
3633 2981 3805 3053 Apuli

2194 3063 2405 3143 idonei,
2432 3074 2520 3130 vel
2542 3073 2659 3146 ipsa
2687 3080 2866 3144 potest
2890 3072 3094 3129 habere
3123 3072 3431 3143 provincia,
3458 3072 3517 3129 in
3540 3083 3803 3130 ornatum

2115 3158 2163 3224 C
2190 3164 2568 3239 pulcherrimae
2608 3163 2750 3220 illius
2788 3162 3098 3219 venalitatis
3137 3163 3452 3234 exponitur,
3500 3172 3563 3220 ut
3598 3167 3805 3222 merito

2193 3265 2305 3314 tam
2348 3256 2620 3326 ingentem
2657 3255 2873 3326 copiam
2904 3254 3117 3325 iudices
3156 3254 3229 3311 de
3255 3255 3445 3313 multis
3481 3257 3807 3327 regionibus

2192 3356 2597 3418 congregatam.
2636 3347 2836 3404 Videas
2863 3347 3007 3404 enim
3043 3346 3157 3403 illic
3186 3348 3465 3404 collucere
3496 3349 3809 3421 pulcherri-

2152 3484 2157 3489 .
2192 3441 2295 3497 mis
2323 3450 2350 3480 ι
2393 3440 2717 3497 statidnibus
2759 3440 3052 3497 latissimos
3085 3455 3328 3512 campos,
3362 3450 3420 3499 et
3454 3442 3529 3499 de
3568 3444 3813 3502 ammnis

2193 3529 2470 3587 frondibus
2505 3530 2743 3587 intextas
2768 3530 2949 3586 subito
2987 3539 3404 3587 momentaneas
3442 3531 3663 3599 domos,
3695 3549 3808 3605 po-

2193 3620 2439 3693 pulorum
2485 3620 2821 3676 cantantium
2858 3620 3263 3691 laatantiumque
3310 3620 3646 3680 discursum.
3700 3623 3813 3681 Ubi

2192 3709 2323 3767 licet
2348 3725 2459 3767 non
2485 3710 2792 3783 conspicias
2817 3726 3040 3782 operam
3069 3712 3359 3781 manium,
3391 3713 3584 3771 videas
3614 3724 3811 3773 tamen

2193 3802 2576 3874 opinatissima:
2616 3802 2852 3859 civitatis
2889 3810 3159 3860 ornatum.
3210 3802 3421 3863 Prmsto
3460 3816 3595 3863 sunt
3642 3810 3814 3879 pueri

2194 3909 2259 3950 ac
2294 3893 2507 3964 puellae,
2535 3892 2749 3949 diverso
2776 3908 2915 3949 sexu
2941 3902 3107 3964 atque
3131 3903 3297 3951 astate
3323 3898 3634 3968 conspicui,
3665 3914 3814 3969 quos

2196 4000 2306 4041 non
2344 3983 2471 4041 facit
2509 3985 2794 4056 captivitas
2840 3999 2962 4042 esse
3008 3986 3110 4042 sub
3149 3988 3348 4058 pretio,
3395 3988 3500 4044 sed
3538 3990 3808 4059 libertas;

2194 4078 2297 4134 hos
2337 4077 2533 4132 merito
2577 4074 2607 4115 δ
2652 4084 2908 4147 parentes
2949 4076 3211 4161 vendunt,
3259 4079 3521 4147 quoniam
3568 4080 3643 4136 de
3687 4082 3810 4153 ipsa

2202 4168 2360 4241 ιω
2405 4165 2760 4223 famulatione
2806 4165 3114 4237 proﬁciunt.
3166 4167 3401 4224 Dubium
3433 4169 3644 4240 quippe
3693 4186 3812 4227 non

2196 4267 2298 4326 est,
2345 4272 2531 4314 servos
2557 4272 2720 4328 posse
2746 4257 3042 4328 meliorari,
3087 4259 3183 4328 qni
3209 4258 3279 4315 de
3315 4259 3508 4316 labore
3545 4275 3812 4331 agrorum

2195 4350 2265 4408 ad
2296 4351 2504 4406 urbana
2544 4350 2760 4406 servitia
2789 4348 3206 4406 transferuntur.
3247 4350 3387 4418 Quid
3433 4361 3623 4409 vestes
3654 4355 3810 4411 refe-

2194 4457 2315 4500 ram
2376 4443 2658 4499 innumera
2710 4443 2977 4499 varietate
3028 4442 3326 4500 discretas?
3391 4443 3538 4512 Quid
3602 4446 3812 4503 diversi

3156 4534 3355 4608 nitere]
3401 4537 3812 4608 pinguissima?

2194 4626 2298 4685 Ubi
2324 4627 2418 4683 tali
2443 4635 2636 4684 cuncta
2677 4627 2954 4683 taxatione
3001 4637 3407 4699 proponuntur,
3457 4638 3521 4685 ut
3561 4631 3808 4700 quilibet

2192 4727 2408 4790 emptor
2434 4717 2890 4775 fastidiosissimus
2932 4718 3225 4775 invenitur.
3275 4718 3371 4777 Sic
3412 4719 3482 4774 de
3510 4718 3611 4776 illo
3642 4736 3805 4775 com-

2193 4810 2398 4866 mercio
2439 4824 2600 4866 nemo
2647 4809 2888 4879 ingratus
2940 4809 3100 4874 redit,
3152 4810 3199 4865 si
3248 4817 3457 4866 cuncta
3498 4811 3812 4880 probabilis

2192 4898 2472 4969 disciplina
2501 4898 2799 4969 componit.
2830 4896 2928 4953 Est
2965 4897 3110 4953 enim
3138 4906 3194 4954 et
3229 4898 3389 4954 locus
3425 4899 3547 4969 ipse
3577 4914 3813 4971 campo-

2193 5002 2314 5042 rum
2364 4985 2677 5043 ammnitate
2728 4985 3031 5051 distensus,
3098 4987 3469 5044 suburbanum
3524 4990 3811 5059 quoddam

2194 5076 2541 5133 Consilinatis
2591 5076 2712 5150 [Jur
2741 5094 2760 5131 :
2788 5076 2984 5147 Forte,
3049 5078 3335 5151 Consilini]
3404 5081 3813 5151 antiquissima:

2196 5169 2448 5236 civitatis,
2487 5167 2583 5238 qui
2622 5183 2652 5223 a
2694 5168 2977 5225 conditore
3002 5178 3314 5226 sanctorum
3343 5168 3577 5226 fontium
3609 5170 3811 5229 Marci-

2199 5331 2250 5376 et
2295 5320 2422 5392 ﬁlia!
2469 5329 2663 5376 nostra;
2705 5320 2884 5374 multa:
2933 5330 3054 5375 sunt
3099 5321 3307 5393 nimis:
3338 5324 3668 5392 accipiamus
3715 5341 3810 5393 pro

2196 5393 2363 5462 pretio
2401 5407 2578 5445 eorum
2629 5392 2959 5462 (mitteantur,
2987 5398 3041 5462 et
3083 5392 3418 5447 comedamus
3469 5401 3520 5446 et
3546 5392 3805 5449 vivamus.

2196 5459 2350 5526 Quod
2376 5468 2432 5529 et
2454 5468 2696 5529 tempore
2724 5459 2998 5514 Maximini
3023 5462 3372 5529 imperatoris
3416 5464 3696 5520 accidisse
3726 5473 3812 5520 te-

2196 5538 2370 5591 statur
2398 5527 2595 5586 Euseb.
2626 5527 2780 5584 Ovid.
2813 5545 2906 5585 vnn
2935 5527 3331 5601 Metamorph.:

2446 5617 2507 5667 Et
2530 5617 2725 5667 tandem
2749 5618 2965 5669 demisso
2992 5620 3037 5667 in
3064 5620 3250 5669 viscera
3276 5633 3434 5671 censu

2386 5678 2514 5745 Eilis
2538 5679 2778 5741 restabat,
2804 5692 2903 5745 non
2919 5682 3013 5745 isto
3027 5682 3172 5743 digus
3197 5691 3429 5745 parente,

2385 5740 2523 5791 Hanc
2540 5752 2739 5803 quoque
2763 5740 2930 5794 vendit
2946 5740 3348 5860 inopsIFon"m
