3974 6458
330 385 441 444 705

1604 382 1969 443 VARIARUM
2010 384 2211 442 LIBER
2249 386 2337 445 IX.

3511 394 3620 455 766

324 502 531 559 lianum
559 515 755 558 nomen
796 502 1027 574 accepit.
1073 500 1174 560 IIic
1212 504 1445 575 erumpit
1484 516 1746 575 aquarum
1793 517 1924 574 per-
1950 504 1998 565 Δ
2030 504 2265 575 Erigitur
2290 508 2510 563 brutum
2538 505 2867 564 elementum
2888 506 3101 580 'sponte
3141 524 3260 579 sua,
3305 516 3363 567 et
3387 513 3622 582 quadam

323 595 515 667 spicua
562 602 617 650 et
669 593 840 650 dulcis
886 595 1153 651 ubertas:
1185 594 1274 650 ubi
1313 594 1368 650 in
1414 593 1633 651 modum
1658 594 1920 650 naturalis

323 689 470 744 antri
510 687 711 743 absidis
748 685 1008 743 fabricata
1046 688 1357 743 concavitas
1394 687 1473 745 sic
1517 687 1834 760 perspicuos
1855 687 1923 742 li-

322 793 527 849 quores
564 784 805 846 emanat,
850 784 909 832 ut
935 792 1164 833 vacuum
1191 786 1350 848 putes
1390 776 1587 843 lacum,
1614 792 1779 847 quem
1810 791 1919 833 non

320 870 540 926 dubitas
565 885 684 925 esse
720 869 1112 941 plenissimum.
1159 869 1257 925 Hic
1285 870 1595 940 perlucidus
1641 884 1812 940 usque
1850 870 1920 927 ad

323 961 551 1017 fundum
597 969 767 1033 patet,
817 968 877 1015 ut
904 961 1211 1031 aspectibus
1241 961 1345 1018 tuis
1385 975 1567 1017 aerem
1596 960 1779 1032 potius
1817 975 1918 1033 ap-

323 1070 517 1127 parere
552 1054 779 1125 judices,
832 1069 939 1109 non
978 1054 1264 1124 liquorem.
1312 1053 1625 1109 IEmulatur
1667 1067 1919 1110 serenum

321 1147 469 1204 diem
500 1162 638 1217 aqua
678 1147 1061 1215 subtilissima;
1110 1164 1235 1203 nam
1265 1147 1526 1220 quidquid
1553 1148 1609 1204 in
1639 1148 1751 1204 imo
1778 1147 1922 1217 geri-

323 1247 415 1295 tur
442 1236 703 1295 inoffensa
734 1239 874 1296 aeris
902 1237 1054 1313 [Ms.,
1086 1237 1233 1293 Grul.
1281 1246 1331 1294 et
1360 1239 1505 1311 ϐαίη
1534 1237 1726 1310 oculis]
1756 1238 1921 1295 clari-

322 1340 439 1386 tate
469 1338 817 1385 monstratur.
859 1329 1151 1385 Colludunt
1192 1329 1302 1385 illic
1346 1330 1611 1400 gregatim
1659 1328 1920 1386 laetissimi

320 1421 522 1492 pisces,
569 1421 662 1491 qui
708 1420 775 1475 ad
821 1436 1014 1475 manus
1060 1420 1400 1492 poscentium
1440 1419 1569 1493 [Ms.
1612 1428 1663 1477 et
1711 1419 1918 1489 [θοι-πη

319 1513 685 1588 pascentium]
716 1514 795 1571 sic
834 1513 1089 1585 intrepidi
1126 1516 1374 1577 veniunt.
1419 1522 1676 1585 tanquam
1721 1529 1782 1571 se
1822 1525 1922 1571 no-

318 1606 499 1661 verint
526 1622 634 1661 non
666 1620 788 1663 esse
816 1605 1133 1677 capiendos;
1166 1621 1292 1662 nam
1308 1606 1523 1677 quitale
1552 1605 1755 1677 aliquid
1781 1621 1923 1678 prte-

318 1696 551 1767 sumpsit
578 1695 816 1766 efﬁcere,
846 1713 970 1753 mox
1002 1714 1218 1771 pmnam
1247 1697 1553 1754 Divinitatis
1576 1699 1924 1767 cognoscitur

2021 596 2313 653 devotione
2341 597 2567 653 solemni
2602 607 2872 670 praeparat
2898 614 2958 656 se
2986 601 3282 667 miraculis,
3326 610 3386 657 ut
3414 604 3621 658 sancti-

2023 685 2203 743 ficatio
2228 687 2528 759 Maiestatis
2556 690 2727 760 possit
2754 691 2989 746 ostendi.
3039 691 3172 746 Nam
3203 707 3326 747 cum
3358 690 3479 749 fons
3507 694 3623 764 ipse

2022 780 2262 851 quinque
2290 780 2489 850 gradus
2516 790 2681 852 tegat,
2723 797 2929 854 eosque
2956 791 3162 838 tantum
3190 783 3292 839 sub
3320 785 3623 857 tranquilli-

2023 876 2136 925 tate
2163 869 2455 940 possideat,
2488 870 2609 925 aliis
2645 871 2857 927 duobus
2898 872 3137 928 cernitur
3166 888 3434 940 crescere,
3482 888 3623 943 quos

2024 976 2297 1035 nunquam
2341 971 2539 1035 praeter
2564 963 2695 1019 illud
2723 972 2934 1035 tempus
2959 966 3303 1033 cognoscitur
3328 982 3617 1037 occupare.

2023 1051 2273 1124 Magnum
2302 1054 2736 1127 stupendumqne
2761 1056 3104 1126 miraculum,
3150 1055 3350 1113 fluenta
3379 1058 3619 1114 labentia

2021 1146 2101 1203 sic
2128 1146 2195 1202 ad
2223 1147 2493 1203 humanos
2519 1162 2798 1204 sermones
2829 1148 2916 1204 vel
2945 1156 3111 1213 stare,
3143 1148 3232 1204 vel
3259 1165 3525 1216 crescere,
3561 1159 3623 1206 ut

2022 1238 2103 1295 eis
2146 1237 2337 1294 credas
2374 1237 2626 1295 audiendi
2666 1238 2903 1294 studium
2947 1240 3170 1295 minime
3207 1239 3462 1297 defuisse.
3501 1239 3624 1296 Fiat

2021 1330 2349 1387 venerabilis
2397 1327 2580 1403 [Jur.,
2632 1328 3027 1402 memorabilis]
3072 1329 3316 1385 omnium
3372 1344 3624 1387 sermone

2021 1422 2145 1480 fons
2185 1423 2288 1479 iste
2334 1421 2593 1479 cmlestis.
2645 1419 2819 1478 liabet
2866 1419 3247 1495 [Ms.,habeat]
3292 1428 3349 1477 et
3384 1419 3622 1477 Lucania

2020 1514 2313 1571 Iordanem
2340 1530 2519 1571 suum.
2548 1514 2643 1570 Ille
2663 1514 2970 1585 exemplum
2991 1514 3328 1585 baptismatis
3351 1514 3622 1585 praestitit,

2021 1609 2113 1665 hic
2158 1623 2374 1665 sacrum
2419 1608 2778 1664 ministerium
2825 1606 3009 1680 [Jur.,
3058 1604 3396 1679 mysterium]
3440 1621 3624 1663 annua

2024 1700 2316 1759 devotione
2343 1701 2597 1759 custodit.
2647 1700 2995 1772 Quapropter
3041 1708 3097 1755 et
3143 1700 3450 1756 reverentia
3488 1698 3623 1769 loci,

321 1789 624 1859 excepisse.
667 1787 852 1859 Longa
882 1797 1009 1845 sunt
1037 1790 1191 1853 illius
1235 1789 1399 1847 fontis
1444 1789 1798 1846 memoranda
1824 1790 1923 1848 de-
2026 1801 2081 1850 et
2110 1794 2315 1850 utilitas
2361 1793 2443 1849 rei
2471 1792 2607 1849 dare
2648 1792 2810 1848 debet
2851 1791 3067 1863 populis
3094 1791 3488 1847 sanctissimam
3533 1805 3626 1861 pa-

317 1880 579 1936 scribere.
622 1880 915 1937 Veniamus
960 1881 1026 1936 ad
1056 1881 1185 1937 illud
1215 1881 1487 1952 singulare
1525 1897 1721 1940 munus
1760 1898 1923 1939 sanc-
1954 1888 2003 1950 Β
2028 1899 2179 1952 cem;
2210 1885 2337 1957 quia
2365 1891 2682 1940 cunctorum
2707 1882 2915 1954 iudicio
2942 1881 3393 1939 sceleratissimus
3420 1881 3626 1936 haben-

316 1979 545 2041 tumque
566 1971 906 2028 miraculum.
935 1972 1070 2027 Nam
1101 1990 1224 2029 cum
1246 1974 1335 2030 die
1362 1985 1588 2030 sacratze
1615 1976 1789 2033 noctis
1808 1992 1927 2050 pre-
2025 1977 2128 2033 dus
2156 1984 2259 2040 est,
2299 1975 2393 2046 qui
2420 1975 2606 2030 talium
2635 1974 2843 2029 dierum
2871 1974 3066 2044 gaudia
3098 1982 3365 2029 temerare
3393 1980 3627 2028 conten-

314 2078 439 2119 cem
469 2072 496 2102 ι
523 2064 863 2136 baptismatis
892 2065 1118 2136 coeperit
1147 2066 1403 2122 sacerdos
1431 2066 1727 2132 effundere,
1759 2076 1816 2124 et
1850 2068 1923 2126 de
2024 2066 2120 2124 dit.
2177 2067 2510 2137 Rclcgantur
2562 2064 2780 2136 populis
2823 2072 2880 2120 et
2922 2071 3297 2135 proponantur
3354 2063 3456 2119 ista
3505 2077 3627 2132 qua:

314 2168 415 2211 ore
441 2165 634 2212 sancto
659 2172 969 2212 sermonum
997 2154 1178 2212 fontes
1204 2171 1479 2223 emanare,
1512 2173 1642 2213 mox
1667 2158 1720 2214 in
1748 2159 1918 2215 altum
2022 2160 2287 2225 diximus,
2350 2167 2411 2214 ut
2457 2174 2582 2214 cum
2632 2158 2801 2213 inulta
2861 2172 2981 2213 esse
3029 2156 3250 2213 minime
3306 2155 3622 2224 creduntur,

313 2245 461 2301 unda
499 2247 800 2318 prosiliens,
843 2262 1014 2317 aquas
1042 2262 1169 2302 suas
1205 2261 1313 2302 non
1344 2262 1444 2317 per
1470 2257 1682 2304 meatus
1728 2249 1918 2305 solitos
2018 2249 2322 2309 excedendi
2361 2248 2582 2306 licentia
2628 2264 2737 2304 non
2777 2257 3073 2319 quaeratur.

312 2333 517 2407 dirigit,
548 2337 644 2394 sed
678 2338 735 2393 in
777 2338 1114 2395 altitudinem
1146 2336 1528 2407 cumulumque
1571 2340 1911 2397 transmittit.

388 2526 416 2556 ι
454 2516 662 2574 Similia
713 2525 901 2574 narrat
944 2514 1303 2589 deﬂfontibus
1348 2482 1674 2589 miraculose
1717 2516 1919 2589 repleri

311 2589 493 2673 solitis
522 2598 768 2715 tempore
811 2588 1064 2672 paschali.
1084 2604 1184 2660 pro
1222 2588 1567 2671 baptizandis
1594 2587 1917 2644 Paschasius

311 2674 601 2715 outscoous
688 2659 998 2715 tlibetanus.
1049 2675 1107 2715 in
1147 2659 1379 2715 epistola
1419 2659 1488 2715 ad
1529 2659 1769 2715 Leonem
1818 2672 1917 2715 na-

308 2661 601 2733 opiscopus
636 2659 998 2737 ‘Lilibetanus,
1049 2659 1107 2715 in
1147 2659 1379 2731 epistola
1419 2659 1488 2715 ad
1529 2659 1769 2716 Leonem
1818 2672 1917 2731 pa-

2026 2532 2153 2589 pam
2181 2516 2224 2581 I,
2253 2530 2376 2589 qum
2409 2523 2596 2589 exstat
2622 2523 2755 2589 tom.
2786 2514 2836 2589 II
2859 2515 3066 2589 Concjl.
3110 2514 3453 2589 interAEpist.
3483 2512 3625 2569 Leo-

2028 2584 2131 2644 itis.
2188 2584 2341 2644 Adde
2392 2602 2515 2659 qua:
2565 2586 2636 2644 de
2685 2585 2924 2644 fontibus
2974 2585 3127 2658 Hisp.
3181 2584 3351 2644 refert
3395 2585 3624 2654 Gregor.

2028 2658 2232 2716 Turon.
2263 2656 2460 2714 June'r.

1534 2874 1883 2961 LIBER
1956 2866 2399 2961 NONUS.

710 3081 865 3155 ιῆιι
902 3078 1236 3138 EPISTULA
1274 3078 1512 3135 PRIMA.

428 3190 715 3233 ιιιιυκιιιοο
739 3190 863 3232 REGI
890 3189 1243 3229 VANDALORUI
1273 3185 1638 3229 ATHALARICUS
1664 3185 1791 3226 REX.

310 3265 752 3340 Conqueritur‘de
778 3281 901 3321 nece
928 3263 1275 3340 Amalafridw
1322 3262 1387 3340 ab
1433 3261 1705 3316 Hilderico
1745 3259 1917 3340 ἱιέαιιιἶ

388 3327 519 3417 Tum
546 3336 700 3417 mittit
728 3336 944 3417 legatos,
967 3327 1259 3417 apud'quos
1285 3334 1481 3417 crimen
1508 3339 1737 3387 excuset.
1768 3327 1919 3396 Quod

386 3409 436 3465 si
460 3408 716 3476 renuerit,
748 3406 937 3462 bellum
964 3406 1066 3477 ipsi
1091 3406 1382 3459 minitatur.

387 3520 684 3579 Durissima
707 3520 867 3576 nimis
892 3526 1041 3575 sorte
1066 3516 1507 3587 conslringimur,
1539 3522 1599 3571 ut
1627 3530 1765 3587 quos
1793 3520 1922 3570 ante

312 3618 504 3673 dulces
551 3623 809 3687 parentes
849 3611 1101 3678 diximus,
1134 3624 1280 3664 nunc
1306 3608 1387 3665 eis
1416 3622 1608 3664 causas
1648 3606 1921 3662 amarissi-

314 3724 434 3765 mas
461 3708 816 3779 imputemus;
862 3719 999 3774 quas
1043 3717 1204 3758 nemo
1241 3708 1423 3774 potest
1457 3700 1785 3770 relinquere,
1828 3700 1921 3771 qui

313 3799 535 3874 pietatis
562 3797 805 3853 noscitur
834 3794 1167 3851 monimenta
1194 3793 1456 3862 cogitare.
1491 3789 1624 3859 Quis
1649 3791 1793 3847 enim
1818 3806 1920 3847 ne-

313 3892 454 3949 sciat
480 3890 617 3945 diva:
645 3885 1038 3945 recordationis
1076 3882 1481 3947 Amalafridam,
1511 3881 1728 3952 generis
1746 3880 1920 3937 nostri

315 3986 483 4041 decus
526 3982 823 4054 egregium,
857 3977 1159 4035 violentum
1187 3974 1331 4048 apud
1359 3989 1457 4030 vos
1486 3974 1752 4044 reperisse
1784 3971 1922 4029 lucis

314 4090 604 4140 occasum;
632 4081 690 4131 et
716 4086 879 4143 quam
907 4067 1175 4125 habuistis
1211 4066 1420 4138 pridem
1447 4064 1742 4129 dominam,
1773 4060 1921 4133 passi

315 4187 428 4228 non
454 4170 585 4227 estis
611 4169 794 4224 vivere
821 4181 923 4223 nec
961 4163 1103 4240 [Ac.,
1143 4159 1309 4234 nunc]
1358 4160 1660 4233 privatam?
1702 4158 1828 4216 Ilaec
1873 4157 1920 4215 si

316 4268 510 4319 contra
557 4258 636 4316 fas
675 4256 969 4329 parentelze
1015 4252 1196 4324 gravis
1235 4267 1357 4309 esse
1383 4251 1688 4320 videbatur,
1717 4248 1922 4305 remitti

314 4352 387 4407 ad
415 4366 514 4406 nos
541 4342 727 4405 debuit
750 4344 1099 4409 honorabilis,
1124 4357 1290 4413 quam
1320 4341 1528 4411 magnis
1565 4339 1923 4410 supplicatio-

316 4442 479 4500 nibus
505 4437 822 4512 expetiistis.
857 4433 1135 4491 Parricidii
1161 4446 1333 4502 genus
1360 4437 1465 4498 est,
1496 4437 1557 4486 ut
1575 4443 1739 4499 quam
1763 4427 1920 4485 vobis

314 4536 522 4592 fecerat
549 4531 767 4588 affinem
796 4527 1106 4599 coniunctio
1136 4525 1297 4629 regis,
1313 4520 1586 4631 “nefandis
1619 4521 1919 4631 ausibusin
1942 4568 1998 4631 Β

2016 3079 2183 3135 tantis
2210 3076 2426 3133 casibus
2444 3072 2724 3130 aﬂeratur.
2755 3070 2893 3127 Nam
2919 3070 3021 3128 etsi
3046 3070 3326 3141 quodlibet
3349 3036 3629 3141 negotium

1944 3183 1989 3246 ρ
2019 3169 2076 3226 in
2107 3170 2201 3225 tali
2224 3182 2456 3242 persona
2484 3164 2677 3221 fuisset
2702 3172 2944 3230 enatum,
2977 3163 3134 3219 nobis
3160 3162 3345 3220 debuit
3366 3162 3624 3229 intimari,

2024 3272 2086 3316 ut
2108 3268 2164 3317 et
2190 3267 2380 3316 nostro
2402 3257 2608 3328 iudicio
2635 3255 2861 3327 periret,
2888 3268 3010 3325 qute
3037 3270 3097 3310 se
3126 3254 3375 3325 pessimis
3413 3253 3627 3309 actibus

2021 3353 2347 3410 miscuisset.
2378 3351 2567 3407 Restat
2589 3356 2650 3406 ut
2673 3348 2937 3404 naturalis
2965 3347 3082 3418 eius
3108 3344 3349 3418 fingatur
3376 3361 3623 3404 occasus.

2020 3445 2377 3518 Impossibilia
2407 3461 2516 3501 non
2544 3443 2793 3511 dicimus,
2819 3455 2960 3497 nova
2985 3456 3094 3496 non
3114 3439 3406 3511 quaerimus
3431 3455 3445 3493 :
3472 3438 3621 3494 illurn

2021 3548 2187 3610 atque
2215 3537 2368 3592 illum
2410 3534 2626 3602 tradite,
2658 3548 2758 3606 per
2794 3547 2932 3603 quos
2976 3530 3120 3586 facta
3161 3544 3251 3586 res
3286 3529 3482 3585 debeat
3508 3528 3625 3585 elu-

2020 3645 2166 3688 cere.
2198 3628 2283 3685 Sit
2311 3629 2366 3684 in
2396 3627 2475 3683 eis
2506 3626 2675 3683 totius
2714 3639 2890 3680 causa:
2918 3622 3167 3679 absoluta
3193 3621 3468 3694 probatio,
3507 3620 3626 3679 sine

2019 3722 2188 3790 bello,
2216 3722 2335 3780 sine
2382 3719 2550 3787 caede,
2590 3725 2685 3775 aut
2730 3733 2832 3774 nos
2867 3715 3070 3774 efﬁciat
3116 3713 3380 3788 placatos,
3410 3720 3505 3769 aut
3526 3727 3626 3771 vos

2020 3814 2218 3872 reddat
2255 3811 2541 3871 obnoxios.
2587 3809 2742 3878 Quod
2769 3809 2816 3866 si
2841 3808 3062 3865 creditis
3104 3822 3224 3864 esse
3252 3804 3625 3873 temnendum,

2021 3920 2125 3961 nec
2149 3916 2250 3960 vos
2284 3901 2353 3958 ad
2380 3899 2722 3957 rationabilia
2757 3913 3020 3971 reSpousa
3059 3895 3407 3967 componitis,
3435 3893 3626 3949 condi-

2022 3998 2172 4054 tione
2193 3997 2336 4052 inita
2355 3994 2506 4067 pacis
2531 3991 2881 4060 absolvimur,
2904 3990 2997 4062 qui
3024 3989 3135 4045 laesi
3165 3988 3380 4045 fmderis
3403 3986 3624 4042 vinculo

2021 4106 2130 4146 non
2157 4097 2424 4145 tenemur.
2450 4083 2703 4142 Vindicet
2729 4098 2875 4140 nunc
2899 4095 3133 4153 superna
3162 4077 3419 4148 maiestas
3446 4077 3622 4133 scelus

2021 4180 2264 4252 qualibet
2305 4186 2421 4233 arte
2456 4174 2828 4243 commissum,
2856 4186 2977 4242 qua:
3012 4169 3082 4225 ad
3116 4184 3176 4226 se
3198 4168 3434 4225 clamare
3458 4166 3626 4240 protl-

2022 4278 2167 4329 tetur
2193 4267 2416 4326 fraterni
2437 4264 2713 4336 sanguinis
2734 4263 2939 4321 caedem
2967 4260 3208 4332 impiam.

2426 4535 2661 4578 ευιθτυι
2690 4531 3012 4574 Ατωωιυοι
3039 4530 3213 4573 παις.

317 4627 440 4698 eius
483 4642 580 4682 V05
624 4623 903 4680 interitum
949 4616 1270 4675 miscereﬁs'
1311 4612 1454 4683 Quid
1493 4610 1856 4709 ωηιξιω,ιξ¹³ξί
1886 4627 1920 4667 ³
1942 4610 1996 4631 υ
2025 4631 2601 4709 Protegit_curiales_ab
2631 4630 2773 4687 omni
2810 4627 3255 4709 injuriatindicta
3277 4623 3619 4709 amatoribus,

316 4736 423 4778 suo
451 4719 681 4789 conjuge
706 4716 898 4773 relicta
926 4711 1262 4786 promeruit?
1290 4708 1349 4766 Si
1387 4706 1659 4764 successio
1685 4704 1921 4761 debeba-

298 4798 413 4870 tur
440 4813 616 4879 alteri,
646 4809 886 4881 nunquid
912 4805 1110 4863 femina
1150 4804 1204 4881 in
1237 4819 1305 4860 eo
1331 4801 1537 4859 ambitu
1562 4799 1741 4871 potuit
1766 4798 1919 4854 inve-

320 4908 464 4964 niri?
489 4905 662 4961 Mater
687 4902 930 4974 quinimo
958 4898 1144 4957 haberi
1172 4897 1378 4965 debuit,
1401 4910 1523 4967 quae
1557 4891 1716 4949 vobis
1754 4904 1920 4962 regna

320 4997 632 5056 transfudit.
657 4995 791 5051 Nam
819 5003 873 5050 et
899 4993 1006 5049 hoc
1033 4990 1303 5047 nobilitati
1331 4995 1525 5044 vestrae
1554 4981 1742 5040 fuisset
1770 4981 1920 5052 adie-

322 5100 496 5161 ctum,
541 5090 589 5147 si
638 5090 780 5145 inter
825 5085 1231 5153 Hasdirigorum
1279 5082 1507 5153 stirpem
1559 5073 1921 5135 retinuissetis

323 5184 500 5240 Amali
541 5180 816 5251 sanguinis
863 5191 1186 5249 purpuream
1227 5173 1563 5245 dignitatem.
1605 5169 1720 5225 Iloc
1755 5164 1921 5223 Gothi

322 5272 497 5331 nostri
523 5271 593 5328 ad
628 5286 787 5328 suum
824 5268 1004 5342 potius
1040 5265 1388 5338 opprobrium
1427 5261 1731 5331 intelligunt
1757 5257 1923 5314 fuisse

324 5376 617 5426 tentatum.
661 5365 794 5421 Nam
822 5363 916 5436 qui
940 5361 1174 5418 dominre
1199 5358 1389 5414 alienae
1412 5356 1590 5428 gentis
1616 5352 1799 5411 intulit
1824 5364 1924 5407 ne-

326 5476 467 5527 cem,
498 5458 720 5516 omnino
747 5456 865 5527 eius
889 5459 1175 5526 parentum
1199 5450 1347 5506 visus
1369 5455 1454 5505 est
1479 5444 1789 5517 despexisse
1815 5443 1923 5500 vir-

326 5562 525 5622 tutem,
553 5549 770 5622 quando
797 5561 959 5607 nemo
990 5544 1136 5617 quod
1174 5539 1525 5599 resecandum
1553 5536 1671 5611 [Gn
1701 5546 1751 5593 et
1775 5534 1918 5608 Cuj.,

326 5642 730 5708 ulciscendum;
759 5638 952 5706 Fort,
994 5630 1375 5705 recusandum]
1400 5628 1591 5697 credit,
1619 5632 1775 5701 putat
1801 5639 1922 5682 esse

328 5734 667 5795 tentandum.
702 5730 772 5787 Et
796 5729 991 5788 morali
1034 5726 1156 5784 ideo
1200 5724 1413 5780 ratione
1455 5714 1790 5786 commoniti,
1821 5732 1922 5789 per

331 5826 483 5883 illum
516 5835 573 5882 et
612 5824 758 5881 illum
787 5824 995 5893 legatos
1027 5826 1242 5876 nostros
1279 5815 1458 5871 verbis
1504 5813 1652 5882 prius
1693 5826 1726 5866 a
1765 5809 1922 5866 vobis

329 5918 640 5990 expetimus
659 5916 987 5990 aequitatem,
1014 5916 1390 5984 exspectantes
1426 5904 1601 5978 qualis
1642 5900 1921 5963 excusatio

2096 4698 2213 4763 aut"
2241 4707 2416 4762 decem
2470 4704 2723 4759 librarum
2777 4698 2894 4756 auri
2951 4698 3148 4767 multa,
3217 4705 3311 4751 aut
3372 4712 3622 4768 corporea

2094 4795 2267 4851 pinna.

2095 4890 2199 4961 Qui
2227 4887 2539 4961 reipublicae
2578 4890 2781 4940 statum
2815 4887 2873 4938 et
2910 4877 3164 4950 generale
3191 4876 3339 4949 cupit
3365 4884 3512 4934 stare
3537 4875 3619 4932 fa-

2024 4981 2262 5053 stigium,
2293 4980 2362 5035 ad
2388 4978 2640 5033 universa
2665 4973 2828 5030 debet
2866 4984 2987 5028 esse
3019 4968 3282 5026 sollicitus
3307 4986 3321 5023 ε
3352 4969 3478 5038 quia
3507 4982 3620 5025 non

2026 5082 2111 5131 est
2135 5072 2284 5128 salus
2311 5071 2365 5126 in
2391 5080 2639 5138 corpore,
2670 5063 2774 5120 nisi
2804 5076 2967 5135 quam
2994 5067 3052 5117 et
3077 5060 3319 5117 membra
3344 5059 3622 5130 potuerint

2027 5163 2292 5222 obtinere.
2315 5158 2513 5231 Iniuria
2541 5156 2699 5213 unius
2727 5153 2834 5210 loci
2859 5164 3123 5222 compago
3144 5158 3256 5205 tota
3281 5150 3617 5218 concutitur;

2026 5265 2085 5314 et
2130 5262 2280 5310 tanta
2325 5245 2714 5309 convenientia:
2740 5248 2823 5302 vis
2849 5252 2954 5314 est,
2986 5250 3045 5299 ut
3079 5256 3246 5298 unum
3272 5241 3469 5298 vulnus
3494 5244 3619 5300 ubi-

2028 5362 2136 5420 que
2178 5344 2367 5403 credas
2402 5341 2601 5413 accipi,
2642 5337 2860 5410 quando
2904 5335 2996 5392 illa
3039 5332 3268 5405 cmperit
3303 5333 3618 5392 condolere.

2030 5436 2351 5510 Respublica
2379 5431 2642 5505 siquidem
2670 5444 2779 5485 non
2808 5436 2892 5485 est
2918 5426 3076 5484 unius
3097 5425 3331 5483 civitatis
3349 5440 3502 5494 cura,
3522 5426 3622 5484 sed

2025 5533 2191 5591 totius
2217 5528 2369 5600 regni
2397 5525 2613 5599 provisa
2650 5521 2915 5579 custodia.
2946 5519 3290 5592 Quapropter
3313 5518 3360 5575 si
3386 5518 3518 5588 quid
3546 5533 3618 5575 ex

2024 5627 2140 5699 ipsa
2168 5607 2446 5687 minuitur,
2469 5619 2523 5674 in
2552 5616 2761 5685 Origine
2787 5611 3066 5685 dispendia
3091 5610 3619 5699 sentiunturLMinus

2022 5696 2169 5773 enim
2212 5712 2415 5769 habere
2452 5720 2675 5763 necesse
2716 5710 2819 5770 est,
2851 5701 2938 5760 cui
2967 5698 3168 5772 aliquid
3203 5699 3364 5771 perit.
3395 5696 3465 5753 Et
3491 5698 3617 5754 ideo

2022 5808 2357 5865 diversarum
2381 5799 2657 5858 civitatum
2687 5792 2911 5867 pervigil
2941 5806 3040 5849 nos
3077 5804 3206 5847 cura
3239 5787 3511 5855 sollicitat,
3543 5804 3612 5847 ne

2022 5897 2283 5974 permissa
2310 5891 2523 5964 longius
2549 5887 2691 5947 mala
2714 5894 2897 5944 nostra
2920 5882 3125 5956 possint
3145 5892 3369 5953 gravare
3390 5877 3612 5952 palatia.
