3960 6400
387 296 487 356 767

1605 317 1678 374 u.
1718 274 1805 374 n-
1816 313 1994 372 RELII
2033 280 2429 373 cassronoru

3553 315 3660 370 763

387 436 580 501 Arbor,
613 449 770 503 quam
801 433 992 488 ﬂorere
1023 430 1192 500 vides,
1217 444 1380 501 quam
1409 443 1615 485 summa
1649 426 1804 500 142
1830 441 1966 483 cond
1994 429 2045 490 Α
2066 440 2186 497 quae
2209 427 2503 502 primatum.
2519 431 2711 492 tenuit,
2733 440 2854 485 esse
2877 426 3151 498 posterior
3175 442 3284 484 non
3311 437 3554 484 recusat.
3575 427 3666 484 Sic

385 527 550 599 spicis
571 525 834 581 viriditate
864 522 1049 588 lactari,
1075 521 1429 577 subterraneo
1449 535 1610 576 succo
1631 517 1970 576 fecunditatis

385 617 673 684 animatur,
705 612 930 667 reddens
969 611 1022 666 in
1073 610 1414 684 superficiem
1453 609 1599 682 quod
1641 608 1880 665 continet
1917 607 1972 662 in

386 707 584 762 radice.
631 703 918 758 Hominum
960 717 1179 772 quoque
1232 703 1414 758 vultus
1465 716 1658 770 magna
1703 700 1973 756 hilaritate

385 795 696 856 decoratur,
729 793 774 847 si
803 793 1102 849 visceribus
1133 793 1280 848 sanis
1307 805 1592 861 gravamen
1623 789 1819 844 nullius
1845 803 1970 844 sen-

390 885 487 938 tiat
527 883 776 939 lmsionis.
818 881 909 938 Sic
936 895 1162 950 regnum
1185 880 1307 952 jure
1331 879 1523 936 dicitur
1551 878 1970 948 integerrimum,

390 975 436 1029 si
461 989 723 1044 nusquam
755 974 914 1029 fuerit
949 974 1306 1028 imminutum.
1337 972 1454 1028 Hoc
1481 971 1596 1027 fieri
1626 978 1824 1042 potest,
1851 985 1974 1024 cum

392 1061 623 1132 undique
668 1064 1018 1119 submovetur
1057 1061 1315 1118 effrenata
1363 1062 1605 1125 licentia,
1673 1075 1773 1113 nec
1818 1059 1976 1112 datur

392 1171 556 1212 ausus
585 1157 751 1212 menti
795 1157 1038 1226 malignae
1069 1156 1168 1210 sub
1195 1155 1537 1211 abominabili
1577 1154 1820 1206 libertate
1848 1165 1977 1221 pec-

390 1259 538 1301 care.
570 1245 832 1311 Curiales,
863 1245 1057 1314 quibus
1082 1260 1113 1299 a
1140 1245 1360 1316 provida
1389 1242 1749 1300 sollicitudine
1781 1255 1976 1296 nomen

392 1343 504 1401 est,
548 1337 860 1405 gravissima
911 1334 1162 1392 dicuntur
1207 1333 1549 1390 infestatione
1597 1331 1869 1401 quassari;
1918 1338 1979 1386 ut

391 1425 650 1494 quidquid
691 1427 770 1480 eis
819 1425 1042 1481 honoris
1083 1440 1248 1480 causa
1290 1424 1588 1492 delegatur,
1625 1421 1694 1477 ad
1731 1419 1978 1490 iniuriam

393 1516 572 1584 potius
600 1514 840 1570 videatur
871 1530 988 1570 esse
1025 1512 1364 1584 perductum.
1395 1511 1440 1567 0
1469 1512 1732 1568 nefarium
1777 1510 1976 1579 scelus,

395 1604 738 1675 importahile
767 1605 992 1659 malum!
1027 1604 1251 1670 Quando
1290 1602 1478 1659 debuit
1519 1602 1829 1674 reipublicae
1865 1616 1980 1657 ser-

394 1691 592 1748 viendo
621 1691 902 1762 prolicere,
937 1700 1062 1747 tunc
1089 1691 1395 1746 libertatem
1423 1707 1576 1745 suam
1605 1706 1726 1747 cum
1753 1689 1981 1746 fortunis
2081 1696 2357 1769 potentiae,
2382 1697 2468 1752 vel
2496 1696 2752 1754 honoris?
2779 1696 2912 1752 Nam
2947 1697 3039 1767 qui
3065 1697 3278 1752 senatui
3308 1703 3690 1768 comparatur,

2073 515 2304 586 quadam
2334 515 2710 572 communione
2737 517 2958 572 sociatae
2985 517 3086 573 sibi
3112 516 3231 573 sine
3257 517 3480 586 regibus
3508 516 3668 572 obse-

2072 613 2327 676 quuntur,
2359 605 2475 661 sine
2517 605 2795 661 dominatu
2839 614 3052 675 parent,
3083 607 3202 664 sine
3243 616 3454 664 terrore
3489 605 3669 662 famu-

2072 697 2271 753 lantur.
2311 697 2627 754 Voluntarie
2651 697 2936 755 serviendo
2963 699 3146 756 liberte
3172 707 3320 763 sunt,
3351 707 3408 755 et
3438 699 3672 754 invicem

2073 801 2134 842 se
2156 786 2426 857 diligendo
2464 787 2796 843 muniuntur.
2837 788 3077 856 Quarum
3121 804 3334 845 morem
3371 790 3678 860 scriptores

2073 893 2254 934 rerum
2303 878 2624 934 naturalium
2670 886 3021 946 contuentes,
3075 879 3322 951 politiam
3374 879 3676 950 quamdam

2074 968 2216 1024 inter
2250 969 2395 1040 ipsas
2443 985 2596 1029 esse-
2611 978 3060 1038 commemorant,
3089 985 3225 1042 quas
3261 973 3439 1027 civica
3477 969 3680 1027 affectu

2077 1062 2260 1116 vivere
2288 1070 2676 1131 cognoverunt.
2719 1061 2829 1118 Has
2873 1063 2918 1118 si
2957 1078 3052 1119 vos
3081 1061 3388 1126 imitemini,
3425 1078 3620 1119 omnes
3647 1078 3678 1117 a

2076 1151 2230 1206 vobis
2252 1152 2576 1222 pravitatum
2606 1151 2906 1208 calumnias
2931 1153 3235 1208 excluditis.
3267 1151 3405 1206 Nam
3435 1168 3559 1218 vos,
3587 1151 3682 1222 qui

2077 1239 2210 1295 recti
2243 1247 2366 1294 vota
2394 1240 2654 1310 recipitis,
2685 1240 2898 1297 habetis
2938 1257 3038 1312 per
3073 1241 3222 1311 leges
3261 1249 3596 1310 potestatem
3623 1240 3682 1295 in

2077 1332 2285 1388 civibus
2333 1333 2546 1390 vestris.
2594 1333 2713 1389 Non
2759 1334 2902 1389 enim
2951 1334 3224 1390 incassum
3273 1335 3430 1390 vobis
3470 1336 3682 1390 curiam

2079 1423 2348 1479 concessit
2367 1423 2680 1493 antiquitas,
2700 1439 2808 1480 non
2831 1423 3064 1480 inaniter
3087 1424 3385 1494 appellavit
3412 1424 3686 1478 minorem

2080 1523 2326 1572 senatum
2355 1533 2368 1568 :
2405 1526 2428 1554 ο
2458 1530 2655 1571 nervos
2681 1530 2896 1586 quoque
2932 1515 3178 1571 vocitans
3210 1530 3276 1570 ac
3303 1514 3518 1570 viscera
3545 1515 3684 1572 civi-

2081 1615 2270 1662 tatum.
2313 1604 2452 1673 Quid
2494 1605 2550 1661 in
2583 1605 2686 1661 ista
2729 1605 3092 1676 appellatione
3141 1620 3249 1660 non
3293 1605 3572 1670 habeatis,
3600 1604 3689 1660 vel

394 1783 607 1838 videtur
635 1783 902 1838 amittere.
932 1781 1195 1849 Quocirca
1217 1781 1429 1836 edictali
1455 1787 1851 1852 programmate
1878 1779 1975 1836 de-
2007 1788 2054 1848 B
2079 1805 2111 1845 a
2139 1789 2286 1846 nullo
2313 1789 2473 1859 genio
2501 1788 2768 1846 claritatis
2794 1783 3117 1845 excluditur.

396 1872 630 1943 ﬁnimus,
661 1881 722 1928 ut
760 1873 807 1929 si
841 1874 962 1944 quis
997 1881 1244 1928 versatus
1289 1871 1442 1944 [Ed.,
1467 1871 1713 1943 vexatus]
1740 1870 1901 1927 fuerit
1927 1871 1982 1927 in

396 1965 613 2035 injuria,
646 1978 739 2019 aut
768 1965 818 2019 in
849 1965 1129 2035 dispendio
1157 1965 1394 2033 curialis,
1418 1964 1502 2019 vel
1529 1964 1728 2035 aliquid
1754 1965 1802 2019 ei
1828 1967 1985 2036 (pne-

397 2065 642 2126 terquam
680 2057 890 2124 iussum
927 2058 1088 2112 fuerit
1115 2073 1146 2112 a
1175 2057 1350 2124 nobis,
1383 2056 1469 2112 vel
1509 2057 1577 2112 ab
1608 2056 1813 2122 aulicis,
1845 2072 1982 2130 quo-

397 2163 516 2201 rum
560 2147 802 2212 interest,
850 2148 1224 2223 potestatibus)
1267 2149 1544 2218 imponere
1584 2147 1811 2203 fortasse
1847 2163 1984 2218 pra:-

396 2239 701 2306 sumpserit,
725 2246 817 2292 aut
832 2239 1018 2293 decem
1034 2239 1290 2294 librarum
1315 2239 1430 2294 auri
1445 2239 1723 2308 dispendio
1741 2239 1986 2306 feriatur,

397 2329 497 2397 ipsi
527 2328 618 2398 qui
650 2328 754 2382 tale
783 2327 980 2397 aliquid
1023 2327 1304 2398 pertulerit
1345 2328 1691 2383 nihilominus
1733 2325 1982 2398 profutu-

396 2435 546 2482 rum,
597 2428 716 2482 aut,
771 2419 817 2474 si
875 2417 1096 2475 facultas
1148 2419 1392 2475 vindictae
1444 2435 1554 2475 non
1607 2418 1838 2487 sufﬁcit,
1885 2432 1984 2489 per

396 2509 653 2575 tustuaria
683 2509 942 2578 supplicia
972 2509 1256 2575 laceretur,
1283 2518 1338 2564 et
1378 2509 1570 2564 reddat
1595 2507 1832 2563 debitum
1864 2523 1980 2578 pm-

400 2599 503 2662 nis,
529 2598 670 2667 quod
694 2615 800 2654 non
830 2599 1006 2668 potuit
1032 2612 1384 2668 compensare
1408 2598 1680 2669 pecuniis;
1707 2597 1779 2652 ita
1803 2605 1985 2652 tamen

399 2698 460 2744 ut
485 2705 603 2758 qua:
623 2704 722 2758 pro
749 2688 963 2758 publica
983 2688 1214 2743 utilitate
1238 2685 1437 2743 fuerint
1465 2687 1729 2755 delegata,
1756 2686 1986 2755 ingenua

399 2777 758 2833 sollicitudine
822 2777 1226 2847 compleantur,
1282 2776 1497 2847 quando
1553 2777 1670 2846 plus
1725 2775 1988 2846 incipiunt

399 2867 626 2933 debere,
670 2883 807 2936 quos
861 2867 1065 2922 alienas
1113 2866 1420 2936 iniquitates
1467 2881 1574 2921 non
1627 2864 1986 2935 permittimus

399 2959 684 3013 sustinere.
717 2971 739 2995 υ
774 2957 977 3014 Praedia
1011 2958 1310 3024 curialium,
1341 2958 1480 3013 unde
1516 2958 1749 3012 maxime
1776 2956 1985 3012 medio-

402 3051 583 3104 cribus
623 3057 881 3119 parantur
928 3049 1153 3115 insidiae,
1195 3048 1373 3106 nullus
1413 3047 1440 3086 δ
1483 3048 1668 3104 illicita
1712 3047 1986 3119 emptione

400 3230 608 3300 legibus
635 3231 800 3286 venit.
833 3229 988 3287 Circa
1010 3231 1256 3301 saionum
1277 3240 1332 3288 et
1355 3231 1680 3286 militantum
1709 3230 1986 3286 molestias

396 3319 640 3392 iudicum
671 3329 1021 3392 protegantur
1047 3323 1265 3378 auxilio.
1291 3321 1373 3379 Ab
1400 3323 1528 3393 ipsis
1556 3337 1772 3392 quoque
1794 3322 1982 3379 mode~

401 3410 670 3469 ratoribus
716 3425 812 3466 eos
858 3419 1043 3466 nostra
1089 3411 1377 3467 vindicavit
1416 3412 1736 3479 auctoritas;
1781 3420 1985 3481 quanto

399 3502 613 3568 gravius
639 3501 950 3570 plectendum
973 3511 1074 3566 est,
1105 3501 1150 3556 si
1179 3501 1270 3556 ille
1293 3502 1378 3557 cui
1403 3501 1681 3570 delegatur
1708 3501 1984 3567 auxilium,

399 3590 658 3660 probetur
677 3590 876 3646 inferre
895 3590 1276 3646 detrimentum
1297 3590 1312 3647 ι
1331 3589 1528 3660 Erigite
1548 3591 1705 3658 colla,
1727 3591 1986 3661 depressi;

400 3679 679 3736 sublevate
707 3680 936 3746 animos,
962 3679 1226 3735 malorum
1272 3679 1496 3736 sarcinis
1543 3680 1833 3748 ingravati;
1863 3679 1990 3736 date

400 3770 634 3826 studium
671 3786 994 3842 recuperare
1028 3785 1148 3842 qum
1189 3787 1286 3828 vos
1329 3772 1470 3850 male
1497 3773 1822 3842 cognoscitis
1854 3773 1990 3828 ami-

400 3863 554 3918 sisse.
603 3860 900 3935 Unicuique
941 3863 1045 3920 civi
1092 3864 1216 3920 urbs
1255 3880 1350 3920 sua
1395 3865 1694 3936 respublica
1734 3874 1836 3922 est.
1879 3865 1989 3921 Ad-

402 3953 708 4008 ministrate
747 3953 1024 4010 civitatum
1070 3955 1170 4011 sub
1202 3965 1564 4012 consentanea
1599 3957 1879 4012 voluntate
1901 3956 1990 4026 iu-

401 4043 622 4098 stitiam.
675 4041 905 4099 Ordines
957 4045 1122 4102 vestri
1175 4045 1510 4115 aequabiliter
1555 4047 1760 4100 vivant.
1812 4045 1990 4102 Nolite

399 4145 624 4202 gravare
652 4134 970 4200 mediocres,
1003 4151 1072 4191 ne
1099 4151 1198 4190 vos
1223 4136 1417 4190 merito
1447 4135 1752 4205 opprimere
1780 4135 1990 4206 possint

399 4222 660 4292 potiores.
687 4220 852 4278 Ptena
880 4223 982 4278 ista
1010 4223 1218 4292 peccati
1245 4231 1349 4291 est,
1379 4230 1438 4276 ut
1464 4223 1826 4294 unusquisque
1850 4223 1904 4278 in
1930 4237 1991 4280 se

401 4312 643 4382 recipere
671 4312 843 4382 possit
867 4311 1012 4380 quod
1056 4312 1111 4366 in
1146 4313 1376 4367 alterum
1415 4323 1698 4382 protervus
1723 4313 1984 4370 exercuit.

402 4401 585 4456 Vivite
606 4401 776 4469 iuste,
799 4401 965 4455 vivite
989 4401 1357 4469 continenter;
1387 4401 1512 4471 quia
1539 4401 1628 4456 vix
1657 4403 1818 4458 audet
1838 4403 1989 4472 quis-

401 4580 662 4636 invenire.
689 4582 862 4637 Grues
888 4581 1150 4637 moralem
1179 4591 1443 4638 noverunt
1467 4599 1723 4640 exercere
1759 4600 1986 4640 concor-

401 4671 574 4738 diam;
623 4671 764 4726 inter
805 4687 940 4741 quas
989 4673 1166 4728 nullus
1218 4675 1478 4743 primatus
1528 4675 1808 4745 qumritur,
1857 4675 1985 4746 quia

401 4761 696 4830 iniquitatis
731 4762 961 4816 ambitus
1003 4778 1114 4818 non
1158 4763 1401 4818 habetur.
1445 4763 1678 4833 Vigilant
1727 4765 1981 4832 vicissim,

401 4853 674 4908 communi
703 4868 761 4908 se
787 4854 996 4909 cautela
1022 4855 1348 4918 custodiunt,
1379 4855 1491 4924 ipse
1519 4865 1706 4926 pastus
1747 4857 1986 4914 alternus

401 4951 504 4998 est.
549 4941 640 4998 Sic
682 4943 856 4999 honor
896 4943 1053 5000 nullis
1101 4943 1251 5018 [Ms.,
1293 4944 1492 5004 nullus]
1540 4944 1810 5012 adimitur,
1856 4946 1985 5002 dum

401 5034 582 5089 omnia
609 5033 709 5090 sub
737 5035 1114 5092 communione
1139 5043 1440 5092 servantur.
1465 5035 1560 5091 llis
1585 5037 1746 5092 etiam
1775 5037 1986 5094 volatus

399 5126 602 5184 vicaria
645 5129 952 5199 aequalitate
991 5129 1336 5200 disponitur:
1373 5129 1561 5186 ultima
1602 5128 1662 5186 fit
1688 5133 1898 5202 prima;
1927 5138 1985 5188 et

473 5373 500 5404 ι
520 5361 771 5436 Venditio
791 5364 1112 5436 praediorum
1137 5364 1417 5436 curialium
1437 5379 1545 5436 non
1567 5363 1726 5436 vale},
1750 5362 1852 5436 nisi
1882 5362 1976 5436 flat

400 5447 563 5515 causa
590 5432 827 5516 probata.
859 5435 999 5516 apud
1041 5447 1162 5516 aeta
1207 5435 1464 5516 prmsidis,
1507 5433 1638 5516 l.__%,
1666 5433 1740 5516 C._
1775 5432 1848 5514 De
1877 5433 1969 5502 οῙῙ.

401 5505 512 5572 ejus
538 5505 623 5574 qui
647 5504 744 5574 pic,
774 5504 846 5558 at.
872 5503 990 5574 jud.
1034 5503 1162 5566 obt.,
1206 5503 1290 5558 vel
1335 5504 1571 5573 pnetecti
1611 5505 1884 5574 prtetorio
1907 5518 1974 5574 ex

403 5571 529 5642 nov.
561 5571 835 5642 Maioriani
871 5571 939 5626 de
980 5574 1286 5628 curialibus.
1333 5571 1434 5640 Qui
1481 5571 1738 5642 praedium
1775 5572 1976 5642 curiale

404 5639 938 5710 emittsinerdecreto
965 5642 1149 5696 curiali
1170 5639 1432 5698 venditori
1463 5639 1696 5696 restituit
1720 5641 1975 5710 prmdium

406 5720 530 5780 cun_1_
559 5705 829 5780 fructibus,
871 5727 968 5780 nec
996 5721 1171 5764 tamen
1202 5712 1269 5764 ab
1306 5727 1372 5765 eo
1395 5713 1624 5780 pretium
1657 5705 1867 5778 recipit,
1892 5711 1976 5764 vel

408 5773 820 5834 meliorationes.
849 5777 1084 5850 Equum
1116 5781 1275 5852 igitur
1303 5773 1413 5852 est,
1429 5789 1487 5836 ut
1509 5781 1600 5852 qui
1627 5780 1691 5836 ad
1722 5773 1840 5836 eam
1862 5795 1973 5834 em-

2650 1920 2984 1977 EPISTOLA
3018 1920 3107 1976 Ill.

2083 2026 2414 2069 BERGANTINO
2435 2027 2556 2068 νιιιο
2586 2027 2847 2074 ιιιυετιιι,
2871 2027 3053 2067 (201111⁸1
3079 2027 3408 2079 PATRIIONII,
3439 2029 3698 2069 unau-

2723 2097 2874 2138 RICUS
2905 2098 3030 2136 REX.

2083 2171 2237 2227 lubet
2262 2182 2320 2227 ut
2347 2174 2663 2228 chartarium
2702 2174 2874 2227 mittat
2911 2172 2982 2225 ad
3020 2188 3249 2226 massam
3292 2171 3700 2240 Rusticiauam,

2157 2244 2212 2314 i_n
2240 2246 2386 2314 cujus
2413 2243 2900 2314 visceribusiaurum
2930 2243 3074 2314 latet,
3103 2251 3154 2296 et
3179 2241 3314 2296 illud
3333 2251 3478 2297 curet
3501 2243 3697 2313 eﬂodi.

2156 2311 2589 2384 Tum'auriﬁcum
2615 2313 2926 2367 industriam
2949 2313 3214 2366 describit.

2157 2401 2216 2459 Si
2240 2403 2395 2460 labor
2421 2403 2598 2459 omnis
2623 2403 2868 2458 assiduus
2911 2403 3048 2458 adeo
3089 2402 3338 2460 diversos
3366 2404 3542 2472 exigit
3580 2401 3703 2458 fru-

2087 2501 2236 2562 ctus,
2271 2502 2331 2549 ut
2376 2509 2566 2548 aurum
2611 2501 3001 2563 argentumque
3049 2493 3210 2548 solita
3257 2495 3703 2550 commutatione

2089 2585 2229 2657 |Ac.,
2250 2583 2652 2654 communionel
2679 2592 2968 2651 mercetur,
2997 2598 3094 2638 cur
3123 2599 3232 2638 non
3263 2583 3378 2654 ipsa
3400 2584 3705 2652 diligenter

2087 2674 2438 2744 exquirimus,
2487 2683 2712 2744 prepter
2746 2688 2867 2743 qua:
2911 2689 3138 2744 poscere
3183 2675 3291 2729 alia
3333 2675 3705 2756 videbamur?

2086 2767 2238 2822 Italia
2266 2766 2416 2822 dives
2457 2763 2651 2820 inferat
2687 2764 2846 2820 nobis
2891 2773 2948 2820 et
2989 2779 3188 2820 aureos
3232 2765 3465 2822 fructus.
3501 2763 3705 2823 Omnis

2087 2864 2381 2928 proventus
2419 2855 2568 2928 [Ac.,
2598 2853 2906 2928 provectus]
2943 2855 3257 2926 acquiritur,
3289 2856 3381 2912 ubi
3411 2858 3704 2913 metallum

2088 2945 2348 3002 fulvidum
2395 2947 2682 3016 reperitur.
2725 2945 2858 3000 Nam
2901 2945 3028 3014 quid
3080 2961 3308 3002 necesse
3353 2956 3439 3002 est
3485 2955 3703 3003 terram

2087 3036 2373 3107 multiplici
2401 3036 2731 3092 fecunditate
2758 3035 2966 3101 lassari,
2998 3037 3043 3090 si
3073 3036 3190 3106 ipsa
3227 3037 3402 3108 magis
3428 3039 3604 3108 pretia
3640 3040 3705 3095 in

400 3139 679 3211 pervadat,
707 3139 832 3209 quia
859 3147 1167 3195 contractus
1194 3138 1298 3196 dici
1323 3155 1430 3195 non
1453 3146 1652 3210 potest,
1677 3138 1777 3193 nisi
1806 3137 1898 3208 qui
1917 3137 1986 3193 de
2013 3149 2057 3214 ρ
2087 3142 2152 3184 ea
2180 3127 2458 3200 potuerint
2481 3127 2748 3182 inveniri?
2777 3124 3072 3182 Frumenta
3105 3127 3259 3184 vobis
3299 3129 3570 3186 usualiter
3595 3146 3708 3186 na-

2089 3226 2232 3284 tura,
2263 3217 2526 3274 industria
2552 3218 2900 3288 suffragante,
2931 3218 3213 3283 concedit;
3244 3220 3446 3290 passim
3475 3235 3537 3276 se
3566 3221 3705 3276 vina

2087 3307 2447 3380 profundunt;
2495 3308 2772 3363 metallum
2817 3323 2944 3364 raro
2991 3308 3260 3379 proditur,
3297 3317 3359 3364 ut
3393 3309 3708 3366 studiosius

2089 3407 2394 3470 expetatur.
2425 3397 2768 3470 Quapropter
2794 3399 2862 3454 ad
2891 3414 3127 3454 massam
3165 3399 3306 3470 iuris
3349 3401 3494 3475 [Ac.,
3525 3403 3703 3475 ruris]

2087 3491 2258 3546 nostri
2297 3489 2683 3558 Rusticianam,
2725 3492 2780 3547 in
2825 3491 3136 3547 Brutiorum
3170 3493 3454 3562 provincia
3486 3496 3708 3552 consti-

2088 3591 2291 3651 tutam,
2319 3585 2740 3656 magnitudinem
2765 3593 2912 3641 tuam
2936 3585 3188 3655 iubemus
3215 3587 3550 3644 chartarium
3594 3589 3707 3645 de-

2087 3678 2320 3744 stinare;
2361 3683 2418 3733 et
2445 3677 2492 3732 si
2521 3677 2604 3749 (ut
2632 3676 2700 3733 ab
2729 3676 2936 3732 artiﬁce
2963 3677 3156 3733 harum
3184 3692 3368 3733 rerum
3393 3678 3704 3737 Theodoro

2091 3766 2308 3836 dicitur)
2339 3767 2656 3824 memoratis
2683 3767 2855 3823 rebus-
2881 3775 3025 3824 terra
3052 3767 3286 3824 fecunda
3318 3778 3423 3836 est,
3457 3771 3708 3828 ofﬁcinis

2087 3858 2401 3915 solemniter
2438 3855 2557 3931 [αι’.
2602 3865 2652 3912 et
2698 3855 2841 3928 Cuj.,
2877 3855 3072 3913 ofﬁciis
3117 3857 3372 3930 solerter]
3404 3860 3701 3930 institutis,

2088 3950 2353 4006 montium
2406 3949 2618 4006 viscera
2673 3949 3082 4021 perquirantur;
3133 3951 3370 4008 intretur
3421 3953 3706 4012 beneficio

2087 4041 2219 4097 artis
2247 4041 2302 4098 in
2329 4041 2609 4112 penetrale
2655 4041 2880 4108 telluris,
2913 4049 2969 4097 ct
3000 4043 3148 4099 velut
3187 4043 3244 4098 in
3282 4044 3555 4102 thesauris
3581 4049 3708 4104 suis

2088 4139 2282 4187 natura
2321 4131 2564 4202 locuples
2606 4131 2926 4201 inquiratur.
2969 4130 3212 4189 Cameris
3242 4134 3387 4208 [Ac.,
3417 4137 3704 4210 cavernis]

2090 4222 2234 4278 enim
2283 4221 2562 4292 ingeniosa
2607 4225 3028 4295 praesumptione
3081 4225 3376 4296 revolutis,
3424 4229 3706 4300 talpinum

2088 4311 2290 4367 animal
2333 4313 2624 4381 imitantes,
2673 4313 2865 4370 itinera
2912 4313 3143 4382 fodiunt,
3184 4331 3306 4386 quae
3353 4318 3518 4376 nullis
3563 4331 3708 4380 ante

2088 4409 2398 4474 patuerunt.
2425 4402 2515 4460 Sic
2538 4405 2760 4460 ambitio
2780 4405 2854 4460 nil
2883 4406 3140 4476 relinquit
3159 4409 3566 4476 absconditum,
3593 4427 3706 4469 nec

403 4507 569 4562 quam
599 4492 652 4546 in
682 4492 802 4547 illos
831 4491 1114 4559 excedere,
1148 4491 1202 4546 in
1231 4492 1426 4562 quibus
1453 4493 1640 4564 culpas
1671 4509 1780 4548 non
1809 4502 1991 4564 potest
2015 4517 2070 4576 ι)
2092 4495 2184 4552 ubi
2210 4496 2477 4552 interdum
2506 4497 2775 4553 sustinere
2797 4499 2972 4568 possit
2992 4507 3318 4556 extremum.
3351 4501 3562 4558 lntrant
3591 4505 3705 4560 ho-

2091 4589 2262 4644 mines
2283 4587 2538 4658 caligines
2571 4588 2886 4659 profundas,
2916 4590 3106 4645 vivunt
3137 4590 3256 4648 sine
3294 4595 3567 4662 supernis,
3599 4611 3709 4652 ex-

2090 4679 2270 4734 sulant
2294 4694 2326 4734 a
2351 4679 2496 4746 sole;
2520 4687 2575 4735 et
2605 4679 2733 4734 dum
2761 4680 2861 4735 sub
2893 4681 3049 4735 terris
3073 4682 3394 4752 compendia
3417 4696 3704 4757 quau-unt,

2090 4785 2469 4840 nonnunquam
2493 4771 2627 4828 lucis
2647 4771 2836 4840 gaudia
2857 4771 3256 4842 derelinquunt.
3279 4773 3378 4829 Est
3397 4776 3705 4846 aliquando

2093 4862 2197 4917 illis
2219 4861 2374 4917 ruina
2397 4862 2484 4916 via
2511 4877 2628 4928 sua,
2651 4871 2707 4916 et
2725 4861 2930 4917 reditus
2953 4878 3245 4932 procurare
3271 4877 3576 4935 nequeunt,
3603 4872 3705 4939 qui

2091 4955 2318 5024 pedibus
2355 4956 2467 5010 suis
2508 4954 2728 5010 semitas
2770 4956 3014 5025 operosis
3064 4956 3315 5014 manibus
3363 4957 3699 5018 effecerunt.

2088 5041 2196 5099 Sed
2237 5042 2432 5114 quibus
2475 5043 2682 5098 cautior
2726 5058 2836 5110 ars,
2885 5044 2997 5098 vita
3040 5042 3250 5100 felicior
3292 5053 3380 5101 est
3421 5064 3435 5100 :
3483 5049 3704 5106 intrant

2087 5139 2329 5204 egentes,
2357 5139 2558 5188 exeunt
2583 5131 2854 5204 opulenti;
2885 5133 3004 5189 sine
3025 5131 3168 5189 furto
3197 5133 3416 5194 divitias
3442 5139 3701 5210 rapiunt,

2078 5365 2319 5439 pti_on_e_m
2334 5363 2624 5439 accesserit
2641 5363 2870 5439 pretium
2885 5364 3099 5439 amittat
3118 5371 3172 5439 et
3191 5375 3462 5439 sumptus.
3489 5367 3692 5427 Bnoss.

2153 5433 2181 5474 δ
2218 5435 2362 5490 Idem
2407 5435 2566 5505 epist.
2606 5433 2702 5488 ult.
2745 5433 2838 5505 lib.
2879 5448 2972 5488 vn.
3009 5433 3546 5494 JustinianfNovell.
3583 5440 3688 5496 10!

2080 5513 2228 5561 vetat
2238 5510 2329 5581 τᾴς
2359 5504 2529 5581 odach
2549 5511 2650 5581 ⁸ιςτίὗν
2671 5504 2958 5581 βουλειξςτῶν
2984 5505 3096 5581 κριτθ
3111 5505 3296 5581 οὐδένας
3318 5507 3696 5581 τρόπῡν-ᾀλλο-

2081 5578 2346 5650 τριοῦσθαι
2366 5585 2456 5635 τῆς
2471 5576 2654 5645 βουλῆς
2674 5574 2762 5636 his
2787 5574 2978 5635 πόλεως
3000 5575 3056 5636 ἧς
3071 5581 3174 5630 εἰσι
3191 5574 3488 5645 βωλιύταὶ.
3505 5579 3692 5638 Ροικ.

2157 5656 2180 5683 ε
2213 5645 2369 5698 Nervi
2399 5645 2674 5699 civitatum
2701 5644 2933 5700 curiales
2961 5659 3030 5701 ex
3058 5647 3260 5703 novell.
3302 5647 3598 5710 Maioriani
3619 5653 3694 5710 de

2157 5664 2180 5683 δ
2213 5664 2369 5698 ΠΘΙὛΙ
2399 5664 2674 5699 εινιιθιιιω
2701 5664 2933 5700 curiales
2961 5664 3030 5701 ex
3058 5664 3260 5703 novell.
3302 5664 3408 5720 ΜΩ]

2085 5715 2392 5772 curialibus.
2418 5713 2611 5770 Juss'r.

3717 5119 3726 5149 l

3717 5225 3767 5292 \
