3960 6412
293 359 401 415 769

1581 344 1942 403 VARlARUM
1981 343 2182 399 LIBER
2220 343 2309 399 IX.

3475 351 3582 409 770

286 472 496 545 optatis
519 468 783 526 thesauris
809 468 925 523 sine
953 462 1535 537 invidia’perfrunntur,
1563 467 1618 518 et
1643 460 1744 515 soli
1763 467 1890 516 sunt
1918 463 1965 523 Α
1992 468 2048 515 et
2075 466 2189 513 tum
2217 458 2406 514 adesse
2433 458 2561 529 quid
2590 458 2847 530 proderit,
2894 460 2941 517 si
2969 476 3093 518 eum
3122 465 3399 539 contingat
3435 468 3584 525 defe-

292 563 571 620 bominum
618 560 711 630 qui
755 559 959 628 absque
1007 557 1113 613 ulla
1164 555 1554 611 nundinatione
1601 552 1772 624 pretia
1812 552 1891 607 vi-

291 654 527 711 deantur
546 652 847 721 acquirere.
875 648 996 704 Mox
1027 648 1168 704 enim
1199 656 1261 703 ut
1288 657 1533 717 superna:
1562 644 1668 701 luci
1696 640 1892 699 fuerint

290 742 564 810 restituti,
614 741 821 796 minuta
878 754 1107 810 qumque
1158 738 1407 809 graviora
1462 734 1892 793 discernentibus

290 837 452 908 aquis
478 851 511 891 a
537 834 797 905 genitrice
826 840 969 888 terra
1007 838 1287 903 separant;
1319 845 1384 886 ac
1415 828 1669 885 ﬁctilibus
1698 842 1892 883 recon-

289 930 428 996 dita,
456 934 613 983 vasta
643 923 864 980 fornace
889 922 1218 993 decoquunt,
1248 921 1424 977 donec
1449 920 1725 976 solvantur
1745 917 1891 973 utili-

290 1028 378 1074 ter
407 1017 462 1072 in
504 1016 791 1087 liquorem.
823 1012 986 1069 Rivos
1014 1027 1231 1083 quoque
1259 1012 1347 1067 de
1368 1011 1584 1065 llamma
1611 1009 1891 1065 venientes

289 1116 447 1166 tanto
475 1107 598 1178 igne
626 1106 781 1178 11.3
802 1104 1123 1174 depurgant,
1145 1115 1427 1173 quousque
1442 1098 1889 1171 pulchritudinem

287 1203 376 1258 sui
418 1200 669 1274 prodant,
697 1214 859 1269 quam
899 1205 1113 1275 terrena
1156 1196 1382 1261 viscera,
1427 1208 1497 1249 ne
1540 1200 1885 1262 caperentur,

288 1291 712 1349 absconderant.
764 1287 1006 1343 Vincitur
1045 1294 1259 1349 natura,
1298 1285 1426 1339 dum
1473 1298 1593 1338 eam
1639 1279 1891 1337 'meliorat

289 1382 577 1439 industria.
609 1378 891 1436 Pulchrior
917 1386 1000 1433 est
1027 1377 1153 1431 dum
1183 1376 1395 1445 arserit,
1426 1374 1607 1445 potior
1633 1372 1760 1427 dum
1791 1372 1889 1427 de-

288 1475 535 1540 coxerit;
563 1472 690 1543 quia
718 1479 924 1525 tantum
965 1467 1160 1524 crescit
1187 1466 1254 1521 ad
1283 1465 1477 1536 pretia,
1500 1471 1702 1534 quanta
1728 1462 1892 1518 fuerit

287 1565 607 1622 sinceritate
655 1561 931 1617 mundata.
980 1557 1143 1628 Origo
1183 1556 1401 1629 quidem
1446 1555 1660 1620 nobilis,
1698 1554 1795 1610 sed
1823 1553 1891 1609 de

288 1655 509 1710 ﬂamma
555 1652 780 1723 suscipit
821 1650 929 1706 vim
975 1649 1205 1716 coloris;
1249 1655 1309 1703 ut
1351 1647 1522 1715 magis
1550 1645 1739 1701 credas
1767 1646 1891 1700 inde

288 1746 477 1815 nasci,
516 1744 669 1816 cujus
712 1741 1061 1800 similitudine
1108 1740 1319 1796 videtur
1358 1739 1562 1796 ornari.
1613 1739 1719 1795 Sed
1767 1753 1891 1795 cum

1991 560 2138 607 ctum
2161 551 2365 606 viribus
2393 551 2657 607 inveniri?
2702 551 2907 609 Similis
2933 556 3134 627 quippe
3173 566 3257 612 est
3285 559 3521 628 absenti,
3554 575 3586 615 a

1990 658 2098 715 quo
2140 660 2248 699 non
2276 644 2553 716 potuerint
2595 644 2859 716 imperata
2888 648 3168 719 compleri.
3208 651 3414 707 Deinde
3457 652 3586 707 dum

1991 734 2141 789 curia
2191 735 2473 806 multiplici
2520 737 2914 793 numerositate
2941 737 3173 807 laetetur,
3222 756 3332 797 non
3370 740 3587 797 videtur

1989 826 2239 897 perculsa
2261 827 2472 884 damnis
2495 843 2699 900 paucos
2727 829 3026 900 perdidisse
3052 831 3120 889 de
3145 833 3408 903 plurimis.
3438 833 3586 901 Qua-

1990 926 2215 990 propter
2243 919 2463 975 illustris
2500 918 2903 1001 magniﬁcentia
2923 928 3014 976 tua
3041 922 3415 992 Agenantiam,
3448 939 3587 979 uxo-

1990 1026 2107 1067 rem
2127 1011 2479 1083 Campaniani
2506 1012 2609 1066 viri
2637 1012 2998 1079 disertissimi,
3022 1013 3075 1068 in
3104 1012 3340 1070 Lucania
3366 1016 3595 1087 provin-r

1992 1102 2074 1158 cia
2102 1104 2472 1171 constitutam,
2519 1102 2767 1173 ﬁliosque
2805 1119 2995 1160 eorum
3023 1105 3091 1160 de
3120 1105 3244 1160 albo
3275 1108 3436 1161 curiae
3476 1121 3587 1162 sua:
3688 1166 3693 1169 ι

1992 1190 2155 1248 faciat
2200 1192 2489 1263 diligenter
2534 1193 2740 1260 abradi,
2792 1201 2854 1250 ιιι
2901 1201 3132 1251 ventura
3162 1198 3451 1268 posteritas
3492 1212 3590 1253 ne-

1991 1285 2129 1339 sciat
2154 1283 2337 1353 fuisse,
2368 1285 2513 1356 quod
2540 1293 2755 1341 vetatur
2786 1285 3002 1355 abigere
3032 1284 3171 1359 [Jun
3197 1304 3215 1341 :
3262 1287 3446 1357 Forte,
3490 1287 3589 1342 ob-

1988 1374 2186 1445 j—icere;
2218 1375 2347 1441 113.,
2384 1375 2628 1448 abigere]
2655 1395 2668 1430 :
2699 1376 2825 1446 quia
2861 1377 3129 1433 calumnia
3171 1394 3280 1434 non
3306 1379 3587 1449 prmsumi-

1993 1475 2101 1534 tur,
2130 1468 2221 1524 ubi
2244 1469 2423 1539 aliqua
2443 1469 2694 1540 probatio
2721 1484 2828 1525 non
2845 1469 3093 1526 habetur.
3125 1469 3360 1526 Proinde
3388 1470 3441 1525 in
3464 1483 3590 1540 pos-

1993 1575 2267 1616 sessornm
2295 1575 2521 1615 numero
2566 1561 2748 1631 potius
2802 1560 3159 1627 collocentur,
3193 1571 3218 1601 σι
3250 1563 3460 1633 passuri
3501 1562 3589 1619 ni-

1994 1649 2286 1705 hilominus
2330 1649 2605 1704 molestias
2644 1664 2781 1719 quas
2825 1649 2928 1719 ipsi
2966 1650 3087 1707 aliis
3122 1652 3458 1720 ingerebant.
3504 1657 3586 1713 Ad

1993 1741 2192 1796 tributa
2219 1741 2362 1795 enim
2388 1741 2548 1797 solita
2572 1741 2957 1808 turbabuntur;
2997 1743 3190 1798 faciem
3225 1748 3584 1817 compulsoris

288 1855 427 1896 auro
474 1839 674 1893 tribuat
717 1836 1056 1907 splendidum
1097 1837 1373 1902 ruborem,
1415 1844 1639 1905 argento
1680 1834 1891 1891 confert
1922 1856 1966 1917 Β
1997 1832 2295 1889 horrebunt
2324 1836 2377 1904 (a
2407 1834 2764 1904 potestatibus
2788 1833 2935 1904 jussa
2964 1837 3111 1905 prius
3138 1838 3361 1893 venisse
3380 1841 3590 1896 nescie-

288 1930 622 1987 albissimam
669 1928 873 1995 lucem;
925 1935 987 1983 ut
1026 1927 1220 1982 mirum
1249 1928 1318 1982 sit
1346 1942 1505 1982 unam
1532 1928 1890 1983 substantiam

291 2022 508 2078 tradere
528 2020 673 2092 quod
696 2022 857 2077 rebus
882 2019 1228 2077 dissimilibus
1248 2020 1419 2091 possit
1443 2021 1636 2091 aptari.
1663 2018 1893 2075 Proinde

289 2115 551 2187 quidquid
591 2114 660 2170 ad
700 2112 1063 2170 exercendam
1093 2113 1252 2183 hujus
1280 2113 1412 2169 artis
1441 2113 1692 2184 peritiam
1721 2113 1893 2184 perti-

290 2224 430 2265 nere
477 2208 825 2278 cognoscitis,
875 2206 1146 2262 ordinatio
1195 2214 1378 2261 vestra
1420 2203 1694 2277 perﬁciat;
1737 2213 1797 2260 ut
1837 2212 1893 2261 et

292 2307 443 2354 terra
488 2298 796 2354 Brutiorum
832 2312 900 2353 ex
937 2312 998 2353 se
1044 2298 1322 2364 tributum,
1352 2297 1497 2368 quod
1529 2298 1660 2354 dare
1701 2299 1889 2367 possit,

293 2394 555 2459 inveniat,
588 2407 708 2463 quae
734 2391 998 2448 fructibus
1026 2392 1246 2462 copiosa
1276 2390 1530 2446 luxuriat.
1562 2389 1728 2447 Decet
1748 2391 1893 2446 enim

292 2495 356 2542 ιιι
385 2487 524 2541 inter
548 2494 699 2542 tanta
728 2486 891 2553 bona,
915 2500 1018 2541 nec
1044 2484 1132 2539 illa
1158 2483 1335 2539 desint
1358 2498 1480 2553 qum
1501 2492 1760 2554 putantur
1775 2499 1895 2539 csse

292 2578 585 2650 przecipua.
615 2575 727 2632 Cur
754 2576 896 2631 enim
921 2575 1105 2646 jaceat
1132 2575 1250 2631 sine
1278 2590 1378 2631 usu
1406 2574 1556 2649 [Ed.,
1587 2572 1738 2643 Niv.,
1766 2574 1892 2644 6a.,

292 2670 391 2726 Gr.
424 2681 472 2725 et
500 2669 643 2742 Cuj.,
681 2667 851 2740 cultu]
881 2666 1028 2739 quod
1064 2667 1355 2723 honestum
1386 2674 1566 2738 potest
1593 2680 1713 2723 esse
1740 2681 1895 2733 com:-

292 2762 585 2835 pendium?
612 2760 818 2816 Aurum
858 2759 1123 2830 siquidem
1166 2774 1267 2830 per
1307 2759 1447 2815 bella
1470 2760 1714 2829 qumrbre
1742 2758 1895 2812 nefas

292 2861 412 2919 est;
461 2868 559 2924 per
602 2844 821 2920 maria,
855 2850 1184 2921 periculum;
1233 2865 1332 2921 per
1358 2850 1639 2916 lalsitates,
1690 2865 1893 2920 oppro-

291 2944 505 3011 brium;
537 2943 590 2998 in
635 2956 733 2997 sua
784 2956 916 2997 vero
961 2948 1174 3007 natura,
1219 2940 1446 3010 justitia.
1489 2938 1727 2995 Honesta
1764 2956 1894 2998 vero

293 3044 425 3093 sunt
449 3035 597 3090 lucra
623 3049 721 3105 per
748 3048 868 3103 qua:
898 3047 1059 3089 nemo
1089 3031 1318 3099 lmditur,
1350 3038 1407 3086 et
1432 3031 1572 3087 bene
1597 3031 1895 3100 acquiritur

294 3128 444 3200 quod
471 3144 500 3183 a
530 3127 691 3184 nullis
719 3126 898 3187 adhuc
924 3124 1161 3181 dominis
1188 3124 1497 3192 abrogatur.
1528 3120 1775 3195 Gryphes
1794 3137 1894 3178 au-

1992 1927 2168 1996 bant),
2201 1933 2258 1982 et
2283 1927 2465 1995 votiva
2494 1927 2800 1999 ignorantia
2846 1930 3074 2002 fatigati,
3124 1933 3416 1992 formidare
3444 1938 3597 1996 dele-

1992 2029 2114 2092 gata
2145 2022 2402 2095 incipient
2429 2037 2528 2093 per
2554 2038 2673 2093 qua:
2698 2033 2857 2080 antea
2885 2026 3235 2083 timebantur.
3267 2029 3398 2085 Nam
3429 2040 3485 2088 et
3523 2050 3592 2089 ex

1993 2129 2059 2171 ea
2086 2122 2237 2184 parte
2263 2114 2420 2170 bonis
2436 2116 2678 2171 moribus
2698 2117 2894 2173 vixisse
2911 2119 3173 2189 probandi
3200 2130 3345 2187 sunt,
3373 2126 3592 2193 quando

1991 2207 2367 2278 perpetiuntur
2389 2207 2533 2262 inter
2571 2208 2695 2265 illos
2720 2209 2882 2266 otiosi
2912 2211 3115 2278 vivere,
3140 2227 3369 2282 quorum
3397 2232 3454 2273 se
3483 2234 3593 2274 nou

1992 2306 2327 2369 cognoscunt
2373 2298 2501 2353 odia
2550 2300 2837 2357 meruisse.
2894 2301 3110 2373 Alioqui
3162 2303 3312 2377 [Niv.
3360 2316 3410 2362 et
3459 2308 3584 2377 6a.,

1994 2389 2183 2462 aliqui]
2212 2406 2320 2447 non
2349 2399 2663 2461 paterentur
2690 2392 2790 2449 sub
2818 2392 2923 2449 illis
2952 2409 3092 2460 esse,
3122 2410 3261 2465 quos
3297 2413 3358 2453 se
3381 2413 3588 2468 cogno-

1993 2485 2217 2541 scebant
2241 2484 2395 2540 malis
2424 2484 2631 2540 actibus
2660 2484 2933 2540 incitasse.
2965 2485 3393 2557 Eruantur-ergo
3422 2490 3591 2547 bene-

1998 2576 2123 2632 ﬁcio
2160 2575 2484 2646 principali;
2512 2575 2697 2631 vivant
2743 2577 2969 2634 remissa
2998 2592 3135 2648 pace
3172 2580 3469 2649 tranquilli,
3500 2594 3595 2652 qtn

1995 2666 2208 2724 fuerant
2236 2665 2291 2722 in
2319 2666 2587 2723 actionum
2613 2681 2833 2722 suarum
2858 2666 3119 2738 qualitate
3146 2670 3454 2739 compositi.

2573 2776 2910 2834 EPlSTOLA
2947 2778 3016 2834 ιι.

2150 2887 2416 2929 EPISCOPXS
2458 2888 2531 2927 ετ
2571 2888 2872 2928 ιιοιιοιιιτιε
2907 2889 3272 2931 ATHALABICUS
3307 2889 3437 2931 REX.

1998 2963 2281 3034 Constituit
2304 2970 2360 3015 ut
2388 2961 2476 3032 qui
2500 2962 2575 3034 in
2606 2979 2833 3034 annona:
2859 2963 3112 3017 cbaritate
3158 2966 3417 3034 frumenta
3448 2969 3593 3024 abdi-

2247 3031 2453 3096 derunt,
2490 3031 2584 3085 illa
2617 3033 2895 3088 moderato
2910 3034 3074 3103 pretio
3103 3031 3346 3088 vendant.

2071 3141 2451 3199 Possessorum
2480 3143 2741 3199 territorii
2767 3144 2931 3199 vestri
2956 3144 3177 3224 querela
3206 3145 3595 3213 comperimus,

293 3236 419 3277 rum
460 3221 661 3291 jugiter
704 3219 959 3289 leguntur
1000 3216 1256 3283 effodere,
1288 3224 1451 3285 atque
1489 3215 1648 3285 hujus
1692 3215 1895 3271 metalli

2003 3248 2162 3305 supra
2194 3234 2451 3305 temporis
2473 3230 2847 3289 necessitatem
2871 3220 3227 3303 quorumdam
3251 3233 3449 3289 civium
3470 3249 3597 3289 suo—

297 3314 637 3384 inspectione
658 3311 897 3382 gaudere
924 3328 938 3364 :
962 3309 1158 3379 quibus
1186 3308 1438 3379 quoniam
1470 3323 1577 3363 non
1607 3316 1691 3363 est
1719 3308 1892 3363 ambi-

222 3395 229 3401 ’
296 3415 388 3463 tus
430 3405 588 3474 lucri,
613 3402 924 3476 cupiditatis
962 3401 1190 3458 crimine
1225 3416 1333 3455 non
1362 3399 1612 3455 dicuntur
1640 3399 1893 3466 accendi;

296 3499 527 3563 scilicet,
559 3497 687 3567 quia
714 3495 894 3551 omnis
922 3501 1075 3550 actus
1101 3493 1156 3548 in
1187 3492 1447 3562 qualitate
1487 3493 1749 3563 propositi
1789 3498 1894 3558 est,

298 3601 356 3649 et
383 3607 490 3647 non
520 3598 606 3646 est
627 3586 1040 3659 vituperandum
1068 3585 1212 3655 quod
1242 3585 1385 3640 nulla
1424 3582 1584 3639 fuerit
1621 3584 1898 3640 voluntate

297 3683 582 3739 lascivum.
610 3679 732 3736 Sint
756 3692 888 3749 ergo
916 3677 1105 3734 sedula
1134 3676 1454 3747 operatione
1484 3674 1725 3730 continui
1752 3689 1898 3744 quae.

297 3782 440 3842 stus,
487 3772 744 3828 invidiam
794 3785 904 3826 non
951 3776 1277 3840 pavescant;
1315 3767 1462 3843 quod
1498 3781 1585 3822 ars
1620 3764 1834 3833 dicitur,
1866 3780 1899 3821 a

299 3865 527 3923 crimine
555 3863 835 3920 liberatur.

863 3992 1198 4051 EPISTOLA
1234 3993 1322 4048 IV.

340 4106 674 4146 ABUNDANTIO
702 4104 996 4145 PREFECTO
1024 4102 1307 4142 PRETORIO
1333 4099 1699 4139 ATBALARICUS
1742 4099 1867 4138 Ε’ΖΧ.

303 4183 548 4239 Decernit
577 4192 633 4236 ut
659 4182 1024 4253 Agenantiam,
1055 4196 1270 4234 uxorem
1299 4177 1665 4253 Campaniani,
1700 4186 1749 4231 et
1781 4176 1907 4230 libe-

376 4270 462 4307 ros
483 4269 548 4307 ex
589 4249 1004 4307 olbo’curialium
1033 4259 1317 4322 expungat,
1366 4262 1417 4302 et
1460 4249 1515 4301 in
1552 4262 1907 4319 possessorum

378 4340 589 4378 numero
618 4324 847 4378 collocat.

377 4440 527 4523 Felix
557 4438 779 4509 querela
808 4444 912 4503 est,
954 4433 1174 4507 quando
1222 4433 1370 4502 leges
1409 4433 1612 4503 pietate
1641 4446 1909 4501 superan-

304 4520 426 4598 tur;
459 4537 513 4586 et
539 4530 698 4585 beata
727 4527 964 4583 conditio
989 4524 1376 4595 subjectorum,
1409 4524 1454 4578 si
1484 4530 1814 4591 cognoscant
1854 4520 1914 4575 il-

2000 3340 2121 3379 rum
2167 3322 2559 3387 exsecrabilem
2607 3324 2878 3380 sustinere
2931 3324 3213 3388 smvitiam,
3267 3324 3395 3380 dum
3423 3326 3601 3396 primo

2002 3422 2247 3484 tempore
2302 3414 2504 3487 panicii
2560 3415 2794 3485 speciem
2843 3423 3173 3485 coemptam-
3203 3416 3257 3471 in
3320 3418 3597 3487 propriam

2001 3507 2259 3576 redegere
2298 3507 2673 3571 substantiam,
2706 3514 3013 3578 spectantes
3042 3507 3361 3563 cbaritatem
3400 3509 3602 3565 medio-

2003 3599 2178 3656 cribus
2205 3612 2444 3668 gravem,
2477 3606 2536 3652 ut
2562 3598 2781 3668 parcius
2805 3599 3195 3668 reponentibus
3215 3598 3595 3659 detestabilem

2003 3690 2239 3746 inferant
2277 3688 2595 3755 nuditatem,
2646 3688 2864 3758 quando
2906 3689 3153 3745 homines
3178 3689 3231 3743 in
3272 3688 3427 3746 famis
3456 3690 3603 3760 peri-

2002 3781 2125 3837 culo
2167 3780 2444 3836 constituti
2494 3787 2748 3848 rogantes
2797 3779 3033 3835 oﬁ'erunt
3075 3796 3213 3851 quos
3261 3796 3320 3835 se
3372 3781 3606 3852 spoliare

2003 3886 2166 3942 posse
2205 3878 2559 3941 cognoscunt.
2608 3867 2668 3923 In
2710 3870 3036 3925 necessitate
3076 3870 3339 3938 siquidem
3368 3871 3607 3939 penuria:

2003 3960 2167 4031 pretii
2188 3960 2334 4014 nulla
2363 3958 2641 4014 contentio
2697 3965 2803 4023 est,
2853 3956 2982 4013 dum
3013 3960 3215 4028 patitur
3241 3961 3363 4029 quis
3402 3960 3603 4027 induci,

2006 4066 2075 4106 ne
2103 4050 2274 4123 possit
2305 4050 2483 4120 aliqua
2526 4048 2781 4104 tarditate
2826 4049 3067 4118 percelli.
3120 4047 3249 4103 Haec
3290 4050 3453 4118 igitur
3478 4059 3607 4106 vota

2006 4144 2344 4209 damnantes,
2379 4150 2672 4212 prtcsentes
2699 4140 2992 4195 direximus
3018 4139 3335 4210 portitores,
3394 4148 3455 4194 ut
3495 4142 3610 4197 sive

2010 4235 2065 4291 in
2101 4233 2274 4304 gradu
2297 4231 2362 4301 ιθ,
2399 4232 2513 4288 sive
2534 4232 2598 4286 in.
2632 4230 2751 4286 aliis
2780 4230 2914 4286 locis
2958 4229 3350 4286 frumentorum
3390 4231 3608 4288 condita

2010 4326 2287 4400 potuerint
2306 4325 2565 4391 invenire,
2584 4330 2790 4379 tantum
2818 4321 2922 4380 sibi
2941 4320 3307 4392 unusquisque
3335 4322 3607 4389 dominus,

2010 4418 2099 4474 vel
2151 4416 2367 4472 familiae
2407 4431 2517 4472 sua:
2569 4416 2834 4495 retineat,
2889 4424 3149 4485 quantum
3198 4429 3258 4470 se
3306 4415 3611 4486 expendere

2014 4524 2177 4583 posse
2228 4508 2546 4580 cognoscit:
2595 4509 2865 4578 reliquum
2921 4506 3349 4578 periclitantibus
3389 4508 3607 4573 vendat,

305 4626 422 4680 lum
454 4622 571 4676 aliis
594 4620 895 4685 misertum,
926 4631 1089 4688 quem
1131 4625 1187 4671 et
1214 4615 1316 4671 sibi
1357 4622 1549 4684 optant
1577 4628 1697 4667 esse
1726 4613 1911 4683 propi-
1937 4615 1989 4675 D
2013 4602 2369 4673 prwsenlibus
2394 4600 2603 4657 scilicet
2642 4598 2831 4655 barum
2861 4598 3081 4688 gerulis,
3126 4600 3218 4668 qui
3246 4598 3314 4654 ad
3342 4615 3462 4655 eam
3491 4617 3607 4657 rem

310 4716 468 4770 tium.
512 4712 699 4782 Neque
734 4712 879 4766 enim
916 4709 986 4766 ob
1016 4708 1160 4763 aliud
1189 4706 1419 4763 curiales
1465 4705 1613 4773 leges
1662 4706 1914 4761 sacratis-

309 4810 465 4866 sima:
503 4807 822 4874 ligaverunt,
853 4803 957 4859 nisi
999 4811 1060 4858 ut
1085 4816 1205 4857 cum
1235 4800 1356 4855 illos
1383 4798 1485 4854 soli
1510 4799 1784 4868 principes
1816 4799 1913 4854 ab-

262 4912 269 4916 ’
311 4898 609 4963 solverent,
638 4893 984 4962 indulgentiae
1006 4891 1276 4963 praeconia
1303 4890 1635 4960 reperirent;
1678 4889 1783 4944 hoc
1809 4897 1910 4956 est,

313 4990 410 5045 ubi
438 4989 689 5044 dominus
724 4987 1010 5041 adversum
1035 5000 1131 5040 sua
1154 4982 1355 5054 judicia
1384 4981 1599 5038 amabili
1628 4988 1913 5037 concerta-

314 5082 467 5139 tione
488 5079 738 5136 dissentit
765 5096 779 5132 :
809 5077 1026 5147 quando
1048 5085 1105 5131 et
1132 5074 1300 5145 ipsius
1314 5073 1558 5144 quadam
1577 5072 1786 5142 justitia
1807 5079 1909 5139 est,

260 5172 265 5175 ’
315 5180 382 5227 ιιι
420 5170 513 5240 qui
563 5169 686 5240 pius
732 5166 964 5233 dicitur,
1015 5163 1367 5219 districtionis
1416 5161 1648 5217 termino
1692 5160 1915 5216 minime

317 5268 589 5318 teneatur.
619 5258 750 5313 Nam
782 5266 838 5313 et
876 5256 978 5312 iste
1002 5252 1222 5323 quidam
1252 5251 1589 5308 rationabilis
1634 5249 1768 5307 ordo
1810 5258 1914 5317 est,

319 5353 513 5408 militia
559 5350 775 5405 tandem
807 5346 1052 5412 solvere,
1084 5342 1174 5413 qui
1220 5343 1455 5414 impares
1483 5341 1759 5397 laboribus
1786 5355 1916 5411 pro-

320 5447 520 5500 bantur
558 5442 815 5496 existere.
846 5435 1079 5493 Curialis
1126 5432 1292 5498 enim,
1343 5431 1390 5488 si
1435 5431 1581 5487 nulla
1609 5429 1920 5487 valetudine

322 5535 573 5606 corporis
600 5531 927 5595 continetur,
954 5526 1022 5583 ad
1045 5525 1191 5583 solas
1218 5523 1568 5594 deceptiones
1597 5522 1915 5594 apponitur;

403 5679 430 5708 ι
464 5668 581 5724 Hoc
607 5667 733 5722 ideo
763 5665 914 5731 dicit,
944 5664 1070 5735 quia
1095 5660 1327 5735 curiales
1354 5658 1663 5735 tractabant
1690 5658 1914 5735 tributa,

327 5750 385 5797 et
424 5740 491 5795 ab
530 5739 635 5793 illis
662 5727 1096 5793 distributionum
1127 5731 1296 5788 forma
1335 5727 1682 5801 procedebat,
1705 5737 1785 5801 Ant
1821 5727 1917 5801 .lu;

329 5821 436 5870 ret.
467 5808 599 5863 dicit
622 5821 682 5862 se
721 5814 938 5861 notasse
965 5804 1031 5860 ad
1060 5798 1364 5875 Symmach}
1403 5800 1496 5875 lib.
1527 5814 1601 5875 Ix,
1630 5798 1911 5875 epis_t.__10.

404 5880 432 5924 ι
471 5878 634 5941 Panis
656 5875 903 5949 gradilis,
935 5875 1003 5933 de
1040 5870 1291 5948 gradibus
1318 5871 1436 5929 dari
1477 5871 1670 5931 solitus
1706 5870 1913 5930 civibus
1945 5901 1949 5905 ν

2018 4692 2272 4749 destinati
2316 4705 2436 4746 esse
2483 4697 2824 4745 noscuntur:
2880 4687 3159 4743 moderata
3216 4696 3398 4743 tamen
3452 4691 3613 4759 pretii

2016 4783 2339 4853 quantitate,
2372 4795 2478 4849 qua
2500 4793 2625 4834 eum
2653 4776 2961 4834 constiterit
2988 4792 3018 4831 a
3042 4778 3152 4833 suis
3190 4777 3613 4847 provincialibus

2017 4885 2397 4943 comparasse;
2430 4877 2491 4923 ut
2528 4883 2630 4924 nec
2672 4867 2898 4922 nimium
2944 4874 3200 4936 gravetur
3220 4867 3313 4935 qui
3356 4868 3506 4934 emit,
3558 4878 3615 4924 et

2017 4963 2201 5033 aliquo
2226 4958 2547 5030 compendio
2575 4956 2824 5013 foveatur
2846 4955 2938 5012 ille
2957 4955 3049 5025 qui
3069 4955 3342 5010 distrahit.
3373 4955 3615 5027 Quapro-

2014 5064 2140 5128 pter
2165 5053 2453 5110 libentibus
2478 5050 2672 5107 animis
2697 5049 2919 5119 implete
2951 5062 3072 5117 quae
3110 5047 3261 5117 jussa
3303 5057 3456 5116 sunt;
3487 5050 3614 5119 quia

2014 5150 2169 5207 vobis
2195 5147 2402 5204 debetis
2426 5146 2480 5200 in
2500 5145 2601 5201 hac
2629 5152 2783 5215 parte
2804 5142 3088 5199 consulere
3115 5141 3364 5209 invicem,
3394 5156 3464 5197 ne
3485 5142 3613 5198 dum

2018 5242 2336 5299 cbaritatem
2359 5238 2580 5293 nimiam
2608 5236 2869 5307 quarritis,
2913 5234 3207 5289 scelestum
3227 5232 3384 5287 vobis
3409 5231 3615 5303 aliquid

2018 5333 2198 5405 potius
2223 5329 2389 5403 (quod
2410 5326 2569 5399 absit)
2593 5328 2811 5398 optetis.
2838 5325 2917 5381 Ne
2946 5323 3066 5395 quis
3092 5338 3222 5394 ergo
3248 5324 3617 5381 venditionem

2020 5422 2123 5479 sibi
2154 5419 2459 5491 impositam
2487 5425 2875 5489 conqueratur,
2905 5415 3043 5471 sciat
3079 5413 3385 5470 libertatem
3423 5414 3481 5470 in
3511 5413 3620 5470 cri-

2022 5516 2168 5574 mine
2193 5530 2304 5571 non
2323 5511 2557 5583 requiri;
2588 5510 2686 5567 sed
2716 5507 2850 5565 illud
2878 5508 3008 5565 boni
3031 5507 3232 5580 ingenii
3269 5506 3443 5577 magis
3473 5519 3614 5576 esse,

2016 5655 2136 5713 sine
2161 5650 2360 5718 pretio,
2399 5657 2461 5707 ut
2501 5662 2568 5705 ex
2596 5646 2821 5718 singulis
2866 5646 2980 5718 fcre
3008 5646 3237 5718 legibus
3256 5646 3367 5718 tit.
3398 5644 3489 5710 17,
3515 5644 3615 5700 lib.

2016 5742 2126 5789 xiv,
2149 5716 2211 5780 C.
2259 5720 2490 5783 Theod.,
2527 5716 2847 5776 ostenditur.
2878 5716 3231 5789 Prudentius,
3255 5716 3348 5789 lib.
3380 5731 3399 5772 ι
3426 5723 3618 5789 contra

2017 5784 2324 5867 Symmach.
2356 5790 2625 5867 Cuiacius,
2669 5789 2738 5845 ad
2782 5790 2868 5847 tit.
2915 5788 2985 5845 de
3030 5787 3263 5845 conditis
3307 5787 3364 5844 in
3414 5784 3613 5859 public.

2019 5860 2191 5937 hom,
2214 5864 2308 5925 lib.
2330 5878 2367 5922 ι
2392 5860 2527 5922 Cod.
2557 5860 2725 5920 Fonn.
