3960 6406
429 356 530 412 ’ΠΙ

1651 348 1722 402 Μ.
1765 345 2040 404 AURELll
2079 348 2470 407 CASSIODORI

3605 356 3721 411 772

430 475 607 533 sinon
641 470 856 527 festinet
884 465 1166 523 excedere.
1200 464 1409 521 Vendat
1436 463 1617 535 itaque
1641 463 1743 520 sub
1759 462 1900 532 justa
1922 479 2013 519 ra-
2040 470 2091 528 Α
2117 474 2172 521 et
2200 473 2350 519 tanto
2378 478 2409 518 a
2438 461 2812 519 communibus
2837 461 3062 518 balneis
3106 462 3376 520 salubrior
3419 464 3718 534 invenitur,

429 570 598 631 tione,
629 565 719 630 qui
745 561 1013 617 distrahit.
1056 559 1114 615 Si
1166 557 1452 620 consentit,
1497 565 1753 627 operatur
1802 555 2016 611 laudem

430 670 614 719 suam;
640 654 685 707 si
714 653 1277 721 discrepat,vnostrum
1307 646 1433 703 facit
1471 660 1590 703 esse
1634 647 1963 717 praeconium
1997 662 2011 701 :

430 746 645 816 quando
674 745 872 800 bonum
902 750 986 798 est
1007 741 1265 812 jubentis,
1290 739 1336 795 si
1355 738 1565 808 justitia
1588 738 1894 809 imponatur
1932 738 2017 793 in-

428 836 573 892 vitis.

901 968 1059 1041 ιω,
1093 964 1426 1023 EPISTOLA
1463 964 1548 1019 vr.

751 1077 1100 1118 ριιιιεωιικιο
1146 1074 1511 1116 Ατηλιιιιιεσε
1569 1073 1637 1112 RB
1643 1074 1696 1113 Χ.

434 1151 699 1208 Permittit
723 1161 779 1206 ut
817 1152 889 1206 ad
921 1152 1159 1208 balneum
1204 1151 1461 1207 Baianum
1488 1149 1728 1203 sanitatis
1769 1163 1927 1201 causa
1965 1163 2021 1202 se

505 1227 760 1294 conferat,
790 1222 988 1280 militia:
1017 1233 1188 1279 tamen
1228 1220 1569 1275 emolumenta
1613 1234 1705 1290 per
1739 1217 1794 1271 id
1824 1227 2018 1288 tempus

506 1305 858 1365 percepturus.

508 1386 642 1441 Cum
686 1382 952 1439 diuturnis
994 1377 1269 1434 laboribus
1295 1374 1614 1442 excubares,
1656 1372 1731 1428 ita
1762 1381 1816 1428 te
1852 1370 2024 1427 imbe-

434 1477 660 1532 cillitate
686 1472 934 1544 corporis
961 1469 1158 1525 asseris
1194 1466 1432 1535 graviter
1474 1463 1794 1527 sauciatum,
1826 1469 1885 1516 ut
1922 1474 2025 1516 nec

389 1547 395 1552 ³
430 1570 505 1625 ad
530 1568 724 1623 famam
754 1564 955 1620 militia:
992 1558 1391 1635 percipiendam
1420 1557 1593 1627 possis
1620 1568 1922 1618 occurrere,
1954 1551 2024 1607 ad

436 1674 594 1730 quam
621 1664 835 1713 constat
873 1662 1000 1709 voto
1023 1660 1078 1706 te
1124 1647 1383 1719 praecipiti
1426 1644 1728 1710 festinasse,
1775 1649 2023 1697 metuens

437 1765 508 1804 ne
536 1763 633 1820 per
660 1746 959 1802 absentiam
984 1741 1060 1797 tui
1086 1742 1153 1795 ab
1183 1739 1313 1810 ipsis
1338 1751 1477 1810 pene
1515 1734 1756 1789 faucibus
1778 1731 2025 1787 dulcissi-

434 1854 559 1894 mus
579 1837 673 1891 tibi
697 1835 903 1891 fructus
930 1831 1177 1887 videatur
1196 1826 1418 1895 auferri,
1448 1825 1727 1896 postulans
1753 1824 1917 1913 etiam
1942 1828 2020 1890 ut,
2055 1853 2101 1913 Β

436 1927 663 1996 algentis
691 1924 936 1995 corporis
954 1920 1277 1977 necessitate
1299 1916 1639 1980 constrictus,
1668 1912 1851 1967 Baiani
1879 1911 2024 1966 lava-

435 2019 515 2073 cri
547 2017 790 2072 siccitate
830 2013 1044 2083 laxeris.
1078 2011 1303 2080 Dignum
1342 2008 1502 2079 plane
1526 2004 1671 2075 quod
1715 2004 1859 2058 inter
1884 2017 2023 2073 prat-

435 2110 546 2164 mia
592 2122 801 2164 summa
832 2112 1180 2177 praestemus;
1229 2107 1289 2155 ut
1333 2101 1474 2155 sicut
1516 2097 1841 2155 conferimus
1866 2095 2023 2152 victis

433 2216 605 2271 spem,
630 2200 702 2254 ita
734 2199 1032 2253 tribuamus
1059 2191 1482 2265 supplicantibus
1506 2189 1751 2246 salutem.
1780 2186 2022 2258 Quapro-

433 2306 555 2365 pter
583 2302 639 2347 et
678 2306 708 2344 a
739 2288 954 2344 vinculo
979 2295 1034 2343 te
1084 2281 1496 2341 emolumentitii
1542 2280 1762 2337 terroris
1788 2278 2022 2334 absolvi-

434 2398 574 2449 mus,
618 2389 675 2437 et
719 2378 963 2452 praedicti
1008 2376 1211 2432 lavacri
1261 2388 1487 2429 munere
1536 2370 1895 2435 sublevamus,
1935 2376 2015 2432 ut,

431 2472 663 2546 primum
705 2469 902 2526 mentis
938 2466 1135 2538 gaudio
1162 2472 1455 2529 recreatus,
1495 2462 1707 2519 facilius
1744 2460 2018 2516 membro-

430 2578 549 2619 rum
569 2562 800 2632 recipias
814 2560 1156 2631 sospitatem.
1185 2555 1465 2612 Naturalis
1478 2554 1891 2623 siquidemcura
1912 2559 2012 2617 est,

426 2652 585 2722 aegris
612 2652 742 2707 dare
770 2651 1042 2715 lmtitiam;
1074 2663 1197 2703 nam
1223 2646 1307 2701 fac
1330 2644 1623 2700 invalidum
1648 2644 1903 2714 gaudere,
1930 2657 2018 2700 sa-

430 2750 589 2798 natus
618 2750 722 2795 est.
753 2739 926 2807 Perge
954 2739 1116 2807 igitur
1141 2736 1210 2791 ad
1246 2749 1490 2791 amoenos
1533 2748 1810 2790 recessus:
1852 2746 2016 2804 perge

426 2833 497 2887 ad
519 2831 707 2897 solem,
741 2838 801 2884 ut
829 2830 903 2883 ita
927 2827 1174 2891 dixerim,
1204 2825 1525 2883 clariorem:
1558 2824 1668 2888 ubi,
1700 2823 2016 2880 salubritate

429 2923 573 2980 aeris
600 2929 921 2992 temperata,
947 2918 1107 2974 terris
1136 2916 1383 2973 blandior
1408 2922 1493 2972 est
1519 2922 1731 2970 natura.
1772 2914 1886 2970 lllic
1913 2915 2015 2969 mi-

427 3013 625 3071 raculis
648 3012 755 3067 alta
782 3011 1112 3080 cogitatione
1137 3007 1438 3080 perpensis,
1457 3022 1580 3064 cum
1599 3008 1809 3064 arcanis
1828 3008 2012 3063 mundi

428 3118 584 3159 mens
612 3103 844 3163 humana
865 3099 1212 3170 colloquitur,
1250 3111 1354 3153 nec
1393 3096 1645 3151 admirari
1670 3096 1867 3152 desinit
1890 3112 2010 3169 qure

2117 564 2377 627 quantum
2421 554 2488 610 ab
2518 555 2749 609 humana
2802 552 3061 608 industria
3113 554 3312 611 celsior
3361 564 3447 610 est
3501 564 3720 612 natura.

2117 647 2312 702 Videas
2338 645 2448 700 illic
2476 642 2644 699 undas
2669 643 2947 713 perpetuis
2976 640 3183 698 fumare
3220 644 3548 714 gurgitibus,
3596 661 3727 716 qua:

2117 738 2193 791 ita
2216 736 2465 790 videntur
2497 732 2788 789 lavantium
2827 732 3047 803 explere
3075 732 3360 799 desideria,
3389 743 3450 789 ut
3478 735 3725 793 humano

2117 828 2315 884 eredas
2355 826 2533 882 studio
2578 832 2929 896 temperatas.
2978 823 3149 880 Cedat
3217 824 3476 883 Corallici
3540 827 3729 897 pelagi

2118 915 3090 987 laudatasemperopinio;assurgat
3124 915 3294 971 1ηάἰεί
3328 919 3496 976 maris
3537 918 3731 976 deal-

2119 1009 2310 1065 barum
2356 1008 2589 1065 candore
2631 1007 2773 1061 fama
2819 1006 3165 1078 locupletior.
3210 1006 3352 1074 Quid
3407 1010 3545 1064 mihi
3597 1026 3726 1069 cum

2118 1100 2325 1171 pretiis,
2353 1100 2399 1155 si
2430 1100 2640 1153 animus
2663 1113 2773 1154 non
2819 1096 3028 1153 fruatur
3051 1099 3288 1168 optatis?
3318 1099 3546 1157 Baianis
3574 1100 3726 1157 litto-

2120 1191 2271 1248 ribus
2313 1191 2390 1244 nil
2436 1198 2618 1260 potest
2645 1203 2766 1244 esse
2824 1189 3188 1259 praestantius,
3246 1190 3340 1246 ubi
3375 1190 3648 1260 contingit
3673 1198 3730 1247 et

2121 1284 2443 1340 dulcissimis
2465 1282 2670 1338 deliciis
2698 1281 2864 1346 vesci,
2907 1289 2963 1337 et
3003 1281 3350 1353 impretiahili
3374 1300 3612 1341 munere
3639 1300 3732 1341 sa-

2122 1375 2307 1431 nitatis
2333 1375 2557 1445 expleri.
2603 1373 2807 1430 Fruere
2837 1373 3002 1443 igitur
3039 1373 3197 1429 bonis
3242 1375 3604 1432 nihilominus
3628 1391 3730 1433 ex-

2121 1467 2323 1540 petitis.
2372 1466 2582 1523 Nostris
2607 1464 2881 1522 bcneﬁciis
2906 1464 2974 1520 ad
3004 1474 3094 1520 tua
3134 1465 3503 1522 emolumenta
3529 1481 3733 1539 perve-

2122 1559 2259 1615 nies.
2288 1556 2501 1612 Baianis
2521 1555 2770 1613 remediis
2795 1569 3132 1626 consequere
3158 1571 3273 1612 rem
3304 1558 3519 1614 salutis.

2688 1728 3023 1786 EPISTOLA
3058 1729 3172 1785 VII.

2246 1836 2530 1880 ιιιιιλιιλτο
2554 1837 2845 1877 »ωειςετο
2879 1836 3028 1879 UBBIS
3054 1837 3426 1881 ATHALARICUS
3453 1839 3589 1880 REX.

2124 1917 2308 1976 Multis
2331 1912 2567 1971 laudibus
2593 1921 2794 1982 patrem
2819 1929 3151 1984 socerumque
3166 1914 3282 1984 ejus
3309 1915 3544 1971 extollit.
3590 1914 3731 1973 Tum

2402 1984 2482 2038 illi
2521 1985 2882 2055 praefecturam
2914 1983 3170 2038 urbanam
3196 1983 3423 2056 confert.

2193 2093 2322 2152 Post
2347 2105 2632 2168 parentum
2679 2097 2853 2154 claras
2892 2096 3389 2155 administrationes
3417 2099 3562 2158 bene
3590 2116 3734 2159 con-

2120 2187 2366 2244 feruntur
2417 2190 2647 2260 posteris
2699 2190 3138 2247 eminentissima
3201 2191 3528 2261 dignitates;
3590 2195 3732 2253 dum

2120 2277 2318 2332 nullius
2361 2278 2654 2348 acquiescit
2702 2279 2974 2347 ingenium
2999 2279 3184 2350 jacere
3226 2280 3369 2337 intra
3396 2283 3735 2340 aestimatio-

2118 2385 2243 2426 nem
2285 2386 2523 2437 suorum,
2564 2371 3001 2442 quandoquidem
3037 2373 3299 2431 honestus
3334 2374 3574 2431 ambitus
3635 2385 3733 2435 est

2118 2475 2257 2531 quos
2283 2460 2560 2531 sequimur
2585 2469 2851 2533 tempore,
2878 2461 3017 2519 velle
3036 2464 3325 2533 prmconiis
3343 2465 3577 2522 anteire.
3612 2466 3736 2523 Ad—

2116 2557 2261 2613 ditur
2279 2557 2443 2613 etiam
2484 2556 2627 2626 quod
2652 2556 2951 2627 priscorum
2996 2555 3340 2627 dogmatibus
3367 2558 3570 2615 eruditi
3599 2562 3706 2631 opi
3724 2592 3738 2600 -

2118 2646 2296 2704 nionis
2342 2647 2516 2717 gratia
2567 2646 2907 2704 delectentur
2954 2647 3161 2716 augeri.
3214 2647 3354 2707 Nam
3402 2658 3615 2719 quanto
3667 2666 3739 2709 se

2116 2739 2482 2810 unusquisque
2518 2739 2835 2795 melioribus
2858 2739 3139 2809 cognoscit
3165 2740 3375 2799 artibus
3418 2742 3733 2812 studuisse,

2116 2840 2265 2889 tanto
2287 2832 2514 2903 amplius
2539 2831 2826 2902 grandiora
2868 2832 3149 2902 praesumit
3184 2842 3471 2904 appetere.
3502 2835 3733 2893 Dudum

2114 2924 2295 2994 itaque
2323 2924 2542 2980 illustris
2566 2922 2956 2982 recordationis
2995 2924 3259 2995 genitoris
3287 2927 3370 2982 tui
3396 2929 3730 2998 respublica

2113 3015 2280 3072 sensit
2314 3013 2556 3071 Romana
2579 3014 2930 3086 diligentiam.
2958 3013 3241 3073 Comitivas
3278 3018 3556 3089 siquidem
3602 3022 3733 3079 lar-

2111 3110 2375 3179 gitionum
2420 3109 2713 3180 praesidens
2734 3149 2752 3177 ,
2798 3109 3016 3166 functus
3053 3110 3219 3166 etiam
3265 3110 3475 3167 vicibus
3524 3114 3738 3183 praefe-

429 3193 502 3297 ibi
530 3193 805 3303 agiposse
825 3190 1132 3303 cognoscit:
1163 3188 1395 3260 primum
1422 3186 1581 3245 Nerei
1609 3187 1809 3247 ﬂuenta
1846 3189 2010 3303 ﬂl‘al'i-
2039 3240 2085 3303 Ο
2114 3206 2347 3267 ctorum,
2394 3199 2771 3271 prtetorianam
2810 3200 2922 3270 egit
2964 3199 3315 3269 integerrime
3343 3200 3678 3270 dignitatem
3712 3224 3729 3261 :

427 3285 514 3341 nis
539 3283 743 3340 deliciis
766 3298 885 3339 esse
913 3281 1205 3352 completa,
1235 3288 1315 3336 tot
1340 3288 1526 3350 portus
1550 3287 1754 3335 natura:
1778 3279 2012 3351 pruden-

425 3378 505 3434 tia
532 3376 760 3433 terrenis
784 3375 993 3435 sinibus
1034 3373 1384 3439 intermissos,
1431 3380 1512 3427 tot
1555 3372 1758 3428 insulas
1803 3372 2015 3433 nobiles

423 3468 676 3538 amplexu
703 3467 881 3539 pelagi
928 3464 1176 3531 dotatas;
1225 3462 1419 3526 deinde
1465 3463 1758 3519 immissum
1796 3462 2013 3518 Averno

424 3568 707 3627 stagneum
732 3571 903 3624 mare,
934 3556 1023 3611 ubi
1050 3554 1120 3610 ad
1138 3554 1467 3624 voluptatem
1494 3553 1771 3609 hominum
1793 3554 1899 3609 vita
1932 3563 2014 3611 te-

425 3652 568 3719 gitur
593 3649 743 3722 [Ms.,
774 3648 1009 3717 regitur;
1033 3645 1149 3717 Cuj.
1178 3654 1227 3700 et
1256 3643 1375 3714 Gr.,
1399 3644 1650 3716 gignitur]
1680 3654 2008 3711 ostreorum;

428 3741 797 3808 industriaque
837 3737 1143 3793 mortalium
1173 3736 1289 3791 ﬁeri
1327 3744 1385 3790 ut
1423 3752 1510 3791 res
1539 3736 1665 3790 alibi
1692 3735 1911 3800 fortuita
1938 3736 2011 3793 ibi

425 3846 641 3901 semper
660 3839 921 3900 appareat
942 3827 1182 3898 copiosa.
1214 3826 1439 3893 Quantis
1467 3825 1540 3880 ibi
1565 3826 1795 3881 molibus
1818 3824 2012 3879 marini

426 3923 640 3979 termini
665 3922 920 3978 decenter
949 3920 1120 3975 invasi
1170 3919 1327 3977 sunt!
1375 3918 1602 3985 Quantis
1638 3917 1823 3987 spatiis
1852 3917 1907 3972 in
1932 3916 2011 3971 vi-

425 4014 667 4071 sceribus
690 4011 923 4082 aequoris
953 4019 1097 4065 terra
1124 4017 1373 4080 promota
1395 4008 1515 4063 est!
1547 4006 1746 4062 Dextra
1772 4007 2011 4075 laevaque

422 4119 613 4175 greges
648 4104 874 4173 piscium
903 4101 1111 4157 ludunt.
1141 4098 1473 4159 Claudantur
1512 4098 1641 4153 alibi
1672 4096 2011 4152 industriosis

423 4196 715 4268 parietibus
742 4193 973 4263 copiosa:
1009 4190 1230 4254 deliciae,
1257 4188 1456 4258 captivi
1484 4196 1767 4249 teneantur
1797 4187 2009 4256 aquati-

424 4286 503 4340 les
527 4298 744 4356 greges;
794 4283 883 4337 hic
926 4280 1124 4351 ubique
1168 4279 1290 4336 sub.
1318 4279 1566 4335 libertate
1610 4278 1810 4333 vivaria
1862 4286 2006 4333 sunt.

424 4373 577 4429 Adde
603 4369 750 4443 quod
800 4378 910 4425 tam
963 4382 1175 4424 ammna
1221 4375 1305 4425 est
1358 4376 1607 4438 suscepta
1653 4367 1898 4438 piscatio,
1950 4375 2011 4431 ut

425 4472 553 4519 ante
585 4462 866 4532 epulosum
891 4460 1196 4519 convivium
1241 4458 1562 4517 intuentium
1608 4468 1796 4529 pascat
1848 4473 2008 4530 aspe-

423 4564 591 4612 ctum.
621 4554 869 4623 Magnum
891 4561 972 4608 est
996 4552 1138 4608 enim
1162 4551 1416 4621 gaudium
1435 4551 1736 4611 desiderata
1763 4552 2004 4622 cepisse:

2113 3290 2314 3346 curiam
2362 3306 2638 3362 reparans,
2676 3291 3003 3362 pauperibus
3045 3290 3228 3347 ablata
3272 3292 3607 3362 restituens;
3659 3305 3724 3353 et

2113 3380 2357 3451 quamvis
2387 3380 2691 3436 liberalibus
2744 3380 2937 3437 studiis
2963 3380 3126 3437 fuerit
3152 3380 3455 3452 impolitus,
3496 3384 3733 3455 placere

2113 3487 2223 3528 non
2252 3472 2432 3527 omisit
2478 3471 2768 3528 industrius
2804 3490 2817 3526 :
2864 3474 3121 3543 quoniam
3161 3473 3486 3531 naturaliter
3528 3492 3635 3546 per
3664 3493 3735 3535 se

2113 3564 2476 3620 commendari
2509 3572 2689 3634 potest
2713 3565 2916 3620 bonum
2944 3564 3239 3635 ingenium,
3273 3568 3445 3623 etiam
3473 3583 3605 3625 cum
3634 3585 3734 3627 re-

2112 3655 2215 3712 bus
2262 3656 2640 3712 accedentibus
2692 3672 2802 3713 non
2855 3656 3064 3713 videtur
3116 3666 3390 3714 ornatum.
3442 3659 3555 3715 Sed
3609 3661 3734 3720 hoc

2112 3753 2371 3815 quantum
2398 3755 2481 3802 est
2501 3746 2570 3802 ad
2591 3756 2801 3802 tuarum
2822 3748 3069 3802 notitiam
3091 3748 3426 3805 litterarum.
3454 3751 3734 3808 Doctrina

2113 3838 2374 3909 siquidem
2422 3854 2560 3909 quos
2600 3840 2670 3895 ab
2722 3840 2987 3910 imperitis
3026 3840 3318 3910 discernit,
3372 3843 3733 3912 sapientibus

2114 3929 2285 3985 amica
2325 3931 2585 3985 societate
2618 3929 2926 4000 coniungit;
2974 3931 3060 3986 cui
3103 3930 3360 4002 perfacile
3400 3942 3485 3988 est
3514 3948 3734 3993 ornare

2113 4032 2454 4088 generosum,
2486 4028 2515 4057 ι
2539 4033 2659 4089 quae
2697 4020 2859 4076 etiam
2885 4036 2953 4077 ex
2981 4022 3212 4078 obscuro
3262 4022 3507 4078 nobilem
3561 4025 3729 4084 facit.

2114 4107 2319 4165 Crescit
2357 4125 2572 4181 quoque
2599 4110 2871 4181 praeclaris
2900 4110 3106 4167 meritis
3134 4111 3245 4167 tuis
3270 4111 3421 4182 quod
3449 4112 3504 4167 in
3537 4114 3735 4171 affini-

2116 4197 2239 4252 tatis
2262 4199 2487 4268 gratiam
2513 4209 2567 4255 te
2590 4199 2711 4255 talis
2736 4198 2918 4269 elegit,
2949 4216 3112 4272 quem
3139 4216 3359 4272 semper
3386 4204 3624 4273 contigit
3655 4205 3735 4263 de

2107 4284 2294 4355 judicii
2316 4292 2399 4346 sui
2425 4288 2730 4359 integritate
2755 4291 3035 4361 prmdicari
3068 4310 3083 4346 :
3110 4292 3356 4349 moribus
3383 4297 3733 4366 communis,

2114 4378 2443 4436 conscientia
2479 4379 2782 4449 singularis,
2829 4382 2924 4452 qui
2952 4396 3012 4438 se
3053 4396 3271 4451 semper
3296 4382 3412 4438 suis
3439 4384 3729 4454 moribus,

2114 4479 2170 4525 et
2196 4470 2489 4527 amicorum
2513 4471 2942 4541 conversatione,
2997 4480 3054 4529 et
3096 4487 3197 4528 sua
3250 4471 3385 4530 fecit
3434 4474 3733 4545 probitate

2118 4560 2345 4617 laudari.
2376 4561 2599 4628 Qualem
2637 4577 2768 4632 ergo
2807 4578 2908 4620 suo
2952 4564 3201 4641 sanguini
3246 4565 3609 4621 aestimandus
3639 4576 3735 4623 est

422 4646 523 4705 Sed
544 4648 597 4702 ίη
633 4643 938 4715 δυὲυειηοάί
965 4644 1126 4700 rebus
1159 4643 1362 4714 εωιίοι
1388 4650 1473 4701 εει
1499 4643 1816 4714 Plerumque
1843 4658 2010 4707 amat.
2034 4620 2088 4682 υ
2111 4651 2364 4717 sociasse,
2394 4651 2485 4720 qui
2533 4620 2805 4721 nunquam
2855 4620 3161 4724 improbvum
3197 4654 3287 4709 vel
3333 4657 3732 4713 communioni

422 4742 567 4799 nitas
594 4738 735 4795 oculi
778 4752 941 4806 quam
968 4736 1172 4792 utilitas
1207 4736 1489 4805 captionis.
1537 4733 1647 4790 Sed
1689 4750 1757 4791 ne
1801 4735 2013 4805 longius

424 4845 735 4900 evagemur,
778 4829 916 4884 inter
944 4825 1236 4898 Neptunias
1277 4840 1434 4896 gazas
1462 4826 1710 4887 habitare
1754 4825 2009 4892 creditur,

424 4925 513 4982 cui
539 4924 651 4979 otia
689 4921 886 4977 Baiana
935 4927 1274 4991 praestantur.
1303 4918 1400 4973 His
1446 4920 1628 4988 itaque
1671 4920 1833 4975 rebus
1875 4918 2013 4977 deli-

425 5016 575 5072 ciosa
609 5012 992 5068 exercitatione
1017 5009 1265 5079 saginati,
1305 5008 1373 5064 ad
1400 5008 1759 5081 pulcherrima
1801 5008 2014 5064 lavacra

424 5107 751 5165 contenditis
775 5120 893 5176 qua:
919 5112 1045 5159 sunt
1072 5111 1128 5159 et
1170 5101 1443 5157 miraculis
1495 5101 1675 5171 plena,
1725 5108 1782 5157 et
1825 5099 2012 5157 salutis

424 5200 684 5272 qualitate
709 5198 966 5269 pretiosa.
1006 5194 1142 5249 Nam
1162 5193 1264 5249 etsi
1290 5192 1564 5257 hominum
1593 5207 1722 5248 cura
1753 5192 2010 5251 fabricata

424 5298 737 5356 noscuntur,
770 5287 1104 5344 naturalibus
1146 5295 1296 5343 certe
1330 5285 1640 5341 ministeriis
1666 5285 2007 5340 exhibentur.

424 5380 695 5437 Fornaces
721 5379 794 5433 ibi
838 5392 947 5433 non
976 5383 1173 5432 robora
1210 5383 1470 5432 ωιινθοω
1492 5372 1826 5431 succendunt
1850 5390 1864 5427 Ξ
1892 5388 2013 5428 ces-

423 5483 578 5529 sante
620 5471 865 5535 ﬂamma,
912 5468 984 5522 ibi
1031 5475 1322 5539 perpetuus
1370 5466 1519 5522 calor
1569 5473 1851 5536 operatur;
1899 5464 2009 5520 illic

420 5563 569 5632 globi
614 5559 844 5619 fumiferi
870 5559 1215 5617 nesciuntur:
1260 5572 1391 5613 aura
1418 5565 1503 5613 est
1540 5556 1841 5627 purissima,
1889 5569 2009 5625 quae

426 5653 693 5707 ministrat
712 5663 960 5720 vapores,
986 5648 1211 5705 sudores
1230 5655 1488 5718 provocat
1509 5646 1739 5707 dulciter
1760 5647 2004 5715 anhelos;

2113 4757 2223 4797 suae
2260 4741 2496 4797 decrevit
2522 4741 2834 4812 adjungere.
2861 4741 2931 4798 Et
2970 4744 3093 4801 ideo
3122 4744 3251 4800 licet
3297 4744 3603 4814 primasvus
3623 4763 3733 4804 ve-

2114 4834 2231 4891 nias
2275 4832 2343 4887 ad
2386 4832 2672 4901 honorem,
2721 4842 2845 4905 post
2890 4836 3026 4891 tanti
3055 4837 3156 4892 viri
3175 4836 3443 4906 judicium
3470 4839 3736 4910 ineptum

2115 4933 2197 4980 est
2225 4931 2278 4978 te
2298 4923 2482 4979 dicere
2510 4940 2617 4979 non
2645 4924 2951 4995 probatum.
2999 4925 3134 4982 Nam
3180 4928 3227 4982 si
3265 4927 3408 4983 bene
3452 4929 3568 4985 illis
3596 4945 3736 5001 sug-

2115 5012 2422 5082 gerentibus
2451 5012 2506 5067 in
2535 5013 2808 5070 extraneis
2841 5015 3019 5071 causis
3044 5016 3286 5086 placidas
3314 5032 3479 5073 aures
3505 5022 3737 5089 praebe-

2112 5117 2252 5168 mus,
2282 5116 2378 5157 cur
2404 5102 2572 5171 magis
2601 5103 2654 5157 in
2675 5116 2874 5171 genere
2898 5120 2998 5161 suo
3026 5122 3223 5163 eorum
3238 5106 3450 5177 judicia
3478 5125 3598 5166 non
3638 5128 3734 5168 se-

2113 5208 2359 5264 quamur,
2391 5194 2481 5249 ubi
2519 5209 2732 5266 semper
2755 5195 2994 5253 studiose
3019 5196 3123 5252 sibi
3145 5186 3511 5268 prospiciunt,
3551 5201 3734 5260 etiam

2111 5286 2204 5355 qui
2233 5285 2285 5340 in
2314 5285 2432 5340 aliis
2457 5286 2665 5343 actibus
2691 5285 3001 5356 frequenter
3025 5287 3330 5345 excedunt?
3357 5291 3541 5361 Atque
3575 5291 3732 5360 ideo,

2110 5380 2251 5447 quod
2296 5376 2525 5435 feliciter
2551 5378 2751 5434 dictum
2793 5379 2882 5444 sit,
2915 5394 3014 5450 per
3052 5379 3405 5436 indictionem
3445 5381 3607 5437 illam
3637 5399 3736 5438 ur-

2111 5470 2265 5526 bana:
2293 5469 2389 5525 tibi
2437 5469 2719 5527 tribuimus
2778 5467 2971 5526 infulas
3017 5469 3327 5538 dignitatis;
3375 5478 3438 5524 ut
3474 5470 3630 5525 sicut
3676 5472 3735 5529 in

2114 5560 2205 5615 illo
2235 5560 2423 5616 ordine
2452 5562 2674 5630 primus,
2719 5560 2792 5615 ita
2829 5559 3079 5614 habearis
3107 5567 3164 5614 et
3207 5559 3735 5639 meritorumdaude

2111 5650 2429 5719 praecipuus.
2466 5649 2608 5706 Pene
2641 5650 2902 5721 siquidem
2931 5657 3199 5704 terrarum
3239 5649 3416 5706 oculis
3462 5648 3734 5717 habetur,

499 5835 528 5866 ι
567 5822 702 5879 Vide
746 5822 1127 5897 'l‘iraquellum,
1166 5824 1259 5883 lib.
1309 5825 1378 5884 de
1421 5824 1728 5895 Nobilitate,
1775 5839 1895 5897 cap.
1943 5822 1995 5894 5,
2039 5826 2129 5884 ubi
2173 5827 2365 5898 probat
2409 5827 2651 5885 doctrina
2696 5827 2838 5885 efllci
2885 5827 3097 5895 nobiles
3132 5824 3259 5885 Jun.
