  <div class='ocr_page' id='page_1' title='image "/cluster/home/n/w/nwhite01/storage/ocr_20150623/69/umn.31951002477362u/396.png"; bbox 0 0 3960 6388; ppageno 0'>
   <div class='ocr_carea' id='block_1_1' title="bbox 162 301 272 355">
    <p class='ocr_par' dir='ltr' id='par_1_1' title="bbox 162 301 272 355">
     <span class='ocr_line' id='line_1_1' title="bbox 162 301 272 355; baseline 0.009 -1"><span class='ocrx_word' id='word_1_1' title='bbox 162 301 272 355; x_wconf 78' lang='grc'><strong>775</strong></span> 
     </span>
    </p>
   </div>
   <div class='ocr_carea' id='block_1_2' title="bbox 1443 254 2182 359">
    <p class='ocr_par' dir='ltr' id='par_1_2' title="bbox 1443 254 2182 359">
     <span class='ocr_line' id='line_1_2' title="bbox 1443 254 2182 359; baseline 0.003 -2"><span class='ocrx_word' id='word_1_2' title='bbox 1443 254 1805 358; x_wconf 70' lang='lat' dir='ltr'><strong>VARIARIJM</strong></span> <span class='ocrx_word' id='word_1_3' title='bbox 1846 302 2050 359; x_wconf 78' lang='lat' dir='ltr'><strong>LIBER</strong></span> <span class='ocrx_word' id='word_1_4' title='bbox 2091 304 2182 359; x_wconf 78' lang='lat' dir='ltr'><strong>IX.</strong></span> 
     </span>
    </p>
   </div>
   <div class='ocr_carea' id='block_1_3' title="bbox 3370 310 3473 366">
    <p class='ocr_par' dir='ltr' id='par_1_3' title="bbox 3370 310 3473 366">
     <span class='ocr_line' id='line_1_3' title="bbox 3370 310 3473 366; baseline -0.019 0"><span class='ocrx_word' id='word_1_5' title='bbox 3370 310 3473 366; x_wconf 69' lang='grc'><strong>’774</strong></span> 
     </span>
    </p>
   </div>
   <div class='ocr_carea' id='block_1_4' title="bbox 152 412 3477 489">
    <p class='ocr_par' dir='ltr' id='par_1_4' title="bbox 152 412 3477 489">
     <span class='ocr_line' id='line_1_4' title="bbox 152 412 3477 489; baseline 0.004 -23"><span class='ocrx_word' id='word_1_6' title='bbox 152 412 301 481; x_wconf 81' lang='lat' dir='ltr'><strong>quod</strong></span> <span class='ocrx_word' id='word_1_7' title='bbox 333 414 385 468; x_wconf 91' lang='lat' dir='ltr'><strong>in</strong></span> <span class='ocrx_word' id='word_1_8' title='bbox 411 413 498 467; x_wconf 75' lang='lat' dir='ltr'><strong>i‘la</strong></span> <span class='ocrx_word' id='word_1_9' title='bbox 527 415 746 470; x_wconf 72' lang='lat' dir='ltr'><strong>civitate</strong></span> <span class='ocrx_word' id='word_1_10' title='bbox 775 416 1070 487; x_wconf 76' lang='lat' dir='ltr'><strong>peragitur.</strong></span> <span class='ocrx_word' id='word_1_11' title='bbox 1101 416 1275 485; x_wconf 86' lang='lat' dir='ltr'><strong>Quem</strong></span> <span class='ocrx_word' id='word_1_12' title='bbox 1308 416 1425 486; x_wconf 91' lang='lat' dir='ltr'><strong>jam</strong></span> <span class='ocrx_word' id='word_1_13' title='bbox 1454 414 1556 473; x_wconf 86' lang='lat' dir='ltr'><strong>sibi</strong></span> <span class='ocrx_word' id='word_1_14' title='bbox 1594 413 1764 484; x_wconf 80' lang='lat' dir='ltr'><strong>judex</strong></span> <span class='ocrx_word' id='word_1_15' title='bbox 1797 421 1845 478; x_wconf 72' lang='grc' dir='ltr'>Α</span> <span class='ocrx_word' id='word_1_16' title='bbox 1875 417 2086 475; x_wconf 81' lang='lat' dir='ltr'><strong>insidiis</strong></span> <span class='ocrx_word' id='word_1_17' title='bbox 2112 436 2125 472; x_wconf 89' lang='lat'><strong>:</strong></span> <span class='ocrx_word' id='word_1_18' title='bbox 2150 418 2277 489; x_wconf 85' lang='lat' dir='ltr'><strong>quia</strong></span> <span class='ocrx_word' id='word_1_19' title='bbox 2300 434 2407 475; x_wconf 91' lang='lat' dir='ltr'><strong>non</strong></span> <span class='ocrx_word' id='word_1_20' title='bbox 2435 419 2614 475; x_wconf 90' lang='lat' dir='ltr'><strong>minus</strong></span> <span class='ocrx_word' id='word_1_21' title='bbox 2639 427 2725 476; x_wconf 89' lang='lat' dir='ltr'><strong>est</strong></span> <span class='ocrx_word' id='word_1_22' title='bbox 2749 419 2950 475; x_wconf 89' lang='lat' dir='ltr'><strong>malum</strong></span> <span class='ocrx_word' id='word_1_23' title='bbox 2975 420 3228 477; x_wconf 83' lang='lat' dir='ltr'><strong>bellicum</strong></span> <span class='ocrx_word' id='word_1_24' title='bbox 3258 422 3477 480; x_wconf 71' lang='lat' dir='ltr'><strong>vitasse.</strong></span> 
     </span>
    </p>
   </div>
   <div class='ocr_carea' id='block_1_5' title="bbox 153 502 1772 574">
    <p class='ocr_par' dir='ltr' id='par_1_5' title="bbox 153 502 1772 574">
     <span class='ocr_line' id='line_1_5' title="bbox 153 502 1772 574; baseline 0.001 -18"><span class='ocrx_word' id='word_1_25' title='bbox 153 504 429 574; x_wconf 86' lang='lat' dir='ltr'><strong>placatum</strong></span> <span class='ocrx_word' id='word_1_26' title='bbox 458 502 635 570; x_wconf 88' lang='lat' dir='ltr'><strong>faciat,</strong></span> <span class='ocrx_word' id='word_1_27' title='bbox 666 506 712 561; x_wconf 91' lang='lat' dir='ltr'><strong>si</strong></span> <span class='ocrx_word' id='word_1_28' title='bbox 753 506 904 562; x_wconf 90' lang='lat' dir='ltr'><strong>illum</strong></span> <span class='ocrx_word' id='word_1_29' title='bbox 933 515 1184 564; x_wconf 89' lang='lat' dir='ltr'><strong>senatum</strong></span> <span class='ocrx_word' id='word_1_30' title='bbox 1228 514 1395 560; x_wconf 63' lang='lat' dir='ltr'><strong>tantm</strong></span> <span class='ocrx_word' id='word_1_31' title='bbox 1422 502 1772 574; x_wconf 75' lang='lat' dir='ltr'><strong>benignitatis</strong></span> 
     </span>
    </p>
   </div>
   <div class='ocr_carea' id='block_1_6' title="bbox 150 592 1775 667">
    <p class='ocr_par' dir='ltr' id='par_1_6' title="bbox 150 592 1775 667">
     <span class='ocr_line' id='line_1_6' title="bbox 150 592 1775 667; baseline 0.001 -18"><span class='ocrx_word' id='word_1_32' title='bbox 150 592 440 649; x_wconf 77' lang='lat' dir='ltr'><strong>offendat?</strong></span> <span class='ocrx_word' id='word_1_33' title='bbox 467 593 606 662; x_wconf 85' lang='lat' dir='ltr'><strong>Quid</strong></span> <span class='ocrx_word' id='word_1_34' title='bbox 652 596 724 651; x_wconf 85' lang='lat' dir='ltr'><strong>sit</strong></span> <span class='ocrx_word' id='word_1_35' title='bbox 769 597 1118 664; x_wconf 82' lang='lat' dir='ltr'><strong>maturitatis,</strong></span> <span class='ocrx_word' id='word_1_36' title='bbox 1167 596 1300 667; x_wconf 88' lang='lat' dir='ltr'><strong>quid</strong></span> <span class='ocrx_word' id='word_1_37' title='bbox 1345 592 1665 667; x_wconf 73' lang='lat' dir='ltr'><strong>prudentiaz,</strong></span> <span class='ocrx_word' id='word_1_38' title='bbox 1718 593 1775 650; x_wconf 88' lang='lat' dir='ltr'><strong>in</strong></span> 
     </span>
    </p>
   </div>
   <div class='ocr_carea' id='block_1_7' title="bbox 155 684 1775 757">
    <p class='ocr_par' dir='ltr' id='par_1_7' title="bbox 155 684 1775 757">
     <span class='ocr_line' id='line_1_7' title="bbox 155 684 1775 757; baseline -0.002 -16"><span class='ocrx_word' id='word_1_39' title='bbox 155 684 369 741; x_wconf 81' lang='lat' dir='ltr'><strong>Ordinis</strong></span> <span class='ocrx_word' id='word_1_40' title='bbox 394 685 561 756; x_wconf 84' lang='lat' dir='ltr'><strong>ipsius</strong></span> <span class='ocrx_word' id='word_1_41' title='bbox 597 687 961 744; x_wconf 58' lang='lat' dir='ltr'><strong>aestimatione</strong></span> <span class='ocrx_word' id='word_1_42' title='bbox 987 687 1306 757; x_wconf 80' lang='lat' dir='ltr'><strong>cognoscis;</strong></span> <span class='ocrx_word' id='word_1_43' title='bbox 1336 684 1492 756; x_wconf 87' lang='lat' dir='ltr'><strong>cujus</strong></span> <span class='ocrx_word' id='word_1_44' title='bbox 1518 684 1775 756; x_wconf 64' lang='lat' dir='ltr'><strong>primaeva</strong></span> 
     </span>
    </p>
   </div>
   <div class='ocr_carea' id='block_1_8' title="bbox 154 775 1774 845">
    <p class='ocr_par' dir='ltr' id='par_1_8' title="bbox 154 775 1774 845">
     <span class='ocr_line' id='line_1_8' title="bbox 154 775 1774 845; baseline -0.001 -14"><span class='ocrx_word' id='word_1_45' title='bbox 154 777 403 845; x_wconf 78' lang='lat' dir='ltr'><strong>germina</strong></span> <span class='ocrx_word' id='word_1_46' title='bbox 432 792 561 832; x_wconf 81' lang='lat' dir='ltr'><strong>mox</strong></span> <span class='ocrx_word' id='word_1_47' title='bbox 591 786 650 833; x_wconf 92' lang='lat' dir='ltr'><strong>ut</strong></span> <span class='ocrx_word' id='word_1_48' title='bbox 677 779 1035 843; x_wconf 84' lang='lat' dir='ltr'><strong>adoleverint,</strong></span> <span class='ocrx_word' id='word_1_49' title='bbox 1071 780 1258 835; x_wconf 86' lang='lat' dir='ltr'><strong>Patres</strong></span> <span class='ocrx_word' id='word_1_50' title='bbox 1286 786 1570 834; x_wconf 84' lang='lat' dir='ltr'><strong>vocantur.</strong></span> <span class='ocrx_word' id='word_1_51' title='bbox 1624 775 1774 831; x_wconf 84' lang='lat' dir='ltr'><strong>Ado-</strong></span> 
     </span>
    </p>
   </div>
   <div class='ocr_carea' id='block_1_9' title="bbox 160 868 1781 926">
    <p class='ocr_par' dir='ltr' id='par_1_9' title="bbox 160 868 1781 926">
     <span class='ocr_line' id='line_1_9' title="bbox 160 868 1781 926; baseline 0.001 -5"><span class='ocrx_word' id='word_1_52' title='bbox 160 868 423 923; x_wconf 81' lang='lat' dir='ltr'><strong>lescentia</strong></span> <span class='ocrx_word' id='word_1_53' title='bbox 455 868 566 924; x_wconf 93' lang='lat' dir='ltr'><strong>illic</strong></span> <span class='ocrx_word' id='word_1_54' title='bbox 599 868 824 925; x_wconf 84' lang='lat' dir='ltr'><strong>inchoat</strong></span> <span class='ocrx_word' id='word_1_55' title='bbox 849 884 881 924; x_wconf 85' lang='lat' dir='ltr'><strong>a</strong></span> <span class='ocrx_word' id='word_1_56' title='bbox 910 870 1225 926; x_wconf 87' lang='lat' dir='ltr'><strong>maturitate</strong></span> <span class='ocrx_word' id='word_1_57' title='bbox 1252 869 1465 926; x_wconf 86' lang='lat' dir='ltr'><strong>consilii</strong></span> <span class='ocrx_word' id='word_1_58' title='bbox 1499 886 1512 922; x_wconf 89' lang='lat'><strong>:</strong></span> <span class='ocrx_word' id='word_1_59' title='bbox 1540 874 1781 923; x_wconf 86' lang='lat' dir='ltr'><strong>tractant</strong></span> 
     </span>
    </p>
   </div>
   <div class='ocr_carea' id='block_1_10' title="bbox 160 957 1777 1035">
    <p class='ocr_par' dir='ltr' id='par_1_10' title="bbox 160 957 1777 1035">
     <span class='ocr_line' id='line_1_10' title="bbox 160 957 1777 1035; baseline -0.001 -18"><span class='ocrx_word' id='word_1_60' title='bbox 160 961 389 1032; x_wconf 82' lang='lat' dir='ltr'><strong>iuvenes</strong></span> <span class='ocrx_word' id='word_1_61' title='bbox 442 976 566 1017; x_wconf 90' lang='lat' dir='ltr'><strong>cum</strong></span> <span class='ocrx_word' id='word_1_62' title='bbox 618 961 885 1018; x_wconf 87' lang='lat' dir='ltr'><strong>modestia</strong></span> <span class='ocrx_word' id='word_1_63' title='bbox 936 978 1127 1018; x_wconf 90' lang='lat' dir='ltr'><strong>senum</strong></span> <span class='ocrx_word' id='word_1_64' title='bbox 1176 961 1339 1035; x_wconf 69' lang='lat' dir='ltr'><strong>(Alii,</strong></span> <span class='ocrx_word' id='word_1_65' title='bbox 1378 957 1633 1031; x_wconf 88' lang='lat' dir='ltr'><strong>senium],</strong></span> <span class='ocrx_word' id='word_1_66' title='bbox 1683 959 1777 1015; x_wconf 90' lang='lat' dir='ltr'><strong>ubi</strong></span> 
     </span>
    </p>
   </div>
   <div class='ocr_carea' id='block_1_11' title="bbox 160 1049 1776 1125">
    <p class='ocr_par' dir='ltr' id='par_1_11' title="bbox 160 1049 1776 1125">
     <span class='ocr_line' id='line_1_11' title="bbox 160 1049 1776 1125; baseline -0.003 -16"><span class='ocrx_word' id='word_1_67' title='bbox 160 1069 381 1110; x_wconf 87' lang='lat' dir='ltr'><strong>morum</strong></span> <span class='ocrx_word' id='word_1_68' title='bbox 409 1053 621 1125; x_wconf 89' lang='lat' dir='ltr'><strong>pondus</strong></span> <span class='ocrx_word' id='word_1_69' title='bbox 667 1054 721 1108; x_wconf 90' lang='lat' dir='ltr'><strong>iu</strong></span> <span class='ocrx_word' id='word_1_70' title='bbox 763 1053 898 1109; x_wconf 87' lang='lat' dir='ltr'><strong>llore</strong></span> <span class='ocrx_word' id='word_1_71' title='bbox 943 1054 1276 1124; x_wconf 88' lang='lat' dir='ltr'><strong>permittitur</strong></span> <span class='ocrx_word' id='word_1_72' title='bbox 1320 1052 1467 1124; x_wconf 73' lang='lat' dir='ltr'><strong>quod</strong></span> <span class='ocrx_word' id='word_1_73' title='bbox 1510 1051 1602 1107; x_wconf 81' lang='lat' dir='ltr'><strong>vix</strong></span> <span class='ocrx_word' id='word_1_74' title='bbox 1649 1049 1776 1105; x_wconf 88' lang='lat' dir='ltr'><strong>alibi</strong></span> 
     </span>
    </p>
   </div>
   <div class='ocr_carea' id='block_1_12' title="bbox 161 1142 1779 1216">
    <p class='ocr_par' dir='ltr' id='par_1_12' title="bbox 161 1142 1779 1216">
     <span class='ocr_line' id='line_1_12' title="bbox 161 1142 1779 1216; baseline -0.004 -14"><span class='ocrx_word' id='word_1_75' title='bbox 161 1162 302 1202; x_wconf 84' lang='lat' dir='ltr'><strong>cana</strong></span> <span class='ocrx_word' id='word_1_76' title='bbox 333 1155 496 1202; x_wconf 69' lang='lat' dir='ltr'><strong>aetate</strong></span> <span class='ocrx_word' id='word_1_77' title='bbox 522 1155 836 1216; x_wconf 78' lang='lat' dir='ltr'><strong>generatur.</strong></span> <span class='ocrx_word' id='word_1_78' title='bbox 866 1145 1051 1202; x_wconf 89' lang='lat' dir='ltr'><strong>Talem</strong></span> <span class='ocrx_word' id='word_1_79' title='bbox 1082 1154 1134 1202; x_wconf 92' lang='lat' dir='ltr'><strong>te</strong></span> <span class='ocrx_word' id='word_1_80' title='bbox 1158 1161 1288 1216; x_wconf 88' lang='lat' dir='ltr'><strong>ergo</strong></span> <span class='ocrx_word' id='word_1_81' title='bbox 1318 1145 1501 1200; x_wconf 85' lang='lat' dir='ltr'><strong>habita</strong></span> <span class='ocrx_word' id='word_1_82' title='bbox 1523 1142 1779 1198; x_wconf 90' lang='lat' dir='ltr'><strong>modera-</strong></span> 
     </span>
    </p>
   </div>
   <div class='ocr_carea' id='block_1_13' title="bbox 162 1231 1779 1309">
    <p class='ocr_par' dir='ltr' id='par_1_13' title="bbox 162 1231 1779 1309">
     <span class='ocr_line' id='line_1_13' title="bbox 162 1231 1779 1309; baseline -0.003 -18"><span class='ocrx_word' id='word_1_83' title='bbox 162 1236 319 1292; x_wconf 81' lang='lat' dir='ltr'><strong>tione</strong></span> <span class='ocrx_word' id='word_1_84' title='bbox 348 1236 627 1305; x_wconf 86' lang='lat' dir='ltr'><strong>tractabis,</strong></span> <span class='ocrx_word' id='word_1_85' title='bbox 666 1235 821 1309; x_wconf 61' lang='grc'><strong>145</strong></span> <span class='ocrx_word' id='word_1_86' title='bbox 838 1244 910 1289; x_wconf 63' lang='lat' dir='ltr'><strong>ut</strong></span> <span class='ocrx_word' id='word_1_87' title='bbox 933 1251 1058 1291; x_wconf 90' lang='lat' dir='ltr'><strong>cum</strong></span> <span class='ocrx_word' id='word_1_88' title='bbox 1087 1243 1170 1290; x_wconf 94' lang='lat' dir='ltr'><strong>tot</strong></span> <span class='ocrx_word' id='word_1_89' title='bbox 1196 1249 1450 1305; x_wconf 88' lang='lat' dir='ltr'><strong>proceres</strong></span> <span class='ocrx_word' id='word_1_90' title='bbox 1474 1233 1543 1288; x_wconf 89' lang='lat' dir='ltr'><strong>ad</strong></span> <span class='ocrx_word' id='word_1_91' title='bbox 1569 1231 1779 1288; x_wconf 91' lang='lat' dir='ltr'><strong>curiam</strong></span> 
     </span>
    </p>
   </div>
   <div class='ocr_carea' id='block_1_14' title="bbox 167 1321 1782 1396">
    <p class='ocr_par' dir='ltr' id='par_1_14' title="bbox 167 1321 1782 1396">
     <span class='ocr_line' id='line_1_14' title="bbox 167 1321 1782 1396; baseline -0.003 -14"><span class='ocrx_word' id='word_1_92' title='bbox 167 1343 356 1391; x_wconf 87' lang='lat' dir='ltr'><strong>vocas,</strong></span> <span class='ocrx_word' id='word_1_93' title='bbox 398 1328 615 1396; x_wconf 89' lang='lat' dir='ltr'><strong>dignam</strong></span> <span class='ocrx_word' id='word_1_94' title='bbox 656 1335 784 1383; x_wconf 82' lang='lat' dir='ltr'><strong>ante</strong></span> <span class='ocrx_word' id='word_1_95' title='bbox 824 1327 947 1382; x_wconf 89' lang='lat' dir='ltr'><strong>illos</strong></span> <span class='ocrx_word' id='word_1_96' title='bbox 984 1326 1309 1381; x_wconf 88' lang='lat' dir='ltr'><strong>sententiam</strong></span> <span class='ocrx_word' id='word_1_97' title='bbox 1353 1333 1458 1379; x_wconf 74' lang='lat' dir='ltr'><strong>tua:</strong></span> <span class='ocrx_word' id='word_1_98' title='bbox 1484 1321 1782 1377; x_wconf 81' lang='lat' dir='ltr'><strong>voluntatis</strong></span> 
     </span>
    </p>
   </div>
   <div class='ocr_carea' id='block_1_15' title="bbox 160 1411 1782 1491">
    <p class='ocr_par' dir='ltr' id='par_1_15' title="bbox 160 1411 1782 1491">
     <span class='ocr_line' id='line_1_15' title="bbox 160 1411 1782 1491; baseline -0.007 -15"><span class='ocrx_word' id='word_1_99' title='bbox 160 1420 403 1490; x_wconf 83' lang='lat' dir='ltr'><strong>aperias.</strong></span> <span class='ocrx_word' id='word_1_100' title='bbox 436 1420 604 1475; x_wconf 78' lang='lat' dir='ltr'><strong>Nimis</strong></span> <span class='ocrx_word' id='word_1_101' title='bbox 629 1419 831 1491; x_wconf 89' lang='lat' dir='ltr'><strong>quippe</strong></span> <span class='ocrx_word' id='word_1_102' title='bbox 876 1418 1131 1477; x_wconf 61' lang='lat' dir='ltr'><strong>arduum.</strong></span> <span class='ocrx_word' id='word_1_103' title='bbox 1144 1425 1228 1472; x_wconf 89' lang='lat' dir='ltr'><strong>est</strong></span> <span class='ocrx_word' id='word_1_104' title='bbox 1258 1415 1363 1470; x_wconf 87' lang='lat' dir='ltr'><strong>tale</strong></span> <span class='ocrx_word' id='word_1_105' title='bbox 1391 1411 1596 1483; x_wconf 88' lang='lat' dir='ltr'><strong>aliquid</strong></span> <span class='ocrx_word' id='word_1_106' title='bbox 1640 1412 1782 1466; x_wconf 89' lang='lat' dir='ltr'><strong>inter</strong></span> 
     </span>
    </p>
   </div>
   <div class='ocr_carea' id='block_1_16' title="bbox 166 1501 1780 1579">
    <p class='ocr_par' dir='ltr' id='par_1_16' title="bbox 166 1501 1780 1579">
     <span class='ocr_line' id='line_1_16' title="bbox 166 1501 1780 1579; baseline -0.007 -14"><span class='ocrx_word' id='word_1_107' title='bbox 166 1509 296 1565; x_wconf 80' lang='lat' dir='ltr'><strong>illos</strong></span> <span class='ocrx_word' id='word_1_108' title='bbox 325 1511 527 1575; x_wconf 78' lang='lat' dir='ltr'><strong>dicere,</strong></span> <span class='ocrx_word' id='word_1_109' title='bbox 557 1509 702 1579; x_wconf 89' lang='lat' dir='ltr'><strong>quod</strong></span> <span class='ocrx_word' id='word_1_110' title='bbox 731 1515 968 1578; x_wconf 85' lang='lat' dir='ltr'><strong>nequeat</strong></span> <span class='ocrx_word' id='word_1_111' title='bbox 997 1507 1160 1562; x_wconf 88' lang='lat' dir='ltr'><strong>tantis</strong></span> <span class='ocrx_word' id='word_1_112' title='bbox 1185 1504 1544 1576; x_wconf 87' lang='lat' dir='ltr'><strong>prudentibus</strong></span> <span class='ocrx_word' id='word_1_113' title='bbox 1589 1501 1780 1571; x_wconf 90' lang='lat' dir='ltr'><strong>displi-</strong></span> 
     </span>
    </p>
   </div>
   <div class='ocr_carea' id='block_1_17' title="bbox 164 1593 1784 1671">
    <p class='ocr_par' dir='ltr' id='par_1_17' title="bbox 164 1593 1784 1671">
     <span class='ocr_line' id='line_1_17' title="bbox 164 1593 1784 1671; baseline -0.006 -13"><span class='ocrx_word' id='word_1_114' title='bbox 164 1617 321 1658; x_wconf 87' lang='lat' dir='ltr'><strong>cere.</strong></span> <span class='ocrx_word' id='word_1_115' title='bbox 366 1602 605 1671; x_wconf 88' lang='lat' dir='ltr'><strong>ldeoque</strong></span> <span class='ocrx_word' id='word_1_116' title='bbox 652 1616 762 1656; x_wconf 89' lang='lat' dir='ltr'><strong>non</strong></span> <span class='ocrx_word' id='word_1_117' title='bbox 791 1600 950 1655; x_wconf 89' lang='lat' dir='ltr'><strong>unius</strong></span> <span class='ocrx_word' id='word_1_118' title='bbox 998 1597 1275 1668; x_wconf 83' lang='lat' dir='ltr'><strong>dignitatis</strong></span> <span class='ocrx_word' id='word_1_119' title='bbox 1304 1595 1389 1651; x_wconf 80' lang='lat' dir='ltr'><strong>vir</strong></span> <span class='ocrx_word' id='word_1_120' title='bbox 1431 1593 1784 1651; x_wconf 70' lang='lat' dir='ltr'><strong>mstimandus</strong></span> 
     </span>
    </p>
   </div>
   <div class='ocr_carea' id='block_1_18' title="bbox 164 1682 1783 1763">
    <p class='ocr_par' dir='ltr' id='par_1_18' title="bbox 164 1682 1783 1763">
     <span class='ocr_line' id='line_1_18' title="bbox 164 1682 1783 1763; baseline -0.007 -13"><span class='ocrx_word' id='word_1_121' title='bbox 164 1702 254 1750; x_wconf 86' lang='lat' dir='ltr'><strong>est</strong></span> <span class='ocrx_word' id='word_1_122' title='bbox 283 1694 374 1763; x_wconf 89' lang='lat' dir='ltr'><strong>qui</strong></span> <span class='ocrx_word' id='word_1_123' title='bbox 405 1692 473 1747; x_wconf 88' lang='lat' dir='ltr'><strong>ab</strong></span> <span class='ocrx_word' id='word_1_124' title='bbox 506 1692 594 1747; x_wconf 89' lang='lat' dir='ltr'><strong>illa</strong></span> <span class='ocrx_word' id='word_1_125' title='bbox 634 1692 792 1746; x_wconf 89' lang='lat' dir='ltr'><strong>turba</strong></span> <span class='ocrx_word' id='word_1_126' title='bbox 820 1691 1104 1746; x_wconf 89' lang='lat' dir='ltr'><strong>doctorum</strong></span> <span class='ocrx_word' id='word_1_127' title='bbox 1134 1689 1337 1745; x_wconf 90' lang='lat' dir='ltr'><strong>bonum</strong></span> <span class='ocrx_word' id='word_1_128' title='bbox 1365 1685 1544 1758; x_wconf 92' lang='lat' dir='ltr'><strong>potuit</strong></span> <span class='ocrx_word' id='word_1_129' title='bbox 1578 1682 1783 1740; x_wconf 87' lang='lat' dir='ltr'><strong>referre</strong></span> 
     </span>
    </p>
   </div>
   <div class='ocr_carea' id='block_1_19' title="bbox 1874 508 3478 581">
    <p class='ocr_par' dir='ltr' id='par_1_19' title="bbox 1874 508 3478 581">
     <span class='ocr_line' id='line_1_19' title="bbox 1874 508 3478 581; baseline 0.004 -20"><span class='ocrx_word' id='word_1_130' title='bbox 1874 521 2037 577; x_wconf 86' lang='lat' dir='ltr'><strong>quam</strong></span> <span class='ocrx_word' id='word_1_131' title='bbox 2076 522 2217 563; x_wconf 65' lang='lat' dir='ltr'><strong>saeva</strong></span> <span class='ocrx_word' id='word_1_132' title='bbox 2243 508 2589 565; x_wconf 86' lang='lat' dir='ltr'><strong>discussionis</strong></span> <span class='ocrx_word' id='word_1_133' title='bbox 2617 508 2868 566; x_wconf 82' lang='lat' dir='ltr'><strong>evadere.</strong></span> <span class='ocrx_word' id='word_1_134' title='bbox 2902 509 3023 581; x_wconf 89' lang='lat' dir='ltr'><strong>Ipsa</strong></span> <span class='ocrx_word' id='word_1_135' title='bbox 3056 518 3140 566; x_wconf 91' lang='lat' dir='ltr'><strong>est</strong></span> <span class='ocrx_word' id='word_1_136' title='bbox 3174 511 3320 569; x_wconf 87' lang='lat' dir='ltr'><strong>enim</strong></span> <span class='ocrx_word' id='word_1_137' title='bbox 3348 527 3478 568; x_wconf 84' lang='lat' dir='ltr'><strong>vera</strong></span> 
     </span>
    </p>
   </div>
   <div class='ocr_carea' id='block_1_20' title="bbox 1875 598 3576 673">
    <p class='ocr_par' dir='ltr' id='par_1_20' title="bbox 1875 598 3576 673">
     <span class='ocr_line' id='line_1_20' title="bbox 1875 598 3576 673; baseline 0.003 -17"><span class='ocrx_word' id='word_1_138' title='bbox 1875 598 2158 665; x_wconf 84' lang='lat' dir='ltr'><strong>securitas,</strong></span> <span class='ocrx_word' id='word_1_139' title='bbox 2203 614 2323 670; x_wconf 71' lang='lat' dir='ltr'><strong>qua:</strong></span> <span class='ocrx_word' id='word_1_140' title='bbox 2359 600 2427 657; x_wconf 91' lang='lat' dir='ltr'><strong>de</strong></span> <span class='ocrx_word' id='word_1_141' title='bbox 2465 602 2611 658; x_wconf 85' lang='lat' dir='ltr'><strong>nulla</strong></span> <span class='ocrx_word' id='word_1_142' title='bbox 2643 601 2839 671; x_wconf 88' lang='lat' dir='ltr'><strong>judicis</strong></span> <span class='ocrx_word' id='word_1_143' title='bbox 2877 602 3158 673; x_wconf 88' lang='lat' dir='ltr'><strong>impietate</strong></span> <span class='ocrx_word' id='word_1_144' title='bbox 3200 601 3479 660; x_wconf 80' lang='lat' dir='ltr'><strong>formidat.</strong></span> <span class='ocrx_word' id='word_1_145' title='bbox 3569 664 3576 672; x_wconf 89' lang='lat'><strong>_</strong></span> 
     </span>
    </p>
   </div>
   <div class='ocr_carea' id='block_1_21' title="bbox 1876 691 3481 766">
    <p class='ocr_par' dir='ltr' id='par_1_21' title="bbox 1876 691 3481 766">
     <span class='ocr_line' id='line_1_21' title="bbox 1876 691 3481 766; baseline 0.004 -19"><span class='ocrx_word' id='word_1_146' title='bbox 1876 691 2055 763; x_wconf 87' lang='lat' dir='ltr'><strong>Atque</strong></span> <span class='ocrx_word' id='word_1_147' title='bbox 2084 692 2229 762; x_wconf 89' lang='lat' dir='ltr'><strong>ideo,</strong></span> <span class='ocrx_word' id='word_1_148' title='bbox 2271 693 2417 765; x_wconf 91' lang='lat' dir='ltr'><strong>quod</strong></span> <span class='ocrx_word' id='word_1_149' title='bbox 2443 695 2557 752; x_wconf 92' lang='lat' dir='ltr'><strong>Deo</strong></span> <span class='ocrx_word' id='word_1_150' title='bbox 2586 694 2805 766; x_wconf 88' lang='lat' dir='ltr'><strong>auspice</strong></span> <span class='ocrx_word' id='word_1_151' title='bbox 2842 694 3047 751; x_wconf 91' lang='lat' dir='ltr'><strong>dictum</strong></span> <span class='ocrx_word' id='word_1_152' title='bbox 3076 695 3168 762; x_wconf 89' lang='lat' dir='ltr'><strong>sit,</strong></span> <span class='ocrx_word' id='word_1_153' title='bbox 3211 696 3481 753; x_wconf 90' lang='lat' dir='ltr'><strong>illustrem</strong></span> 
     </span>
    </p>
   </div>
   <div class='ocr_carea' id='block_1_22' title="bbox 1876 784 3477 858">
    <p class='ocr_par' dir='ltr' id='par_1_22' title="bbox 1876 784 3477 858">
     <span class='ocr_line' id='line_1_22' title="bbox 1876 784 3477 858; baseline 0.002 -18"><span class='ocrx_word' id='word_1_154' title='bbox 1876 785 2133 840; x_wconf 87' lang='lat' dir='ltr'><strong>comitem</strong></span> <span class='ocrx_word' id='word_1_155' title='bbox 2172 784 2360 856; x_wconf 86' lang='lat' dir='ltr'><strong>Osuiu,</strong></span> <span class='ocrx_word' id='word_1_156' title='bbox 2401 794 2458 842; x_wconf 92' lang='lat' dir='ltr'><strong>et</strong></span> <span class='ocrx_word' id='word_1_157' title='bbox 2487 787 2690 857; x_wconf 91' lang='lat' dir='ltr'><strong>palatio</strong></span> <span class='ocrx_word' id='word_1_158' title='bbox 2730 795 2920 843; x_wconf 88' lang='lat' dir='ltr'><strong>nostro</strong></span> <span class='ocrx_word' id='word_1_159' title='bbox 2969 787 3209 852; x_wconf 88' lang='lat' dir='ltr'><strong>clarum,</strong></span> <span class='ocrx_word' id='word_1_160' title='bbox 3263 797 3318 844; x_wconf 94' lang='lat' dir='ltr'><strong>et</strong></span> <span class='ocrx_word' id='word_1_161' title='bbox 3346 803 3477 858; x_wconf 81' lang='lat' dir='ltr'><strong>pro-</strong></span> 
     </span>
    </p>
   </div>
   <div class='ocr_carea' id='block_1_23' title="bbox 1876 876 3483 947">
    <p class='ocr_par' dir='ltr' id='par_1_23' title="bbox 1876 876 3483 947">
     <span class='ocr_line' id='line_1_23' title="bbox 1876 876 3483 947; baseline 0.002 -16"><span class='ocrx_word' id='word_1_162' title='bbox 1876 876 2068 932; x_wconf 90' lang='lat' dir='ltr'><strong>vinciis</strong></span> <span class='ocrx_word' id='word_1_163' title='bbox 2112 876 2274 947; x_wconf 89' lang='lat' dir='ltr'><strong>longa</strong></span> <span class='ocrx_word' id='word_1_164' title='bbox 2321 879 2743 934; x_wconf 85' lang='lat' dir='ltr'><strong>conversatione</strong></span> <span class='ocrx_word' id='word_1_165' title='bbox 2789 877 3154 944; x_wconf 92' lang='lat' dir='ltr'><strong>notissimum,</strong></span> <span class='ocrx_word' id='word_1_166' title='bbox 3202 878 3483 935; x_wconf 89' lang='lat' dir='ltr'><strong>Dalmatiis</strong></span> 
     </span>
    </p>
   </div>
   <div class='ocr_carea' id='block_1_24' title="bbox 1877 968 3482 1042">
    <p class='ocr_par' dir='ltr' id='par_1_24' title="bbox 1877 968 3482 1042">
     <span class='ocr_line' id='line_1_24' title="bbox 1877 968 3482 1042; baseline 0.001 -18"><span class='ocrx_word' id='word_1_167' title='bbox 1877 968 2226 1026; x_wconf 83' lang='lat' dir='ltr'><strong>decernimus</strong></span> <span class='ocrx_word' id='word_1_168' title='bbox 2263 970 2574 1042; x_wconf 63' lang='lat' dir='ltr'><strong>praesidere.</strong></span> <span class='ocrx_word' id='word_1_169' title='bbox 2621 970 2720 1027; x_wconf 89' lang='lat' dir='ltr'><strong>Cui</strong></span> <span class='ocrx_word' id='word_1_170' title='bbox 2762 985 2864 1042; x_wconf 90' lang='lat' dir='ltr'><strong>pro</strong></span> <span class='ocrx_word' id='word_1_171' title='bbox 2906 970 3139 1025; x_wconf 90' lang='lat' dir='ltr'><strong>utilitate</strong></span> <span class='ocrx_word' id='word_1_172' title='bbox 3178 980 3363 1026; x_wconf 89' lang='lat' dir='ltr'><strong>nostra</strong></span> <span class='ocrx_word' id='word_1_173' title='bbox 3399 971 3482 1041; x_wconf 85' lang='lat' dir='ltr'><strong>ju-</strong></span> 
     </span>
    </p>
   </div>
   <div class='ocr_carea' id='block_1_25' title="bbox 1878 1061 3483 1135">
    <p class='ocr_par' dir='ltr' id='par_1_25' title="bbox 1878 1061 3483 1135">
     <span class='ocr_line' id='line_1_25' title="bbox 1878 1061 3483 1135; baseline 0.002 -18"><span class='ocrx_word' id='word_1_174' title='bbox 1878 1061 2028 1118; x_wconf 89' lang='lat' dir='ltr'><strong>benti</strong></span> <span class='ocrx_word' id='word_1_175' title='bbox 2076 1079 2269 1134; x_wconf 88' lang='lat' dir='ltr'><strong>parere</strong></span> <span class='ocrx_word' id='word_1_176' title='bbox 2315 1073 2634 1135; x_wconf 86' lang='lat' dir='ltr'><strong>procurate;</strong></span> <span class='ocrx_word' id='word_1_177' title='bbox 2669 1064 2927 1134; x_wconf 90' lang='lat' dir='ltr'><strong>quoniam</strong></span> <span class='ocrx_word' id='word_1_178' title='bbox 2970 1070 3177 1118; x_wconf 84' lang='lat' dir='ltr'><strong>tantam</strong></span> <span class='ocrx_word' id='word_1_179' title='bbox 3206 1063 3323 1134; x_wconf 91' lang='lat' dir='ltr'><strong>ejus</strong></span> <span class='ocrx_word' id='word_1_180' title='bbox 3350 1066 3483 1121; x_wconf 88' lang='lat' dir='ltr'><strong>estis</strong></span> 
     </span>
    </p>
   </div>
   <div class='ocr_carea' id='block_1_26' title="bbox 1874 1153 3483 1225">
    <p class='ocr_par' dir='ltr' id='par_1_26' title="bbox 1874 1153 3483 1225">
     <span class='ocr_line' id='line_1_26' title="bbox 1874 1153 3483 1225; baseline 0.001 -17"><span class='ocrx_word' id='word_1_181' title='bbox 1874 1153 2141 1224; x_wconf 83' lang='lat' dir='ltr'><strong>justitiam</strong></span> <span class='ocrx_word' id='word_1_182' title='bbox 2181 1153 2494 1224; x_wconf 84' lang='lat' dir='ltr'><strong>frequenter</strong></span> <span class='ocrx_word' id='word_1_183' title='bbox 2532 1155 2772 1225; x_wconf 78' lang='lat' dir='ltr'><strong>experti,</strong></span> <span class='ocrx_word' id='word_1_184' title='bbox 2819 1163 2879 1210; x_wconf 90' lang='lat' dir='ltr'><strong>ut</strong></span> <span class='ocrx_word' id='word_1_185' title='bbox 2918 1161 2976 1210; x_wconf 92' lang='lat' dir='ltr'><strong>et</strong></span> <span class='ocrx_word' id='word_1_186' title='bbox 3018 1155 3136 1209; x_wconf 90' lang='lat' dir='ltr'><strong>sine</strong></span> <span class='ocrx_word' id='word_1_187' title='bbox 3176 1154 3322 1223; x_wconf 82' lang='lat' dir='ltr'><strong>regia</strong></span> <span class='ocrx_word' id='word_1_188' title='bbox 3366 1154 3483 1224; x_wconf 90' lang='lat' dir='ltr'><strong>jus-</strong></span> 
     </span>
    </p>
   </div>
   <div class='ocr_carea' id='block_1_27' title="bbox 1880 1242 3484 1316">
    <p class='ocr_par' dir='ltr' id='par_1_27' title="bbox 1880 1242 3484 1316">
     <span class='ocr_line' id='line_1_27' title="bbox 1880 1242 3484 1316; baseline -0.001 -16"><span class='ocrx_word' id='word_1_189' title='bbox 1880 1247 2033 1301; x_wconf 87' lang='lat' dir='ltr'><strong>sione</strong></span> <span class='ocrx_word' id='word_1_190' title='bbox 2070 1246 2121 1301; x_wconf 88' lang='lat' dir='ltr'><strong>ei</strong></span> <span class='ocrx_word' id='word_1_191' title='bbox 2157 1245 2427 1301; x_wconf 89' lang='lat' dir='ltr'><strong>deberetis</strong></span> <span class='ocrx_word' id='word_1_192' title='bbox 2452 1244 2696 1316; x_wconf 89' lang='lat' dir='ltr'><strong>priorum</strong></span> <span class='ocrx_word' id='word_1_193' title='bbox 2725 1259 2995 1300; x_wconf 87' lang='lat' dir='ltr'><strong>memores</strong></span> <span class='ocrx_word' id='word_1_194' title='bbox 3024 1242 3268 1300; x_wconf 89' lang='lat' dir='ltr'><strong>obedire.</strong></span> <span class='ocrx_word' id='word_1_195' title='bbox 3307 1242 3484 1300; x_wconf 84' lang='lat' dir='ltr'><strong>Habet</strong></span> 
     </span>
    </p>
   </div>
   <div class='ocr_carea' id='block_1_28' title="bbox 1881 1335 3483 1408">
    <p class='ocr_par' dir='ltr' id='par_1_28' title="bbox 1881 1335 3483 1408">
     <span class='ocr_line' id='line_1_28' title="bbox 1881 1335 3483 1408; baseline -0.002 -14"><span class='ocrx_word' id='word_1_196' title='bbox 1881 1339 2025 1394; x_wconf 89' lang='lat' dir='ltr'><strong>enim</strong></span> <span class='ocrx_word' id='word_1_197' title='bbox 2078 1337 2356 1408; x_wconf 89' lang='lat' dir='ltr'><strong>proprium</strong></span> <span class='ocrx_word' id='word_1_198' title='bbox 2391 1336 2482 1407; x_wconf 87' lang='lat' dir='ltr'><strong>jus</strong></span> <span class='ocrx_word' id='word_1_199' title='bbox 2529 1336 2648 1404; x_wconf 90' lang='lat' dir='ltr'><strong>ille,</strong></span> <span class='ocrx_word' id='word_1_200' title='bbox 2706 1335 2797 1407; x_wconf 93' lang='lat' dir='ltr'><strong>qui</strong></span> <span class='ocrx_word' id='word_1_201' title='bbox 2848 1338 3024 1405; x_wconf 89' lang='lat' dir='ltr'><strong>justus</strong></span> <span class='ocrx_word' id='word_1_202' title='bbox 3072 1344 3184 1401; x_wconf 89' lang='lat' dir='ltr'><strong>est;</strong></span> <span class='ocrx_word' id='word_1_203' title='bbox 3215 1350 3339 1390; x_wconf 91' lang='lat' dir='ltr'><strong>nam</strong></span> <span class='ocrx_word' id='word_1_204' title='bbox 3378 1335 3483 1390; x_wconf 86' lang='lat' dir='ltr'><strong>etsi</strong></span> 
     </span>
    </p>
   </div>
   <div class='ocr_carea' id='block_1_29' title="bbox 1883 1423 3485 1500">
    <p class='ocr_par' dir='ltr' id='par_1_29' title="bbox 1883 1423 3485 1500">
     <span class='ocr_line' id='line_1_29' title="bbox 1883 1423 3485 1500; baseline -0.002 -17"><span class='ocrx_word' id='word_1_205' title='bbox 1883 1437 2091 1486; x_wconf 84' lang='lat' dir='ltr'><strong>terrore</strong></span> <span class='ocrx_word' id='word_1_206' title='bbox 2129 1428 2350 1482; x_wconf 86' lang='lat' dir='ltr'><strong>minime</strong></span> <span class='ocrx_word' id='word_1_207' title='bbox 2380 1426 2521 1500; x_wconf 65' lang='lat' dir='ltr'><strong>[Jun</strong></span> <span class='ocrx_word' id='word_1_208' title='bbox 2565 1427 2694 1499; x_wconf 84' lang='lat' dir='ltr'><strong>legit</strong></span> <span class='ocrx_word' id='word_1_209' title='bbox 2721 1423 2978 1497; x_wconf 61' lang='lat' dir='ltr'><strong>minimae]</strong></span> <span class='ocrx_word' id='word_1_210' title='bbox 3007 1426 3293 1498; x_wconf 77' lang='lat' dir='ltr'><strong>potestatis</strong></span> <span class='ocrx_word' id='word_1_211' title='bbox 3320 1425 3485 1494; x_wconf 87' lang='lat' dir='ltr'><strong>erigi-</strong></span> 
     </span>
    </p>
   </div>
   <div class='ocr_carea' id='block_1_30' title="bbox 1887 1514 3483 1590">
    <p class='ocr_par' dir='ltr' id='par_1_30' title="bbox 1887 1514 3483 1590">
     <span class='ocr_line' id='line_1_30' title="bbox 1887 1514 3483 1590; baseline -0.003 -14"><span class='ocrx_word' id='word_1_212' title='bbox 1887 1529 1994 1585; x_wconf 89' lang='lat' dir='ltr'><strong>tur,</strong></span> <span class='ocrx_word' id='word_1_213' title='bbox 2024 1520 2279 1590; x_wconf 78' lang='lat' dir='ltr'><strong>aequitate</strong></span> <span class='ocrx_word' id='word_1_214' title='bbox 2309 1527 2487 1574; x_wconf 91' lang='lat' dir='ltr'><strong>tamen</strong></span> <span class='ocrx_word' id='word_1_215' title='bbox 2517 1518 2779 1575; x_wconf 87' lang='lat' dir='ltr'><strong>suadente</strong></span> <span class='ocrx_word' id='word_1_216' title='bbox 2805 1532 3021 1588; x_wconf 89' lang='lat' dir='ltr'><strong>semper</strong></span> <span class='ocrx_word' id='word_1_217' title='bbox 3045 1515 3277 1572; x_wconf 89' lang='lat' dir='ltr'><strong>auditur.</strong></span> <span class='ocrx_word' id='word_1_218' title='bbox 3307 1514 3483 1572; x_wconf 90' lang='lat' dir='ltr'><strong>Simul</strong></span> 
     </span>
    </p>
   </div>
   <div class='ocr_carea' id='block_1_31' title="bbox 1885 1605 3484 1668">
    <p class='ocr_par' dir='ltr' id='par_1_31' title="bbox 1885 1605 3484 1668">
     <span class='ocr_line' id='line_1_31' title="bbox 1885 1605 3484 1668; baseline -0.005 -1"><span class='ocrx_word' id='word_1_219' title='bbox 1885 1613 2049 1668; x_wconf 88' lang='lat' dir='ltr'><strong>etiam</strong></span> <span class='ocrx_word' id='word_1_220' title='bbox 2090 1618 2146 1666; x_wconf 89' lang='lat' dir='ltr'><strong>et</strong></span> <span class='ocrx_word' id='word_1_221' title='bbox 2173 1609 2346 1664; x_wconf 91' lang='lat' dir='ltr'><strong>virum</strong></span> <span class='ocrx_word' id='word_1_222' title='bbox 2379 1608 2640 1663; x_wconf 89' lang='lat' dir='ltr'><strong>illustrem</strong></span> <span class='ocrx_word' id='word_1_223' title='bbox 2671 1606 2986 1662; x_wconf 89' lang='lat' dir='ltr'><strong>Severinum</strong></span> <span class='ocrx_word' id='word_1_224' title='bbox 3016 1605 3085 1661; x_wconf 92' lang='lat' dir='ltr'><strong>ad</strong></span> <span class='ocrx_word' id='word_1_225' title='bbox 3112 1621 3211 1661; x_wconf 90' lang='lat' dir='ltr'><strong>vos</strong></span> <span class='ocrx_word' id='word_1_226' title='bbox 3246 1605 3484 1660; x_wconf 64' lang='lat' dir='ltr'><strong>aestima-</strong></span> 
     </span>
    </p>
   </div>
   <div class='ocr_carea' id='block_1_32' title="bbox 1886 1695 3485 1775">
    <p class='ocr_par' dir='ltr' id='par_1_32' title="bbox 1886 1695 3485 1775">
     <span class='ocr_line' id='line_1_32' title="bbox 1886 1695 3485 1775; baseline -0.002 -20"><span class='ocrx_word' id='word_1_227' title='bbox 1886 1700 2062 1755; x_wconf 87' lang='lat' dir='ltr'><strong>vimus</strong></span> <span class='ocrx_word' id='word_1_228' title='bbox 2100 1696 2463 1768; x_wconf 75' lang='lat' dir='ltr'><strong>dirigentium,</strong></span> <span class='ocrx_word' id='word_1_229' title='bbox 2493 1705 2554 1752; x_wconf 92' lang='lat' dir='ltr'><strong>ut</strong></span> <span class='ocrx_word' id='word_1_230' title='bbox 2595 1696 2884 1768; x_wconf 91' lang='lat' dir='ltr'><strong>compositi</strong></span> <span class='ocrx_word' id='word_1_231' title='bbox 2921 1709 3164 1775; x_wconf 85' lang='lat' dir='ltr'><strong>consona</strong></span> <span class='ocrx_word' id='word_1_232' title='bbox 3201 1695 3485 1752; x_wconf 86' lang='lat' dir='ltr'><strong>voluntate</strong></span> 
     </span>
    </p>
   </div>
   <div class='ocr_carea' id='block_1_33' title="bbox 170 1775 3503 1865">
    <p class='ocr_par' dir='ltr' id='par_1_33' title="bbox 170 1775 3503 1865">
     <span class='ocr_line' id='line_1_33' title="bbox 170 1775 3503 1865; baseline -0.004 -28"><span class='ocrx_word' id='word_1_233' title='bbox 170 1784 454 1855; x_wconf 81' lang='lat' dir='ltr'><strong>judicium.</strong></span> <span class='ocrx_word' id='word_1_234' title='bbox 481 1782 616 1837; x_wconf 82' lang='lat' dir='ltr'><strong>Nam</strong></span> <span class='ocrx_word' id='word_1_235' title='bbox 644 1783 691 1838; x_wconf 92' lang='lat' dir='ltr'><strong>si</strong></span> <span class='ocrx_word' id='word_1_236' title='bbox 730 1790 941 1853; x_wconf 88' lang='lat' dir='ltr'><strong>gratum</strong></span> <span class='ocrx_word' id='word_1_237' title='bbox 971 1789 1055 1836; x_wconf 89' lang='lat' dir='ltr'><strong>est</strong></span> <span class='ocrx_word' id='word_1_238' title='bbox 1083 1779 1169 1835; x_wconf 90' lang='lat' dir='ltr'><strong>vel</strong></span> <span class='ocrx_word' id='word_1_239' title='bbox 1211 1780 1311 1835; x_wconf 94' lang='lat' dir='ltr'><strong>sub</strong></span> <span class='ocrx_word' id='word_1_240' title='bbox 1338 1777 1564 1833; x_wconf 86' lang='lat' dir='ltr'><strong>raritate</strong></span> <span class='ocrx_word' id='word_1_241' title='bbox 1591 1775 1785 1848; x_wconf 75' lang='lat' dir='ltr'><strong>przedi-</strong></span> <span class='ocrx_word' id='word_1_242' title='bbox 1820 1796 1862 1856; x_wconf 73' lang='grc' dir='ltr'><strong>Β</strong></span> <span class='ocrx_word' id='word_1_243' title='bbox 1888 1792 2098 1865; x_wconf 66' lang='lat' dir='ltr'><strong>possim</strong></span> <span class='ocrx_word' id='word_1_244' title='bbox 2126 1791 2280 1848; x_wconf 62' lang='lat' dir='ltr'><strong>vobis</strong></span> <span class='ocrx_word' id='word_1_245' title='bbox 2305 1789 2571 1847; x_wconf 62' lang='lat' dir='ltr'><strong>laudanda</strong></span> <span class='ocrx_word' id='word_1_246' title='bbox 2600 1790 2913 1862; x_wconf 63' lang='grc' dir='ltr'><strong>ρηρίρει-θ,</strong></span> <span class='ocrx_word' id='word_1_247' title='bbox 2946 1788 3082 1844; x_wconf 67' lang='lat' dir='ltr'><strong>Nam</strong></span> <span class='ocrx_word' id='word_1_248' title='bbox 3108 1788 3157 1845; x_wconf 68' lang='grc' dir='ltr'><strong>εί</strong></span> <span class='ocrx_word' id='word_1_249' title='bbox 3182 1786 3503 1861; x_wconf 35' lang='lat' dir='ltr'><strong>“parum,</strong></span> 
     </span>
    </p>
   </div>
   <div class='ocr_carea' id='block_1_34' title="bbox 169 1873 1782 1946">
    <p class='ocr_par' dir='ltr' id='par_1_34' title="bbox 169 1873 1782 1946">
     <span class='ocr_line' id='line_1_34' title="bbox 169 1873 1782 1946; baseline -0.005 -14"><span class='ocrx_word' id='word_1_250' title='bbox 169 1878 288 1933; x_wconf 89' lang='lat' dir='ltr'><strong>cari</strong></span> <span class='ocrx_word' id='word_1_251' title='bbox 314 1893 329 1944; x_wconf 93' lang='lat'><strong>;</strong></span> <span class='ocrx_word' id='word_1_252' title='bbox 359 1876 486 1946; x_wconf 89' lang='lat' dir='ltr'><strong>quid</strong></span> <span class='ocrx_word' id='word_1_253' title='bbox 515 1876 590 1931; x_wconf 85' lang='lat' dir='ltr'><strong>illi</strong></span> <span class='ocrx_word' id='word_1_254' title='bbox 621 1876 800 1944; x_wconf 89' lang='lat' dir='ltr'><strong>gaudii</strong></span> <span class='ocrx_word' id='word_1_255' title='bbox 828 1875 1117 1946; x_wconf 90' lang='lat' dir='ltr'><strong>provenire</strong></span> <span class='ocrx_word' id='word_1_256' title='bbox 1147 1873 1343 1944; x_wconf 89' lang='lat' dir='ltr'><strong>possit,</strong></span> <span class='ocrx_word' id='word_1_257' title='bbox 1374 1886 1537 1942; x_wconf 90' lang='lat' dir='ltr'><strong>quem</strong></span> <span class='ocrx_word' id='word_1_258' title='bbox 1568 1878 1652 1926; x_wconf 90' lang='lat' dir='ltr'><strong>tot</strong></span> <span class='ocrx_word' id='word_1_259' title='bbox 1679 1885 1782 1924; x_wconf 90' lang='lat' dir='ltr'><strong>no—</strong></span> 
     </span>
    </p>
   </div>
   <div class='ocr_carea' id='block_1_35' title="bbox 172 1960 1785 2032">
    <p class='ocr_par' dir='ltr' id='par_1_35' title="bbox 172 1960 1785 2032">
     <span class='ocr_line' id='line_1_35' title="bbox 172 1960 1785 2032; baseline -0.005 -8"><span class='ocrx_word' id='word_1_260' title='bbox 172 1969 367 2024; x_wconf 88' lang='lat' dir='ltr'><strong>bilium</strong></span> <span class='ocrx_word' id='word_1_261' title='bbox 395 1975 521 2023; x_wconf 87' lang='lat' dir='ltr'><strong>vota</strong></span> <span class='ocrx_word' id='word_1_262' title='bbox 562 1964 1235 2022; x_wconf 70' lang='lat' dir='ltr'><strong>laudaverintYJustitiam</strong></span> <span class='ocrx_word' id='word_1_263' title='bbox 1275 1963 1472 2031; x_wconf 83' lang='lat' dir='ltr'><strong>dilige;</strong></span> <span class='ocrx_word' id='word_1_264' title='bbox 1511 1960 1785 2032; x_wconf 77' lang='lat' dir='ltr'><strong>oppressis</strong></span> 
     </span>
    </p>
   </div>
   <div class='ocr_carea' id='block_1_36' title="bbox 169 2051 1780 2129">
    <p class='ocr_par' dir='ltr' id='par_1_36' title="bbox 169 2051 1780 2129">
     <span class='ocr_line' id='line_1_36' title="bbox 169 2051 1780 2129; baseline -0.005 -16"><span class='ocrx_word' id='word_1_265' title='bbox 169 2067 230 2114; x_wconf 77' lang='lat' dir='ltr'><strong>te</strong></span> <span class='ocrx_word' id='word_1_266' title='bbox 278 2058 563 2129; x_wconf 88' lang='lat' dir='ltr'><strong>dignanter</strong></span> <span class='ocrx_word' id='word_1_267' title='bbox 614 2057 904 2127; x_wconf 89' lang='lat' dir='ltr'><strong>impende;</strong></span> <span class='ocrx_word' id='word_1_268' title='bbox 953 2056 1120 2112; x_wconf 89' lang='lat' dir='ltr'><strong>redde</strong></span> <span class='ocrx_word' id='word_1_269' title='bbox 1163 2054 1351 2109; x_wconf 88' lang='lat' dir='ltr'><strong>laudes</strong></span> <span class='ocrx_word' id='word_1_270' title='bbox 1393 2051 1626 2125; x_wconf 86' lang='lat' dir='ltr'><strong>posteris</strong></span> <span class='ocrx_word' id='word_1_271' title='bbox 1655 2052 1780 2119; x_wconf 90' lang='lat' dir='ltr'><strong>tuis,</strong></span> 
     </span>
    </p>
   </div>
   <div class='ocr_carea' id='block_1_37' title="bbox 171 2141 1786 2223">
    <p class='ocr_par' dir='ltr' id='par_1_37' title="bbox 171 2141 1786 2223">
     <span class='ocr_line' id='line_1_37' title="bbox 171 2141 1786 2223; baseline -0.002 -20"><span class='ocrx_word' id='word_1_272' title='bbox 171 2162 313 2219; x_wconf 88' lang='lat' dir='ltr'><strong>quas</strong></span> <span class='ocrx_word' id='word_1_273' title='bbox 360 2160 416 2204; x_wconf 92' lang='lat' dir='ltr'><strong>tu</strong></span> <span class='ocrx_word' id='word_1_274' title='bbox 443 2163 475 2204; x_wconf 90' lang='lat' dir='ltr'><strong>a</strong></span> <span class='ocrx_word' id='word_1_275' title='bbox 504 2147 799 2219; x_wconf 87' lang='lat' dir='ltr'><strong>majoribus</strong></span> <span class='ocrx_word' id='word_1_276' title='bbox 829 2146 969 2223; x_wconf 67' lang='lat' dir='ltr'><strong>[Jun</strong></span> <span class='ocrx_word' id='word_1_277' title='bbox 1010 2147 1075 2203; x_wconf 82' lang='lat' dir='ltr'><strong>V.</strong></span> <span class='ocrx_word' id='word_1_278' title='bbox 1128 2145 1213 2213; x_wconf 88' lang='lat' dir='ltr'><strong>C.,</strong></span> <span class='ocrx_word' id='word_1_279' title='bbox 1254 2141 1593 2217; x_wconf 86' lang='lat' dir='ltr'><strong>melioribus]</strong></span> <span class='ocrx_word' id='word_1_280' title='bbox 1625 2157 1786 2200; x_wconf 86' lang='lat' dir='ltr'><strong>acce-</strong></span> 
     </span>
    </p>
   </div>
   <div class='ocr_carea' id='block_1_38' title="bbox 175 2240 329 2312">
    <p class='ocr_par' dir='ltr' id='par_1_38' title="bbox 175 2240 329 2312">
     <span class='ocr_line' id='line_1_38' title="bbox 175 2240 329 2312; baseline 0.006 -17"><span class='ocrx_word' id='word_1_281' title='bbox 175 2240 329 2312; x_wconf 90' lang='lat' dir='ltr'><strong>pisti.</strong></span> 
     </span>
    </p>
   </div>
   <div class='ocr_carea' id='block_1_39' title="bbox 715 2347 1224 2406">
    <p class='ocr_par' dir='ltr' id='par_1_39' title="bbox 715 2347 1224 2406">
     <span class='ocr_line' id='line_1_39' title="bbox 715 2347 1224 2406; baseline 0.002 -2"><span class='ocrx_word' id='word_1_282' title='bbox 715 2348 1051 2406; x_wconf 81' lang='lat' dir='ltr'><strong>EPISTOLA</strong></span> <span class='ocrx_word' id='word_1_283' title='bbox 1087 2347 1224 2406; x_wconf 76' lang='lat' dir='ltr'><strong>VIII.</strong></span> 
     </span>
    </p>
   </div>
   <div class='ocr_carea' id='block_1_40' title="bbox 241 2465 1716 2541">
    <p class='ocr_par' dir='ltr' id='par_1_40' title="bbox 241 2465 1716 2541">
     <span class='ocr_line' id='line_1_40' title="bbox 241 2465 1716 2541; baseline -0.002 -18"><span class='ocrx_word' id='word_1_284' title='bbox 241 2482 396 2523; x_wconf 72' lang='lat' dir='ltr'><strong>osum</strong></span> <span class='ocrx_word' id='word_1_285' title='bbox 424 2465 576 2541; x_wconf 81' lang='lat' dir='ltr'><strong>[Ed.,</strong></span> <span class='ocrx_word' id='word_1_286' title='bbox 606 2465 761 2539; x_wconf 65' lang='lat' dir='ltr'><strong>osus]</strong></span> <span class='ocrx_word' id='word_1_287' title='bbox 790 2478 914 2521; x_wconf 83' lang='lat' dir='ltr'><strong>vtao</strong></span> <span class='ocrx_word' id='word_1_288' title='bbox 942 2481 1207 2533; x_wconf 82' lang='lat' dir='ltr'><strong>tLLusrm,</strong></span> <span class='ocrx_word' id='word_1_289' title='bbox 1239 2480 1446 2530; x_wconf 74' lang='lat' dir='ltr'><strong>conm,</strong></span> <span class='ocrx_word' id='word_1_290' title='bbox 1473 2478 1716 2521; x_wconf 70' lang='lat' dir='ltr'><strong>unau-</strong></span> 
     </span>
    </p>
   </div>
   <div class='ocr_carea' id='block_1_41' title="bbox 794 2552 1107 2592">
    <p class='ocr_par' dir='ltr' id='par_1_41' title="bbox 794 2552 1107 2592">
     <span class='ocr_line' id='line_1_41' title="bbox 794 2552 1107 2592; baseline -0.003 0"><span class='ocrx_word' id='word_1_291' title='bbox 794 2552 949 2592; x_wconf 70' lang='lat' dir='ltr'><strong>RICUS</strong></span> <span class='ocrx_word' id='word_1_292' title='bbox 978 2553 1107 2592; x_wconf 71' lang='lat' dir='ltr'><strong>REX.</strong></span> 
     </span>
    </p>
   </div>
   <div class='ocr_carea' id='block_1_42' title="bbox 178 2626 1789 2701">
    <p class='ocr_par' dir='ltr' id='par_1_42' title="bbox 178 2626 1789 2701">
     <span class='ocr_line' id='line_1_42' title="bbox 178 2626 1789 2701; baseline -0.004 -15"><span class='ocrx_word' id='word_1_293' title='bbox 178 2629 413 2686; x_wconf 75' lang='lat' dir='ltr'><strong>Mittitur</strong></span> <span class='ocrx_word' id='word_1_294' title='bbox 454 2629 622 2685; x_wconf 85' lang='lat' dir='ltr'><strong>denuo</strong></span> <span class='ocrx_word' id='word_1_295' title='bbox 664 2628 753 2701; x_wconf 11' lang='lat' dir='ltr'><strong>ad,</strong></span> <span class='ocrx_word' id='word_1_296' title='bbox 780 2628 1160 2701; x_wconf 72' lang='lat' dir='ltr'><strong>Dalmatiarum</strong></span> <span class='ocrx_word' id='word_1_297' title='bbox 1207 2638 1359 2701; x_wconf 78' lang='lat' dir='ltr'><strong>atque</strong></span> <span class='ocrx_word' id='word_1_298' title='bbox 1402 2626 1612 2683; x_wconf 65' lang='lat' dir='ltr'><strong>Suasio:</strong></span> <span class='ocrx_word' id='word_1_299' title='bbox 1657 2641 1789 2698; x_wconf 84' lang='lat' dir='ltr'><strong>pro-</strong></span> 
     </span>
    </p>
   </div>
   <div class='ocr_carea' id='block_1_43' title="bbox 709 2699 1206 2771">
    <p class='ocr_par' dir='ltr' id='par_1_43' title="bbox 709 2699 1206 2771">
     <span class='ocr_line' id='line_1_43' title="bbox 709 2699 1206 2771; baseline -0.002 -17"><span class='ocrx_word' id='word_1_300' title='bbox 709 2700 906 2754; x_wconf 81' lang='lat' dir='ltr'><strong>uincias</strong></span> <span class='ocrx_word' id='word_1_301' title='bbox 931 2699 1206 2771; x_wconf 81' lang='lat' dir='ltr'><strong>regendas.</strong></span> 
     </span>
    </p>
   </div>
   <div class='ocr_carea' id='block_1_44' title="bbox 256 2789 1786 2865">
    <p class='ocr_par' dir='ltr' id='par_1_44' title="bbox 256 2789 1786 2865">
     <span class='ocr_line' id='line_1_44' title="bbox 256 2789 1786 2865; baseline -0.005 -15"><span class='ocrx_word' id='word_1_302' title='bbox 256 2794 528 2865; x_wconf 84' lang='lat' dir='ltr'><strong>Propositi</strong></span> <span class='ocrx_word' id='word_1_303' title='bbox 570 2792 740 2849; x_wconf 85' lang='lat' dir='ltr'><strong>nostri</strong></span> <span class='ocrx_word' id='word_1_304' title='bbox 781 2800 865 2847; x_wconf 92' lang='lat' dir='ltr'><strong>est</strong></span> <span class='ocrx_word' id='word_1_305' title='bbox 905 2790 1167 2847; x_wconf 89' lang='lat' dir='ltr'><strong>honestos</strong></span> <span class='ocrx_word' id='word_1_306' title='bbox 1209 2790 1424 2846; x_wconf 86' lang='lat' dir='ltr'><strong>labores</strong></span> <span class='ocrx_word' id='word_1_307' title='bbox 1469 2789 1650 2861; x_wconf 87' lang='lat' dir='ltr'><strong>palma</strong></span> <span class='ocrx_word' id='word_1_308' title='bbox 1694 2801 1786 2844; x_wconf 90' lang='lat' dir='ltr'><strong>re-</strong></span> 
     </span>
    </p>
   </div>
   <div class='ocr_carea' id='block_1_45' title="bbox 181 2874 1789 2951">
    <p class='ocr_par' dir='ltr' id='par_1_45' title="bbox 181 2874 1789 2951">
     <span class='ocr_line' id='line_1_45' title="bbox 181 2874 1789 2951; baseline -0.003 -11"><span class='ocrx_word' id='word_1_309' title='bbox 181 2883 584 2940; x_wconf 86' lang='lat' dir='ltr'><strong>munerationis</strong></span> <span class='ocrx_word' id='word_1_310' title='bbox 620 2896 836 2951; x_wconf 89' lang='lat' dir='ltr'><strong>ornare,</strong></span> <span class='ocrx_word' id='word_1_311' title='bbox 880 2890 939 2936; x_wconf 87' lang='lat' dir='ltr'><strong>ut</strong></span> <span class='ocrx_word' id='word_1_312' title='bbox 981 2874 1351 2937; x_wconf 79' lang='lat' dir='ltr'><strong>vicissitudine</strong></span> <span class='ocrx_word' id='word_1_313' title='bbox 1393 2894 1500 2951; x_wconf 90' lang='lat' dir='ltr'><strong>qua</strong></span> <span class='ocrx_word' id='word_1_314' title='bbox 1544 2879 1789 2951; x_wconf 84' lang='lat' dir='ltr'><strong>provecti</strong></span> 
     </span>
    </p>
   </div>
   <div class='ocr_carea' id='block_1_46' title="bbox 181 2972 1789 3046">
    <p class='ocr_par' dir='ltr' id='par_1_46' title="bbox 181 2972 1789 3046">
     <span class='ocr_line' id='line_1_46' title="bbox 181 2972 1789 3046; baseline -0.002 -16"><span class='ocrx_word' id='word_1_315' title='bbox 181 2975 424 3046; x_wconf 88' lang='lat' dir='ltr'><strong>gaudent</strong></span> <span class='ocrx_word' id='word_1_316' title='bbox 474 2973 687 3029; x_wconf 85' lang='lat' dir='ltr'><strong>desides</strong></span> <span class='ocrx_word' id='word_1_317' title='bbox 714 2973 1084 3041; x_wconf 89' lang='lat' dir='ltr'><strong>mordeantur,</strong></span> <span class='ocrx_word' id='word_1_318' title='bbox 1114 2972 1325 3042; x_wconf 90' lang='lat' dir='ltr'><strong>sibique</strong></span> <span class='ocrx_word' id='word_1_319' title='bbox 1352 2972 1622 3042; x_wconf 90' lang='lat' dir='ltr'><strong>imputare</strong></span> <span class='ocrx_word' id='word_1_320' title='bbox 1662 2985 1789 3042; x_wconf 89' lang='lat' dir='ltr'><strong>pos-</strong></span> 
     </span>
    </p>
   </div>
   <div class='ocr_carea' id='block_1_47' title="bbox 183 3063 1790 3137">
    <p class='ocr_par' dir='ltr' id='par_1_47' title="bbox 183 3063 1790 3137">
     <span class='ocr_line' id='line_1_47' title="bbox 183 3063 1790 3137; baseline -0.003 -13"><span class='ocrx_word' id='word_1_321' title='bbox 183 3070 297 3125; x_wconf 87' lang='lat' dir='ltr'><strong>sint</strong></span> <span class='ocrx_word' id='word_1_322' title='bbox 333 3066 477 3137; x_wconf 91' lang='lat' dir='ltr'><strong>quod</strong></span> <span class='ocrx_word' id='word_1_323' title='bbox 516 3065 948 3123; x_wconf 85' lang='lat' dir='ltr'><strong>clementissimis</strong></span> <span class='ocrx_word' id='word_1_324' title='bbox 996 3065 1328 3137; x_wconf 82' lang='lat' dir='ltr'><strong>temporibus</strong></span> <span class='ocrx_word' id='word_1_325' title='bbox 1374 3064 1565 3135; x_wconf 89' lang='lat' dir='ltr'><strong>judicii</strong></span> <span class='ocrx_word' id='word_1_326' title='bbox 1615 3063 1790 3119; x_wconf 88' lang='lat' dir='ltr'><strong>nostri</strong></span> 
     </span>
    </p>
   </div>
   <div class='ocr_carea' id='block_1_48' title="bbox 1885 1877 3480 1956">
    <p class='ocr_par' dir='ltr' id='par_1_48' title="bbox 1885 1877 3480 1956">
     <span class='ocr_line' id='line_1_48' title="bbox 1885 1877 3480 1956; baseline -0.002 -16"><span class='ocrx_word' id='word_1_327' title='bbox 1885 1886 2107 1941; x_wconf 78' lang='lat' dir='ltr'><strong>calamis</strong></span> <span class='ocrx_word' id='word_1_328' title='bbox 2149 1884 2407 1941; x_wconf 89' lang='lat' dir='ltr'><strong>convenit</strong></span> <span class='ocrx_word' id='word_1_329' title='bbox 2452 1899 2622 1939; x_wconf 90' lang='lat' dir='ltr'><strong>unum</strong></span> <span class='ocrx_word' id='word_1_330' title='bbox 2666 1882 2840 1940; x_wconf 90' lang='lat' dir='ltr'><strong>melos</strong></span> <span class='ocrx_word' id='word_1_331' title='bbox 2886 1882 3105 1939; x_wconf 85' lang='lat' dir='ltr'><strong>eﬂicere</strong></span> <span class='ocrx_word' id='word_1_332' title='bbox 3156 1879 3308 1956; x_wconf 71' lang='lat' dir='ltr'><strong>[Hs.,</strong></span> <span class='ocrx_word' id='word_1_333' title='bbox 3362 1877 3480 1944; x_wconf 67' lang='lat' dir='ltr'><strong>Cn.</strong></span> 
     </span>
    </p>
   </div>
   <div class='ocr_carea' id='block_1_49' title="bbox 1884 1972 3485 2049">
    <p class='ocr_par' dir='ltr' id='par_1_49' title="bbox 1884 1972 3485 2049">
     <span class='ocr_line' id='line_1_49' title="bbox 1884 1972 3485 2049; baseline -0.002 -17"><span class='ocrx_word' id='word_1_334' title='bbox 1884 1974 2037 2049; x_wconf 85' lang='lat' dir='ltr'><strong>Cuj.,</strong></span> <span class='ocrx_word' id='word_1_335' title='bbox 2093 1974 2350 2047; x_wconf 88' lang='lat' dir='ltr'><strong>edicere],</strong></span> <span class='ocrx_word' id='word_1_336' title='bbox 2410 1975 2582 2029; x_wconf 92' lang='lat' dir='ltr'><strong>multo</strong></span> <span class='ocrx_word' id='word_1_337' title='bbox 2634 1973 2806 2043; x_wconf 83' lang='lat' dir='ltr'><strong>magis</strong></span> <span class='ocrx_word' id='word_1_338' title='bbox 2869 1973 3000 2028; x_wconf 83' lang='lat' dir='ltr'><strong>viris</strong></span> <span class='ocrx_word' id='word_1_339' title='bbox 3054 1972 3485 2044; x_wconf 83' lang='lat' dir='ltr'><strong>prudentissimis</strong></span> 
     </span>
    </p>
   </div>
   <div class='ocr_carea' id='block_1_50' title="bbox 1884 2064 3482 2141">
    <p class='ocr_par' dir='ltr' id='par_1_50' title="bbox 1884 2064 3482 2141">
     <span class='ocr_line' id='line_1_50' title="bbox 1884 2064 3482 2141; baseline -0.002 -17"><span class='ocrx_word' id='word_1_340' title='bbox 1884 2080 2068 2141; x_wconf 90' lang='lat' dir='ltr'><strong>aptum</strong></span> <span class='ocrx_word' id='word_1_341' title='bbox 2096 2078 2181 2124; x_wconf 91' lang='lat' dir='ltr'><strong>est</strong></span> <span class='ocrx_word' id='word_1_342' title='bbox 2202 2069 2347 2138; x_wconf 88' lang='lat' dir='ltr'><strong>justa</strong></span> <span class='ocrx_word' id='word_1_343' title='bbox 2373 2068 2628 2124; x_wconf 87' lang='lat' dir='ltr'><strong>concordi</strong></span> <span class='ocrx_word' id='word_1_344' title='bbox 2653 2066 2809 2141; x_wconf 85' lang='lat' dir='ltr'><strong>[Ed.,</strong></span> <span class='ocrx_word' id='word_1_345' title='bbox 2834 2064 3034 2139; x_wconf 88' lang='lat' dir='ltr'><strong>cordis]</strong></span> <span class='ocrx_word' id='word_1_346' title='bbox 3058 2083 3194 2123; x_wconf 90' lang='lat' dir='ltr'><strong>voce</strong></span> <span class='ocrx_word' id='word_1_347' title='bbox 3223 2066 3482 2123; x_wconf 88' lang='lat' dir='ltr'><strong>suadere.</strong></span> 
     </span>
    </p>
   </div>
   <div class='ocr_carea' id='block_1_51' title="bbox 1886 2158 3484 2231">
    <p class='ocr_par' dir='ltr' id='par_1_51' title="bbox 1886 2158 3484 2231">
     <span class='ocr_line' id='line_1_51' title="bbox 1886 2158 3484 2231; baseline -0.003 -14"><span class='ocrx_word' id='word_1_348' title='bbox 1886 2160 2086 2217; x_wconf 81' lang='lat' dir='ltr'><strong>Verum</strong></span> <span class='ocrx_word' id='word_1_349' title='bbox 2136 2168 2197 2215; x_wconf 92' lang='lat' dir='ltr'><strong>ut</strong></span> <span class='ocrx_word' id='word_1_350' title='bbox 2238 2158 2537 2231; x_wconf 87' lang='lat' dir='ltr'><strong>primordia</strong></span> <span class='ocrx_word' id='word_1_351' title='bbox 2566 2166 2753 2214; x_wconf 88' lang='lat' dir='ltr'><strong>nostra</strong></span> <span class='ocrx_word' id='word_1_352' title='bbox 2784 2174 2814 2214; x_wconf 88' lang='lat' dir='ltr'><strong>a</strong></span> <span class='ocrx_word' id='word_1_353' title='bbox 2841 2159 3096 2229; x_wconf 62' lang='lat' dir='ltr'><strong>praestitis</strong></span> <span class='ocrx_word' id='word_1_354' title='bbox 3137 2158 3484 2227; x_wconf 87' lang='lat' dir='ltr'><strong>inchoarent,</strong></span> 
     </span>
    </p>
   </div>
   <div class='ocr_carea' id='block_1_52' title="bbox 1885 2250 3484 2322">
    <p class='ocr_par' dir='ltr' id='par_1_52' title="bbox 1885 2250 3484 2322">
     <span class='ocr_line' id='line_1_52' title="bbox 1885 2250 3484 2322; baseline -0.001 -12"><span class='ocrx_word' id='word_1_355' title='bbox 1885 2252 2475 2321; x_wconf 84' lang='lat' dir='ltr'><strong>clementissimumque</strong></span> <span class='ocrx_word' id='word_1_356' title='bbox 2513 2250 2791 2307; x_wconf 86' lang='lat' dir='ltr'><strong>dominum</strong></span> <span class='ocrx_word' id='word_1_357' title='bbox 2833 2252 2887 2306; x_wconf 91' lang='lat' dir='ltr'><strong>in</strong></span> <span class='ocrx_word' id='word_1_358' title='bbox 2936 2252 3055 2322; x_wconf 89' lang='lat' dir='ltr'><strong>ipso</strong></span> <span class='ocrx_word' id='word_1_359' title='bbox 3104 2251 3254 2320; x_wconf 81' lang='lat' dir='ltr'><strong>regni</strong></span> <span class='ocrx_word' id='word_1_360' title='bbox 3296 2251 3484 2308; x_wconf 86' lang='lat' dir='ltr'><strong>limine</strong></span> 
     </span>
    </p>
   </div>
   <div class='ocr_carea' id='block_1_53' title="bbox 1884 2342 3485 2416">
    <p class='ocr_par' dir='ltr' id='par_1_53' title="bbox 1884 2342 3485 2416">
     <span class='ocr_line' id='line_1_53' title="bbox 1884 2342 3485 2416; baseline -0.003 -13"><span class='ocrx_word' id='word_1_361' title='bbox 1884 2345 2180 2413; x_wconf 84' lang='lat' dir='ltr'><strong>sentiretis,</strong></span> <span class='ocrx_word' id='word_1_362' title='bbox 2229 2359 2330 2416; x_wconf 87' lang='lat' dir='ltr'><strong>per</strong></span> <span class='ocrx_word' id='word_1_363' title='bbox 2371 2351 2621 2414; x_wconf 87' lang='lat' dir='ltr'><strong>quartam</strong></span> <span class='ocrx_word' id='word_1_364' title='bbox 2671 2344 3018 2399; x_wconf 88' lang='lat' dir='ltr'><strong>indictionem</strong></span> <span class='ocrx_word' id='word_1_365' title='bbox 3072 2346 3246 2416; x_wconf 82' lang='lat' dir='ltr'><strong>(Anno</strong></span> <span class='ocrx_word' id='word_1_366' title='bbox 3289 2342 3485 2400; x_wconf 77' lang='lat' dir='ltr'><strong>Christi</strong></span> 
     </span>
    </p>
   </div>
   <div class='ocr_carea' id='block_1_54' title="bbox 1888 2434 3486 2508">
    <p class='ocr_par' dir='ltr' id='par_1_54' title="bbox 1888 2434 3486 2508">
     <span class='ocr_line' id='line_1_54' title="bbox 1888 2434 3486 2508; baseline 0.001 -18"><span class='ocrx_word' id='word_1_367' title='bbox 1888 2435 2037 2508; x_wconf 72' lang='lat'><strong>526),</strong></span> <span class='ocrx_word' id='word_1_368' title='bbox 2088 2436 2234 2507; x_wconf 88' lang='lat' dir='ltr'><strong>quod</strong></span> <span class='ocrx_word' id='word_1_369' title='bbox 2280 2450 2313 2490; x_wconf 91' lang='lat' dir='ltr'><strong>a</strong></span> <span class='ocrx_word' id='word_1_370' title='bbox 2356 2434 2509 2490; x_wconf 89' lang='lat' dir='ltr'><strong>vobis</strong></span> <span class='ocrx_word' id='word_1_371' title='bbox 2546 2435 2822 2504; x_wconf 80' lang='lat' dir='ltr'><strong>augmenti</strong></span> <span class='ocrx_word' id='word_1_372' title='bbox 2865 2435 3085 2491; x_wconf 90' lang='lat' dir='ltr'><strong>nomine</strong></span> <span class='ocrx_word' id='word_1_373' title='bbox 3119 2435 3486 2506; x_wconf 68' lang='lat' dir='ltr'><strong>quaerebatur,</strong></span> 
     </span>
    </p>
   </div>
   <div class='ocr_carea' id='block_1_55' title="bbox 1889 2528 3488 2599">
    <p class='ocr_par' dir='ltr' id='par_1_55' title="bbox 1889 2528 3488 2599">
     <span class='ocr_line' id='line_1_55' title="bbox 1889 2528 3488 2599; baseline -0.001 -13"><span class='ocrx_word' id='word_1_374' title='bbox 1889 2531 2154 2587; x_wconf 86' lang='lat' dir='ltr'><strong>illustrem</strong></span> <span class='ocrx_word' id='word_1_375' title='bbox 2208 2531 2381 2585; x_wconf 83' lang='lat' dir='ltr'><strong>virum</strong></span> <span class='ocrx_word' id='word_1_376' title='bbox 2430 2528 2686 2584; x_wconf 85' lang='lat' dir='ltr'><strong>comitem</strong></span> <span class='ocrx_word' id='word_1_377' title='bbox 2738 2528 3049 2599; x_wconf 88' lang='lat' dir='ltr'><strong>patrimonii</strong></span> <span class='ocrx_word' id='word_1_378' title='bbox 3108 2528 3279 2584; x_wconf 89' lang='lat' dir='ltr'><strong>nostri</strong></span> <span class='ocrx_word' id='word_1_379' title='bbox 3342 2543 3488 2585; x_wconf 86' lang='lat' dir='ltr'><strong>nunc</strong></span> 
     </span>
    </p>
   </div>
   <div class='ocr_carea' id='block_1_56' title="bbox 1886 2615 3490 2693">
    <p class='ocr_par' dir='ltr' id='par_1_56' title="bbox 1886 2615 3490 2693">
     <span class='ocr_line' id='line_1_56' title="bbox 1886 2615 3490 2693; baseline -0.003 -16"><span class='ocrx_word' id='word_1_380' title='bbox 1886 2621 2141 2693; x_wconf 86' lang='lat' dir='ltr'><strong>jussimus</strong></span> <span class='ocrx_word' id='word_1_381' title='bbox 2185 2632 2489 2676; x_wconf 89' lang='lat' dir='ltr'><strong>removere.</strong></span> <span class='ocrx_word' id='word_1_382' title='bbox 2537 2615 2655 2673; x_wconf 88' lang='lat' dir='ltr'><strong>Hoc</strong></span> <span class='ocrx_word' id='word_1_383' title='bbox 2695 2618 2859 2673; x_wconf 89' lang='lat' dir='ltr'><strong>etiam</strong></span> <span class='ocrx_word' id='word_1_384' title='bbox 2901 2618 3120 2688; x_wconf 88' lang='lat' dir='ltr'><strong>insuper</strong></span> <span class='ocrx_word' id='word_1_385' title='bbox 3156 2617 3309 2675; x_wconf 88' lang='lat' dir='ltr'><strong>vobis</strong></span> <span class='ocrx_word' id='word_1_386' title='bbox 3355 2633 3490 2674; x_wconf 82' lang='lat' dir='ltr'><strong>cou-</strong></span> 
     </span>
    </p>
   </div>
   <div class='ocr_carea' id='block_1_57' title="bbox 1889 2708 3489 2784">
    <p class='ocr_par' dir='ltr' id='par_1_57' title="bbox 1889 2708 3489 2784">
     <span class='ocr_line' id='line_1_57' title="bbox 1889 2708 3489 2784; baseline -0.005 -13"><span class='ocrx_word' id='word_1_387' title='bbox 1889 2713 2167 2781; x_wconf 87' lang='lat' dir='ltr'><strong>cedentes,</strong></span> <span class='ocrx_word' id='word_1_388' title='bbox 2225 2726 2350 2768; x_wconf 93' lang='lat' dir='ltr'><strong>cum</strong></span> <span class='ocrx_word' id='word_1_389' title='bbox 2399 2710 2534 2784; x_wconf 89' lang='lat' dir='ltr'><strong>(Deo</strong></span> <span class='ocrx_word' id='word_1_390' title='bbox 2580 2708 2838 2780; x_wconf 88' lang='lat' dir='ltr'><strong>propitio)</strong></span> <span class='ocrx_word' id='word_1_391' title='bbox 2894 2709 3262 2781; x_wconf 88' lang='lat' dir='ltr'><strong>supradictum</strong></span> <span class='ocrx_word' id='word_1_392' title='bbox 3313 2710 3489 2763; x_wconf 89' lang='lat' dir='ltr'><strong>virum</strong></span> 
     </span>
    </p>
   </div>
   <div class='ocr_carea' id='block_1_58' title="bbox 1891 2798 3493 2873">
    <p class='ocr_par' dir='ltr' id='par_1_58' title="bbox 1891 2798 3493 2873">
     <span class='ocr_line' id='line_1_58' title="bbox 1891 2798 3493 2873; baseline -0.002 -13"><span class='ocrx_word' id='word_1_393' title='bbox 1891 2804 1959 2860; x_wconf 88' lang='lat' dir='ltr'><strong>ad</strong></span> <span class='ocrx_word' id='word_1_394' title='bbox 2000 2811 2187 2860; x_wconf 86' lang='lat' dir='ltr'><strong>nostra</strong></span> <span class='ocrx_word' id='word_1_395' title='bbox 2216 2802 2475 2873; x_wconf 88' lang='lat' dir='ltr'><strong>obsequia</strong></span> <span class='ocrx_word' id='word_1_396' title='bbox 2516 2801 2702 2857; x_wconf 90' lang='lat' dir='ltr'><strong>venire</strong></span> <span class='ocrx_word' id='word_1_397' title='bbox 2730 2798 3034 2867; x_wconf 79' lang='lat' dir='ltr'><strong>fecerimus,</strong></span> <span class='ocrx_word' id='word_1_398' title='bbox 3081 2801 3215 2856; x_wconf 91' lang='lat' dir='ltr'><strong>tales</strong></span> <span class='ocrx_word' id='word_1_399' title='bbox 3242 2800 3493 2857; x_wconf 87' lang='lat' dir='ltr'><strong>homines</strong></span> 
     </span>
    </p>
   </div>
   <div class='ocr_carea' id='block_1_59' title="bbox 1889 2893 3494 2970">
    <p class='ocr_par' dir='ltr' id='par_1_59' title="bbox 1889 2893 3494 2970">
     <span class='ocr_line' id='line_1_59' title="bbox 1889 2893 3494 2970; baseline -0.002 -16"><span class='ocrx_word' id='word_1_400' title='bbox 1889 2896 2185 2966; x_wconf 88' lang='lat' dir='ltr'><strong>destinare,</strong></span> <span class='ocrx_word' id='word_1_401' title='bbox 2229 2910 2330 2970; x_wconf 90' lang='lat' dir='ltr'><strong>per</strong></span> <span class='ocrx_word' id='word_1_402' title='bbox 2373 2909 2512 2966; x_wconf 89' lang='lat' dir='ltr'><strong>quos</strong></span> <span class='ocrx_word' id='word_1_403' title='bbox 2555 2894 2826 2967; x_wconf 87' lang='lat' dir='ltr'><strong>possimus</strong></span> <span class='ocrx_word' id='word_1_404' title='bbox 2869 2893 3149 2951; x_wconf 88' lang='lat' dir='ltr'><strong>evidenter</strong></span> <span class='ocrx_word' id='word_1_405' title='bbox 3194 2906 3494 2964; x_wconf 85' lang='lat' dir='ltr'><strong>agnoscere</strong></span> 
     </span>
    </p>
   </div>
   <div class='ocr_carea' id='block_1_60' title="bbox 1890 2983 3490 3058">
    <p class='ocr_par' dir='ltr' id='par_1_60' title="bbox 1890 2983 3490 3058">
     <span class='ocr_line' id='line_1_60' title="bbox 1890 2983 3490 3058; baseline -0.001 -15"><span class='ocrx_word' id='word_1_406' title='bbox 1890 2986 2343 3058; x_wconf 85' lang='lat' dir='ltr'><strong>quemadmodum</strong></span> <span class='ocrx_word' id='word_1_407' title='bbox 2389 2986 2444 3041; x_wconf 92' lang='lat' dir='ltr'><strong>in</strong></span> <span class='ocrx_word' id='word_1_408' title='bbox 2488 2983 2728 3041; x_wconf 85' lang='lat' dir='ltr'><strong>futurum</strong></span> <span class='ocrx_word' id='word_1_409' title='bbox 2770 3000 2964 3042; x_wconf 85' lang='lat' dir='ltr'><strong>census</strong></span> <span class='ocrx_word' id='word_1_410' title='bbox 3007 2984 3268 3043; x_wconf 88' lang='lat' dir='ltr'><strong>doceatur</strong></span> <span class='ocrx_word' id='word_1_411' title='bbox 3313 2985 3490 3056; x_wconf 88' lang='lat' dir='ltr'><strong>impo-</strong></span> 
     </span>
    </p>
   </div>
   <div class='ocr_carea' id='block_1_61' title="bbox 1850 3075 3490 3148">
    <p class='ocr_par' dir='ltr' id='par_1_61' title="bbox 1850 3075 3490 3148">
     <span class='ocr_line' id='line_1_61' title="bbox 1850 3075 3490 3148; baseline -0.002 -13"><span class='ocrx_word' id='word_1_412' title='bbox 1850 3116 1853 3119; x_wconf 59' lang='grc' dir='ltr'><em>ι</em></span> <span class='ocrx_word' id='word_1_413' title='bbox 1890 3079 2059 3145; x_wconf 89' lang='lat' dir='ltr'><strong>situs;</strong></span> <span class='ocrx_word' id='word_1_414' title='bbox 2106 3084 2166 3132; x_wconf 90' lang='lat' dir='ltr'><strong>ut</strong></span> <span class='ocrx_word' id='word_1_415' title='bbox 2215 3076 2263 3132; x_wconf 91' lang='lat' dir='ltr'><strong>si</strong></span> <span class='ocrx_word' id='word_1_416' title='bbox 2306 3082 2560 3147; x_wconf 88' lang='lat' dir='ltr'><strong>gravatos</strong></span> <span class='ocrx_word' id='word_1_417' title='bbox 2613 3090 2712 3131; x_wconf 87' lang='lat' dir='ltr'><strong>vos</strong></span> <span class='ocrx_word' id='word_1_418' title='bbox 2758 3090 2878 3132; x_wconf 88' lang='lat' dir='ltr'><strong>esse</strong></span> <span class='ocrx_word' id='word_1_419' title='bbox 2925 3075 3328 3145; x_wconf 79' lang='lat' dir='ltr'><strong>cognoscimus,</strong></span> <span class='ocrx_word' id='word_1_420' title='bbox 3385 3090 3490 3148; x_wconf 91' lang='lat' dir='ltr'><strong>pro</strong></span> 
     </span>
    </p>
   </div>
   <div class='ocr_carea' id='block_1_62' title="bbox 183 3149 1790 3248">
    <p class='ocr_par' dir='ltr' id='par_1_62' title="bbox 183 3149 1790 3234">
     <span class='ocr_line' id='line_1_62' title="bbox 183 3149 1790 3234; baseline -0.004 -16"><span class='ocrx_word' id='word_1_421' title='bbox 183 3164 412 3234; x_wconf 67' lang='lat' dir='ltr'><strong>praemia</strong></span> <span class='ocrx_word' id='word_1_422' title='bbox 437 3178 545 3217; x_wconf 91' lang='lat' dir='ltr'><strong>non</strong></span> <span class='ocrx_word' id='word_1_423' title='bbox 576 3170 872 3218; x_wconf 89' lang='lat' dir='ltr'><strong>merentur.</strong></span> <span class='ocrx_word' id='word_1_424' title='bbox 923 3149 1101 3232; x_wconf 83' lang='lat' dir='ltr'><strong>Atque</strong></span> <span class='ocrx_word' id='word_1_425' title='bbox 1129 3161 1252 3217; x_wconf 90' lang='lat' dir='ltr'><strong>ideo</strong></span> <span class='ocrx_word' id='word_1_426' title='bbox 1283 3159 1549 3215; x_wconf 90' lang='lat' dir='ltr'><strong>illustrem</strong></span> <span class='ocrx_word' id='word_1_427' title='bbox 1577 3157 1790 3228; x_wconf 77' lang='lat' dir='ltr'><strong>magni-</strong></span> 
     </span>
    </p>
   </div>
   <div class='ocr_carea' id='block_1_63' title="bbox 1896 3149 3494 3248">
    <p class='ocr_par' dir='ltr' id='par_1_63' title="bbox 1896 3165 3494 3242">
     <span class='ocr_line' id='line_1_63' title="bbox 1896 3165 3494 3242; baseline -0.001 -17"><span class='ocrx_word' id='word_1_428' title='bbox 1896 3178 2049 3242; x_wconf 90' lang='lat' dir='ltr'><strong>parte</strong></span> <span class='ocrx_word' id='word_1_429' title='bbox 2074 3168 2230 3226; x_wconf 88' lang='lat' dir='ltr'><strong>vobis</strong></span> <span class='ocrx_word' id='word_1_430' title='bbox 2265 3182 2371 3238; x_wconf 89' lang='lat' dir='ltr'><strong>qua</strong></span> <span class='ocrx_word' id='word_1_431' title='bbox 2403 3166 2575 3223; x_wconf 87' lang='lat' dir='ltr'><strong>visum</strong></span> <span class='ocrx_word' id='word_1_432' title='bbox 2615 3165 2799 3235; x_wconf 81' lang='lat' dir='ltr'><strong>fuerit,</strong></span> <span class='ocrx_word' id='word_1_433' title='bbox 2844 3166 3184 3224; x_wconf 89' lang='lat' dir='ltr'><strong>considerata</strong></span> <span class='ocrx_word' id='word_1_434' title='bbox 3214 3168 3494 3237; x_wconf 78' lang='lat' dir='ltr'><strong>aequitate,</strong></span> 
     </span>
    </p>
   </div>
   <div class='ocr_carea' id='block_1_64' title="bbox 184 3249 1793 3323">
    <p class='ocr_par' dir='ltr' id='par_1_64' title="bbox 184 3249 1793 3323">
     <span class='ocr_line' id='line_1_64' title="bbox 184 3249 1793 3323; baseline -0.004 -16"><span class='ocrx_word' id='word_1_435' title='bbox 184 3252 429 3308; x_wconf 87' lang='lat' dir='ltr'><strong>tudinem</strong></span> <span class='ocrx_word' id='word_1_436' title='bbox 473 3260 638 3318; x_wconf 91' lang='lat' dir='ltr'><strong>tuam,</strong></span> <span class='ocrx_word' id='word_1_437' title='bbox 685 3252 797 3308; x_wconf 92' lang='lat' dir='ltr'><strong>Deo</strong></span> <span class='ocrx_word' id='word_1_438' title='bbox 821 3251 1066 3323; x_wconf 89' lang='lat' dir='ltr'><strong>juvante,</strong></span> <span class='ocrx_word' id='word_1_439' title='bbox 1114 3251 1181 3306; x_wconf 89' lang='lat' dir='ltr'><strong>ad</strong></span> <span class='ocrx_word' id='word_1_440' title='bbox 1213 3249 1598 3305; x_wconf 87' lang='lat' dir='ltr'><strong>Dalmatiarum</strong></span> <span class='ocrx_word' id='word_1_441' title='bbox 1630 3257 1793 3318; x_wconf 90' lang='lat' dir='ltr'><strong>atque</strong></span> 
     </span>
    </p>
   </div>
   <div class='ocr_carea' id='block_1_65' title="bbox 189 3338 1791 3414">
    <p class='ocr_par' dir='ltr' id='par_1_65' title="bbox 189 3338 1791 3414">
     <span class='ocr_line' id='line_1_65' title="bbox 189 3338 1791 3414; baseline -0.004 -15"><span class='ocrx_word' id='word_1_442' title='bbox 189 3343 407 3399; x_wconf 71' lang='lat' dir='ltr'><strong>Suavite</strong></span> <span class='ocrx_word' id='word_1_443' title='bbox 438 3344 743 3414; x_wconf 87' lang='lat' dir='ltr'><strong>provincias</strong></span> <span class='ocrx_word' id='word_1_444' title='bbox 771 3343 965 3399; x_wconf 91' lang='lat' dir='ltr'><strong>iterum</strong></span> <span class='ocrx_word' id='word_1_445' title='bbox 1008 3340 1337 3399; x_wconf 85' lang='lat' dir='ltr'><strong>credidimus</strong></span> <span class='ocrx_word' id='word_1_446' title='bbox 1379 3338 1791 3407; x_wconf 89' lang='lat' dir='ltr'><strong>destinandam;</strong></span> 
     </span>
    </p>
   </div>
   <div class='ocr_carea' id='block_1_66' title="bbox 188 3433 1793 3507">
    <p class='ocr_par' dir='ltr' id='par_1_66' title="bbox 188 3433 1793 3507">
     <span class='ocr_line' id='line_1_66' title="bbox 188 3433 1793 3507; baseline -0.003 -17"><span class='ocrx_word' id='word_1_447' title='bbox 188 3444 253 3491; x_wconf 89' lang='lat' dir='ltr'><strong>ut</strong></span> <span class='ocrx_word' id='word_1_448' title='bbox 296 3434 551 3507; x_wconf 91' lang='lat' dir='ltr'><strong>quidquid</strong></span> <span class='ocrx_word' id='word_1_449' title='bbox 588 3450 687 3505; x_wconf 91' lang='lat' dir='ltr'><strong>pro</strong></span> <span class='ocrx_word' id='word_1_450' title='bbox 716 3434 1035 3490; x_wconf 89' lang='lat' dir='ltr'><strong>utilitatibus</strong></span> <span class='ocrx_word' id='word_1_451' title='bbox 1073 3433 1273 3490; x_wconf 90' lang='lat' dir='ltr'><strong>nostris</strong></span> <span class='ocrx_word' id='word_1_452' title='bbox 1311 3447 1433 3488; x_wconf 90' lang='lat' dir='ltr'><strong>esse</strong></span> <span class='ocrx_word' id='word_1_453' title='bbox 1473 3445 1793 3501; x_wconf 89' lang='lat' dir='ltr'><strong>cognosces,</strong></span> 
     </span>
    </p>
   </div>
   <div class='ocr_carea' id='block_1_67' title="bbox 188 3520 1796 3597">
    <p class='ocr_par' dir='ltr' id='par_1_67' title="bbox 188 3520 1796 3597">
     <span class='ocr_line' id='line_1_67' title="bbox 188 3520 1796 3597; baseline -0.004 -14"><span class='ocrx_word' id='word_1_454' title='bbox 188 3526 442 3597; x_wconf 68' lang='lat' dir='ltr'><strong>atquabili</strong></span> <span class='ocrx_word' id='word_1_455' title='bbox 499 3526 839 3581; x_wconf 85' lang='lat' dir='ltr'><strong>ordinatione</strong></span> <span class='ocrx_word' id='word_1_456' title='bbox 890 3526 1164 3596; x_wconf 57' lang='lat' dir='ltr'><strong>distonas,</strong></span> <span class='ocrx_word' id='word_1_457' title='bbox 1211 3524 1580 3594; x_wconf 88' lang='lat' dir='ltr'><strong>populumque</strong></span> <span class='ocrx_word' id='word_1_458' title='bbox 1639 3520 1796 3577; x_wconf 90' lang='lat' dir='ltr'><strong>nobis</strong></span> 
     </span>
    </p>
   </div>
   <div class='ocr_carea' id='block_1_68' title="bbox 193 3613 1792 3688">
    <p class='ocr_par' dir='ltr' id='par_1_68' title="bbox 193 3613 1792 3688">
     <span class='ocr_line' id='line_1_68' title="bbox 193 3613 1792 3688; baseline -0.005 -13"><span class='ocrx_word' id='word_1_459' title='bbox 193 3619 451 3675; x_wconf 87' lang='lat' dir='ltr'><strong>devotum</strong></span> <span class='ocrx_word' id='word_1_460' title='bbox 479 3632 578 3688; x_wconf 89' lang='lat' dir='ltr'><strong>per</strong></span> <span class='ocrx_word' id='word_1_461' title='bbox 599 3625 745 3672; x_wconf 81' lang='lat' dir='ltr'><strong>tuam</strong></span> <span class='ocrx_word' id='word_1_462' title='bbox 770 3615 1032 3687; x_wconf 86' lang='lat' dir='ltr'><strong>justitiam</strong></span> <span class='ocrx_word' id='word_1_463' title='bbox 1062 3614 1229 3672; x_wconf 70' lang='lat' dir='ltr'><strong>facias</strong></span> <span class='ocrx_word' id='word_1_464' title='bbox 1255 3630 1376 3671; x_wconf 89' lang='lat' dir='ltr'><strong>esse</strong></span> <span class='ocrx_word' id='word_1_465' title='bbox 1403 3613 1792 3684; x_wconf 85' lang='lat' dir='ltr'><strong>gratissimum,</strong></span> 
     </span>
    </p>
   </div>
   <div class='ocr_carea' id='block_1_69' title="bbox 194 3707 1796 3781">
    <p class='ocr_par' dir='ltr' id='par_1_69' title="bbox 194 3707 1796 3781">
     <span class='ocr_line' id='line_1_69' title="bbox 194 3707 1796 3781; baseline -0.002 -20"><span class='ocrx_word' id='word_1_466' title='bbox 194 3710 323 3781; x_wconf 90' lang='lat' dir='ltr'><strong>quia</strong></span> <span class='ocrx_word' id='word_1_467' title='bbox 360 3709 699 3765; x_wconf 90' lang='lat' dir='ltr'><strong>dominorum</strong></span> <span class='ocrx_word' id='word_1_468' title='bbox 744 3708 991 3764; x_wconf 88' lang='lat' dir='ltr'><strong>laudibus</strong></span> <span class='ocrx_word' id='word_1_469' title='bbox 1031 3707 1349 3778; x_wconf 89' lang='lat' dir='ltr'><strong>applicatur,</strong></span> <span class='ocrx_word' id='word_1_470' title='bbox 1396 3720 1518 3760; x_wconf 93' lang='lat' dir='ltr'><strong>cum</strong></span> <span class='ocrx_word' id='word_1_471' title='bbox 1566 3719 1626 3761; x_wconf 92' lang='lat' dir='ltr'><strong>se</strong></span> <span class='ocrx_word' id='word_1_472' title='bbox 1663 3718 1796 3774; x_wconf 93' lang='lat' dir='ltr'><strong>pro-</strong></span> 
     </span>
    </p>
   </div>
   <div class='ocr_carea' id='block_1_70' title="bbox 195 3792 1800 3871">
    <p class='ocr_par' dir='ltr' id='par_1_70' title="bbox 195 3792 1800 3871">
     <span class='ocr_line' id='line_1_70' title="bbox 195 3792 1800 3871; baseline -0.004 -11"><span class='ocrx_word' id='word_1_473' title='bbox 195 3804 447 3861; x_wconf 89' lang='lat' dir='ltr'><strong>babiliter</strong></span> <span class='ocrx_word' id='word_1_474' title='bbox 472 3811 672 3859; x_wconf 90' lang='lat' dir='ltr'><strong>tractat</strong></span> <span class='ocrx_word' id='word_1_475' title='bbox 692 3803 918 3859; x_wconf 89' lang='lat' dir='ltr'><strong>electus.</strong></span> <span class='ocrx_word' id='word_1_476' title='bbox 949 3803 1067 3857; x_wconf 87' lang='lat' dir='ltr'><strong>Non</strong></span> <span class='ocrx_word' id='word_1_477' title='bbox 1097 3801 1343 3871; x_wconf 80' lang='lat' dir='ltr'><strong>exempla</strong></span> <span class='ocrx_word' id='word_1_478' title='bbox 1374 3792 1549 3855; x_wconf 74' lang='lat' dir='ltr'><strong>aliena</strong></span> <span class='ocrx_word' id='word_1_479' title='bbox 1579 3799 1800 3870; x_wconf 90' lang='lat' dir='ltr'><strong>perqui-</strong></span> 
     </span>
    </p>
   </div>
   <div class='ocr_carea' id='block_1_71' title="bbox 194 3887 1793 3966">
    <p class='ocr_par' dir='ltr' id='par_1_71' title="bbox 194 3887 1793 3966">
     <span class='ocr_line' id='line_1_71' title="bbox 194 3887 1793 3966; baseline -0.008 -11"><span class='ocrx_word' id='word_1_480' title='bbox 194 3914 321 3966; x_wconf 86' lang='lat' dir='ltr'><strong>ras;</strong></span> <span class='ocrx_word' id='word_1_481' title='bbox 364 3912 574 3953; x_wconf 92' lang='lat' dir='ltr'><strong>memor</strong></span> <span class='ocrx_word' id='word_1_482' title='bbox 615 3905 734 3953; x_wconf 89' lang='lat' dir='ltr'><strong>esto</strong></span> <span class='ocrx_word' id='word_1_483' title='bbox 772 3910 894 3966; x_wconf 68' lang='lat' dir='ltr'><strong>qua:</strong></span> <span class='ocrx_word' id='word_1_484' title='bbox 935 3893 1149 3960; x_wconf 81' lang='lat' dir='ltr'><strong>feceris,</strong></span> <span class='ocrx_word' id='word_1_485' title='bbox 1191 3901 1247 3949; x_wconf 92' lang='lat' dir='ltr'><strong>et</strong></span> <span class='ocrx_word' id='word_1_486' title='bbox 1285 3908 1395 3948; x_wconf 91' lang='lat' dir='ltr'><strong>nou</strong></span> <span class='ocrx_word' id='word_1_487' title='bbox 1438 3891 1645 3959; x_wconf 87' lang='lat' dir='ltr'><strong>indiges</strong></span> <span class='ocrx_word' id='word_1_488' title='bbox 1691 3887 1793 3944; x_wconf 89' lang='lat' dir='ltr'><strong>ad-</strong></span> 
     </span>
    </p>
   </div>
   <div class='ocr_carea' id='block_1_72' title="bbox 196 3982 1792 4061">
    <p class='ocr_par' dir='ltr' id='par_1_72' title="bbox 196 3982 1792 4061">
     <span class='ocr_line' id='line_1_72' title="bbox 196 3982 1792 4061; baseline -0.008 -13"><span class='ocrx_word' id='word_1_489' title='bbox 196 3992 428 4048; x_wconf 90' lang='lat' dir='ltr'><strong>moneri.</strong></span> <span class='ocrx_word' id='word_1_490' title='bbox 456 3989 595 4059; x_wconf 85' lang='lat' dir='ltr'><strong>Quid</strong></span> <span class='ocrx_word' id='word_1_491' title='bbox 616 3998 700 4046; x_wconf 90' lang='lat' dir='ltr'><strong>est</strong></span> <span class='ocrx_word' id='word_1_492' title='bbox 722 3989 866 4046; x_wconf 88' lang='lat' dir='ltr'><strong>enim</strong></span> <span class='ocrx_word' id='word_1_493' title='bbox 895 3987 1040 4061; x_wconf 91' lang='lat' dir='ltr'><strong>quod</strong></span> <span class='ocrx_word' id='word_1_494' title='bbox 1068 3985 1136 4043; x_wconf 92' lang='lat' dir='ltr'><strong>de</strong></span> <span class='ocrx_word' id='word_1_495' title='bbox 1161 3995 1253 4041; x_wconf 90' lang='lat' dir='ltr'><strong>tua</strong></span> <span class='ocrx_word' id='word_1_496' title='bbox 1281 3985 1565 4055; x_wconf 88' lang='lat' dir='ltr'><strong>quisquam</strong></span> <span class='ocrx_word' id='word_1_497' title='bbox 1593 3982 1792 4038; x_wconf 88' lang='lat' dir='ltr'><strong>debeat</strong></span> 
     </span>
    </p>
   </div>
   <div class='ocr_carea' id='block_1_73' title="bbox 197 4073 1803 4151">
    <p class='ocr_par' dir='ltr' id='par_1_73' title="bbox 197 4073 1803 4151">
     <span class='ocr_line' id='line_1_73' title="bbox 197 4073 1803 4151; baseline -0.006 -12"><span class='ocrx_word' id='word_1_498' title='bbox 197 4082 414 4139; x_wconf 89' lang='lat' dir='ltr'><strong>actione</strong></span> <span class='ocrx_word' id='word_1_499' title='bbox 461 4083 742 4151; x_wconf 88' lang='lat' dir='ltr'><strong>dubitare,</strong></span> <span class='ocrx_word' id='word_1_500' title='bbox 810 4079 1028 4150; x_wconf 88' lang='lat' dir='ltr'><strong>quando</strong></span> <span class='ocrx_word' id='word_1_501' title='bbox 1086 4078 1217 4150; x_wconf 83' lang='lat' dir='ltr'><strong>ipsis</strong></span> <span class='ocrx_word' id='word_1_502' title='bbox 1267 4075 1562 4146; x_wconf 87' lang='lat' dir='ltr'><strong>provinciis</strong></span> <span class='ocrx_word' id='word_1_503' title='bbox 1627 4073 1803 4129; x_wconf 88' lang='lat' dir='ltr'><strong>adhuc</strong></span> 
     </span>
    </p>
   </div>
   <div class='ocr_carea' id='block_1_74' title="bbox 197 4164 1798 4247">
    <p class='ocr_par' dir='ltr' id='par_1_74' title="bbox 197 4164 1798 4247">
     <span class='ocr_line' id='line_1_74' title="bbox 197 4164 1798 4247; baseline -0.007 -16"><span class='ocrx_word' id='word_1_504' title='bbox 197 4174 422 4247; x_wconf 90' lang='lat' dir='ltr'><strong>propria</strong></span> <span class='ocrx_word' id='word_1_505' title='bbox 451 4173 593 4231; x_wconf 89' lang='lat' dir='ltr'><strong>bona</strong></span> <span class='ocrx_word' id='word_1_506' title='bbox 623 4173 871 4229; x_wconf 88' lang='lat' dir='ltr'><strong>redolere</strong></span> <span class='ocrx_word' id='word_1_507' title='bbox 899 4170 1219 4243; x_wconf 77' lang='lat' dir='ltr'><strong>cognoscis?</strong></span> <span class='ocrx_word' id='word_1_508' title='bbox 1247 4165 1660 4236; x_wconf 86' lang='lat' dir='ltr'><strong>Quodammodo</strong></span> <span class='ocrx_word' id='word_1_509' title='bbox 1685 4164 1798 4235; x_wconf 89' lang='lat' dir='ltr'><strong>jam</strong></span> 
     </span>
    </p>
   </div>
   <div class='ocr_carea' id='block_1_75' title="bbox 198 4256 1803 4333">
    <p class='ocr_par' dir='ltr' id='par_1_75' title="bbox 198 4256 1803 4333">
     <span class='ocr_line' id='line_1_75' title="bbox 198 4256 1803 4333; baseline -0.007 -11"><span class='ocrx_word' id='word_1_510' title='bbox 198 4267 443 4322; x_wconf 82' lang='lat' dir='ltr'><strong>debitum</strong></span> <span class='ocrx_word' id='word_1_511' title='bbox 486 4273 569 4320; x_wconf 90' lang='lat' dir='ltr'><strong>est</strong></span> <span class='ocrx_word' id='word_1_512' title='bbox 612 4264 688 4320; x_wconf 91' lang='lat' dir='ltr'><strong>illi</strong></span> <span class='ocrx_word' id='word_1_513' title='bbox 727 4263 869 4319; x_wconf 87' lang='lat' dir='ltr'><strong>velle</strong></span> <span class='ocrx_word' id='word_1_514' title='bbox 907 4269 1185 4333; x_wconf 69' lang='lat' dir='ltr'><strong>praestare,</strong></span> <span class='ocrx_word' id='word_1_515' title='bbox 1228 4258 1369 4331; x_wconf 91' lang='lat' dir='ltr'><strong>apud</strong></span> <span class='ocrx_word' id='word_1_516' title='bbox 1405 4272 1567 4329; x_wconf 90' lang='lat' dir='ltr'><strong>quem</strong></span> <span class='ocrx_word' id='word_1_517' title='bbox 1598 4256 1705 4313; x_wconf 91' lang='lat' dir='ltr'><strong>scis</strong></span> <span class='ocrx_word' id='word_1_518' title='bbox 1745 4261 1803 4311; x_wconf 90' lang='lat' dir='ltr'><strong>te</strong></span> 
     </span>
    </p>
   </div>
   <div class='ocr_carea' id='block_1_76' title="bbox 199 4347 1802 4421">
    <p class='ocr_par' dir='ltr' id='par_1_76' title="bbox 199 4347 1802 4421">
     <span class='ocr_line' id='line_1_76' title="bbox 199 4347 1802 4421; baseline -0.008 -6"><span class='ocrx_word' id='word_1_519' title='bbox 199 4359 370 4416; x_wconf 76' lang='lat' dir='ltr'><strong>fuisse</strong></span> <span class='ocrx_word' id='word_1_520' title='bbox 417 4358 760 4414; x_wconf 89' lang='lat' dir='ltr'><strong>laudabilem.</strong></span> <span class='ocrx_word' id='word_1_521' title='bbox 806 4354 1197 4411; x_wconf 87' lang='lat' dir='ltr'><strong>Obedieutibus</strong></span> <span class='ocrx_word' id='word_1_522' title='bbox 1240 4351 1386 4408; x_wconf 89' lang='lat' dir='ltr'><strong>enim</strong></span> <span class='ocrx_word' id='word_1_523' title='bbox 1431 4349 1576 4421; x_wconf 87' lang='lat' dir='ltr'><strong>juste</strong></span> <span class='ocrx_word' id='word_1_524' title='bbox 1623 4347 1802 4404; x_wconf 87' lang='lat' dir='ltr'><strong>indul-</strong></span> 
     </span>
    </p>
   </div>
   <div class='ocr_carea' id='block_1_77' title="bbox 199 4441 1800 4521">
    <p class='ocr_par' dir='ltr' id='par_1_77' title="bbox 199 4441 1800 4521">
     <span class='ocr_line' id='line_1_77' title="bbox 199 4441 1800 4521; baseline -0.007 -16"><span class='ocrx_word' id='word_1_525' title='bbox 199 4457 363 4521; x_wconf 84' lang='lat' dir='ltr'><strong>getur</strong></span> <span class='ocrx_word' id='word_1_526' title='bbox 406 4449 650 4515; x_wconf 90' lang='lat' dir='ltr'><strong>animus;</strong></span> <span class='ocrx_word' id='word_1_527' title='bbox 680 4456 737 4503; x_wconf 91' lang='lat' dir='ltr'><strong>et</strong></span> <span class='ocrx_word' id='word_1_528' title='bbox 773 4462 912 4518; x_wconf 89' lang='lat' dir='ltr'><strong>quos</strong></span> <span class='ocrx_word' id='word_1_529' title='bbox 952 4445 1152 4501; x_wconf 89' lang='lat' dir='ltr'><strong>scimus</strong></span> <span class='ocrx_word' id='word_1_530' title='bbox 1194 4456 1465 4498; x_wconf 90' lang='lat' dir='ltr'><strong>memores</strong></span> <span class='ocrx_word' id='word_1_531' title='bbox 1500 4441 1800 4509; x_wconf 88' lang='lat' dir='ltr'><strong>bonorum,</strong></span> 
     </span>
    </p>
   </div>
   <div class='ocr_carea' id='block_1_78' title="bbox 1894 3255 3497 3328">
    <p class='ocr_par' dir='ltr' id='par_1_78' title="bbox 1894 3255 3497 3328">
     <span class='ocr_line' id='line_1_78' title="bbox 1894 3255 3497 3328; baseline -0.002 -11"><span class='ocrx_word' id='word_1_532' title='bbox 1894 3261 2217 3317; x_wconf 88' lang='lat' dir='ltr'><strong>relevemus.</strong></span> <span class='ocrx_word' id='word_1_533' title='bbox 2260 3257 2337 3313; x_wconf 90' lang='lat' dir='ltr'><strong>Ita</strong></span> <span class='ocrx_word' id='word_1_534' title='bbox 2370 3256 2432 3312; x_wconf 83' lang='lat' dir='ltr'><strong>lit</strong></span> <span class='ocrx_word' id='word_1_535' title='bbox 2470 3264 2531 3312; x_wconf 91' lang='lat' dir='ltr'><strong>ut</strong></span> <span class='ocrx_word' id='word_1_536' title='bbox 2564 3255 2811 3312; x_wconf 90' lang='lat' dir='ltr'><strong>habeatis</strong></span> <span class='ocrx_word' id='word_1_537' title='bbox 2845 3270 2998 3328; x_wconf 89' lang='lat' dir='ltr'><strong>spem</strong></span> <span class='ocrx_word' id='word_1_538' title='bbox 3035 3264 3092 3312; x_wconf 92' lang='lat' dir='ltr'><strong>et</strong></span> <span class='ocrx_word' id='word_1_539' title='bbox 3124 3256 3287 3313; x_wconf 83' lang='lat' dir='ltr'><strong>futuri</strong></span> <span class='ocrx_word' id='word_1_540' title='bbox 3325 3258 3497 3314; x_wconf 85' lang='lat' dir='ltr'><strong>bene-</strong></span> 
     </span>
    </p>
   </div>
   <div class='ocr_carea' id='block_1_79' title="bbox 1894 3346 3494 3422">
    <p class='ocr_par' dir='ltr' id='par_1_79' title="bbox 1894 3346 3494 3422">
     <span class='ocr_line' id='line_1_79' title="bbox 1894 3346 3494 3422; baseline -0.001 -15"><span class='ocrx_word' id='word_1_541' title='bbox 1894 3350 2035 3417; x_wconf 81' lang='lat' dir='ltr'><strong>ﬁcii,</strong></span> <span class='ocrx_word' id='word_1_542' title='bbox 2082 3350 2177 3422; x_wconf 89' lang='lat' dir='ltr'><strong>qui</strong></span> <span class='ocrx_word' id='word_1_543' title='bbox 2223 3349 2357 3406; x_wconf 87' lang='lat' dir='ltr'><strong>estis</strong></span> <span class='ocrx_word' id='word_1_544' title='bbox 2400 3348 2513 3419; x_wconf 89' lang='lat' dir='ltr'><strong>jam</strong></span> <span class='ocrx_word' id='word_1_545' title='bbox 2558 3363 2657 3419; x_wconf 91' lang='lat' dir='ltr'><strong>pro</strong></span> <span class='ocrx_word' id='word_1_546' title='bbox 2704 3354 2862 3421; x_wconf 84' lang='lat' dir='ltr'><strong>parte</strong></span> <span class='ocrx_word' id='word_1_547' title='bbox 2909 3346 3147 3404; x_wconf 89' lang='lat' dir='ltr'><strong>remedia</strong></span> <span class='ocrx_word' id='word_1_548' title='bbox 3192 3350 3494 3405; x_wconf 89' lang='lat' dir='ltr'><strong>consecuti.</strong></span> 
     </span>
    </p>
   </div>
   <div class='ocr_carea' id='block_1_80' title="bbox 1895 3438 3491 3514">
    <p class='ocr_par' dir='ltr' id='par_1_80' title="bbox 1895 3438 3491 3514">
     <span class='ocr_line' id='line_1_80' title="bbox 1895 3438 3491 3514; baseline -0.004 -15"><span class='ocrx_word' id='word_1_549' title='bbox 1895 3443 2238 3514; x_wconf 87' lang='lat' dir='ltr'><strong>Quapropter</strong></span> <span class='ocrx_word' id='word_1_550' title='bbox 2265 3440 2469 3498; x_wconf 90' lang='lat' dir='ltr'><strong>servire</strong></span> <span class='ocrx_word' id='word_1_551' title='bbox 2500 3455 2597 3495; x_wconf 92' lang='lat' dir='ltr'><strong>vos</strong></span> <span class='ocrx_word' id='word_1_552' title='bbox 2624 3438 2880 3495; x_wconf 90' lang='lat' dir='ltr'><strong>convenit</strong></span> <span class='ocrx_word' id='word_1_553' title='bbox 2918 3438 3240 3495; x_wconf 88' lang='lat' dir='ltr'><strong>utilitatibus</strong></span> <span class='ocrx_word' id='word_1_554' title='bbox 3268 3440 3491 3508; x_wconf 83' lang='lat' dir='ltr'><strong>neStris,</strong></span> 
     </span>
    </p>
   </div>
   <div class='ocr_carea' id='block_1_81' title="bbox 1896 3529 3493 3605">
    <p class='ocr_par' dir='ltr' id='par_1_81' title="bbox 1896 3529 3493 3605">
     <span class='ocr_line' id='line_1_81' title="bbox 1896 3529 3493 3605; baseline -0.003 -16"><span class='ocrx_word' id='word_1_555' title='bbox 1896 3532 2115 3605; x_wconf 87' lang='lat' dir='ltr'><strong>quando</strong></span> <span class='ocrx_word' id='word_1_556' title='bbox 2163 3546 2228 3589; x_wconf 90' lang='lat' dir='ltr'><strong>ea</strong></span> <span class='ocrx_word' id='word_1_557' title='bbox 2275 3546 2399 3602; x_wconf 65' lang='lat' dir='ltr'><strong>quae</strong></span> <span class='ocrx_word' id='word_1_558' title='bbox 2444 3530 2615 3599; x_wconf 87' lang='lat' dir='ltr'><strong>magis</strong></span> <span class='ocrx_word' id='word_1_559' title='bbox 2661 3542 2884 3600; x_wconf 89' lang='lat' dir='ltr'><strong>sperare</strong></span> <span class='ocrx_word' id='word_1_560' title='bbox 2926 3529 3176 3600; x_wconf 84' lang='lat' dir='ltr'><strong>precibus</strong></span> <span class='ocrx_word' id='word_1_561' title='bbox 3219 3529 3493 3600; x_wconf 89' lang='lat' dir='ltr'><strong>potuistis,</strong></span> 
     </span>
    </p>
   </div>
   <div class='ocr_carea' id='block_1_82' title="bbox 1897 3619 3499 3692">
    <p class='ocr_par' dir='ltr' id='par_1_82' title="bbox 1897 3619 3499 3692">
     <span class='ocr_line' id='line_1_82' title="bbox 1897 3619 3499 3692; baseline -0.004 -11"><span class='ocrx_word' id='word_1_562' title='bbox 1897 3625 2042 3682; x_wconf 84' lang='lat' dir='ltr'><strong>ultro</strong></span> <span class='ocrx_word' id='word_1_563' title='bbox 2093 3622 2324 3681; x_wconf 90' lang='lat' dir='ltr'><strong>contulit</strong></span> <span class='ocrx_word' id='word_1_564' title='bbox 2375 3620 2748 3677; x_wconf 80' lang='lat' dir='ltr'><strong>muniﬁcentia</strong></span> <span class='ocrx_word' id='word_1_565' title='bbox 2803 3619 3140 3692; x_wconf 89' lang='lat' dir='ltr'><strong>principalis.</strong></span> <span class='ocrx_word' id='word_1_566' title='bbox 3208 3619 3301 3677; x_wconf 88' lang='lat' dir='ltr'><strong>Sic</strong></span> <span class='ocrx_word' id='word_1_567' title='bbox 3353 3620 3499 3675; x_wconf 91' lang='lat' dir='ltr'><strong>enim</strong></span> 
     </span>
    </p>
   </div>
   <div class='ocr_carea' id='block_1_83' title="bbox 1898 3711 3499 3781">
    <p class='ocr_par' dir='ltr' id='par_1_83' title="bbox 1898 3711 3499 3781">
     <span class='ocr_line' id='line_1_83' title="bbox 1898 3711 3499 3781; baseline -0.002 -9"><span class='ocrx_word' id='word_1_568' title='bbox 1898 3717 2145 3773; x_wconf 86' lang='lat' dir='ltr'><strong>tradente</strong></span> <span class='ocrx_word' id='word_1_569' title='bbox 2183 3714 2602 3771; x_wconf 87' lang='lat' dir='ltr'><strong>clementissimo</strong></span> <span class='ocrx_word' id='word_1_570' title='bbox 2644 3711 2801 3768; x_wconf 91' lang='lat' dir='ltr'><strong>nobis</strong></span> <span class='ocrx_word' id='word_1_571' title='bbox 2839 3719 3063 3768; x_wconf 84' lang='lat' dir='ltr'><strong>auctore</strong></span> <span class='ocrx_word' id='word_1_572' title='bbox 3099 3711 3405 3781; x_wconf 90' lang='lat' dir='ltr'><strong>didicimus,</strong></span> <span class='ocrx_word' id='word_1_573' title='bbox 3438 3721 3499 3768; x_wconf 92' lang='lat' dir='ltr'><strong>ut</strong></span> 
     </span>
    </p>
   </div>
   <div class='ocr_carea' id='block_1_84' title="bbox 1897 3806 3493 3882">
    <p class='ocr_par' dir='ltr' id='par_1_84' title="bbox 1897 3806 3493 3882">
     <span class='ocr_line' id='line_1_84' title="bbox 1897 3806 3493 3882; baseline -0.004 -13"><span class='ocrx_word' id='word_1_574' title='bbox 1897 3829 1930 3869; x_wconf 87' lang='lat' dir='ltr'><strong>a</strong></span> <span class='ocrx_word' id='word_1_575' title='bbox 1977 3812 2344 3882; x_wconf 89' lang='lat' dir='ltr'><strong>subjectorum</strong></span> <span class='ocrx_word' id='word_1_576' title='bbox 2386 3806 2661 3864; x_wconf 83' lang='lat' dir='ltr'><strong>beneﬁciis</strong></span> <span class='ocrx_word' id='word_1_577' title='bbox 2710 3822 2819 3863; x_wconf 91' lang='lat' dir='ltr'><strong>non</strong></span> <span class='ocrx_word' id='word_1_578' title='bbox 2866 3822 3143 3863; x_wconf 89' lang='lat' dir='ltr'><strong>vacemus.</strong></span> <span class='ocrx_word' id='word_1_579' title='bbox 3199 3807 3493 3877; x_wconf 89' lang='lat' dir='ltr'><strong>Disciplina</strong></span> 
     </span>
    </p>
   </div>
   <div class='ocr_carea' id='block_1_85' title="bbox 1878 3894 3495 3970">
    <p class='ocr_par' dir='ltr' id='par_1_85' title="bbox 1878 3894 3495 3970">
     <span class='ocr_line' id='line_1_85' title="bbox 1878 3894 3495 3970; baseline -0.007 -10"><span class='ocrx_word' id='word_1_580' title='bbox 1878 3902 2147 3961; x_wconf 54' lang='lat' dir='ltr'><strong>Videlicet</strong></span> <span class='ocrx_word' id='word_1_581' title='bbox 2178 3898 2476 3970; x_wconf 89' lang='lat' dir='ltr'><strong>imperandi</strong></span> <span class='ocrx_word' id='word_1_582' title='bbox 2506 3905 2612 3965; x_wconf 92' lang='lat' dir='ltr'><strong>est,</strong></span> <span class='ocrx_word' id='word_1_583' title='bbox 2643 3912 2828 3952; x_wconf 87' lang='lat' dir='ltr'><strong>amare</strong></span> <span class='ocrx_word' id='word_1_584' title='bbox 2857 3894 3001 3965; x_wconf 91' lang='lat' dir='ltr'><strong>quod</strong></span> <span class='ocrx_word' id='word_1_585' title='bbox 3032 3896 3214 3950; x_wconf 88' lang='lat' dir='ltr'><strong>multis</strong></span> <span class='ocrx_word' id='word_1_586' title='bbox 3241 3895 3495 3967; x_wconf 73' lang='lat' dir='ltr'><strong>expedit;</strong></span> 
     </span>
    </p>
   </div>
   <div class='ocr_carea' id='block_1_86' title="bbox 1900 3989 3501 4068">
    <p class='ocr_par' dir='ltr' id='par_1_86' title="bbox 1900 3989 3501 4068">
     <span class='ocr_line' id='line_1_86' title="bbox 1900 3989 3501 4068; baseline -0.004 -17"><span class='ocrx_word' id='word_1_587' title='bbox 1900 3996 2157 4068; x_wconf 92' lang='lat' dir='ltr'><strong>quoniam</strong></span> <span class='ocrx_word' id='word_1_588' title='bbox 2202 3993 2507 4064; x_wconf 89' lang='lat' dir='ltr'><strong>respublica</strong></span> <span class='ocrx_word' id='word_1_589' title='bbox 2572 3991 2795 4047; x_wconf 91' lang='lat' dir='ltr'><strong>nimium</strong></span> <span class='ocrx_word' id='word_1_590' title='bbox 2837 3989 3124 4046; x_wconf 88' lang='lat' dir='ltr'><strong>soliditatis</strong></span> <span class='ocrx_word' id='word_1_591' title='bbox 3176 3990 3408 4061; x_wconf 85' lang='lat' dir='ltr'><strong>accipit,</strong></span> <span class='ocrx_word' id='word_1_592' title='bbox 3454 3990 3501 4045; x_wconf 90' lang='lat' dir='ltr'><strong>si</strong></span> 
     </span>
    </p>
   </div>
   <div class='ocr_carea' id='block_1_87' title="bbox 1902 4083 3162 4147">
    <p class='ocr_par' dir='ltr' id='par_1_87' title="bbox 1902 4083 3162 4147">
     <span class='ocr_line' id='line_1_87' title="bbox 1902 4083 3162 4147; baseline -0.006 -1"><span class='ocrx_word' id='word_1_593' title='bbox 1902 4088 2310 4147; x_wconf 89' lang='lat' dir='ltr'><strong>tributariorum</strong></span> <span class='ocrx_word' id='word_1_594' title='bbox 2355 4085 2583 4142; x_wconf 81' lang='lat' dir='ltr'><strong>facultas</strong></span> <span class='ocrx_word' id='word_1_595' title='bbox 2628 4084 2793 4139; x_wconf 72' lang='lat' dir='ltr'><strong>illmsa</strong></span> <span class='ocrx_word' id='word_1_596' title='bbox 2839 4083 3162 4142; x_wconf 89' lang='lat' dir='ltr'><strong>constiterit.</strong></span> 
     </span>
    </p>
   </div>
   <div class='ocr_carea' id='block_1_88' title="bbox 2476 4213 2900 4274">
    <p class='ocr_par' dir='ltr' id='par_1_88' title="bbox 2476 4213 2900 4274">
     <span class='ocr_line' id='line_1_88' title="bbox 2476 4213 2900 4274; baseline -0.007 -1"><span class='ocrx_word' id='word_1_597' title='bbox 2476 4214 2808 4274; x_wconf 83' lang='lat' dir='ltr'><strong>EPISTOLA</strong></span> <span class='ocrx_word' id='word_1_598' title='bbox 2833 4213 2900 4271; x_wconf 77' lang='grc' dir='ltr'><strong>Χ.</strong></span> 
     </span>
    </p>
   </div>
   <div class='ocr_carea' id='block_1_89' title="bbox 1902 4320 3502 4393">
    <p class='ocr_par' dir='ltr' id='par_1_89' title="bbox 1902 4320 3502 4393">
     <span class='ocr_line' id='line_1_89' title="bbox 1902 4320 3502 4393; baseline -0.008 -19"><span class='ocrx_word' id='word_1_599' title='bbox 1902 4330 2172 4393; x_wconf 64' lang='grc' dir='ltr'><strong>υωπμιειε</strong></span> <span class='ocrx_word' id='word_1_600' title='bbox 2227 4325 2647 4376; x_wconf 69' lang='grc' dir='ltr'><strong>Ροεεεεεοιιιιιυε,</strong></span> <span class='ocrx_word' id='word_1_601' title='bbox 2699 4322 3089 4365; x_wconf 68' lang='grc' dir='ltr'><strong>υεηῑςεοιιιιυε</strong></span> <span class='ocrx_word' id='word_1_602' title='bbox 3150 4320 3502 4362; x_wconf 60' lang='grc' dir='ltr'><strong>εγιιλεσελιφιι</strong></span> 
     </span>
    </p>
   </div>
   <div class='ocr_carea' id='block_1_90' title="bbox 1973 4393 3504 4454">
    <p class='ocr_par' dir='ltr' id='par_1_90' title="bbox 1973 4393 3504 4454">
     <span class='ocr_line' id='line_1_90' title="bbox 1973 4393 3504 4454; baseline -0.006 -11"><span class='ocrx_word' id='word_1_603' title='bbox 1973 4402 2272 4454; x_wconf 69' lang='grc' dir='ltr'><strong>εινιτλτιε,</strong></span> <span class='ocrx_word' id='word_1_604' title='bbox 2318 4399 2422 4439; x_wconf 76' lang='grc' dir='ltr'><strong>νει.</strong></span> <span class='ocrx_word' id='word_1_605' title='bbox 2470 4396 2742 4438; x_wconf 61' lang='grc' dir='ltr'><strong>υιηινειιειε</strong></span> <span class='ocrx_word' id='word_1_606' title='bbox 2788 4393 3220 4436; x_wconf 57' lang='grc' dir='ltr'><strong>ιιιιονιιεοιλιιβυε</strong></span> <span class='ocrx_word' id='word_1_607' title='bbox 3260 4394 3504 4434; x_wconf 69' lang='lat' dir='ltr'><strong>ATHALA’</strong></span> 
     </span>
    </p>
   </div>
   <div class='ocr_carea' id='block_1_91' title="bbox 1976 4472 2287 4515">
    <p class='ocr_par' dir='ltr' id='par_1_91' title="bbox 1976 4472 2287 4515">
     <span class='ocr_line' id='line_1_91' title="bbox 1976 4472 2287 4515; baseline -0.019 1"><span class='ocrx_word' id='word_1_608' title='bbox 1976 4473 2128 4515; x_wconf 76' lang='lat' dir='ltr'><strong>lucus</strong></span> <span class='ocrx_word' id='word_1_609' title='bbox 2158 4472 2287 4513; x_wconf 71' lang='lat' dir='ltr'><strong>REX.</strong></span> 
     </span>
    </p>
   </div>
   <div class='ocr_carea' id='block_1_92' title="bbox 201 4533 3506 4642">
    <p class='ocr_par' dir='ltr' id='par_1_92' title="bbox 201 4533 3506 4642">
     <span class='ocr_line' id='line_1_92' title="bbox 201 4533 3506 4642; baseline -0.008 1"><span class='ocrx_word' id='word_1_610' title='bbox 201 4542 574 4642; x_wconf 48' lang='grc' dir='ltr'><strong>ἱηῴἶωιδηίθΐ</strong></span> <span class='ocrx_word' id='word_1_611' title='bbox 624 4542 704 4598; x_wconf 58' lang='lat' dir='ltr'><strong>eis</strong></span> <span class='ocrx_word' id='word_1_612' title='bbox 745 4539 922 4596; x_wconf 65' lang='lat' dir='ltr'><strong>denuo</strong></span> <span class='ocrx_word' id='word_1_613' title='bbox 973 4538 1276 4642; x_wconf 40' lang='lat' dir='ltr'><strong>pmfbewus</strong></span> <span class='ocrx_word' id='word_1_614' title='bbox 1320 4534 1619 4642; x_wconf 60' lang='lat' dir='ltr'><strong>aﬂecmm&#39;_</strong></span> <span class='ocrx_word' id='word_1_615' title='bbox 1643 4533 1802 4639; x_wconf 42' lang='lat' dir='ltr'><strong>Af?!“</strong></span> <span class='ocrx_word' id='word_1_616' title='bbox 1830 4567 1883 4628; x_wconf 77' lang='grc' dir='ltr'><strong>Β</strong></span> <span class='ocrx_word' id='word_1_617' title='bbox 1907 4569 2134 4628; x_wconf 70' lang='grc' dir='ltr'><strong>Βειπιιι</strong></span> <span class='ocrx_word' id='word_1_618' title='bbox 2186 4584 2312 4642; x_wconf 52' lang='lat' dir='ltr'><strong>quas</strong></span> <span class='ocrx_word' id='word_1_619' title='bbox 2366 4568 2472 4623; x_wconf 88' lang='lat' dir='ltr'><strong>illis</strong></span> <span class='ocrx_word' id='word_1_620' title='bbox 2535 4573 2726 4637; x_wconf 74' lang='lat' dir='ltr'><strong>praeter</strong></span> <span class='ocrx_word' id='word_1_621' title='bbox 2766 4562 3233 4642; x_wconf 40' lang='lat' dir='ltr'><strong>‘consuetudinem_</strong></span> <span class='ocrx_word' id='word_1_622' title='bbox 3261 4561 3506 4642; x_wconf 71' lang='lat' dir='ltr'><strong>imposita</strong></span> 
     </span>
    </p>
   </div>
   <div class='ocr_carea' id='block_1_93' title="bbox 200 4626 1799 4709">
    <p class='ocr_par' dir='ltr' id='par_1_93' title="bbox 200 4626 1799 4709">
     <span class='ocr_line' id='line_1_93' title="bbox 200 4626 1799 4709; baseline -0.006 -18"><span class='ocrx_word' id='word_1_623' title='bbox 200 4635 423 4709; x_wconf 88' lang='lat' dir='ltr'><strong>quidem</strong></span> <span class='ocrx_word' id='word_1_624' title='bbox 450 4644 539 4690; x_wconf 89' lang='lat' dir='ltr'><strong>tua</strong></span> <span class='ocrx_word' id='word_1_625' title='bbox 568 4642 828 4705; x_wconf 89' lang='lat' dir='ltr'><strong>provecta</strong></span> <span class='ocrx_word' id='word_1_626' title='bbox 856 4642 961 4698; x_wconf 90' lang='lat' dir='ltr'><strong>est,</strong></span> <span class='ocrx_word' id='word_1_627' title='bbox 985 4631 1081 4688; x_wconf 90' lang='lat' dir='ltr'><strong>sed</strong></span> <span class='ocrx_word' id='word_1_628' title='bbox 1101 4638 1252 4687; x_wconf 91' lang='lat' dir='ltr'><strong>actus</strong></span> <span class='ocrx_word' id='word_1_629' title='bbox 1271 4642 1488 4699; x_wconf 90' lang='lat' dir='ltr'><strong>quoque</strong></span> <span class='ocrx_word' id='word_1_630' title='bbox 1511 4626 1799 4693; x_wconf 88' lang='lat' dir='ltr'><strong>maturior,</strong></span> 
     </span>
    </p>
   </div>
   <div class='ocr_carea' id='block_1_94' title="bbox 201 4718 1804 4799">
    <p class='ocr_par' dir='ltr' id='par_1_94' title="bbox 201 4718 1804 4799">
     <span class='ocr_line' id='line_1_94' title="bbox 201 4718 1804 4799; baseline -0.007 -14"><span class='ocrx_word' id='word_1_631' title='bbox 201 4728 348 4799; x_wconf 90' lang='lat' dir='ltr'><strong>Quid</strong></span> <span class='ocrx_word' id='word_1_632' title='bbox 374 4729 516 4785; x_wconf 90' lang='lat' dir='ltr'><strong>enim</strong></span> <span class='ocrx_word' id='word_1_633' title='bbox 547 4743 689 4784; x_wconf 91' lang='lat' dir='ltr'><strong>nunc</strong></span> <span class='ocrx_word' id='word_1_634' title='bbox 712 4726 997 4798; x_wconf 91' lang='lat' dir='ltr'><strong>subripere</strong></span> <span class='ocrx_word' id='word_1_635' title='bbox 1024 4724 1217 4789; x_wconf 87' lang='lat' dir='ltr'><strong>valeat,</strong></span> <span class='ocrx_word' id='word_1_636' title='bbox 1250 4724 1303 4779; x_wconf 91' lang='lat' dir='ltr'><strong>in</strong></span> <span class='ocrx_word' id='word_1_637' title='bbox 1328 4736 1439 4792; x_wconf 89' lang='lat' dir='ltr'><strong>quo</strong></span> <span class='ocrx_word' id='word_1_638' title='bbox 1467 4735 1569 4777; x_wconf 90' lang='lat' dir='ltr'><strong>nec</strong></span> <span class='ocrx_word' id='word_1_639' title='bbox 1607 4718 1804 4790; x_wconf 87' lang='lat' dir='ltr'><strong>juven-</strong></span> 
     </span>
    </p>
   </div>
   <div class='ocr_carea' id='block_1_95' title="bbox 205 4810 1806 4892">
    <p class='ocr_par' dir='ltr' id='par_1_95' title="bbox 205 4810 1806 4892">
     <span class='ocr_line' id='line_1_95' title="bbox 205 4810 1806 4892; baseline -0.007 -15"><span class='ocrx_word' id='word_1_640' title='bbox 205 4834 298 4877; x_wconf 90' lang='lat' dir='ltr'><strong>tus</strong></span> <span class='ocrx_word' id='word_1_641' title='bbox 342 4819 786 4892; x_wconf 87' lang='lat' dir='ltr'><strong>reprebensibilis</strong></span> <span class='ocrx_word' id='word_1_642' title='bbox 833 4816 991 4873; x_wconf 81' lang='lat' dir='ltr'><strong>fuit?</strong></span> <span class='ocrx_word' id='word_1_643' title='bbox 1036 4815 1143 4873; x_wconf 89' lang='lat' dir='ltr'><strong>Sed</strong></span> <span class='ocrx_word' id='word_1_644' title='bbox 1195 4815 1312 4870; x_wconf 75' lang='lat' dir='ltr'><strong>lucc</strong></span> <span class='ocrx_word' id='word_1_645' title='bbox 1373 4812 1429 4867; x_wconf 86' lang='lat' dir='ltr'><strong>in</strong></span> <span class='ocrx_word' id='word_1_646' title='bbox 1478 4811 1663 4869; x_wconf 89' lang='lat' dir='ltr'><strong>domni</strong></span> <span class='ocrx_word' id='word_1_647' title='bbox 1718 4810 1806 4866; x_wconf 90' lang='lat' dir='ltr'><strong>avi</strong></span> 
     </span>
    </p>
   </div>
   <div class='ocr_carea' id='block_1_96' title="bbox 203 4907 1805 4984">
    <p class='ocr_par' dir='ltr' id='par_1_96' title="bbox 203 4907 1805 4984">
     <span class='ocr_line' id='line_1_96' title="bbox 203 4907 1805 4984; baseline -0.007 -15"><span class='ocrx_word' id='word_1_648' title='bbox 203 4912 379 4969; x_wconf 89' lang='lat' dir='ltr'><strong>nostri</strong></span> <span class='ocrx_word' id='word_1_649' title='bbox 406 4927 573 4984; x_wconf 88' lang='lat' dir='ltr'><strong>regno</strong></span> <span class='ocrx_word' id='word_1_650' title='bbox 612 4908 785 4966; x_wconf 81' lang='lat' dir='ltr'><strong>fecisti</strong></span> <span class='ocrx_word' id='word_1_651' title='bbox 816 4927 830 4964; x_wconf 93' lang='lat'><strong>:</strong></span> <span class='ocrx_word' id='word_1_652' title='bbox 861 4924 1005 4966; x_wconf 92' lang='lat' dir='ltr'><strong>nunc</strong></span> <span class='ocrx_word' id='word_1_653' title='bbox 1039 4907 1168 4964; x_wconf 86' lang='lat' dir='ltr'><strong>talia</strong></span> <span class='ocrx_word' id='word_1_654' title='bbox 1207 4907 1542 4973; x_wconf 88' lang='lat' dir='ltr'><strong>demonstra,</strong></span> <span class='ocrx_word' id='word_1_655' title='bbox 1582 4911 1642 4959; x_wconf 92' lang='lat' dir='ltr'><strong>ut</strong></span> <span class='ocrx_word' id='word_1_656' title='bbox 1668 4910 1805 4959; x_wconf 84' lang='lat' dir='ltr'><strong>tem-</strong></span> 
     </span>
    </p>
   </div>
   <div class='ocr_carea' id='block_1_97' title="bbox 202 4997 1802 5078">
    <p class='ocr_par' dir='ltr' id='par_1_97' title="bbox 202 4997 1802 5078">
     <span class='ocr_line' id='line_1_97' title="bbox 202 4997 1802 5078; baseline -0.006 -18"><span class='ocrx_word' id='word_1_657' title='bbox 202 5004 429 5078; x_wconf 88' lang='lat' dir='ltr'><strong>poribus</strong></span> <span class='ocrx_word' id='word_1_658' title='bbox 477 5003 678 5061; x_wconf 90' lang='lat' dir='ltr'><strong>nostris</strong></span> <span class='ocrx_word' id='word_1_659' title='bbox 724 5016 1033 5061; x_wconf 79' lang='lat' dir='ltr'><strong>reservasse</strong></span> <span class='ocrx_word' id='word_1_660' title='bbox 1077 4999 1314 5058; x_wconf 88' lang='lat' dir='ltr'><strong>videaris</strong></span> <span class='ocrx_word' id='word_1_661' title='bbox 1358 4997 1618 5070; x_wconf 89' lang='lat' dir='ltr'><strong>quidquid</strong></span> <span class='ocrx_word' id='word_1_662' title='bbox 1671 5011 1802 5068; x_wconf 92' lang='lat' dir='ltr'><strong>pro-</strong></span> 
     </span>
    </p>
   </div>
   <div class='ocr_carea' id='block_1_98' title="bbox 200 5097 718 5157">
    <p class='ocr_par' dir='ltr' id='par_1_98' title="bbox 200 5097 718 5157">
     <span class='ocr_line' id='line_1_98' title="bbox 200 5097 718 5157; baseline -0.008 -1"><span class='ocrx_word' id='word_1_663' title='bbox 200 5098 392 5157; x_wconf 86' lang='lat' dir='ltr'><strong>bitatis</strong></span> <span class='ocrx_word' id='word_1_664' title='bbox 431 5097 718 5155; x_wconf 85' lang='lat' dir='ltr'><strong>addideris.</strong></span> 
     </span>
    </p>
   </div>
   <div class='ocr_carea' id='block_1_99' title="bbox 764 5180 1228 5263">
    <p class='ocr_par' dir='ltr' id='par_1_99' title="bbox 764 5180 1228 5263">
     <span class='ocr_line' id='line_1_99' title="bbox 764 5180 1228 5263; baseline -0.009 0"><span class='ocrx_word' id='word_1_665' title='bbox 764 5180 1100 5263; x_wconf 64' lang='lat' dir='ltr'><strong>spissum</strong></span> <span class='ocrx_word' id='word_1_666' title='bbox 1136 5204 1228 5260; x_wconf 85' lang='lat' dir='ltr'><strong>1x.</strong></span> 
     </span>
    </p>
   </div>
   <div class='ocr_carea' id='block_1_100' title="bbox 307 5308 1734 5359">
    <p class='ocr_par' dir='ltr' id='par_1_100' title="bbox 307 5308 1734 5359">
     <span class='ocr_line' id='line_1_100' title="bbox 307 5308 1734 5359; baseline -0.008 -1"><span class='ocrx_word' id='word_1_667' title='bbox 307 5318 578 5359; x_wconf 68' lang='lat' dir='ltr'><strong>USIVEBSIS</strong></span> <span class='ocrx_word' id='word_1_668' title='bbox 611 5316 805 5357; x_wconf 65' lang='grc' dir='ltr'><strong>σαυππε</strong></span> <span class='ocrx_word' id='word_1_669' title='bbox 841 5316 910 5355; x_wconf 77' lang='grc' dir='ltr'><strong>ΕΤ</strong></span> <span class='ocrx_word' id='word_1_670' title='bbox 948 5313 1174 5354; x_wconf 66' lang='lat' dir='ltr'><strong>ROMANIS</strong></span> <span class='ocrx_word' id='word_1_671' title='bbox 1211 5309 1578 5352; x_wconf 65' lang='lat' dir='ltr'><strong>ATHALARICUS</strong></span> <span class='ocrx_word' id='word_1_672' title='bbox 1606 5308 1734 5349; x_wconf 72' lang='lat' dir='ltr'><strong>Ill-1X.</strong></span> 
     </span>
    </p>
   </div>
   <div class='ocr_carea' id='block_1_101' title="bbox 199 5386 1809 5466">
    <p class='ocr_par' dir='ltr' id='par_1_101' title="bbox 199 5386 1809 5466">
     <span class='ocr_line' id='line_1_101' title="bbox 199 5386 1809 5466; baseline -0.008 -15"><span class='ocrx_word' id='word_1_673' title='bbox 199 5394 493 5466; x_wconf 76' lang='lat' dir='ltr'><strong>Signiﬁcat</strong></span> <span class='ocrx_word' id='word_1_674' title='bbox 518 5410 574 5448; x_wconf 81' lang='lat' dir='ltr'><strong>se</strong></span> <span class='ocrx_word' id='word_1_675' title='bbox 601 5395 801 5466; x_wconf 78' lang='lat' dir='ltr'><strong>misisse</strong></span> <span class='ocrx_word' id='word_1_676' title='bbox 829 5393 897 5445; x_wconf 84' lang='lat' dir='ltr'><strong>ad</strong></span> <span class='ocrx_word' id='word_1_677' title='bbox 932 5389 1230 5466; x_wconf 72' lang='lat' dir='ltr'><strong>Dalmatius</strong></span> <span class='ocrx_word' id='word_1_678' title='bbox 1250 5457 1260 5466; x_wconf 87' lang='lat'>_</span> <span class='ocrx_word' id='word_1_679' title='bbox 1284 5386 1543 5466; x_wconf 69' lang='lat' dir='ltr'><strong>regendos</strong></span> <span class='ocrx_word' id='word_1_680' title='bbox 1570 5386 1809 5466; x_wconf 68' lang='lat' dir='ltr'><strong>comitant</strong></span> 
     </span>
    </p>
   </div>
   <div class='ocr_carea' id='block_1_102' title="bbox 315 5457 1723 5535">
    <p class='ocr_par' dir='ltr' id='par_1_102' title="bbox 315 5457 1723 5535">
     <span class='ocr_line' id='line_1_102' title="bbox 315 5457 1723 5535; baseline -0.007 -15"><span class='ocrx_word' id='word_1_681' title='bbox 315 5457 452 5532; x_wconf 57' lang='lat' dir='ltr'><strong>siin,</strong></span> <span class='ocrx_word' id='word_1_682' title='bbox 482 5475 534 5521; x_wconf 77' lang='lat' dir='ltr'><strong>et</strong></span> <span class='ocrx_word' id='word_1_683' title='bbox 559 5465 885 5529; x_wconf 74' lang='lat' dir='ltr'><strong>Seuerinum,</strong></span> <span class='ocrx_word' id='word_1_684' title='bbox 917 5459 1100 5535; x_wconf 82' lang='lat' dir='ltr'><strong>quibus</strong></span> <span class='ocrx_word' id='word_1_685' title='bbox 1125 5469 1182 5514; x_wconf 86' lang='lat' dir='ltr'><strong>ut</strong></span> <span class='ocrx_word' id='word_1_686' title='bbox 1209 5457 1454 5514; x_wconf 82' lang='lat' dir='ltr'><strong>obediant</strong></span> <span class='ocrx_word' id='word_1_687' title='bbox 1478 5458 1723 5529; x_wconf 80' lang='lat' dir='ltr'><strong>imperat.</strong></span> 
     </span>
    </p>
   </div>
   <div class='ocr_carea' id='block_1_103' title="bbox 282 5576 1809 5652">
    <p class='ocr_par' dir='ltr' id='par_1_103' title="bbox 282 5576 1809 5652">
     <span class='ocr_line' id='line_1_103' title="bbox 282 5576 1809 5652; baseline -0.007 -18"><span class='ocrx_word' id='word_1_688' title='bbox 282 5577 387 5636; x_wconf 87' lang='lat' dir='ltr'><strong>Per</strong></span> <span class='ocrx_word' id='word_1_689' title='bbox 437 5579 748 5652; x_wconf 89' lang='lat' dir='ltr'><strong>provincias</strong></span> <span class='ocrx_word' id='word_1_690' title='bbox 788 5578 946 5635; x_wconf 89' lang='lat' dir='ltr'><strong>nobis</strong></span> <span class='ocrx_word' id='word_1_691' title='bbox 993 5576 1109 5633; x_wconf 93' lang='lat' dir='ltr'><strong>Deo</strong></span> <span class='ocrx_word' id='word_1_692' title='bbox 1152 5579 1467 5646; x_wconf 61' lang='lat' dir='ltr'><strong>praestante,</strong></span> <span class='ocrx_word' id='word_1_693' title='bbox 1518 5583 1809 5626; x_wconf 83' lang='lat' dir='ltr'><strong>concessas</strong></span> 
     </span>
    </p>
   </div>
   <div class='ocr_carea' id='block_1_104' title="bbox 1979 4633 3508 4758">
    <p class='ocr_par' dir='ltr' id='par_1_104' title="bbox 1979 4633 3508 4758">
     <span class='ocr_line' id='line_1_104' title="bbox 1979 4633 3508 4758; baseline -0.007 -61"><span class='ocrx_word' id='word_1_694' title='bbox 1979 4633 2439 4715; x_wconf 61' lang='lat' dir='ltr'><strong>fuerunftributa,</strong></span> <span class='ocrx_word' id='word_1_695' title='bbox 2481 4633 3007 4758; x_wconf 53' lang='lat' dir='ltr'><strong>co&#39;ncessaJacultate</strong></span> <span class='ocrx_word' id='word_1_696' title='bbox 3042 4634 3108 4688; x_wconf 87' lang='lat' dir='ltr'><strong>iis</strong></span> <span class='ocrx_word' id='word_1_697' title='bbox 3145 4633 3233 4703; x_wconf 84' lang='lat' dir='ltr'><strong>qui</strong></span> <span class='ocrx_word' id='word_1_698' title='bbox 3270 4649 3303 4687; x_wconf 79' lang='grc' dir='ltr'><em>α</em></span> <span class='ocrx_word' id='word_1_699' title='bbox 3332 4634 3508 4687; x_wconf 83' lang='lat' dir='ltr'><strong>censi-</strong></span> 
     </span>
     <span class='ocr_line' id='line_1_105' title="bbox 1982 4704 3504 4758; baseline 0 0"><span class='ocrx_word' id='word_1_700' title='bbox 1982 4712 2178 4758; x_wconf 76' lang='lat' dir='ltr'><strong>mn’bm</strong></span> <span class='ocrx_word' id='word_1_701' title='bbox 2205 4710 2374 4758; x_wconf 66' lang='lat' dir='ltr'><strong>uexati</strong></span> <span class='ocrx_word' id='word_1_702' title='bbox 2407 4708 2598 4758; x_wconf 71' lang='lat' dir='ltr'><strong>fuerint</strong></span> <span class='ocrx_word' id='word_1_703' title='bbox 2627 4722 2730 4758; x_wconf 80' lang='lat' dir='ltr'><strong>anu</strong></span> <span class='ocrx_word' id='word_1_704' title='bbox 2808 4704 3095 4758; x_wconf 72' lang='lat' dir='ltr'><strong>principem</strong></span> <span class='ocrx_word' id='word_1_705' title='bbox 3134 4704 3504 4758; x_wconf 70' lang='lat' dir='ltr'><strong>cenauerenth&#39;.</strong></span> 
     </span>
    </p>
   </div>
   <div class='ocr_carea' id='block_1_105' title="bbox 1970 4704 3504 4781">
    <p class='ocr_par' dir='ltr' id='par_1_105' title="bbox 1970 4704 3504 4781">
     <span class='ocr_line' id='line_1_106' title="bbox 1970 4704 3504 4781; baseline -0.006 -13"><span class='ocrx_word' id='word_1_706' title='bbox 1970 4704 2178 4768; x_wconf 62' lang='lat' dir='ltr'><strong>toribus</strong></span> <span class='ocrx_word' id='word_1_707' title='bbox 2205 4710 2374 4766; x_wconf 70' lang='lat' dir='ltr'><strong>vexati</strong></span> <span class='ocrx_word' id='word_1_708' title='bbox 2404 4708 2598 4781; x_wconf 78' lang='lat' dir='ltr'><strong>fuerint</strong></span> <span class='ocrx_word' id='word_1_709' title='bbox 2627 4704 2769 4777; x_wconf 84' lang='lat' dir='ltr'><strong>apud</strong></span> <span class='ocrx_word' id='word_1_710' title='bbox 2808 4704 3095 4775; x_wconf 82' lang='lat' dir='ltr'><strong>principem</strong></span> <span class='ocrx_word' id='word_1_711' title='bbox 3134 4704 3504 4777; x_wconf 79' lang='lat' dir='ltr'><strong>conquerendi.</strong></span> 
     </span>
    </p>
   </div>
   <div class='ocr_carea' id='block_1_106' title="bbox 1978 4816 3507 4896">
    <p class='ocr_par' dir='ltr' id='par_1_106' title="bbox 1978 4816 3507 4896">
     <span class='ocr_line' id='line_1_107' title="bbox 1978 4816 3507 4896; baseline -0.007 -12"><span class='ocrx_word' id='word_1_712' title='bbox 1978 4826 2190 4883; x_wconf 88' lang='lat' dir='ltr'><strong>Dudum</strong></span> <span class='ocrx_word' id='word_1_713' title='bbox 2229 4821 2447 4896; x_wconf 89' lang='lat' dir='ltr'><strong>quidem</strong></span> <span class='ocrx_word' id='word_1_714' title='bbox 2482 4818 2639 4875; x_wconf 88' lang='lat' dir='ltr'><strong>vobis</strong></span> <span class='ocrx_word' id='word_1_715' title='bbox 2674 4825 2856 4874; x_wconf 90' lang='lat' dir='ltr'><strong>ortum</strong></span> <span class='ocrx_word' id='word_1_716' title='bbox 2895 4816 3069 4873; x_wconf 88' lang='lat' dir='ltr'><strong>nostri</strong></span> <span class='ocrx_word' id='word_1_717' title='bbox 3106 4816 3319 4889; x_wconf 88' lang='lat' dir='ltr'><strong>imperii</strong></span> <span class='ocrx_word' id='word_1_718' title='bbox 3355 4817 3507 4874; x_wconf 75' lang='lat' dir='ltr'><strong>testi-</strong></span> 
     </span>
    </p>
   </div>
   <div class='ocr_carea' id='block_1_107' title="bbox 1909 4908 3505 4979">
    <p class='ocr_par' dir='ltr' id='par_1_107' title="bbox 1909 4908 3505 4979">
     <span class='ocr_line' id='line_1_108' title="bbox 1909 4908 3505 4979; baseline -0.008 -2"><span class='ocrx_word' id='word_1_719' title='bbox 1909 4919 2175 4977; x_wconf 89' lang='lat' dir='ltr'><strong>mavimus</strong></span> <span class='ocrx_word' id='word_1_720' title='bbox 2216 4910 2603 4979; x_wconf 88' lang='lat' dir='ltr'><strong>nuntiandum;</strong></span> <span class='ocrx_word' id='word_1_721' title='bbox 2644 4924 2789 4966; x_wconf 89' lang='lat' dir='ltr'><strong>nunc</strong></span> <span class='ocrx_word' id='word_1_722' title='bbox 2816 4908 2975 4964; x_wconf 88' lang='lat' dir='ltr'><strong>decet</strong></span> <span class='ocrx_word' id='word_1_723' title='bbox 3001 4908 3256 4978; x_wconf 86' lang='lat' dir='ltr'><strong>subsequi</strong></span> <span class='ocrx_word' id='word_1_724' title='bbox 3295 4909 3505 4966; x_wconf 81' lang='lat' dir='ltr'><strong>beneﬁ-</strong></span> 
     </span>
    </p>
   </div>
   <div class='ocr_carea' id='block_1_108' title="bbox 1911 4989 3507 5082">
    <p class='ocr_par' dir='ltr' id='par_1_108' title="bbox 1911 4989 3507 5082">
     <span class='ocr_line' id='line_1_109' title="bbox 1911 4989 3507 5082; baseline -0.005 -14"><span class='ocrx_word' id='word_1_725' title='bbox 1911 5013 2057 5068; x_wconf 89' lang='lat' dir='ltr'><strong>cium</strong></span> <span class='ocrx_word' id='word_1_726' title='bbox 2108 5024 2210 5082; x_wconf 89' lang='lat' dir='ltr'><strong>pro</strong></span> <span class='ocrx_word' id='word_1_727' title='bbox 2270 5005 2458 5062; x_wconf 64' lang='lat' dir='ltr'><strong>laetitia</strong></span> <span class='ocrx_word' id='word_1_728' title='bbox 2513 5001 2757 5074; x_wconf 85' lang='lat' dir='ltr'><strong>augenda</strong></span> <span class='ocrx_word' id='word_1_729' title='bbox 2803 4989 3177 5069; x_wconf 57' lang='lat' dir='ltr'><strong>cunctorum;</strong></span> <span class='ocrx_word' id='word_1_730' title='bbox 3203 5010 3266 5057; x_wconf 91' lang='lat' dir='ltr'><strong>ut</strong></span> <span class='ocrx_word' id='word_1_731' title='bbox 3310 5002 3507 5073; x_wconf 90' lang='lat' dir='ltr'><strong>quibus</strong></span> 
     </span>
    </p>
   </div>
   <div class='ocr_carea' id='block_1_109' title="bbox 1910 5092 3506 5174">
    <p class='ocr_par' dir='ltr' id='par_1_109' title="bbox 1910 5092 3506 5174">
     <span class='ocr_line' id='line_1_110' title="bbox 1910 5092 3506 5174; baseline -0.008 -12"><span class='ocrx_word' id='word_1_732' title='bbox 1910 5104 2013 5162; x_wconf 85' lang='lat' dir='ltr'><strong>fuit</strong></span> <span class='ocrx_word' id='word_1_733' title='bbox 2073 5100 2409 5174; x_wconf 89' lang='lat' dir='ltr'><strong>gratissimus</strong></span> <span class='ocrx_word' id='word_1_734' title='bbox 2463 5105 2651 5152; x_wconf 89' lang='lat' dir='ltr'><strong>noster</strong></span> <span class='ocrx_word' id='word_1_735' title='bbox 2703 5102 2959 5160; x_wconf 79' lang='lat' dir='ltr'><strong>exortus,</strong></span> <span class='ocrx_word' id='word_1_736' title='bbox 3015 5093 3086 5147; x_wconf 88' lang='lat' dir='ltr'><strong>sit</strong></span> <span class='ocrx_word' id='word_1_737' title='bbox 3147 5092 3253 5151; x_wconf 85' lang='lat' dir='ltr'><strong>illis</strong></span> <span class='ocrx_word' id='word_1_738' title='bbox 3308 5094 3506 5163; x_wconf 89' lang='lat' dir='ltr'><strong>regalis</strong></span> 
     </span>
    </p>
   </div>
   <div class='ocr_carea' id='block_1_110' title="bbox 1911 5182 3506 5259">
    <p class='ocr_par' dir='ltr' id='par_1_110' title="bbox 1911 5182 3506 5259">
     <span class='ocr_line' id='line_1_111' title="bbox 1911 5182 3506 5259; baseline -0.007 -7"><span class='ocrx_word' id='word_1_739' title='bbox 1911 5196 2122 5251; x_wconf 85' lang='lat' dir='ltr'><strong>animus</strong></span> <span class='ocrx_word' id='word_1_740' title='bbox 2164 5191 2217 5246; x_wconf 91' lang='lat' dir='ltr'><strong>in</strong></span> <span class='ocrx_word' id='word_1_741' title='bbox 2260 5189 2439 5259; x_wconf 88' lang='lat' dir='ltr'><strong>aliqua</strong></span> <span class='ocrx_word' id='word_1_742' title='bbox 2475 5194 2631 5257; x_wconf 86' lang='lat' dir='ltr'><strong>parte</strong></span> <span class='ocrx_word' id='word_1_743' title='bbox 2669 5182 2977 5241; x_wconf 78' lang='lat' dir='ltr'><strong>muniﬁcus.</strong></span> <span class='ocrx_word' id='word_1_744' title='bbox 3024 5182 3282 5239; x_wconf 86' lang='lat' dir='ltr'><strong>Crescere</strong></span> <span class='ocrx_word' id='word_1_745' title='bbox 3325 5184 3506 5241; x_wconf 85' lang='lat' dir='ltr'><strong>nobis-</strong></span> 
     </span>
    </p>
   </div>
   <div class='ocr_carea' id='block_1_111' title="bbox 1914 5275 3505 5354">
    <p class='ocr_par' dir='ltr' id='par_1_111' title="bbox 1914 5275 3505 5354">
     <span class='ocr_line' id='line_1_112' title="bbox 1914 5275 3505 5354; baseline -0.007 -10"><span class='ocrx_word' id='word_1_746' title='bbox 1914 5303 2067 5354; x_wconf 90' lang='lat' dir='ltr'><strong>cum,</strong></span> <span class='ocrx_word' id='word_1_747' title='bbox 2117 5285 2232 5341; x_wconf 91' lang='lat' dir='ltr'><strong>Deo</strong></span> <span class='ocrx_word' id='word_1_748' title='bbox 2294 5286 2614 5354; x_wconf 67' lang='lat' dir='ltr'><strong>praestante,</strong></span> <span class='ocrx_word' id='word_1_749' title='bbox 2665 5285 2860 5334; x_wconf 89' lang='lat' dir='ltr'><strong>cuncta</strong></span> <span class='ocrx_word' id='word_1_750' title='bbox 2906 5275 3329 5345; x_wconf 81' lang='lat' dir='ltr'><strong>desideramus;</strong></span> <span class='ocrx_word' id='word_1_751' title='bbox 3374 5278 3505 5348; x_wconf 92' lang='lat' dir='ltr'><strong>quia</strong></span> 
     </span>
    </p>
   </div>
   <div class='ocr_carea' id='block_1_112' title="bbox 1910 5369 3509 5442">
    <p class='ocr_par' dir='ltr' id='par_1_112' title="bbox 1910 5369 3509 5442">
     <span class='ocr_line' id='line_1_113' title="bbox 1910 5369 3509 5442; baseline -0.006 -3"><span class='ocrx_word' id='word_1_752' title='bbox 1910 5397 2042 5439; x_wconf 89' lang='lat' dir='ltr'><strong>vere</strong></span> <span class='ocrx_word' id='word_1_753' title='bbox 2075 5381 2167 5436; x_wconf 91' lang='lat' dir='ltr'><strong>ille</strong></span> <span class='ocrx_word' id='word_1_754' title='bbox 2207 5383 2395 5434; x_wconf 89' lang='lat' dir='ltr'><strong>noster</strong></span> <span class='ocrx_word' id='word_1_755' title='bbox 2433 5382 2516 5430; x_wconf 88' lang='lat' dir='ltr'><strong>est</strong></span> <span class='ocrx_word' id='word_1_756' title='bbox 2561 5386 2774 5438; x_wconf 87' lang='lat' dir='ltr'><strong>census,</strong></span> <span class='ocrx_word' id='word_1_757' title='bbox 2818 5384 2978 5440; x_wconf 84' lang='lat' dir='ltr'><strong>quem</strong></span> <span class='ocrx_word' id='word_1_758' title='bbox 3024 5369 3181 5429; x_wconf 66' lang='lat' dir='ltr'><strong>laetus</strong></span> <span class='ocrx_word' id='word_1_759' title='bbox 3202 5385 3509 5442; x_wconf 71' lang='lat' dir='ltr'><strong>possessor</strong></span> 
     </span>
    </p>
   </div>
   <div class='ocr_carea' id='block_1_113' title="bbox 1908 5458 3506 5531">
    <p class='ocr_par' dir='ltr' id='par_1_113' title="bbox 1908 5458 3506 5531">
     <span class='ocr_line' id='line_1_114' title="bbox 1908 5458 3506 5531; baseline -0.011 -1"><span class='ocrx_word' id='word_1_760' title='bbox 1908 5471 2158 5531; x_wconf 80' lang='lat' dir='ltr'><strong>exsolvit.</strong></span> <span class='ocrx_word' id='word_1_761' title='bbox 2213 5464 2447 5523; x_wconf 88' lang='lat' dir='ltr'><strong>Proinde</strong></span> <span class='ocrx_word' id='word_1_762' title='bbox 2496 5462 2862 5519; x_wconf 88' lang='lat' dir='ltr'><strong>subtrahimus</strong></span> <span class='ocrx_word' id='word_1_763' title='bbox 2887 5459 3129 5531; x_wconf 73' lang='lat' dir='ltr'><strong>pecuniae</strong></span> <span class='ocrx_word' id='word_1_764' title='bbox 3179 5458 3327 5530; x_wconf 87' lang='lat' dir='ltr'><strong>quod</strong></span> <span class='ocrx_word' id='word_1_765' title='bbox 3368 5473 3506 5531; x_wconf 84' lang='lat' dir='ltr'><strong>aug-</strong></span> 
     </span>
    </p>
   </div>
   <div class='ocr_carea' id='block_1_114' title="bbox 1908 5549 3504 5630">
    <p class='ocr_par' dir='ltr' id='par_1_114' title="bbox 1908 5549 3504 5630">
     <span class='ocr_line' id='line_1_115' title="bbox 1908 5549 3504 5630; baseline -0.007 -9"><span class='ocrx_word' id='word_1_766' title='bbox 1908 5570 2180 5622; x_wconf 88' lang='lat' dir='ltr'><strong>mentetur</strong></span> <span class='ocrx_word' id='word_1_767' title='bbox 2205 5558 2420 5630; x_wconf 75' lang='lat' dir='ltr'><strong>gloriae;</strong></span> <span class='ocrx_word' id='word_1_768' title='bbox 2449 5563 2507 5611; x_wconf 90' lang='lat' dir='ltr'><strong>et</strong></span> <span class='ocrx_word' id='word_1_769' title='bbox 2531 5552 2681 5609; x_wconf 87' lang='lat' dir='ltr'><strong>avari</strong></span> <span class='ocrx_word' id='word_1_770' title='bbox 2707 5551 2776 5608; x_wconf 87' lang='lat' dir='ltr'><strong>ad</strong></span> <span class='ocrx_word' id='word_1_771' title='bbox 2805 5550 3008 5619; x_wconf 88' lang='lat' dir='ltr'><strong>laudes,</strong></span> <span class='ocrx_word' id='word_1_772' title='bbox 3034 5549 3504 5624; x_wconf 71' lang='lat' dir='ltr'><strong>profuse—nitimur</strong></span> 
     </span>
    </p>
   </div>
   <div class='ocr_carea' id='block_1_115' title="bbox 202 5643 3504 5745">
    <p class='ocr_par' dir='ltr' id='par_1_115' title="bbox 202 5643 3504 5745">
     <span class='ocr_line' id='line_1_116' title="bbox 202 5643 3504 5745; baseline -0.009 -15"><span class='ocrx_word' id='word_1_773' title='bbox 202 5674 350 5730; x_wconf 86' lang='lat' dir='ltr'><strong>tales</strong></span> <span class='ocrx_word' id='word_1_774' title='bbox 387 5643 536 5730; x_wconf 72' lang='lat' dir='ltr'><strong>viros</strong></span> <span class='ocrx_word' id='word_1_775' title='bbox 572 5656 817 5745; x_wconf 68' lang='lat' dir='ltr'><strong>cupimus</strong></span> <span class='ocrx_word' id='word_1_776' title='bbox 853 5643 1280 5738; x_wconf 47' lang='lat' dir='ltr'><strong>destinare,—qui</strong></span> <span class='ocrx_word' id='word_1_777' title='bbox 1321 5664 1430 5720; x_wconf 88' lang='lat' dir='ltr'><strong>sint</strong></span> <span class='ocrx_word' id='word_1_778' title='bbox 1466 5660 1630 5716; x_wconf 90' lang='lat' dir='ltr'><strong>armis</strong></span> <span class='ocrx_word' id='word_1_779' title='bbox 1669 5675 1806 5730; x_wconf 63' lang='lat' dir='ltr'><strong>prae—</strong></span> <span class='ocrx_word' id='word_1_780' title='bbox 1904 5649 2473 5745; x_wconf 87' lang='lat' dir='ltr'><strong>sublevare</strong></span> <span class='ocrx_word' id='word_1_781' title='bbox 2500 5644 2738 5745; x_wconf 59' lang='lat' dir='ltr'><strong>__Pridem</strong></span> <span class='ocrx_word' id='word_1_782' title='bbox 2782 5643 2921 5700; x_wconf 66' lang='lat' dir='ltr'><strong>diva:</strong></span> <span class='ocrx_word' id='word_1_783' title='bbox 2957 5644 3233 5745; x_wconf 72' lang='lat' dir='ltr'><strong>memoria:</strong></span> <span class='ocrx_word' id='word_1_784' title='bbox 3256 5643 3504 5745; x_wconf 62' lang='lat' dir='ltr'><strong>domnus</strong></span> 
     </span>
    </p>
   </div>
   <div class='ocr_carea' id='block_1_116' title="bbox 202 5736 3499 5835">
    <p class='ocr_par' dir='ltr' id='par_1_116' title="bbox 202 5736 3499 5835">
     <span class='ocr_line' id='line_1_117' title="bbox 202 5736 3499 5835; baseline -0.009 -14"><span class='ocrx_word' id='word_1_785' title='bbox 202 5766 340 5833; x_wconf 84' lang='lat' dir='ltr'><strong>diti,</strong></span> <span class='ocrx_word' id='word_1_786' title='bbox 381 5774 439 5822; x_wconf 92' lang='lat' dir='ltr'><strong>et</strong></span> <span class='ocrx_word' id='word_1_787' title='bbox 471 5736 680 5835; x_wconf 72' lang='lat' dir='ltr'><strong>justitia</strong></span> <span class='ocrx_word' id='word_1_788' title='bbox 709 5762 962 5833; x_wconf 85' lang='lat' dir='ltr'><strong>gloriosi;</strong></span> <span class='ocrx_word' id='word_1_789' title='bbox 989 5768 1050 5816; x_wconf 92' lang='lat' dir='ltr'><strong>ut</strong></span> <span class='ocrx_word' id='word_1_790' title='bbox 1090 5736 1232 5816; x_wconf 77' lang='lat' dir='ltr'><strong>absit</strong></span> <span class='ocrx_word' id='word_1_791' title='bbox 1268 5772 1300 5811; x_wconf 90' lang='lat' dir='ltr'><strong>a</strong></span> <span class='ocrx_word' id='word_1_792' title='bbox 1338 5754 1497 5811; x_wconf 88' lang='lat' dir='ltr'><strong>vobis</strong></span> <span class='ocrx_word' id='word_1_793' title='bbox 1523 5761 1583 5809; x_wconf 91' lang='lat' dir='ltr'><strong>et</strong></span> <span class='ocrx_word' id='word_1_794' title='bbox 1616 5759 1803 5807; x_wconf 79' lang='lat' dir='ltr'><strong>extra-</strong></span> <span class='ocrx_word' id='word_1_795' title='bbox 1906 5763 2039 5803; x_wconf 83' lang='lat' dir='ltr'><strong>avus</strong></span> <span class='ocrx_word' id='word_1_796' title='bbox 2059 5745 2127 5801; x_wconf 89' lang='lat' dir='ltr'><strong>de</strong></span> <span class='ocrx_word' id='word_1_797' title='bbox 2147 5742 2260 5835; x_wconf 83' lang='lat' dir='ltr'><strong>suis</strong></span> <span class='ocrx_word' id='word_1_798' title='bbox 2286 5737 2563 5835; x_wconf 80' lang='lat' dir='ltr'><strong>beneﬁciis</strong></span> <span class='ocrx_word' id='word_1_799' title='bbox 2591 5749 2795 5835; x_wconf 35' lang='lat' dir='ltr'><strong>magna.</strong></span> <span class='ocrx_word' id='word_1_800' title='bbox 3165 5736 3499 5835; x_wconf 39' lang='lat' dir='ltr'><strong>(quia-longa</strong></span> 
     </span>
    </p>
   </div>
   <div class='ocr_carea' id='block_1_117' title="bbox 199 5824 3478 5929">
    <p class='ocr_par' dir='ltr' id='par_1_117' title="bbox 199 5824 3478 5929">
     <span class='ocr_line' id='line_1_118' title="bbox 199 5824 3478 5929; baseline -0.011 -10"><span class='ocrx_word' id='word_1_801' title='bbox 199 5824 432 5927; x_wconf 73' lang='lat' dir='ltr'><strong>nearum</strong></span> <span class='ocrx_word' id='word_1_802' title='bbox 459 5824 923 5929; x_wconf 44' lang='lat' dir='ltr'><strong>gentium&#39;metus.</strong></span> <span class='ocrx_word' id='word_1_803' title='bbox 947 5824 1024 5909; x_wconf 26' lang='lat' dir='ltr'><strong>vet</strong></span> <span class='ocrx_word' id='word_1_804' title='bbox 1044 5850 1393 5913; x_wconf 78' lang='lat' dir='ltr'><strong>calumniosis</strong></span> <span class='ocrx_word' id='word_1_805' title='bbox 1416 5862 1524 5907; x_wconf 82' lang='lat' dir='ltr'><strong>non</strong></span> <span class='ocrx_word' id='word_1_806' title='bbox 1566 5845 1802 5918; x_wconf 85' lang='lat' dir='ltr'><strong>pateatis</strong></span> <span class='ocrx_word' id='word_1_807' title='bbox 1904 5840 2059 5912; x_wconf 84' lang='lat' dir='ltr'><strong>quies</strong></span> <span class='ocrx_word' id='word_1_808' title='bbox 2071 5834 2406 5899; x_wconf 84' lang='lat' dir='ltr'><strong>etculturam</strong></span> <span class='ocrx_word' id='word_1_809' title='bbox 2421 5827 2564 5902; x_wconf 68' lang='lat' dir='ltr'><strong>acris</strong></span> <span class='ocrx_word' id='word_1_810' title='bbox 2575 5824 2843 5901; x_wconf 76' lang='lat' dir='ltr'><strong>praestitit,</strong></span> <span class='ocrx_word' id='word_1_811' title='bbox 2865 5833 2921 5882; x_wconf 92' lang='lat' dir='ltr'><strong>et</strong></span> <span class='ocrx_word' id='word_1_812' title='bbox 2942 5825 3478 5900; x_wconf 77' lang='lat' dir='ltr'><strong>populosampliavlt)</strong></span> 
     </span>
    </p>
   </div>
  </div>
