3960 6396
475 358 581 414 775

472 470 613 526 intra

475 573 587 615 sum
651 553 1016 611 moderatione
1078 561 1297 602 censum
1364 541 1554 597 statuit
1619 536 1932 603 efllagitari;
1992 539 2052 585 ut

477 648 629 704 vobis
651 649 914 700 cresceret
949 639 1104 710 1.35
1131 634 1368 698 devotio,
1398 631 1594 701 quibus
1621 642 1679 682 se
1705 624 1928 680 facultas
1954 636 2052 675 ex-

477 823 795 893 benignitati
865 816 1216 892 prmparavit;
1278 821 1336 868 ut
1387 809 1532 880 quod
1579 808 1630 863 ei
1679 803 1863 861 offerri
1914 800 2057 870 juste

481 916 686 988 potuit,
731 927 828 967 nos
864 907 1113 966 clementi
1153 905 1350 966 animo,
1400 899 1549 969 quasi
1592 899 1734 952 illata
1771 892 2058 963 stipendia,

485 982 843 1070 donaremus;
870 1010 923 1056 et
950 1000 1178 1070 quoiam
1209 993 1467 1064 praesagio
1494 989 1688 1044 mentis
1715 987 1906 1040 divinas
1934 982 2062 1036 fecit

487 1097 649 1151 etiam
678 1095 844 1166 pium,
877 1092 960 1145 cui
997 1089 1216 1158 parabat
1265 1083 1565 1166 imperium.
1616 1080 1789 1146 Atque
1818 1075 1938 1129 ideo
1967 1087 2064 1142 per

490 1157 734 1262 quartam
777 1157 1007 1240 feliciter
1042 1157 1383 1234 indictionum
1433 1172 1524 1244 (Id
1551 1181 1646 1237 est,
1683 1170 1832 1222 Anno
1873 1163 2064 1220 Christi

491 1253 632 1350 326)
697 1273 950 1346 quidquid
1018 1285 1048 1323 a
1102 1267 1258 1323 vobis
1326 1278 1488 1334 supra
1543 1253 2068 1350 consuetudinariam

493 1342 1144 1430 functionem—augmenti
1201 1357 1416 1412 nomine
1468 1353 1554 1408 vel
1621 1350 1924 1420 petebatur,
1983 1342 2070 1399 vel

494 1464 708 1514 constat
735 1463 1009 1517 exactum,
1059 1448 1350 1504 liberalitas
1381 1452 1562 1500 nostra
1599 1439 1864 1496 concedit.
1915 1431 2072 1502 Quod

494 1548 596 1602 etsi
651 1546 793 1614 juste
845 1540 1093 1613 potuistis
1141 1536 1402 1607 pendere,
1472 1531 1696 1600 gloriam
1744 1541 1842 1582 vos
1893 1522 2074 1595 potius

497 1644 692 1691 nostra:
729 1628 960 1700 largitati
991 1627 1240 1698 jubcmus
1280 1623 1497 1678 inferre.
1548 1617 1654 1673 Sed
1693 1624 1747 1671 ut
1784 1615 1944 1669 latius
1979 1627 2076 1669 ex-

498 1725 750 1779 tendatur
811 1730 992 1774 nostra
1059 1714 1361 1774 clementia,
1417 1701 1741 1774 suavemque
1799 1704 2073 1760 dominum

504 1812 762 1884 impensis
801 1807 1082 1865 beneﬂciis
1127 1802 1368 1860 sentiatis
1393 1841 1406 1866 ,
1456 1796 1712 1870 quidquid
1746 1809 1778 1848 a
1806 1793 2077 1848 discusso-
2108 1799 2157 1859 Β

501 1907 652 1962 ribus
688 1903 832 1976 [Alii,
876 1894 1295 1964 discursoribus‘;~
1320 1893 1442 1948 novi
1493 1904 1685 1945 census
1714 1903 1809 1959 per
1839 1886 2081 1955 quintam

507 1975 853 2052 indictionem
905 1992 1076 2064 (Anno
1119 1987 1308 2042 Christi
1359 1983 1484 2054 527)
1533 1981 1792 2053 probatur
1834 1975 2081 2042 aflisum,

507 2088 578 2144 ad
605 2095 834 2142 vestram
879 2099 972 2139 eos
1013 2081 1238 2137 fecimus
1282 2076 1492 2133 deferre
1524 2073 1803 2136 notitiam;
1844 2075 1913 2124 ut
1939 2066 2084 2137 quod

510 2176 834 2233 rationabile
861 2173 1022 2228 fuerit
1044 2170 1390 2232 mstimatum,
1433 2163 1721 2220 libentibus
1748 2160 1938 2216 animis
1964 2173 2085 2228 per-

509 2269 718 2336 feratis,
763 2265 888 2336 quia
933 2263 1135 2319 nullum
1181 2261 1322 2315 laedit
1371 2258 1654 2314 observata
1700 2252 1928 2324 justitia.
1979 2248 2088 2305 Sed

511 2375 582 2415 ne
625 2357 854 2413 credatis
896 2370 992 2426 per
1029 2351 1395 2410 ordinatorum
1435 2354 1645 2402 tantum
1683 2343 1961 2398 arbitrium
1989 2353 2088 2396 vos

507 2449 751 2520 gravari,
802 2448 846 2502 si
893 2445 1016 2516 quis
1059 2450 1143 2499 est
1187 2441 1278 2511 qui
1323 2439 1392 2494 de
1438 2451 1626 2493 eorum
1671 2434 1815 2488 facto
1859 2431 2090 2488 mstimet

504 2538 979 2610 conquerendum,
1007 2534 1072 2589 ad
1100 2532 1336 2588 remedia
1363 2537 1563 2586 nostra:
1586 2524 1798 2597 pietatis
1819 2529 2086 2587 occurrat,

507 2641 575 2690 ut
596 2631 902 2702 judicantes
930 2625 1281 2694 corrigamus,
1321 2620 1414 2690 qui
1443 2617 1606 2674 etiam
1646 2630 1754 2671 non
1793 2612 1969 2684 rogati
1995 2611 2092 2668 be~

515 2723 705 2779 neiicia
749 2721 1043 2779 clementer
1089 2713 1422 2770 indulsimus.
1472 2709 1607 2766 Nam
1639 2714 1698 2764 et
1731 2704 1977 2776 gloriosae
2011 2717 2094 2758 re-

515 2810 842 2868 cordationis
863 2807 1088 2862 domnus
1115 2817 1244 2858 avus
1273 2808 1459 2857 noster
1485 2798 1551 2854 de
1577 2811 1764 2852 eorum
1791 2799 2092 2850 commotus

513 2898 690 2958 fuerat
719 2899 986 2962 tarditate,
1011 2903 1072 2952 ut
1097 2901 1213 2950 erat
1238 2893 1358 2947 alue
1382 2888 1677 2962 prudentiae
1703 2890 2091 2958 perscrutator,

515 2995 787 3068 aestimans
827 3007 922 3048 eos
950 2989 1134 3045 tandiu
1169 2988 1224 3042 in
1262 2983 1539 3057 provincia
1586 2995 1694 3037 non
1739 2978 1858 3036 sine
1903 2981 2093 3032 nostro

519 3084 828 3154 gravamine
879 3080 1146 3144 residere,
1211 3091 1348 3148 quos
1394 3073 1624 3144 repetita
1672 3069 1911 3141 jussione
1961 3082 2092 3123 cen-

519 3184 703 3232 suerat
749 3173 860 3244 jam
925 3171 1120 3228 redire.
1175 3167 1284 3224 Sed
1331 3181 1448 3232 nos,
1487 3179 1624 3235 quos
1673 3162 1830 3218 decet
1872 3157 2096 3230 implere
2123 3176 2170 3240 ρ

517 3268 776 3340 quidquid
801 3267 893 3322 ille
921 3264 1020 3321 sub
1049 3261 1300 3333 aequitate
1327 3257 1616 3329 disposuit,
1647 3254 1760 3310 Deo
1781 3250 2094 3340 auxiliante,

524 3339 641 3430 ejus
696 3372 838 3414 nunc
885 3357 940 3411 in
974 3353 1130 3410 vobis
1185 3350 1435 3406 inchoata
1485 3344 1814 3417 perticimus.
1869 3339 2098 3430 Reddite

515 3429 682 3507 modo
717 3446 951 3516 largitati
981 3452 1177 3498 nostrae
1204 3438 1622 3512 prosperrimum
1649 3441 1836 3490 votum
1863 3438 1918 3487 et
1942 3429 2098 3486 ﬁdele

522 3539 821 3596 servitium.
862 3535 1082 3590 Habetis
1120 3531 1449 3603 principem,
1487 3527 1579 3599 qui
1615 3525 1890 3582 vobiscum
1925 3523 2090 3578 bene-

516 3629 660 3684 ﬁciis
703 3627 960 3698 probatur
995 3631 1248 3688 exortus;
1304 3629 1360 3676 et
1399 3617 1544 3690 quod
1587 3614 1843 3685 subjectis
1890 3611 2098 3668 dulcius

517 3729 630 3788 est,
663 3725 886 3788 augetur
905 3715 1118 3784 ingenio
1139 3711 1400 3769 benevolo
1426 3725 1548 3767 cum
1578 3708 1754 3764 aetatis
1782 3712 2095 3776 augmento.

515 3810 580 3864 lu
611 3823 773 3879 quam
798 3821 913 3863 rem
937 3805 1269 3873 Quidilanem
1298 3801 1540 3872 sajonem
1561 3809 1802 3854 nostrum
1829 3794 2098 3853 crecimus

523 3899 882 3970 dirigendum,
940 3913 1038 3969 per
1101 3911 1259 3965 quem
1310 3895 1463 3952 vobis
1507 3893 1658 3964 jussa
1712 3888 2093 3963 prosperrima,

521 3991 635 4048 Deo
669 3989 946 4062 largiente,
977 3987 1297 4060 pandantur.

1074 4142 1408 4200 EPISTOLA
1445 4141 1533 4198 XI.

519 4274 714 4316 ειιῡιε
757 4271 880 4314 νιιιο
925 4271 1159 4319 ευυιιιι,

1032 4339 1392 4380 Αγωωιειιουε
1429 4339 1554 4378 REX.

529 4437 775 4510 Prohibet
803 4439 1072 4510 quominus
1090 4436 1355 4510 quidquid
1387 4435 1688 4510 tributorum
1714 4452 1804 4505 per
1851 4433 2106 4510 Victorem

591 4520 646 4566 et
674 4505 1020 4578 Witigisctum
1065 4505 1150 4578 de,
1179 4505 1364 4576 quarta
1394 4505 1672 4561 indictione
1708 4516 1785 4561 est
1819 4505 2102 4576 adjectum,

592 4595 632 4633 α
657 4577 1032 4650 possessoribus
1068 4577 1301 4647 exigant.
1439 4597 1457 4606 ί

599 4709 682 4766 Ad
734 4709 1004 4767 Victorem
1049 4718 1106 4764 et
1147 4707 1502 4778 Witigisclum
1556 4708 1878 4780 spectabiles
1929 4707 2100 4777 viros,

521 4804 726 4862 Siciliae
752 4801 1044 4872 provincia:
1087 4801 1404 4870 censitores,
1452 4809 1718 4871 praecepta
1747 4807 1931 4855 nostra
1957 4798 2102 4854 dire-

528 4896 726 4962 ximus,
780 4901 842 4948 ut
875 4887 1130 4962 quidquid
1165 4891 1566 4962 possessoribus
1611 4889 1908 4946 tributariae
1951 4887 2104 4944 func-

526 4985 691 5043 tionis
733 4998 831 5055 per
863 4997 965 5038 eos
1005 4996 1176 5053 nuper
1207 4981 1422 5036 videtur
1457 4981 1758 5050 adjectum,
1797 4979 1867 5034 de
1909 4985 2102 5047 quarta

526 5077 824 5134 indictione
850 5089 958 5130 non
996 5075 1241 5144 exigant,
1273 5073 1397 5144 quia
1423 5073 1598 5142 gravis
1627 5080 1710 5128 est
1733 5071 1850 5140 ejus
1877 5071 1956 5126 rei
1983 5071 2102 5125 illa-

458 5191 464 5198 ·
527 5169 628 5236 tio,
667 5165 821 5236 cujus
861 5165 1036 5221 adhuc
1067 5164 1272 5235 iustitia
1313 5178 1422 5218 non
1461 5162 1735 5232 probatur.
1785 5161 1863 5216 De
1891 5160 2102 5216 ordina-

529 5261 763 5318 tionibus
807 5273 940 5315 vero
985 5271 1173 5314 eorum
1230 5256 1385 5310 nobis
1439 5253 1663 5310 fecimus
1723 5253 2104 5308 instructiones

526 5348 760 5417 deferri,
806 5356 867 5403 ut
903 5349 950 5403 si
983 5347 1260 5403 aestimatis
1293 5346 1495 5401 viribus
1521 5343 1774 5416 quidquid
1800 5342 2104 5412 atqualitate

527 5441 602 5494 sit
641 5437 976 5509 dispositum,
1009 5437 1204 5493 debeat
1229 5449 1547 5506 permanere
1593 5433 1953 5490 moderatum.
2001 5429 2100 5485 Sin

527 5545 660 5588 vero
688 5529 924 5600 aliquem
957 5537 1146 5586 contra
1173 5528 1440 5583 rationem
1477 5531 1691 5582 constat
1717 5509 1838 5580 esse
1865 5535 2099 5594 praegra-

528 5625 743 5686 vatum,
787 5626 972 5675 nostro
1009 5617 1280 5674 relevetur
1313 5615 1566 5682 arbitrio;
1607 5616 1683 5671 ita
1710 5621 1922 5680 tamen,
1967 5621 2025 5666 ut
2051 5611 2099 5666 si

531 5705 731 5776 aliquid
756 5721 854 5778 per
887 5715 1133 5776 quartam
1161 5705 1505 5764 indictionem
1533 5705 1711 5777 (Anno
1748 5702 1940 5758 Christi
1972 5701 2096 5771 526)

534 5795 792 5864 probatur
831 5797 1056 5867 illatum,
1107 5797 1502 5868 possessoribus
1525 5795 1662 5868 ‘siue
1703 5795 1878 5865 aliqua
1923 5792 2098 5848 immi-

1679 337 1748 391 M.
1791 333 1879 389 ΑΒ
1889 331 2060 386 RELll
2099 325 2490 384 CASSlODOItI

659 466 895 522 Si:iliam
939 457 1265 532 provinciam
1304 453 1404 510 sub
1455 455 1713 505 consueta
1762 441 2056 514 prudentie
2089 445 2132 500 Α
2163 437 2385 492 natione
2419 429 2865 500 reddaturzquia
2909 427 3025 482 sine
3071 425 3293 496 querela
3343 421 3553 492 suscipi
3599 421 3772 476 debet

1231 4269 1410 4310 COIITI
1459 4267 1798 4308 SYRACUSANE
1845 4265 2106 4307 CIVITATIS

3652 311 3682 365 7
3693 308 3765 362 ῗὸἰ

2159 543 2294 583 onus
2341 525 2678 595 impositum,
2730 518 2876 589 quod
2930 519 3106 586 longis
3154 515 3494 586 temporibus
3545 519 3774 568 constat

2157 632 2279 674 esse
2319 613 2637 686 portandum
2685 611 2805 686 [ατ.
2864 619 2914 664 et
2951 608 3105 680 Cuj.,
3155 603 3530 676 solvendum].
3589 602 3771 666 Nune,

2157 707 2302 778 quod
2340 712 2532 772 restat,
2577 699 2938 791 provinciales
2984 713 3084 754 vos
3127 696 3392 752 convenit
3437 693 3776 758 admonere,

2161 806 2221 852 ut
2269 796 2461 867 quibus
2512 783 2770 849 beneficia
2821 789 3110 850 dedimus,
3167 801 3360 843 eorum
3409 783 3780 839 devotionem

2159 903 2260 958 per
2309 885 2490 940 omnia
2543 884 2870 947 sentiamus;
2924 887 2981 935 et
3031 877 3178 947 quod
3226 877 3461 932 debetur
3503 871 3778 945 principi,

2164 989 2318 1049 grato
2357 977 2536 1031 animo
2573 974 2819 1030 videatur
2861 970 3088 1028 exsolvi.

2699 1119 3028 1176 Ei‘lSTOLA
3065 1118 3174 1175 Xll.

2222 1249 2432 1289 \‘ICTOM
2463 1249 2529 1287 ET
2574 1245 2884 1286 WITIGISCLO
2922 1245 3058 1284 \‘lRlS
3093 1241 3512 1299 SpECTABILlBCS
3539 1241 3720 1285 ATHA“

2745 1317 2963 1355 LABICUS
3003 1315 3128 1354 Ill-3X.

2171 1411 2328 1467 Iubet
2387 1421 2444 1466 ut
2514 1412 2558 1466 si
2627 1411 2748 1481 quid
2806 1425 2959 1481 super
3007 1408 3344 1481 tributariam
3400 1407 3637 1462 solidum
3679 1423 3791 1481 per

2247 1492 2484 1554 quartam
2547 1477 2880 1554 indictionem
2928 1495 2960 1530 a
3017 1478 3422 1554 prouincialibus
3477 1477 3787 1548 exegerint,

2247 1547 2358 1606 sine
2400 1552 2574 1622 aliqua
2614 1551 2970 1604 imminutione
3015 1547 3256 1602 reddant.

2250 1663 2492 1719 Tarditas
2531 1671 2707 1718 vestra
2737 1661 2878 1732 apud
2919 1661 3168 1731 gloriosae
3197 1659 3483 1716 memoria:
3513 1659 3792 1715 domuum

2183 1772 2341 1813 avum
2372 1765 2612 1810 nostrum
2640 1755 2834 1810 merito
2864 1768 2961 1809 vos
2991 1751 3118 1808 fecit
3143 1767 3266 1808 esse
3293 1760 3612 1821 suspectos,
3646 1765 3794 1820 quos

2180 1849 2344 1904 etiam
2373 1845 2622 1903 secundis
2650 1843 2810 1919 [Ed.,
2850 1843 3008 1916 seris]
3035 1843 3494 1914 praeceptiouibus
3549 1841 3795 1896 credidit

2182 1937 2578 2002 admonendos;
2626 1946 2686 1990 ut
2723 1935 2912 1990 relicto
2951 1933 3174 1988 tandem
3204 1931 3631 2003 provincialium
3675 1945 3798 2001 gra-

2181 2029 2424 2094 vamine,
2477 2027 2548 2083 ad
2597 2027 2714 2097 ejus
2759 2025 3032 2082 deberetis
3075 2025 3340 2095 justitiam
3390 2023 3694 2087 festinare;
3741 2031 3801 2077 et

2183 2133 2327 2176 nunc
2353 2132 2570 2188 quoque
2599 2115 2921 2186 suspicionis
2958 2114 3206 2169 maximae
3234 2113 3364 2168 fecit
3405 2119 3798 2182 augmentum,

2185 2217 2246 2264 ut
2285 2224 2386 2264 nec
2427 2207 2494 2263 ad
2535 2207 2684 2262 initia
2713 2214 2898 2261 nostra
2937 2204 3250 2260 voluissetis
3284 2218 3603 2268 occurrere,
3647 2202 3802 2272 quod

2187 2301 2354 2356 libera
2383 2298 2709 2356 conscientia
2739 2297 3004 2368 potuisset
3032 2303 3242 2366 optare.
3274 2293 3344 2349 Et
3367 2295 3491 2349 ideo
3519 2293 3794 2364 praesenti

2187 2391 2506 2446 auctoritate
2542 2403 2846 2453 censemus,
2895 2394 2954 2442 ut
2973 2387 3019 2444 si
3061 2385 3192 2456 quid
3226 2399 3394 2456 super
3433 2383 3800 2438 tributarium

2188 2481 2418 2538 solidum
2447 2497 2544 2552 per
2563 2487 2810 2552 quartam
2840 2479 3194 2534 indietiouem
3222 2479 3402 2549 (Anno
3431 2475 3635 2531 Christi
3671 2474 3804 2545 5'26)

2190 2587 2222 2628 a
2259 2569 2674 2642 provincialibus
2716 2569 2990 2638 exegistis,
3035 2568 3152 2629 sine
3186 2568 3367 2638 aliqua
3409 2567 3490 2622 eis
3531 2566 3808 2621 imminu—

2191 2659 2341 2716 tione
2385 2658 2654 2728 reddatis,
2703 2659 2829 2730 quia
2871 2673 3033 2729 supra
3077 2666 3322 2713 veterem
3365 2671 3594 2712 censum
3649 2655 3810 2710 nulla

2192 2748 2500 2806 indictionis
2557 2748 2825 2819 praedictae
2872 2763 2968 2805 eos
3015 2748 3264 2805 volumus
3309 2747 3510 2802 damna
3565 2747 3808 2802 sentire.

2193 2840 2312 2898 Hoc
2339 2841 2504 2897 etiam
2535 2839 2836 2896 addendum
2865 2854 2986 2896 esse
3029 2839 3377 2905 credidimus,
3428 2837 3701 2907 quoniam
3745 2853 3811 2892 a-

2193 2947 2348 2988 more
2375 2931 2674 2988 clementiae
2697 2945 2912 2986 errores
2939 2930 3189 2986 nolumus
3218 2928 3486 2993 invenire,
3520 2943 3595 2982 ne
3617 2928 3814 2982 coacti

2194 3022 2376 3094 potius
2431 3035 2737 3078 resecemus
2786 3020 2933 3091 quod
2974 3015 3140 3075 'salva
3185 3019 3397 3090 justitia
3451 3017 3814 3074 dissimulare

2201 3129 2313 3170 non
2347 3127 2660 3184 possumus;
2690 3119 2751 3167 ut
2777 3112 2823 3167 si
2851 3111 3085 3181 aliquem
3131 3111 3312 3166 studio
3341 3110 3562 3166 lzesistis
3600 3126 3808 3180 pravo,

2199 3213 2379 3266 vestro
2406 3203 2576 3274 magis
2619 3201 2915 3260 emendetis
2943 3201 3185 3267 arbitrio,
3226 3200 3356 3272 quia
3400 3201 3511 3256 hoc
3539 3210 3629 3256 est
3675 3218 3812 3272 pro-

2196 3298 2313 3368 pria
2356 3296 2562 3353 delicta‘
2583 3295 2886 3364 corrigere,
2930 3293 3076 3362 quod
3119 3300 3175 3348 et
3219 3307 3329 3348 non
3368 3293 3576 3347 facere.
3628 3291 3704 3347 Et
3744 3307 3815 3348 ne

2196 3387 2420 3444 forsitan
2485 3385 2718 3442 credatis
2783 3383 3192 3454 longinquitatis
3239 3381 3574 3438 difﬁcultate
3630 3384 3813 3440 latere

2196 3492 2318 3549 qua:
2355 3483 2505 3546 gesta
2542 3482 2686 3542 sunt,
2728 3473 2924 3530 Siculis
2958 3473 3209 3529 tlduciam
3249 3489 3348 3529 vos
3379 3473 3640 3529 dedimus
3681 3474 3817 3530 sub-

2196 3568 2476 3638 sequendi.
2527 3566 2718 3622 Videte
2761 3580 2904 3622 nunc
2939 3565 2986 3621 si
3021 3580 3188 3621 voces
3215 3565 3439 3636 possitis
3483 3565 3636 3623 ferre
3675 3582 3816 3638 que-

2197 3661 2362 3727 rulas,
2409 3675 2542 3732 quas
2587 3660 2752 3716 etiam
2793 3666 2977 3714 nostra
3025 3658 3276 3713 invitavit
3317 3659 3655 3715 auctoritas.
3699 3658 3811 3715 Ad—

2199 3753 2504 3808 monuimus
2557 3751 2717 3820 igitur
2761 3765 2897 3820 quos
2951 3749 3071 3820 pios
3122 3748 3286 3805 decet
3329 3765 3475 3806 esse.
3526 3749 3658 3807 Jam
3710 3766 3814 3807 suo

2197 3841 2329 3898 vitio
2358 3842 2568 3898 videtur
2593 3842 2856 3906 accusari,
2901 3841 2993 3910 qui
3033 3849 3334 3910 spontanea
3377 3840 3560 3896 noluit
3607 3843 3812 3898 volun-

2203 3941 2315 3988 tate
2365 3931 2562 4001 corrigi
2615 3928 2764 4004 [Gr.,
2818 3927 2980 3998 Niv.,
3036 3927 3168 3994 0a.,
3228 3929 3441 3984 vitavit.
3502 3929 3625 3986 Suo
3680 3933 3816 3987 vitio

2201 4023 2413 4077 videtur
2471 4022 2743 4089 accusari,
2797 4021 2890 4092 qui
2939 4029 3238 4090 spontanea
3289 4021 3588 4080 voluntate
3641 4024 3816 4080 noluit

2208 4110 2442 4182 corrigi}.

2738 4269 3072 4325 EPISTJLA
3109 4269 3242 4326 Xlll.

2208 4395 2380 4439 πιιιες
2417 4396 2541 4438 V1110
2567 4395 2837 4449 ιιιιιετιιι,
2877 4397 3057 4438 COIIITI
3097 4397 3406 4440 PATBIIONII
3435 4403 3818 4445 ATEALAIICUS

2909 4468 3036 4508 REX.

2132 4563 2464 4637 DPrrecipit
2515 4571 2574 4617 ut
2625 4563 2921 4637 domesticis
2956 4565 3042 4634 qui
3089 4565 3365 4637 comitibus
3409 4571 3812 4637 provinciarum

2277 4634 2638 4706 obsequuntur,
2679 4651 2836 4704 supra
2867 4634 3111 4706 ducentos
3135 4635 3338 4706 solidos
3376 4634 3428 4689 et
3475 4639 3661 4692 decem
3710 4658 3812 4694 an-

2275 4704 2442 4786 nonas
2479 4704 3026 4786 curet-quinquaginta.
3061 4705 3259 4760 solidos
3297 4722 3506 4762 anuuos
3548 4709 3810 4782 odjungi,

2275 4775 2413 4845 regis
2439 4773 2726 4828 rationibus
2753 4773 3106 4844 imputandos.

2277 4886 2655 4958 Magnitudinis
2705 4897 2809 4943 tuae
2835 4890 3176 4958 suggestione
3205 4885 3583 4962 comperimus
3615 4897 3686 4950 de
3711 4896 3813 4950 do-

2207 4979 2550 5036 mesticorum
2573 4979 2882 5036 excessibus
2903 4981 2996 5049 qui
3034 4980 3320 5038 destinatis
3358 4985 3666 5041 comitibus
3704 4989 3808 5042 ob-

2203 5077 2500 5140 sequuntur
2541 5069 2898 5138 provinciales
2927 5069 3138 5126 damnis
3159 5071 3408 5161 plurimis
3451 5073 3806 5142 ingravatos;

2202 5159 2349 5230 quod
2387 5157 2654 5214 credimus
2680 5157 3179 5214 emolumentorum'
3196 5161 3468 5230 parvitate
3511 5167 3806 5234 nutritum,

2201 5250 2328 5318 quia
2356 5249 2457 5304 sub
2490 5248 2722 5319 quadam
2761 5249 3110 5304 excusatione
3141 5265 3372 5318 peccare
3398 5251 3670 5320 creditur,
3721 5256 3806 5309 cui

2205 5337 2508 5392 necessaria
2561 5353 2670 5392 non
2717 5338 3044 5408 praebentur.
3101 5337 3170 5393 Et
3204 5339 3327 5396 ideo
3365 5343 3595 5412 speciali
3635 5345 3810 5400 bene—

2206 5425 2327 5484 flcio
2375 5428 2644 5497 generalia
2691 5429 3010 5498 compendia
3063 5430 3386 5500 largientes,
3437 5437 3806 5505 magnitudini

2203 5531 2312 5577 tum
2338 5524 2588 5592 praesenti
2609 5525 2932 5580 auctoritate
2957 5527 3297 5598 praecipimus
3327 5536 3388 5593 ut
3407 5545 3576 5602 supra
3597 5533 3808 5589 ducem

2204 5621 2288 5667 tos
2315 5613 2516 5668 solidos
2559 5622 2617 5668 et
2651 5613 2835 5670 decem
2873 5630 3116 5672 annonas
3144 5631 3280 5686 quas
3323 5619 3600 5678 hactenus
3635 5639 3806 5680 δείκε-

2199 5711 2422 5772 perunt,
2473 5717 2505 5758 a
2545 5703 2732 5772 quinta
2782 5704 3010 5760 feliciter
3060 5705 3358 5764 indictione
3405 5711 3806 5780 quinquaginta

2203 5791 2282 5849 eis
2330 5791 2530 5850 solidos
2577 5808 2784 5850 annuos
2839 5791 3484 5857 faciatisincunctanter
3537 5802 3796 5874 adjungi.
