3960 6422
454 435 559 490 787

1670 428 1742 485 Μ.
1783 426 2056 484 AURELll
2096 427 2489 484 CASSIODORI

3621 437 3730 493 788

450 549 571 619 quis
599 547 820 617 eligeret
866 551 973 599 tam
1004 542 1161 615 longe
1185 550 1388 614 petere,
1422 543 1566 613 quod
1595 543 1646 598 in
1676 545 1788 601 suis
1818 543 2024 600 videret
2054 553 2100 612 Α
2126 544 2342 612 gularis.
2390 545 2551 599 Arma
2594 544 2736 599 enim
2766 552 2821 600 et
2846 544 3068 616 reliquas
3110 553 3299 615 gentes
3326 546 3563 614 habent,
3612 548 3735 600 sola

448 639 667 695 sedibus
690 635 1012 692 advenisse?
1049 632 1158 692 Sed
1186 643 1245 690 ut
1272 635 1425 690 vobis
1451 642 1696 690 versutas
1720 635 2025 690 excusatio-

455 744 577 793 nes.
624 736 680 784 et
707 737 732 766 ι
760 728 924 783 duras
978 728 1329 783 necessitates
1365 726 1780 797 provincialibus
1808 727 2027 781 tollere-

451 835 589 885 mus,
617 818 684 875 de
711 818 979 890 aliquibus
1024 820 1233 875 casibus
1256 820 1514 875 hactenus
1552 820 1786 889 pessimo
1814 827 2030 888 torpore

452 911 707 980 neglectis
735 910 978 969 edictalis
1021 909 1430 981 programmatis
1481 908 1791 964 definitione
1817 908 2029 965 censui-

452 1018 603 1070 mus;
632 1009 767 1057 utet
794 1001 946 1057 vobis
971 1010 1240 1057 cresceret
1269 999 1592 1056 confidentia
1618 1009 1767 1056 recte
1784 1000 2026 1069 judican-

453 1094 541 1159 di,
582 1101 638 1149 et
689 1092 949 1163 paulatim
998 1091 1219 1147 audacia
1275 1090 1504 1162 maligna
1545 1093 1716 1162 possit
1766 1091 2026 1147 imminui.

452 1183 607 1251 Quod
633 1197 784 1239 more
821 1182 1045 1239 solemni
1098 1198 1196 1252 per
1222 1190 1520 1239 conventus
1546 1182 1788 1253 publicos
1815 1182 2031 1251 triginta

453 1277 664 1331 dierum
712 1274 871 1330 facite
922 1273 1188 1345 praponi,
1233 1283 1292 1329 ut
1338 1274 1460 1344 jure
1504 1274 1892 1330 condemnatus
1930 1274 2032 1329 lia-

453 1365 645 1419 bentur
672 1364 762 1434 qui
796 1370 919 1432 post
957 1362 1073 1418 haec
1100 1363 1335 1418 remedia
1378 1378 1596 1419 manere
1635 1362 2034 1435 praesumpserit

455 1452 787 1523 desperatus.

895 1568 1050 1640 ιω
1085 1562 1412 1621 EPISTOLA
1450 1562 1592 1619 XXI.

652 1693 880 1733 ΒΕΝΑἸὌΙ
917 1693 1069 1733 UBBIS
1105 1691 1264 1732 ROIE
1302 1690 1666 1731 ATBALARICUS
1702 1691 1827 1731 REX.

460 1783 711 1856 Praecipit
756 1795 812 1839 ut
837 1787 1170 1856 professores
1218 1785 1595 1856 grammaticos,
1634 1782 1937 1856 eloquentia;
1984 1790 2033 1836 et

522 1853 958 1937 jurisconstituta'
983 1853 1324 1909 emolumenta
1342 1854 1454 1907 sine
1481 1853 1653 1924 aliqua
1677 1853 2031 1907 imminutione

532 1933 838 1993 percipiant.

533 2010 789 2068 Filiorum
840 2027 1029 2069 causas
1065 2012 1187 2081 jure
1209 2011 1275 2066 ad
1305 2020 1513 2081 patrum
1541 2010 1914 2080 cognoscimus
1950 2025 2034 2064 re-

459 2104 669 2162 misisse
694 2119 976 2175 personas;
1003 2113 1061 2160 ut
1088 2104 1185 2174 ipsi
1207 2102 1276 2159 de
1297 2103 1506 2158 illorum
1529 2110 1787 2172 provectu
1808 2102 2036 2158 debeant

458 2192 714 2261 cogitare,
742 2209 970 2263 quorum
1000 2193 1225 2248 interest
1267 2191 1440 2248 studia
1483 2191 1724 2248 Romana
1752 2190 2034 2263 proiicere.

459 2277 643 2351 Neque
665 2281 806 2338 enim
828 2280 1153 2338 credendum
1176 2289 1259 2338 est
1284 2296 1378 2337 vos
1401 2281 1524 2337 inde
1543 2297 1702 2352 posse
1726 2282 1901 2337 minus
1919 2296 2038 2337 esse

457 2372 737 2439 sollicitos,
770 2371 909 2428 unde
933 2380 988 2427 et
1031 2372 1211 2441 generi
1250 2380 1431 2427 vestro
1478 2372 1671 2427 crescit
1711 2380 1951 2435 ornatus,
1982 2378 2038 2426 et

459 2464 621 2519 οωιυὶ
647 2463 894 2534 provenit
920 2463 1129 2519 assidua
1175 2463 1401 2518 lectione
1426 2462 1727 2518 consilium.
1758 2460 1939 2531 Nuper
1965 2460 2037 2516 si-

457 2554 690 2624 quidem,
720 2562 781 2609 ut
824 2562 907 2609 est
952 2553 1020 2609 de
1060 2554 1209 2609 vobis
1235 2568 1362 2610 cura
1393 2561 1573 2608 nostra
1619 2552 1869 2621 sollicita,
1899 2567 2036 2622 quo-

459 2641 702 2696 rumdam
715 2657 931 2699 susurra
938 2643 1082 2698 tione
1096 2642 1439 2710 cognovimus
1452 2641 1699 2697 doctores
1718 2642 2038 2711 eloquentiae

460 2730 718 2787 Romanae
763 2731 962 2786 laboris
987 2732 1069 2786 sui
1105 2732 1394 2787 constituta
1423 2731 1639 2802 praemia
1671 2747 1776 2787 non
1804 2731 2034 2799 habere;

458 2831 515 2879 et
545 2823 845 2893 aliquorum
876 2823 1259 2879 nundinatione
1288 2823 1401 2878 ﬁeri
1429 2830 1488 2878 ut
1524 2823 1827 2878 scholarum
1865 2823 2035 2892 magi-

461 2914 586 2968 stris
613 2912 866 2983 deputata
893 2927 1097 2968 summa
1128 2914 1368 2970 videatur
1391 2914 1652 2969 imminui.
1679 2912 2034 2985 Quapropter,

461 3019 583 3060 cum
614 3002 953 3060 manifestum
992 3005 1064 3060 sit
1114 3005 1388 3075 praemium
1440 3013 1583 3061 artes
1614 3004 1837 3071 nutrire,
1889 3004 2037 3061 nefas

454 3096 810 3166 judicavimus
854 3096 1165 3153 doctoribus
1210 3097 1624 3153 adolescentium
1670 3097 1870 3169 aliquid
1908 3098 2035 3154 sub-

462 3188 621 3255 trahi,
645 3189 735 3258 qui
759 3196 886 3243 sunt
906 3188 1085 3259 potius
1123 3187 1190 3243 ad
1216 3187 1448 3256 gloriosa
1468 3188 1641 3243 studia
1670 3202 1767 3259 per
1793 3204 2036 3245 commo-

2130 635 2393 705 reperitur
2421 636 2726 705 eloquentia
2754 652 2875 707 quae
2903 636 3269 693 Romanorum
3299 638 3542 693 dominis
3570 638 3736 692 obse-

2129 724 2344 779 eundat.
2387 723 2521 781 Hinc
2549 732 2823 781 oratorum
2866 739 3039 795 pugna
3068 726 3244 782 civilis
3266 727 3405 795 juris
3432 727 3739 783 classicum

2130 817 2294 879 canit,
2323 816 2450 873 hinc
2492 824 2716 873 cunctos
2748 832 3004 886 proceres
3032 818 3368 873 nobilissima
3399 818 3739 872 disertitudo

2130 908 2507 976 commendat;
2535 916 2610 970 et,
2651 916 2710 963 ut
2733 909 2939 979 reliqua
2970 917 3268 973 taceamus,
3318 909 3425 965 hoc
3453 909 3607 979 quod
3646 910 3738 964 lo-

2131 1001 2344 1073 quimur
2380 1001 2501 1055 inde
2530 1008 2629 1056 est.
2659 1000 2775 1067 Qua
2804 1000 2873 1056 de
2917 1017 2998 1068 re,
3028 1010 3211 1073 patres
3238 1002 3560 1071 conscripti,
3591 1002 3739 1056 hanc

2131 1090 2283 1146 vobis
2308 1106 2508 1157 curam,
2540 1091 2678 1145 hanc
2708 1091 3108 1155 auctoritatem,
3140 1092 3378 1162 propitia
3412 1092 3735 1154 Divinitate,

2131 1180 2418 1255 largimur;
2439 1189 2498 1236 ut
2524 1179 2552 1221 b
2573 1197 2853 1238 successor
2871 1183 3071 1238 schola:
3093 1184 3398 1240 liberalium
3424 1185 3737 1240 litterarum

2131 1277 2241 1324 tam
2268 1271 2644 1339 grammaticus
2670 1284 2831 1340 quam
2851 1280 3055 1339 orator,
3108 1288 3210 1328 nec
3240 1289 3349 1328 non
3378 1281 3436 1329 et
3458 1274 3605 1342 juris
3635 1290 3736 1330 ex-

2131 1360 2356 1429 positor,
2387 1361 2667 1417 commoda
2695 1362 2776 1416 sui
2807 1362 3106 1419 decessoris
3127 1363 3196 1418 ab
3217 1363 3298 1419 eis
3316 1380 3552 1434 quorum
3585 1365 3737 1419 inte-

2133 1456 2245 1503 rest
2267 1448 2381 1503 sine
2401 1448 2578 1519 aliqua
2606 1448 2982 1507 imminutione
3009 1451 3293 1522 percipiat;
3326 1459 3383 1506 et
3410 1452 3585 1508 semel
3618 1454 3736 1522 pri-

2134 1537 2207 1591 mi
2254 1537 2456 1593 ordinis
2493 1538 2656 1593 vestri
2686 1554 2749 1594 ac
2789 1538 2983 1609 reliqui
3027 1549 3248 1598 senatus
3276 1540 3603 1612 amplissimi
3633 1557 3739 1597 διιο-

2134 1628 2383 1684 ctoritate
2412 1626 2675 1698 ﬁrmatus,
2697 1629 2871 1685 donec
2900 1631 3136 1701 suscepti
3166 1632 3349 1702 operis
3380 1633 3616 1688 idoneus
3647 1649 3740 1688 re-

2132 1718 2356 1788 peritur,
2384 1734 2559 1790 neque
2578 1719 2645 1774 de
2674 1719 3075 1788 transferendis,
3108 1737 3282 1792 neque
3309 1723 3377 1779 de
3400 1724 3742 1781 imminuen-

2134 1810 2216 1865 dis
2243 1810 2469 1866 annonis
2505 1825 2535 1864 a
2558 1811 2798 1881 quolibet
2837 1812 3070 1881 patiatur
3112 1812 3421 1883 improbam
3470 1817 3744 1884 quaestio-

2065 1920 2111 1980 Β
2139 1915 2258 1954 nem
2284 1917 2299 1967 ;
2341 1899 2453 1965 sed,
2479 1900 2631 1956 vobis
2667 1899 3038 1957 ordinantibus
3068 1908 3242 1974 atque
3269 1903 3741 1973 custodientibus,

2137 1992 2617 2048 emolumentorum
2637 2009 2855 2048 suorum
2878 1995 3168 2051 securitate
3188 1997 3451 2067 potiatur,
3469 1998 3743 2068 praefecto

2139 2082 2294 2139 Urbis
2321 2083 2666 2139 nihilominus
2688 2085 2981 2140 constituta
3005 2094 3276 2141 servante.
3309 2085 3378 2141 Et
3417 2102 3489 2143 ne
3520 2089 3738 2158 aliquid

2136 2189 2232 2244 pro
2261 2172 2534 2228 voluntate
2557 2173 2906 2243 praebentium
2927 2174 3262 2245 relinquatur
3282 2177 3575 2244 incertum,
3607 2193 3745 2234 mox

2137 2275 2197 2320 ut
2222 2281 2315 2321 sex
2340 2280 2550 2322 menses
2573 2266 2810 2337 exempti
2846 2265 3067 2336 fuerint,
3097 2276 3312 2323 statutae
3339 2285 3571 2325 summa;
3601 2286 3748 2326 con-

2136 2363 2431 2424 sequantur
2458 2356 2695 2427 prmdicti
2721 2357 2963 2426 magistri
2987 2358 3220 2415 mediam
3250 2362 3567 2430 portionem
3599 2382 3613 2415 :
3650 2378 3748 2419 re-

2135 2447 2286 2503 sidua
2306 2462 2436 2503 vero
2464 2447 2588 2502 anni
2611 2455 2853 2518 tempora
2882 2465 3005 2505 cum
3028 2465 3365 2507 annonarum
3393 2452 3579 2509 debita
3608 2455 3747 2511 red-

2138 2536 2397 2593 hibitione
2420 2537 2760 2605 claudantur,
2782 2553 2850 2594 ne
2894 2548 3157 2608 cogantur
3183 2540 3253 2596 de
3277 2542 3460 2598 alieno
3490 2544 3750 2615 pendere

2137 2625 2369 2693 fastidio,
2402 2627 2485 2682 cui
2514 2628 2780 2698 piaculum
2800 2636 2884 2684 est
2905 2630 2990 2685 vel
3017 2630 3275 2686 horarum
3303 2634 3487 2704 aliquo
3508 2652 3751 2694 vacasse

2138 2728 2431 2774 momento.
2454 2718 2511 2774 In
2538 2728 2743 2775 tantum
2773 2721 2914 2776 enim
2938 2738 3059 2793 qua:
3077 2732 3203 2779 sunt
3227 2725 3452 2782 decreta
3481 2729 3752 2788 volumus

2140 2810 2439 2867 firmissime
2467 2813 2745 2879 custodiri,
2770 2820 2829 2867 ut
2855 2813 2901 2867 si
2928 2814 3020 2882 qui
3042 2814 3195 2883 cujus
3221 2816 3449 2873 interest
3476 2819 3752 2877 diﬂ'eren-

2137 2901 2259 2956 dam
2285 2902 2552 2972 putaverit
2596 2903 2737 2959 hanc
2763 2905 2914 2974 quasi
2945 2904 3182 2961 debitam
3209 2907 3569 2977 functionem,
3601 2928 3749 2983 pro-

2136 3000 2324 3049 curato
2352 3008 2503 3049 more
2540 3010 2821 3051 usurarum
2846 2995 3125 3068 dispendia
3156 2999 3273 3069 ipse
3312 3001 3575 3073 patiatur,
3606 3006 3748 3074 quia

2131 3084 2276 3154 justa
2294 3084 2573 3140 commoda
2605 3084 2944 3146 laudabiliter
2964 3086 3335 3144 laborantibus
3359 3089 3545 3163 [Μαίη
3572 3108 3749 3148 com-

2136 3172 2488 3245 morantibus]
2543 3175 2825 3245 plectenda
2854 3177 3150 3247 cupiditate
3177 3181 3469 3236 subtraxit.
3519 3181 3663 3237 Nam
3697 3185 3751 3240 si

459 3279 648 3335 dorum
670 3286 955 3348 augmenta
978 3276 1329 3349 provocandi.
1358 3277 1535 3334 Prima
1563 3280 1702 3335 enim
1725 3281 2031 3352 grammati-

2135 3281 2266 3338 opes
2293 3275 2507 3323 nostras
2534 3268 2758 3324 scenicis
2784 3285 2883 3340 pro
2913 3280 2936 3309 α
2966 3269 3151 3340 populi
3198 3272 3573 3330 oblectatione
3599 3273 3743 3347 [Ed.

458 3382 643 3424 corum
689 3367 872 3423 schola
896 3375 980 3423 est
1021 3367 1420 3424 fundamentum
1451 3368 1868 3439 pulcherrimum
1893 3369 2038 3425 litte—

460 3476 661 3530 rarum,
685 3469 858 3517 mater
883 3462 1117 3531 gloriosa
1154 3461 1434 3533 facundiae,
1464 3477 1583 3534 qua:
1629 3463 1866 3532 cogitare
1889 3464 2037 3519 novit

458 3549 529 3603 ad
556 3549 788 3618 laudem,
816 3551 965 3619 loqui
991 3552 1107 3606 sine
1132 3551 1285 3607 vitio.
1310 3549 1439 3608 Haec
1491 3552 1547 3607 in
1574 3567 1733 3609 cursu
1780 3554 2037 3608 orationis

462 3639 543 3696 sic
560 3655 799 3697 errorem
825 3642 1104 3710 cognoscit
1130 3641 1412 3709 absonum,
1434 3643 1882 3712 quemadmodum
1908 3643 2037 3701 boui

463 3744 642 3787 mores
665 3731 864 3788 crimen
894 3731 1228 3788 detestantur
1253 3740 1557 3789 externum.
1588 3733 1720 3788 Nam
1747 3733 1885 3790 sicut
1916 3749 2037 3789 mu-

462 3821 605 3876 sicus
628 3822 1046 3879 consonantibus
1095 3823 1274 3879 choris
1296 3823 1482 3879 ‘efﬂcit
1530 3825 1894 3880 dulcissimum
1923 3840 2037 3880 me-

459 3908 570 3974 los,
625 3909 699 3966 ita
739 3904 1011 3981 dispositis
1055 3920 1416 3982 congruenter
1460 3915 1772 3970 accentibus
1807 3924 2037 3970 metrum

458 3998 608 4054 novit
634 4000 922 4058 decantare
971 4005 1366 4073 grammaticus.
1398 4002 1489 4059 Est
1535 4005 1879 4073 grammatica
1919 4020 2034 4060 ma-

461 4088 622 4155 gistra
652 4092 954 4157 verborum,
985 4094 1228 4149 ornatrix
1255 4093 1473 4148 humani
1520 4094 1766 4163 generis;
1795 4108 1914 4163 quae
1942 4110 2039 4165 per

457 4179 900 4236 exercitationem
925 4181 1298 4250 pulcherrima:
1314 4182 1557 4237 lectionis
1578 4183 1916 4251 antiquorum
1940 4199 2038 4239 nos

462 4272 804 4338 cognoscitur
817 4270 1011 4341 juvare
1034 4273 1292 4328 consiliis.
1319 4273 1429 4329 Hac
1452 4290 1560 4331 non
1584 4282 1804 4330 utuntur
1821 4275 2035 4330 barbari

457 4373 633 4430 reges,
662 4360 802 4432 apud
822 4360 1022 4432 legales
1044 4360 1289 4421 dominos
1315 4379 1531 4421 manere
1555 4367 1895 4435 cognoscitur
1921 4367 2035 4422 sin-

2140 3355 2480 3429 collectione]
2507 3357 2776 3428 largimur,
2803 3369 2857 3415 et
2883 3375 2946 3415 ea
2972 3360 3366 3420 studiosissime
3388 3380 3752 3439 consequun-

2142 3457 2228 3506 tur
2247 3451 2337 3520 qui
2380 3450 2518 3506 adeo
2542 3451 2829 3507 necessarii
2854 3468 2963 3508 non
2989 3454 3292 3521 habentur;
3325 3466 3537 3526 quanto
3561 3462 3749 3530 magis

2137 3542 2244 3599 illis
2262 3544 2378 3600 sine
2397 3542 2650 3600 dilatione
2677 3545 2962 3615 prmbenda
2983 3554 3126 3611 sunt,
3148 3561 3251 3618 per
3264 3564 3403 3619 quos
3430 3558 3489 3606 et
3516 3550 3749 3610 honesti

2139 3648 2318 3689 mores
2346 3635 2687 3704 proveniunt,
2710 3643 2766 3690 et
2785 3635 2985 3706 palatio
3010 3644 3198 3693 nostro
3226 3638 3459 3696 facunda
3489 3643 3751 3699 nutriun-

2141 3731 2228 3778 tur
2245 3723 2481 3794 ingenia!
2507 3722 2631 3781 Haec
2650 3732 2826 3781 autem
2849 3727 3204 3796 praesentibus
3224 3728 3531 3786 litterarum
3559 3735 3748 3804 magi-

2139 3819 2264 3875 stris
2284 3819 2592 3875 venerando
2619 3821 2780 3877 coetui
2803 3830 2986 3878 vestro
3007 3824 3352 3896 praecipimus
3379 3827 3649 3898 iutimari,
3684 3839 3754 3888 ut

2139 3909 2278 3965 sicut
2298 3925 2396 3965 nos
2420 3919 2717 3980 agnoscunt
2741 3910 2809 3966 de
2833 3912 2945 3967 suis
2970 3915 3271 3972 commodis
3294 3932 3418 3973 esse
3440 3919 3748 3992 sollicitos,
3808 3990 3815 3994 _

2139 3999 2213 4054 ita
2240 4014 2271 4054 a
2307 4014 2367 4055 se
2413 4008 2702 4071 provectus
2748 4001 3173 4069 adolescentium
3219 4006 3432 4063 enixius
3480 4012 3753 4069 noverint

2139 4107 2238 4148 nos
2264 4092 2577 4161 exigendos.
2627 4091 2814 4150 Cesset
2853 4110 2998 4152 nunc
3039 4096 3131 4152 illa
3184 4100 3383 4171 satyris
3410 4100 3750 4162 doctoribus

2138 4183 2374 4250 querulis
2399 4190 2650 4252 usurpata
2675 4184 2959 4250 sententia,
2977 4185 3100 4254 quia
3127 4184 3153 4223 ἀ
3175 4186 3386 4245 duabus
3413 4191 3562 4246 curis
3587 4178 3751 4263 inge-

2138 4275 2284 4329 nium
2310 4288 2417 4329 non
2442 4273 2603 4329 debet
2630 4274 2905 4344 occupari.
2926 4272 3065 4331 Ecce
3088 4275 3199 4345 jam
3218 4277 3421 4334 habere
3446 4279 3751 4339 tolerabile

2139 4363 2436 4433 probantur
2459 4361 2749 4433 hospitium
2774 4380 2787 4415 :
2819 4363 2962 4419 unde
2990 4378 3135 4420 nunc
3164 4366 3377 4433 merito,
3409 4370 3506 4424 uni
3531 4371 3751 4429 sollici-

455 4539 658 4623 ηοχθιιζ
868 4542 1028 4623 Ιμιιά,
1057 4545 1249 4623 quibus
1278 4542 1413 4623 adde
1438 4542 2025 4623 iialentinianum,_no-
2059 4547 2104 4606 D
2128 4542 2252 4623 quis
2275 4542 2513 4623 pluribus
2537 4541 2739 4623 miliiiis
2767 4542 3102 4623 detnomen,
3125 4554 3177 4599 et
3208 4545 3484 4623 cingiiium
3514 4546 3746 4623 ciogulo

454 4608 611 4683 veil,
637 4611 737 4676 lo,
771 4608 859 4683 tit.
883 4614 950 4668 de
973 4608 1126 4683 conf.
1161 4632 1178 4683 ;
1230 4624 1285 4670 et
1324 4611 1682 4683 Marcianum,
1733 4608 1929 4669 novell.
1973 4614 2022 4677 Ι,

455 4675 668 4735 Nemin.
720 4682 927 4748 exhib.;
966 4675 1344 4752 Majorianum,
1382 4682 1579 4738 novell.
1612 4681 1703 4751 14,
1731 4683 1797 4739 de
1825 4675 2024 4752 indulg.

455 4747 622 4804 reice.
654 4750 840 4804 Bnoss.

455 4763 569 4802 rete
607 4790 622 4804 .
654 4763 730 4805 un
826 4790 840 4804 .

455 4886 468 4897 .
527 4828 552 4854 ι
570 4763 656 4874 lie
677 4767 1026 4890 prgisinciales
1063 4814 1324 4897 cogantur
1342 4822 1408 4878 ad
1434 4821 1745 4897 comitatum
1775 4821 2027 4897 principis

447 4891 537 4955 jus
565 4898 765 4969 petere,
799 4900 1020 4949 cavetur
1047 4891 1206 4949 etiam
1236 4896 1395 4949 form.
1425 4891 1497 4946 22
1524 4891 1612 4948 lib.
1642 4906 1713 4956 vr,
1744 4891 1800 4946 et
1828 4891 2025 4946 novell.

453 4954 645 5012 Justtn.
679 4958 764 5013 l7.
790 4959 955 5015 Fonu.

527 5029 553 5100 ff
569 5027 697 5100 Vide
723 5024 1001 5085 Iustiniani
1025 5029 1585 5099 Pragmat.Sanction.
1614 5037 1737 5100 post
1764 5030 2031 5086 novellam

350 5156 363 5167 .
451 5094 646 5169 Julia_ni
675 5114 853 5167 super,
884 5115 1004 5169 cap.
1035 5094 1253 5156 22.'Gn.
1285 5110 1339 5157 et
1363 5100 1482 5154 Cur.

526 5177 547 5204 ο
571 5164 808 5222 Honesta
853 5164 1100 5225 collectio
1130 5179 1231 5234 est,
1262 5171 1424 5225 ducto
1450 5184 1478 5223 a
1519 5169 1794 5233 voluptate
1818 5170 1883 5223 ad
1914 5185 2029 5225 mo-

450 5250 571 5309 rum
612 5238 823 5309 cultum
871 5245 1219 5309 argumento,
1264 5255 1370 5309 quo
1418 5240 1588 5293 utitur
1641 5237 2030 5295 Demosthenes

449 5302 667 5426 month.
689 5322 747 5371 ιι,
778 5308 903 5361 dum
932 5302 1343 5366 Atheniensibus
1386 5317 1576 5363 auctor
1603 5316 1685 5362 est
1712 5317 1787 5373 ut,
1818 5318 2029 5378 specta-

451 5390 519 5426 (Ἢ
543 5390 693 5426 orum
726 5378 995 5426 voluntate
1042 5379 1361 5426 nnsthahita.
1388 5378 1602 5426 utilitati
1633 5378 1801 5426 magis
1825 5380 2029 5426 servia-

451 5378 693 5429 culorum
726 5378 995 5446 voluptate
1042 5379 1361 5448 posthabita,
1388 5378 1602 5448 utilitati
1633 5378 1801 5446 magis
1825 5380 2029 5448 servia-

449 5452 555 5507 tur,
584 5452 639 5499 et
666 5450 907 5515 pecuniae
936 5449 1221 5503 theatrales
1250 5449 1302 5502 in
1334 5464 1459 5502 usus
1509 5447 1766 5502 militares
1796 5447 2021 5502 transfe-

449 5521 672 5593 rantur;
705 5521 939 5593 perspexi:
987 5523 1235 5593 χρήματα
1272 5520 1457 5573 κελεύει
1495 5521 1723 5592 γίνεσθαι
1756 5522 1820 5573 τὰ
1861 5540 2024 5593 στρασ

450 5587 678 5638 τιωτικὰ.
705 5583 972 5643 Libanius.
987 5583 1166 5642 Ῥοιὼ.

519 5652 554 5725 ά,
574 5650 794 5725 Quintil.
820 5655 916 5725 lib.
946 5672 999 5724 x,
1030 5672 1148 5725 cap.
1180 5656 1230 5710 ὅ.
1264 5656 1446 5725 Neque
1473 5656 1616 5710 enim
1647 5656 1785 5711 bona
1816 5656 1918 5712 fide
1946 5659 2020 5713 si-

450 5719 556 5771 mul
585 5736 643 5774 se
668 5719 1177 5796 intendereaninius
1200 5719 1373 5796 totum
1401 5735 1595 5795 potest,
1627 5736 1682 5779 et
1700 5741 2021 5796 quocunque

446 5792 760 5853 respexerit,
791 5793 980 5848 des'nit
1012 5794 1375 5865 intuerioquod
1402 5792 1741 5865 propositum
1769 5806 1885 5850 erat
1909 5792 2019 5851 z—ob

453 5870 670 5928 eamque
690 5874 901 5918 causisin
924 5872 1067 5921 vetat
1094 5862 1422 5919 Justinianus
1450 5862 1741 5937 imperator
1768 5880 1834 5920 ne
1860 5866 2020 5922 simul

2132 4609 2449 4684 coniungat,
2470 4613 2507 4667 l.
2540 4610 2596 4680 5,
2629 4609 2731 4684 Qui
2770 4614 3005 4684 militare
3050 4609 3190 4684 post.
3224 4609 3427 4670 Cflib.
3452 4631 3529 4670 xu
3558 4609 3747 4674 nisu;

2132 4681 2276 4736 nian.
2303 4683 2479 4755 sanxit
2507 4682 2961 4755 nequisduobus
3003 4681 3406 4752 magistratibus
3436 4687 3744 4755 assideret,

2131 4761 2187 4823 ot
2240 4750 2989 4823 utriusquejudiciiicuram
3047 4750 3303 4823 gereret,
3358 4755 3397 4809 Ι.
3454 4757 3600 4821 ult.,
3677 4750 3741 4814 (ἐξ

2131 4819 2209 4875 De
2233 4819 2513 4876 assess.’T.
2541 4819 2740 4885 Livius,
2773 4822 2867 4876 lib.
2897 4838 2952 4877 ιι
2980 4819 3203 4878 ἀείΒθιΙ.
3236 4819 3548 4889 Discedam,
3575 4819 3746 4882 vote-

2129 4905 2243 4947 rem
2276 4890 2501 4964 Roman.
2526 4891 2695 4964 legem
2720 4892 2976 4964 ostendit,
3006 4891 3143 4947 duos
3164 4894 3324 4949 simul
3353 4896 3741 4964 magistratus,

2129 4961 2423 5028 praesertim
2449 4961 2683 5036 curules,
2708 4977 2777 5016 ne
2813 4962 2935 5030 quis
2951 4976 3159 5036 capere
3187 4965 3376 5036 possit,
3412 4961 3598 5034 neque
3644 4961 3748 5036 ge;

2134 5044 2275 5105 rere;
2306 5045 2418 5105 nec_
2431 5030 2589 5085 decet
2616 5030 2797 5105 plures
2824 5030 3167 5105 magistratus
3187 5030 3265 5087 ab
3292 5049 3403 5088 uno
3432 5030 3571 5105 geri,
3609 5030 3742 5094 cum

2134 5099 2345 5173 unicum
2371 5099 2439 5154 ab
2466 5115 2575 5154 uno
2602 5101 2805 5169 Optime
2842 5101 3149 5173 perﬁciatur
3176 5118 3334 5173 opus.
3379 5099 3578 5160 eius»
3604 5106 3744 5165 εῖναι

2131 5172 2189 5249 Et
2233 5171 2433 5249 πλείους
2456 5173 2671 5249 ,ἀρχὰς-μ
2704 5174 2791 5226 τὸν
2820 5169 2970 5249 ἀύτὸ-ρ
3018 5169 3232 5249 ἅρχερξ
3273 5173 3326 5229 ἓν
3367 5178 3471 5249 γὰρ
3504 5177 3589 5247 ὑφ’
3623 5179 3744 5240 ἐνὸς

2131 5238 2288 5322 ξργοχ
2300 5238 2469 5322 apt-63'
2496 5238 2838 5322 ἆςιέᾷττὴῑται.
2871 5238 3129 5322 ᾼΓίειοὶξξ
3151 5243 3244 5297 lib.
3272 5260 3341 5322 nil,
3371 5238 3422 5299 ὸ.
3441 5238 3556 5322 ’ίρξ
3584 5238 3742 5322 Poli—

2133 5308 2221 5363 tic.
2247 5308 2399 5375 Quod
2423 5311 2494 5364 ita
2524 5311 2981 5379 interpretandum
3011 5326 3241 5367 censeo:
3266 5313 3403 5367 Cum
3431 5308 3656 5373 animus
3685 5320 3742 5373 in

2131 5379 2340 5454 diversa
2363 5381 2580 5454 negotia
2608 5380 2957 5454 distrahitur:
2988 5381 3189 5454 alioqui
3218 5384 3350 5454 nihil
3378 5393 3531 5454 vetat
3561 5386 3746 5454 pluri—

2130 5448 2230 5503 bus
2259 5448 2447 5503 studiis
2489 5449 2721 5514 intendi,
2758 5451 2884 5506 dum
2913 5450 3072 5505 unius
3099 5448 3226 5505 cura
3253 5453 3321 5505 ad
3344 5448 3579 5509 alterum
3614 5472 3744 5510 mn-

2131 5519 2245 5572 niat
2274 5520 2431 5595 viain,
2465 5528 2522 5573 ut
2543 5519 2679 5587 juris
2708 5520 3186 5595 civilisscientiam
3234 5521 3354 5577 foro
3396 5524 3741 5595 judiciisque

2130 5587 2443 5664 exercendis
2494 5605 2599 5643 non
2644 5590 2988 5644 mediocriter
3022 5590 3367 5664 conducere:
3398 5587 3741 5664 'contraq'ue

2128 5673 2280 5731 usum
2311 5658 2577 5731 forensem
2630 5674 2769 5731 vene
2796 5674 3174 5731 germanaeque
3198 5662 3377 5729 legum
3417 5658 3735 5731 cognitioni

2130 5727 2183 5781 in
2215 5726 2497 5799 plurimum
2526 5728 2770 5784 conten-re
2798 5726 3038 5797 quotidie
3075 5726 3151 5799 sio
3181 5726 3519 5799 experimur,
3542 5745 3602 5787 ut
3655 5737 3733 5788 al.

2129 5802 2298 5874 teram
2314 5797 2428 5851 sine
2454 5798 2673 5874 alterius
2699 5800 2948 5868 pra-sidio
2971 5814 3101 5855 suos
3120 5797 3362 5857 tines‘vix
3388 5803 3528 5858 tueri
3562 5820 3738 5874 posse

2131 5866 2472 5924 arbitremur.
2499 5867 2665 5926 Fons.
