3960 6394
252 437 365 493 789

1543 451 1906 510 VARIARUM
1954 452 2154 512 LIBER
2195 456 2284 512 IX.

3433 457 3536 514 τοι)

248 559 644 632 tudinljugitcr
673 563 1016 633 inhzerentcs,
1044 573 1159 620 toto
1203 567 1384 636 vigore
1414 568 1575 623 animi
1609 577 1634 606 ι
1663 567 1730 622 ad
1758 568 1856 624 bo.
1886 574 1936 635 Α
1955 571 2262 640 praestando
2287 569 2570 626 desideriis
2599 581 2811 643 patrum
2839 582 2859 605 ⁸
2895 571 3070 628 felicia
3103 572 3345 644 germina
3371 572 3534 646 [Ed.,

252 669 451 708 narum
482 655 676 710 artium
705 656 881 712 studia
911 659 1324 715 transferantur.

787 809 1117 868 EPISTOLA
1155 811 1319 869 XXII.

291 916 524 958 PAULINO
543 918 668 959 γιιιο
699 920 1024 969 οιΑιιιςςικο,
1049 920 1286 971 οοιςςυιι,
1317 921 1680 962 ΑτιιΑιΑῑιιωε
1707 920 1833 960 BE}.

254 990 546 1048 Praeclari:
575 994 812 1069 laudibus
859 995 1142 1069 Paulinum
1169 998 1379 1069 ejusque
1420 997 1676 1069 familiam
1704 1012 1856 1052 exor—

473 1074 583 1118 nat.
619 1065 748 1120 Tum
772 1067 1066 1122 consulatus
1096 1070 1142 1122 ei
1172 1065 1369 1139 confert
1393 1065 1640 1139 insignia.

329 1173 609 1232 lndiscreti
639 1178 917 1234 hominum
954 1195 1137 1236 mores
1163 1180 1480 1253 confusique
1502 1193 1852 1254 vagarentur,

253 1264 304 1320 si
331 1273 427 1320 aut
452 1267 609 1338 culpa
627 1269 986 1336 formidinem,
1005 1281 1097 1326 aut
1118 1273 1288 1329 virtus
1307 1274 1525 1344 praemia
1547 1291 1654 1330 non
1684 1275 1854 1332 babe-

252 1365 362 1412 ret.
387 1357 491 1413 Sed
515 1377 636 1415 cum
660 1370 889 1430 utraque
910 1364 1011 1417 sui~
1045 1360 1237 1420 finibus
1258 1365 1583 1435 propriaque
1605 1367 1856 1421 termina-

252 1449 406 1504 tione
419 1449 754 1518 claudantur,
773 1453 1106 1528 dei|l0153
1128 1454 1278 1509 nefas
1305 1462 1387 1510 est
1401 1455 1618 1523 ambigi,
1635 1456 1727 1526 qui
1749 1472 1857 1512 me-

251 1543 366 1596 ruit
388 1542 510 1611 eligi
525 1543 727 1612 judicio
754 1547 1052 1618 principali.
1086 1547 1204 1603 Non
1244 1549 1386 1604 enim
1415 1549 1709 1619 quidquam
1760 1558 1856 1606 aut

243 1631 860 1702 odiodecernimus,aut
886 1639 1101 1709 pellecti
1130 1639 1308 1710 aliqua
1335 1638 1722 1709 gratiﬁcatione
1750 1641 1855 1697 lau-

246 1725 465 1781 damus.
497 1725 705 1784 Electio
729 1738 912 1786 nostra
941 1731 1010 1787 de
1037 1733 1243 1788 meritis
1270 1733 1450 1797 venit,
1479 1743 1536 1789 et
1557 1741 1706 1788 tanto
1733 1735 1854 1803 quis

247 1817 424 1887 regali
449 1819 632 1874 animo
658 1822 1018 1892 proximatur,
1045 1831 1251 1893 quanto
1275 1823 1435 1879 bonis
1461 1823 1653 1880 studiis
1679 1826 1854 1882 socie-

245 1915 365 1964 tate
401 1911 761 1979 coniungitur.
803 1912 922 1968 Non
964 1915 1260 1970 vereamini
1287 1914 1556 1982 absentes,
1585 1931 1686 1970 nec
1729 1916 1847 1972 sitis

242 1999 318 2054 de
336 2001 593 2073 principis
623 2003 961 2072 ignoratione
981 2007 1222 2062 solliciti.
1268 2005 1462 2064 Latere
1490 2016 1670 2079 potest
1697 2006 1847 2064 forsi-

245 2100 342 2148 tan
370 2094 591 2164 vulgare
610 2097 884 2154 hominum
901 2113 1094 2170 genus,
1113 2101 1306 2158 nesciri
1337 2117 1442 2157 non
1465 2109 1644 2174 potest
1665 2101 1846 2174 proles

243 2191 469 2238 senatus
491 2201 505 2238 :
537 2187 755 2255 quando
773 2187 914 2245 bene
935 2189 1048 2246 noti
1076 2199 1223 2260 sunt,
1245 2191 1339 2261 qui
1365 2191 1570 2248 meritis
1589 2207 1841 2248 asserun-

244 2279 367 2338 tur;
395 2281 452 2329 et
479 2275 694 2332 abunde
715 2281 1084 2350 cognoscitur,
1114 2282 1357 2354 quisquis
1382 2282 1526 2338 fama
1555 2291 1694 2340 teste
1722 2283 1842 2338 lau-

243 2362 425 2417 datur.
467 2364 812 2440 QuaprOpter
841 2381 895 2426 te
925 2370 1235 2442 longissime
1263 2374 1617 2430 constitutum
1647 2375 1844 2433 mentis

243 2461 448 2509 nostra:
475 2455 666 2514 oculus
693 2473 916 2515 serenus
942 2460 1175 2532 inspexit
1195 2471 1252 2518 et
1271 2463 1406 2519 vidit
1423 2463 1673 2520 meritum
1699 2463 1843 2534 quod

241 2561 357 2601 non
387 2547 689 2606 habebatur
709 2553 998 2608 occultum.
1035 2553 1372 2626 PropOsitum
1401 2557 1665 2628 siquidem
1691 2564 1841 2613 tuum

241 2639 516 2695 celebrata
565 2641 812 2699 dilatavit
864 2645 1068 2716 opinio,
1127 2647 1330 2704 faciens
1404 2647 1568 2704 fidem
1627 2649 1842 2720 generis

243 2747 457 2788 morum
481 2736 740 2805 pondere,
759 2753 869 2794 non
889 2747 1049 2795 actate
1070 2738 1121 2796 ι’.
1149 2741 1334 2812 Neque
1360 2742 1503 2798 enim
1531 2741 1612 2799 fas
1638 2751 1757 2798 erat
1785 2750 1844 2799 ut

240 2841 406 2893 quem
436 2826 636 2884 familia
683 2837 834 2886 tanta
866 2831 1218 2903 produxerat,
1241 2835 1518 2890 sententia
1555 2841 1740 2890 nostra
1788 2835 1842 2891 in
1925 2836 1942 2856 '

241 2931 317 2972 eo
373 2919 752 2988 corrigendum
799 2921 998 2994 aliquid
1043 2923 1328 2982 inveniret.
1380 2924 1576 2982 Semen
1626 2926 1844 2997 generis

242 3025 462 3066 tuorum
484 3011 744 3070 fructibus
764 3015 1060 3071 reddidisti.
1076 3016 1216 3072 Nihil
1237 3017 1390 3073 vobis
1401 3025 1532 3072 mtas
1542 3017 1700 3088 longa
1714 3018 1844 3075 sub—

239 3101 417 3156 duxit.
453 3102 717 3174 Antiquos
743 3104 796 3160 in
819 3113 873 3160 te
901 3105 1094 3162 Decios
1126 3106 1296 3163 Roma
1324 3108 1606 3178 cognovit;
1627 3107 1840 3175 Decios,

246 3193 491 3262 inquam,
522 3195 716 3264 priscis
742 3196 951 3252 sacculis
977 3198 1298 3253 honoratam
1328 3199 1654 3269 prosapiem,
1676 3198 1836 3254 liber-

244 3283 378 3340 tatis
406 3286 686 3356 auxilium,
713 3289 876 3344 curia:
904 3287 1088 3353 decus,
1121 3289 1351 3346 Romani
1393 3289 1630 3346 nominis
1656 3289 1844 3360 singua

247 3377 367 3432 lare
393 3380 720 3450 praeconium
749 3398 766 3435 :
794 3383 884 3437 cui
911 3382 1218 3453 specialiter
1243 3383 1575 3454 adscriptum
1596 3391 1680 3440 est
1701 3383 1847 3453 quod

246 3468 701 3528 immanissimum
731 3471 944 3529 hostem
987 3481 1133 3529 statu
1162 3474 1470 3545 reipublic]:
1509 3474 1848 3545 periclitante

247 3562 453 3629 evasit;
483 3571 540 3619 et
569 3563 622 3618 in
651 3573 799 3620 tanta
819 3565 1059 3622 virorum
1088 3564 1308 3621 fortium
1334 3565 1677 3622 multitudine
1702 3565 1850 3622 solus

247 3653 506 3710 inventus
547 3656 781 3725 est,qui
833 3657 1065 3726 patriam
1107 3657 1230 3728 plus
1273 3665 1526 3714 amasset.
1577 3656 1706 3714 llaec
1748 3672 1850 3715 nos

243 3745 502 3815 exempla
539 3747 916 3804 submonendo
955 3764 1176 3819 semper
1203 3749 1548 3806 accendunt:
1573 3750 1699 3821 quia
1742 3765 1852 3806 ma-

245 3849 393 3902 gnus
411 3838 750 3893 verecundia:
775 3839 1024 3895 stimulus
1045 3848 1150 3910 est,
1187 3841 1302 3896 laus
1323 3851 1607 3912 parentum
1634 3853 1691 3909 ος
1723 3844 1850 3900 dum

247 3927 362 3982 illis
389 3943 498 3984 non
527 3929 761 3999 patimur
801 3947 924 3988 esse
967 3933 1234 4004 impares,
1263 3950 1402 4006 quos
1428 3934 1724 4004 gaudemus
1749 3951 1850 3992 au-

250 4027 463 4075 ctores.
513 4018 582 4074 Et
629 4021 782 4088 ideo,
810 4022 960 4093 quod
999 4025 1112 4081 Deo
1142 4026 1361 4097 auspice
1388 4027 1590 4083 dictum
1633 4027 1724 4096 sit,
1756 4043 1854 4099 per

252 4115 604 4172 indictionem
634 4117 1012 4174 duodecimam
1045 4122 1243 4192 (Auno
1279 4120 1472 4178 Christi
1502 4121 1649 4194 554)
1699 4137 1854 4179 sume

246 4208 487 4278 insignia
515 4211 866 4279 consulatus;
897 4213 1158 4270 honorem
1197 4215 1414 4286 quidem
1462 4216 1688 4272 ardumn
1711 4259 1728 4285 ,
1759 4217 1854 4274 sed

251 4300 472 4356 familia:
493 4311 687 4358 vestite
709 4303 1082 4362 domesticum.
1117 4307 1226 4362 Vos
1261 4309 1407 4364 enim
1449 4311 1731 4382 completis
1759 4327 1854 4382 pa-

247 4397 434 4464 ginam
460 4398 838 4467 consularem;
867 4416 964 4456 vos
991 4401 1185 4457 crebro
1224 4403 1467 4458 nominat
1495 4402 1523 4442 ἀ
1545 4419 1734 4460 cursus
1758 4421 1855 4460 an-

254 4503 452 4542 norum
479 4505 495 4554 ;
524 4496 582 4544 et
607 4489 733 4544 dum
761 4491 918 4562 copia
956 4492 1247 4562 plurimum
1275 4493 1449 4550 soleat
1477 4495 1678 4551 habere
1705 4495 1856 4552 fasti-

251 4576 438 4642 dium,
479 4587 716 4634 vestrum
768 4595 966 4636 nomen
1014 4583 1304 4652 repetitum
1353 4599 1572 4656 semper
1623 4585 1856 4642 efﬁcitur

1953 662 2178 736 genera]
2204 664 2586 719 masculorum.
2616 663 2752 720 llinc
2774 674 2854 720 est
2877 667 3020 736 quod
3044 665 3097 720 in
3125 665 3217 720 illo
3233 678 3416 718 rerum
3441 681 3539 720 ca—

1957 757 2067 826 pite
2098 757 2356 824 collegam
2375 757 2460 812 vix
2485 757 2682 812 videtis
2705 766 3026 812 extraneum
3060 773 3076 812 :
3103 756 3202 812 hos
3222 757 3536 828 habetisju-

1956 849 2126 916 dices,
2165 864 2299 918 quos
2327 849 2661 920 parentes.0
2691 859 3000 921 temporum
3034 849 3310 920 singulare
3329 864 3534 920 praeco-

1959 943 2130 996 nimnl
2157 941 2317 997 Curia
2335 941 2578 996 Romana
2604 941 2908 1012 completur
2932 956 3072 1013 pene
3094 953 3274 996 vestra
3307 941 3536 998 familia:

1957 1049 2085 1090 ecce
2125 1049 2249 1090 vere
2275 1051 2603 1090 nuncunum
2636 1035 2924 1090 dicendum
2949 1041 3032 1090 est
3059 1050 3283 1105 corpus,
3320 1035 3542 1106 quando

1957 1137 2175 1183 constat
2205 1129 2367 1184 vicini
2397 1129 2500 1183 sibi
2537 1129 2752 1198 generis
2781 1129 3044 1184 sacietate
3063 1127 3411 1199 permixtum.
3433 1127 3541 1184 Sed

1959 1236 2065 1276 non
2096 1222 2340 1277 remittas
2359 1222 2570 1278 animos
2593 1221 2918 1278 confidentia
2951 1232 3162 1276 tuormn
3188 1239 3204 1288 ;
3229 1237 3330 1279 nec
3350 1223 3548 1278 credas

1957 1328 2118 1385 posse
2145 1312 2412 1380 sufficere,
2456 1313 2599 1382 quod
2633 1313 2728 1369 tibi
2760 1313 2986 1385 contigit
3017 1313 3083 1368 de
3106 1313 3318 1369 illorum
3342 1314 3544 1383 praedi-

1869 1437 1878 1449 ο
1959 1407 2172 1464 catione.
2189 1405 2578 1475 gauderePlu's
2595 1407 2827 1476 exigitur
2845 1408 3016 1463 hmres
3030 1407 3546 1478 bonorum,quandu

1953 1501 2071 1549 sine
2098 1495 2400 1550 cessatione
2443 1495 2803 1567 compellitur,
2833 1496 2926 1566 qui
2967 1496 3232 1566 majorum
3261 1497 3568 1553 virtutibus.

1954 1587 2290 1640 admonetur.
2321 1585 2472 1643 Adde
2498 1585 2683 1644 laudes
2711 1588 2954 1659 egregias
2973 1587 3274 1644 senioribus
3295 1589 3431 1655 tris;
3459 1603 3550 1644 se-

1955 1693 2128 1750 quens
2163 1686 2294 1734 mtas
2340 1694 2462 1735 cum
2492 1668 2676 1748 aliqua
2697 1679 2954 1750 Opinabili
2993 1679 3232 1736 novitate
3269 1681 3546 1736 succedat.

1954 1769 2089 1824 Nam
2117 1769 2160 1824 si
2183 1768 2474 1839 gloriosum
2506 1778 2590 1826 est
2614 1769 2844 1842 posteris
2865 1769 3035 1826 avitas
3061 1770 3353 1827 extendere
3381 1772 3550 1830 facul-

1956 1866 2123 1928 tates,
2169 1867 2372 1930 quanto
2416 1861 2756 1931 prmstantius
2801 1867 2885 1916 est
2933 1860 3296 1918 hmreditarias
3347 1877 3570 1932 augere

1881 1952 1921 2011 η
1949 1948 2212 2005 virtutes!
2248 1947 2428 2006 Mores
2469 1957 2592 2006 tuos
2635 1949 2962 2007 domesticos
2988 1951 3401 2008 conversatione
3429 1953 3554 2008 lau-

1950 2040 2195 2096 davimus
2223 2058 2236 2094 :
2263 2040 2358 2096 sed
2386 2039 2562 2110 majus
2587 2041 2787 2111 aliquid
2825 2057 2969 2100 nunc
2997 2043 3152 2099 decet
3180 2043 3406 2115 publicis
3446 2057 3554 2100 ex-

1951 2131 2138 2186 bibere
2157 2131 2556 2202 conspectibus,
2586 2129 2727 2187 unde
2753 2131 2854 2188 sibi
2883 2145 2984 2188 nec
3002 2141 3134 2190 tetas
3173 2141 3358 2190 tenera
3388 2133 3543 2190 blan-

1949 2219 2148 2290 diatur,
2179 2236 2280 2278 nec
2325 2228 2502 2277 metus
2541 2220 2822 2292 quisquam
2851 2222 3115 2292 vindicet,
3146 2240 3247 2282 nec
3289 2226 3543 2295 magister

1948 2319 2205 2368 assumat.

2467 2445 2802 2504 EPISTOLA
2837 2447 3022 2506 XXIII.

2183 2553 2404 2594 SENATDI
2434 2554 2580 2594 υειιιιε
2603 2555 2763 2596 ΒΟΙΕ
2786 2557 3148 2598 ΑτηΑιΑιιιουε
3175 2559 3301 2600 IIII.

1949 2629 2489 2706 Magnopereextollit
2527 2630 2841 2688 Venautium
2868 2633 3080 2688 Paulini
3107 2643 3325 2706 patrem,
3341 2637 3554 2706 ipsum.

2018 2718 2114 2777 que
2142 2702 2442 2777 Paulinum,
2472 2719 2618 2773 quem
2647 2713 2910 2758 creaverat
2934 2702 3222 2771 consulem;
3253 2716 3304 2760 et
3331 2702 3456 2777 petit
3481 2713 3541 2761 ut

2017 2771 2129 2843 ejus
2154 2772 2388 2826 electioni
2417 2771 2645 2844 (ducant.

2018 2860 2176 2930 Quid,
2208 2871 2389 2934 patres
2417 2863 2730 2936 conscripti,
2759 2863 2828 2922 de
2847 2864 2999 2922 vobis
3020 2865 3320 2937 iudicemus
3338 2882 3542 2938 expen-

1948 2951 2079 3021 dite,
2104 2969 2227 3010 cum
2255 2953 2324 3010 ad
2343 2969 2669 3012 summarum
2693 2957 2926 3013 culmina
2947 2957 3265 3028 dignitatum
3286 2959 3542 3029 germinis

1948 3045 2111 3100 vestri
2152 3045 2300 3102 viros
2340 3059 2482 3116 quos
2528 3063 2805 3118 nunquam
2832 3049 3064 3107 vidimus
3103 3050 3398 3120 eligamus,
3432 3067 3580 3108 non.

1947 3129 2160 3192 fastidio
2204 3137 2544 3207 negligentia;
2565 3180 2584 3208 ,
2633 3139 2730 3195 sed
2774 3139 3076 3197 honorabili
3127 3143 3545 3213 pnesumptione

1949 3237 2174 3286 natum.
2208 3229 2288 3286 Ad
2316 3232 2808 3289 examen'veniant
2850 3249 2970 3304 quas
3014 3243 3272 3306 putantur
3315 3235 3538 3290 incerta.

1873 3332 1918 3395 ο
1951 3321 2084 3377 Nam
2108 3323 2230 3394 quis
2257 3322 2324 3379 de
2349 3324 2439 3380 illa
2463 3339 2528 3381 re
2567 3327 2798 3384 mstimet
2837 3326 3262 3394 deliberandum,
3293 3327 3384 3382 ubi
3413 3326 3544 3382 nihil

1949 3421 2228 3484 reputatur
2253 3415 2599 3488 ambiguum?
2645 3416 2845 3474 Omnes
2867 3405 3085 3490 quidem
3112 3419 3412 3489 benignitas
3442 3432 3545 3472 nos

1947 3513 2060 3560 stra
2085 3506 2483 3578 complectitur,
2517 3507 2612 3565 sed
2635 3509 2771 3566 tales
2797 3511 3040 3569 veritatis
3067 3511 3376 3567 testimonio
3404 3524 3547 3582 pra.»

1949 3594 2212 3653 dicamus.
2255 3594 2518 3652 Prmcedit
2557 3598 2774 3669 quidem
2821 3600 3022 3672 gratia,
3054 3601 3148 3658 sed
3193 3600 3438 3670 sequitur
3464 3599 3547 3654 in-

1950 3694 2204 3756 corrupta
2224 3687 2518 3743 sententia.
2549 3687 2684 3745 Nam
2713 3689 2853 3746 sicut
2880 3690 3022 3747 idem
3051 3691 3213 3748 curia:
3239 3689 3437 3762 corpus
3464 3697 3550 3746 cst

1949 3777 2132 3845 vobis,
2163 3777 2238 3833 ita
2287 3778 2342 3834 in
2392 3795 2560 3836 unum
2597 3780 2851 3838 laudabili
2897 3783 3178 3855 proposito
3226 3784 3544 3841 convenitis.

1951 3869 2064 3926 Vos
2083 3884 2214 3940 ergo
2241 3871 2516 3938 dilexisse,
2539 3872 2800 3943 judicium
2825 3882 2926 3940 est,
2952 3875 3095 3932 unde
3128 3875 3390 3932 libertatis
3417 3890 3549 3946 aug-

1952 3971 2196 4018 mentum
2245 3970 2302 4018 et
2345 3963 2518 4021 nostri
2561 3964 2773 4035 imperii
2815 3965 3009 4022 crescit
3052 3973 3296 4022 ornatus.
3347 3965 3549 4024 lterum

1953 4069 2132 4112 causa:
2157 4070 2374 4128 semper
2399 4056 2454 4111 in
2493 4056 2701 4112 semine
2747 4063 2893 4123 sunt,
2933 4055 3136 4113 fructus
3163 4056 3342 4112 editus
3369 4057 3551 4129 prodit

1955 4155 2234 4215 auctores;
2267 4153 2323 4204 et
2347 4146 2605 4218 quidquid
2629 4162 2660 4203 a
2679 4147 2971 4205 Divinitate
2989 4162 3280 4218 meremur,
3309 4147 3378 4204 de
3407 4147 3550 4204 felici

1956 4240 2111 4312 prole
2137 4239 2425 4311 colligitur.
2461 4239 2599 4298 llinc
2625 4248 2710 4298 est
2745 4239 2890 4312 quod
2915 4239 3201 4312 patricium
3228 4240 3547 4296 Venantium

1956 4333 2057 4390 sub
2078 4332 2432 4390 admiratione
2468 4349 2777 4406 pensemus,
2800 4341 2856 4390 et
2881 4333 3108 4390 fecunda
3135 4333 3290 4404 prole
3315 4333 3550 4402 gauden-

1957 4432 2086 4490 tem,
2118 4431 2174 4480 et
2202 4431 2284 4480 tot
2309 4425 2681 4482 consulatibus
2700 4441 2908 4498 parem.
2939 4423 3200 4481 Educavit
3227 4426 3370 4482 enim
3415 4424 3551 4482 libe-

1956 4531 2049 4574 ros
2077 4517 2222 4573 nulla
2249 4517 2576 4576 discretione
2601 4519 2924 4591 laudandos,
2948 4518 3192 4592 pondere
3219 4510 3550 4576 moderatio;

1959 4609 2042 4664 nis
2069 4609 2326 4679 aequales,
2339 4608 2536 4680 ingenii
2559 4611 2844 4669 vivacitate
2870 4611 3182 4669 consimiles
3196 4609 3216 4650 τ
3224 4652 3239 4678 ,
3255 4618 3312 4668 et
3337 4625 3548 4668 morum
3613 4605 3620 4612 ’

249 4673 577 4744 gloriosum.
623 4676 758 4734 lluic
796 4677 1028 4748 denique
1063 4679 1248 4750 generi
1295 4678 1538 4752 Superna
1585 4680 1849 4748 faverunt,

1959 4699 2220 4756 societate
2265 4715 2397 4758 vere
2443 4715 2763 4772 germanos;
2793 4717 3022 4772 quorum
3067 4700 3349 4758 infantiam
3395 4701 3552 4758 bonis

338 4854 366 4884 "
399 4852 510 4910 Hac
537 4853 609 4932 de
625 4872 686 4912 re
706 4856 934 4932 videtr
981 4859 1050 4914 de
1079 4875 1190 4915 var.
1223 4869 1280 4916 et
1305 4870 1417 4919 ext.
1449 4876 1632 4932 cogn.;
1655 4863 1852 4921 Senec.

257 4924 356 5000 lib:
387 4941 504 5000 aut,
523 4927 682 5000 epist.
704 4926 799 5000 89;
831 4927 996 4998 Plin.,
1018 4946 1245 5000 procem.
1271 4932 1364 4988 lib.
1394 4924 1704 4990 utvaotnv.

336 4993 617 5074 b_Vi_t_-tut'is
631 4997 773 5074 enim
795 5015 956 5074 quam
967 4993 1142 5074 minus
1162 5017 1352 5074 cursus
1365 5003 1613 5067 celerior,
1629 5014 1852 5074 auctore

259 5064 336 5119 bl.
362 5063 558 5146 Tullio,
589 5084 623 5122 v
650 5066 788 5146 Ph_i_l.
813 5063 942 5124 ’Νεο
971 5071 1114 5125 enim
1143 5073 1299 5146 cani,
1329 5090 1436 5129 non
1463 5063 1611 5144 rug:e
1629 5063 1853 5146 repente

257 5135 642 5218 auctoritatem
674 5138 874 5218 afferre
892 5149 1139 5218 possunt,
1165 5149 1258 5198 sed
1279 5135 1508 5218 honeste
1528 5135 1663 5200 acta
1691 5135 1852 5218 supe-

255 5206 374 5282 rior
397 5206 907 5282 ictas_auctoritat_is
943 5206 1150 5282 fructus
1202 5215 1404 5282 praebet
1451 5206 1854 5278 extremosfut

256 5275 406 5357 idem
438 5275 491 5330 in
522 5276 728 5334 Catone
755 5279 976 5349 Majore.
1009 5275 1285 5357 l_taqtte'l).
1318 5282 1677 5357 Hieronymus
1706 5275 1854 5357 pres-

258 5348 574 5419 byterorum
605 5364 802 5406 nomen
841 5348 958 5405 non
991 5351 1058 5406 ab
1085 5348 1261 5406 aetatis
1303 5355 1476 5419 senio,
1503 5348 1598 5410 sed
1640 5348 1852 5412 morum

255 5417 524 5486 gravitate
549 5426 603 5473 et
629 5420 936 5476 maturitate
967 5429 1196 5477 tractum
1219 5422 1312 5478 ait.
1344 5417 1512 5478 Fons.

338 5499 359 5566 ξ
391 5487 977 5566 Magnusverecundim
1001 5491 1252 5548 stimulus
1273 5501 1376 5562 est,
1409 5493 1524 5550 laus
1545 5503 1852 5566 parentum,

257 5561 440 5633 γνώμη
463 5557 772 5628 Virgilianae
791 5561 980 5617 similis
1004 5578 1020 5616 :
1361 5557 1371 5562 ⁷
1547 5557 1566 5566 ’
1817 5585 1824 5593 ι

387 5649 438 5699 Ει
468 5657 608 5712 pater
624 5649 823 5714 Encas,
841 5658 895 5704 et
914 5653 1180 5704 avunculus
1199 5656 1384 5704 excitat
1402 5653 1601 5708 Hector.

261 5736 363 5790 llic
390 5745 575 5810 autem
598 5735 1027 5810 Theodericum,
1059 5747 1336 5810 parentem
1381 5755 1556 5806 suum,
1588 5739 1854 5796 Athalari-

258 5821 362 5874 cus
389 5805 655 5874 intelligit.
687 5806 852 5863 Fontv.

333 5873 362 5912 ἀ
393 5873 501 5929 Per
521 5873 768 5932 censules
795 5877 920 5935 anni
966 5877 1120 5932 Rom.
1157 5879 1603 5944 numerabantur,
1629 5880 1853 5936 Athenis

263 5961 365 6018 per
387 5959 702 6017 eponymos,
729 5947 830 6004 Jul.
868 5946 1078 6016 Pollux,
1101 5947 1174 6004 lib
1199 5964 1291 6004 vut
1318 5947 1590 6007 Onomast.
1616 5970 1627 6004 :
1651 5951 1787 6009 Ἐστί
1807 5951 1852 6006 δ’

1957 4879 2218 4940 intimum;-
2249 4874 2422 4943 οὗτος,
2453 4882 2536 4934 καὶ
2577 4879 2666 4934 ἀπ’
2697 4880 2857 4934 αὐτοῦ
2901 4877 2929 4932 ὃ
2979 4900 3016 4948 γ
3059 4877 3168 4938 όνος
3216 4877 3547 4954 agema-ai:

1957 4939 2178 5002 novelI.:
2210 4957 2330 5002 περὶ
2350 4957 2450 5002 τῶν
2470 4951 2720 5002 ὑπάτωνε
2751 4958 2806 5002 et
2833 4963 2958 5002 nov.
2990 4897 3081 5002 ἦ.
3113 4948 3149 5002 l.
3179 4948 3233 5002 '5.
3267 4949 3330 5002 Ι).
3362 4947 3442 5000 De
3461 4963 3547 5000 ac-

1953 4939 2178 5004 novelI.:
2200 4939 2330 5025 rupi
2350 4939 2450 5006 τῶν
2468 4951 2720 5025 ﬁgi-dirus;
2751 4958 2820 5025 et_
2833 4963 2958 5003 nov.
2974 4939 3081 5025 :47,
3113 4948 3149 5002 l.
3179 4939 3341 5025 '5,'D.'
3362 4947 3552 5025 Delie-

1953 5027 2145 5084 curat;
2175 5028 2232 5076 et
2259 5016 2441 5090 supra,
2468 5020 2656 5090 lily“,
2701 5019 2755 5078 iu
2797 5017 3024 5074 formula
3052 5020 3364 5075 consulatus
3393 5034 3406 5069 :
3441 5016 3550 5070 No-

1954 5104 2076 5144 men
2097 5084 2392 5158 annorut'u,
2421 5084 2528 5146 etc.
2557 5084 2726 5145 Fons.

2029 5192 2054 5220 υ
2085 5179 2261 5259 Leges
2283 5177 2560 5259 Voconian,
2599 5180 2789 5259 salice:
2817 5159 2994 5259 mares
3041 5177 3267 5259 feminis
3298 5177 3552 5259 praetule-

1954 5259 2112 5316 runt,
2145 5249 2200 5306 et
2240 5252 2329 5321 jus
2368 5250 2623 5318 Romam,"
2653 5253 2688 5306 Ι.
2723 5250 2787 5306 In
2829 5252 3027 5319 multis,
3059 5251 3126 5304 de
3167 5256 3312 5304 statu
3342 5249 3548 5303 homin.

1955 5321 2072 5378 Hoc
2097 5321 2390 5377 Menander
2409 5323 2658 5390 columen
2682 5321 2895 5377 familiae
2916 5331 3092 5377 vocat.

2095 5413 2278 5474 Στῦλος
2305 5415 2406 5488 γὰρ
2428 5410 2568 5468 οἴκου
2589 5411 2768 5474 παῖδές
2789 5415 2916 5468 εἰσιν
2945 5410 3176 5486 adhuc.
3208 5409 3379 5465 FoaN.

2033 5501 2051 5542 ί
2086 5501 2392 5572 Similitudo
2419 5501 2642 5557 fratrum
2663 5502 2748 5572 vel
2777 5502 3126 5572 gemellorum
3155 5499 3383 5572 gratiam
3413 5512 3548 5572 cou-

1956 5573 2276 5650 giliat,u_leg.
2325 5571 2426 5639 '59;
2457 5574 2494 5628 l.
2522 5572 2616 5650 ίῳ,
2641 5567 2914 5650 _IIi__eirim,
2943 5573 3015 5650 D._
3050 5567 3315 5650 υεςωιιες.
3367 5567 3547 5650 στέξας

1957 5636 2340 5769 ξξΙῙῖιϊρῦὒῖγιι,
2367 5636 2488 5715 cap.
2515 5636 2611 5710 l2,
2624 5642 2694 5699 de
2723 5643 2794 5697 M.
2818 5636 3053 5699 Antonio
3083 5640 3381 5696 triumviro.
3408 5636 3552 5690 Maro

1983 5729 2029 5768 ta
2057 5754 2070 5767 .
2125 5732 2136 5768 ι
2180 5753 2194 5767 .
2219 5730 2272 5769 tx
2306 5731 2318 5768 :

2021 5803 2139 5862 Qum
2165 5817 2290 5854 nova
2310 5811 2404 5853 tam
2424 5805 2609 5854 similes
2619 5806 2794 5864 genuit
2813 5805 2898 5854 tibi
2920 5803 3048 5852 Leda
3072 5803 3332 5860 ministros,

1955 5896 2082 5954 etc.;
2110 5886 2144 5942 l.
2168 5885 2260 5958 ‘22,
2295 5887 2543 5956 Proinde,
2567 5887 2634 5944 ad
2656 5887 2690 5943 Ι.
2721 5887 2891 5960 Aquit.
2915 5887 3080 5944 Fons.
