1980 3201
189 219 238 247 791

809 217 842 243 Μ.
864 214 1002 243 Αυιιειιι
1022 214 1220 244 CASSIODORI

1787 216 1851 245 799

188 278 291 306 artibus
303 274 631 310 enutritam,juventutem
645 280 751 309 quoque
762 273 844 300 armis
853 272 983 303 exercuit,
998 272 1021 300 Α
1037 272 1120 305 gratia
1136 272 1292 300 custodiret.
1314 272 1382 299 Nam
1394 279 1474 307 quem
1489 273 1534 301 ille
1548 273 1636 301 virum
1650 277 1700 301 aut
1713 273 1852 302 exerciti—

188 324 305 351 f'ormans
317 322 434 351 animum
450 320 556 352 litteris,
567 319 687 347 membra
702 319 861 355 gymnasiis:
876 317 984 345 tradens

188 367 281 396 amicis
292 366 421 395 exhibere
431 365 621 397 constantiam,
633 364 749 392 dominis
760 364 852 397 fidem;
870 368 898 391 et
907 363 985 398 quid-

187 412 249 446 quid
265 412 291 439 in
306 412 353 439 illo
367 412 425 438 viro
449 412 534 445 gratia
548 410 637 439 divina
652 410 794 444 concessit,
807 410 909 443 integra
924 417 985 444 per-

187 457 303 485 fectione
324 456 509 485 transmissum
525 463 620 483 cernas
641 455 667 482 in
682 459 815 490 posteros.
831 454 936 482 Jactent
955 461 985 481 se

187 505 231 531 alii
247 505 417 539 possessione
432 503 568 538 locupleti,
581 509 766 536 summumque
776 505 871 536 putent
885 501 984 528 bonum

187 550 259 577 solas
278 558 337 578 esse
360 550 475 577 divitias.
491 549 519 576 lu
543 549 594 576 hac
614 553 703 575 autem
719 547 799 575 domo
814 554 867 573 non
882 550 985 573 tantum

188 595 365 633 patrimoniis,
378 595 424 623 sed
445 599 472 622 et
494 594 637 622 virtutibus
652 594 740 621 aditur
760 592 912 620 hmreditas.
927 591 985 618 Hoc

189 645 231 668 cst
252 640 373 676 profecto
388 641 458 676 quod
475 648 537 668 vere
551 640 648 667 divites
671 639 745 672 facit,
761 638 869 673 quando
884 638 984 665 nullum

191 687 285 714 melius
299 691 389 721 potest
403 693 463 714 esse
474 686 662 720 compendium
672 705 680 717 ,
695 693 774 719 quam
788 684 910 713 laudibus
921 691 984 711 suc-

190 732 303 760 cessisse
318 732 460 766 majorum.
485 731 631 759 Probatum
647 735 688 758 est
710 731 793 758 etiam
809 730 835 758 in
858 737 891 757 eo
906 729 984 756 bonis

188 777 418 812 dispensatoribus
432 777 469 804 nil
483 777 587 805 deesse.
602 776 690 806 Alieni
709 776 859 808 continens,
876 774 984 809 propria

188 823 237 850 sub
248 823 432 851 moderatione
442 822 615 855 distribuens,
632 826 659 850 et
674 822 799 849 inusitata
814 822 892 849 laude
904 821 986 848 mira-

190 870 260 903 lnilis,
275 870 339 896 nulli
363 869 452 903 gravis
480 872 521 897 tot
544 868 656 903 protulit
678 868 842 896 consulares.
864 866 987 902 Recipiat

190 916 246 943 lucc
261 915 371 943 audiens
386 913 500 942 fructum
521 914 668 946 bonorum;
684 917 812 947 agnoscat
833 921 862 940 se
885 920 986 948 pramo-

1036 316 1086 344 bus
1099 317 1247 352 pratficiens
1259 325 1319 345 cum
1330 318 1444 345 victoria
1455 326 1509 346 non
1523 318 1644 354 recepit;
1659 322 1707 346 aut
1718 318 1852 353 judicem

1036 362 1146 396 cingens
1161 361 1224 398 [Ms.
1238 361 1301 389 Niv.
1317 366 1342 389 et
1357 361 1445 395 Cum,
1456 369 1576 397 ungens;
1588 362 1647 389 Jur.
1665 371 1674 389 :
1688 363 1774 398 forte,
1791 370 1851 390 au-

1036 407 1194 443 gens],non
1219 407 1397 442 justissimnm
1422 407 1628 443 comprobavit?
1642 406 1713 435 Cum
1742 406 1851 436 futuris

1036 454 1117 482 rebus
1135 461 1197 481 eum
1217 453 1341 481 crederes
1368 453 1469 480 habere
1493 456 1657 486 tractatum;
1674 459 1738 480 nam
1767 451 1849 487 quod

1036 500 1203 535 concepisset
1212 500 1327 531 animus,
1343 499 1474 527 reddebat
1487 506 1596 534 semper
1608 498 1741 530 effectus;
1753 498 1850 526 miro-

1036 552 1088 579 que
1103 545 1241 579 sapientiae
1254 544 1344 571 studio
1358 552 1411 571 non
1431 543 1548 571 habebat
1563 543 1684 576 dubium,
1701 543 1781 578 quod
1796 550 1851 571 ver

1037 591 1134 619 raciter
1158 590 1320 626 pnevidebat
1347 597 1406 618 csse
1429 594 1582 618 venturum.
1609 589 1735 624 Denique
1754 596 1792 616 ex
1817 592 1850 617 te

1036 637 1151 672 probare
1179 644 1320 671 possumus
1345 635 1473 663 eximium
1500 635 1630 670 principis
1657 634 1820 662 institutum
1836 642 1847 661 :

1036 691 1115 718 quem
1140 684 1295 719 primzcvum
1322 682 1452 717 recipien=
1479 681 1513 709 ad
1536 681 1681 716 quzestoris
1707 680 1848 714 ofﬁcium,

1037 737 1100 757 mox
1110 730 1210 764 reperit
1223 728 1387 756 conscientia
1402 727 1554 763 praeditum,
1565 731 1593 754 et
1603 727 1694 761 legum
1707 726 1851 754 eruditio-

1037 784 1071 803 ne
1085 780 1229 803 maturum.
1241 774 1325 802 Fuisti
1340 773 1465 801 nimirum
1476 781 1580 801 summa
1594 778 1749 808 temporum
1764 773 1848 806 laus;

1037 825 1066 848 ut
1080 821 1153 848 illum
1173 821 1211 848 sic
1225 820 1258 847 ad
1270 819 1360 847 omnia
1381 819 1528 846 sollicitum
1551 818 1684 846 inoffensa
1708 817 1850 846 redderes

1036 867 1210 894 famulatione
1224 873 1359 896 securum,
1374 865 1437 892 dum
1451 864 1551 892 molem
1567 867 1670 891 tantam
1682 863 1789 898 regalis
1803 863 1850 891 in-

1036 912 1107 946 genii
1122 910 1252 938 facundiae
1267 914 1318 937 tuac
1332 909 1434 937 viribus
1445 909 1602 936 sustineres.
1615 908 1654 936 Te
1666 908 1694 936 in
1709 907 1850 936 dictatio-

190 969 251 988 nem
267 960 367 988 habere
380 967 459 995 quem
474 959 624 993 dominum,
639 963 666 987 et
677 959 745 986 inter
756 962 796 986 tot
811 958 910 985 lumina
924 965 986 992 pro-
1004 962 1022 990 tt
1038 958 1116 985 nibus
1130 964 1276 989 amoenum,
1291 960 1317 983 te
1332 956 1365 983 ad
1374 955 1506 990 justitiam
1530 953 1658 989 rigidum,
1672 957 1700 981 te
1713 953 1817 981 habuit
1829 960 1850 981 ι

189 1014 281 1034 cerum
295 1006 464 1041 singulariter
478 1005 560 1033 fuisse
574 1005 720 1033 laudatum.
743 1004 809 1033 Nam
823 1004 845 1033 si
860 1004 982 1033 homines

190 1057 269 1081 ornat
279 1052 362 1081 semel
373 1052 508 1089 accepisse
522 1051 677 1086 palmatam.
692 1050 755 1086 quid
776 1050 821 1078 ille
834 1049 982 1078 censendus

189 1103 239 1130 est.
255 1098 300 1133 qui
317 1102 355 1125 tot
370 1101 487 1125 meretur
503 1097 529 1125 in
545 1096 604 1125 filiis
615 1096 787 1124 consulatus?
801 1095 834 1123 Et
849 1095 919 1127 ideo,
935 1102 982 1130 pa-

189 1147 244 1170 tres
257 1142 418 1176 conscripti,
434 1141 568 1168 alumnum
589 1145 706 1168 vestrum
731 1139 870 1167 Paulinum
891 1139 982 1167 laurea

189 1188 267 1222 illa,
283 1186 375 1223 aurea]
394 1187 523 1222 dignitate
540 1187 683 1220 vestimus;
708 1191 738 1214 ut
760 1186 888 1221 juventus
914 1185 981 1220 ejus,

188 1241 248 1268 quzc
263 1234 345 1268 fulget
358 1233 470 1267 meritis,
483 1232 573 1260 trabea
585 1239 693 1267 quoque
707 1231 878 1265 rcSplendeat
891 1231 983 1258 trium-

190 1278 272 1313 phali.
284 1278 360 1305 Hunc
373 1278 503 1305 honorem
519 1277 661 1305 Deciorum
671 1276 749 1312 154
759 1276 858 1303 familia
870 1284 924 1304 non
937 1276 984 1304 mi-

188 1328 272 1358 ratur,
280 1324 342 1360 quia
356 1331 450 1352 eorum
464 1324 544 1360 plena
557 1328 620 1352 sunt
634 1323 701 1351 atria
716 1323 831 1351 fascibus
845 1324 981 1351 laureatis.

190 1370 254 1398 Aliis
280 1378 339 1397 rara
358 1370 473 1405 dignitas
483 1370 534 1398 ista
546 1370 687 1405 contingit,
702 1369 730 1397 in
745 1369 797 1398 hoc
811 1369 925 1397 decursu
936 1376 983 1405 ge-

189 1416 262 1444 neris
276 1423 347 1451 pene
360 1415 479 1443 nascitur
497 1415 654 1444 consularis.
681 1415 781 1444 Favete
796 1422 876 1450 ergo,
893 1420 984 1452 patres

189 1461 352 1496 conscripti,
367 1461 466 1489 nostris
484 1462 650 1495 muneribus,
664 1466 691 1490 et
705 1466 796 1490 vestro
811 1462 984 1491 nihilominus

189 1505 344 1536 candidato.
358 1506 424 1534 Nam
438 1506 499 1534 licet
519 1507 709 1542 nuncupemini
724 1507 848 1535 omnibus
868 1515 984 1543 genera-

190 1552 251 1582 liter
265 1556 366 1586 patres,
380 1552 441 1580 huic
451 1552 532 1580 etiam
547 1552 611 1581 estis
633 1552 786 1587 specialiter
799 1556 826 1580 et
846 1556 982 1588 parentes.

188 1598 291 1626 Nomen
305 1603 422 1627 vestrum
436 1607 450 1626 a
470 1606 541 1628 cura:
559 1599 734 1628 similitudine
755 1599 904 1627 derivatum
920 1598 985 1627 ﬁde-

1032 1003 1224 1038 cupiditatibus
1238 1003 1365 1030 alienum.
1382 1000 1518 1028 Beneﬁcia
1540 1000 1640 1035 quippe
1655 999 1742 1035 ipsius
1765 998 1850 1027 nulla

1032 1048 1204 1077 abominabili
1227 1047 1364 1075 taxatione
1382 1046 1517 1074 vendebas
1529 1045 1561 1078 υς
1576 1049 1607 1073 ut
1621 1045 1712 1073 honor
1733 1045 1788 1073 tibi
1809 1044 1850 1072 ad

1032 1096 1167 1132 opinionis
1177 1095 1283 1122 divitias
1297 1094 1451 1130 proliceret,
1464 1093 1527 1120 dum
1538 1092 1650 1120 minime
1664 1091 1756 1127 pretio
1771 1090 1848 1120 sub-

1030 1142 1144 1177 jaceret.
1166 1141 1234 1169 Hinc
1248 1145 1291 1169 est
1308 1140 1381 1176 quod
1396 1139 1530 1167 videbaris
1542 1138 1699 1173 aequissime
1717 1137 1848 1173 principi

1033 1189 1149 1223 gloriosa
1163 1187 1308 1215 dilectione
1318 1186 1447 1220 sociatus,
1463 1186 1527 1220 quia
1542 1192 1604 1214 eras
1617 1192 1634 1212 α
1652 1184 1725 1212 vitlis
1736 1184 1850 1220 proba-

1032 1235 1079 1262 bili
1093 1234 1307 1269 sequestratione
1325 1232 1436 1260 divisus.
1451 1230 1682 1267 lntcrpellantium
1693 1234 1720 1257 te
1732 1229 1851 1265 ponde-

1033 1280 1106 1307 ribus
1118 1278 1332 1314 sapientissimus
1350 1276 1451 1304 arbiter
1464 1275 1613 1307 onerabat;
1626 1277 1794 1309 tantumque
1808 1273 1851 1302 de

1034 1325 1115 1353 animi
1131 1325 1168 1352 tui
1182 1325 1289 1358 cognita
1302 1323 1498 1357 disceptatione
1513 1320 1693 1356 pra-sumpsit,
1705 1323 1737 1348 ut
1751 1320 1783 1348 in
1793 1319 1851 1349 bo-

1035 1371 1122 1399 neticii
1137 1370 1225 1398 locum
1241 1374 1314 1396 tuum
1327 1370 1468 1403 prrcstaret
1481 1365 1660 1394 aestuantibus
1673 1365 1734 1393 sine
1747 1364 1850 1400 aliqua

1035 1416 1207 1445 cunctatione
1225 1414 1363 1449 judicium.
1381 1412 1494 1446 Quoties
1507 1412 1553 1440 ille
1563 1415 1591 1438 ω
1604 1410 1759 1445 grandaevis
1772 1417 1850 1446 pro-

1035 1462 1142 1490 ceribus
1157 1460 1308 1495 imputavit,
1323 1459 1387 1486 dum
1399 1466 1453 1486 non
1466 1456 1624 1486 sufﬁcerent
1635 1455 1670 1483 ad
1685 1455 1850 1492 primordia

1036 1513 1092 1541 tua,
1103 1515 1171 1542 quos
1185 1510 1258 1534 tanta
1281 1504 1436 1539 longmvitas
1457 1502 1545 1530 aetatis
1565 1501 1760 1530 instruxerat!
1773 1500 1850 1529 Erat

1036 1554 1115 1589 plane
1131 1552 1203 1587 quod
1222 1552 1248 1579 in
1274 1555 1300 1578 te
1323 1550 1480 1585 praedicaret
1505 1548 1634 1576 eximium
1659 1548 1782 1576 animum
1806 1547 1849 1576 ad

1036 1597 1214 1634 promerendo
1227 1596 1358 1625 beneﬁcia
1371 1595 1503 1630 patulum,
1518 1598 1547 1622 et
1569 1598 1666 1621 contra
1680 1593 1748 1621 vitia
1762 1593 1850 1630 cupi-

188 1643 288 1673 lissima
309 1652 398 1672 rerum
424 1644 602 1680 appellatione
623 1644 691 1681 [Ac.,
708 1642 898 1679 applicatione]
919 1651 984 1671 con-
998 1653 1020 1683 ρ
1036 1645 1126 1673 ditatis
1140 1645 1326 1672 obstructum:
1341 1642 1404 1669 dum
1424 1641 1516 1668 nescio
1535 1648 1591 1676 quo
1609 1645 1693 1676 pacto
1715 1647 1780 1668 rara
1797 1643 1849 1668 est

188 1691 277 1718 tirmat
292 1698 299 1716 :
315 1698 370 1718 non
385 1694 398 1709 ιι
413 1690 574 1719 translatitia
597 1690 742 1718 usitatione
763 1689 886 1717 vocabuli
899 1709 907 1722 ,
932 1690 980 1718 sed

190 1735 292 1762 honora
306 1738 379 1763 sorte
392 1734 531 1763 nascendi.
541 1734 644 1763 Cedant
653 1735 730 1764 vobis
743 1735 813 1763 hanc
825 1735 982 1763 felicitatem

188 1779 283 1807 Divina
298 1783 472 1815 perpetuam;
488 1783 517 1808 ut
539 1779 604 1808 licet
625 1779 737 1813 gratiam
750 1779 882 1814 prscstetis
896 1781 983 1809 exoti-

187 1825 237 1859 cis,
254 1825 329 1860 prole
341 1829 430 1852 vestra
442 1824 560 1852 vivacius
574 1824 722 1860 gaudeatis.

449 1889 614 1918 EPISTOLA
640 1890 732 1918 XXIV.

224 1943 354 1964 SENATORI
370 1944 515 1964 PREFECTO
530 1944 671 1964 ιιῖυετοιιιο
685 1945 867 1965 ΑτηΑιΑιιιους
882 1945 946 1965 REX.

187 1983 330 2010 Enumerat
340 1984 481 2019 dignitates
495 1992 558 2019 quas
570 1983 740 2019 Cassiodorus
754 1992 853 2011 summa
864 1992 921 2010 cum
935 1983 982 2011 Iro—

223 2027 287 2045 nore
300 2023 324 2045 et
338 2018 485 2054 integritate
507 2018 552 2048 sub
575 2018 734 2046 Theoderico
753 2020 859 2054 ipsoque
872 2018 983 2046 Athala-

223 2055 278 2080 rica
298 2053 422 2088 gesserat.
440 2053 504 2085 Tum
529 2054 567 2081 illi
589 2055 690 2081 eximiis
710 2053 829 2081 laudibus
853 2054 983 2082 cumulato

224 2089 405 2124 prwfecturam
420 2089 604 2123 praztorianam
619 2089 728 2124 confert,

223 2145 251 2173 Si
269 2149 296 2173 te
315 2145 438 2172 voluntas
453 2148 547 2173 nostra
561 2144 650 2171 adhuc
660 2144 790 2174 latentem
804 2148 850 2173 aut
870 2144 985 2172 inhorta-

188 2199 248 2223 rum
263 2190 374 2221 forsitan
393 2189 554 2222 invenisset,
570 2188 748 2224 gauderemus
771 2188 878 2225 quidem
893 2197 985 2225 reper-

188 2242 261 2270 tum;
276 2235 323 2264 sed
336 2235 406 2263 bene
417 2234 601 2264 dubitaremus
611 2235 815 2271 acturum,quia
828 2242 890 2270 spes
900 2235 985 2269 magis

188 2290 271 2318 quam
285 2281 389 2311 fructus
404 2281 429 2308 in
442 2288 512 2309 novo
530 2285 581 2308 est.
597 2280 650 2309 Sed
664 2289 725 2308 cum
737 2281 829 2309 domui
844 2281 887 2308 avi
900 2281 984 2309 nostri

188 2327 335 2356 innumeris
349 2326 519 2363 provectibus
530 2333 680 2361 magnoque
685 2326 785 2361 judicio
797 2326 928 2362 glorieris,
943 2327 984 2353 in-

188 2371 354 2399 conveniens
369 2379 413 2398 res
434 2375 475 2397 est
494 2371 679 2405 disceptationi
696 2371 821 2403 subdere,
838 2379 917 2406 quem
937 2371 981 2398 vix

188 2425 331 2453 possumus
344 2417 394 2444 sub
408 2416 585 2444 admiratione
608 2417 764 2452 przcdicare.
791 2417 871 2445 Tanti
884 2417 983 2453 quippe

188 2472 242 2490 non
257 2462 444 2495 examinanda,
460 2462 508 2489 sed
527 2462 680 2490 veneranda
694 2464 827 2491 sententia
842 2468 883 2491 est
898 2473 904 2491 :
920 2464 982 2498 quia

188 2519 242 2538 non
267 2515 357 2546 potest
370 2511 403 2538 de
418 2510 494 2538 factis
509 2510 566 2545 ejus
581 2510 689 2544 ambigi,
699 2517 760 2537 cum
774 2513 801 2536 et
815 2517 865 2537 nos
879 2510 913 2537 ab
925 2509 984 2545 ipso

189 2563 385 2592 cognoscamur
395 2556 491 2588 electi;
507 2556 553 2590 qui
573 2555 669 2582 divinae
679 2554 866 2590 supplicationi
877 2561 985 2589 semper

187 2601 326 2634 assiduus,
338 2600 428 2635 exegit
447 2600 550 2628 meritis
570 2604 599 2627 ut
621 2599 665 2627 illa
680 2599 782 2628 faceret
795 2606 855 2635 qua:
869 2606 985 2634 superna

226 2695 238 2709 ι
252 2689 451 2717 Translatitiam
466 2686 796 2720 usitationem.vulgarem
807 2689 984 2717 etassuetam,

187 2731 216 2754 et
226 2725 303 2760 quasi
317 2724 571 2760 neglectam_vocat.
587 2721 631 2750 Sic
642 2721 744 2760 l_’li_nius
755 2721 801 2750 lib.
817 2730 863 2754 vn,
877 2729 937 2760 cap.
952 2720 984 2760 ξε

187 2755 390 2795 Translatitium
405 2759 434 2795 in
448 2757 566 2793 Egypto
581 2761 632 2784 est.
649 2756 707 2784 Lib.
716 2765 808 2795 Δμιν,
825 2756 919 2795 cap._2
936 2764 942 2782 :
958 2755 986 2783 Si

188 2803 284 2824 mensa
298 2794 368 2824 adsit
381 2791 619 2826 nullum‘p’onere,
640 2792 829 2824 trauslatitium
853 2791 983 2823 videmus,

188 2803 284 2824 mensa
298 2801 368 2824 austt
381 2801 483 2821 nullum
525 2801 619 2826 onere,
640 2801 829 2824 translatiuum
853 2801 983 2823 vruemus,

187 2831 271 2858 etiam
285 2830 347 2865 quia
366 2828 465 2865 multas
475 2801 983 2865 religiones_pollere_rnanifestum_eg.

188 2866 237 2891 Sic
263 2860 344 2891 etiam
367 2863 452 2891 nostri
472 2860 666 2897 iurisconsulti,
691 2863 710 2889 l.
722 2860 766 2895 55,
780 2862 810 2889 Si
824 2863 939 2897 patroni,
953 2860 984 2887 ο.

189 2898 457 2926 Αάιεηιιιυιεοηειιιι.
473 2896 630 2924 Trebellium
647 2897 700 2924 Sed
720 2905 772 2924 nec
790 2896 855 2924 illud
870 2897 985 2924 transla-

190 2933 255 2959 titie
268 2933 445 2967 omittendum
469 2936 518 2960 est.
531 2931 598 2965 L.l,
612 2932 642 2958 D.
659 2932 697 2959 De
711 2933 765 2967 jur.
792 2938 907 2967 patrem:
927 2931 986 2967 Non

181 2966 355 3007 _translatitie
368 2968 479 3003 exsequi
498 2967 577 2995 debet
592 2968 610 2995 Ι.
628 2966 656 3001 1,
675 2966 759 2994 ΟζΑά
769 2966 985 2994 senatuscomult.

1035 1691 1062 1719 in
1078 1690 1230 1718 hominibus
1241 1695 1336 1716 manus
1350 1687 1451 1720 clausa,
1464 1691 1493 1714 et
1504 1690 1598 1722 aperta
1607 1686 1726 1721 iustitia.
1736 1685 1849 1716 Vatia-

1034 1742 1095 1762 mus
1107 1734 1141 1762 ad
1155 1733 1334 1768 magisteria-ii
1350 1731 1523 1766 dignitatem,
1536 1738 1619 1766 quam
1644 1738 1699 1759 Ion
1715 1731 1849 1766 pecnia

1034 1780 1165 1815 dignitate
1179 1784 1203 1813 ε,
1214 1778 1261 1805 sed
1275 1785 1380 1805 morum
1395 1777 1515 1805 nosceris
1523 1775 1652 1811 suffragio
1661 1780 1848 1812 consecutus,

1035 1833 1089 1860 quo
1108 1824 1169 1852 loco
1184 1823 1287 1859 positus
1300 1830 1408 1857 semper
1430 1822 1611 1858 quatuor-ibus
1631 1821 1743 1850 affuisti.
1771 1822 1848 1851 Nam

1035 1878 1096 1898 cum
1111 1878 1179 1905 opus
1190 1873 1263 1897 esset
1277 1868 1384 1903 eloquio
1397 1868 1538 1902 defaecato,
1553 1875 1636 1896 causa
1649 1872 1698 1897 tuo
1712 1869 1848 1904 protinus

1035 1915 1196 1943 credebatur
1215 1914 1334 1949 ingenio.
1354 1913 1511 1949 Exigebaris
1532 1921 1549 1942 a
1574 1914 1693 1948 benigno
1713 1914 1849 1951 principe

1035 1961 1107 1995 quod
1119 1968 1149 1989 se
1164 1961 1212 1988 tibi
1226 1964 1339 1988 noverat
1353 1960 1465 1988 minime
1477 1959 1647 1987 conmisisse
1658 1968 1666 1993 ;
1677 1964 1707 1988 et
1718 1959 1847 1994 quadam

1035 2006 1120 2041 gratia
1132 2005 1307 2041 pmiudiciali
1317 2005 1432 2033 vacabat
1446 2004 1516 2032 alios
1530 2003 1655 2034 laborare
1670 2003 1738 2041 [Πι.
1752 2002 1808 2033 Gr.
1819 2009 1848 2034 α

1035 2052 1106 2088 Cuj.,
1118 2051 1231 2087 labore},
1246 2056 1276 2079 ut
1287 2056 1313 2079 te
1325 2052 1465 2079 sententiae
1476 2059 1531 2079 sua
1542 2051 1655 2087 copiosa
1668 2051 1752 2080 laude
1760 2059 1847 2080 oon-

1035 2098 1131 2132 pleret.
1148 2097 1207 2124 Non
1219 2096 1290 2124 enim
1306 2097 1431 2132 proprios
1453 2096 1522 2124 ﬁnes
1534 2096 1585 2124 sub
1603 2100 1632 2124 to
1650 2096 1705 2124 ulla
1721 2095 1849 2132 disdiis

1036 2143 1193 2177 custodivit,
1206 2142 1313 2177 quando
1327 2142 1500 2170 conscientiae
1514 2146 1567 2170 tua:
1580 2146 1689 2170 constat
1703 2142 1849 2173 cmﬁtun

1035 2188 1108 2223 quod
1120 2196 1135 2215 a
1150 2188 1240 2215 multis
1260 2187 1309 2215 nm
1323 2188 1482 2223 proceribus
1494 2188 1679 2216 simerissilne
1701 2196 1849 2225 peragan-

1034 2233 1109 2262 dum.
1133 2233 1250 2262 Nescivit
1263 2234 1406 2270 quisquam
1426 2235 1461 2262 de
1474 2238 1501 2262 te
1523 2234 1750 2264 submumurare
1767 2243 1848 2265 con-

1037 2279 1127 2311 traria,
1144 2287 1205 2307 cum
1220 2284 1311 2308 tamen
1325 2280 1359 2308 de
1373 2280 1515 2316 principali
1529 2280 1617 2315 gratia
1630 2281 1786 2310 sustinens
1802 2282 1850 2311 in-

1036 2324 1144 2353 vidiam.
1163 2325 1297 2360 Derogare
1312 2325 1453 2360 cupientes
1474 2325 1540 2353 vicit
1553 2325 1696 2360 integritas
1709 2327 1848 2361 actionis,

1037 2370 1143 2398 adversi
1159 2371 1197 2397 tui
1210 2378 1281 2405 sche
1296 2371 1377 2399 locuti
1392 2375 1455 2398 sunt
1469 2371 1558 2399 coacti
1573 2371 1647 2406 quod
1663 2372 1774 2400 animus
1787 2381 1850 2402 non

1037 2415 1162 2442 habebat.
1195 2414 1262 2443 Nam
1292 2415 1418 2450 qutulibet
1447 2416 1550 2443 malitia
1581 2416 1713 2444 formidat
1744 2422 1850 2447 contra

1037 2460 1178 2487 manifesta
1202 2460 1272 2488 bona
1296 2461 1397 2496 aliquid
1424 2460 1640 2496 profiteri,dum
1665 2463 1850 2496 generalibus

1036 2505 1105 2533 odiis
1120 2510 1228 2534 veretur
1241 2507 1349 2543 exponi.
1372 2506 1455 2541 Egisti
1478 2515 1574 2535 rerum.
1583 2507 1697 2541 domino
1720 2507 1850 2545 judicent

1036 2551 1211 2585 familiarem,
1224 2555 1252 2579 et
1275 2552 1410 2579 internum
1435 2560 1588 2587 procerem.
1604 2552 1675 2581 Nam
1687 2561 1753 2581 eun
1768 2558 1850 2583 esset

1036 2598 1143 2633 publica
1157 2605 1220 2625 cura
1239 2602 1380 2631 vacuatus,
1402 2599 1551 2627 sententias
1574 2598 1742 2634 prudentum
1756 2606 1775 2627 ι
1788 2600 1851 2629 tuis

1043 2684 1152 2720 Turpill.
1167 2694 1182 2722 ί
1195 2686 1390 2722 Prmvaricatqr
1403 2689 1460 2719 est,
1475 2684 1712 2722 quium-latitia
1727 2693 1851 2717 munem

1041 2721 1184 2757 accusandi
1201 2721 1327 2757 fungimr,
1350 2720 1377 2749 id
1401 2725 1456 2757 est,
1476 2720 1674 2757 negligentie:-L
1687 2729 1744 2752 non
1759 2729 1850 2757 vero,

1041 2763 1092 2791 nec
1106 2756 1176 2783 bona
1191 2756 1243 2783 fide
1257 2756 1422 2784 accusatoris
1435 2755 1528 2791 partes
1542 2755 1647 2791 implet.
1660 2755 1758 2791 Boos;

1041 2790 1206 2854 Foil’mliovell.
1231 2791 1262 2826 8,
1276 2795 1305 2819 et
1317 2798 1417 2826 supra,
1437 2790 1491 2819 hoc
1504 2791 1563 2824 ων..
1584 2790 1670 2827 epist.
1695 2790 1732 2819 l5
1754 2795 1786 2820 et
1799 2790 1850 2821 16.

1078 2867 1088 2880 ε
1106 2861 1173 2894 Vox,
1188 2861 1322 2897 dignitate,
1340 2861 1396 2889 olet
1408 2860 1555 2897 mendum;
1575 2861 1658 2896 forte,
1671 2861 1849 2897 indignitate.

1040 2896 1085 2924 Sic
1100 2897 1196 2932 alicubi
1218 2896 1282 2924 dicit
1297 2896 1399 2925 Seneca
1413 2896 1445 2924 ad
1469 2896 1613 2932 dignitates
1626 2897 1715 2925 veniri
1731 2896 1787 2932 per
1799 2897 1851 2926 ίηο.

1040 2932 1126 2967 digna.
1140 2931 1236 2960 Junsr.
