  <div class='ocr_page' id='page_1' title='image "/cluster/home/n/w/nwhite01/storage/ocr_20150623/69/umn.31951002477362u/407.png"; bbox 0 0 3960 6436; ppageno 0'>
   <div class='ocr_carea' id='block_1_1' title="bbox 477 466 2078 540">
    <p class='ocr_par' dir='ltr' id='par_1_1' title="bbox 477 473 2070 540">
     <span class='ocr_line' id='line_1_1' title="bbox 477 473 2070 540; baseline -0.008 0"><span class='ocrx_word' id='word_1_1' title='bbox 477 485 580 540; x_wconf 69' lang='lat'><strong>795</strong></span> <span class='ocrx_word' id='word_1_2' title='bbox 1683 477 1751 530; x_wconf 81' lang='grc' dir='ltr'><strong>Μ.</strong></span> <span class='ocrx_word' id='word_1_3' title='bbox 1793 473 2070 530; x_wconf 78' lang='lat' dir='ltr'><strong>AURELII</strong></span> 
     </span>
    </p>
   </div>
   <div class='ocr_carea' id='block_1_2' title="bbox 2184 466 3772 540">
    <p class='ocr_par' dir='ltr' id='par_1_2' title="bbox 2184 466 3772 528">
     <span class='ocr_line' id='line_1_2' title="bbox 2184 466 3772 528; baseline -0.004 -1"><span class='ocrx_word' id='word_1_4' title='bbox 2184 469 2506 528; x_wconf 72' lang='lat' dir='ltr'><strong>tSSlODORl</strong></span> <span class='ocrx_word' id='word_1_5' title='bbox 3641 469 3697 524; x_wconf 76' lang='lat'><strong>7!</strong></span> <span class='ocrx_word' id='word_1_6' title='bbox 3710 466 3772 520; x_wconf 72' lang='grc' dir='ltr'><strong>εὖ</strong></span> 
     </span>
    </p>
   </div>
   <div class='ocr_carea' id='block_1_3' title="bbox 472 578 3774 660">
    <p class='ocr_par' dir='ltr' id='par_1_3' title="bbox 472 578 3774 660">
     <span class='ocr_line' id='line_1_3' title="bbox 472 578 3774 660; baseline -0.002 -14"><span class='ocrx_word' id='word_1_7' title='bbox 472 591 684 646; x_wconf 88' lang='lat' dir='ltr'><strong>navium</strong></span> <span class='ocrx_word' id='word_1_8' title='bbox 713 598 1099 651; x_wconf 85' lang='lat' dir='ltr'><strong>commeatum,</strong></span> <span class='ocrx_word' id='word_1_9' title='bbox 1143 587 1377 660; x_wconf 76' lang='lat' dir='ltr'><strong>bellique</strong></span> <span class='ocrx_word' id='word_1_10' title='bbox 1405 601 1531 640; x_wconf 79' lang='lat' dir='ltr'><strong>cura</strong></span> <span class='ocrx_word' id='word_1_11' title='bbox 1564 585 1798 640; x_wconf 86' lang='lat' dir='ltr'><strong>resoluta</strong></span> <span class='ocrx_word' id='word_1_12' title='bbox 1829 593 1932 650; x_wconf 83' lang='lat' dir='ltr'><strong>est,</strong></span> <span class='ocrx_word' id='word_1_13' title='bbox 1963 584 2043 638; x_wconf 90' lang='lat' dir='ltr'><strong>in-</strong></span> <span class='ocrx_word' id='word_1_14' title='bbox 2075 585 2127 644; x_wconf 81' lang='grc' dir='ltr'>Α</span> <span class='ocrx_word' id='word_1_15' title='bbox 2150 581 2365 652; x_wconf 90' lang='lat' dir='ltr'><strong>propria</strong></span> <span class='ocrx_word' id='word_1_16' title='bbox 2397 581 2574 651; x_wconf 83' lang='lat' dir='ltr'><strong>largus</strong></span> <span class='ocrx_word' id='word_1_17' title='bbox 2595 578 2809 636; x_wconf 75' lang='lat' dir='ltr'><strong>olferre.</strong></span> <span class='ocrx_word' id='word_1_18' title='bbox 2843 578 2956 636; x_wconf 89' lang='lat' dir='ltr'><strong>llos</strong></span> <span class='ocrx_word' id='word_1_19' title='bbox 2983 581 3143 650; x_wconf 81' lang='lat' dir='ltr'><strong>igitur</strong></span> <span class='ocrx_word' id='word_1_20' title='bbox 3171 597 3350 640; x_wconf 90' lang='lat' dir='ltr'><strong>mores</strong></span> <span class='ocrx_word' id='word_1_21' title='bbox 3371 583 3530 638; x_wconf 91' lang='lat' dir='ltr'><strong>lectio</strong></span> <span class='ocrx_word' id='word_1_22' title='bbox 3560 583 3774 638; x_wconf 80' lang='lat' dir='ltr'><strong>divina</strong></span> 
     </span>
    </p>
   </div>
   <div class='ocr_carea' id='block_1_4' title="bbox 471 672 3775 751">
    <p class='ocr_par' dir='ltr' id='par_1_4' title="bbox 471 672 3775 751">
     <span class='ocr_line' id='line_1_4' title="bbox 471 672 3775 751; baseline -0.001 -17"><span class='ocrx_word' id='word_1_23' title='bbox 471 681 686 751; x_wconf 84' lang='lat' dir='ltr'><strong>genium</strong></span> <span class='ocrx_word' id='word_1_24' title='bbox 715 688 870 735; x_wconf 87' lang='lat' dir='ltr'><strong>suum</strong></span> <span class='ocrx_word' id='word_1_25' title='bbox 901 680 1079 746; x_wconf 86' lang='lat' dir='ltr'><strong>legum</strong></span> <span class='ocrx_word' id='word_1_26' title='bbox 1104 677 1284 746; x_wconf 98' lang='lat' dir='ltr'><strong>potius</strong></span> <span class='ocrx_word' id='word_1_27' title='bbox 1309 677 1504 732; x_wconf 92' lang='lat' dir='ltr'><strong>ductor</strong></span> <span class='ocrx_word' id='word_1_28' title='bbox 1539 675 1810 738; x_wconf 84' lang='lat' dir='ltr'><strong>exercuit,</strong></span> <span class='ocrx_word' id='word_1_29' title='bbox 1859 687 2056 727; x_wconf 90' lang='lat' dir='ltr'><strong>sanans</strong></span> <span class='ocrx_word' id='word_1_30' title='bbox 2155 674 2427 739; x_wconf 79' lang='lat' dir='ltr'><strong>solidavit,</strong></span> <span class='ocrx_word' id='word_1_31' title='bbox 2469 672 2684 743; x_wconf 81' lang='lat' dir='ltr'><strong>quando</strong></span> <span class='ocrx_word' id='word_1_32' title='bbox 2711 687 2924 744; x_wconf 86' lang='lat' dir='ltr'><strong>semper</strong></span> <span class='ocrx_word' id='word_1_33' title='bbox 2951 672 3103 746; x_wconf 83' lang='lat' dir='ltr'><strong>[Ed.,</strong></span> <span class='ocrx_word' id='word_1_34' title='bbox 3141 673 3306 746; x_wconf 66' lang='lat' dir='ltr'><strong>sarpe]</strong></span> <span class='ocrx_word' id='word_1_35' title='bbox 3348 675 3484 732; x_wconf 85' lang='lat' dir='ltr'><strong>bene</strong></span> <span class='ocrx_word' id='word_1_36' title='bbox 3513 677 3775 743; x_wconf 81' lang='lat' dir='ltr'><strong>geritur,</strong></span> 
     </span>
    </p>
   </div>
   <div class='ocr_carea' id='block_1_5' title="bbox 473 759 3782 840">
    <p class='ocr_par' dir='ltr' id='par_1_5' title="bbox 473 759 3782 840">
     <span class='ocr_line' id='line_1_5' title="bbox 473 759 3782 840; baseline -0.002 -15"><span class='ocrx_word' id='word_1_37' title='bbox 473 772 589 826; x_wconf 86' lang='lat' dir='ltr'><strong>sine</strong></span> <span class='ocrx_word' id='word_1_38' title='bbox 629 770 826 824; x_wconf 90' lang='lat' dir='ltr'><strong>damno</strong></span> <span class='ocrx_word' id='word_1_39' title='bbox 871 769 1194 838; x_wconf 77' lang='lat' dir='ltr'><strong>litigantium</strong></span> <span class='ocrx_word' id='word_1_40' title='bbox 1237 763 1392 840; x_wconf 77' lang='grc' dir='ltr'><strong>[Νἱυ.</strong></span> <span class='ocrx_word' id='word_1_41' title='bbox 1437 775 1488 820; x_wconf 83' lang='lat' dir='ltr'><strong>et</strong></span> <span class='ocrx_word' id='word_1_42' title='bbox 1531 762 1652 828; x_wconf 78' lang='lat' dir='ltr'><strong>6a.,</strong></span> <span class='ocrx_word' id='word_1_43' title='bbox 1708 765 1924 830; x_wconf 81' lang='lat' dir='ltr'><strong>signans</strong></span> <span class='ocrx_word' id='word_1_44' title='bbox 1953 762 2058 818; x_wconf 88' lang='lat' dir='ltr'><strong>ﬁne</strong></span> <span class='ocrx_word' id='word_1_45' title='bbox 2156 765 2202 820; x_wconf 94' lang='lat' dir='ltr'><strong>si</strong></span> <span class='ocrx_word' id='word_1_46' title='bbox 2230 759 2466 820; x_wconf 63' lang='lat' dir='ltr'><strong>drelestis</strong></span> <span class='ocrx_word' id='word_1_47' title='bbox 2509 773 2684 819; x_wconf 90' lang='lat' dir='ltr'><strong>metus</strong></span> <span class='ocrx_word' id='word_1_48' title='bbox 2712 763 2958 818; x_wconf 88' lang='lat' dir='ltr'><strong>humanis</strong></span> <span class='ocrx_word' id='word_1_49' title='bbox 2987 765 3221 821; x_wconf 89' lang='lat' dir='ltr'><strong>motibus</strong></span> <span class='ocrx_word' id='word_1_50' title='bbox 3248 776 3570 837; x_wconf 89' lang='lat' dir='ltr'><strong>opponatur.</strong></span> <span class='ocrx_word' id='word_1_51' title='bbox 3605 761 3782 820; x_wconf 84' lang='lat' dir='ltr'><strong>Hinc</strong></span> 
     </span>
    </p>
   </div>
   <div class='ocr_carea' id='block_1_6' title="bbox 474 851 3770 929">
    <p class='ocr_par' dir='ltr' id='par_1_6' title="bbox 474 851 3770 929">
     <span class='ocr_line' id='line_1_6' title="bbox 474 851 3770 929; baseline -0.001 -14"><span class='ocrx_word' id='word_1_52' title='bbox 474 861 832 929; x_wconf 81' lang='lat' dir='ltr'><strong>litigantium;</strong></span> <span class='ocrx_word' id='word_1_53' title='bbox 862 861 978 923; x_wconf 81' lang='lat' dir='ltr'><strong>Ac.,</strong></span> <span class='ocrx_word' id='word_1_54' title='bbox 1009 871 1204 913; x_wconf 87' lang='lat' dir='ltr'><strong>sanans</strong></span> <span class='ocrx_word' id='word_1_55' title='bbox 1233 855 1340 911; x_wconf 88' lang='lat' dir='ltr'><strong>ﬁne</strong></span> <span class='ocrx_word' id='word_1_56' title='bbox 1366 851 1712 924; x_wconf 79' lang='lat' dir='ltr'><strong>litigantium]</strong></span> <span class='ocrx_word' id='word_1_57' title='bbox 1761 852 1904 923; x_wconf 90' lang='lat' dir='ltr'><strong>quod</strong></span> <span class='ocrx_word' id='word_1_58' title='bbox 1933 859 2058 907; x_wconf 87' lang='lat' dir='ltr'><strong>ante</strong></span> <span class='ocrx_word' id='word_1_59' title='bbox 2157 855 2300 910; x_wconf 87' lang='lat' dir='ltr'><strong>enim</strong></span> <span class='ocrx_word' id='word_1_60' title='bbox 2331 854 2590 909; x_wconf 87' lang='lat' dir='ltr'><strong>virtutum</strong></span> <span class='ocrx_word' id='word_1_61' title='bbox 2618 854 2856 910; x_wconf 90' lang='lat' dir='ltr'><strong>omnium</strong></span> <span class='ocrx_word' id='word_1_62' title='bbox 2899 855 3127 910; x_wconf 85' lang='lat' dir='ltr'><strong>sumitur</strong></span> <span class='ocrx_word' id='word_1_63' title='bbox 3155 855 3436 912; x_wconf 87' lang='lat' dir='ltr'><strong>manifesta</strong></span> <span class='ocrx_word' id='word_1_64' title='bbox 3467 857 3770 925; x_wconf 79' lang='lat' dir='ltr'><strong>cognitio;</strong></span> 
     </span>
    </p>
   </div>
   <div class='ocr_carea' id='block_1_7' title="bbox 475 941 3781 1020">
    <p class='ocr_par' dir='ltr' id='par_1_7' title="bbox 475 941 3781 1020">
     <span class='ocr_line' id='line_1_7' title="bbox 475 941 3781 1020; baseline -0 -17"><span class='ocrx_word' id='word_1_65' title='bbox 475 950 575 1004; x_wconf 84' lang='lat' dir='ltr'><strong>sub</strong></span> <span class='ocrx_word' id='word_1_66' title='bbox 600 949 772 1020; x_wconf 90' lang='lat' dir='ltr'><strong>pretio</strong></span> <span class='ocrx_word' id='word_1_67' title='bbox 794 949 1076 1004; x_wconf 82' lang='lat' dir='ltr'><strong>constabat</strong></span> <span class='ocrx_word' id='word_1_68' title='bbox 1096 961 1215 1002; x_wconf 88' lang='lat' dir='ltr'><strong>esse</strong></span> <span class='ocrx_word' id='word_1_69' title='bbox 1234 946 1544 1001; x_wconf 89' lang='lat' dir='ltr'><strong>laceratum.</strong></span> <span class='ocrx_word' id='word_1_70' title='bbox 1570 943 1754 997; x_wconf 82' lang='lat' dir='ltr'><strong>Talem</strong></span> <span class='ocrx_word' id='word_1_71' title='bbox 1785 941 1982 997; x_wconf 83' lang='lat' dir='ltr'><strong>Metelli</strong></span> <span class='ocrx_word' id='word_1_72' title='bbox 2003 941 2058 996; x_wconf 90' lang='lat' dir='ltr'><strong>in</strong></span> <span class='ocrx_word' id='word_1_73' title='bbox 2157 945 2284 1001; x_wconf 90' lang='lat' dir='ltr'><strong>hinc</strong></span> <span class='ocrx_word' id='word_1_74' title='bbox 2308 945 2570 1016; x_wconf 85' lang='lat' dir='ltr'><strong>sapientia</strong></span> <span class='ocrx_word' id='word_1_75' title='bbox 2603 945 2760 1017; x_wconf 73' lang='lat'><strong>156</strong></span> <span class='ocrx_word' id='word_1_76' title='bbox 2781 946 3024 1002; x_wconf 81' lang='lat' dir='ltr'><strong>veritatis</strong></span> <span class='ocrx_word' id='word_1_77' title='bbox 3047 962 3244 1017; x_wconf 90' lang='lat' dir='ltr'><strong>sapore</strong></span> <span class='ocrx_word' id='word_1_78' title='bbox 3265 949 3532 1004; x_wconf 81' lang='lat' dir='ltr'><strong>conditur.</strong></span> <span class='ocrx_word' id='word_1_79' title='bbox 3561 947 3652 1004; x_wconf 91' lang='lat' dir='ltr'><strong>Sic</strong></span> <span class='ocrx_word' id='word_1_80' title='bbox 3684 945 3781 1002; x_wconf 83' lang='lat' dir='ltr'><strong>ad</strong></span> 
     </span>
    </p>
   </div>
   <div class='ocr_carea' id='block_1_8' title="bbox 484 1031 3784 1107">
    <p class='ocr_par' dir='ltr' id='par_1_8' title="bbox 484 1031 3784 1107">
     <span class='ocr_line' id='line_1_8' title="bbox 484 1031 3784 1107; baseline 0.002 -19"><span class='ocrx_word' id='word_1_81' title='bbox 484 1039 624 1103; x_wconf 78' lang='lat' dir='ltr'><strong>Asia,</strong></span> <span class='ocrx_word' id='word_1_82' title='bbox 653 1039 813 1092; x_wconf 84' lang='lat' dir='ltr'><strong>talem</strong></span> <span class='ocrx_word' id='word_1_83' title='bbox 854 1037 1075 1091; x_wconf 83' lang='lat' dir='ltr'><strong>Catonis</strong></span> <span class='ocrx_word' id='word_1_84' title='bbox 1106 1036 1158 1089; x_wconf 90' lang='lat' dir='ltr'><strong>in</strong></span> <span class='ocrx_word' id='word_1_85' title='bbox 1189 1034 1440 1106; x_wconf 77' lang='lat' dir='ltr'><strong>Hispania</strong></span> <span class='ocrx_word' id='word_1_86' title='bbox 1479 1034 1705 1102; x_wconf 89' lang='lat' dir='ltr'><strong>legimus</strong></span> <span class='ocrx_word' id='word_1_87' title='bbox 1745 1031 1909 1087; x_wconf 86' lang='lat' dir='ltr'><strong>fuisse</strong></span> <span class='ocrx_word' id='word_1_88' title='bbox 1957 1031 2060 1086; x_wconf 86' lang='lat' dir='ltr'><strong>du-</strong></span> <span class='ocrx_word' id='word_1_89' title='bbox 2159 1037 2338 1093; x_wconf 87' lang='lat' dir='ltr'><strong>omnia</strong></span> <span class='ocrx_word' id='word_1_90' title='bbox 2359 1037 2603 1093; x_wconf 88' lang='lat' dir='ltr'><strong>redditur</strong></span> <span class='ocrx_word' id='word_1_91' title='bbox 2629 1038 2864 1104; x_wconf 89' lang='lat' dir='ltr'><strong>humilis,</strong></span> <span class='ocrx_word' id='word_1_92' title='bbox 2894 1054 3055 1107; x_wconf 90' lang='lat' dir='ltr'><strong>quem</strong></span> <span class='ocrx_word' id='word_1_93' title='bbox 3083 1039 3275 1094; x_wconf 90' lang='lat' dir='ltr'><strong>imbuit</strong></span> <span class='ocrx_word' id='word_1_94' title='bbox 3301 1039 3548 1094; x_wconf 86' lang='lat' dir='ltr'><strong>doctrina</strong></span> <span class='ocrx_word' id='word_1_95' title='bbox 3576 1039 3784 1095; x_wconf 68' lang='lat' dir='ltr'><strong>caele--</strong></span> 
     </span>
    </p>
   </div>
   <div class='ocr_carea' id='block_1_9' title="bbox 481 1125 3770 1200">
    <p class='ocr_par' dir='ltr' id='par_1_9' title="bbox 481 1125 3770 1200">
     <span class='ocr_line' id='line_1_9' title="bbox 481 1125 3770 1200; baseline 0.001 -19"><span class='ocrx_word' id='word_1_96' title='bbox 481 1135 684 1193; x_wconf 86' lang='lat' dir='ltr'><strong>catum,</strong></span> <span class='ocrx_word' id='word_1_97' title='bbox 713 1127 804 1196; x_wconf 85' lang='lat' dir='ltr'><strong>qui</strong></span> <span class='ocrx_word' id='word_1_98' title='bbox 856 1127 978 1196; x_wconf 90' lang='lat' dir='ltr'><strong>plus</strong></span> <span class='ocrx_word' id='word_1_99' title='bbox 1016 1126 1083 1180; x_wconf 90' lang='lat' dir='ltr'><strong>de</strong></span> <span class='ocrx_word' id='word_1_100' title='bbox 1111 1141 1204 1180; x_wconf 88' lang='lat' dir='ltr'><strong>sua</strong></span> <span class='ocrx_word' id='word_1_101' title='bbox 1258 1125 1540 1194; x_wconf 88' lang='lat' dir='ltr'><strong>disciplina</strong></span> <span class='ocrx_word' id='word_1_102' title='bbox 1577 1139 1736 1194; x_wconf 88' lang='lat' dir='ltr'><strong>quam</strong></span> <span class='ocrx_word' id='word_1_103' title='bbox 1767 1139 1866 1194; x_wconf 89' lang='lat' dir='ltr'><strong>per</strong></span> <span class='ocrx_word' id='word_1_104' title='bbox 1911 1137 2058 1178; x_wconf 90' lang='lat' dir='ltr'><strong>arma</strong></span> <span class='ocrx_word' id='word_1_105' title='bbox 2159 1130 2276 1184; x_wconf 74' lang='lat' dir='ltr'><strong>stis.</strong></span> <span class='ocrx_word' id='word_1_106' title='bbox 2326 1128 2460 1184; x_wconf 82' lang='lat' dir='ltr'><strong>Huic</strong></span> <span class='ocrx_word' id='word_1_107' title='bbox 2488 1143 2646 1198; x_wconf 90' lang='lat' dir='ltr'><strong>ergo,</strong></span> <span class='ocrx_word' id='word_1_108' title='bbox 2693 1138 2874 1200; x_wconf 88' lang='lat' dir='ltr'><strong>patres</strong></span> <span class='ocrx_word' id='word_1_109' title='bbox 2901 1129 3228 1199; x_wconf 90' lang='lat' dir='ltr'><strong>conscripti,</strong></span> <span class='ocrx_word' id='word_1_110' title='bbox 3277 1129 3386 1185; x_wconf 87' lang='lat' dir='ltr'><strong>Deo</strong></span> <span class='ocrx_word' id='word_1_111' title='bbox 3432 1130 3688 1200; x_wconf 86' lang='lat' dir='ltr'><strong>auspice,</strong></span> <span class='ocrx_word' id='word_1_112' title='bbox 3728 1147 3770 1186; x_wconf 69' lang='grc' dir='ltr'><strong>τι</strong></span> 
     </span>
    </p>
   </div>
   <div class='ocr_carea' id='block_1_10' title="bbox 481 1215 3782 1289">
    <p class='ocr_par' dir='ltr' id='par_1_10' title="bbox 481 1215 3782 1289">
     <span class='ocr_line' id='line_1_10' title="bbox 481 1215 3782 1289; baseline 0.001 -19"><span class='ocrx_word' id='word_1_113' title='bbox 481 1218 682 1272; x_wconf 81' lang='lat' dir='ltr'><strong>laudati</strong></span> <span class='ocrx_word' id='word_1_114' title='bbox 711 1226 875 1273; x_wconf 89' lang='lat' dir='ltr'><strong>sunt:</strong></span> <span class='ocrx_word' id='word_1_115' title='bbox 907 1233 1013 1272; x_wconf 89' lang='lat' dir='ltr'><strong>non</strong></span> <span class='ocrx_word' id='word_1_116' title='bbox 1044 1217 1257 1286; x_wconf 88' lang='lat' dir='ltr'><strong>injuria,</strong></span> <span class='ocrx_word' id='word_1_117' title='bbox 1290 1216 1413 1288; x_wconf 87' lang='lat' dir='ltr'><strong>quia</strong></span> <span class='ocrx_word' id='word_1_118' title='bbox 1443 1217 1650 1272; x_wconf 85' lang='lat' dir='ltr'><strong>hostem</strong></span> <span class='ocrx_word' id='word_1_119' title='bbox 1679 1215 1934 1284; x_wconf 80' lang='lat' dir='ltr'><strong>congredi</strong></span> <span class='ocrx_word' id='word_1_120' title='bbox 1963 1231 2060 1268; x_wconf 87' lang='lat' dir='ltr'><strong>va-</strong></span> <span class='ocrx_word' id='word_1_121' title='bbox 2161 1217 2478 1274; x_wconf 86' lang='lat' dir='ltr'><strong>duodecima</strong></span> <span class='ocrx_word' id='word_1_122' title='bbox 2515 1218 2803 1273; x_wconf 88' lang='lat' dir='ltr'><strong>indictione</strong></span> <span class='ocrx_word' id='word_1_123' title='bbox 2833 1217 3004 1288; x_wconf 83' lang='lat' dir='ltr'><strong>(Anno</strong></span> <span class='ocrx_word' id='word_1_124' title='bbox 3034 1217 3224 1272; x_wconf 75' lang='lat' dir='ltr'><strong>Christi</strong></span> <span class='ocrx_word' id='word_1_125' title='bbox 3263 1216 3386 1289; x_wconf 64' lang='grc'><strong>531)</strong></span> <span class='ocrx_word' id='word_1_126' title='bbox 3419 1216 3782 1289; x_wconf 68' lang='grc' dir='ltr'><strong>ρι’ωΐεοῑυι-ίτθ</strong></span> 
     </span>
    </p>
   </div>
   <div class='ocr_carea' id='block_1_11' title="bbox 481 1305 3775 1380">
    <p class='ocr_par' dir='ltr' id='par_1_11' title="bbox 481 1305 3775 1380">
     <span class='ocr_line' id='line_1_11' title="bbox 481 1305 3775 1380; baseline 0.001 -20"><span class='ocrx_word' id='word_1_127' title='bbox 481 1308 592 1361; x_wconf 91' lang='lat' dir='ltr'><strong>rius</strong></span> <span class='ocrx_word' id='word_1_128' title='bbox 619 1321 833 1376; x_wconf 89' lang='lat' dir='ltr'><strong>semper</strong></span> <span class='ocrx_word' id='word_1_129' title='bbox 857 1316 1081 1361; x_wconf 86' lang='lat' dir='ltr'><strong>eventus</strong></span> <span class='ocrx_word' id='word_1_130' title='bbox 1111 1313 1224 1372; x_wconf 90' lang='lat' dir='ltr'><strong>est;</strong></span> <span class='ocrx_word' id='word_1_131' title='bbox 1249 1305 1546 1360; x_wconf 83' lang='lat' dir='ltr'><strong>indubitata</strong></span> <span class='ocrx_word' id='word_1_132' title='bbox 1571 1319 1700 1360; x_wconf 89' lang='lat' dir='ltr'><strong>vero</strong></span> <span class='ocrx_word' id='word_1_133' title='bbox 1726 1305 1917 1372; x_wconf 88' lang='lat' dir='ltr'><strong>gloria,</strong></span> <span class='ocrx_word' id='word_1_134' title='bbox 1947 1318 2062 1358; x_wconf 86' lang='lat' dir='ltr'><strong>tno-</strong></span> <span class='ocrx_word' id='word_1_135' title='bbox 2161 1309 2492 1380; x_wconf 68' lang='lat' dir='ltr'><strong>praetoriana:</strong></span> <span class='ocrx_word' id='word_1_136' title='bbox 2513 1307 2804 1377; x_wconf 88' lang='lat' dir='ltr'><strong>regendam</strong></span> <span class='ocrx_word' id='word_1_137' title='bbox 2834 1307 3115 1362; x_wconf 89' lang='lat' dir='ltr'><strong>tribuimus</strong></span> <span class='ocrx_word' id='word_1_138' title='bbox 3143 1307 3488 1376; x_wconf 84' lang='lat' dir='ltr'><strong>dignitatem;</strong></span> <span class='ocrx_word' id='word_1_139' title='bbox 3521 1317 3580 1363; x_wconf 92' lang='lat' dir='ltr'><strong>ut</strong></span> <span class='ocrx_word' id='word_1_140' title='bbox 3609 1323 3775 1378; x_wconf 85' lang='lat' dir='ltr'><strong>que-</strong></span> 
     </span>
    </p>
   </div>
   <div class='ocr_carea' id='block_1_12' title="bbox 482 1395 3778 1471">
    <p class='ocr_par' dir='ltr' id='par_1_12' title="bbox 482 1395 3778 1471">
     <span class='ocr_line' id='line_1_12' title="bbox 482 1395 3778 1471; baseline 0.001 -20"><span class='ocrx_word' id='word_1_141' title='bbox 482 1415 599 1453; x_wconf 87' lang='lat' dir='ltr'><strong>rum</strong></span> <span class='ocrx_word' id='word_1_142' title='bbox 656 1400 976 1455; x_wconf 87' lang='lat' dir='ltr'><strong>custodiisse</strong></span> <span class='ocrx_word' id='word_1_143' title='bbox 1027 1413 1352 1453; x_wconf 89' lang='lat' dir='ltr'><strong>mensuram.</strong></span> <span class='ocrx_word' id='word_1_144' title='bbox 1411 1396 1550 1464; x_wconf 86' lang='lat' dir='ltr'><strong>Quid</strong></span> <span class='ocrx_word' id='word_1_145' title='bbox 1596 1397 1770 1465; x_wconf 80' lang='lat' dir='ltr'><strong>ergo?</strong></span> <span class='ocrx_word' id='word_1_146' title='bbox 1828 1395 2064 1464; x_wconf 82' lang='lat' dir='ltr'><strong>nunquid</strong></span> <span class='ocrx_word' id='word_1_147' title='bbox 2162 1401 2306 1457; x_wconf 85' lang='lat' dir='ltr'><strong>relas</strong></span> <span class='ocrx_word' id='word_1_148' title='bbox 2333 1415 2521 1457; x_wconf 88' lang='lat' dir='ltr'><strong>omnes</strong></span> <span class='ocrx_word' id='word_1_149' title='bbox 2563 1399 2849 1454; x_wconf 85' lang='lat' dir='ltr'><strong>inﬁdelium</strong></span> <span class='ocrx_word' id='word_1_150' title='bbox 2876 1399 3420 1471; x_wconf 74' lang='lat' dir='ltr'><strong>nundinationclAc.,</strong></span> <span class='ocrx_word' id='word_1_151' title='bbox 3447 1416 3637 1454; x_wconf 85' lang='lat' dir='ltr'><strong>otnnes</strong></span> <span class='ocrx_word' id='word_1_152' title='bbox 3665 1399 3778 1452; x_wconf 83' lang='lat' dir='ltr'><strong>in—</strong></span> 
     </span>
    </p>
   </div>
   <div class='ocr_carea' id='block_1_13' title="bbox 483 1485 3785 1560">
    <p class='ocr_par' dir='ltr' id='par_1_13' title="bbox 483 1485 3785 1560">
     <span class='ocr_line' id='line_1_13' title="bbox 483 1485 3785 1560; baseline 0 -17"><span class='ocrx_word' id='word_1_153' title='bbox 483 1490 574 1542; x_wconf 76' lang='lat' dir='ltr'><strong>tnli</strong></span> <span class='ocrx_word' id='word_1_154' title='bbox 625 1490 839 1544; x_wconf 87' lang='lat' dir='ltr'><strong>actione</strong></span> <span class='ocrx_word' id='word_1_155' title='bbox 869 1502 1195 1558; x_wconf 73' lang='lat' dir='ltr'><strong>prtesumens</strong></span> <span class='ocrx_word' id='word_1_156' title='bbox 1241 1487 1418 1556; x_wconf 86' lang='lat' dir='ltr'><strong>aliqua</strong></span> <span class='ocrx_word' id='word_1_157' title='bbox 1447 1502 1506 1542; x_wconf 89' lang='lat' dir='ltr'><strong>se</strong></span> <span class='ocrx_word' id='word_1_158' title='bbox 1547 1487 1778 1542; x_wconf 88' lang='lat' dir='ltr'><strong>elatione</strong></span> <span class='ocrx_word' id='word_1_159' title='bbox 1801 1485 2022 1553; x_wconf 61' lang='lat' dir='ltr'><strong>iactavit</strong></span> <span class='ocrx_word' id='word_1_160' title='bbox 2044 1522 2060 1548; x_wconf 69' lang='grc' dir='ltr'><strong>ν</strong></span> <span class='ocrx_word' id='word_1_161' title='bbox 2165 1489 2453 1560; x_wconf 87' lang='lat' dir='ltr'><strong>ﬁciatione]</strong></span> <span class='ocrx_word' id='word_1_162' title='bbox 2492 1488 2776 1554; x_wconf 90' lang='lat' dir='ltr'><strong>collectas,</strong></span> <span class='ocrx_word' id='word_1_163' title='bbox 2809 1487 2920 1542; x_wconf 82' lang='lat' dir='ltr'><strong>Deo</strong></span> <span class='ocrx_word' id='word_1_164' title='bbox 2947 1496 3233 1556; x_wconf 72' lang='lat' dir='ltr'><strong>praestante</strong></span> <span class='ocrx_word' id='word_1_165' title='bbox 3253 1529 3268 1556; x_wconf 92' lang='lat'><strong>,</strong></span> <span class='ocrx_word' id='word_1_166' title='bbox 3316 1503 3409 1542; x_wconf 84' lang='lat' dir='ltr'><strong>sua</strong></span> <span class='ocrx_word' id='word_1_167' title='bbox 3441 1489 3785 1556; x_wconf 83' lang='lat' dir='ltr'><strong>integritate</strong></span> 
     </span>
    </p>
   </div>
   <div class='ocr_carea' id='block_1_14' title="bbox 487 1575 3794 1650">
    <p class='ocr_par' dir='ltr' id='par_1_14' title="bbox 487 1575 3794 1650">
     <span class='ocr_line' id='line_1_14' title="bbox 487 1575 3794 1650; baseline 0 -19"><span class='ocrx_word' id='word_1_168' title='bbox 487 1579 613 1632; x_wconf 86' lang='lat' dir='ltr'><strong>dum</strong></span> <span class='ocrx_word' id='word_1_169' title='bbox 657 1589 740 1634; x_wconf 91' lang='lat' dir='ltr'><strong>est</strong></span> <span class='ocrx_word' id='word_1_170' title='bbox 764 1579 1024 1634; x_wconf 81' lang='lat' dir='ltr'><strong>familiare</strong></span> <span class='ocrx_word' id='word_1_171' title='bbox 1052 1577 1358 1633; x_wconf 88' lang='lat' dir='ltr'><strong>hominibus</strong></span> <span class='ocrx_word' id='word_1_172' title='bbox 1387 1577 1570 1633; x_wconf 85' lang='lat' dir='ltr'><strong>extolli</strong></span> <span class='ocrx_word' id='word_1_173' title='bbox 1596 1591 1717 1632; x_wconf 88' lang='lat' dir='ltr'><strong>cum</strong></span> <span class='ocrx_word' id='word_1_174' title='bbox 1744 1577 1883 1630; x_wconf 86' lang='lat' dir='ltr'><strong>bene</strong></span> <span class='ocrx_word' id='word_1_175' title='bbox 1915 1575 1984 1629; x_wconf 91' lang='lat' dir='ltr'><strong>de</strong></span> <span class='ocrx_word' id='word_1_176' title='bbox 2006 1589 2066 1630; x_wconf 85' lang='lat' dir='ltr'><strong>se</strong></span> <span class='ocrx_word' id='word_1_177' title='bbox 2165 1588 2455 1650; x_wconf 83' lang='lat' dir='ltr'><strong>componat</strong></span> <span class='ocrx_word' id='word_1_178' title='bbox 2485 1597 2499 1634; x_wconf 91' lang='lat'>:</span> <span class='ocrx_word' id='word_1_179' title='bbox 2531 1579 2798 1647; x_wconf 72' lang='lat' dir='ltr'><strong>faciatque</strong></span> <span class='ocrx_word' id='word_1_180' title='bbox 2845 1585 2953 1632; x_wconf 90' lang='lat' dir='ltr'><strong>tam</strong></span> <span class='ocrx_word' id='word_1_181' title='bbox 3005 1579 3227 1632; x_wconf 91' lang='lat' dir='ltr'><strong>nimium</strong></span> <span class='ocrx_word' id='word_1_182' title='bbox 3276 1578 3638 1642; x_wconf 89' lang='lat' dir='ltr'><strong>desideratus,</strong></span> <span class='ocrx_word' id='word_1_183' title='bbox 3703 1588 3794 1634; x_wconf 81' lang='lat' dir='ltr'><strong>ut</strong></span> 
     </span>
    </p>
   </div>
   <div class='ocr_carea' id='block_1_15' title="bbox 485 1668 3778 1744">
    <p class='ocr_par' dir='ltr' id='par_1_15' title="bbox 485 1668 3778 1744">
     <span class='ocr_line' id='line_1_15' title="bbox 485 1668 3778 1744; baseline -0.002 -15"><span class='ocrx_word' id='word_1_184' title='bbox 485 1676 838 1744; x_wconf 79' lang='lat' dir='ltr'><strong>cognoverint</strong></span> <span class='ocrx_word' id='word_1_185' title='bbox 885 1674 1176 1731; x_wconf 72' lang='lat' dir='ltr'><strong>mstitnaril</strong></span> <span class='ocrx_word' id='word_1_186' title='bbox 1208 1673 1397 1728; x_wconf 85' lang='lat' dir='ltr'><strong>Nonne</strong></span> <span class='ocrx_word' id='word_1_187' title='bbox 1423 1681 1573 1727; x_wconf 87' lang='lat' dir='ltr'><strong>tanta</strong></span> <span class='ocrx_word' id='word_1_188' title='bbox 1600 1687 1662 1728; x_wconf 88' lang='lat' dir='ltr'><strong>se</strong></span> <span class='ocrx_word' id='word_1_189' title='bbox 1689 1670 2066 1726; x_wconf 88' lang='lat' dir='ltr'><strong>communione</strong></span> <span class='ocrx_word' id='word_1_190' title='bbox 2169 1672 2374 1728; x_wconf 90' lang='lat' dir='ltr'><strong>cunctis</strong></span> <span class='ocrx_word' id='word_1_191' title='bbox 2399 1672 2570 1742; x_wconf 88' lang='lat' dir='ltr'><strong>possit</strong></span> <span class='ocrx_word' id='word_1_192' title='bbox 2605 1685 2723 1726; x_wconf 88' lang='lat' dir='ltr'><strong>esse</strong></span> <span class='ocrx_word' id='word_1_193' title='bbox 2750 1669 3041 1725; x_wconf 89' lang='lat' dir='ltr'><strong>beneﬁcus.</strong></span> <span class='ocrx_word' id='word_1_194' title='bbox 3075 1669 3264 1723; x_wconf 87' lang='lat' dir='ltr'><strong>Adsint</strong></span> <span class='ocrx_word' id='word_1_195' title='bbox 3293 1668 3536 1738; x_wconf 89' lang='lat' dir='ltr'><strong>Superna</strong></span> <span class='ocrx_word' id='word_1_196' title='bbox 3567 1668 3778 1738; x_wconf 83' lang='lat' dir='ltr'><strong>dispo-</strong></span> 
     </span>
    </p>
   </div>
   <div class='ocr_carea' id='block_1_16' title="bbox 485 1755 3780 1834">
    <p class='ocr_par' dir='ltr' id='par_1_16' title="bbox 485 1755 3780 1834">
     <span class='ocr_line' id='line_1_16' title="bbox 485 1755 3780 1834; baseline -0.002 -15"><span class='ocrx_word' id='word_1_197' title='bbox 485 1765 735 1819; x_wconf 86' lang='lat' dir='ltr'><strong>tractavit</strong></span> <span class='ocrx_word' id='word_1_198' title='bbox 756 1772 814 1818; x_wconf 94' lang='lat' dir='ltr'><strong>ut</strong></span> <span class='ocrx_word' id='word_1_199' title='bbox 841 1764 1095 1834; x_wconf 89' lang='lat' dir='ltr'><strong>principis</strong></span> <span class='ocrx_word' id='word_1_200' title='bbox 1121 1763 1223 1818; x_wconf 92' lang='lat' dir='ltr'><strong>sibi</strong></span> <span class='ocrx_word' id='word_1_201' title='bbox 1243 1763 1468 1831; x_wconf 84' lang='lat' dir='ltr'><strong>gratiam</strong></span> <span class='ocrx_word' id='word_1_202' title='bbox 1489 1761 1557 1816; x_wconf 86' lang='lat' dir='ltr'><strong>ad</strong></span> <span class='ocrx_word' id='word_1_203' title='bbox 1575 1760 1835 1816; x_wconf 88' lang='lat' dir='ltr'><strong>beneﬁcia</strong></span> <span class='ocrx_word' id='word_1_204' title='bbox 1863 1768 2065 1814; x_wconf 88' lang='lat' dir='ltr'><strong>tantum</strong></span> <span class='ocrx_word' id='word_1_205' title='bbox 2167 1755 2310 1828; x_wconf 84' lang='lat' dir='ltr'><strong>sitis;</strong></span> <span class='ocrx_word' id='word_1_206' title='bbox 2341 1770 2402 1816; x_wconf 89' lang='lat' dir='ltr'><strong>ut</strong></span> <span class='ocrx_word' id='word_1_207' title='bbox 2444 1776 2606 1831; x_wconf 85' lang='lat' dir='ltr'><strong>quem</strong></span> <span class='ocrx_word' id='word_1_208' title='bbox 2650 1775 2750 1814; x_wconf 92' lang='lat' dir='ltr'><strong>nos</strong></span> <span class='ocrx_word' id='word_1_209' title='bbox 2777 1759 3121 1829; x_wconf 84' lang='lat' dir='ltr'><strong>probavimus</strong></span> <span class='ocrx_word' id='word_1_210' title='bbox 3147 1757 3303 1826; x_wconf 85' lang='lat' dir='ltr'><strong>longa</strong></span> <span class='ocrx_word' id='word_1_211' title='bbox 3343 1757 3780 1812; x_wconf 82' lang='lat' dir='ltr'><strong>conversatione</strong></span> 
     </span>
    </p>
   </div>
   <div class='ocr_carea' id='block_1_17' title="bbox 489 1849 3781 1925">
    <p class='ocr_par' dir='ltr' id='par_1_17' title="bbox 489 1849 3781 1925">
     <span class='ocr_line' id='line_1_17' title="bbox 489 1849 3781 1925; baseline -0.002 -16"><span class='ocrx_word' id='word_1_212' title='bbox 489 1855 734 1910; x_wconf 90' lang='lat' dir='ltr'><strong>crederet</strong></span> <span class='ocrx_word' id='word_1_213' title='bbox 762 1869 881 1911; x_wconf 88' lang='lat' dir='ltr'><strong>esse</strong></span> <span class='ocrx_word' id='word_1_214' title='bbox 907 1855 1263 1910; x_wconf 76' lang='lat' dir='ltr'><strong>concessam?</strong></span> <span class='ocrx_word' id='word_1_215' title='bbox 1291 1852 1591 1908; x_wconf 89' lang='lat' dir='ltr'><strong>Benevolus</strong></span> <span class='ocrx_word' id='word_1_216' title='bbox 1625 1851 1852 1914; x_wconf 88' lang='lat' dir='ltr'><strong>cunctis,</strong></span> <span class='ocrx_word' id='word_1_217' title='bbox 1882 1851 2068 1905; x_wconf 84' lang='lat' dir='ltr'><strong>mode—</strong></span> <span class='ocrx_word' id='word_1_218' title='bbox 2169 1854 2485 1925; x_wconf 84' lang='lat' dir='ltr'><strong>prudentem</strong></span> <span class='ocrx_word' id='word_1_219' title='bbox 2503 1893 2520 1918; x_wconf 89' lang='lat'><strong>,</strong></span> <span class='ocrx_word' id='word_1_220' title='bbox 2571 1850 2966 1922; x_wconf 86' lang='lat' dir='ltr'><strong>prosperrimus</strong></span> <span class='ocrx_word' id='word_1_221' title='bbox 3011 1850 3145 1914; x_wconf 89' lang='lat' dir='ltr'><strong>sibi,</strong></span> <span class='ocrx_word' id='word_1_222' title='bbox 3189 1849 3530 1904; x_wconf 86' lang='lat' dir='ltr'><strong>ﬁdelissimus</strong></span> <span class='ocrx_word' id='word_1_223' title='bbox 3559 1849 3730 1904; x_wconf 88' lang='lat' dir='ltr'><strong>nobis</strong></span> <span class='ocrx_word' id='word_1_224' title='bbox 3759 1889 3781 1915; x_wconf 91' lang='lat'><strong>,</strong></span> 
     </span>
    </p>
   </div>
   <div class='ocr_carea' id='block_1_18' title="bbox 488 1939 3789 2030">
    <p class='ocr_par' dir='ltr' id='par_1_18' title="bbox 488 1939 3789 2030">
     <span class='ocr_line' id='line_1_18' title="bbox 488 1939 3789 2030; baseline -0.001 -35"><span class='ocrx_word' id='word_1_225' title='bbox 488 1951 635 1998; x_wconf 89' lang='lat' dir='ltr'><strong>ratus</strong></span> <span class='ocrx_word' id='word_1_226' title='bbox 679 1945 732 1997; x_wconf 94' lang='lat' dir='ltr'><strong>in</strong></span> <span class='ocrx_word' id='word_1_227' title='bbox 761 1942 1066 2014; x_wconf 83' lang='lat' dir='ltr'><strong>prosperis,</strong></span> <span class='ocrx_word' id='word_1_228' title='bbox 1099 1943 1353 2011; x_wconf 81' lang='lat' dir='ltr'><strong>ignorans</strong></span> <span class='ocrx_word' id='word_1_229' title='bbox 1381 1942 1481 1997; x_wconf 88' lang='lat' dir='ltr'><strong>nisi</strong></span> <span class='ocrx_word' id='word_1_230' title='bbox 1511 1941 1746 2010; x_wconf 89' lang='lat' dir='ltr'><strong>graviter</strong></span> <span class='ocrx_word' id='word_1_231' title='bbox 1788 1939 2068 1994; x_wconf 88' lang='lat' dir='ltr'><strong>lacessitus</strong></span> <span class='ocrx_word' id='word_1_232' title='bbox 2099 1971 2143 2030; x_wconf 75' lang='grc' dir='ltr'><strong>Β</strong></span> <span class='ocrx_word' id='word_1_233' title='bbox 2173 1944 2320 1998; x_wconf 88' lang='lat' dir='ltr'><strong>utilis</strong></span> <span class='ocrx_word' id='word_1_234' title='bbox 2347 1942 2653 2014; x_wconf 70' lang='lat' dir='ltr'><strong>reipublicze</strong></span> <span class='ocrx_word' id='word_1_235' title='bbox 2678 1939 2873 1994; x_wconf 89' lang='lat' dir='ltr'><strong>debeat</strong></span> <span class='ocrx_word' id='word_1_236' title='bbox 2902 1939 3162 2024; x_wconf 71' lang='lat' dir='ltr'><strong>inveniri;</strong></span> <span class='ocrx_word' id='word_1_237' title='bbox 3195 1950 3250 1994; x_wconf 91' lang='lat' dir='ltr'><strong>et</strong></span> <span class='ocrx_word' id='word_1_238' title='bbox 3274 1941 3544 2008; x_wconf 87' lang='lat' dir='ltr'><strong>relinquat</strong></span> <span class='ocrx_word' id='word_1_239' title='bbox 3574 1949 3789 2010; x_wconf 85' lang='lat' dir='ltr'><strong>poste-</strong></span> 
     </span>
    </p>
   </div>
   <div class='ocr_carea' id='block_1_19' title="bbox 491 2029 3788 2104">
    <p class='ocr_par' dir='ltr' id='par_1_19' title="bbox 491 2029 3788 2104">
     <span class='ocr_line' id='line_1_19' title="bbox 491 2029 3788 2104; baseline -0.001 -17"><span class='ocrx_word' id='word_1_240' title='bbox 491 2033 671 2088; x_wconf 88' lang='lat' dir='ltr'><strong>irasci.</strong></span> <span class='ocrx_word' id='word_1_241' title='bbox 702 2031 800 2101; x_wconf 87' lang='lat' dir='ltr'><strong>Qui</strong></span> <span class='ocrx_word' id='word_1_242' title='bbox 847 2049 968 2090; x_wconf 89' lang='lat' dir='ltr'><strong>cum</strong></span> <span class='ocrx_word' id='word_1_243' title='bbox 998 2034 1068 2089; x_wconf 90' lang='lat' dir='ltr'><strong>sit</strong></span> <span class='ocrx_word' id='word_1_244' title='bbox 1089 2033 1295 2104; x_wconf 87' lang='lat' dir='ltr'><strong>justitia</strong></span> <span class='ocrx_word' id='word_1_245' title='bbox 1323 2032 1557 2102; x_wconf 90' lang='lat' dir='ltr'><strong>rigidus,</strong></span> <span class='ocrx_word' id='word_1_246' title='bbox 1607 2031 1674 2086; x_wconf 89' lang='lat' dir='ltr'><strong>ad</strong></span> <span class='ocrx_word' id='word_1_247' title='bbox 1721 2030 2066 2086; x_wconf 74' lang='lat' dir='ltr'><strong>remissiones</strong></span> <span class='ocrx_word' id='word_1_248' title='bbox 2103 2029 2124 2030; x_wconf 15' lang='grc' dir='ltr'>ᾧ</span> <span class='ocrx_word' id='word_1_249' title='bbox 2169 2035 2244 2089; x_wconf 90' lang='lat' dir='ltr'><strong>ris</strong></span> <span class='ocrx_word' id='word_1_250' title='bbox 2271 2032 2488 2100; x_wconf 89' lang='lat' dir='ltr'><strong>famam,</strong></span> <span class='ocrx_word' id='word_1_251' title='bbox 2516 2048 2615 2103; x_wconf 90' lang='lat' dir='ltr'><strong>per</strong></span> <span class='ocrx_word' id='word_1_252' title='bbox 2654 2043 2814 2102; x_wconf 90' lang='lat' dir='ltr'><strong>quam</strong></span> <span class='ocrx_word' id='word_1_253' title='bbox 2857 2029 3146 2100; x_wconf 85' lang='lat' dir='ltr'><strong>gloriosam</strong></span> <span class='ocrx_word' id='word_1_254' title='bbox 3181 2031 3388 2088; x_wconf 70' lang='lat' dir='ltr'><strong>saeculis</strong></span> <span class='ocrx_word' id='word_1_255' title='bbox 3413 2047 3564 2087; x_wconf 87' lang='lat' dir='ltr'><strong>suam</strong></span> <span class='ocrx_word' id='word_1_256' title='bbox 3594 2031 3788 2087; x_wconf 82' lang='lat' dir='ltr'><strong>faciat</strong></span> 
     </span>
    </p>
   </div>
   <div class='ocr_carea' id='block_1_20' title="bbox 488 2119 2611 2194">
    <p class='ocr_par' dir='ltr' id='par_1_20' title="bbox 488 2119 2611 2194">
     <span class='ocr_line' id='line_1_20' title="bbox 488 2119 2611 2194; baseline -0.002 -17"><span class='ocrx_word' id='word_1_257' title='bbox 488 2123 685 2178; x_wconf 89' lang='lat' dir='ltr'><strong>irarum</strong></span> <span class='ocrx_word' id='word_1_258' title='bbox 713 2140 819 2180; x_wconf 89' lang='lat' dir='ltr'><strong>non</strong></span> <span class='ocrx_word' id='word_1_259' title='bbox 842 2123 1098 2194; x_wconf 87' lang='lat' dir='ltr'><strong>perdurat</strong></span> <span class='ocrx_word' id='word_1_260' title='bbox 1118 2131 1362 2179; x_wconf 88' lang='lat' dir='ltr'><strong>austerus</strong></span> <span class='ocrx_word' id='word_1_261' title='bbox 1393 2141 1406 2176; x_wconf 84' lang='lat'><strong>:</strong></span> <span class='ocrx_word' id='word_1_262' title='bbox 1438 2136 1653 2177; x_wconf 89' lang='lat' dir='ltr'><strong>suarum</strong></span> <span class='ocrx_word' id='word_1_263' title='bbox 1681 2133 1862 2175; x_wconf 89' lang='lat' dir='ltr'><strong>rerum</strong></span> <span class='ocrx_word' id='word_1_264' title='bbox 1888 2119 2068 2174; x_wconf 81' lang='lat' dir='ltr'><strong>distri-</strong></span> <span class='ocrx_word' id='word_1_265' title='bbox 2173 2139 2292 2180; x_wconf 77' lang='lat' dir='ltr'><strong>esse</strong></span> <span class='ocrx_word' id='word_1_266' title='bbox 2318 2123 2611 2186; x_wconf 32' lang='lat' dir='ltr'><strong>familiam”</strong></span> 
     </span>
    </p>
   </div>
   <div class='ocr_carea' id='block_1_21' title="bbox 487 2210 2073 2284">
    <p class='ocr_par' dir='ltr' id='par_1_21' title="bbox 487 2210 2073 2284">
     <span class='ocr_line' id='line_1_21' title="bbox 487 2210 2073 2284; baseline -0.003 -16"><span class='ocrx_word' id='word_1_267' title='bbox 487 2212 650 2268; x_wconf 85' lang='lat' dir='ltr'><strong>butor</strong></span> <span class='ocrx_word' id='word_1_268' title='bbox 667 2213 940 2284; x_wconf 83' lang='lat' dir='ltr'><strong>egregius;</strong></span> <span class='ocrx_word' id='word_1_269' title='bbox 966 2221 1022 2270; x_wconf 91' lang='lat' dir='ltr'><strong>et</strong></span> <span class='ocrx_word' id='word_1_270' title='bbox 1047 2213 1172 2269; x_wconf 89' lang='lat' dir='ltr'><strong>dum</strong></span> <span class='ocrx_word' id='word_1_271' title='bbox 1199 2213 1404 2270; x_wconf 88' lang='lat' dir='ltr'><strong>nesciat</strong></span> <span class='ocrx_word' id='word_1_272' title='bbox 1429 2212 1606 2268; x_wconf 89' lang='lat' dir='ltr'><strong>aliena</strong></span> <span class='ocrx_word' id='word_1_273' title='bbox 1629 2224 1894 2282; x_wconf 70' lang='lat' dir='ltr'><strong>quazrere,</strong></span> <span class='ocrx_word' id='word_1_274' title='bbox 1924 2210 2073 2264; x_wconf 87' lang='lat' dir='ltr'><strong>novit</strong></span> 
     </span>
    </p>
   </div>
   <div class='ocr_carea' id='block_1_22' title="bbox 493 2329 1812 2362">
    <p class='ocr_par' dir='ltr' id='par_1_22' title="bbox 493 2329 1812 2362">
     <span class='ocr_line' id='line_1_22' title="bbox 493 2329 1812 2362; baseline 0.002 -4"><span class='ocrx_word' id='word_1_275' title='bbox 493 2329 1812 2362; x_wconf 50' lang='lat'><strong>.—________;__..__.___</strong></span> 
     </span>
    </p>
   </div>
   <div class='ocr_carea' id='block_1_23' title="bbox 1631 2419 2616 2502">
    <p class='ocr_par' dir='ltr' id='par_1_23' title="bbox 1631 2419 2616 2502">
     <span class='ocr_line' id='line_1_23' title="bbox 1631 2419 2616 2502; baseline -0.005 -2"><span class='ocrx_word' id='word_1_276' title='bbox 1631 2419 1971 2502; x_wconf 78' lang='lat' dir='ltr'><strong>LIBER</strong></span> <span class='ocrx_word' id='word_1_277' title='bbox 2051 2419 2616 2502; x_wconf 87' lang='lat' dir='ltr'><strong>DECIMUS.</strong></span> 
     </span>
    </p>
   </div>
   <div class='ocr_carea' id='block_1_24' title="bbox 1983 2564 2348 2576">
    <p class='ocr_par' dir='ltr' id='par_1_24' title="bbox 1983 2564 2348 2576">
     <span class='ocr_line' id='line_1_24' title="bbox 1983 2564 2348 2576; baseline -0.005 0"><span class='ocrx_word' id='word_1_278' title='bbox 1983 2564 2348 2576; x_wconf 80' lang='lat'><strong>——-</strong></span> 
     </span>
    </p>
   </div>
   <div class='ocr_carea' id='block_1_25' title="bbox 596 2643 1686 2717">
    <p class='ocr_par' dir='ltr' id='par_1_25' title="bbox 596 2643 1686 2717">
     <span class='ocr_line' id='line_1_25' title="bbox 596 2643 1686 2717; baseline -0.011 -7"><span class='ocrx_word' id='word_1_279' title='bbox 596 2703 609 2710; x_wconf 85' lang='lat'><strong>-</strong></span> <span class='ocrx_word' id='word_1_280' title='bbox 879 2646 1033 2717; x_wconf 75' lang='lat'><strong>157</strong></span> <span class='ocrx_word' id='word_1_281' title='bbox 1083 2643 1415 2700; x_wconf 81' lang='lat' dir='ltr'><strong>EPISTOLA</strong></span> <span class='ocrx_word' id='word_1_282' title='bbox 1453 2644 1686 2700; x_wconf 74' lang='lat' dir='ltr'><strong>PRIMA.</strong></span> 
     </span>
    </p>
   </div>
   <div class='ocr_carea' id='block_1_26' title="bbox 491 2734 2072 2808">
    <p class='ocr_par' dir='ltr' id='par_1_26' title="bbox 491 2734 2072 2808">
     <span class='ocr_line' id='line_1_26' title="bbox 491 2734 2072 2808; baseline -0.001 -15"><span class='ocrx_word' id='word_1_283' title='bbox 491 2751 794 2793; x_wconf 68' lang='lat' dir='ltr'><strong>wsrmsuo</strong></span> <span class='ocrx_word' id='word_1_284' title='bbox 846 2751 1170 2792; x_wconf 60' lang='grc' dir='ltr'><strong>ωηιξη-01η</strong></span> <span class='ocrx_word' id='word_1_285' title='bbox 1225 2751 1608 2792; x_wconf 69' lang='lat' dir='ltr'><strong>“ausurum</strong></span> <span class='ocrx_word' id='word_1_286' title='bbox 1658 2734 1811 2808; x_wconf 79' lang='lat' dir='ltr'><strong>[Hs.,</strong></span> <span class='ocrx_word' id='word_1_287' title='bbox 1867 2751 2072 2791; x_wconf 71' lang='lat' dir='ltr'><strong>suu-</strong></span> 
     </span>
    </p>
   </div>
   <div class='ocr_carea' id='block_1_27' title="bbox 611 2823 1823 2896">
    <p class='ocr_par' dir='ltr' id='par_1_27' title="bbox 611 2823 1823 2896">
     <span class='ocr_line' id='line_1_27' title="bbox 611 2823 1823 2896; baseline 0 -16"><span class='ocrx_word' id='word_1_288' title='bbox 611 2847 614 2850; x_wconf 59' lang='lat'>&#39;</span> <span class='ocrx_word' id='word_1_289' title='bbox 699 2841 916 2891; x_wconf 64' lang='lat' dir='ltr'><strong>sumus;</strong></span> <span class='ocrx_word' id='word_1_290' title='bbox 947 2825 1060 2892; x_wconf 81' lang='lat' dir='ltr'><strong>alii,</strong></span> <span class='ocrx_word' id='word_1_291' title='bbox 1091 2823 1534 2896; x_wconf 65' lang='lat' dir='ltr'><strong>AIALASUENTHA]</strong></span> <span class='ocrx_word' id='word_1_292' title='bbox 1557 2841 1747 2880; x_wconf 71' lang='lat' dir='ltr'><strong>REGINA</strong></span> <span class='ocrx_word' id='word_1_293' title='bbox 1777 2836 1823 2880; x_wconf 73' lang='grc' dir='ltr'><strong>ιι.</strong></span> 
     </span>
    </p>
   </div>
   <div class='ocr_carea' id='block_1_28' title="bbox 495 2933 2072 3006">
    <p class='ocr_par' dir='ltr' id='par_1_28' title="bbox 495 2933 2072 3006">
     <span class='ocr_line' id='line_1_28' title="bbox 495 2933 2072 3006; baseline 0 -17"><span class='ocrx_word' id='word_1_294' title='bbox 495 2934 686 3006; x_wconf 60' lang='lat' dir='ltr'><strong>Scribit</strong></span> <span class='ocrx_word' id='word_1_295' title='bbox 712 2951 768 3006; x_wconf 73' lang='lat' dir='ltr'><strong>se</strong></span> <span class='ocrx_word' id='word_1_296' title='bbox 788 2944 902 3006; x_wconf 72' lang='lat' dir='ltr'><strong>post</strong></span> <span class='ocrx_word' id='word_1_297' title='bbox 927 2943 1139 3006; x_wconf 83' lang='lat' dir='ltr'><strong>mortem</strong></span> <span class='ocrx_word' id='word_1_298' title='bbox 1163 2933 1450 3006; x_wconf 77' lang='lat' dir='ltr'><strong>Athalarici</strong></span> <span class='ocrx_word' id='word_1_299' title='bbox 1482 2934 1545 3006; x_wconf 79' lang='lat' dir='ltr'><strong>in</strong></span> <span class='ocrx_word' id='word_1_300' title='bbox 1585 2935 1899 3006; x_wconf 80' lang='lat' dir='ltr'><strong>consortium</strong></span> <span class='ocrx_word' id='word_1_301' title='bbox 1927 2935 2072 3006; x_wconf 79' lang='lat' dir='ltr'><strong>regni</strong></span> 
     </span>
    </p>
   </div>
   <div class='ocr_carea' id='block_1_29' title="bbox 567 3004 2073 3076">
    <p class='ocr_par' dir='ltr' id='par_1_29' title="bbox 567 3004 2073 3076">
     <span class='ocr_line' id='line_1_29' title="bbox 567 3004 2073 3076; baseline 0.001 -18"><span class='ocrx_word' id='word_1_302' title='bbox 567 3004 963 3058; x_wconf 79' lang='lat' dir='ltr'><strong>Theodaltadum</strong></span> <span class='ocrx_word' id='word_1_303' title='bbox 985 3004 1278 3068; x_wconf 72' lang='lat' dir='ltr'><strong>adscivisse,</strong></span> <span class='ocrx_word' id='word_1_304' title='bbox 1301 3014 1351 3058; x_wconf 83' lang='lat' dir='ltr'><strong>et</strong></span> <span class='ocrx_word' id='word_1_305' title='bbox 1375 3004 1575 3058; x_wconf 75' lang='lat' dir='ltr'><strong>misisse</strong></span> <span class='ocrx_word' id='word_1_306' title='bbox 1601 3004 1796 3075; x_wconf 84' lang='lat' dir='ltr'><strong>legatos</strong></span> <span class='ocrx_word' id='word_1_307' title='bbox 1821 3007 1905 3074; x_wconf 82' lang='lat' dir='ltr'><strong>qui</strong></span> <span class='ocrx_word' id='word_1_308' title='bbox 1929 3004 2073 3076; x_wconf 62' lang='lat' dir='ltr'><strong>paris</strong></span> 
     </span>
    </p>
   </div>
   <div class='ocr_carea' id='block_1_30' title="bbox 565 3078 1197 3145">
    <p class='ocr_par' dir='ltr' id='par_1_30' title="bbox 565 3078 1197 3145">
     <span class='ocr_line' id='line_1_30' title="bbox 565 3078 1197 3145; baseline 0 -19"><span class='ocrx_word' id='word_1_309' title='bbox 565 3078 977 3145; x_wconf 82' lang='lat' dir='ltr'><strong>prorogationem</strong></span> <span class='ocrx_word' id='word_1_310' title='bbox 1001 3083 1197 3144; x_wconf 85' lang='lat' dir='ltr'><strong>petant.</strong></span> 
     </span>
    </p>
   </div>
   <div class='ocr_carea' id='block_1_31' title="bbox 2181 2640 3851 2720">
    <p class='ocr_par' dir='ltr' id='par_1_31' title="bbox 2181 2640 3851 2720">
     <span class='ocr_line' id='line_1_31' title="bbox 2181 2640 3851 2720; baseline 0.001 -23"><span class='ocrx_word' id='word_1_311' title='bbox 2181 2643 2252 2697; x_wconf 91' lang='lat' dir='ltr'><strong>tis</strong></span> <span class='ocrx_word' id='word_1_312' title='bbox 2279 2642 2530 2711; x_wconf 84' lang='lat' dir='ltr'><strong>erigeret.</strong></span> <span class='ocrx_word' id='word_1_313' title='bbox 2563 2641 2780 2712; x_wconf 71' lang='lat' dir='ltr'><strong>lungite</strong></span> <span class='ocrx_word' id='word_1_314' title='bbox 2806 2655 2949 2700; x_wconf 91' lang='lat' dir='ltr'><strong>nunc</strong></span> <span class='ocrx_word' id='word_1_315' title='bbox 2972 2649 3097 2698; x_wconf 91' lang='lat' dir='ltr'><strong>vota</strong></span> <span class='ocrx_word' id='word_1_316' title='bbox 3123 2640 3331 2708; x_wconf 81' lang='lat' dir='ltr'><strong>felicia;</strong></span> <span class='ocrx_word' id='word_1_317' title='bbox 3362 2648 3451 2708; x_wconf 93' lang='lat' dir='ltr'><strong>ut,</strong></span> <span class='ocrx_word' id='word_1_318' title='bbox 3487 2640 3626 2696; x_wconf 89' lang='lat' dir='ltr'><strong>sicut</strong></span> <span class='ocrx_word' id='word_1_319' title='bbox 3668 2656 3792 2698; x_wconf 81' lang='lat' dir='ltr'><strong>nos</strong></span> <span class='ocrx_word' id='word_1_320' title='bbox 3841 2711 3851 2720; x_wconf 69' lang='grc' dir='ltr'><strong> </strong></span> 
     </span>
    </p>
   </div>
   <div class='ocr_carea' id='block_1_32' title="bbox 2181 2730 3790 2804">
    <p class='ocr_par' dir='ltr' id='par_1_32' title="bbox 2181 2730 3790 2804">
     <span class='ocr_line' id='line_1_32' title="bbox 2181 2730 3790 2804; baseline -0.002 -15"><span class='ocrx_word' id='word_1_321' title='bbox 2181 2735 2234 2790; x_wconf 92' lang='lat' dir='ltr'><strong>in</strong></span> <span class='ocrx_word' id='word_1_322' title='bbox 2267 2735 2491 2803; x_wconf 88' lang='lat' dir='ltr'><strong>imperio</strong></span> <span class='ocrx_word' id='word_1_323' title='bbox 2519 2735 2735 2804; x_wconf 83' lang='lat' dir='ltr'><strong>pietatis</strong></span> <span class='ocrx_word' id='word_1_324' title='bbox 2759 2742 2952 2790; x_wconf 79' lang='lat' dir='ltr'><strong>vestrae</strong></span> <span class='ocrx_word' id='word_1_325' title='bbox 2981 2733 3159 2790; x_wconf 91' lang='lat' dir='ltr'><strong>omnia</strong></span> <span class='ocrx_word' id='word_1_326' title='bbox 3185 2731 3298 2786; x_wconf 92' lang='lat' dir='ltr'><strong>ﬁeri</strong></span> <span class='ocrx_word' id='word_1_327' title='bbox 3329 2745 3586 2802; x_wconf 90' lang='lat' dir='ltr'><strong>prospera</strong></span> <span class='ocrx_word' id='word_1_328' title='bbox 3615 2730 3790 2786; x_wconf 84' lang='lat' dir='ltr'><strong>desi-</strong></span> 
     </span>
    </p>
   </div>
   <div class='ocr_carea' id='block_1_33' title="bbox 2177 2819 3792 2894">
    <p class='ocr_par' dir='ltr' id='par_1_33' title="bbox 2177 2819 3792 2894">
     <span class='ocr_line' id='line_1_33' title="bbox 2177 2819 3792 2894; baseline 0 -16"><span class='ocrx_word' id='word_1_329' title='bbox 2177 2823 2432 2878; x_wconf 89' lang='lat' dir='ltr'><strong>deranter</strong></span> <span class='ocrx_word' id='word_1_330' title='bbox 2451 2823 2754 2893; x_wconf 84' lang='lat' dir='ltr'><strong>expetimus</strong></span> <span class='ocrx_word' id='word_1_331' title='bbox 2775 2823 2914 2894; x_wconf 80' lang='lat' dir='ltr'><strong>[Ac.,</strong></span> <span class='ocrx_word' id='word_1_332' title='bbox 2933 2821 3285 2893; x_wconf 82' lang='lat' dir='ltr'><strong>experimur],</strong></span> <span class='ocrx_word' id='word_1_333' title='bbox 3305 2822 3378 2875; x_wconf 90' lang='lat' dir='ltr'><strong>ita</strong></span> <span class='ocrx_word' id='word_1_334' title='bbox 3401 2821 3557 2874; x_wconf 90' lang='lat' dir='ltr'><strong>nobis</strong></span> <span class='ocrx_word' id='word_1_335' title='bbox 3582 2819 3792 2878; x_wconf 81' lang='lat' dir='ltr'><strong>favere</strong></span> 
     </span>
    </p>
   </div>
   <div class='ocr_carea' id='block_1_34' title="bbox 2180 2915 3792 2986">
    <p class='ocr_par' dir='ltr' id='par_1_34' title="bbox 2180 2915 3792 2986">
     <span class='ocr_line' id='line_1_34' title="bbox 2180 2915 3792 2986; baseline 0.002 -18"><span class='ocrx_word' id='word_1_336' title='bbox 2180 2923 2412 2970; x_wconf 88' lang='lat' dir='ltr'><strong>vestram</strong></span> <span class='ocrx_word' id='word_1_337' title='bbox 2441 2915 2872 2970; x_wconf 89' lang='lat' dir='ltr'><strong>benevolentiam</strong></span> <span class='ocrx_word' id='word_1_338' title='bbox 2901 2917 3335 2986; x_wconf 86' lang='lat' dir='ltr'><strong>comprobemus.</strong></span> <span class='ocrx_word' id='word_1_339' title='bbox 3384 2915 3610 2971; x_wconf 83' lang='lat' dir='ltr'><strong>Peracto</strong></span> <span class='ocrx_word' id='word_1_340' title='bbox 3665 2916 3792 2972; x_wconf 81' lang='lat' dir='ltr'><strong>ita-</strong></span> 
     </span>
    </p>
   </div>
   <div class='ocr_carea' id='block_1_35' title="bbox 2177 3008 3790 3080">
    <p class='ocr_par' dir='ltr' id='par_1_35' title="bbox 2177 3008 3790 3080">
     <span class='ocr_line' id='line_1_35' title="bbox 2177 3008 3790 3080; baseline 0.002 -18"><span class='ocrx_word' id='word_1_341' title='bbox 2177 3023 2287 3080; x_wconf 83' lang='lat' dir='ltr'><strong>que</strong></span> <span class='ocrx_word' id='word_1_342' title='bbox 2309 3008 2517 3075; x_wconf 87' lang='lat' dir='ltr'><strong>nuntio,</strong></span> <span class='ocrx_word' id='word_1_343' title='bbox 2561 3009 2703 3080; x_wconf 86' lang='lat' dir='ltr'><strong>quod</strong></span> <span class='ocrx_word' id='word_1_344' title='bbox 2731 3009 2884 3065; x_wconf 91' lang='lat' dir='ltr'><strong>vobis</strong></span> <span class='ocrx_word' id='word_1_345' title='bbox 2911 3025 3010 3080; x_wconf 89' lang='lat' dir='ltr'><strong>pro</strong></span> <span class='ocrx_word' id='word_1_346' title='bbox 3041 3009 3276 3078; x_wconf 89' lang='lat' dir='ltr'><strong>ingenita</strong></span> <span class='ocrx_word' id='word_1_347' title='bbox 3317 3009 3601 3065; x_wconf 89' lang='lat' dir='ltr'><strong>clementia</strong></span> <span class='ocrx_word' id='word_1_348' title='bbox 3645 3025 3790 3066; x_wconf 86' lang='lat' dir='ltr'><strong>cre-</strong></span> 
     </span>
    </p>
   </div>
   <div class='ocr_carea' id='block_1_36' title="bbox 2175 3097 3791 3167">
    <p class='ocr_par' dir='ltr' id='par_1_36' title="bbox 2175 3097 3791 3167">
     <span class='ocr_line' id='line_1_36' title="bbox 2175 3097 3791 3167; baseline 0.002 -16"><span class='ocrx_word' id='word_1_349' title='bbox 2175 3097 2353 3152; x_wconf 88' lang='lat' dir='ltr'><strong>dimus</strong></span> <span class='ocrx_word' id='word_1_350' title='bbox 2367 3111 2501 3152; x_wconf 87' lang='lat' dir='ltr'><strong>esse</strong></span> <span class='ocrx_word' id='word_1_351' title='bbox 2527 3097 2790 3166; x_wconf 89' lang='lat' dir='ltr'><strong>votivum,</strong></span> <span class='ocrx_word' id='word_1_352' title='bbox 2817 3097 3066 3153; x_wconf 88' lang='lat' dir='ltr'><strong>addimus</strong></span> <span class='ocrx_word' id='word_1_353' title='bbox 3094 3099 3256 3152; x_wconf 87' lang='lat' dir='ltr'><strong>etiam</strong></span> <span class='ocrx_word' id='word_1_354' title='bbox 3281 3097 3594 3167; x_wconf 85' lang='lat' dir='ltr'><strong>gratissimae</strong></span> <span class='ocrx_word' id='word_1_355' title='bbox 3622 3097 3791 3164; x_wconf 72' lang='lat' dir='ltr'><strong>lega-</strong></span> 
     </span>
    </p>
   </div>
   <div class='ocr_carea' id='block_1_37' title="bbox 565 3182 3790 3260">
    <p class='ocr_par' dir='ltr' id='par_1_37' title="bbox 565 3182 3790 3260">
     <span class='ocr_line' id='line_1_37' title="bbox 565 3182 3790 3260; baseline 0.003 -24"><span class='ocrx_word' id='word_1_356' title='bbox 565 3182 748 3251; x_wconf 80' lang='lat' dir='ltr'><strong>Adco,</strong></span> <span class='ocrx_word' id='word_1_357' title='bbox 803 3183 1218 3239; x_wconf 83' lang='lat' dir='ltr'><strong>clementissime</strong></span> <span class='ocrx_word' id='word_1_358' title='bbox 1276 3183 1607 3254; x_wconf 87' lang='lat' dir='ltr'><strong>principum,</strong></span> <span class='ocrx_word' id='word_1_359' title='bbox 1675 3185 1828 3241; x_wconf 91' lang='lat' dir='ltr'><strong>vobis</strong></span> <span class='ocrx_word' id='word_1_360' title='bbox 1887 3201 2076 3242; x_wconf 86' lang='lat' dir='ltr'><strong>amore</strong></span> <span class='ocrx_word' id='word_1_361' title='bbox 2176 3187 2338 3242; x_wconf 89' lang='lat' dir='ltr'><strong>tionis</strong></span> <span class='ocrx_word' id='word_1_362' title='bbox 2359 3186 2620 3255; x_wconf 89' lang='lat' dir='ltr'><strong>ofﬁcium,</strong></span> <span class='ocrx_word' id='word_1_363' title='bbox 2649 3195 2708 3243; x_wconf 94' lang='lat' dir='ltr'><strong>ut</strong></span> <span class='ocrx_word' id='word_1_364' title='bbox 2736 3203 2942 3260; x_wconf 90' lang='lat' dir='ltr'><strong>pacem,</strong></span> <span class='ocrx_word' id='word_1_365' title='bbox 2973 3204 3134 3258; x_wconf 92' lang='lat' dir='ltr'><strong>quam</strong></span> <span class='ocrx_word' id='word_1_366' title='bbox 3180 3199 3361 3247; x_wconf 91' lang='lat' dir='ltr'><strong>mente</strong></span> <span class='ocrx_word' id='word_1_367' title='bbox 3387 3205 3598 3258; x_wconf 83' lang='lat' dir='ltr'><strong>semper</strong></span> <span class='ocrx_word' id='word_1_368' title='bbox 3623 3193 3790 3258; x_wconf 84' lang='lat' dir='ltr'><strong>geri-</strong></span> 
     </span>
    </p>
   </div>
   <div class='ocr_carea' id='block_1_38' title="bbox 494 3274 3791 3348">
    <p class='ocr_par' dir='ltr' id='par_1_38' title="bbox 494 3274 3791 3348">
     <span class='ocr_line' id='line_1_38' title="bbox 494 3274 3791 3348; baseline 0.003 -21"><span class='ocrx_word' id='word_1_369' title='bbox 494 3274 818 3340; x_wconf 83' lang='lat' dir='ltr'><strong>inbaesimus,</strong></span> <span class='ocrx_word' id='word_1_370' title='bbox 851 3283 910 3330; x_wconf 94' lang='lat' dir='ltr'><strong>ut</strong></span> <span class='ocrx_word' id='word_1_371' title='bbox 937 3275 1299 3332; x_wconf 90' lang='lat' dir='ltr'><strong>distulerimus</strong></span> <span class='ocrx_word' id='word_1_372' title='bbox 1345 3277 1606 3333; x_wconf 89' lang='lat' dir='ltr'><strong>hactenus</strong></span> <span class='ocrx_word' id='word_1_373' title='bbox 1646 3277 1886 3334; x_wconf 87' lang='lat' dir='ltr'><strong>indicare</strong></span> <span class='ocrx_word' id='word_1_374' title='bbox 1927 3278 1954 3317; x_wconf 71' lang='grc' dir='ltr'>δ</span> <span class='ocrx_word' id='word_1_375' title='bbox 1985 3278 2078 3334; x_wconf 82' lang='lat' dir='ltr'><strong>ﬁlii</strong></span> <span class='ocrx_word' id='word_1_376' title='bbox 2105 3279 2152 3342; x_wconf 90' lang='lat' dir='ltr'><strong><em>C</em></strong></span> <span class='ocrx_word' id='word_1_377' title='bbox 2183 3277 2274 3344; x_wconf 87' lang='lat' dir='ltr'><strong>tis,</strong></span> <span class='ocrx_word' id='word_1_378' title='bbox 2321 3278 2485 3334; x_wconf 91' lang='lat' dir='ltr'><strong>etiam</strong></span> <span class='ocrx_word' id='word_1_379' title='bbox 2533 3279 2664 3333; x_wconf 82' lang='lat' dir='ltr'><strong>mihi</strong></span> <span class='ocrx_word' id='word_1_380' title='bbox 2709 3279 2959 3335; x_wconf 87' lang='lat' dir='ltr'><strong>retinetis</strong></span> <span class='ocrx_word' id='word_1_381' title='bbox 2985 3294 3106 3334; x_wconf 88' lang='lat' dir='ltr'><strong>esse</strong></span> <span class='ocrx_word' id='word_1_382' title='bbox 3133 3278 3406 3346; x_wconf 85' lang='lat' dir='ltr'><strong>collatam,</strong></span> <span class='ocrx_word' id='word_1_383' title='bbox 3463 3277 3791 3348; x_wconf 76' lang='lat' dir='ltr'><strong>adiectione</strong></span> 
     </span>
    </p>
   </div>
   <div class='ocr_carea' id='block_1_39' title="bbox 495 3364 2075 3436">
    <p class='ocr_par' dir='ltr' id='par_1_39' title="bbox 495 3364 2075 3436">
     <span class='ocr_line' id='line_1_39' title="bbox 495 3364 2075 3436; baseline 0.003 -17"><span class='ocrx_word' id='word_1_384' title='bbox 495 3365 663 3420; x_wconf 84' lang='lat' dir='ltr'><strong>nostri</strong></span> <span class='ocrx_word' id='word_1_385' title='bbox 705 3365 950 3436; x_wconf 74' lang='lat' dir='ltr'><strong>gloriosa:</strong></span> <span class='ocrx_word' id='word_1_386' title='bbox 985 3364 1376 3420; x_wconf 88' lang='lat' dir='ltr'><strong>recordationis</strong></span> <span class='ocrx_word' id='word_1_387' title='bbox 1403 3381 1688 3432; x_wconf 87' lang='lat' dir='ltr'><strong>occasum;</strong></span> <span class='ocrx_word' id='word_1_388' title='bbox 1731 3382 1801 3422; x_wconf 92' lang='lat' dir='ltr'><strong>ne</strong></span> <span class='ocrx_word' id='word_1_389' title='bbox 1845 3367 2075 3424; x_wconf 88' lang='lat' dir='ltr'><strong>amantis</strong></span> 
     </span>
    </p>
   </div>
   <div class='ocr_carea' id='block_1_40' title="bbox 498 3456 2074 3526">
    <p class='ocr_par' dir='ltr' id='par_1_40' title="bbox 498 3456 2074 3526">
     <span class='ocr_line' id='line_1_40' title="bbox 498 3456 2074 3526; baseline 0.002 -15"><span class='ocrx_word' id='word_1_390' title='bbox 498 3457 811 3512; x_wconf 68' lang='lat' dir='ltr'><strong>ltederemus</strong></span> <span class='ocrx_word' id='word_1_391' title='bbox 863 3457 1102 3510; x_wconf 86' lang='lat' dir='ltr'><strong>animum</strong></span> <span class='ocrx_word' id='word_1_392' title='bbox 1146 3464 1271 3526; x_wconf 92' lang='lat' dir='ltr'><strong>post</strong></span> <span class='ocrx_word' id='word_1_393' title='bbox 1323 3456 1494 3511; x_wconf 84' lang='lat' dir='ltr'><strong>tristia</strong></span> <span class='ocrx_word' id='word_1_394' title='bbox 1549 3457 1857 3512; x_wconf 89' lang='lat' dir='ltr'><strong>nuntiorum</strong></span> <span class='ocrx_word' id='word_1_395' title='bbox 1914 3475 1928 3512; x_wconf 90' lang='lat'><strong>:</strong></span> <span class='ocrx_word' id='word_1_396' title='bbox 1978 3458 2074 3514; x_wconf 89' lang='lat' dir='ltr'><strong>sed</strong></span> 
     </span>
    </p>
   </div>
   <div class='ocr_carea' id='block_1_41' title="bbox 496 3545 2076 3618">
    <p class='ocr_par' dir='ltr' id='par_1_41' title="bbox 496 3545 2076 3618">
     <span class='ocr_line' id='line_1_41' title="bbox 496 3545 2076 3618; baseline 0.001 -14"><span class='ocrx_word' id='word_1_397' title='bbox 496 3565 658 3612; x_wconf 89' lang='lat' dir='ltr'><strong>nunc,</strong></span> <span class='ocrx_word' id='word_1_398' title='bbox 683 3546 904 3614; x_wconf 88' lang='lat' dir='ltr'><strong>juvante</strong></span> <span class='ocrx_word' id='word_1_399' title='bbox 931 3545 1072 3612; x_wconf 91' lang='lat' dir='ltr'><strong>Deo,</strong></span> <span class='ocrx_word' id='word_1_400' title='bbox 1101 3547 1194 3616; x_wconf 90' lang='lat' dir='ltr'><strong>qui</strong></span> <span class='ocrx_word' id='word_1_401' title='bbox 1221 3549 1502 3603; x_wconf 89' lang='lat' dir='ltr'><strong>consuevit</strong></span> <span class='ocrx_word' id='word_1_402' title='bbox 1546 3563 1706 3604; x_wconf 88' lang='lat' dir='ltr'><strong>casus</strong></span> <span class='ocrx_word' id='word_1_403' title='bbox 1752 3564 1978 3618; x_wconf 89' lang='lat' dir='ltr'><strong>asperos</strong></span> <span class='ocrx_word' id='word_1_404' title='bbox 2019 3550 2076 3606; x_wconf 88' lang='lat' dir='ltr'><strong>in</strong></span> 
     </span>
    </p>
   </div>
   <div class='ocr_carea' id='block_1_42' title="bbox 499 3635 2076 3708">
    <p class='ocr_par' dir='ltr' id='par_1_42' title="bbox 499 3635 2076 3708">
     <span class='ocr_line' id='line_1_42' title="bbox 499 3635 2076 3708; baseline 0.003 -18"><span class='ocrx_word' id='word_1_405' title='bbox 499 3651 758 3707; x_wconf 87' lang='lat' dir='ltr'><strong>prospera</strong></span> <span class='ocrx_word' id='word_1_406' title='bbox 787 3643 1137 3700; x_wconf 88' lang='lat' dir='ltr'><strong>commutare,</strong></span> <span class='ocrx_word' id='word_1_407' title='bbox 1166 3635 1256 3690; x_wconf 90' lang='lat' dir='ltr'><strong>illa</strong></span> <span class='ocrx_word' id='word_1_408' title='bbox 1281 3637 1451 3708; x_wconf 87' lang='lat' dir='ltr'><strong>magis</strong></span> <span class='ocrx_word' id='word_1_409' title='bbox 1475 3639 1734 3707; x_wconf 87' lang='lat' dir='ltr'><strong>elegimus</strong></span> <span class='ocrx_word' id='word_1_410' title='bbox 1764 3639 1816 3694; x_wconf 92' lang='lat' dir='ltr'><strong>in</strong></span> <span class='ocrx_word' id='word_1_411' title='bbox 1844 3649 2076 3696; x_wconf 90' lang='lat' dir='ltr'><strong>vestram</strong></span> 
     </span>
    </p>
   </div>
   <div class='ocr_carea' id='block_1_43' title="bbox 499 3724 2082 3802">
    <p class='ocr_par' dir='ltr' id='par_1_43' title="bbox 499 3724 2082 3802">
     <span class='ocr_line' id='line_1_43' title="bbox 499 3724 2082 3802; baseline 0.003 -20"><span class='ocrx_word' id='word_1_412' title='bbox 499 3726 707 3782; x_wconf 80' lang='lat' dir='ltr'><strong>deferre</strong></span> <span class='ocrx_word' id='word_1_413' title='bbox 747 3726 1020 3792; x_wconf 87' lang='lat' dir='ltr'><strong>notitiam,</strong></span> <span class='ocrx_word' id='word_1_414' title='bbox 1048 3724 1116 3782; x_wconf 90' lang='lat' dir='ltr'><strong>de</strong></span> <span class='ocrx_word' id='word_1_415' title='bbox 1138 3727 1364 3796; x_wconf 89' lang='lat' dir='ltr'><strong>quibus,</strong></span> <span class='ocrx_word' id='word_1_416' title='bbox 1397 3729 1677 3784; x_wconf 89' lang='lat' dir='ltr'><strong>nobiscum</strong></span> <span class='ocrx_word' id='word_1_417' title='bbox 1704 3730 1886 3799; x_wconf 87' lang='lat' dir='ltr'><strong>positi,</strong></span> <span class='ocrx_word' id='word_1_418' title='bbox 1919 3732 2082 3802; x_wconf 82' lang='lat' dir='ltr'><strong>parti—</strong></span> 
     </span>
    </p>
   </div>
   <div class='ocr_carea' id='block_1_44' title="bbox 498 3816 2082 3887">
    <p class='ocr_par' dir='ltr' id='par_1_44' title="bbox 498 3816 2082 3887">
     <span class='ocr_line' id='line_1_44' title="bbox 498 3816 2082 3887; baseline 0.004 -16"><span class='ocrx_word' id='word_1_419' title='bbox 498 3817 674 3887; x_wconf 88' lang='lat' dir='ltr'><strong>cipata</strong></span> <span class='ocrx_word' id='word_1_420' title='bbox 698 3816 1056 3872; x_wconf 76' lang='lat' dir='ltr'><strong>exsultatione</strong></span> <span class='ocrx_word' id='word_1_421' title='bbox 1085 3817 1380 3886; x_wconf 84' lang='lat' dir='ltr'><strong>gaudeatis.</strong></span> <span class='ocrx_word' id='word_1_422' title='bbox 1409 3818 1567 3874; x_wconf 85' lang='lat' dir='ltr'><strong>Juvat</strong></span> <span class='ocrx_word' id='word_1_423' title='bbox 1590 3821 1734 3876; x_wconf 90' lang='lat' dir='ltr'><strong>enim</strong></span> <span class='ocrx_word' id='word_1_424' title='bbox 1760 3821 1940 3877; x_wconf 89' lang='lat' dir='ltr'><strong>divina</strong></span> <span class='ocrx_word' id='word_1_425' title='bbox 1961 3838 2082 3878; x_wconf 88' lang='lat' dir='ltr'><strong>mu-</strong></span> 
     </span>
    </p>
   </div>
   <div class='ocr_carea' id='block_1_45' title="bbox 499 3906 2082 3982">
    <p class='ocr_par' dir='ltr' id='par_1_45' title="bbox 499 3906 2082 3982">
     <span class='ocr_line' id='line_1_45' title="bbox 499 3906 2082 3982; baseline 0.004 -22"><span class='ocrx_word' id='word_1_426' title='bbox 499 3923 630 3975; x_wconf 85' lang='lat' dir='ltr'><strong>nera</strong></span> <span class='ocrx_word' id='word_1_427' title='bbox 659 3907 1001 3975; x_wconf 88' lang='lat' dir='ltr'><strong>diligentibus</strong></span> <span class='ocrx_word' id='word_1_428' title='bbox 1039 3906 1300 3962; x_wconf 91' lang='lat' dir='ltr'><strong>conﬁteri.</strong></span> <span class='ocrx_word' id='word_1_429' title='bbox 1355 3907 1708 3966; x_wconf 81' lang='lat' dir='ltr'><strong>Perduximus</strong></span> <span class='ocrx_word' id='word_1_430' title='bbox 1753 3911 1823 3966; x_wconf 90' lang='lat' dir='ltr'><strong>ad</strong></span> <span class='ocrx_word' id='word_1_431' title='bbox 1867 3919 2082 3982; x_wconf 89' lang='lat' dir='ltr'><strong>sceptra</strong></span> 
     </span>
    </p>
   </div>
   <div class='ocr_carea' id='block_1_46' title="bbox 499 3999 2081 4071">
    <p class='ocr_par' dir='ltr' id='par_1_46' title="bbox 499 3999 2081 4071">
     <span class='ocr_line' id='line_1_46' title="bbox 499 3999 2081 4071; baseline 0.001 -16"><span class='ocrx_word' id='word_1_432' title='bbox 499 4001 671 4056; x_wconf 80' lang='lat' dir='ltr'><strong>virum</strong></span> <span class='ocrx_word' id='word_1_433' title='bbox 697 3999 853 4055; x_wconf 90' lang='lat' dir='ltr'><strong>nobis</strong></span> <span class='ocrx_word' id='word_1_434' title='bbox 877 3999 1112 4054; x_wconf 85' lang='lat' dir='ltr'><strong>fraterna</strong></span> <span class='ocrx_word' id='word_1_435' title='bbox 1145 4010 1168 4039; x_wconf 73' lang='grc' dir='ltr'><strong>ε</strong></span> <span class='ocrx_word' id='word_1_436' title='bbox 1201 4000 1544 4070; x_wconf 79' lang='lat' dir='ltr'><strong>proximitate</strong></span> <span class='ocrx_word' id='word_1_437' title='bbox 1590 3999 1958 4070; x_wconf 87' lang='lat' dir='ltr'><strong>conjunctum,</strong></span> <span class='ocrx_word' id='word_1_438' title='bbox 1989 4001 2081 4071; x_wconf 88' lang='lat' dir='ltr'><strong>qui</strong></span> 
     </span>
    </p>
   </div>
   <div class='ocr_carea' id='block_1_47' title="bbox 502 4091 2084 4162">
    <p class='ocr_par' dir='ltr' id='par_1_47' title="bbox 502 4091 2084 4162">
     <span class='ocr_line' id='line_1_47' title="bbox 502 4091 2084 4162; baseline 0 -14"><span class='ocrx_word' id='word_1_439' title='bbox 502 4093 706 4162; x_wconf 85' lang='lat' dir='ltr'><strong>regiam</strong></span> <span class='ocrx_word' id='word_1_440' title='bbox 733 4091 1049 4160; x_wconf 86' lang='lat' dir='ltr'><strong>dignitatem</strong></span> <span class='ocrx_word' id='word_1_441' title='bbox 1077 4094 1346 4148; x_wconf 89' lang='lat' dir='ltr'><strong>communi</strong></span> <span class='ocrx_word' id='word_1_442' title='bbox 1376 4093 1652 4150; x_wconf 82' lang='lat' dir='ltr'><strong>nobiscum</strong></span> <span class='ocrx_word' id='word_1_443' title='bbox 1681 4093 1889 4150; x_wconf 89' lang='lat' dir='ltr'><strong>consilii</strong></span> <span class='ocrx_word' id='word_1_444' title='bbox 1918 4094 2084 4148; x_wconf 88' lang='lat' dir='ltr'><strong>robo-</strong></span> 
     </span>
    </p>
   </div>
   <div class='ocr_carea' id='block_1_48' title="bbox 505 4179 2084 4252">
    <p class='ocr_par' dir='ltr' id='par_1_48' title="bbox 505 4179 2084 4252">
     <span class='ocr_line' id='line_1_48' title="bbox 505 4179 2084 4252; baseline 0.001 -15"><span class='ocrx_word' id='word_1_445' title='bbox 505 4198 566 4240; x_wconf 88' lang='lat' dir='ltr'><strong>re</strong></span> <span class='ocrx_word' id='word_1_446' title='bbox 585 4183 906 4248; x_wconf 87' lang='lat' dir='ltr'><strong>sustineret;</strong></span> <span class='ocrx_word' id='word_1_447' title='bbox 938 4190 998 4237; x_wconf 90' lang='lat' dir='ltr'><strong>ut</strong></span> <span class='ocrx_word' id='word_1_448' title='bbox 1024 4190 1079 4237; x_wconf 91' lang='lat' dir='ltr'><strong>et</strong></span> <span class='ocrx_word' id='word_1_449' title='bbox 1116 4183 1208 4239; x_wconf 92' lang='lat' dir='ltr'><strong>ille</strong></span> <span class='ocrx_word' id='word_1_450' title='bbox 1235 4198 1458 4238; x_wconf 87' lang='lat' dir='ltr'><strong>avorum</strong></span> <span class='ocrx_word' id='word_1_451' title='bbox 1497 4198 1716 4238; x_wconf 90' lang='lat' dir='ltr'><strong>suorum</strong></span> <span class='ocrx_word' id='word_1_452' title='bbox 1746 4179 1774 4219; x_wconf 73' lang='grc' dir='ltr'><strong><em>ἀ</em></strong></span> <span class='ocrx_word' id='word_1_453' title='bbox 1811 4196 2084 4252; x_wconf 86' lang='lat' dir='ltr'><strong>purpureo</strong></span> 
     </span>
    </p>
   </div>
   <div class='ocr_carea' id='block_1_49' title="bbox 499 4268 2084 4340">
    <p class='ocr_par' dir='ltr' id='par_1_49' title="bbox 499 4268 2084 4340">
     <span class='ocr_line' id='line_1_49' title="bbox 499 4268 2084 4340; baseline 0.001 -15"><span class='ocrx_word' id='word_1_454' title='bbox 499 4269 696 4325; x_wconf 87' lang='lat' dir='ltr'><strong>decore</strong></span> <span class='ocrx_word' id='word_1_455' title='bbox 733 4268 980 4338; x_wconf 80' lang='lat' dir='ltr'><strong>fulgeret,</strong></span> <span class='ocrx_word' id='word_1_456' title='bbox 1010 4278 1068 4325; x_wconf 89' lang='lat' dir='ltr'><strong>et</strong></span> <span class='ocrx_word' id='word_1_457' title='bbox 1093 4270 1305 4326; x_wconf 89' lang='lat' dir='ltr'><strong>animos</strong></span> <span class='ocrx_word' id='word_1_458' title='bbox 1332 4278 1548 4328; x_wconf 90' lang='lat' dir='ltr'><strong>nostros</strong></span> <span class='ocrx_word' id='word_1_459' title='bbox 1572 4270 1822 4328; x_wconf 86' lang='lat' dir='ltr'><strong>solatium</strong></span> <span class='ocrx_word' id='word_1_460' title='bbox 1845 4271 2084 4340; x_wconf 82' lang='lat' dir='ltr'><strong>pruden-</strong></span> 
     </span>
    </p>
   </div>
   <div class='ocr_carea' id='block_1_50' title="bbox 573 4390 2081 4498">
    <p class='ocr_par' dir='ltr' id='par_1_50' title="bbox 573 4424 2081 4498">
     <span class='ocr_line' id='line_1_50' title="bbox 573 4424 2081 4498; baseline 0.003 -19"><span class='ocrx_word' id='word_1_461' title='bbox 573 4436 599 4464; x_wconf 78' lang='grc' dir='ltr'>ι</span> <span class='ocrx_word' id='word_1_462' title='bbox 626 4424 950 4498; x_wconf 70' lang='lat' dir='ltr'><strong>Theodorici</strong></span> <span class='ocrx_word' id='word_1_463' title='bbox 984 4425 1110 4498; x_wconf 85' lang='lat' dir='ltr'><strong>ﬁlia,</strong></span> <span class='ocrx_word' id='word_1_464' title='bbox 1140 4427 1432 4498; x_wconf 71' lang='lat' dir='ltr'><strong>Athalarici</strong></span> <span class='ocrx_word' id='word_1_465' title='bbox 1461 4436 1652 4494; x_wconf 89' lang='lat' dir='ltr'><strong>mater,</strong></span> <span class='ocrx_word' id='word_1_466' title='bbox 1681 4427 1837 4498; x_wconf 84' lang='lat' dir='ltr'><strong>cujus</strong></span> <span class='ocrx_word' id='word_1_467' title='bbox 1853 4429 2081 4498; x_wconf 77' lang='lat' dir='ltr'><strong>virtutes</strong></span> 
     </span>
    </p>
   </div>
   <div class='ocr_carea' id='block_1_51' title="bbox 500 4495 2078 4623">
    <p class='ocr_par' dir='ltr' id='par_1_51' title="bbox 500 4495 2078 4623">
     <span class='ocr_line' id='line_1_51' title="bbox 500 4495 2074 4566; baseline -0.001 -15"><span class='ocrx_word' id='word_1_468' title='bbox 500 4495 741 4551; x_wconf 77' lang='lat' dir='ltr'><strong>et‘animi</strong></span> <span class='ocrx_word' id='word_1_469' title='bbox 777 4495 1193 4564; x_wconf 89' lang='lat' dir='ltr'><strong>magnitudinem</strong></span> <span class='ocrx_word' id='word_1_470' title='bbox 1235 4496 1528 4566; x_wconf 84' lang='lat' dir='ltr'><strong>Procopius</strong></span> <span class='ocrx_word' id='word_1_471' title='bbox 1565 4495 1952 4553; x_wconf 78' lang='lat' dir='ltr'><strong>commemorat</strong></span> <span class='ocrx_word' id='word_1_472' title='bbox 1981 4497 2074 4552; x_wconf 91' lang='lat' dir='ltr'><strong>lib.</strong></span> 
     </span>
     <span class='ocr_line' id='line_1_52' title="bbox 501 4564 2078 4623; baseline 0.001 -3"><span class='ocrx_word' id='word_1_473' title='bbox 501 4581 520 4620; x_wconf 79' lang='grc' dir='ltr'><strong><em>ι</em></strong></span> <span class='ocrx_word' id='word_1_474' title='bbox 545 4566 613 4620; x_wconf 91' lang='lat' dir='ltr'><strong>de</strong></span> <span class='ocrx_word' id='word_1_475' title='bbox 652 4565 792 4619; x_wconf 91' lang='lat' dir='ltr'><strong>bello</strong></span> <span class='ocrx_word' id='word_1_476' title='bbox 813 4564 1059 4623; x_wconf 84' lang='lat' dir='ltr'><strong>Gothico.</strong></span> <span class='ocrx_word' id='word_1_477' title='bbox 1091 4576 1146 4621; x_wconf 91' lang='lat' dir='ltr'><strong>et</strong></span> <span class='ocrx_word' id='word_1_478' title='bbox 1173 4567 1266 4622; x_wconf 93' lang='lat' dir='ltr'><strong>lib.</strong></span> <span class='ocrx_word' id='word_1_479' title='bbox 1296 4582 1314 4621; x_wconf 88' lang='grc' dir='ltr'><strong>ι</strong></span> <span class='ocrx_word' id='word_1_480' title='bbox 1357 4567 1425 4622; x_wconf 87' lang='lat' dir='ltr'><strong>de</strong></span> <span class='ocrx_word' id='word_1_481' title='bbox 1463 4566 1611 4622; x_wconf 89' lang='lat' dir='ltr'><strong>Bello</strong></span> <span class='ocrx_word' id='word_1_482' title='bbox 1639 4566 1934 4623; x_wconf 85' lang='lat' dir='ltr'><strong>Vandalieo</strong></span> <span class='ocrx_word' id='word_1_483' title='bbox 1963 4585 1976 4620; x_wconf 91' lang='lat'><strong>:</strong></span> <span class='ocrx_word' id='word_1_484' title='bbox 2009 4582 2078 4622; x_wconf 90' lang='lat' dir='ltr'><strong>ex</strong></span> 
     </span>
    </p>
   </div>
   <div class='ocr_carea' id='block_1_52' title="bbox 2181 3369 3787 3440">
    <p class='ocr_par' dir='ltr' id='par_1_52' title="bbox 2181 3369 3787 3440">
     <span class='ocr_line' id='line_1_53' title="bbox 2181 3369 3787 3440; baseline 0.001 -16"><span class='ocrx_word' id='word_1_485' title='bbox 2181 3381 2398 3437; x_wconf 88' lang='lat' dir='ltr'><strong>quoque</strong></span> <span class='ocrx_word' id='word_1_486' title='bbox 2444 3375 2745 3438; x_wconf 89' lang='lat' dir='ltr'><strong>temporum</strong></span> <span class='ocrx_word' id='word_1_487' title='bbox 2786 3369 3086 3440; x_wconf 86' lang='lat' dir='ltr'><strong>proteletis.</strong></span> <span class='ocrx_word' id='word_1_488' title='bbox 3135 3369 3268 3424; x_wconf 80' lang='lat' dir='ltr'><strong>Nam</strong></span> <span class='ocrx_word' id='word_1_489' title='bbox 3302 3369 3432 3426; x_wconf 91' lang='lat' dir='ltr'><strong>licet</strong></span> <span class='ocrx_word' id='word_1_490' title='bbox 3475 3371 3787 3428; x_wconf 80' lang='lat' dir='ltr'><strong>concordia</strong></span> 
     </span>
    </p>
   </div>
   <div class='ocr_carea' id='block_1_53' title="bbox 2183 3456 3790 3528">
    <p class='ocr_par' dir='ltr' id='par_1_53' title="bbox 2183 3456 3790 3528">
     <span class='ocr_line' id='line_1_54' title="bbox 2183 3456 3790 3528; baseline 0.003 -17"><span class='ocrx_word' id='word_1_491' title='bbox 2183 3456 2480 3527; x_wconf 89' lang='lat' dir='ltr'><strong>principum</strong></span> <span class='ocrx_word' id='word_1_492' title='bbox 2512 3471 2729 3528; x_wconf 85' lang='lat' dir='ltr'><strong>semper</strong></span> <span class='ocrx_word' id='word_1_493' title='bbox 2755 3457 2962 3522; x_wconf 89' lang='lat' dir='ltr'><strong>deceat,</strong></span> <span class='ocrx_word' id='word_1_494' title='bbox 2991 3466 3172 3514; x_wconf 88' lang='lat' dir='ltr'><strong>vestra</strong></span> <span class='ocrx_word' id='word_1_495' title='bbox 3202 3467 3380 3512; x_wconf 89' lang='lat' dir='ltr'><strong>tamen</strong></span> <span class='ocrx_word' id='word_1_496' title='bbox 3411 3459 3654 3514; x_wconf 90' lang='lat' dir='ltr'><strong>absolute</strong></span> <span class='ocrx_word' id='word_1_497' title='bbox 3683 3476 3790 3516; x_wconf 88' lang='lat' dir='ltr'><strong>me</strong></span> 
     </span>
    </p>
   </div>
   <div class='ocr_carea' id='block_1_54' title="bbox 2184 3547 3786 3618">
    <p class='ocr_par' dir='ltr' id='par_1_54' title="bbox 2184 3547 3786 3618">
     <span class='ocr_line' id='line_1_55' title="bbox 2184 3547 3786 3618; baseline 0.002 -16"><span class='ocrx_word' id='word_1_498' title='bbox 2184 3547 2466 3613; x_wconf 87' lang='lat' dir='ltr'><strong>nobilitat;</strong></span> <span class='ocrx_word' id='word_1_499' title='bbox 2507 3547 2762 3618; x_wconf 82' lang='lat' dir='ltr'><strong>quoniam</strong></span> <span class='ocrx_word' id='word_1_500' title='bbox 2803 3547 2896 3604; x_wconf 90' lang='lat' dir='ltr'><strong>ille</strong></span> <span class='ocrx_word' id='word_1_501' title='bbox 2940 3547 3181 3603; x_wconf 85' lang='lat' dir='ltr'><strong>redditur</strong></span> <span class='ocrx_word' id='word_1_502' title='bbox 3223 3547 3453 3618; x_wconf 88' lang='lat' dir='ltr'><strong>amplius</strong></span> <span class='ocrx_word' id='word_1_503' title='bbox 3495 3547 3786 3618; x_wconf 87' lang='lat' dir='ltr'><strong>excelsus,</strong></span> 
     </span>
    </p>
   </div>
   <div class='ocr_carea' id='block_1_55' title="bbox 2185 3637 3788 3708">
    <p class='ocr_par' dir='ltr' id='par_1_55' title="bbox 2185 3637 3788 3708">
     <span class='ocr_line' id='line_1_56' title="bbox 2185 3637 3788 3708; baseline 0.002 -14"><span class='ocrx_word' id='word_1_504' title='bbox 2185 3639 2277 3708; x_wconf 89' lang='lat' dir='ltr'><strong>qui</strong></span> <span class='ocrx_word' id='word_1_505' title='bbox 2301 3647 2493 3693; x_wconf 70' lang='lat' dir='ltr'><strong>vestra:</strong></span> <span class='ocrx_word' id='word_1_506' title='bbox 2521 3639 2705 3706; x_wconf 70' lang='lat' dir='ltr'><strong>gul-ia:</strong></span> <span class='ocrx_word' id='word_1_507' title='bbox 2728 3637 2889 3694; x_wconf 90' lang='lat' dir='ltr'><strong>fuerit</strong></span> <span class='ocrx_word' id='word_1_508' title='bbox 2916 3640 3270 3694; x_wconf 87' lang='lat' dir='ltr'><strong>unanimitate</strong></span> <span class='ocrx_word' id='word_1_509' title='bbox 3291 3640 3626 3708; x_wconf 89' lang='lat' dir='ltr'><strong>conjunctus.</strong></span> <span class='ocrx_word' id='word_1_510' title='bbox 3659 3642 3788 3698; x_wconf 84' lang='lat' dir='ltr'><strong>Sed</strong></span> 
     </span>
    </p>
   </div>
   <div class='ocr_carea' id='block_1_56' title="bbox 2185 3728 3792 3800">
    <p class='ocr_par' dir='ltr' id='par_1_56' title="bbox 2185 3728 3792 3800">
     <span class='ocr_line' id='line_1_57' title="bbox 2185 3728 3792 3800; baseline 0.004 -18"><span class='ocrx_word' id='word_1_511' title='bbox 2185 3728 2444 3800; x_wconf 89' lang='lat' dir='ltr'><strong>quoniam</strong></span> <span class='ocrx_word' id='word_1_512' title='bbox 2473 3729 2820 3798; x_wconf 85' lang='lat' dir='ltr'><strong>epistularum</strong></span> <span class='ocrx_word' id='word_1_513' title='bbox 2867 3729 3132 3784; x_wconf 86' lang='lat' dir='ltr'><strong>brevitate</strong></span> <span class='ocrx_word' id='word_1_514' title='bbox 3161 3730 3410 3786; x_wconf 86' lang='lat' dir='ltr'><strong>universa</strong></span> <span class='ocrx_word' id='word_1_515' title='bbox 3440 3729 3792 3789; x_wconf 86' lang='lat' dir='ltr'><strong>sufﬁcienter</strong></span> 
     </span>
    </p>
   </div>
   <div class='ocr_carea' id='block_1_57' title="bbox 2183 3819 3786 3892">
    <p class='ocr_par' dir='ltr' id='par_1_57' title="bbox 2183 3819 3786 3892">
     <span class='ocr_line' id='line_1_58' title="bbox 2183 3819 3786 3892; baseline 0.002 -18"><span class='ocrx_word' id='word_1_516' title='bbox 2183 3827 2460 3890; x_wconf 89' lang='lat' dir='ltr'><strong>nequeunt</strong></span> <span class='ocrx_word' id='word_1_517' title='bbox 2479 3819 2741 3890; x_wconf 84' lang='lat' dir='ltr'><strong>expediri,</strong></span> <span class='ocrx_word' id='word_1_518' title='bbox 2762 3819 3057 3874; x_wconf 87' lang='lat' dir='ltr'><strong>salutantes</strong></span> <span class='ocrx_word' id='word_1_519' title='bbox 3084 3821 3383 3875; x_wconf 90' lang='lat' dir='ltr'><strong>reverentia</strong></span> <span class='ocrx_word' id='word_1_520' title='bbox 3409 3823 3786 3892; x_wconf 88' lang='lat' dir='ltr'><strong>competenti,</strong></span> 
     </span>
    </p>
   </div>
   <div class='ocr_carea' id='block_1_58' title="bbox 2186 3911 3784 3982">
    <p class='ocr_par' dir='ltr' id='par_1_58' title="bbox 2186 3911 3784 3982">
     <span class='ocr_line' id='line_1_59' title="bbox 2186 3911 3784 3982; baseline 0.003 -16"><span class='ocrx_word' id='word_1_521' title='bbox 2186 3911 2431 3980; x_wconf 57' lang='lat' dir='ltr'><strong>quadam</strong></span> <span class='ocrx_word' id='word_1_522' title='bbox 2461 3911 2653 3982; x_wconf 88' lang='lat' dir='ltr'><strong>legatis</strong></span> <span class='ocrx_word' id='word_1_523' title='bbox 2681 3911 2879 3967; x_wconf 89' lang='lat' dir='ltr'><strong>nostris</strong></span> <span class='ocrx_word' id='word_1_524' title='bbox 2904 3911 3072 3966; x_wconf 88' lang='lat' dir='ltr'><strong>verbo</strong></span> <span class='ocrx_word' id='word_1_525' title='bbox 3094 3911 3248 3968; x_wconf 90' lang='lat' dir='ltr'><strong>vobis</strong></span> <span class='ocrx_word' id='word_1_526' title='bbox 3267 3911 3586 3968; x_wconf 89' lang='lat' dir='ltr'><strong>insinuanda</strong></span> <span class='ocrx_word' id='word_1_527' title='bbox 3613 3929 3784 3970; x_wconf 88' lang='lat' dir='ltr'><strong>com-</strong></span> 
     </span>
    </p>
   </div>
   <div class='ocr_carea' id='block_1_59' title="bbox 2185 4001 3784 4074">
    <p class='ocr_par' dir='ltr' id='par_1_59' title="bbox 2185 4001 3784 4074">
     <span class='ocr_line' id='line_1_60' title="bbox 2185 4001 3784 4074; baseline 0.003 -17"><span class='ocrx_word' id='word_1_528' title='bbox 2185 4003 2464 4068; x_wconf 89' lang='lat' dir='ltr'><strong>misimus;</strong></span> <span class='ocrx_word' id='word_1_529' title='bbox 2487 4019 2610 4074; x_wconf 60' lang='lat' dir='ltr'><strong>quas</strong></span> <span class='ocrx_word' id='word_1_530' title='bbox 2629 4001 3015 4058; x_wconf 87' lang='lat' dir='ltr'><strong>consuetudine</strong></span> <span class='ocrx_word' id='word_1_531' title='bbox 3054 4009 3246 4057; x_wconf 66' lang='lat' dir='ltr'><strong>vestra:</strong></span> <span class='ocrx_word' id='word_1_532' title='bbox 3272 4003 3573 4058; x_wconf 88' lang='lat' dir='ltr'><strong>serenitatis</strong></span> <span class='ocrx_word' id='word_1_533' title='bbox 3599 4003 3784 4062; x_wconf 89' lang='lat' dir='ltr'><strong>liben-</strong></span> 
     </span>
    </p>
   </div>
   <div class='ocr_carea' id='block_1_60' title="bbox 2186 4093 3782 4166">
    <p class='ocr_par' dir='ltr' id='par_1_60' title="bbox 2186 4093 3782 4166">
     <span class='ocr_line' id='line_1_61' title="bbox 2186 4093 3782 4166; baseline 0.004 -19"><span class='ocrx_word' id='word_1_534' title='bbox 2186 4101 2270 4148; x_wconf 90' lang='lat' dir='ltr'><strong>ter</strong></span> <span class='ocrx_word' id='word_1_535' title='bbox 2289 4094 2538 4164; x_wconf 89' lang='lat' dir='ltr'><strong>accipite,</strong></span> <span class='ocrx_word' id='word_1_536' title='bbox 2571 4101 2631 4148; x_wconf 94' lang='lat' dir='ltr'><strong>ut</strong></span> <span class='ocrx_word' id='word_1_537' title='bbox 2657 4093 2726 4148; x_wconf 91' lang='lat' dir='ltr'><strong>ab</strong></span> <span class='ocrx_word' id='word_1_538' title='bbox 2753 4095 2999 4150; x_wconf 90' lang='lat' dir='ltr'><strong>omnibus</strong></span> <span class='ocrx_word' id='word_1_539' title='bbox 3027 4093 3305 4150; x_wconf 84' lang='lat' dir='ltr'><strong>evidenter</strong></span> <span class='ocrx_word' id='word_1_540' title='bbox 3339 4097 3508 4166; x_wconf 90' lang='lat' dir='ltr'><strong>possit</strong></span> <span class='ocrx_word' id='word_1_541' title='bbox 3548 4099 3782 4166; x_wconf 89' lang='lat' dir='ltr'><strong>agnosci</strong></span> 
     </span>
    </p>
   </div>
   <div class='ocr_carea' id='block_1_61' title="bbox 2185 4181 3783 4254">
    <p class='ocr_par' dir='ltr' id='par_1_61' title="bbox 2185 4181 3783 4254">
     <span class='ocr_line' id='line_1_62' title="bbox 2185 4181 3783 4254; baseline 0.004 -16"><span class='ocrx_word' id='word_1_542' title='bbox 2185 4181 2330 4252; x_wconf 89' lang='lat' dir='ltr'><strong>quod</strong></span> <span class='ocrx_word' id='word_1_543' title='bbox 2353 4183 2497 4252; x_wconf 85' lang='lat' dir='ltr'><strong>juste</strong></span> <span class='ocrx_word' id='word_1_544' title='bbox 2524 4183 2682 4241; x_wconf 90' lang='lat' dir='ltr'><strong>nobis</strong></span> <span class='ocrx_word' id='word_1_545' title='bbox 2725 4184 3014 4254; x_wconf 89' lang='lat' dir='ltr'><strong>probamus</strong></span> <span class='ocrx_word' id='word_1_546' title='bbox 3041 4185 3109 4240; x_wconf 88' lang='lat' dir='ltr'><strong>de</strong></span> <span class='ocrx_word' id='word_1_547' title='bbox 3155 4193 3333 4242; x_wconf 89' lang='lat' dir='ltr'><strong>vestra</strong></span> <span class='ocrx_word' id='word_1_548' title='bbox 3361 4189 3783 4244; x_wconf 87' lang='lat' dir='ltr'><strong>mansuetudine</strong></span> 
     </span>
    </p>
   </div>
   <div class='ocr_carea' id='block_1_62' title="bbox 2186 4273 3781 4346">
    <p class='ocr_par' dir='ltr' id='par_1_62' title="bbox 2186 4273 3781 4346">
     <span class='ocr_line' id='line_1_63' title="bbox 2186 4273 3781 4346; baseline 0.003 -19"><span class='ocrx_word' id='word_1_549' title='bbox 2186 4273 2451 4343; x_wconf 83' lang='lat' dir='ltr'><strong>polliceri.</strong></span> <span class='ocrx_word' id='word_1_550' title='bbox 2483 4273 2748 4330; x_wconf 86' lang='lat' dir='ltr'><strong>Convenit</strong></span> <span class='ocrx_word' id='word_1_551' title='bbox 2790 4275 2934 4330; x_wconf 91' lang='lat' dir='ltr'><strong>enim</strong></span> <span class='ocrx_word' id='word_1_552' title='bbox 2961 4275 3029 4331; x_wconf 90' lang='lat' dir='ltr'><strong>de</strong></span> <span class='ocrx_word' id='word_1_553' title='bbox 3057 4275 3208 4330; x_wconf 89' lang='lat' dir='ltr'><strong>vobis</strong></span> <span class='ocrx_word' id='word_1_554' title='bbox 3237 4275 3600 4331; x_wconf 87' lang='lat' dir='ltr'><strong>indubitanter</strong></span> <span class='ocrx_word' id='word_1_555' title='bbox 3628 4293 3781 4346; x_wconf 73' lang='lat' dir='ltr'><strong>prte-</strong></span> 
     </span>
    </p>
   </div>
   <div class='ocr_carea' id='block_1_63' title="bbox 2185 4427 3782 4504">
    <p class='ocr_par' dir='ltr' id='par_1_63' title="bbox 2185 4427 3782 4504">
     <span class='ocr_line' id='line_1_64' title="bbox 2185 4427 3782 4504; baseline 0.004 -20"><span class='ocrx_word' id='word_1_556' title='bbox 2185 4443 2226 4504; x_wconf 81' lang='lat' dir='ltr'><strong>t_</strong></span> <span class='ocrx_word' id='word_1_557' title='bbox 2245 4427 2314 4504; x_wconf 81' lang='lat' dir='ltr'><strong>de</strong></span> <span class='ocrx_word' id='word_1_558' title='bbox 2358 4429 2504 4504; x_wconf 87' lang='lat' dir='ltr'><strong>Bello</strong></span> <span class='ocrx_word' id='word_1_559' title='bbox 2529 4431 2795 4504; x_wconf 83' lang='lat' dir='ltr'><strong>Gothico,</strong></span> <span class='ocrx_word' id='word_1_560' title='bbox 2829 4432 2990 4488; x_wconf 89' lang='lat' dir='ltr'><strong>verba</strong></span> <span class='ocrx_word' id='word_1_561' title='bbox 3032 4447 3321 4504; x_wconf 80' lang='lat' dir='ltr'><strong>purpurea.</strong></span> <span class='ocrx_word' id='word_1_562' title='bbox 3355 4433 3624 4504; x_wconf 79' lang='lat' dir='ltr'><strong>Parysatis</strong></span> <span class='ocrx_word' id='word_1_563' title='bbox 3663 4433 3782 4490; x_wconf 84' lang='lat' dir='ltr'><strong>ﬁlia</strong></span> 
     </span>
    </p>
   </div>
   <div class='ocr_carea' id='block_1_64' title="bbox 2186 4499 3778 4571">
    <p class='ocr_par' dir='ltr' id='par_1_64' title="bbox 2186 4499 3778 4571">
     <span class='ocr_line' id='line_1_65' title="bbox 2186 4499 3778 4571; baseline 0.004 -18"><span class='ocrx_word' id='word_1_564' title='bbox 2186 4499 2339 4571; x_wconf 78' lang='lat' dir='ltr'><strong>Cyri,</strong></span> <span class='ocrx_word' id='word_1_565' title='bbox 2385 4509 2440 4556; x_wconf 93' lang='lat' dir='ltr'><strong>et</strong></span> <span class='ocrx_word' id='word_1_566' title='bbox 2468 4502 2780 4571; x_wconf 80' lang='lat' dir='ltr'><strong>Artaxerxis</strong></span> <span class='ocrx_word' id='word_1_567' title='bbox 2818 4511 3010 4568; x_wconf 88' lang='lat' dir='ltr'><strong>mater,</strong></span> <span class='ocrx_word' id='word_1_568' title='bbox 3032 4499 3278 4570; x_wconf 60' lang='lat' dir='ltr'><strong>&#39;jubebat</strong></span> <span class='ocrx_word' id='word_1_569' title='bbox 3305 4517 3428 4571; x_wconf 88' lang='lat' dir='ltr'><strong>eum</strong></span> <span class='ocrx_word' id='word_1_570' title='bbox 3459 4499 3559 4570; x_wconf 68' lang='lat' dir='ltr'><strong>&#39;qui</strong></span> <span class='ocrx_word' id='word_1_571' title='bbox 3585 4517 3778 4571; x_wconf 87' lang='lat' dir='ltr'><strong>regem</strong></span> 
     </span>
    </p>
   </div>
   <div class='ocr_carea' id='block_1_65' title="bbox 2186 4569 3779 4638">
    <p class='ocr_par' dir='ltr' id='par_1_65' title="bbox 2186 4569 3779 4638">
     <span class='ocr_line' id='line_1_66' title="bbox 2186 4569 3779 4638; baseline 0.003 -16"><span class='ocrx_word' id='word_1_572' title='bbox 2186 4569 2404 4626; x_wconf 87' lang='lat' dir='ltr'><strong>liberius</strong></span> <span class='ocrx_word' id='word_1_573' title='bbox 2430 4580 2574 4626; x_wconf 90' lang='lat' dir='ltr'><strong>esset</strong></span> <span class='ocrx_word' id='word_1_574' title='bbox 2600 4570 2950 4636; x_wconf 89' lang='lat' dir='ltr'><strong>allocuturus,</strong></span> <span class='ocrx_word' id='word_1_575' title='bbox 2981 4569 3162 4626; x_wconf 80' lang='lat' dir='ltr'><strong>verbis</strong></span> <span class='ocrx_word' id='word_1_576' title='bbox 3193 4569 3532 4636; x_wconf 76' lang='lat' dir='ltr'><strong>nitidioribus</strong></span> <span class='ocrx_word' id='word_1_577' title='bbox 3560 4580 3616 4624; x_wconf 91' lang='lat' dir='ltr'><strong>et</strong></span> <span class='ocrx_word' id='word_1_578' title='bbox 3643 4569 3779 4638; x_wconf 79' lang='lat' dir='ltr'><strong>gra-</strong></span> 
     </span>
    </p>
   </div>
   <div class='ocr_carea' id='block_1_66' title="bbox 502 4633 3780 4716">
    <p class='ocr_par' dir='ltr' id='par_1_66' title="bbox 502 4633 3780 4716">
     <span class='ocr_line' id='line_1_67' title="bbox 502 4633 3780 4716; baseline 0.002 -28"><span class='ocrx_word' id='word_1_579' title='bbox 502 4635 696 4716; x_wconf 79' lang='lat' dir='ltr'><strong>quibus</strong></span> <span class='ocrx_word' id='word_1_580' title='bbox 723 4633 870 4715; x_wconf 78' lang='lat' dir='ltr'><strong>libris</strong></span> <span class='ocrx_word' id='word_1_581' title='bbox 897 4635 1061 4690; x_wconf 91' lang='lat' dir='ltr'><strong>multa</strong></span> <span class='ocrx_word' id='word_1_582' title='bbox 1083 4637 1148 4690; x_wconf 87' lang='lat' dir='ltr'><strong>ad</strong></span> <span class='ocrx_word' id='word_1_583' title='bbox 1163 4636 1500 4716; x_wconf 63' lang='lat' dir='ltr'><strong>sequentium</strong></span> <span class='ocrx_word' id='word_1_584' title='bbox 1519 4635 2079 4716; x_wconf 63' lang='lat' dir='ltr'><strong>formularumeogni-</strong></span> <span class='ocrx_word' id='word_1_585' title='bbox 2107 4647 2156 4706; x_wconf 81' lang='grc' dir='ltr'><strong>ι)</strong></span> <span class='ocrx_word' id='word_1_586' title='bbox 2181 4640 2336 4716; x_wconf 78' lang='lat' dir='ltr'><strong>vibus</strong></span> <span class='ocrx_word' id='word_1_587' title='bbox 2353 4649 2616 4716; x_wconf 76' lang='lat' dir='ltr'><strong>uteretur.</strong></span> <span class='ocrx_word' id='word_1_588' title='bbox 2654 4633 2968 4716; x_wconf 76' lang='lat' dir='ltr'><strong>Plutarchus</strong></span> <span class='ocrx_word' id='word_1_589' title='bbox 2993 4640 3330 4716; x_wconf 74' lang='lat' dir='ltr'><strong>ApOphtheg.</strong></span> <span class='ocrx_word' id='word_1_590' title='bbox 3360 4633 3668 4716; x_wconf 41' lang='grc' dir='ltr'><strong>εξέκέλευσεῖ</strong></span> <span class='ocrx_word' id='word_1_591' title='bbox 3683 4643 3780 4696; x_wconf 80' lang='grc' dir='ltr'><strong>τὸν</strong></span> 
     </span>
    </p>
   </div>
   <div class='ocr_carea' id='block_1_67' title="bbox 501 4703 2078 4774">
    <p class='ocr_par' dir='ltr' id='par_1_67' title="bbox 501 4703 2078 4774">
     <span class='ocr_line' id='line_1_68' title="bbox 501 4703 2078 4774; baseline 0.003 -16"><span class='ocrx_word' id='word_1_592' title='bbox 501 4703 701 4774; x_wconf 83' lang='lat' dir='ltr'><strong>tionem</strong></span> <span class='ocrx_word' id='word_1_593' title='bbox 728 4703 863 4758; x_wconf 85' lang='lat' dir='ltr'><strong>sumi</strong></span> <span class='ocrx_word' id='word_1_594' title='bbox 892 4716 1132 4774; x_wconf 88' lang='lat' dir='ltr'><strong>possunt,</strong></span> <span class='ocrx_word' id='word_1_595' title='bbox 1157 4703 1274 4774; x_wconf 66' lang='lat' dir='ltr'><strong>qua:</strong></span> <span class='ocrx_word' id='word_1_596' title='bbox 1301 4707 1428 4760; x_wconf 92' lang='lat' dir='ltr'><strong>mihi</strong></span> <span class='ocrx_word' id='word_1_597' title='bbox 1452 4706 1736 4762; x_wconf 90' lang='lat' dir='ltr'><strong>subsecivo</strong></span> <span class='ocrx_word' id='word_1_598' title='bbox 1765 4707 1942 4762; x_wconf 91' lang='lat' dir='ltr'><strong>studio</strong></span> <span class='ocrx_word' id='word_1_599' title='bbox 1965 4703 2078 4762; x_wconf 66' lang='lat' dir='ltr'><strong>haec</strong></span> 
     </span>
    </p>
   </div>
   <div class='ocr_carea' id='block_1_68' title="bbox 502 4773 1947 4844">
    <p class='ocr_par' dir='ltr' id='par_1_68' title="bbox 502 4773 1947 4844">
     <span class='ocr_line' id='line_1_69' title="bbox 502 4773 1947 4844; baseline 0.003 -18"><span class='ocrx_word' id='word_1_600' title='bbox 502 4773 836 4844; x_wconf 82' lang='lat' dir='ltr'><strong>festinantius</strong></span> <span class='ocrx_word' id='word_1_601' title='bbox 865 4773 1137 4844; x_wconf 81' lang='lat' dir='ltr'><strong>adnotanti</strong></span> <span class='ocrx_word' id='word_1_602' title='bbox 1167 4773 1420 4844; x_wconf 85' lang='lat' dir='ltr'><strong>colligere</strong></span> <span class='ocrx_word' id='word_1_603' title='bbox 1447 4791 1555 4830; x_wconf 91' lang='lat' dir='ltr'><strong>non</strong></span> <span class='ocrx_word' id='word_1_604' title='bbox 1580 4775 1750 4830; x_wconf 90' lang='lat' dir='ltr'><strong>licuit.</strong></span> <span class='ocrx_word' id='word_1_605' title='bbox 1783 4776 1947 4831; x_wconf 78' lang='lat' dir='ltr'><strong>FonN.</strong></span> 
     </span>
    </p>
   </div>
   <div class='ocr_carea' id='block_1_69' title="bbox 573 4843 2074 4914">
    <p class='ocr_par' dir='ltr' id='par_1_69' title="bbox 573 4843 2074 4914">
     <span class='ocr_line' id='line_1_70' title="bbox 573 4843 2074 4914; baseline 0.003 -18"><span class='ocrx_word' id='word_1_606' title='bbox 573 4844 598 4882; x_wconf 75' lang='grc' dir='ltr'>δ</span> <span class='ocrx_word' id='word_1_607' title='bbox 630 4843 686 4914; x_wconf 86' lang='lat' dir='ltr'><strong>in</strong></span> <span class='ocrx_word' id='word_1_608' title='bbox 728 4843 832 4914; x_wconf 85' lang='lat' dir='ltr'><strong>hoc</strong></span> <span class='ocrx_word' id='word_1_609' title='bbox 859 4843 967 4898; x_wconf 90' lang='lat' dir='ltr'><strong>ﬁlio</strong></span> <span class='ocrx_word' id='word_1_610' title='bbox 991 4844 1268 4900; x_wconf 86' lang='lat' dir='ltr'><strong>educando</strong></span> <span class='ocrx_word' id='word_1_611' title='bbox 1293 4843 1542 4914; x_wconf 81' lang='lat' dir='ltr'><strong>magnam</strong></span> <span class='ocrx_word' id='word_1_612' title='bbox 1570 4860 1755 4901; x_wconf 90' lang='lat' dir='ltr'><strong>curam</strong></span> <span class='ocrx_word' id='word_1_613' title='bbox 1784 4855 1958 4900; x_wconf 89' lang='lat' dir='ltr'><strong>mater</strong></span> <span class='ocrx_word' id='word_1_614' title='bbox 1981 4845 2074 4901; x_wconf 83' lang='lat' dir='ltr'><strong>ad-</strong></span> 
     </span>
    </p>
   </div>
   <div class='ocr_carea' id='block_1_70' title="bbox 505 4913 2080 4984">
    <p class='ocr_par' dir='ltr' id='par_1_70' title="bbox 505 4913 2080 4984">
     <span class='ocr_line' id='line_1_71' title="bbox 505 4913 2080 4984; baseline 0.003 -18"><span class='ocrx_word' id='word_1_615' title='bbox 505 4913 741 4984; x_wconf 84' lang='lat' dir='ltr'><strong>hibuisse</strong></span> <span class='ocrx_word' id='word_1_616' title='bbox 766 4913 994 4984; x_wconf 61' lang='lat' dir='ltr'><strong>dicitur:</strong></span> <span class='ocrx_word' id='word_1_617' title='bbox 1009 4931 1023 4966; x_wconf 90' lang='lat'><strong>:</strong></span> <span class='ocrx_word' id='word_1_618' title='bbox 1065 4924 1354 4984; x_wconf 80' lang='lat' dir='ltr'><strong>corruptus</strong></span> <span class='ocrx_word' id='word_1_619' title='bbox 1392 4913 1578 4984; x_wconf 10' lang='lat' dir='ltr'><strong>tamen,</strong></span> <span class='ocrx_word' id='word_1_620' title='bbox 1595 4914 1697 4984; x_wconf 86' lang='lat' dir='ltr'><strong>fuit</strong></span> <span class='ocrx_word' id='word_1_621' title='bbox 1739 4915 2080 4984; x_wconf 83' lang='lat' dir='ltr'><strong>postmodum</strong></span> 
     </span>
    </p>
   </div>
   <div class='ocr_carea' id='block_1_71' title="bbox 503 4980 2080 5055">
    <p class='ocr_par' dir='ltr' id='par_1_71' title="bbox 503 4980 2080 5055">
     <span class='ocr_line' id='line_1_72' title="bbox 503 4980 2080 5055; baseline 0.001 -19"><span class='ocrx_word' id='word_1_622' title='bbox 503 4983 572 5038; x_wconf 86' lang='lat' dir='ltr'><strong>ab</strong></span> <span class='ocrx_word' id='word_1_623' title='bbox 607 4983 916 5051; x_wconf 71' lang='lat' dir='ltr'><strong>mqualibns.</strong></span> <span class='ocrx_word' id='word_1_624' title='bbox 960 4980 1103 5036; x_wconf 86' lang='lat' dir='ltr'><strong>Obiit</strong></span> <span class='ocrx_word' id='word_1_625' title='bbox 1143 4980 1285 5038; x_wconf 82' lang='lat' dir='ltr'><strong>anno</strong></span> <span class='ocrx_word' id='word_1_626' title='bbox 1325 4983 1520 5055; x_wconf 61' lang='lat' dir='ltr'><strong>Christi</strong></span> <span class='ocrx_word' id='word_1_627' title='bbox 1551 4983 1654 5038; x_wconf 76' lang='grc'><strong>552</strong></span> <span class='ocrx_word' id='word_1_628' title='bbox 1709 4980 1885 5055; x_wconf 58' lang='lat' dir='ltr'><strong>(Lege,</strong></span> <span class='ocrx_word' id='word_1_629' title='bbox 1918 4985 2080 5055; x_wconf 69' lang='grc'>554),</span> 
     </span>
    </p>
   </div>
   <div class='ocr_carea' id='block_1_72' title="bbox 502 5052 1933 5124">
    <p class='ocr_par' dir='ltr' id='par_1_72' title="bbox 502 5052 1933 5124">
     <span class='ocr_line' id='line_1_73' title="bbox 502 5052 1933 5124; baseline 0.001 -18"><span class='ocrx_word' id='word_1_630' title='bbox 502 5059 1125 5124; x_wconf 53' lang='lat' dir='ltr'><strong>cuntregnassetannos</strong></span> <span class='ocrx_word' id='word_1_631' title='bbox 1145 5055 1330 5108; x_wconf 90' lang='lat' dir='ltr'><strong>decem</strong></span> <span class='ocrx_word' id='word_1_632' title='bbox 1363 5052 1538 5124; x_wconf 84' lang='lat' dir='ltr'><strong>(Lege,</strong></span> <span class='ocrx_word' id='word_1_633' title='bbox 1567 5052 1736 5124; x_wconf 90' lang='lat' dir='ltr'><strong>octo.)</strong></span> <span class='ocrx_word' id='word_1_634' title='bbox 1769 5052 1933 5108; x_wconf 77' lang='lat' dir='ltr'><strong>FouN.</strong></span> 
     </span>
    </p>
   </div>
   <div class='ocr_carea' id='block_1_73' title="bbox 577 5120 2081 5192">
    <p class='ocr_par' dir='ltr' id='par_1_73' title="bbox 577 5120 2081 5192">
     <span class='ocr_line' id='line_1_74' title="bbox 577 5120 2081 5192; baseline 0.003 -18"><span class='ocrx_word' id='word_1_635' title='bbox 577 5133 599 5161; x_wconf 75' lang='grc' dir='ltr'><strong><em>ο</em></strong></span> <span class='ocrx_word' id='word_1_636' title='bbox 631 5120 1050 5192; x_wconf 78' lang='lat' dir='ltr'><strong>Theodahadum</strong></span> <span class='ocrx_word' id='word_1_637' title='bbox 1077 5120 1493 5187; x_wconf 52' lang='lat' dir='ltr'><strong>consobrinum]</strong></span> <span class='ocrx_word' id='word_1_638' title='bbox 1542 5124 1690 5191; x_wconf 85' lang='lat' dir='ltr'><strong>regni</strong></span> <span class='ocrx_word' id='word_1_639' title='bbox 1719 5120 1960 5190; x_wconf 88' lang='lat' dir='ltr'><strong>socium;</strong></span> <span class='ocrx_word' id='word_1_640' title='bbox 1991 5123 2081 5192; x_wconf 87' lang='lat' dir='ltr'><strong>qui</strong></span> 
     </span>
    </p>
   </div>
   <div class='ocr_carea' id='block_1_74' title="bbox 502 5191 2084 5264">
    <p class='ocr_par' dir='ltr' id='par_1_74' title="bbox 502 5191 2084 5264">
     <span class='ocr_line' id='line_1_75' title="bbox 502 5191 2084 5264; baseline 0.001 -20"><span class='ocrx_word' id='word_1_641' title='bbox 502 5191 579 5264; x_wconf 80' lang='lat' dir='ltr'><strong>ob</strong></span> <span class='ocrx_word' id='word_1_642' title='bbox 603 5191 794 5245; x_wconf 83' lang='lat' dir='ltr'><strong>multas</strong></span> <span class='ocrx_word' id='word_1_643' title='bbox 833 5191 1048 5261; x_wconf 88' lang='lat' dir='ltr'><strong>rapinas</strong></span> <span class='ocrx_word' id='word_1_644' title='bbox 1076 5194 1142 5246; x_wconf 89' lang='lat' dir='ltr'><strong>ab</strong></span> <span class='ocrx_word' id='word_1_645' title='bbox 1170 5193 1579 5264; x_wconf 10' lang='lat' dir='ltr'><strong>eaicorripitur.</strong></span> <span class='ocrx_word' id='word_1_646' title='bbox 1629 5193 1732 5264; x_wconf 70' lang='lat' dir='ltr'><strong>Sed</strong></span> <span class='ocrx_word' id='word_1_647' title='bbox 1780 5193 1994 5264; x_wconf 82' lang='lat' dir='ltr'><strong>tandem</strong></span> <span class='ocrx_word' id='word_1_648' title='bbox 2013 5191 2084 5247; x_wconf 12' lang='lat' dir='ltr'><strong>fut</strong></span> 
     </span>
    </p>
   </div>
   <div class='ocr_carea' id='block_1_75' title="bbox 501 5261 2084 5328">
    <p class='ocr_par' dir='ltr' id='par_1_75' title="bbox 501 5261 2084 5328">
     <span class='ocr_line' id='line_1_76' title="bbox 501 5261 2084 5328; baseline 0.003 -15"><span class='ocrx_word' id='word_1_649' title='bbox 501 5261 646 5314; x_wconf 85' lang='lat' dir='ltr'><strong>solus</strong></span> <span class='ocrx_word' id='word_1_650' title='bbox 670 5270 934 5328; x_wconf 87' lang='lat' dir='ltr'><strong>regnaret,</strong></span> <span class='ocrx_word' id='word_1_651' title='bbox 957 5277 1078 5314; x_wconf 83' lang='lat' dir='ltr'><strong>mox</strong></span> <span class='ocrx_word' id='word_1_652' title='bbox 1103 5279 1220 5317; x_wconf 87' lang='lat' dir='ltr'><strong>eam</strong></span> <span class='ocrx_word' id='word_1_653' title='bbox 1247 5263 1300 5316; x_wconf 91' lang='lat' dir='ltr'><strong>in</strong></span> <span class='ocrx_word' id='word_1_654' title='bbox 1326 5261 1597 5318; x_wconf 70' lang='lat' dir='ltr'><strong>carcerem</strong></span> <span class='ocrx_word' id='word_1_655' title='bbox 1625 5263 1866 5326; x_wconf 78' lang='lat' dir='ltr'><strong>detrusit,</strong></span> <span class='ocrx_word' id='word_1_656' title='bbox 1892 5263 2084 5317; x_wconf 71' lang='lat' dir='ltr'><strong>deinde</strong></span> 
     </span>
    </p>
   </div>
   <div class='ocr_carea' id='block_1_76' title="bbox 504 5331 2084 5400">
    <p class='ocr_par' dir='ltr' id='par_1_76' title="bbox 504 5331 2084 5400">
     <span class='ocr_line' id='line_1_77' title="bbox 504 5331 2084 5400; baseline 0.001 -18"><span class='ocrx_word' id='word_1_657' title='bbox 504 5331 672 5383; x_wconf 75' lang='lat' dir='ltr'><strong>occidi</strong></span> <span class='ocrx_word' id='word_1_658' title='bbox 698 5331 874 5398; x_wconf 86' lang='lat' dir='ltr'><strong>jussit,</strong></span> <span class='ocrx_word' id='word_1_659' title='bbox 907 5339 962 5384; x_wconf 81' lang='lat' dir='ltr'><strong>et</strong></span> <span class='ocrx_word' id='word_1_660' title='bbox 987 5345 1208 5400; x_wconf 85' lang='lat' dir='ltr'><strong>regnum</strong></span> <span class='ocrx_word' id='word_1_661' title='bbox 1232 5334 1385 5386; x_wconf 88' lang='lat' dir='ltr'><strong>annis</strong></span> <span class='ocrx_word' id='word_1_662' title='bbox 1407 5333 1643 5400; x_wconf 90' lang='lat' dir='ltr'><strong>quinque</strong></span> <span class='ocrx_word' id='word_1_663' title='bbox 1671 5333 1921 5400; x_wconf 86' lang='lat' dir='ltr'><strong>obtinuit.</strong></span> <span class='ocrx_word' id='word_1_664' title='bbox 1955 5331 2084 5384; x_wconf 84' lang='lat' dir='ltr'><strong>Pro-</strong></span> 
     </span>
    </p>
   </div>
   <div class='ocr_carea' id='block_1_77' title="bbox 505 5399 2084 5468">
    <p class='ocr_par' dir='ltr' id='par_1_77' title="bbox 505 5399 2084 5468">
     <span class='ocr_line' id='line_1_78' title="bbox 505 5399 2084 5468; baseline 0.003 -17"><span class='ocrx_word' id='word_1_665' title='bbox 505 5400 710 5468; x_wconf 82' lang='lat' dir='ltr'><strong>copius,</strong></span> <span class='ocrx_word' id='word_1_666' title='bbox 741 5401 833 5453; x_wconf 89' lang='lat' dir='ltr'><strong>lib.</strong></span> <span class='ocrx_word' id='word_1_667' title='bbox 859 5416 873 5452; x_wconf 94' lang='lat' dir='ltr'><strong>I</strong></span> <span class='ocrx_word' id='word_1_668' title='bbox 903 5401 970 5453; x_wconf 86' lang='lat' dir='ltr'><strong>de</strong></span> <span class='ocrx_word' id='word_1_669' title='bbox 997 5399 1145 5455; x_wconf 82' lang='lat' dir='ltr'><strong>Bello</strong></span> <span class='ocrx_word' id='word_1_670' title='bbox 1174 5399 1442 5466; x_wconf 84' lang='lat' dir='ltr'><strong>Gothico;</strong></span> <span class='ocrx_word' id='word_1_671' title='bbox 1483 5399 1764 5456; x_wconf 80' lang='lat' dir='ltr'><strong>Mattlneus</strong></span> <span class='ocrx_word' id='word_1_672' title='bbox 1791 5399 2084 5456; x_wconf 86' lang='lat' dir='ltr'><strong>Palmerius</strong></span> 
     </span>
    </p>
   </div>
   <div class='ocr_carea' id='block_1_78' title="bbox 505 5469 1796 5532">
    <p class='ocr_par' dir='ltr' id='par_1_78' title="bbox 505 5469 1796 5532">
     <span class='ocr_line' id='line_1_79' title="bbox 505 5469 1796 5532; baseline 0.004 -12"><span class='ocrx_word' id='word_1_673' title='bbox 505 5469 556 5520; x_wconf 88' lang='lat' dir='ltr'><strong>in</strong></span> <span class='ocrx_word' id='word_1_674' title='bbox 583 5469 881 5532; x_wconf 86' lang='lat' dir='ltr'><strong>Chronicis,</strong></span> <span class='ocrx_word' id='word_1_675' title='bbox 907 5479 962 5523; x_wconf 91' lang='lat' dir='ltr'><strong>et</strong></span> <span class='ocrx_word' id='word_1_676' title='bbox 981 5470 1234 5525; x_wconf 87' lang='lat' dir='ltr'><strong>llerman.</strong></span> <span class='ocrx_word' id='word_1_677' title='bbox 1261 5472 1601 5526; x_wconf 80' lang='lat' dir='ltr'><strong>Contractus.</strong></span> <span class='ocrx_word' id='word_1_678' title='bbox 1629 5470 1796 5525; x_wconf 74' lang='lat' dir='ltr'><strong>FOILN.</strong></span> 
     </span>
    </p>
   </div>
   <div class='ocr_carea' id='block_1_79' title="bbox 573 5536 2074 5610">
    <p class='ocr_par' dir='ltr' id='par_1_79' title="bbox 573 5536 2074 5610">
     <span class='ocr_line' id='line_1_80' title="bbox 573 5536 2074 5610; baseline 0.004 -20"><span class='ocrx_word' id='word_1_679' title='bbox 573 5536 596 5573; x_wconf 72' lang='grc' dir='ltr'>ἀ</span> <span class='ocrx_word' id='word_1_680' title='bbox 626 5537 667 5590; x_wconf 83' lang='grc' dir='ltr'><strong>Α</strong></span> <span class='ocrx_word' id='word_1_681' title='bbox 690 5539 910 5610; x_wconf 76' lang='lat' dir='ltr'><strong>regibus</strong></span> <span class='ocrx_word' id='word_1_682' title='bbox 936 5549 1074 5610; x_wconf 87' lang='lat' dir='ltr'><strong>orto.</strong></span> <span class='ocrx_word' id='word_1_683' title='bbox 1123 5541 1303 5596; x_wconf 81' lang='lat' dir='ltr'><strong>Aurel.</strong></span> <span class='ocrx_word' id='word_1_684' title='bbox 1340 5539 1700 5610; x_wconf 79' lang='lat' dir='ltr'><strong>Prudentius,</strong></span> <span class='ocrx_word' id='word_1_685' title='bbox 1745 5541 1797 5598; x_wconf 92' lang='lat' dir='ltr'><strong>in</strong></span> <span class='ocrx_word' id='word_1_686' title='bbox 1825 5540 2074 5610; x_wconf 83' lang='lat' dir='ltr'><strong>Symma-</strong></span> 
     </span>
    </p>
   </div>
   <div class='ocr_carea' id='block_1_80' title="bbox 2183 4710 3480 4800">
    <p class='ocr_par' dir='ltr' id='par_1_80' title="bbox 2183 4710 3480 4800">
     <span class='ocr_line' id='line_1_81' title="bbox 2183 4710 3480 4800; baseline -0.002 -36"><span class='ocrx_word' id='word_1_687' title='bbox 2183 4710 2398 4800; x_wconf 50' lang='grc' dir='ltr'><strong>βαξιλέα</strong></span> <span class='ocrx_word' id='word_1_688' title='bbox 2419 4712 2656 4800; x_wconf 44' lang='grc' dir='ltr'><strong>μέροψι-α</strong></span> <span class='ocrx_word' id='word_1_689' title='bbox 2679 4714 2808 4800; x_wconf 44' lang='lat' dir='ltr'><strong>pssimi</strong></span> <span class='ocrx_word' id='word_1_690' title='bbox 2825 4710 3480 4800; x_wconf 48' lang='grc' dir='ltr'><strong>παρρρσίαςρξξαλέγξεθοςε,</strong></span> 
     </span>
    </p>
   </div>
   <div class='ocr_carea' id='block_1_81' title="bbox 3574 4731 3780 4772">
    <p class='ocr_par' dir='ltr' id='par_1_81' title="bbox 3574 4731 3780 4772">
     <span class='ocr_line' id='line_1_82' title="bbox 3574 4731 3780 4772; baseline 0.019 -9"><span class='ocrx_word' id='word_1_691' title='bbox 3574 4731 3780 4772; x_wconf 72' lang='grc' dir='ltr'><strong>σσινοις</strong></span> 
     </span>
    </p>
   </div>
   <div class='ocr_carea' id='block_1_82' title="bbox 2185 4708 3782 4858">
    <p class='ocr_par' dir='ltr' id='par_1_82' title="bbox 2185 4708 3782 4858">
     <span class='ocr_line' id='line_1_83' title="bbox 2185 4708 3780 4786; baseline 0.002 -22"><span class='ocrx_word' id='word_1_692' title='bbox 2185 4710 2398 4778; x_wconf 82' lang='grc' dir='ltr'><strong>βασιλέα</strong></span> <span class='ocrx_word' id='word_1_693' title='bbox 2419 4712 2656 4786; x_wconf 76' lang='grc' dir='ltr'>μέλλοντα</span> <span class='ocrx_word' id='word_1_694' title='bbox 2679 4714 2808 4782; x_wconf 80' lang='grc' dir='ltr'><strong>μετά</strong></span> <span class='ocrx_word' id='word_1_695' title='bbox 2825 4708 3127 4786; x_wconf 68' lang='grc' dir='ltr'><strong>παῤῥησῖαέ</strong></span> <span class='ocrx_word' id='word_1_696' title='bbox 3148 4710 3480 4782; x_wconf 69' lang='grc' dir='ltr'><strong>διαλέγεσθαι,</strong></span> <span class='ocrx_word' id='word_1_697' title='bbox 3503 4708 3780 4778; x_wconf 72' lang='grc' dir='ltr'><strong>βυσσίνοις</strong></span> 
     </span>
     <span class='ocr_line' id='line_1_84' title="bbox 2185 4777 3782 4858; baseline -0.001 -22"><span class='ocrx_word' id='word_1_698' title='bbox 2185 4783 2417 4858; x_wconf 59' lang='grc' dir='ltr'><strong>χρῆσραι</strong></span> <span class='ocrx_word' id='word_1_699' title='bbox 2461 4783 2674 4858; x_wconf 48' lang='lat' dir='ltr'><strong>prinum.</strong></span> <span class='ocrx_word' id='word_1_700' title='bbox 2718 4779 3077 4858; x_wconf 55' lang='lat' dir='ltr'><strong>furpuratum</strong></span> <span class='ocrx_word' id='word_1_701' title='bbox 3102 4778 3286 4858; x_wconf 82' lang='lat' dir='ltr'><strong>_ﬁl_ium</strong></span> <span class='ocrx_word' id='word_1_702' title='bbox 3331 4777 3466 4858; x_wconf 77' lang='lat' dir='ltr'><strong>dixit</strong></span> <span class='ocrx_word' id='word_1_703' title='bbox 3508 4779 3782 4858; x_wconf 40' lang='lat' dir='ltr'><strong>libri-sc-</strong></span> 
     </span>
    </p>
   </div>
   <div class='ocr_carea' id='block_1_83' title="bbox 2185 4847 3780 4920">
    <p class='ocr_par' dir='ltr' id='par_1_83' title="bbox 2185 4847 3780 4920">
     <span class='ocr_line' id='line_1_85' title="bbox 2185 4847 3780 4920; baseline 0.004 -20"><span class='ocrx_word' id='word_1_704' title='bbox 2185 4847 2396 4918; x_wconf 66' lang='lat' dir='ltr'><strong>q&#39;uentis</strong></span> <span class='ocrx_word' id='word_1_705' title='bbox 2426 4847 2584 4920; x_wconf 81' lang='lat' dir='ltr'><strong>epist.</strong></span> <span class='ocrx_word' id='word_1_706' title='bbox 2615 4849 2667 4904; x_wconf 79' lang='grc'><strong>1.</strong></span> <span class='ocrx_word' id='word_1_707' title='bbox 2715 4847 2974 4920; x_wconf 74' lang='lat' dir='ltr'><strong>Crebrttm</strong></span> <span class='ocrx_word' id='word_1_708' title='bbox 3005 4855 3060 4902; x_wconf 91' lang='lat' dir='ltr'><strong>et</strong></span> <span class='ocrx_word' id='word_1_709' title='bbox 3101 4849 3226 4920; x_wconf 85' lang='lat' dir='ltr'><strong>huic</strong></span> <span class='ocrx_word' id='word_1_710' title='bbox 3254 4848 3460 4903; x_wconf 88' lang='lat' dir='ltr'><strong>auctori</strong></span> <span class='ocrx_word' id='word_1_711' title='bbox 3497 4847 3780 4920; x_wconf 72' lang='lat' dir='ltr'><strong>familiare</strong></span> 
     </span>
    </p>
   </div>
   <div class='ocr_carea' id='block_1_84' title="bbox 2187 4917 3774 4988">
    <p class='ocr_par' dir='ltr' id='par_1_84' title="bbox 2187 4917 3774 4988">
     <span class='ocr_line' id='line_1_86' title="bbox 2187 4917 3774 4988; baseline -0.001 -14"><span class='ocrx_word' id='word_1_712' title='bbox 2187 4917 2513 4988; x_wconf 82' lang='lat' dir='ltr'><strong>epithetum,</strong></span> <span class='ocrx_word' id='word_1_713' title='bbox 2540 4935 2662 4975; x_wconf 91' lang='lat' dir='ltr'><strong>cum</strong></span> <span class='ocrx_word' id='word_1_714' title='bbox 2707 4919 2835 4988; x_wconf 90' lang='lat' dir='ltr'><strong>quid</strong></span> <span class='ocrx_word' id='word_1_715' title='bbox 2864 4919 3070 4973; x_wconf 89' lang='lat' dir='ltr'><strong>illustre</strong></span> <span class='ocrx_word' id='word_1_716' title='bbox 3116 4919 3428 4988; x_wconf 53' lang='lat' dir='ltr'><strong>regiurrtque</strong></span> <span class='ocrx_word' id='word_1_717' title='bbox 3462 4917 3774 4988; x_wconf 15' lang='lat' dir='ltr'><strong>Vsigniﬁcet;</strong></span> 
     </span>
    </p>
   </div>
   <div class='ocr_carea' id='block_1_85' title="bbox 2189 4985 3779 5068">
    <p class='ocr_par' dir='ltr' id='par_1_85' title="bbox 2189 4985 3779 5068">
     <span class='ocr_line' id='line_1_87' title="bbox 2189 4985 3779 5068; baseline 0.002 -27"><span class='ocrx_word' id='word_1_718' title='bbox 2285 4995 2342 5068; x_wconf 74' lang='lat' dir='ltr'><strong>_e_t</strong></span> <span class='ocrx_word' id='word_1_719' title='bbox 2381 4985 2626 5068; x_wconf 53' lang='lat' dir='ltr'><strong>Eunomo</strong></span> <span class='ocrx_word' id='word_1_720' title='bbox 2657 4989 2707 5043; x_wconf 93' lang='lat' dir='ltr'><strong>in</strong></span> <span class='ocrx_word' id='word_1_721' title='bbox 2726 4985 3072 5068; x_wconf 47' lang='lat' dir='ltr'><strong>panegyjietl</strong></span> <span class='ocrx_word' id='word_1_722' title='bbox 3097 5002 3259 5068; x_wconf 87' lang='lat' dir='ltr'><strong>quem</strong></span> <span class='ocrx_word' id='word_1_723' title='bbox 3292 4985 3629 5068; x_wconf 70' lang='lat' dir='ltr'><strong>Theoderico</strong></span> <span class='ocrx_word' id='word_1_724' title='bbox 3659 4992 3779 5068; x_wconf 74' lang='lat' dir='ltr'><strong>regi</strong></span> 
     </span>
    </p>
   </div>
   <div class='ocr_carea' id='block_1_86' title="bbox 2190 5056 3780 5128">
    <p class='ocr_par' dir='ltr' id='par_1_86' title="bbox 2190 5056 3780 5128">
     <span class='ocr_line' id='line_1_88' title="bbox 2190 5056 3780 5128; baseline 0.002 -17"><span class='ocrx_word' id='word_1_725' title='bbox 2190 5057 2324 5112; x_wconf 89' lang='lat' dir='ltr'><strong>dixit</strong></span> <span class='ocrx_word' id='word_1_726' title='bbox 2356 5076 2368 5110; x_wconf 92' lang='lat'>:</span> <span class='ocrx_word' id='word_1_727' title='bbox 2403 5057 2561 5124; x_wconf 90' lang='lat' dir='ltr'><strong>Usus,</strong></span> <span class='ocrx_word' id='word_1_728' title='bbox 2601 5056 2791 5127; x_wconf 81' lang='lat' dir='ltr'><strong>inquit,</strong></span> <span class='ocrx_word' id='word_1_729' title='bbox 2836 5058 2917 5128; x_wconf 68' lang='lat' dir='ltr'><strong>in_</strong></span> <span class='ocrx_word' id='word_1_730' title='bbox 2917 5056 3078 5128; x_wconf 72' lang='lat'><strong>158</strong></span> <span class='ocrx_word' id='word_1_731' title='bbox 3109 5065 3321 5128; x_wconf 86' lang='lat' dir='ltr'><strong>tuorum</strong></span> <span class='ocrx_word' id='word_1_732' title='bbox 3352 5056 3508 5128; x_wconf 71' lang='lat' dir='ltr'><strong>(idem</strong></span> <span class='ocrx_word' id='word_1_733' title='bbox 3546 5056 3780 5114; x_wconf 74' lang='lat' dir='ltr'><strong>merito-</strong></span> 
     </span>
    </p>
   </div>
   <div class='ocr_carea' id='block_1_87' title="bbox 2188 5125 3777 5198">
    <p class='ocr_par' dir='ltr' id='par_1_87' title="bbox 2188 5125 3777 5198">
     <span class='ocr_line' id='line_1_89' title="bbox 2188 5125 3777 5198; baseline 0.002 -17"><span class='ocrx_word' id='word_1_734' title='bbox 2188 5143 2309 5198; x_wconf 87' lang='lat' dir='ltr'><strong>rum</strong></span> <span class='ocrx_word' id='word_1_735' title='bbox 2357 5135 2492 5182; x_wconf 89' lang='lat' dir='ltr'><strong>teste</strong></span> <span class='ocrx_word' id='word_1_736' title='bbox 2521 5125 2832 5198; x_wconf 83' lang='lat' dir='ltr'><strong>purpurato.</strong></span> <span class='ocrx_word' id='word_1_737' title='bbox 2879 5125 2963 5180; x_wconf 73' lang='grc' dir='ltr'><strong>Εἴ</strong></span> <span class='ocrx_word' id='word_1_738' title='bbox 2981 5125 3081 5184; x_wconf 75' lang='lat' dir='ltr'><strong>sub</strong></span> <span class='ocrx_word' id='word_1_739' title='bbox 3127 5126 3283 5180; x_wconf 91' lang='lat' dir='ltr'><strong>linem</strong></span> <span class='ocrx_word' id='word_1_740' title='bbox 3319 5143 3332 5179; x_wconf 88' lang='lat'><strong>:</strong></span> <span class='ocrx_word' id='word_1_741' title='bbox 3366 5125 3579 5198; x_wconf 79' lang='lat' dir='ltr'><strong>Utinam</strong></span> <span class='ocrx_word' id='word_1_742' title='bbox 3621 5131 3777 5198; x_wconf 78' lang='lat' dir='ltr'><strong>aurei</strong></span> 
     </span>
    </p>
   </div>
   <div class='ocr_carea' id='block_1_88' title="bbox 2190 5195 3778 5266">
    <p class='ocr_par' dir='ltr' id='par_1_88' title="bbox 2190 5195 3778 5266">
     <span class='ocr_line' id='line_1_90' title="bbox 2190 5195 3778 5266; baseline 0.001 -16"><span class='ocrx_word' id='word_1_743' title='bbox 2190 5197 2330 5251; x_wconf 89' lang='lat' dir='ltr'><strong>bona</strong></span> <span class='ocrx_word' id='word_1_744' title='bbox 2356 5195 2535 5252; x_wconf 76' lang='lat' dir='ltr'><strong>steculi</strong></span> <span class='ocrx_word' id='word_1_745' title='bbox 2565 5195 2913 5266; x_wconf 83' lang='lat' dir='ltr'><strong>purpuratum</strong></span> <span class='ocrx_word' id='word_1_746' title='bbox 2944 5212 3011 5251; x_wconf 86' lang='lat' dir='ltr'><strong>ex</strong></span> <span class='ocrx_word' id='word_1_747' title='bbox 3037 5205 3091 5252; x_wconf 91' lang='lat' dir='ltr'><strong>te</strong></span> <span class='ocrx_word' id='word_1_748' title='bbox 3118 5210 3296 5266; x_wconf 84' lang='lat' dir='ltr'><strong>regem</strong></span> <span class='ocrx_word' id='word_1_749' title='bbox 3323 5196 3630 5264; x_wconf 88' lang='lat' dir='ltr'><strong>ampliﬁcet.</strong></span> <span class='ocrx_word' id='word_1_750' title='bbox 3655 5195 3778 5252; x_wconf 89' lang='lat' dir='ltr'><strong>Uti-</strong></span> 
     </span>
    </p>
   </div>
   <div class='ocr_carea' id='block_1_89' title="bbox 2191 5265 3772 5335">
    <p class='ocr_par' dir='ltr' id='par_1_89' title="bbox 2191 5265 3772 5335">
     <span class='ocr_line' id='line_1_91' title="bbox 2191 5265 3772 5335; baseline 0.002 -15"><span class='ocrx_word' id='word_1_751' title='bbox 2191 5283 2314 5320; x_wconf 89' lang='lat' dir='ltr'><strong>nam</strong></span> <span class='ocrx_word' id='word_1_752' title='bbox 2341 5268 2508 5322; x_wconf 72' lang='lat' dir='ltr'><strong>literes</strong></span> <span class='ocrx_word' id='word_1_753' title='bbox 2537 5265 2685 5335; x_wconf 78' lang='lat' dir='ltr'><strong>regni</strong></span> <span class='ocrx_word' id='word_1_754' title='bbox 2709 5267 2762 5321; x_wconf 90' lang='lat' dir='ltr'><strong>in</strong></span> <span class='ocrx_word' id='word_1_755' title='bbox 2794 5267 2897 5322; x_wconf 90' lang='lat' dir='ltr'><strong>tuis</strong></span> <span class='ocrx_word' id='word_1_756' title='bbox 2923 5267 3128 5322; x_wconf 88' lang='lat' dir='ltr'><strong>sinibus</strong></span> <span class='ocrx_word' id='word_1_757' title='bbox 3153 5265 3322 5335; x_wconf 72' lang='lat' dir='ltr'><strong>ludat,</strong></span> <span class='ocrx_word' id='word_1_758' title='bbox 3343 5275 3469 5330; x_wconf 91' lang='lat' dir='ltr'><strong>ete.,</strong></span> <span class='ocrx_word' id='word_1_759' title='bbox 3495 5281 3638 5334; x_wconf 90' lang='lat' dir='ltr'><strong>sup.,</strong></span> <span class='ocrx_word' id='word_1_760' title='bbox 3671 5267 3772 5324; x_wconf 92' lang='lat' dir='ltr'><strong>lib.</strong></span> 
     </span>
    </p>
   </div>
   <div class='ocr_carea' id='block_1_90' title="bbox 2190 5333 3777 5405">
    <p class='ocr_par' dir='ltr' id='par_1_90' title="bbox 2190 5333 3777 5405">
     <span class='ocr_line' id='line_1_92' title="bbox 2190 5333 3777 5405; baseline 0.002 -15"><span class='ocrx_word' id='word_1_761' title='bbox 2190 5352 2272 5401; x_wconf 68' lang='lat' dir='ltr'><strong>ts,</strong></span> <span class='ocrx_word' id='word_1_762' title='bbox 2303 5337 2456 5405; x_wconf 88' lang='lat' dir='ltr'><strong>epist.</strong></span> <span class='ocrx_word' id='word_1_763' title='bbox 2513 5333 2620 5400; x_wconf 37' lang='lat'><strong>24,-</strong></span> <span class='ocrx_word' id='word_1_764' title='bbox 2645 5345 2700 5391; x_wconf 91' lang='lat' dir='ltr'><strong>et</strong></span> <span class='ocrx_word' id='word_1_765' title='bbox 2739 5337 2832 5392; x_wconf 91' lang='lat' dir='ltr'><strong>lib.</strong></span> <span class='ocrx_word' id='word_1_766' title='bbox 2881 5352 2946 5398; x_wconf 89' lang='lat' dir='ltr'><strong>x,</strong></span> <span class='ocrx_word' id='word_1_767' title='bbox 2995 5337 3151 5405; x_wconf 89' lang='lat' dir='ltr'><strong>epist.</strong></span> <span class='ocrx_word' id='word_1_768' title='bbox 3187 5335 3256 5405; x_wconf 78' lang='lat' dir='ltr'><strong>_l.</strong></span> <span class='ocrx_word' id='word_1_769' title='bbox 3301 5333 3624 5405; x_wconf 69' lang='lat' dir='ltr'><strong>Proettpius,</strong></span> <span class='ocrx_word' id='word_1_770' title='bbox 3671 5339 3777 5393; x_wconf 89' lang='lat' dir='ltr'><strong>sub</strong></span> 
     </span>
    </p>
   </div>
   <div class='ocr_carea' id='block_1_91' title="bbox 2190 5403 3776 5462">
    <p class='ocr_par' dir='ltr' id='par_1_91' title="bbox 2190 5403 3776 5462">
     <span class='ocr_line' id='line_1_93' title="bbox 2190 5403 3776 5462; baseline 0.003 -4"><span class='ocrx_word' id='word_1_771' title='bbox 2190 5403 2348 5460; x_wconf 82' lang='lat' dir='ltr'><strong>ﬁnem</strong></span> <span class='ocrx_word' id='word_1_772' title='bbox 2372 5407 2461 5462; x_wconf 91' lang='lat' dir='ltr'><strong>lib.</strong></span> <span class='ocrx_word' id='word_1_773' title='bbox 2493 5423 2528 5461; x_wconf 87' lang='lat' dir='ltr'><strong>ll</strong></span> <span class='ocrx_word' id='word_1_774' title='bbox 2555 5407 2621 5461; x_wconf 89' lang='lat' dir='ltr'><strong>de</strong></span> <span class='ocrx_word' id='word_1_775' title='bbox 2649 5406 2796 5461; x_wconf 88' lang='lat' dir='ltr'><strong>Bello</strong></span> <span class='ocrx_word' id='word_1_776' title='bbox 2821 5403 3118 5462; x_wconf 83' lang='lat' dir='ltr'><strong>Gothorum</strong></span> <span class='ocrx_word' id='word_1_777' title='bbox 3142 5421 3156 5457; x_wconf 91' lang='lat'><strong>:</strong></span> <span class='ocrx_word' id='word_1_778' title='bbox 3183 5403 3606 5458; x_wconf 87' lang='lat' dir='ltr'><strong>Theudibaldum</strong></span> <span class='ocrx_word' id='word_1_779' title='bbox 3631 5421 3776 5462; x_wconf 85' lang='lat' dir='ltr'><strong>com-</strong></span> 
     </span>
    </p>
   </div>
   <div class='ocr_carea' id='block_1_92' title="bbox 2191 5473 3774 5531">
    <p class='ocr_par' dir='ltr' id='par_1_92' title="bbox 2191 5473 3774 5531">
     <span class='ocr_line' id='line_1_94' title="bbox 2191 5473 3774 5531; baseline 0.001 -3"><span class='ocrx_word' id='word_1_780' title='bbox 2191 5478 2336 5530; x_wconf 87' lang='lat' dir='ltr'><strong>muni</strong></span> <span class='ocrx_word' id='word_1_781' title='bbox 2382 5476 2619 5531; x_wconf 89' lang='lat' dir='ltr'><strong>omnium</strong></span> <span class='ocrx_word' id='word_1_782' title='bbox 2648 5477 2946 5531; x_wconf 83' lang='lat' dir='ltr'><strong>Gothorum</strong></span> <span class='ocrx_word' id='word_1_783' title='bbox 2972 5489 3234 5530; x_wconf 90' lang='lat' dir='ltr'><strong>consensu</strong></span> <span class='ocrx_word' id='word_1_784' title='bbox 3271 5489 3341 5528; x_wconf 84' lang='lat' dir='ltr'><strong>ex</strong></span> <span class='ocrx_word' id='word_1_785' title='bbox 3385 5473 3596 5528; x_wconf 79' lang='lat' dir='ltr'><strong>Verona</strong></span> <span class='ocrx_word' id='word_1_786' title='bbox 3625 5477 3774 5530; x_wconf 86' lang='lat' dir='ltr'><strong>acci-</strong></span> 
     </span>
    </p>
   </div>
   <div class='ocr_carea' id='block_1_93' title="bbox 2184 5543 3772 5612">
    <p class='ocr_par' dir='ltr' id='par_1_93' title="bbox 2184 5543 3772 5612">
     <span class='ocr_line' id='line_1_95' title="bbox 2184 5543 3772 5612; baseline -0.001 -12"><span class='ocrx_word' id='word_1_787' title='bbox 2184 5554 2296 5600; x_wconf 91' lang='lat' dir='ltr'><strong>tum</strong></span> <span class='ocrx_word' id='word_1_788' title='bbox 2327 5554 2384 5600; x_wconf 86' lang='lat' dir='ltr'><strong>et</strong></span> <span class='ocrx_word' id='word_1_789' title='bbox 2407 5547 2474 5600; x_wconf 88' lang='lat' dir='ltr'><strong>ad</strong></span> <span class='ocrx_word' id='word_1_790' title='bbox 2501 5563 2560 5602; x_wconf 90' lang='lat' dir='ltr'><strong>se</strong></span> <span class='ocrx_word' id='word_1_791' title='bbox 2587 5547 2895 5612; x_wconf 81' lang='lat' dir='ltr'><strong>venientem</strong></span> <span class='ocrx_word' id='word_1_792' title='bbox 2916 5546 3100 5600; x_wconf 88' lang='lat' dir='ltr'><strong>statim</strong></span> <span class='ocrx_word' id='word_1_793' title='bbox 3129 5551 3279 5598; x_wconf 90' lang='lat' dir='ltr'><strong>veste</strong></span> <span class='ocrx_word' id='word_1_794' title='bbox 3302 5558 3567 5612; x_wconf 90' lang='lat' dir='ltr'><strong>purpurea</strong></span> <span class='ocrx_word' id='word_1_795' title='bbox 3595 5543 3772 5599; x_wconf 76' lang='lat' dir='ltr'><strong>dona-</strong></span> 
     </span>
    </p>
   </div>
   <div class='ocr_carea' id='block_1_94' title="bbox 499 5605 1895 5680">
    <p class='ocr_par' dir='ltr' id='par_1_94' title="bbox 499 5605 1895 5680">
     <span class='ocr_line' id='line_1_96' title="bbox 499 5605 1895 5680; baseline 0.001 -20"><span class='ocrx_word' id='word_1_796' title='bbox 499 5605 658 5661; x_wconf 74' lang='lat' dir='ltr'><strong>cltutu</strong></span> <span class='ocrx_word' id='word_1_797' title='bbox 688 5605 782 5661; x_wconf 60' lang='lat' dir='ltr'><strong>lib:</strong></span> <span class='ocrx_word' id='word_1_798' title='bbox 812 5623 848 5672; x_wconf 82' lang='grc' dir='ltr'><strong>ι,</strong></span> <span class='ocrx_word' id='word_1_799' title='bbox 875 5608 942 5662; x_wconf 91' lang='lat' dir='ltr'><strong>de</strong></span> <span class='ocrx_word' id='word_1_800' title='bbox 965 5609 1107 5662; x_wconf 91' lang='lat' dir='ltr'><strong>cultu</strong></span> <span class='ocrx_word' id='word_1_801' title='bbox 1137 5609 1352 5664; x_wconf 82' lang='lat' dir='ltr'><strong>Adriani</strong></span> <span class='ocrx_word' id='word_1_802' title='bbox 1381 5618 1437 5663; x_wconf 89' lang='lat' dir='ltr'><strong>et</strong></span> <span class='ocrx_word' id='word_1_803' title='bbox 1465 5611 1702 5664; x_wconf 88' lang='lat' dir='ltr'><strong>catamiti</strong></span> <span class='ocrx_word' id='word_1_804' title='bbox 1734 5611 1850 5680; x_wconf 87' lang='lat' dir='ltr'><strong>ejus</strong></span> <span class='ocrx_word' id='word_1_805' title='bbox 1867 5605 1895 5662; x_wconf 76' lang='grc' dir='ltr'>ἐ</span> 
     </span>
    </p>
   </div>
   <div class='ocr_carea' id='block_1_95' title="bbox 1007 5699 1674 5760">
    <p class='ocr_par' dir='ltr' id='par_1_95' title="bbox 1007 5699 1674 5760">
     <span class='ocr_line' id='line_1_97' title="bbox 1007 5699 1674 5760; baseline -0.003 -12"><span class='ocrx_word' id='word_1_806' title='bbox 1007 5699 1141 5748; x_wconf 78' lang='lat' dir='ltr'><strong>Nunc</strong></span> <span class='ocrx_word' id='word_1_807' title='bbox 1164 5700 1259 5748; x_wconf 76' lang='lat' dir='ltr'><strong>divi</strong></span> <span class='ocrx_word' id='word_1_808' title='bbox 1285 5701 1514 5760; x_wconf 84' lang='lat' dir='ltr'><strong>principis</strong></span> <span class='ocrx_word' id='word_1_809' title='bbox 1544 5699 1674 5746; x_wconf 83' lang='lat' dir='ltr'><strong>illum</strong></span> 
     </span>
    </p>
   </div>
   <div class='ocr_carea' id='block_1_96' title="bbox 690 5759 1826 5822">
    <p class='ocr_par' dir='ltr' id='par_1_96' title="bbox 690 5759 1826 5822">
     <span class='ocr_line' id='line_1_98' title="bbox 690 5759 1826 5822; baseline 0.002 -16"><span class='ocrx_word' id='word_1_810' title='bbox 690 5759 942 5822; x_wconf 75' lang='lat' dir='ltr'><strong>Purpureo</strong></span> <span class='ocrx_word' id='word_1_811' title='bbox 964 5763 1012 5812; x_wconf 86' lang='lat' dir='ltr'><strong>in</strong></span> <span class='ocrx_word' id='word_1_812' title='bbox 1039 5763 1226 5822; x_wconf 83' lang='lat' dir='ltr'><strong>gremio</strong></span> <span class='ocrx_word' id='word_1_813' title='bbox 1249 5759 1503 5822; x_wconf 48' lang='lat' dir='ltr'><strong>spoliatum</strong></span> <span class='ocrx_word' id='word_1_814' title='bbox 1528 5769 1662 5808; x_wconf 86' lang='lat' dir='ltr'><strong>sorte</strong></span> <span class='ocrx_word' id='word_1_815' title='bbox 1686 5761 1826 5808; x_wconf 83' lang='lat' dir='ltr'><strong>virili.</strong></span> 
     </span>
    </p>
   </div>
   <div class='ocr_carea' id='block_1_97' title="bbox 506 5834 2076 5910">
    <p class='ocr_par' dir='ltr' id='par_1_97' title="bbox 506 5834 2076 5910">
     <span class='ocr_line' id='line_1_99' title="bbox 506 5834 2076 5910; baseline 0.007 -23"><span class='ocrx_word' id='word_1_816' title='bbox 506 5834 896 5910; x_wconf 59' lang='lat' dir='ltr'><strong>Ibeodaltadus</strong></span> <span class='ocrx_word' id='word_1_817' title='bbox 936 5841 1077 5894; x_wconf 91' lang='lat' dir='ltr'><strong>enim</strong></span> <span class='ocrx_word' id='word_1_818' title='bbox 1122 5842 1264 5909; x_wconf 85' lang='lat' dir='ltr'><strong>regia</strong></span> <span class='ocrx_word' id='word_1_819' title='bbox 1309 5843 1474 5910; x_wconf 88' lang='lat' dir='ltr'><strong>stirpe</strong></span> <span class='ocrx_word' id='word_1_820' title='bbox 1513 5849 1664 5895; x_wconf 90' lang='lat' dir='ltr'><strong>ortus</strong></span> <span class='ocrx_word' id='word_1_821' title='bbox 1705 5849 1848 5910; x_wconf 85' lang='lat' dir='ltr'><strong>erat,</strong></span> <span class='ocrx_word' id='word_1_822' title='bbox 1884 5857 2076 5910; x_wconf 90' lang='lat' dir='ltr'><strong>nempe</strong></span> 
     </span>
    </p>
   </div>
   <div class='ocr_carea' id='block_1_98' title="bbox 509 5901 2070 5981">
    <p class='ocr_par' dir='ltr' id='par_1_98' title="bbox 509 5901 2070 5981">
     <span class='ocr_line' id='line_1_100' title="bbox 509 5901 2070 5981; baseline 0.009 -27"><span class='ocrx_word' id='word_1_823' title='bbox 509 5901 820 5964; x_wconf 71' lang='lat' dir='ltr'><strong>Theudorici</strong></span> <span class='ocrx_word' id='word_1_824' title='bbox 847 5927 914 5964; x_wconf 76' lang='lat' dir='ltr'><strong>ex</strong></span> <span class='ocrx_word' id='word_1_825' title='bbox 935 5925 1012 5965; x_wconf 83' lang='lat' dir='ltr'><strong>set</strong></span> <span class='ocrx_word' id='word_1_826' title='bbox 1026 5927 1122 5966; x_wconf 84' lang='lat' dir='ltr'><strong>ore</strong></span> <span class='ocrx_word' id='word_1_827' title='bbox 1144 5901 1480 5966; x_wconf 55' lang='lat' dir='ltr'><strong>Ainalafre&#39;da</strong></span> <span class='ocrx_word' id='word_1_828' title='bbox 1510 5925 1695 5980; x_wconf 80' lang='lat' dir='ltr'><strong>nepos,</strong></span> <span class='ocrx_word' id='word_1_829' title='bbox 1722 5901 1949 5981; x_wconf 79' lang='lat' dir='ltr'><strong>l‘t&#39;oeop.</strong></span> <span class='ocrx_word' id='word_1_830' title='bbox 1976 5901 2070 5968; x_wconf 76' lang='lat' dir='ltr'><strong>lib.</strong></span> 
     </span>
    </p>
   </div>
   <div class='ocr_carea' id='block_1_99' title="bbox 2181 5611 3772 5685">
    <p class='ocr_par' dir='ltr' id='par_1_99' title="bbox 2181 5611 3772 5685">
     <span class='ocr_line' id='line_1_101' title="bbox 2181 5611 3772 5685; baseline 0 -15"><span class='ocrx_word' id='word_1_831' title='bbox 2181 5617 2278 5682; x_wconf 86' lang='lat' dir='ltr'><strong>vit,</strong></span> <span class='ocrx_word' id='word_1_832' title='bbox 2305 5630 2594 5685; x_wconf 84' lang='lat' dir='ltr'><strong>regemque</strong></span> <span class='ocrx_word' id='word_1_833' title='bbox 2609 5611 2728 5671; x_wconf 71' lang='lat' dir='ltr'><strong>&#39;cum</strong></span> <span class='ocrx_word' id='word_1_834' title='bbox 2747 5615 3072 5685; x_wconf 77' lang='lat' dir='ltr'><strong>adstantium</strong></span> <span class='ocrx_word' id='word_1_835' title='bbox 3095 5611 3480 5685; x_wconf 75' lang='lat' dir='ltr'><strong>acclamatione</strong></span> <span class='ocrx_word' id='word_1_836' title='bbox 3497 5622 3551 5685; x_wconf 83' lang='lat' dir='ltr'><strong>et</strong></span> <span class='ocrx_word' id='word_1_837' title='bbox 3574 5613 3772 5681; x_wconf 70' lang='lat' dir='ltr'><strong>plausu.</strong></span> 
     </span>
    </p>
   </div>
   <div class='ocr_carea' id='block_1_100' title="bbox 2181 5683 3769 5752">
    <p class='ocr_par' dir='ltr' id='par_1_100' title="bbox 2181 5683 3769 5752">
     <span class='ocr_line' id='line_1_102' title="bbox 2181 5683 3769 5752; baseline -0.004 -10"><span class='ocrx_word' id='word_1_838' title='bbox 2181 5687 2410 5742; x_wconf 88' lang='lat' dir='ltr'><strong>creavit.</strong></span> <span class='ocrx_word' id='word_1_839' title='bbox 2448 5683 2613 5752; x_wconf 75' lang='lat' dir='ltr'><strong>l’lin.,</strong></span> <span class='ocrx_word' id='word_1_840' title='bbox 2660 5688 2753 5743; x_wconf 88' lang='lat' dir='ltr'><strong>lib.</strong></span> <span class='ocrx_word' id='word_1_841' title='bbox 2787 5701 2916 5749; x_wconf 63' lang='grc' dir='ltr'>χιιι,</span> <span class='ocrx_word' id='word_1_842' title='bbox 2960 5683 3190 5739; x_wconf 89' lang='lat' dir='ltr'><strong>Coccum</strong></span> <span class='ocrx_word' id='word_1_843' title='bbox 3223 5683 3578 5752; x_wconf 89' lang='lat' dir='ltr'><strong>imperatoriis</strong></span> <span class='ocrx_word' id='word_1_844' title='bbox 3617 5684 3769 5738; x_wconf 80' lang='lat' dir='ltr'><strong>dica-</strong></span> 
     </span>
    </p>
   </div>
   <div class='ocr_carea' id='block_1_101' title="bbox 2183 5751 3775 5832">
    <p class='ocr_par' dir='ltr' id='par_1_101' title="bbox 2183 5751 3775 5832">
     <span class='ocr_line' id='line_1_103' title="bbox 2183 5751 3775 5832; baseline -0.003 -22"><span class='ocrx_word' id='word_1_845' title='bbox 2183 5766 2296 5810; x_wconf 88' lang='lat' dir='ltr'><strong>tum</strong></span> <span class='ocrx_word' id='word_1_846' title='bbox 2327 5751 2954 5832; x_wconf 70' lang='lat' dir='ltr'><strong>paludatncntisscribit;</strong></span> <span class='ocrx_word' id='word_1_847' title='bbox 2985 5768 3092 5832; x_wconf 76' lang='lat' dir='ltr'><strong>qua</strong></span> <span class='ocrx_word' id='word_1_848' title='bbox 3111 5760 3258 5832; x_wconf 56' lang='lat' dir='ltr'><strong>veste</strong></span> <span class='ocrx_word' id='word_1_849' title='bbox 3287 5759 3342 5806; x_wconf 91' lang='lat' dir='ltr'><strong>et</strong></span> <span class='ocrx_word' id='word_1_850' title='bbox 3369 5751 3534 5832; x_wconf 47' lang='lat' dir='ltr'><strong>duc-gs</strong></span> <span class='ocrx_word' id='word_1_851' title='bbox 3562 5754 3775 5808; x_wconf 81' lang='lat' dir='ltr'><strong>exerci-</strong></span> 
     </span>
    </p>
   </div>
   <div class='ocr_carea' id='block_1_102' title="bbox 2183 5819 3698 5896">
    <p class='ocr_par' dir='ltr' id='par_1_102' title="bbox 2183 5819 3698 5896">
     <span class='ocr_line' id='line_1_104' title="bbox 2183 5819 3698 5896; baseline -0.005 -13"><span class='ocrx_word' id='word_1_852' title='bbox 2183 5819 2344 5883; x_wconf 62' lang='lat' dir='ltr'><strong>tuutn&#39;</strong></span> <span class='ocrx_word' id='word_1_853' title='bbox 2363 5827 2514 5896; x_wconf 88' lang='lat' dir='ltr'><strong>prius</strong></span> <span class='ocrx_word' id='word_1_854' title='bbox 2539 5843 2667 5885; x_wconf 90' lang='lat' dir='ltr'><strong>usos</strong></span> <span class='ocrx_word' id='word_1_855' title='bbox 2697 5819 3020 5884; x_wconf 76' lang='lat' dir='ltr'><strong>Plutarchus</strong></span> <span class='ocrx_word' id='word_1_856' title='bbox 3039 5823 3093 5879; x_wconf 89' lang='lat' dir='ltr'><strong>in</strong></span> <span class='ocrx_word' id='word_1_857' title='bbox 3111 5821 3306 5879; x_wconf 86' lang='lat' dir='ltr'><strong>Crasso</strong></span> <span class='ocrx_word' id='word_1_858' title='bbox 3335 5821 3428 5876; x_wconf 88' lang='lat' dir='ltr'><strong>ait.</strong></span> <span class='ocrx_word' id='word_1_859' title='bbox 3461 5819 3698 5877; x_wconf 72' lang='lat' dir='ltr'><strong>Foussa.</strong></span> 
     </span>
    </p>
   </div>
  </div>
