3960 6384
99 437 203 495 797

1393 431 1758 493 VARIARUM
1800 429 2004 488 LIBER
2041 432 2110 488 Χ.

3305 437 3414 497 798

102 551 263 616 sumi,
289 551 525 622 quando
549 559 602 608 et
629 566 729 609 nos
754 567 855 624 pro
883 551 1147 610 desiderio
1175 559 1357 609 vestro
1385 552 1438 606 in
1469 551 1554 608 his
1579 561 1719 620 quos
1747 550 1794 604 A
1823 551 1882 599 ut
1906 559 2011 600 non
2032 543 2283 601 maeroris
2303 543 2384 599 sui
2405 557 2620 612 causas,
2641 541 2738 600 sed
2761 551 2935 600 vestra
2952 544 3134 616 potius
3155 559 3413 616 augmen-

100 644 544 701 eommendastis
572 646 698 701 talia
739 646 964 704 facimus
989 646 1167 718 qualia
1207 661 1308 704 vos
1347 659 1594 717 sperasse
1620 659 1716 702 co-

103 749 420 806 gnovrmus.
687 756 690 759 ·

699 869 1032 926 EPISTULA
1068 869 1134 926 Il.

285 976 608 1017 JUS'I'INMO
633 977 957 1018 IIPEIIATOIII
986 975 1369 1017 TBEODAHADUS
1397 975 1524 1015 REX.

111 1049 401 1122 Signiﬁcat
427 1067 493 1106 se
533 1051 596 1104 ab
625 1051 1004 1106 Amalastmtha
1029 1053 1083 1106 in
1111 1053 1307 1107 socium
1338 1051 1485 1122 regni
1513 1065 1719 1106 assum-

400 1130 586 1190 ptum,
616 1132 666 1174 et
694 1124 819 1192 petit
849 1131 906 1175 ut
925 1122 1126 1193 judicio
1150 1137 1244 1176 suo
1273 1122 1465 1193 faveat.

179 1231 350 1288 Novis
379 1233 606 1302 regibus
647 1249 768 1290 mos
787 1242 871 1289 est
915 1243 942 1272 ι
973 1249 1072 1305 per
1108 1234 1347 1290 diversas
1371 1239 1560 1304 gentes
1587 1245 1720 1303 pro-

113 1333 304 1381 vectus
355 1325 448 1380 sui
503 1325 697 1394 gaudia
727 1325 1007 1390 nuntiare,
1049 1334 1111 1380 ut
1137 1325 1421 1396 acquirant
1465 1323 1718 1379 aﬂ'ectum

115 1414 380 1485 principis
400 1415 618 1470 externi
633 1415 703 1470 de
721 1415 836 1486 ipsa
860 1415 1244 1471 communione
1263 1413 1542 1484 regnandi.
1565 1411 1722 1480 Quod

117 1508 338 1564 facienti
387 1507 548 1574 mihi,
580 1507 820 1578 piissime
859 1507 1177 1578 imperator,
1204 1507 1376 1562 multo
1405 1506 1598 1561 melius
1625 1503 1719 1559 Di-

114 1597 237 1652 vina
266 1597 584 1653 tribuerunt
614 1615 629 1651 :
660 1597 913 1667 quoniam
965 1605 1196 1654 vestram
1223 1597 1451 1666 gratiam
1499 1609 1723 1652 securus

117 1697 339 1760 expeto,
371 1703 544 1758 quam
585 1687 1138 1759 praecellentissimam
1179 1687 1433 1744 domnam
1477 1701 1720 1744 sororem

120 1787 369 1837 nostram
398 1778 560 1834 vobis
591 1779 859 1850 pepigisse
884 1792 1178 1848 cognosco.
1209 1777 1292 1834 Ab
1319 1777 1436 1847 ejus
1464 1777 1610 1832 enim
1632 1775 1723 1846 ju-

117 1872 261 1928 dicio
303 1887 396 1932 me
455 1871 766 1927 nullatenus
803 1865 1021 1926 deviare
1061 1870 1422 1926 certissimum
1465 1877 1568 1936 est,
1599 1883 1720 1940 quae

119 1973 266 2022 tanta
291 1965 584 2036 sapientia:
607 1965 728 2022 luce
755 1964 1093 2035 resplendet,
1137 1972 1197 2019 ut
1221 1972 1277 2020 et
1305 1963 1520 2034 propria
1550 1975 1714 2030 regna

118 2059 352 2116 mirabili
405 2058 764 2130 dispositione
803 2064 1116 2128 componat,
1160 2065 1216 2112 et
1241 2057 1560 2126 promissam
1584 2070 1718 2110 cun-

117 2149 217 2206 ctis
244 2149 486 2218 gratiam
530 2149 750 2204 robusta
780 2145 1032 2203 ﬁrmitate
1060 2146 1351 2204 custodiat.
1403 2144 1533 2200 ideo
1572 2144 1718 2199 enim

125 2255 211 2296 me
239 2252 504 2296 curarum
543 2254 763 2296 suarum
788 2239 916 2295 fecit
957 2254 1077 2295 esse
1115 2237 1344 2306 socium,
1372 2245 1637 2308 quatenus
1663 2242 1720 2291 et

121 2345 220 2401 ego
284 2331 412 2386 illos
454 2329 762 2385 desiderem
811 2329 1012 2385 habere
1060 2327 1409 2393 reverendos,
1459 2343 1594 2397 quos
1617 2327 1720 2383 sibi

123 2421 236 2490 ipsa
265 2421 396 2477 fecit
424 2436 552 2476 esse
580 2420 834 2491 paciﬁcos
861 2437 876 2474 :
911 2419 1211 2491 prudentia:
1249 2433 1360 2474 suae
1387 2433 1540 2473 more
1583 2416 1722 2486 diju-

127 2511 333 2582 dicans,
364 2520 426 2566 ut
455 2511 647 2567 talium
670 2511 936 2568 amicitias
967 2511 1208 2580 eligeret,
1239 2511 1331 2580 qui
1357 2510 1412 2565 in
1441 2517 1558 2565 toto
1587 2510 1722 2566 orbe

125 2602 296 2658 simile
311 2604 388 2658 nil
404 2604 697 2660 haberent.
719 2603 905 2674 Neque
925 2604 1068 2660 enim
1093 2619 1232 2658 nova
1249 2611 1332 2660 est
1351 2605 1449 2658 ista
1473 2603 1720 2672 dilectio;

127 2710 247 2750 nam
269 2696 316 2751 si
344 2697 699 2753 decessurum
726 2703 1036 2752 nostrorum
1057 2694 1208 2768 μη,
1231 2694 1553 2767 vestrorum]
1581 2695 1724 2750 facta

127 2788 403 2853 recolatis,
436 2787 737 2857 agnoscitis
756 2787 1042 2858 quamdam
1071 2801 1191 2843 esse
1211 2785 1619 2844 consuetudinis
1645 2786 1724 2842 les

129 2892 247 2948 gem
265 2919 280 2944 ,
309 2895 435 2936 cum
492 2879 584 2936 illo
610 2879 838 2950 imperio
894 2879 1184 2935 amicitiam
1211 2878 1237 2919 δ
1267 2879 1485 2936 Amalos
1511 2895 1726 2950 semper

132 2969 404 3026 habuisse.
439 2969 576 3037 Quae
620 2977 771 3026 tanto
812 2953 1031 3036 certior,
1062 2978 1264 3042 quanto
1289 2971 1572 3040 vetustior,
1599 2971 1726 3042 quia

133 3057 289 3116 facile
339 3060 548 3116 mutari
595 3077 704 3116 non
748 3069 930 3132 potest
962 3073 983 3101 ε
1035 3063 1176 3133 quod
1223 3063 1503 3132 perlonga
1532 3063 1725 3119 sarcula

135 3151 449 3208 custoditur.
489 3151 758 3224 Suscipite
787 3153 968 3223 itaque
1008 3152 1316 3210 aﬁ'ectuosis
1361 3155 1632 3210 mentibus
1671 3137 1734 3211 et.

137 3250 318 3298 nostra
343 3242 667 3314 primordia,
695 3251 752 3300 et
787 3243 998 3300 domnae
1026 3245 1228 3300 sororis
1255 3252 1472 3309 nostrae,
1498 3245 1582 3300 cui
1611 3245 1726 3300 sin-

136 3331 394 3398 gulariter
423 3333 672 3400 studetis,
698 3331 902 3402 judicio
930 3333 1127 3389 favete.
1150 3333 1283 3389 Nam
1305 3336 1350 3390 si
1375 3349 1460 3389 me
1484 3335 1731 3390 similiter

138 3421 382 3495 diligitis,
435 3438 622 3494 regem
650 3424 1052 3494 quodammodo
1098 3426 1300 3496 pariter
1343 3425 1575 3481 efﬁcitis.
1624 3425 1732 3481 Sed

139 3516 390 3584 quoniam
418 3532 526 3575 nos
550 3517 780 3586 amplius
807 3516 955 3586 loqui
981 3517 1244 3573 desideria
1276 3519 1531 3573 novitatis
1559 3533 1730 3589 expo-

140 3615 312 3674 scunt,
363 3617 422 3664 et
463 3608 765 3664 litterarius
811 3624 990 3664 sermo
1039 3623 1260 3664 narrare
1307 3609 1592 3680 plurimum
1623 3623 1733 3667 non

141 3698 366 3768 patitur,
412 3701 541 3756 ideo
568 3700 732 3755 tantis
777 3700 984 3756 meritis
1015 3700 1174 3771 (sicut
1202 3700 1421 3768 dignum
1449 3703 1556 3772 est)
1583 3701 1734 3757 salu-

146 3788 364 3846 tationis
391 3791 606 3848 honore
629 3791 926 3861 completo,
949 3791 1140 3848 harum
1169 3791 1520 3862 portitoribus
1547 3792 1736 3861 legatis

145 3881 346 3935 nostris
369 3880 552 3950 aliqua
582 3881 769 3951 pietati
799 3891 990 3938 vestra:
1016 3882 1378 3950 delegavimus
1406 3883 1735 3954 intimanda,

148 3967 270 4038 quia
300 3986 464 4028 nemo
495 3972 678 4028 utilius
708 3981 906 4029 tractat
950 3989 1114 4043 quam
1141 3975 1235 4044 qui
1265 3982 1457 4030 vestrae
1483 3989 1737 4032 mansue-

149 4059 315 4119 tudini
344 4065 688 4122 committere
715 4081 814 4122 sua
840 4074 966 4122 vota
995 4066 1278 4124 deliberat.

703 4196 1042 4254 EPISTOLA
1075 4199 1164 4256 Ill.

327 4301 559 4345 SBNA’I‘UI
582 4305 733 4346 UBMS
759 4306 918 4346 BOIIE
943 4307 1330 4349 AIALASUN’I'HA
1357 4310 1568 4352 BEGINA.

127 4351 444 4455 ⁸Ιὶειςιεηιὶςξι
466 4382 601 4436 sein
631 4383 926 4455 societatem
956 4384 1103 4455 regni
1121 4351 1541 4440 'Theodahadum
1557 4351 1741 4444 multis

221 4451 518 4524 virtutibus,
565 4453 728 4524 multa
773 4451 1033 4524 sapientid
1070 4465 1386 4509 exornatum
1423 4471 1660 4524 vocasse;
1691 4468 1742 4512 et

221 4521 348 4587 petit
365 4531 423 4577 ut
451 4522 550 4576 hac
572 4522 637 4576 de
659 4539 818 4578 causa
837 4521 1044 4595 ’gratias
1084 4523 1192 4580 Deo
1223 4526 1471 4596 referant.

1823 643 1878 690 ta
1904 636 2187 705 cogitaret.
2232 634 2586 714 Quaesivinnus
2610 635 2818 706 regales
2861 651 3019 691 curas
3061 651 3170 706 quo
3217 637 3418 692 solatio

1823 726 2158 782 fulciremus.
2185 725 2293 782 Sed
2321 734 2512 782 auctor
2541 726 2633 782 ille
2658 726 2924 781 castitatis
2950 733 3004 779 et
3029 725 3413 782 misericordia:

1824 819 2140 890 singularis,
2179 819 2272 890 qui
2319 818 2478 874 nobis
2520 818 2836 889 primmvum
2873 817 3248 872 subtracturus
3294 820 3414 872 erat

1823 913 2011 980 ﬁlium,
2040 912 2236 968 maturi
2265 910 2444 966 fratris
2484 910 2780 967 reservavit
2815 906 3088 964 aﬂ‘ectum.
3118 906 3409 974 Elegimus,

1822 1003 1936 1060 Deo
1965 1003 2206 1074 auspice,
2237 1009 2547 1058 consortem
2588 1000 2740 1070 regni
2771 999 3134 1054 felicissimum
3163 997 3411 1052 Theoda-

1821 1092 2019 1147 hadum
2059 1091 2222 1164 (Vide
2251 1091 2446 1146 Baron.
2477 1099 2601 1145 tom.
2635 1088 2728 1144 VII
2754 1089 2974 1156 Aunat.,
3009 1104 3132 1158 pag.
3163 1084 3322 1157 226);
3354 1094 3414 1142 ut

1819 1198 1940 1254 qua:
1967 1183 2228 1239 hactenus
2255 1181 2566 1252 reipublica:
2588 1179 2788 1235 molem
2819 1178 3057 1234 solitaria
3085 1177 3414 1246 cogitatione

1823 1273 2161 1344 pertulimus,
2195 1287 2339 1326 nunc
2375 1270 2636 1326 utilitates
2659 1269 2898 1326 omnium
2933 1267 3136 1337 junctis
3178 1265 3415 1322 consiliis

1822 1379 2216 1435 exsequamur;
2246 1371 2516 1434 quatenus
2541 1362 2596 1417 in
2622 1361 2940 1417 tractatibus
2963 1359 3092 1424 duo,
3119 1358 3174 1414 in
3195 1367 3414 1414 senten-

1821 1458 1912 1514 tiis
1949 1475 2086 1515 unus
2108 1475 2229 1516 esse
2271 1459 2570 1514 videamur.
2600 1457 2758 1514 Astra
2798 1457 2912 1528 ipsa
2939 1455 3061 1512 οωιῆ
3105 1463 3293 1510 mutuo
3321 1469 3412 1510 re-

1820 1561 2017 1627 guntur
2036 1555 2258 1622 auxilio,
2289 1562 2345 1610 et
2368 1554 2574 1610 vicario
2596 1553 2780 1608 labore
2807 1551 3125 1622 participata
3153 1549 3433 1604 mundum—

1821 1647 1934 1702 suis
1961 1645 2251 1702 luminibus
2275 1644 2679 1700 administrant.
2707 1641 2811 1713 Ipsi
2841 1655 3058 1712 quoque
3086 1638 3292 1695 homini
3314 1637 3413 1692 du-

1821 1738 1990 1810 plices
2017 1752 2239 1802 manus,
2286 1735 2460 1792 socias
2490 1749 2677 1797 aures,
2723 1732 2912 1788 oculos
2953 1730 3196 1800 geminos
3226 1727 3413 1782 Divina

1825 1829 2167 1894 tribuerunt;
2214 1834 2275 1882 ut
2321 1825 2599 1882 robustius
2626 1831 2978 1895 perageretur
3003 1819 3238 1876 ofﬁcium
3268 1817 3416 1888 quod

1749 1909 1796 1974 Β
1822 1917 2051 1974 duorum
2101 1917 2280 1972 fuerat
2331 1915 2594 1972 societate
2643 1911 3044 1984 complendum.
3094 1908 3370 1965 Exsultate
3394 1948 3413 1977 ,

1818 2013 2001 2077 patres
2025 2006 2342 2076 conscripti,
2386 2013 2443 2061 ct
2471 2004 2669 2060 factum
2717 2011 2964 2060 nostrum
2991 2001 3238 2072 supernis
3263 2015 3415 2056 com-

1818 2095 2072 2152 mendate
2093 2097 2398 2152 virtutibus.
2429 2095 2566 2151 Nihil
2591 2095 3017 2166 reprehensibile
3043 2093 3412 2150 desideramus

1819 2201 2010 2255 agere,
2041 2191 2161 2256 qua:
2206 2202 2327 2242 cum
2368 2185 2594 2242 consilio
2621 2185 2844 2240 alterius
2881 2193 3076 2240 cuncta
3114 2182 3412 2251 delegimus

1820 2277 2090 2333 ordinare.
2122 2277 2446 2332 Communia
2488 2277 2754 2347 siquidem
2789 2275 2941 2345 regni
2977 2289 3158 2330 mores
3195 2274 3407 2337 asserit,

1819 2368 2037 2438 quando
2068 2369 2352 2439 placabilis
2389 2383 2510 2424 esse
2532 2367 2690 2438 .juste
2718 2368 2976 2435 creditur,
3004 2367 3094 2437 qui
3125 2367 3411 2438 potestatis

1821 2476 1932 2516 suae
1978 2460 2178 2516 habere
2217 2460 2535 2532 participem
2581 2459 2984 2530 comprobatur.
3034 2457 3411 2514 Reseravimus

1823 2551 2031 2622 itaque,
2062 2550 2175 2606 Deo
2195 2551 2448 2622 juvante,
2477 2550 2676 2622 palatia
2703 2551 2823 2605 viro
2849 2549 3018 2606 nostri
3046 2548 3262 2618 generis
3300 2547 3412 2604 cla-

1822 2645 1986 2700 ritate
2025 2643 2320 2714 conspicuo
2341 2685 2358 2713 ,
2405 2643 2496 2714 qui
2528 2643 2840 2699 Amalorum
2867 2643 3038 2714 stirpe
3075 2641 3409 2712 progenitus,

1823 2734 2058 2804 regalem
2107 2733 2308 2788 habeat
2350 2734 2404 2788 in
2458 2733 2671 2790 actibus
2717 2734 3031 2804 dignitatem
3061 2750 3074 2786 :
3104 2733 3316 2803 patiens
3359 2731 3414 2787 in

1825 2825 2088 2894 adversis,
2117 2825 2432 2880 moderatus
2461 2826 2516 2881 in
2545 2825 2858 2897 prosperis;
2887 2834 2964 2892 et,
2992 2824 3137 2896 quod
3163 2823 3414 2880 difﬁcilli-

1825 2932 1972 2972 mum
2002 2918 2289 2987 potestatis
2327 2930 2496 2986 genus
2525 2926 2631 2986 est,
2661 2919 2792 2973 olim
2830 2926 3013 2973 rector
3035 2916 3140 2973 sui.
3173 2916 3416 2972 Accessit

1825 3007 1910 3062 his
1931 3008 2087 3062 bonis
2113 3007 2484 3066 desiderabilis
2527 3009 2759 3064 eruditio
2806 3009 3130 3074 litterarum,
3183 3025 3304 3080 qua:
3327 3024 3421 3064 na-

1827 3108 2001 3154 turam
2024 3097 2346 3154 laudabilem
2368 3100 2564 3154 eximie
2585 3096 3080 3155 redditornatamd.
3095 3098 3172 3153 lbi
3186 3100 3421 3170 prudens

1830 3189 2060 3253 invenit,
2113 3189 2253 3244 unde
2297 3190 2595 3258 sapientior
2645 3189 2772 3255 ﬁat;
2823 3191 2894 3245 ibi
2936 3190 3169 3246 bellator
3196 3192 3418 3262 reperit,

1755 3293 1802 3358 ρ
1833 3281 1974 3335 unde
2004 3281 2167 3335 animi
2196 3282 2396 3338 virtute
2423 3282 2710 3337 roboretur
2738 3299 2752 3336 :
2781 3281 2906 3337 inde
2932 3283 3182 3354 princeps
3226 3284 3422 3353 accipit

1835 3369 2288 3438 quemadmodum
2342 3371 2572 3442 populos
2617 3370 2717 3428 sub
2757 3371 3066 3443 tequalitate
3093 3383 3420 3443 componat;

1837 3475 1938 3516 nec
1961 3460 2142 3531 aliqua
2171 3461 2224 3516 in
2251 3461 2454 3518 mundo
2477 3469 2655 3531 potest
2681 3477 2800 3519 esse
2824 3462 3056 3528 fortuna,
3087 3478 3250 3533 quam
3279 3464 3425 3520 litte-

1836 3566 2018 3606 rarum
2064 3567 2170 3605 non
2217 3559 2411 3620 augeat
2455 3551 2690 3622 gloriosa
2747 3552 2964 3608 notitia.
3012 3551 3256 3623 Accipite
3281 3553 3424 3624 quod

1837 3637 2014 3709 majus
2041 3639 2408 3707 generalitatis
2436 3649 2562 3695 vota
2589 3650 2926 3698 meruerunt.
2972 3641 3223 3712 Princeps
3247 3651 3427 3698 vester

1839 3728 2001 3810 etiam
2035 3729 2419 3785 ecclesiasticis
2447 3739 2531 3785 est
2561 3730 2756 3784 litteris
2802 3730 3045 3787 eruditus
3077 3742 3100 3770 ε
3128 3749 3142 3786 :
3174 3747 3203 3786 a
3232 3733 3428 3802 quibus

1835 3835 2051 3891 semper
2072 3818 2328 3890 quidquid
2351 3827 2432 3874 est
2460 3834 2560 3889 pro
2590 3819 2808 3877 homine
2837 3820 2995 3902 [Ed.,.
3019 3821 3247 3894 honore]
3276 3839 3428 3878 com-

1834 3926 2117 3966 monemur
2147 3929 2157 3962 :
2185 3910 2428 3980 judicare
2459 3918 2628 3976 recte,
2657 3913 2855 3966 bonum
2893 3928 3107 3982 sapere,
3137 3913 3316 3991 divina
3342 3931 3429 3970 ve-

1835 4003 2040 4071 nerari,
2073 4000 2249 4056 futura
2279 4002 2520 4071 cogitare
2561 4001 2784 4073 judicia.
2828 4001 3060 4058 Necesse
3089 4011 3172 4059 est
3195 4004 3337 4058 enim
3369 4013 3428 4059 ut

1836 4101 2090 4165 sequatur
2125 4091 2346 4163 justitiae
2390 4093 2708 4162 vestigium,
2753 4094 2844 4165 qui
2895 4094 2964 4149 de
3011 4110 3108 4150 sua
3157 4095 3426 4150 sententia

1840 4201 2060 4242 causam
2087 4200 2146 4240 se
2174 4184 2344 4241 credit
2372 4199 2492 4256 esse
2532 4185 2823 4243 dicturum.
2854 4185 3090 4241 Viderim
3117 4202 3236 4256 quae
3265 4187 3428 4242 lectio

1843 4287 2004 4335 acuat
2024 4279 2318 4348 ingenium,
2348 4277 2528 4334 divina
2557 4294 2780 4349 sempen
2797 4279 3012 4335 efﬁcere
3040 4279 3230 4334 nititur
3255 4279 3426 4349 pium.

1847 4369 2136 4429 Veniamus
2163 4369 2230 4426 ad
2256 4369 2402 4424 illam
2423 4371 2644 4442 privatae
2664 4369 2914 4427 Ecclesiae
2937 4370 3292 4440 largissimam
3321 4371 3432 4426 fru-

1841 4462 2152 4532 galitatem,
2201 4477 2322 4533 qua:
2350 4469 2556 4518 tantam
2601 4462 2930 4534 procurabat
2970 4461 3125 4517 donis
3151 4461 3434 4517 abundan-

1843 4553 1972 4608 tiam
1989 4593 2005 4616 ,
2037 4553 2297 4609 conviviis
2317 4553 2528 4624 copiam
2545 4593 2560 4616 ,
2607 4561 2668 4608 ut
2696 4553 3038 4609 considerato
3062 4551 3179 4623 ejus
3205 4553 3431 4622 antiquo

225 4627 356 4687 Post
383 4632 620 4690 ﬂebilem
661 4632 756 4692 ﬁlii
797 4637 970 4692 nostri
998 4637 1136 4692 diva:
1159 4637 1549 4695 recordationis
1576 4655 1738 4698 occa-
1763 4660 1819 4720 D
1839 4645 2018 4704 studio
2049 4645 2180 4699 nihil
2207 4646 2331 4700 novi
2355 4646 2558 4702 habere
2577 4645 2823 4700 videatur
2849 4645 2902 4700 in
2933 4659 3120 4714 regno.
3147 4641 3206 4699 In
3247 4645 3435 4715 hospi-

158 4731 296 4792 tum,
315 4725 447 4782 vicit
473 4725 711 4782 animum
747 4729 854 4799 pia:
875 4729 1064 4786 matris
1089 4729 1452 4799 generalitatis
1477 4729 1688 4791 aﬂectio
1713 4752 1728 4803 ;

233 4955 272 5020 ιι-
297 4945 453 5020 Hunc
491 4965 699 5006 morem
744 4957 975 5006 testatur
1019 4951 1058 5007 Ι.
1105 4951 1232 5020 ult.,
1281 4949 1362 5005 tit.
1395 4951 1516 5018 ult.,
1544 4951 1640 5008 lib.
1670 4969 1748 5008 xu

163 5017 300 5100 God.
330 5017 709 5100 Philostratus,
737 5021 841 5100 lib._
863 5037 892 5074 v
917 5021 984 5100 de
1013 5008 1284 5100 Apollonii
1311 5019 1454 5088 Vita,
1485 5008 1552 5080 de
1577 5022 1749 5100 Nero:

163 5091 247 5166 nis
287 5091 632 5166 in__canendor
651 5091 900 5166 victoria,
931 5091 1197 5166 ιήᾳγγὶλια
1219 5095 1382 5166 96:11;
1413 5109 1668 5166 eo_sensu
1695 5096 1744 5166 ρὶ

165 5159 550 5233 inminutas:
579 5165 674 5233 τὰς·
705 5165 933 5233 χᾴριτας
961 5159 1214 5233 dicuntur
1249 5176 1280 5216 a
1321 5161 1664 5219 Theodoreto
1693 5163 1748 5220 in

165 5222 461 5296 Epistolam
490 5222 746 5291 Pauli—ad
759 5222 1049 5287 Romanos.
1077 5231 1245 5286 Fons.

237 5294 265 5378 ξ’
289 5295 538 5378 Epistoli
552 5301 649 5356 ult.
678 5301 772 5359 lib.
803 5301 1128 5374 superioris;
1160 5303 1251 5356 lib.
1277 5317 1390 5368 \‘lll,
1419 5303 1575 5374 epist.
1609 5299 1661 5370 5,
1694 5310 1750 5358 et

169 5369 798 5518 fpﬁféesfégaﬁebet,
828 5441 866 5496 ι.
909 5439 1128 5518 32,1»
1165 5439 1374 5518 quibus;
1406 5441 1454 5518 ιι.Δ
1488 5457 1647 5518 seq._,_
1675 5440 1751 5497 De

174 5503 390 5587 (sgittas.
438 5510 584 5587 Nam_
619 5511 672 5587 in
716 5503 878 5567 rebus
916 5503 1070 5587 novis
1097 5503 1486 5587 constituendis
1531 5503 1752 5587 evidens

173 5575 378 5636 utilitas
405 5595 526 5636 esse
553 5580 731 5646 debet,
763 5590 822 5636 ut
848 5582 1134 5652 recedatur
1157 5583 1224 5637 ab
1253 5597 1320 5636 eo
1339 5581 1460 5649 jure
1486 5582 1630 5652 quod
1657 5581 1748 5637 diu

174 5657 384 5726 aequum
420 5653 748 5726 visum_est,
779 5653 816 5726 l.
848 5650 900 5715 2,
931 5651 1012 5706 De
1052 5661 1216 5726 canat.
1262 5650 1752 5726 princip._'Concilii

176 5710 372 5796 Νἱξωυὶ
418 5735 538 5844 cap.
597 5720 630 5775 6
675 5739 688 5775 :
851 5710 1057 5798 ᾁρχαῖα
1101 5722 1186 5782 ἔθη
1228 5710 1469 5800 altaalta.
1486 5721 1751 5778 Locorum

177 5792 307 5840 satis
332 5797 459 5844 nota
508 5804 596 5844 ex.
625 5789 793 5844 Fonu.

177 5789 307 5840 satis
332 5797 459 5845 uota
487 5789 596 5845 lex.
625 5789 793 5847 Fons.

247 5853 356 5929 t{lu
379 5861 671 5929 consilium
711 5861 944 5915 libenter
987 5859 1303 5916 admittendi
1339 5870 1465 5916 sunt
1502 5861 1747 5929 litterati,

185 5922 278 5980 sed
301 5927 392 5996 qui
433 5945 541 5987 non
584 5929 691 5986 sint
738 5931 840 5986 hoc
881 5939 1086 5988 tantum
1126 5946 1349 5992 munere
1379 5932 1614 6003 praediti;
1663 5922 1746 5988 eti

1838 4735 2044 4792 talitate
2071 4743 2372 4807 promptus,
2405 4736 2461 4792 in
2501 4736 2848 4792 miseratione
2870 4735 3176 4815 piissimus;
3206 4735 3284 4792 sic
3310 4751 3433 4793 cum

1853 4956 1997 5029 enim
2026 4959 2118 5029 qui
2142 4957 2258 5029 sola
2286 4964 2343 5013 et
2372 4958 2513 5029 nuda
2550 4956 2650 5029 ista
2689 4955 3006 5029 litterarum
3037 4957 3347 5027 cognitione
3375 4975 3436 5016 se

1845 5025 2078 5096 jactant,
2118 5028 2276 5084 valde
2319 5027 2614 5098 repellendi
2661 5036 2808 5094 sunt,
2843 5043 2947 5083 nec
2976 5025 3273 5084 doctissimi
3317 5029 3438 5098 ple-

1851 5113 2078 5167 rumque
2117 5113 2332 5168 semper
2367 5099 2436 5154 ad
2482 5098 2868 5168 rempublicam
2914 5099 3046 5168 apti.
3092 5098 3324 5154 Necesse
3351 5108 3439 5154 est

1851 5168 2030 5222 adsint
2053 5169 2168 5222 alim
2189 5169 2351 5222 animi
2379 5169 2556 5236 dotes,
2580 5183 2792 5238 nempe,
2824 5177 2883 5222 ut
2910 5171 3020 5224 sint
3045 5169 3156 5236 lidi,
3183 5169 3296 5224 sive
3325 5169 3436 5225 vita

1851 5239 2028 5308 probi,
2066 5238 2358 5308 prudentes
2394 5239 2644 5293 universe
2689 5247 2744 5293 et
2771 5239 3042 5303 distincte,
3085 5248 3246 5294 aetate
3273 5253 3438 5306 gran-

1853 5307 1969 5375 des,
1999 5308 2180 5378 sortis
2201 5309 2474 5378 utriusque
2503 5308 2689 5378 gnari;
2730 5319 2786 5364 et
2823 5318 2886 5363 ut
2917 5309 3249 5365 Mithridates
3273 5310 3341 5364 de
3375 5325 3436 5366 se

1857 5378 1933 5432 ait
1963 5397 1974 5431 :
2003 5379 2127 5433 Mihi
2156 5375 2403 5442 fortuna;
2421 5375 2604 5434 multis
2632 5380 2796 5434 rebus
2839 5381 3061 5446 ereptis,
3103 5395 3260 5436 usum
3285 5380 3438 5436 dedit

1856 5447 1994 5504 bene
2022 5447 2299 5503 suadendi.
2330 5447 2516 5503 Bnoss.
2723 5452 2728 5460 ’
2909 5447 2951 5506 κ’

1933 5529 1955 5558 ο
1980 5517 2233 5588 Procop.,
2267 5518 2360 5573 lib.
2387 5535 2424 5584 ι,
2449 5517 2636 5588 scribit
2664 5517 3022 5583 Theodatum,
3064 5535 3160 5576 seu
3182 5520 3434 5576 Theoda-

1857 5589 2075 5654 hadum,
2123 5587 2420 5642 litterarum
2455 5587 2760 5642 Latinarum
2809 5597 2865 5644 et
2907 5589 3304 5646 Platonicorum
3335 5590 3436 5644 do-

1857 5668 2096 5726 gmatum
2123 5660 2353 5728 peritum
2385 5657 2580 5722 fuisse;
2630 5659 2830 5712 nullam
2861 5661 3146 5728 theologia:
3170 5659 3434 5728 cognitio-

1858 5745 1982 5783 nem
2015 5729 2228 5794 tribuit;
2258 5729 2551 5800 disciplinae
2578 5729 2825 5800 militaris
2853 5738 3148 5799 expertem,
3178 5739 3234 5784 et
3254 5744 3434 5800 pecu-

1855 5801 2063 5855 niarum
2096 5799 2465 5872 cogendan
2503 5809 2560 5856 et
2585 5799 2982 5872 possessionum
3027 5799 3438 5856 accumulanda-

1856 5885 1974 5926 rum
2003 5869 2322 5932 studiosum.
2353 5869 2521 5931 Fons.
