3960 6444
459 489 565 544 799

1671 479 1742 535 Μ.
1782 474 2061 533 AUREIJI
2094 471 2499 535 CASSIODOBI

3640 472 3793 533 800

458 602 625 654 multa
654 596 1004 670 expenderet,
1025 612 1221 655 census
1240 594 1357 666 ejus
1376 593 1587 651 caelesti
1615 589 2054 671 remuneratione
2085 594 2131 652 Α
2158 598 2375 661 quatur.
2423 586 2542 646 Non
2570 584 2833 645 dubitavit
2868 593 3148 658 parentem
3189 589 3340 661 prius
3379 588 3490 661 juri
3528 589 3794 662 publico

458 689 753 744 crescebat.
805 686 990 744 Talem
1018 687 1341 743 universitas
1367 684 1553 740 debuit
1579 690 1770 753 optare
1787 720 1804 747 ,
1834 680 2051 750 qualem

460 794 559 835 nos
586 779 877 850 probamur
904 778 1161 848 elegisse;
1192 777 1286 848 qui
1331 773 1723 830 rationabiliter
1763 770 2056 841 disponens

457 870 698 941 propria,
726 884 834 924 non
861 876 1081 939 appetat
1109 866 1303 922 aliena.
1330 864 1563 920 Tollitur
1590 863 1735 917 enim
1765 859 2057 916 necessitas

459 958 797 1029 principibus
843 956 1169 1027 excedendi,
1217 955 1433 1026 quoties
1479 952 1813 1009 assueverint
1839 947 2056 1023 propria

460 1047 749 1103 moderari.
763 1046 996 1102 Laudata
1008 1050 1049 1118 ι
1058 1044 1166 1117 59
1177 1045 1427 1101 nimirum
1440 1043 1726 1109 sententia,
1742 1057 1863 1114 quae
1875 1053 2058 1097 rerum

463 1137 713 1206 pmcipit
741 1137 983 1206 modum,
1008 1138 1133 1208 quia
1156 1136 1380 1192 nimium
1402 1151 1509 1191 non
1534 1134 1713 1205 placet
1732 1134 1892 1190 etiam
1914 1132 2059 1202 quod

464 1225 666 1282 bonum
707 1235 946 1297 putatur.
977 1226 1218 1283 Gaudete
1247 1242 1421 1295 nunc,
1449 1233 1633 1297 patres
1661 1223 1968 1296 conscripti,
2002 1224 2087 1278 et

468 1332 716 1386 supernae
761 1318 942 1388 gratiae
973 1334 1070 1389 pro
1115 1320 1268 1374 nobis
1314 1326 1439 1374 vota
1477 1316 1795 1389 persolvite,
1842 1315 2058 1386 quando

476 1405 637 1462 talem
683 1423 891 1464 mecum
918 1408 1171 1465 constitui
1216 1408 1534 1480 principem,
1566 1408 1658 1478 qui
1685 1414 1734 1464 ei
1779 1406 1847 1463 de
1875 1412 2060 1462 nostra

465 1499 721 1569 aequitate
740 1498 881 1555 bona
905 1500 1149 1557 faciendo
1172 1498 1388 1571 pmpria
1411 1514 1520 1555 suae
1540 1497 1758 1571 pietatis
1787 1495 2056 1553 ostendat.

470 1585 633 1644 llunc'
651 1588 793 1643 enim
833 1596 889 1644 et
914 1588 1177 1658 majorum
1223 1603 1443 1644 suorum
1469 1594 1495 1625 ι
1524 1595 1833 1645 οοωηιοιτθι
1854 1586 2058 1653 virtus,

474 1685 531 1732 et
560 1674 588 1715 ι’
623 1679 919 1747 avunculus
940 1677 1234 1736 efﬁcaciter
1261 1680 1463 1736 excitat
1489 1675 1881 1735 Theodericus.

1037 1808 1372 1867 EPISTOLA
1406 1809 1498 1867 IV.

688 1936 916 1979 πκλτυι
936 1936 1086 1979 ῦιιιιε
1115 1938 1275 1978 ΒΟΙΒ
1308 1936 1696 1978 TEBODAIIADUS
1718 1936 1843 1976 κει.
1927 1940 1944 1955 ⁶

472 2032 670 2087 Scribit
696 2046 751 2087 ac
776 2032 842 2087 ab
862 2032 1263 2095 Amalasuutka,
1291 2046 1406 2095 qua:
1433 2030 1607 2085 multis
1635 2030 1873 2085 laudibus
1895 2028 2062 2085 extol-

689 2104 845 2169 litur,
875 2103 946 2157 ad
971 2104 1271 2159 societatem
1297 2102 1501 2173 imperii
1523 2107 1836 2171 provectam.
1906 2122 1921 2135 -

542 2215 729 2270 Divina
759 2214 914 2271 nobis
939 2214 1201 2270 beneiicia
1227 2254 1244 2281 ,
1296 2220 1477 2283 patres
1504 2210 1797 2282 conscripti
1820 2254 1836 2281 ,
1865 2224 2064 2283 prove-

474 2308 620 2365 uisse
647 2306 875 2362 feliciter
900 2305 1225 2370 nuntiamus,
1254 2303 1525 2359 dominam
1551 2316 1754 2367 rerum,
1787 2308 1905 2359 toto
1927 2304 2064 2360 orbe

471 2398 758 2469 gloriosam
784 2437 800 2466 ,
840 2403 1148 2453 consortem
1174 2409 1264 2450 me
1290 2394 1441 2464 regni
1469 2393 1554 2450 sui
1580 2394 1725 2463 larga
1747 2393 1953 2463 pietate
1978 2390 2061 2450 ie-

472 2494 612 2548 cisse
630 2509 646 2559 ;
666 2496 727 2546 ut
750 2504 850 2546 nec
871 2489 944 2544 illi
971 2488 1181 2544 deesset
1207 2486 1363 2542 ildele
1383 2476 1655 2555 solatium,
1685 2492 1742 2542 et
1764 2486 1918 2542 nobis
1945 2485 2063 2541 avi-

475 2589 590 2636 tum
618 2592 856 2649 congrue
883 2585 1224 2650 praestaretur
1244 2577 1547 2648 imperium.
1574 2576 1910 2647 Suscipiatur
1935 2586 2059 2645 gra-

480 2672 684 2728 tissime
711 2670 856 2742 quod
890 2670 1294 2740 generalitatem
1323 2675 1535 2725 constat
1560 2674 1773 2738 optasse
1801 2666 1940 2741 [Ac.,
1969 2681 2062 2723 or-

478 2764 682 2835 nasse].
714 2763 1046 2819 Beserentur
1082 2775 1225 2816 nunc
1244 2759 1361 2815 sine
1386 2764 1533 2813 metu
1556 2764 1685 2813 vota
1712 2765 2060 2823 cunctorum;

477 2861 539 2908 ut
561 2851 702 2909 unde
740 2852 1035 2924 periculum
1073 2849 1302 2922 pertuli,
1344 2847 1471 2904 inde
1512 2861 1601 2904 me
1627 2847 1950 2904 universitas
1973 2863 2067 2903 co-

478 2950 706 3015 gnoscat
726 2944 925 3000 ornari.
956 2942 1376 3013 Praesumpsistis
1392 2940 1537 2996 enim
1559 2954 1648 2997 me
1671 2938 1947 2997 inconscio
1971 2954 2065 2999 su-

480 3046 698 3089 surrare
719 3073 734 3099 ,
762 3033 913 3103 quod.
928 3033 1102 3104 palam
1130 3046 1236 3088 non
1259 3031 1518 3103 poteratis
1555 3043 1850 3088 assumere.
1881 3032 2066 3100 Quan-

472 3131 601 3177 tum
629 3122 784 3179 vobis
806 3121 1029 3178 debeam
1068 3122 1194 3178 hinc
1217 3122 1377 3178 datur
1404 3122 1628 3192 intelligi
1648 3161 1666 3189 ,
1693 3131 1755 3178 ut
1780 3122 1913 3179 illud
1938 3122 2068 3178 mibi

484 3210 813 3270 festinaretis
837 3211 1091 3269 divinitus
1111 3214 1351 3283 evenire,
1381 3213 1527 3283 quod
1556 3229 1707 3270 meus
1727 3215 1939 3271 animus
1960 3227 2069 3271 non

2157 680 2409 761 subdere,
2439 694 2598 750 quem
2625 679 2785 750 paulo
2804 687 2931 750 post
2954 677 3124 735 voluit
3152 680 3284 751 ipsis
3304 695 3520 754 quoque
3537 680 3796 751 legibus

2158 771 2446 828 anteferre.
2489 771 2805 842 Exploravit
2849 771 3234 827 conscientiam
3258 814 3274 839 ,
3317 773 3405 829 cui
3434 781 3551 828 erat
3589 770 3795 839 regni

2159 862 2421 919 traditura
2449 878 2731 923 censuram
2757 878 2775 930 ;
2804 870 2938 919 utet
2963 862 3054 918 illa
3081 863 3298 918 domina
3326 870 3797 932 cognosceretur

2158 969 2280 1010 esse
2299 962 2636 1022 cunctorum,
2664 962 2721 1010 et
2748 968 2836 1010 me
2862 953 3146 1025 probatum
3176 953 3471 1025 perducere
3494 953 3654 1022 digna
3664 966 3795 1007 re-

2160 1053 2249 1101 tur
2281 1044 2350 1100 ad
2377 1059 2621 1115 regnum.
2653 1044 2883 1112 Quando
2911 1044 2997 1101 his
3023 1044 3365 1113 muneribus,
3391 1043 3608 1115 quando
3629 1043 3791 1099 sol—

2159 1151 2347 1192 vamus
2375 1144 2535 1191 tanta:
2560 1137 2744 1206 gratim
2763 1150 2884 1205 qua:
2909 1136 3198 1204 debemus;
3228 1145 3289 1191 ut
3314 1150 3435 1206 quae
3469 1151 3590 1192 cum
3618 1149 3790 1206 par-—

2158 1226 2286 1282 vulo
2313 1224 2421 1282 ﬁlio
2448 1227 2734 1299 imperavit
2768 1226 2905 1294 sola,
2948 1242 3093 1284 nunc
3121 1239 3333 1283 mecum
3359 1226 3623 1295 delegerit
3658 1240 3789 1281 re-

2158 1330 2324 1388 gnare
2349 1318 2594 1375 sociata?
2620 1318 2679 1373 in
2705 1318 2818 1389 ipsa
2840 1326 2925 1389 est
2949 1319 3095 1375 enim
3121 1319 3288 1375 decus
3307 1332 3595 1387 regnorum
3620 1330 3787 1374 om-

2160 1411 2330 1479 nium,
2359 1412 2413 1467 in
2433 1411 2549 1482 ipsa
2570 1421 2769 1469 nostra:
2794 1413 3018 1483 originis
3043 1413 3143 1469 llos
3159 1414 3443 1469 bonorum.
3475 1410 3792 1481 Quidquid

2160 1500 2443 1573 fuigemus,
2470 1502 2539 1558 ab
2566 1502 2684 1573 ejus
2709 1503 2960 1560 claritate
3003 1502 3322 1572 suscipimus
3345 1518 3361 1569 ;
3391 1502 3609 1571 quando
3637 1515 3786 1555 non

2159 1592 2334 1649 solum
2362 1593 2672 1663 parentibus
2695 1594 2907 1651 laudem
2929 1594 3175 1659 contulit,
3205 1593 3300 1649 sed
3328 1593 3502 1663 ipsum
3529 1600 3791 1660 quoque

2158 1700 2329 1757 genus
2369 1686 2720 1743 humanitatis
2764 1685 2997 1743 ornavit.
3047 1682 3182 1752 Quia
3207 1684 3381 1755 possit
3417 1682 3786 1738 sufﬁcienter

2160 1776 2376 1834 edicam
2410 1784 2612 1848 quanta
2651 1778 2871 1848 pietate.
2899 1784 3106 1847 quanto
3130 1787 3341 1833 morum
3382 1775 3625 1847 pondere
3653 1774 3790 1830 de—

2158 1869 2412 1925 coretur?
2431 1868 2709 1926 Discerent
2735 1868 2979 1938 profecto
3004 1880 3142 1924 nova
3171 1867 3498 1938 philosophi,
3523 1867 3570 1922 si
3597 1867 3784 1923 vive-

2088 1958 2138 2028 B
2163 1972 2316 2031 rent;
2344 1970 2403 2019 et
2426 1964 2633 2019 minora
2660 1962 2811 2020 libris
2837 1963 2949 2019 suis
2989 1962 3288 2020 faterentur
3326 1962 3544 2018 condita
3583 1972 3783 2033 quam

2160 2057 2288 2113 huic
2311 2065 2699 2129 cognoscerent
2724 2059 3001 2115 attributa.
3030 2057 3089 2113 in
3109 2059 3429 2115 tractatibus
3453 2064 3630 2124 acuta,
3656 2056 3786 2113 sed

2162 2148 2234 2205 ad
2273 2149 2602 2219 loquendum
2630 2161 2837 2206 summa
2864 2151 3237 2209 moderatione
3262 2148 3592 2221 gravissima.
3624 2150 3787 2208 Haec

2162 2248 2247 2293 est
2289 2237 2484 2308 regalis
2529 2239 2884 2308 proculdubio
2927 2240 3117 2308 virtus,
3171 2240 3402 2297 celerius
3444 2239 3783 2297 necessaria

2162 2328 2382 2393 sentire,
2413 2337 2469 2384 et
2495 2329 2698 2387 tardius
2727 2330 2780 2385 in
2809 2330 2972 2386 verba
2992 2340 3369 2402 prorumpere.
3394 2326 3577 2386 Nescit
3598 2330 3770 2386 enim

2162 2418 2473 2489 pmnitenda
2501 2419 2675 2490 loqui,
2719 2421 2813 2492 qui
2862 2419 3183 2492 proferenda
3229 2422 3377 2493 prius
3404 2435 3505 2477 suo
3536 2419 3785 2477 tradidit

2163 2509 2418 2563 examini.
2459 2506 2600 2566 liinc
2641 2519 2726 2566 est
2751 2510 2896 2582 quod
2937 2511 3055 2580 ejus
3093 2513 3338 2569 doctrina
3364 2507 3624 2567 mirabilis
3658 2526 3784 2582 per

2163 2598 2484 2669 multiplices
2511 2600 2719 2671 linguas
2743 2611 2934 2670 magna
2962 2603 3207 2659 ubertate
3231 2601 3576 2669 diffunditur;
3600 2603 3784 2672 cujus

2164 2687 2437 2758 ingenium
2463 2690 2536 2767 ita
2571 2699 2817 2762 paratum
2844 2693 3111 2763 reperitur
3146 2692 3216 2748 ad
3257 2692 3527 2762 subitum,
3556 2700 3617 2747 ut
3646 2709 3783 2750 non

2166 2788 2384 2853 putetur
2401 2795 2525 2839 esse
2549 2792 2844 2839 terrenum.
2866 2783 2924 2838 in
2953 2785 3101 2839 libris
3124 2784 3327 2855 iit-gum
3347 2785 3534 2853 regina
3571 2784 3784 2843 Austri

2165 2871 2377 2928 venisse
2403 2872 2598 2941 legitur
2618 2874 2687 2927 ad
2712 2873 3021 2930 discendam
3063 2873 3383 2944 sapientiam
3412 2871 3738 2932 Salomonis
3758 2916 3780 2945 ,

2168 2961 2256 3017 hic
2281 2963 2553 3033 principes
2579 2963 2802 3019 audiant
2828 2964 2971 3034 quod
2998 2966 3100 3021 sub
3145 2964 3499 3021 admiratione
3549 2980 3783 3036 cogno-

2167 3062 2340 3108 scant.
2397 3052 2590 3111 Paucis
2617 3055 2794 3111 verbis
2837 3064 3029 3110 sensus
3079 3055 3349 3110 clauditur
3384 3053 3657 3123 infinitus;
3714 3068 3787 3115 et

2170 3156 2378 3197 summa
2404 3141 2661 3199 facilitate
2687 3144 3047 3212 componitur,
3077 3142 3225 3213 quod
3253 3144 3324 3199 ab
3349 3144 3466 3200 aliis
3493 3156 3638 3201 nunc
3659 3147 3782 3203 sub

2171 3232 2331 3302 longa
2376 3232 2766 3289 deliberatione
2790 3234 3069 3308 formatur.
3097 3232 3262 3289 Beata
3301 3235 3608 3305 respublica
3636 3248 3781 3305 quae

485 3304 715 3361 audebat
740 3314 1015 3377 appetere.
1047 3305 1165 3364 Hoc
1202 3306 1359 3363 nobis
1380 3315 1464 3363 est
1487 3306 1665 3377 potius
1683 3322 1881 3363 novum
1903 3321 2064 3378 quam

2174 3329 2336 3378 tantae
2357 3322 2590 3379 domina:
2629 3305 3019 3392 gubernatione
3057 3324 3337 3393 gloriatur.
3370 3304 3546 3383 Minus
3573 3304 3677 3381 fuit
3710 3337 3784 3385 ut

482 3396 635 3451 vobis
649 3396 999 3467 incognitum.
1024 3397 1213 3468 lagna
1232 3410 1363 3467 ergo
1381 3397 1551 3467 gratia
1561 3398 1889 3469 completum
1908 3398 2071 3456 debet

483 3487 657 3560 accipi
674 3528 690 3555 ,
719 3490 864 3559 quod
884 3488 1143 3546 velociter
1164 3502 1327 3561 quam
1354 3486 1642 3561 oportebat
1665 3488 1913 3546 videatur
1939 3503 2071 3562 ape-

484 3578 599 3634 riri.
621 3579 731 3637 Sed
762 3581 808 3636 si
836 3578 964 3650 quid
992 3579 1060 3637 de
1087 3580 1242 3636 vobis
1260 3592 1560 3647 meremur,
1590 3594 1719 3637 cum
1746 3588 1924 3637 tamen
1952 3581 2073 3653 plu-

484 3669 679 3725 rimum
707 3670 849 3740 apud
875 3685 975 3727 vos
995 3668 1176 3726 valere
1198 3679 1435 3727 nostram
1460 3670 1687 3741 gloriam
1714 3671 2069 3740 confidamus,

486 3760 698 3816 domnae
712 3766 770 3817 et
793 3759 995 3816 sororis
1022 3767 1219 3816 nostra:
1240 3759 1501 3830 gloriosas
1523 3760 1709 3818 laudes
1727 3759 1929 3831 jugiter
1946 3777 2073 3833 per-

486 3858 678 3907 sonate
708 3870 723 3905 :
753 3865 873 3921 quae
900 3850 1317 3919 magnitudinem
1337 3850 1547 3922 imperii
1574 3852 1658 3907 sui
1697 3860 1879 3909 nostra
1902 3852 2075 3909 voluit

488 3941 899 4012 participatione
920 3940 1160 3999 roborari
1185 3957 1200 4008 ;
1236 3949 1296 3996 ut
1318 3948 1574 4012 tanquam
1602 3940 1657 3997 in
1685 3942 1896 3998 duobus
1914 3940 2075 3997 lumi-

488 4032 649 4089 nibus
689 4045 829 4089 uuus
872 4040 1018 4090 esset
1043 4041 1321 4103 aspectus,
1377 4040 1436 4089 et
1479 4031 1807 4090 concordem
1857 4048 2078 4109 sensum

490 4137 653 4179 nemo
697 4122 942 4179 crederet
982 4130 1341 4193 segregatum.
1389 4121 1482 4179 Sic
1524 4126 1652 4181 sunt
1687 4124 1831 4179 enim
1876 4119 2035 4178 simul
2056 4159 2073 4186 ,

491 4229 631 4286 quos
649 4222 706 4271 et
723 4215 892 4284 gratia
925 4215 1119 4284 jungit,
1145 4221 1201 4269 et
1226 4215 1504 4285 parentela
1530 4214 1801 4271 conciliat.
1833 4211 2074 4268 Arduum

493 4306 598 4363 sibi
641 4306 747 4363 hoc
790 4305 1018 4361 forsitan
1055 4301 1324 4361 aestiment
1359 4304 1593 4378 impares
1620 4318 1818 4361 mores.
1853 4298 2079 4360 Difiicile

494 4404 580 4452 est
606 4396 726 4452 illos
753 4395 909 4451 aliter
932 4395 1134 4460 vivere,
1156 4394 1246 4467 qui
1273 4395 1376 4452 sibi
1402 4403 1627 4468 possunt
1643 4396 1906 4450 bonarum
1928 4394 2079 4463 cogi-

496 4488 764 4544 tationum
809 4486 1157 4544 similitudine
1203 4488 1513 4544 convenire.
1543 4484 1839 4541 Consilium
1881 4483 2082 4555 quippe

498 4583 708 4633 mutare
760 4577 1022 4633 detrectat
1069 4577 1428 4648 improvidus;
1476 4575 1796 4646 sapientiam
1831 4586 1963 4630 vero
1992 4572 2081 4630 ille

496 4667 693 4736 quaerit
718 4667 774 4722 in
796 4667 987 4734 altero,
1016 4682 1183 4738 penes
1197 4682 1357 4737 quem
1377 4674 1460 4722 est
1481 4663 1719 4742 scientia:
1742 4660 2075 4733 magnitudo.

499 4756 605 4812 Sed
627 4755 769 4812 inter
787 4757 995 4815 diversa
1024 4771 1246 4813 munera
1271 4796 1288 4823 ,
1318 4770 1438 4826 qua:
1462 4753 1616 4810 nobis
1638 4766 1762 4809 cum
1788 4754 1936 4825 regia
1966 4766 2081 4809 ma-

494 4847 691 4919 jestate
734 4848 924 4905 Divina
953 4850 1292 4914 tribuerunt,
1333 4846 1466 4903 illud
1513 4846 1743 4916 amplius
1780 4845 2084 4917 permulcet

498 4938 736 4994 animum
779 4950 1048 5006 nostrum,
1101 4937 1249 5008 quod
1295 4950 1399 4993 nos
1422 4935 1817 5006 sapientissima
1862 4934 2080 4992 domina

499 5032 701 5084 trutina
723 5040 930 5099 magna
955 5026 1360 5098 disceptationis
1379 5024 1544 5096 elegit
1567 5040 1581 5079 ε
1614 5024 1770 5096 cuius
1789 5026 1937 5096 prius
1960 5024 2081 5083 ideo

492 5119 756 5191 justitiam
782 5114 975 5191 pertuli
999 5158 1015 5184 ,
1046 5125 1107 5173 ut
1132 5116 1281 5187 prius
1309 5115 1379 5172 ad
1422 5115 1538 5187 ejus
1568 5116 1930 5188 provectionis
1956 5130 2083 5187 gra-

500 5213 629 5270 tiam
662 5212 1021 5283 perveniretn.
1064 5210 1273 5265 Causas
1314 5208 1490 5277 enim,
1514 5216 1574 5263 ut
1785 5208 1908 5278 jure
1934 5222 2083 5263 cont-

498 5303 648 5357 muni
676 5317 777 5357 nos
797 5300 923 5358 fecit
947 5301 1133 5357 dicere
1154 5316 1281 5358 cunt
1304 5301 1547 5371 privatis.
1575 5298 1624 5354 0
1645 5300 1809 5355 animi
1830 5299 2081 5355 nobiiitas

497 5391 810 5461 singularia!
842 5389 921 5447 En
963 5391 1191 5461 aequitas
1227 5390 1518 5459 mirabilis,
1549 5400 1711 5462 quam
1740 5389 1972 5446 mundus
1997 5389 2081 5453 lo-

575 5579 600 5606 ι
625 5567 704 5623 Ad
729 5568 850 5624 vice
878 5567 1079 5624 decora
1111 5567 1424 5623 domesticae
1452 5566 1627 5623 laudis
1666 5566 1920 5637 exempla
1946 5578 2076 5635 pro-

503 5654 716 5720 vocare.
737 5639 959 5695 debent.
1004 5637 1068 5693 ι.
1099 5654 1191 5693 un.
1220 5637 1280 5693 Ο.
1317 5637 1550 5703 Theod.,
1586 5637 1659 5694 de
1702 5636 1920 5693 emend.
1948 5649 2080 5707 pro-

507 5709 653 5779 piuq.
679 5707 839 5763 Fons.

581 5776 605 5814 δ
628 5777 827 5832 Alludit
854 5777 920 5833 ad
947 5777 1076 5834 illud
1100 5776 1309 5847 Virgilii
1338 5794 1353 5832 :

634 5865 693 5916 Et
716 5877 853 5930 pater
874 5870 1072 5933 Encas,
1097 5879 1150 5923 et
1173 5870 1443 5924 avunculus
1461 5873 1652 5923 excitat
1672 5868 1859 5922 ﬂector

1569 5948 1755 6005 Jcnsr.

1599 5966 1755 6007 εκεῖ.

2172 3413 2495 3484 generalitas
2518 3414 2620 3470 sub
2639 3414 2887 3469 libertate
2912 3415 3179 3470 serviret:
3218 3413 3464 3471 additum
3485 3421 3569 3472 est
3596 3418 3783 3473 tantis

2172 3504 2411 3570 meritis,
2466 3511 2527 3559 ut
2567 3502 2618 3561 ei
2667 3500 2987 3560 subderetur
3014 3512 3071 3560 et
3098 3506 3398 3561 reverentia
3426 3504 3777 3577 principalis.

2174 3596 2294 3654 Hoc
2314 3598 2456 3654 enim
2477 3595 2737 3666 obsequio
2763 3595 3072 3666 dignissime
3099 3597 3457 3654 dominamur.
3484 3597 3619 3653 Nam
3638 3612 3780 3657 cum

2177 3698 2338 3744 tantm
2364 3688 2659 3760 prudentiae
2679 3699 2864 3759 pareo,
2892 3690 3098 3745 eunetis
3117 3689 3403 3745 virtutibus
3423 3689 3772 3748 obsecundo.

2174 3777 2288 3835 Sub
2311 3777 2402 3833 tali
2427 3776 2692 3848 siquidem
2719 3778 2995 3833 monitore
3018 3779 3168 3847 regni
3209 3776 3451 3848 pondere
3480 3790 3589 3834 non
3636 3790 3777 3849 gra«

2176 3884 2394 3938 vamur,
2419 3867 2546 3923 dum
2573 3868 2772 3938 siquid
2797 3867 2868 3924 sit
2893 3880 2992 3939 pro
3018 3868 3259 3924 novitate
3287 3869 3615 3939 incognitum
3634 3911 3648 3938 ,
3672 3866 3779 3928 fiet

2177 3960 2335 4016 nobis
2379 3958 2497 4028 ejus
2522 3958 2878 4015 instructione
2902 3958 3283 4014 certissimmn.
3317 3957 3399 4013 Ad
3431 3958 3639 4014 bonum
3665 3972 3775 4030 pu-

2177 4051 2375 4107 blicum
2415 4051 2699 4106 veritatem
2745 4060 2856 4106 non
2906 4050 3071 4120 pudet
3117 4049 3383 4107 confiteri.
3432 4049 3729 4120 Agnoscite
3751 4091 3771 4117 ,
3879 4080 3888 4089 -

2180 4145 2450 4216 principes
2476 4145 2612 4213 viri,
2643 4143 3053 4215 sapientissime
3095 4158 3217 4201 esse
3262 4143 3494 4200 domina:
3536 4144 3681 4213 quod
3710 4143 3775 4200 in

2178 4238 2336 4293 nobis
2359 4237 2594 4308 potuerit
2622 4237 2745 4308 plus
2781 4236 3015 4308 placere.
3045 4235 3196 4291 illaut
3226 4237 3370 4292 enim
3397 4244 3493 4291 aut
3526 4235 3770 4293 interro-

2178 4327 2356 4397 gando
2383 4326 2577 4383 melius
2598 4327 2860 4383 sentimus
2881 4365 2903 4393 ,
2944 4332 3043 4383 aut
3073 4326 3190 4397 ejus
3219 4326 3519 4382 imitatione
3546 4324 3772 4396 proiici-

2180 4435 2320 4477 mus.
2374 4420 2551 4478 Vivite
2602 4437 2747 4480 nunc
2797 4418 3015 4490 felices;
3040 4422 3239 4486 vivite,
3288 4421 3402 4477 Deo
3451 4420 3775 4491 auxiliante,

2181 4512 2512 4579 concordes;
2543 4518 2598 4568 et
2622 4510 2948 4568 κωπίωίηί
2974 4510 3200 4581 gratiam
3216 4549 3232 4578 ,
3260 4522 3423 4583 quam
3444 4512 3650 4580 regiam
3668 4526 3775 4568 co-

2181 4603 2441 4675 gnoscitis
2467 4604 3047 4660 tenereiconoordiam.

2750 4696 3085 4769 EPISTOLA
3118 4696 3186 4751 ν.

2344 4807 2638 4849 τηουοειο
2664 4805 2850 4846 ΗΟΙΙΜ
2876 4804 2975 4845 SUO
3010 4799 3034 4828 °
3063 4801 3447 4842 TBBODLHADUS
3474 4801 3604 4842 REX.

2192 4890 2347 4946 Vetat
2384 4891 2651 4963 quominus
2668 4884 2947 4963 domestici
2991 4882 3102 4963 sui_
3126 4882 3393 4963 ullatenus
3421 4881 3773 4963 insolescont,

2254 4952 2583 5032 praecipimus
2618 4962 2675 5008 ut
2718 4953 2969 5007 modestia
2991 4962 3040 5007 et
3082 4952 3250 5024 legum
3285 4953 3521 5007 custodia
3558 4953 3773 5024 reliquis

2255 5030 2487 5099 cmtplo
2502 5030 2629 5083 sint.

2255 5114 2545 5175 Potestatis
2565 5121 2763 5171 nos'trte
2775 5127 3061 5170 censuram
3068 5126 3249 5170 rerum
3262 5112 3511 5167 volumus
3526 5124 3645 5167 esse
3655 5126 3776 5169 mo-

2189 5209 2443 5273 destiam;
2482 5214 2542 5262 ut
2566 5211 2827 5275 quantum
2855 5203 3036 5260 divina
3055 5202 3319 5260 bateiicia
3351 5203 3513 5274 ισσ
3538 5206 3776 5274 percepi-

2189 5310 2331 5364 mus,
2358 5302 2564 5352 tantum
2592 5294 2873 5366 aequabilis
2900 5294 3022 5367 plus
3059 5306 3321 5352 amemus.
3352 5286 3567 5349 Privata
3604 5294 3776 5364 siqui-

2189 5389 2314 5445 dem
2347 5387 2523 5443 studia
2550 5401 2583 5443 a
2609 5386 2796 5444 nostra
2821 5386 3002 5443 animo
3029 5385 3328 5458 probantur
3347 5384 3567 5442 exclusa
3601 5402 3615 5438 :
3645 5385 3772 5455 quia

2265 5571 2290 5606 ο
2315 5563 2531 5627 Homini
2569 5576 2682 5629 suo,
2712 5562 2766 5618 id
2811 5570 2915 5628 est,
2966 5560 3269 5619 domestico
3306 5570 3364 5618 et
3409 5554 3612 5628 clienti,
3645 5558 3683 5613 i.
3718 5559 3771 5627 4,

2188 5635 2252 5692 C.
2279 5635 2358 5690 De
2377 5636 2562 5706 dignil.
2585 5653 2600 5702 ;
2628 5634 2665 5688 l.
2698 5648 2826 5706 pen.
2846 5633 2923 5706 (ἔκ
2942 5630 3170 5706 Tbeod.,
3204 5630 3271 5706 de
3292 5632 3610 5706 censitorib.‘
3645 5642 3772 5706 per-

2185 5713 2383 5776 πωπω.
2428 5698 2483 5760 et
2512 5698 2771 5776 inspeci.;
2816 5703 2853 5758 l.
2886 5703 2956 5776 ρ,
2984 5703 3051 5776 de
3097 5703 3476 5776 conductorib.
3508 5710 3563 5757 et
3592 5698 3772 5756 benti-

2190 5770 2301 5832 nib.
2333 5776 2523 5845 domus
2563 5770 2835 5845 Augustae,
2874 5770 2946 5830 C.
2987 5773 3231 5840 Theod.;
3264 5773 3300 5828 ι.
3335 5770 3388 5841 5,
3437 5773 3509 5829 dc‘
3534 5780 3772 5842 reparat.

2190 5844 2411 5918 appell.,
2439 5841 2502 5901 ϐ.
2526 5841 2847 5902 εοάξιτοιιπ.
