3960 6378
1498 206 1864 269 VARIARIII
1905 209 2110 270 “BER
2149 212 2221 273 Χ.

3382 225 3493 283 ειη

159 314 442 385 generalis
468 313 723 407 dominus
748 325 937 376 custos
954 318 1129 376 factus
1149 334 1292 389 sum,
1322 320 1436 377 Deo
1459 322 1776 393 auxiliante,
1806 329 1856 391 Α
1882 327 2025 401 [Αε.,
2055 327 2369 403 excolere]?
2395 330 2655 390 Naturale
2674 343 2776 402 est,
2810 336 3086 405 invenire;
3123 316 3217 395 sed
3246 338 3483 407 laetandi,

159 415 522 463 cunctorum.
552 405 621 462 Et
646 408 771 465 ideo
798 411 1052 480 pruenti
1064 411 1322 481 jussione
1347 412 1693 484 pmcipimus
1720 424 1782 470 ut

159 498 486 571 quicunque
516 502 589 556 ad
611 502 832 561 domum
854 512 1101 558 nostram
1129 505 1370 560 noscitur
1396 506 1697 576 pertinere,
1725 515 1784 564 et

158 603 314 644 cura:
345 598 455 645 tote
481 592 754 661 probatur
796 607 921 649 esse
957 594 1299 661 commissus,
1331 595 1492 650 nullis
1520 611 1777 666 praesumo

160 682 455 753 ptionibus
500 683 826 752 insolescat;
874 685 1001 755 quia
1054 684 1204 741 solus
1249 684 1511 741 dicendus
1553 695 1643 742 est
1689 687 1782 744 ille

160 789 348 844 muns,
376 777 473 847 qui
516 777 728 845 legibus
756 777 994 848 potuerit
1032 792 1155 833 esse
1202 778 1538 848 tranquillus.
1569 779 1781 850 Augete

161 865 375 923 famam
406 878 655 924 nostram
682 885 782 939 per
810 871 1126 941 patientiam
1162 879 1419 927 vestram.
1448 871 1505 927 Si
1527 873 1650 944 quis
1678 873 1779 927 ha-

163 959 353 1015 buerit
402 977 529 1015 eum
583 962 758 1017 altero
807 962 948 1017 forte
993 964 1288 1032 negotium,
1346 962 1415 1018 ad
1468 966 1778 1020 communia

159 1051 288 1119 jura
323 1052 682 1109 descendite:
717 1053 832 1111 fora
858 1069 957 1109 vos
986 1064 1259 1124 tueantur,
1289 1070 1397 1109 non
1423 1054 1607 1126 iniqua
1639 1072 1779 1126 prte-

163 1145 432 1214 sumptio.
487 1143 534 1198 A
572 1144 891 1202 domesticis
934 1146 1194 1204 inchoare
1239 1148 1489 1204 volumus
1533 1148 1776 1220 discipli-

167 1248 332 1298 nain,
366 1242 428 1288 ut
455 1235 698 1305 reliquos
721 1237 920 1306 pudeat
947 1252 1153 1304 errare,
1195 1239 1415 1308 quando
1443 1242 1645 1295 nostris
1673 1256 1768 1295 co-

164 1328 488 1394 gnoscimnr
514 1328 816 1384 excedendi
844 1330 1120 1385 licentiam
1157 1346 1267 1385 non
1309 1332 1574 1402 przcbere.
1602 1332 1778 1388 Muta-

1886 420 2147 477 deeenter
2163 437 2429 481 asserere.
2453 425 2627 495 Quale
2646 437 2731 484 est
2757 429 2901 486 enim
2924 432 3136 489 cunctis
3164 433 3486 493 desideran-

1886 511 2031 567 tibus
2053 511 2225 584 loqui,
2255 523 2312 572 et
2337 530 2425 571 res
2446 532 2762 576 communes
2787 521 3037 580 oratione
3076 523 3150 578 ita
3174 525 3378 582 diserte
3405 527 3488 582 di-

1884 617 2030 671 cere,
2060 620 2197 675 quas
2234 607 2397 663 etiam
2429 609 2724 680 prudentes
2750 627 2810 668 se
2838 614 3106 670 mirentur
3127 616 3401 673 audiisse?
3426 617 3486 674 ln

1885 694 1988 750 hac
2012 703 2068 751 te
2108 699 2461 768 cognovimus
2502 710 2619 758 arte
2641 704 3025 774 praevalidum,
3076 715 3134 761 nt
3161 714 3219 763 et
3256 709 3485 764 suadere

1885 787 2063 856 possis
2090 790 2350 860 suaviter,
2382 801 2439 847 et
2465 795 2899 863 suggestionibus
2927 799 3032 852 tuis
3070 798 3281 854 nescias
3324 801 3477 856 mali-

1883 893 1989 949 gna
2027 881 2274 940 miscere.
2307 885 2483 956 Atque
2517 886 2638 944 ideo
2668 897 2999 959 squarstnrze
3041 892 3134 947 tibi
3178 892 3348 950 fasces
3388 911 3483 967 per

1886 971 2153 1029 decimam
2208 978 2422 1033 tertiam
2472 980 2822 1039 indietionem
2878 985 3053 1056 (Anno
3102 986 3294 1043 Christi
3330 988 3481 1060 555),

1884 1066 2115 1152 propitia
2141 1066 2449 1138 Divinitate,
2496 1075 2867 1140 concedimus,
2900 1074 2927 1115 δ
2952 1085 3013 1132 ut
3038 1078 3204 1134 saties
3243 1078 3395 1152 (Nic.
3425 1089 3478 1135 et

1884 1149 2013 1218 0a.,
2064 1153 2255 1230 famas]
2307 1161 2675 1228 generalitatis
2736 1173 2944 1232 votum,
2989 1149 3347 1237 juridieorum
3392 1186 3483 1226 se-

1882 1247 2097 1313 quendo
2111 1248 2393 1318 judicium.
2423 1250 2619 1309 Totum
2644 1264 2697 1313 te
2722 1256 2950 1327 legibus,
2974 1266 3148 1315 totum
3179 1268 3233 1316 te
3255 1277 3485 1332 respon-

1882 1342 1957 1397 sis
2006 1341 2159 1398 trade
2199 1344 2564 1414 prudentium.
2614 1347 2706 1404 Sic
2748 1350 2905 1405 nobis
2949 1352 3156 1420 Optime
3203 1351 3483 1410 famularis

166 1419 354 1473 vimus
393 1433 521 1473 cum
570 1417 837 1489 dignitate
885 1421 1259 1492 propositum;
1288 1431 1345 1478 et
1390 1422 1438 1478 si
1474 1432 1600 1478 ante
1631 1423 1779 1494 justa

166 1509 423 1566 districto
452 1507 814 1578 defendimus,
847 1527 992 1566 nunc
1018 1512 1319 1606 clementer
1339 1514 1519 1569 omnia
1562 1514 1779 1606 miliga-
1880 1523 2182 1580 Considera
2233 1525 2285 1581 in
2313 1527 2495 1583 verbis
2525 1530 2630 1586 tuis
2673 1529 2886 1587 laudem
2931 1534 3162 1603 positam
3203 1535 3479 1606 principa-

169 1616 295 1658 mus
328 1602 497 1673 :quia
529 1603 752 1659 domum
782 1612 1068 1674 exceptam
1100 1621 1209 1660 non
1239 1605 1438 1661 habent
1467 1605 1774 1677 principes;
1880 1614 2010 1670 lem.
2057 1614 2223 1671 Fama
2262 1628 2448 1674 nostra
2503 1629 2587 1674 est
2632 1620 2779 1692 quod
2824 1602 3098 1693 loqueris;
3146 1602 3479 1682 conscientia

168 1695 267 1748 sed
300 1694 561 1788 quidquid
609 1694 794 1788 diva
834 1696 1037 1753 auxilio
1073 1698 1329 1765 regimus,
1366 1707 1777 1788 nostrutuipro-
1808 1729 1855 1788 Β
1881 1706 1999 1761 sine
2027 1706 2367 1763 dubitatione
2421 1709 2567 1782 quod
2594 1712 2782 1766 sentis.
2832 1710 3074 1783 Intelligo
3110 1727 3371 1784 quantum
3409 1715 3483 1772 sit

170 1786 293 1855 ῐπίθ
330 1785 675 1841 εοηηιθῐηυν·
707 1783 900 1843 Εείοίθ
937 1800 1068 1857 81⁸80
1116 1788 1259 1842 εῖναι
1296 1803 1393 1843 θοε
1414 1787 1636 1857 (ιυηιιτί
1676 1804 1778 1843 ηυ·
1808 1783 1849 1788 ⁷
1878 1799 2025 1869 quod
2053 1813 2084 1854 a
2124 1807 2179 1855 te
2208 1800 2474 1869 exigatur,
2514 1801 2603 1857 cui
2632 1803 2819 1872 opinio
2863 1812 3047 1859 nostra
3095 1783 3473 1861 committitur.

169 1882 290 1931 stro
347 1885 477 1931 ante
519 1874 676 1932 fuere
731 1876 957 1947 subjecti
1004 1878 1230 1933 omnino
1286 1878 1524 1940 solliciti,
1571 1878 1776 1933 nullum
1878 1887 2006 1944 Ηωο
2027 1888 2303 1959 subjectos
2342 1899 2560 1949 nostros
2604 1893 2972 1965 amplectitur,
3004 1894 3121 1951 lucc
3162 1911 3263 1967 per
3288 1906 3481 1967 gentes

171 1976 369 2023 contra
404 1970 575 2038 legem
609 1970 813 2040 aliquid
862 1972 1189 2041 permittatis
1216 1971 1501 2027 excedere.
1536 1971 1679 2026 Laus
1707 1972 1776 2027 ad
1879 1988 2096 2036 exteras
2147 1990 2476 2051 pervagatur
2512 1999 2527 2036 :
2561 1997 2661 2054 per
2711 1984 2854 2040 hanc
2907 1984 2998 2040 ubi
3051 2001 3161 2041 non
3207 1985 3476 2055 videmur,

170 2072 263 2112 me
308 2067 493 2114 vestra
536 2060 719 2130 potius
759 2060 1061 2131 perveniat,
1105 2076 1270 2131 quam
1320 2062 1497 2130 aliqua
1551 2060 1775 2132 querela

1881 2072 2241 2141 agnoscimur.
2272 2070 2504 2129 Decreta
2539 2083 2726 2130 nostra
2754 2076 2973 2131 tradunt
3010 2076 3321 2133 civitatibus
3352 2094 3481 2149 pro-

1882 1430 2012 1503 [rd.,
2053 1432 2435 1505 consulueris],
2468 1436 2514 1491 si
2559 1437 2860 1505 priscorum
2906 1442 3112 1497 servias
3146 1443 3476 1498 constitutis.

173 2151 477 2221 procedat;
510 2153 639 2221 quia
662 2152 804 2213 bona
835 2154 1171 2211 conscientia
1200 2162 1329 2213 tunc
1363 2169 1491 2213 vere
1520 2155 1773 2228 insperat,

167 2254 299 2296 cuin
325 2242 656 2310 generaliter
682 2251 941 2314 praestare
966 2244 1207 2305 festinat.

739 2414 1074 2479 EPISTOLA
1105 2419 1197 2477 Vl.

168 2543 425 2585 PATBIC‘IO
448 2545 579 2586 ηιο
601 2546 866 2597 ιιιυδτιι.
897 2549 1195 2603 ουλετοιι,
1222 2551 1607 2595 τηοολιιιιδυε
1644 2556 1771 2596 ιει.

167 2640 471 2697 Plurimum
506 2660 624 2700 eum
655 2645 857 2714 laudat,
890 2664 1104 2719 eumque
1139 2648 1212 2703 ad
1247 2660 1563 2723 qutrsturam
1584 2653 1771 2709 evehit.

242 2753 627 2815 Necessarium
675 2758 938 2829 probatur
964 2761 1272 2832 reipublicae
1311 2779 1574 2835 personas
1599 2764 1777 2838 digni-

170 2846 383 2905 tatibus
415 2855 574 2917 aptas
620 2849 854 2919 eligere;
899 2860 959 2906 ut
1002 2853 1089 2909 cui
1131 2852 1347 2923 justitia
1388 2857 1772 2926 committitur,

168 2940 331 2995 malis
358 2941 603 2999 moribus
640 2958 755 3000 non
771 2952 1051 3014 gravetur.
1078 2945 1294 3019 Alioqui
1322 2946 1579 3006 inefﬁcax
1597 2958 1682 3007 est
1706 2950 1775 3006 ab

168 3029 395 3086 homine
418 3032 634 3103 exigere
655 3034 801 3105 quod
821 3039 1135 3105 agnoscitur
1168 3054 1278 3095 non
1306 3039 1537 3107 habere;
1558 3051 1774 3109 contra,

1875 2165 2178 2235 vinciisque
2204 2178 2503 2221 sermones.
2533 2166 2787 2224 Judicare
2815 2168 2884 2225 de
2922 2168 3077 2226 nobis
3107 2178 3352 2240 possunt,
3384 2173 3479 2241 qui

1882 2259 2051 2315 etiam
2094 2260 2295 2316 nostris
2316 2259 2650 2330 jussionibus
2679 2261 3070 2332 obsequuntur.
3100 2262 3325 2319 Summo
3345 2278 3479 2332 ergo

1876 2350 2055 2407 studio
2076 2359 2296 2407 constat
2319 2365 2442 2408 esse
2466 2351 2811 2421 servandum,
2844 2353 2988 2424 quod
3014 2352 3083 2409 de
3112 2354 3268 2409 nobis
3299 2364 3480 2427 potest

1873 2439 2019 2498 ferre
2038 2440 2322 2513 judicium.

2434 2618 2768 2676 EPISTOLA
2802 2620 2917 2678 VII.

2069 2747 2299 2790 ΒΕΠΔΊὊΙ
2329 2749 2479 2789 υιιιοιε
2506 2749 2669 2792 1013
2699 2750 3089 2792 τηεοωιυυυε
3115 2752 3242 2792 κει.

1873 2846 2167 2903 Druentia!
2188 2863 2246 2903 se
2283 2846 2819 2933 Patricio‘prirrlaria
3138 2850 3477 2923 prcfulgenti

2203 2920 2479 2992 materie
2502 2920 2816 2991 dignitatern
2846 2920 3147 2977 contraius.

1946 3029 2078 3087 Post
2096 3030 2388 3103 primordia
2424 3030 2597 3086 nostri
2623 3030 2836 3102 imperii
2875 3032 3029 3088 vobis
3053 3032 3285 3089 feliciter
3330 3049 3469 3089 nuu-

167 3126 506 3183 conﬁdenter
535 3130 815 3198 queritur,
857 3131 1003 3201 quod
1046 3133 1228 3192 inesse
1264 3138 1517 3194 sentitur.
1559 3137 1627 3194 Et
1650 3138 1776 3197 ideo

1881 3127 2034 3196 tiata,
2057 3141 2295 3197 congrua
2316 3127 2475 3183 nobis
2496 3127 2747 3199 contigit,
2768 3134 2951 3197 patres
2972 3129 3288 3200 conscripti,
3313 3147 3477 3190 causa

168 3217 409 3288 primum
430 3219 585 3275 nobis
606 3221 807 3290 placuit
828 3229 951 3279 tuos
969 3238 1148 3280 mores
1178 3226 1465 3297 inspicere,
1493 3227 1612 3286 sine
1648 3229 1778 3300 qui-

169 3309 276 3366 bus
292 3318 521 3381 possunt
539 3312 795 3381 quaslibet
813 3314 1016 3383 optima
1043 3315 1352 3386 displicere.
1384 3316 1777 3376 Ornamentum

172 3401 323 3461 enim
347 3402 615 3458 bonorum
658 3402 898 3461 omnium
931 3413 1016 3460 est
1050 3406 1264 3463 sincera
1284 3402 1631 3478 benignitas;
1655 3424 1781 3480 quae

172 3506 284 3546 non
312 3499 397 3546 est
417 3491 557 3559 sola,
586 3491 712 3561 quia
735 3492 806 3547 de
826 3492 1116 3550 virtutibus
1154 3498 1500 3566 cognoscitur
1537 3514 1659 3555 esse
1682 3513 1780 3567 ge-

170 3590 389 3638 nerata.
423 3583 676 3638 Ordinem
718 3596 875 3640 serva
911 3587 1084 3642 nostri
1117 3586 1340 3657 judicii;
1381 3599 1442 3645 ut
1483 3591 1623 3647 sicut
1661 3591 1779 3647 haec

173 3675 349 3746 prima
372 3676 738 3745 quasivimus,
762 3678 838 3734 ita
864 3686 919 3735 te
939 3680 1215 3736 custodire
1232 3681 1495 3751 justitiam
1524 3697 1639 3754 pra
1658 3698 1779 3740 om-

174 3768 333 3825 nibus
374 3770 697 3827 sentiamus.
732 3769 982 3829 Seeunda
1010 3773 1168 3829 nobis
1196 3789 1325 3829 cura
1353 3772 1473 3839 fuit,
1517 3775 1779 3846 eloquen-

177 3861 267 3917 tia:
298 3869 402 3917 tua:
442 3859 647 3919 ﬂuenta
685 3864 1032 3939 perquirere;
1071 3880 1239 3937 quam
1279 3865 1408 3922 licet
1434 3866 1779 3938 singulariter

176 3951 482 4022 diligamus,
507 3955 748 4010 moribus
780 3964 957 4011 tamen
981 3956 1130 4027 juste
1167 3957 1565 4027 postponimus.
1589 3957 1649 4014 In
1672 3959 1779 4014 illis

171 4045 453 4100 enimvita
479 4046 846 4118 cognoscitur,
887 4047 979 4105 hic
1011 4056 1223 4107 taan
1265 4049 1449 4119 lingua
1486 4049 1773 4106 laudatur:

173 4134 421 4191 sedilte
448 4136 913 4203 valdedecorntn,
937 4138 1378 4211 quiscumque
1411 4139 1657 4198 noseeris
1681 4140 1780 4196 ba-

173 4229 307 4285 bere
327 4229 611 4285 sociatum.
636 4228 947 4301 Equaliter
967 4232 1114 4289 enim
1131 4232 1392 4304 splendes
1407 4233 1644 4290 actionis
1658 4247 1777 4291 tne-

173 4323 283 4380 rito
323 4332 385 4379 et
407 4324 921 4398 dietioniseloquio,
945 4335 1009 4383 ut
1040 4326 1187 4397 justo
1225 4328 1402 4398 possit
1427 4328 1657 4397 intelligi
1681 4343 1783 4399 per

177 4423 233 4470 te
255 4416 504 4470 voluntas
816 4418 1087 4489 expediri.
1118 4417 1253 4477 Nam
1274 4419 1416 4474 inter
1439 4429 1666 4475 eatena
1684 4434 1777 4475 ar-

1879 3220 2181 3287 sermonis;
2210 3226 2271 3275 ut
2292 3217 2529 3290 iudicem
2559 3233 2660 3275 nos
2679 3220 3024 3289 cognoscatis
3044 3219 3293 3290 elegisse,
3320 3225 3479 3295 cujus

1878 3330 1982 3371 nos
2020 3312 2174 3390 [Ed.,
2211 3311 2334 3383 vos]
2372 3312 2553 3382 lingua
2579 3312 2751 3383 possit
2789 3327 3006 3368 ornare.
3036 3310 3286 3379 Quaestor
3324 3317 3470 3372 enim

1878 3405 2142 3475 eloquens
2185 3405 2497 3478 reipublicae
2540 3404 2705 3460 decus
2744 3410 2849 3472 est,
2895 3403 2989 3472 qui
3034 3410 3246 3459 etvota
3290 3413 3477 3461 nostra

1880 3497 2085 3568 optime
2115 3496 2366 3553 videatur
2411 3495 2651 3561 edicere,
2695 3502 2759 3550 et
2801 3493 3147 3564 antiquorum
3168 3492 3294 3564 jura
3322 3493 3479 3550 ﬁrmo

1879 3587 2111 3644 consilio
2150 3587 2447 3645 custodire.
2478 3585 2581 3643 llic
2627 3592 2714 3641 est
2740 3584 2893 3641 enim
2929 3582 3198 3640 Patricius
3229 3585 3343 3642 suis
3358 3584 3475 3655 jam

1879 3678 2163 3737 vocabulis
2201 3680 2520 3736 honoratus.
2574 3677 2715 3733 Nam
2756 3685 3015 3749 perpetua
3053 3676 3250 3733 fruitur
3297 3678 3478 3743 laude,

1881 3773 1971 3829 cui
1990 3780 2078 3829 ett
2102 3771 2281 3828 honor
2296 3773 2350 3829 in
2379 3771 2635 3838 nomine;
2665 3771 2825 3841 cujus
2839 3769 3151 3827 aliinentem
3174 3770 3479 3835 facundiam

1878 3864 2055 3920 studia
2082 3862 2329 3919 Romana
2345 3870 2652 3931 genuerunt
2678 3872 2728 3929 ε,
2754 3869 3034 3918 ostentans
3057 3861 3254 3918 merito
3278 3860 3349 3918 de
3369 3862 3477 3919 loci

1879 3953 2144 4026 dignitate
2181 3953 2454 4024 peritiam.
2491 3950 2626 4006 Nam
2655 3950 2752 4020 qui
2777 3950 2889 4005 illis
2928 3951 3108 4020 potuit
3133 3951 3320 4018 imbui,
3363 3967 3482 4010 me-

1879 4047 1990 4104 ruit
2007 4045 2211 4117 ubique
2232 4043 2440 4100 laudari
2460 4042 2569 4105 tibi
2588 4041 2887 4097 defaecata
2902 4055 3085 4099 sermo
3106 4038 3335 4097 Latinus
3358 4052 3442 4098 est
3462 4060 3481 4109 ;

1880 4138 2009 4196 inde
2047 4138 2333 4195 disctmtur
2359 4135 2526 4194 verba
2552 4141 2673 4192 toto
2703 4132 2880 4190 nitore
2920 4133 3177 4190 lucentia.
3221 4133 3356 4189 Alia:
3386 4150 3478 4191 re-

1879 4233 2073 4304 giones
2094 4232 2243 4297 vina,
2270 4229 2514 4287 balsama
2533 4235 2592 4286 et
2630 4227 2829 4284 olentia
2874 4226 3042 4283 thura
3062 4227 3472 4284 transmittant:

1882 4325 2059 4385 Rom
2083 4323 2249 4381 tradit
2274 4322 2567 4394 eloquium,
2597 4334 2707 4391 quo
2748 4319 2971 4377 suavius
2996 4319 3076 4376 nil
3113 4320 3185 4375 sit
3208 4318 3477 4374 auditum.

1881 4417 1975 4476 Sic
1995 4417 2155 4475 bonis
2182 4417 2393 4475 artibus
2421 4414 2687 4481 eruditus,
2715 4428 2847 4471 mox
2871 4419 2961 4469 est
2978 4409 3283 4469 forensibus
3321 4419 3481 4483 apta:

178 4512 267 4561 tes
289 4508 585 4563 oratoriam
610 4507 690 4564 sic
709 4507 1006 4579 diligimus,
1028 4519 1088 4585 ut
1107 4524 1233 4566 eam
1252 4519 1636 4567 ornamentum
1663 4526 1783 4567 om-
1807 4511 1862 4574 ι)
1887 4517 1975 4567 tus
1994 4509 2273 4575 excubiis;
2302 4515 2627 4565 utorateres
2640 4522 2779 4578 quos
2808 4505 2977 4576 longa.
2994 4505 3345 4562 meditatiene
3364 4519 3485 4575 per.

177 4600 329 4655 nium
373 4601 673 4657 litterarum
716 4617 841 4659 esse
880 4600 1166 4659 fateamur.
1219 4602 1497 4674 Quidquid
1530 4604 1677 4660 enim
1723 4603 1779 4660 in

176 4692 417 4762 qualibet
442 4692 725 4764 disciplina
743 4694 1069 4766 concipitur,
1092 4695 1160 4750 ab
1174 4695 1282 4750 ista
1298 4695 1399 4751 sub
1421 4693 1621 4753 decore
1645 4709 1779 4767 pro-

178 4782 367 4839 fertur.
410 4782 668 4855 Reperiat
692 4788 943 4856 quamvis
984 4800 1178 4857 magna
1220 4786 1608 4859 philosophus;
1649 4785 1781 4859 quid

178 4875 422 4944 proderit
442 4879 664 4946 sentire,
709 4880 755 4936 si
793 4879 1141 4937 laudabiliter
1169 4896 1280 4937 non
1314 4880 1488 4953 possit
1515 4880 1781 4939 extollere

260 5111 287 5140 ι
303 5100 695 5174 nummis
720 5102 900 5161 αιίοίο
927 5109 986 5174 es
1005 5101 1337 5174 clementia.
1366 5115 1557 5174 supra,
1582 5099 1765 5167 ιίιινι.

177 5172 341 5244 fortn.
372 5172 439 5240 5;
464 5173 558 5234 lib.
589 5191 702 5241 vnn,
732 5174 901 5244 epist.
919 5172 987 5229 15
1011 5182 1068 5228 et
1096 5172 1184 5228 ﬂ.
1214 5172 1385 5231 Fons.

250 5243 277 5282 δ
301 5243 440 5325 Hinc
480 5242 1083 5325 constatqumﬂmﬁnt
1105 5251 1295 5325 partes
1334 5242 1620 5325 quaestoris

177 5314 629 5395 imperatoribus;
660 5316 750 5395 ille
785 5316 940 5395 θιὼ».
970 5314 1250 5395 condebat
1273 5314 1545 5395 leges_,_.et
1566 5314 1769 5395 verita-

176 5384 289 5468 tem
318 5400 542 5468 precum
573 5386 895 5468 rimabatur;
913 5394 995 5468 “ut.
1010 5384 1375 5468 subscriberet
1402 5384 1599 5468 igisLsi
1618 5384 1769 5468 justa

177 5453 390 5514 ratione
424 5456 759 5521 niterentur;
786 5454 932 5526 quod
962 5455 1133 5526 liquet
1158 5470 1231 5513 ex
1272 5456 1308 5509 ι.
1339 5454 1394 5522 2,
1422 5454 1483 5513 C.
1512 5453 1592 5511 De
1617 5455 1762 5525 petit.

177 5525 300 5600 bon.
323 5526 460 5600 miti.
494 5525 627 5600 Vide
662 5524 1036 5600 Symmacb.,_
1059 5527 1151 5583 lib.
1183 5541 1243 5591 tt,
1272 5527 1430 5597 epist.
1461 5525 1546 5600 8;_
1566 5525 1660 5580 lib.
1692 5540 1768 5600 tv,

661 5593 1063 5721 sese
1101 5604 1158 5653 σοι
1202 5593 1327 5669 (νηί
1701 5593 1771 5652 εει

178 5664 337 5725 form.
371 5664 426 5733 5,
458 5665 552 5722 lib.
577 5682 651 5733 vr,
679 5664 862 5737 supra.
890 5664 1077 5724 Bnoss.
1219 5664 1247 5669 V

256 5748 283 5780 ε
319 5736 423 5794 llic
449 5738 518 5793 de
549 5735 795 5795 Romana
818 5738 1133 5808 eloquentia
1158 5738 1397 5809 loquitur
1423 5756 1437 5794 :
1469 5743 1526 5794 et
1553 5736 1772 5808 quidem

1887 4608 2127 4674 ceperat,
2170 4599 2445 4659 consimili
2468 4597 2871 4655 declamatione
2899 4604 3251 4654 monstraret.
3280 4594 3485 4652 Notum

1885 4706 1971 4751 est
1998 4695 2163 4751 etiam
2183 4702 2385 4763 quanta
2408 4706 2531 4747 cum
2562 4689 2786 4759 collegis
2810 4688 2923 4744 suis
2949 4688 3331 4747 moderatione
3347 4702 3482 4744 con-

1887 4786 2079 4845 tendit.
2124 4783 2521 4842 Certaminibus
2561 4780 2680 4851 ejus
2708 4779 2973 4835 modestia
3011 4795 3228 4852 semper
3261 4778 3431 4834 adfuit
3461 4795 3478 4835 ε

1886 4877 2102 4935 dicendi
2139 4876 2325 4933 calore
2351 4881 2619 4946 raptatus,
2658 4869 2867 4927 studuit
2904 4870 3260 4927 laudabilibus
3289 4870 3483 4926 inven-

1876 5095 2350 5177 ιιιιιι.ί-ειίιι·ιιιο,
2370 5092 2555 5177 “tisi
2893 5089 3395 5177 animonec
3422 5090 3480 5177 2-.-

1872 5169 2050 5241 pretio
2075 5174 2359 5237 corpusut
2381 5165 2477 5236 qui
2719 5165 2940 5247 scirent:
2962 5160 3203 5245 ’Qonstat
3216 5161 3335 5229 jam
3353 5160 3480 5215 inde

1873 5241 1949 5295 ab
1971 5254 2044 5295 eo
2081 5246 2347 5309 tempore,
2378 5244 2530 5309 certe
2558 5249 2777 5309 impera
2793 5232 3135 5309 Justnnanm
3154 5238 3321 5285 :etate
3342 5246 3478 5285 conn

1873 5318 2101 5375 tractus,
2129 5304 2226 5383 qui
2266 5322 2297 5362 a
2333 5305 2719 5362 tabellionibus
2752 5304 3241 5383 perscriberentnr,
3280 5315 3482 5383 conce-

1874 5390 2005 5452 ptos
2026 5372 2096 5438 eo
2123 5372 2238 5434 fere
2262 5393 2516 5456 sermone
2540 5391 2671 5456 quo
2690 5372 2837 5456 nunc
3086 5372 3256 5456 Italiae
3281 5372 3477 5456 utitur;

1873 5445 1945 5509 ut
1981 5459 2200 5508 constat
2240 5464 2311 5505 ea
2357 5445 2716 5521 instrumento
2764 5445 3103 5521 bibliothecae
3141 5445 3326 5507 regite,
3366 5456 3478 5521 quo
3510 5494 3515 5499 .

1870 5521 2181 5596 Stephanus
2207 5528 2358 5575 tutor
2384 5516 2629 5596 Gratiani
2659 5514 2845 5589 pupilli
2885 5529 3013 5596 cu_m
3188 5514 3476 5596 transegit,

1873 5584 2037 5667 quod
2051 5590 2324 5667 Ravennae
2361 5584 2752 5667 scriptumést'
2772 5601 2916 5642 anno
2942 5584 3475 5667 iustiniantci

1874 5650 1941 5719 rii
1972 5660 2063 5732 58,
2094 5660 2388 5732 indictione
2418 5650 2507 5724 li,
2550 5658 2703 5732 cgjus
2748 5657 3058 5732 exemplum
3088 5670 3121 5711 a
3156 5667 3244 5710 me
3270 5650 3477 5712 descri-

1873 5743 2026 5806 ptum
2055 5731 2110 5787 in
2140 5730 2340 5788 larario
2366 5744 2545 5787 servo.
2576 5727 2746 5786 Fons.
