3960 6412
455 222 561 277 803

452 428 547 496 qui
573 427 652 482 sic
676 425 948 496 peroravit
969 439 1159 480 causas
1186 424 1285 478 sub
1315 423 1725 493 tranquillitate,
1749 433 1810 480 ut
1851 440 2032 481 mores

453 517 702 585 proprios
745 529 959 584 semper
1001 520 1288 568 assereret.
1336 511 1690 570 Contendisse
1728 513 2026 584 siquidem,-

455 621 562 660 non
581 605 818 673 litigasse
845 611 1090 674 repertus
1119 611 1217 656 est.
1253 602 1497 657 Alienam
1528 603 1670 656 enim
1709 617 1927 658 causam
1946 602 2031 656 fa-

453 695 630 750 ciebat
656 709 804 748 suant
831 695 979 764 161
1003 693 1252 760 gloriam.
1281 691 1414 773 Nam
1442 691 1520 748 sic
1547 692 1793 760 cognitus
1818 701 1900 748 est
1925 692 2034 746 vin-

453 801 598 850 cere,
621 792 679 838 ut
702 785 1022 855 probaretur
1049 782 1380 838 contrarium
1410 783 1643 837 animum
1669 797 1776 836 non
1807 781 2029 837 larsisse.

454 876 638 945 Talem
669 877 848 946 itaque
885 876 1057 929 virum
1088 890 1194 930 non
1223 874 1402 929 decuit
1430 873 1628 928 diutius
1651 872 1912 942 justitiam
1938 888 2033 942 pe-

455 975 588 1030 tere,
639 967 732 1021 sed
761 965 980 1029 docere;
1011 963 1135 1034 quia
1162 962 1443 1032 judiciaria
1471 963 1644 1017 virtus
1691 969 1792 1026 est,
1837 961 2032 1029 lingua:

455 1056 612 1110 bonis
639 1054 932 1121 abundare,
965 1061 1022 1107 et
1055 1053 1248 1106 mentis
1277 1051 1686 1121 temperantiam
1731 1051 2023 1105 custodire.

454 1143 799 1212 Cognoscite,
845 1151 1028 1212 patres
1077 1143 1386 1211 conscripti,
1437 1140 1564 1210 quid
1619 1141 1732 1196 ﬁeri
1777 1141 2032 1208 velimus,

457 1235 670 1304 quando
700 1235 752 1288 in
791 1233 1058 1302 judicibus
1099 1233 1328 1302 primum
1367 1246 1547 1286 mores
1574 1231 1851 1299 elegimus,
1881 1230 1934 1285 in
1969 1245 2034 1286 ea

461 1329 629 1397 magis
675 1327 934 1396 dignitate
979 1341 1098 1394 qua:
1133 1323 1255 1393 jura
1303 1325 1585 1379 consuevit
1629 1323 1860 1378 edicere.
1918 1321 2036 1376 Non

458 1417 600 1470 enim
632 1417 960 1486 temporibus
989 1415 1186 1469 nostris
1220 1421 1488 1484 potestate
1528 1413 1674 1484 regia
1721 1421 1803 1468 est
1832 1421 2036 1467 armata

457 1515 747 1574 quaestura,
777 1505 870 1560 sed
894 1505 1102 1574 legibus
1130 1504 1389 1574 probatur
1409 1519 1527 1558 esse
1546 1505 1866 1576 composita.
1887 1503 2038 1560 Velle

460 1604 700 1650 nostrum
730 1597 1072 1664 antiquorum
1100 1594 1401 1666 principum
1427 1601 1510 1649 est
1532 1593 1800 1658 voluntas,
1823 1609 1960 1664 quos
1981 1594 2036 1648 in

461 1697 668 1742 tantum
698 1688 1064 1742 desideramus
1095 1686 1313 1751 imitari,
1365 1693 1623 1753 quantum
1667 1684 1742 1738 illi
1777 1684 2037 1753 justitiam

460 1785 585 1832 sunt
609 1776 802 1831 secuti.
832 1774 928 1829 llla
955 1783 1039 1829 est
1085 1775 1226 1828 enim
1256 1773 1548 1829 reverenda
1576 1773 1813 1842 priorum
1851 1781 2035 1829 aucto-

464 1867 614 1932 ritas,
646 1881 765 1934 qua:
807 1882 838 1920 a
884 1873 1034 1920 recto
1063 1865 1279 1920 tramite
1326 1879 1434 1920 non
1475 1864 1727 1920 declinat.
1773 1863 2039 1935 Sequr-mli

461 1957 603 2012 enim
651 1957 1025 2012 necessitatem
1069 1955 1284 2026 reliquit
1324 1957 1575 2026 posteris,
1633 1955 1722 2025 qui
1773 1955 2036 2024 justitiam

461 2047 574 2102 suis
617 2047 891 2101 miscuerit
915 2047 1240 2102 constitutis.
1293 2045 1360 2099 Et
1403 2046 1545 2112 ideo,
1577 2056 1757 2118 patres
1797 2049 2041 2103 conscri-

461 2137 557 2206 pti,
589 2152 684 2206 per
721 2135 978 2190 decimam
1012 2136 1220 2190 tertiam
1263 2135 1609 2190 indictionem
1639 2137 1808 2203 (Anno
1845 2135 2038 2192 Clariin

458 2223 586 2297 555)
617 2225 808 2279 illustri
851 2222 1086 2280 Patricio
1133 2234 1414 2294 quaestura:
1459 2225 1782 2280 contulimus
1809 2225 2040 2295 dignita-

459 2321 601 2378 tem;
634 2321 692 2366 ut
719 2311 809 2381 qui
849 2321 933 2368 est
959 2312 1134 2368 clarus
1164 2313 1398 2381 nomine,
1431 2315 1743 2383 magnilicus
1767 2316 1928 2371 etiam
1963 2316 2038 2373 sit

457 2402 681 2458 bonore.
713 2400 914 2457 Fovete
944 2402 997 2457 in
1027 2418 1147 2458 eum
1193 2412 1374 2459 nostra
1395 2404 1632 2474 judicia;
1663 2415 1723 2462 ut
1749 2407 1894 2477 quod
1936 2425 2038 2466 nos

456 2494 816 2564 praestitimus,
844 2494 996 2550 vobis
1023 2494 1276 2566 placitum
1307 2495 1652 2552 nihilomittus
1678 2497 1962 2555 sentiatur.

1003 2714 1329 2770 EPISTOLA
1365 2716 1496 2772 VIII.

619 2841 919 2881 IUSTINIANO
949 2841 1184 2881 AUGUSTO
1213 2841 1596 2882 AILIASUNTIIA
1625 2844 1836 2885 REGIDA.
1862 2827 1888 2867 δ

457 2936 627 3009 Rogat
651 2945 706 2990 ut
734 2953 991 2991 marmora
1015 2939 1222 3012 o_el_alia
1243 2941 1554 3012 necessaria,
1575 2958 1688 3012 quae
1707 2941 2033 3012 Calogenitus

599 3015 1004 3076 comparaverat,
1019 3007 1196 3078 jubeat
1225 3009 1294 3062 ad
1322 3012 1556 3080 reginam
1587 3007 1886 3066 transmitti.

523 3136 602 3191 Ita
631 3152 729 3191 nos
755 3137 924 3206 gratia
953 3146 1143 3194 vestra:
1167 3139 1382 3210 pietatis
1409 3141 1666 3208 oblectat,
1693 3152 1754 3198 ut
1783 3143 2034 3214 quidquid

452 3228 518 3282 ad
546 3228 793 3284 decorem
823 3237 1062 3283 nostrum
1090 3237 1270 3300 potest
1298 3231 1580 3302 prolicere,
1613 3234 1845 3290 libenter
1871 3251 1902 3289 a
1935 3249 2032 3290 ve-

451 3321 576 3376 stris
617 3321 844 3378 velimus
888 3323 1130 3393 partibus
1171 3319 1446 3395 postulare
1483 3345 1498 3381 :
1539 3328 1666 3396 quia
1706 3329 1832 3384 talia
1881 3331 2032 3386 vobis

451 3414 569 3486 [πη.
601 3422 651 3468 et
679 3415 798 3482 Λα,
828 3413 1004 3486 nobis]
1045 3414 1231 3470 Divina
1266 3417 1588 3485 tribuerunt,
1611 3427 1672 3474 ut
1698 3429 1754 3475 et
1779 3436 1876 3475 vos
1915 3421 2032 3490 ejus

450 3501 732 3558 allluenter
757 3505 1072 3560 muneribus
1092 3504 1393 3573 abundetis,
1422 3515 1477 3561 et
1504 3510 1843 3577 sperantibus
1876 3510 2030 3564 beni-

447 3607 552 3660 gno
581 3592 762 3646 animo
788 3607 907 3662 quae
945 3598 1070 3647 sunt
1106 3593 1409 3648 necessaria
1437 3595 1761 3652 concedatis.
1807 3595 1871 3650 Et
1909 3597 2029 3653 ideo

448 3680 908 3736 mansuetudinem
939 3689 1178 3736 vestram
1210 3691 1521 3738 reverenter
1548 3683 1807 3753 salutans,
1839 3687 2027 3742 harum

447 3771 762 3840 portitorem
792 3769 939 3824 illum
970 3769 1039 3824 ad
1067 3770 1403 3826 excellentia
1428 3780 1623 3826 vestrae
1651 3772 1908 3830 beneficia
1929 3776 2028 3830 de-

363 3875 369 3881 '
443 3860 658 3926 stinavi,
691 3867 750 3915 ut
779 3875 1068 3925 marmora,
1099 3860 1185 3916 vel
1223 3860 1326 3916 alia
1355 3863 1676 3928 necessaria,
1704 3880 1822 3933 quae
1849 3879 2026 3934 quon-

446 3947 568 4002 dam
596 3947 964 4018 Calogenitum
991 3963 1305 4018 comparare
1325 3948 1645 4019 feceramus,
1674 3966 1768 4020 per
1792 3967 2026 4021 praesen-

445 4041 577 4095 tium
606 4040 748 4114 [Ac.,
777 4037 948 4111 pium]
979 4041 1292 4110 portitorem
1335 4040 1404 4095 ad
1445 4057 1542 4097 nos
1585 4045 1886 4112 pervenire,
1918 4045 2026 4099 Do-

1649 221 1720 278 M.
1759 219 2034 287 AUBELII
2070 221 2470 282 CASSIODOBI

451 337 556 404 tis;
585 331 902 405 non,’quod
948 333 1188 404 plerique
1229 331 1454 398 faciunt,
1479 334 1691 389 vacavit
1717 333 1927 404 injuriis
1958 341 1982 371 ⁸
2012 351 2026 400 ;
2057 343 2111 400 Α

3616 222 3749 278 εοι

2698 337 3030 396 EPISTOLA
3067 339 3156 396 ΙΧ.

2346 443 2650 484 ιυετικιλκο
2685 445 2925 486 AUGUSTO
2958 446 3344 489 THEODAHADUS
3371 447 3500 488 REX.

2131 514 2272 570 Petit
2315 525 2369 569 nt
2408 518 2548 572 sinat
2591 519 2646 572 in
2689 517 2906 573 Italiam
2949 521 3364 593 transferrique
3391 522 3742 590 Culogenitns

2811 599 3027 644 eruerat.

2205 694 2441 766 Equum
2471 705 2572 759 est.
2601 697 2993 768 sapientissime
3019 699 3331 770 imperator,
3363 711 3425 756 ut
3452 702 3539 756 illa
3565 703 3741 758 nobis

2135 786 2319 842 libenti
2367 787 2545 843 animo
2591 787 2802 843 faciatis
2851 789 3106 859 impendi,
3135 790 3203 844 ad
3230 805 3351 860 quae
3389 791 3434 846 si
3477 807 3742 848 essemus

2135 877 2371 943 desides,
2395 893 2424 931 a
2451 887 2627 933 vestra
2651 879 2830 948 potius
2851 879 3134 935 clementia
3154 879 3472 936 deberemus
3493 882 3735 937 hortari.

2137 969 2301 1024 Vobis
2329 971 2472 1025 enim
2515 978 2723 1040 gratum
2765 985 2885 1026 esse
2927 972 3032 1026 non
3078 971 3298 1026 dubium
3343 980 3427 1027 est
3461 973 3740 1043 quidquid

2137 1075 2236 1129 per
2261 1076 2362 1116 nos
2388 1060 2454 1115 ad
2482 1059 2646 1115 Italia:
2674 1061 2926 1116 decorem
2965 1061 3251 1132 contigerit
3285 1063 3525 1134 expediri
3551 1080 3566 1118 :
3595 1063 3742 1134 quia

2138 1149 2383 1204 laudibus
2407 1150 2596 1206 vestris
2618 1149 2738 1218 jure
2760 1150 2988 1220 prolicit,
3009 1151 3226 1221 quando
3247 1153 3454 1208 videtur
3479 1168 3746 1210 crescere

2139 1239 2282 1306 quod
2310 1239 2379 1292 ad
2408 1248 2605 1294 nostra:
2633 1240 2940 1310 reipublica:
2972 1249 3150 1309 potest
3175 1241 3398 1310 gloriam
3431 1243 3738 1312 pertinere.

2140 1326 2478 1397 Quapropter
2501 1329 2761 1384 exhibens
2790 1328 3110 1398 principatui
3139 1338 3320 1384 vestro
3348 1330 3742 1386 reverentissi—

2140 1431 2285 1468 mum
2314 1415 2650 1469 salutationis
2677 1414 2948 1482 all‘ectum,
2979 1417 3167 1474 harum
3199 1417 3514 1486 portitorem
3542 1417 3614 1472 ad
3633 1419 3740 1473 illa

2141 1501 2432 1558 direximus
2459 1503 2784 1572 exhibenda,
2812 1503 2877 1557 ad
2915 1518 3033 1574 qua:
3078 1503 3348 1573 quondam
3379 1504 3744 1572 Calogenitus

2141 1590 2315 1646 fuerat
2355 1591 2687 1658 destinatus;
2726 1602 2822 1658 ut,
2858 1593 2958 1646 etsi
3008 1607 3234 1662 persona
3275 1593 3434 1647 rebus
3476 1594 3776 1651 Immanis-

2074 1710 2116 1766 Β
2143 1679 2415 1734 subtracta
2460 1687 2563 1742 est,
2605 1679 2862 1736 beneficia
2915 1687 3091 1734 tamen
3137 1688 3313 1735 vestra
3355 1681 3422 1736 ad
3463 1698 3582 1746 nos,
3611 1683 3740 1738 Deo

2135 1767 2375 1835 juvante,
2423 1768 2756 1837 perveniant,
2807 1783 2874 1822 ne
2925 1777 3166 1824 cassetur
3205 1769 3528 1826 desiderium
3573 1773 3738 1840 quod

2139 1859 2524 1914 convenienter
2569 1868 2652 1914 est
2697 1859 2766 1914 de
2809 1868 2986 1915 vestra
3026 1861 3440 1931 praesumptione
3474 1876 3740 1917 securum

2140 1952 2269 2025 [ed.,
2300 1951 2586 2023 secutum].

2706 2081 3039 2140 EPISTOLA
3075 2082 3141 2138 Χ.

2279 2191 2580 2230 τειεουοιυε
2612 2191 2866 2232 ΔυῦυετΒ
2896 2173 2925 2212 d
2955 2190 3337 2230 AIALASUNTIIA
3366 2189 3576 2229 DEGINL.

2140 2263 2310 2337 Rogat
2348 2271 2404 2318 ut
2452 2265 2515 2317 de
2558 2265 2804 2334 sospitate
2839 2279 2935 2337 sua
2965 2279 3056 2334 per
3075 2263 3275 2337 legatos
3303 2279 3428 2334 quos
3455 2262 3526 2316 ad
3549 2262 3732 2317 Justi-

2545 2337 2760 2388 nianum
2785 2334 2992 2388 miserat
3015 2334 3310 2386 admoneat.

2209 2423 2343 2478 Dum
2373 2424 2632 2494 propositi
2661 2423 2832 2478 nostri
2859 2423 2929 2477 sit
2956 2419 3042 2476 illa
3071 2436 3310 2490 quaerere
3337 2435 3457 2491 quae
3483 2423 3736 2492 proban-

2137 2523 2225 2570 tur
2246 2515 2313 2570 ad
2339 2515 2563 2584 gloriam
2591 2514 2666 2583 pii
2689 2513 2944 2584 principis
2968 2513 3254 2582 pertinere,
3283 2511 3497 2580 dignum
3519 2525 3600 2568 est
3622 2531 3733 2570 vos

2135 2621 2386 2662 sermone
2405 2604 2648 2660 venerari
2669 2617 2804 2672 quos
2828 2602 2982 2656 bonis
3005 2602 3250 2656 omnibus
3269 2609 3480 2656 constat
3501 2617 3736 2674 semper

2137 2696 2338 2764 augeri.
2371 2692 2666 2749 Concordia
2696 2705 2803 2746 non
2825 2699 2906 2746 est
2932 2690 3045 2745 sola
3076 2691 3413 2760 prmsentium
3438 2692 3730 2766 :quinimo

2137 2786 2211 2840 illi
2239 2800 2298 2841 se
2327 2785 2518 2840 melius
2555 2782 2868 2854 respiciunt,
2897 2783 2988 2852 qui
3015 2783 3178 2838 animi
3204 2782 3468 2840 charitate
3494 2800 3554 2840 se
3581 2801 3729 2840 con-
3755 2761 3790 2798 ί

2130 2878 2378 2947 jungunt.
2427 2873 2602 2943 Atque
2649 2871 2774 2928 ideo
2828 2872 3060 2928 reddens
3111 2882 3348 2942 augustae
3401 2879 3729 2934 reverentiae

2134 2964 2469 3021 salutationis
2509 2963 2780 3029 allectum,
2824 2973 2986 3032 spero
3031 2969 3090 3017 ut
3135 2963 3480 3021 redeuntibus
3526 2965 3728 3035 legatis

2061 3088 2106 3150 ο
2139 3059 2355 3122 nostris,
2386 3072 2523 3126 quos
2561 3055 2627 3109 ad
2671 3055 3144 3110 clementissimum
3180 3065 3236 3112 et
3273 3057 3724 3125 gloriosissimum

2134 3149 2430 3220 principem
2454 3146 2854 3212 destinavimus,
2885 3145 2952 3200 de
2977 3154 3152 3202 vestra
3181 3163 3280 3203 nos
3307 3147 3514 3204 faciatis
3540 3151 3728 3220 sospi-

2134 3249 2246 3296 tate
2289 3241 2552 3311 gaudere;
2594 3241 2720 3310 quia
2763 3255 3019 3310 prospera
3056 3251 3232 3296 vestra
3273 3241 3343 3296 ita
3379 3242 3534 3298 nobis
3560 3252 3724 3312 grata

2131 3331 2399 3397 videntur,
2428 3339 2485 3386 ut
2513 3330 2761 3412 propria;
2791 3337 2846 3383 et
2873 3345 3092 3387 necesse
3121 3342 3204 3390 est
3231 3335 3541 3404 sospitatem
3567 3335 3723 3390 desi-

2130 3425 2382 3482 deranter
2402 3427 2696 3497 suscipere,
2725 3438 2886 3494 quam
2911 3441 3014 3481 nos
3031 3426 3228 3497 jugiter
3256 3436 3468 3484 constat
3499 3436 3716 3498 Optare.

2689 3558 3017 3615 EPISTULA
3057 3557 3143 3614 XI.

2129 3661 2334 3702 ΠΑΧΙΙΟ
2354 3662 2476 3703 γιιιο
2511 3662 2775 3712 ιιιυετιη,
2816 3662 3130 3712 υοιιεετιοο,
3171 3662 3550 3704 τιιεοωηλυυε
3581 3664 3717 3706 κει.

2129 3734 2415 3791 Maximum
2457 3753 2522 3792 ea:
2562 3737 2860 3808 Aniciorum
2889 3737 3109 3808 familia,
3145 3753 3258 3807 quis
3286 3737 3458 3790 multis
3492 3748 3719 3793 ornatur

2197 3808 2460 3871 encomiis,
2501 3807 2798 3871 oriundum,
2839 3807 2898 3860 et
2921 3807 3072 3860 uxori
3120 3808 3274 3875 regia:
3309 3808 3488 3874 stirpis
3520 3811 3713 3862 matri-

2197 3879 2369 3931 monio
2383 3878 2622 3948 junctum
2646 3877 2715 3930 ad
2735 3877 3156 3947 primiceriatnm,
3175 3877 3280 3930 sive
3297 3877 3708 3944 domesticatum,

2193 3957 2471 4016 promovet.

2202 4042 2356 4113 162
2388 4039 2445 4096 Si
2481 4041 2650 4110 gloria
2679 4047 2762 4096 est
2789 4040 3054 4095 bonorum
3081 4038 3379 4109 principum
3410 4037 3713 4105 incognitas

441 4131 588 4186 mino
610 4129 839 4196 favente,
863 4129 1125 4199 jubeatis;
1149 4138 1207 4185 ut
1233 4145 1620 4200 cognoscamus
1649 4149 1748 4190 nos
1767 4149 1796 4188 a
1827 4136 2024 4206 pietate
2124 4131 2416 4185 honoribus
2443 4128 2738 4185 clariﬁcare
2763 4143 3022 4199 personas
3053 4129 3200 4198 (dum
3228 4125 3483 4198 quidquid
3523 4141 3554 4180 a
3587 4129 3714 4181 sub-

441 4230 620 4276 vestra
667 4237 854 4277 revera
898 4223 1066 4292 diligi,
1097 4238 1326 4292 quorum
1370 4222 1544 4280 facitis
1587 4234 1710 4282 vota
1740 4227 2017 4296 compleri.
2115 4220 2276 4290 jectis
2319 4219 2596 4290 proficitur
2643 4219 2979 4287 regnantium
3036 4219 3282 4274 laudibus
3335 4217 3705 4287 applicatur),

442 4311 630 4366 Vestra
659 4312 801 4366 enim
830 4311 998 4380 gloria
1038 4321 1122 4368 est
1163 4321 1347 4370 noster
1387 4323 1626 4378 ornatus,
1669 4317 1884 4385 quando
1924 4331 2022 4372 vos
2120 4318 2322 4380 quanto
2343 4311 2499 4366 nobis
2524 4313 2862 4380 prtestantius
2883 4321 2966 4366 est
2989 4309 3331 4366 nobilissima:
3351 4307 3560 4362 familia:
3583 4309 3711 4362 red--

439 4401 749 4473 praestitisse
775 4403 1116 4470 cognoscitur
1139 4403 1283 4474 quod
1319 4406 1516 4460 nostris
1561 4405 1806 4461 laudibus
1843 4407 2020 4477 appli-
2052 4459 2095 4477 η
2120 4401 2249 4456 dere
2293 4400 2436 4469 quod
2481 4415 2601 4456 eam
2648 4399 3026 4468 cognoscimus
3064 4399 3226 4455 etiam
3267 4395 3519 4452 nascendi
3554 4405 3708 4452 801·ιο

439 4499 609 4546 catur.
641 4486 808 4546 D'ecet
834 4492 975 4547 enim
1012 4501 1072 4548 ut
1111 4501 1168 4549 et
1195 4495 1340 4550 orbis
1368 4495 1469 4550 iste
1497 4496 1766 4551 Romanus
1800 4507 1822 4536 ε
1858 4497 2015 4566 juva-
2051 4486 2098 4516 ν
2119 4494 2381 4549 meruisse
2409 4493 2533 4556 tSic
2557 4495 2700 4550 enim
2725 4494 2988 4564 justitiam
3017 4494 3314 4564 sequimur,
3345 4491 3388 4548 si
3419 4489 3570 4544 bonis
3599 4490 3708 4544 Ιιαε-

437 4581 580 4636 mine
607 4591 788 4637 vestro
815 4584 1175 4654 resplendeat,
1206 4601 1364 4657 quem
1399 4601 1552 4642 amor
1585 4595 1781 4644 vestra:
1809 4586 2016 4643 sereni-
2117 4583 2334 4638 redibus
2359 4593 2642 4654 parentum
2666 4585 2883 4656 prmmia
2912 4599 3017 4639 non
3059 4597 3330 4649 negemus.
3363 4579 3527 4633 Decet
3552 4578 3698 4632 enim

437 4673 564 4727 tatis
590 4672 836 4728 illustrat.
2115 4673 2277 4728 etiam
2306 4675 2514 4745 priores
2541 4689 2669 4730 suos
2698 4675 2930 4739 vincere,
2958 4673 3052 4741 qui
3079 4671 3149 4725 ad
3176 4679 3356 4726 nostra
3385 4676 3703 4722 meruerunt

2113 4930 2362 4987 Gothico.
2395 4929 2560 4986 Fons.

2185 5036 2208 5063 ε
2250 5023 2309 5076 L.
2343 5022 2430 5089 l7,
2479 5019 2708 5089 [norbe
2751 5019 3006 5084 Romano,
3039 5018 3104 5089 de
3137 5025 3290 5089 statu
3337 5018 3480 5072 hom.
3525 5016 3692 5086 Plin.,

2112 5093 2202 5148 lib.
2224 5108 2350 5152 xvn,
2371 5087 2424 5146 c.
2443 5091 2534 5152 ης
2565 5087 2657 5144 lib.
2690 5105 2873 5155 χχχιιι,
2907 5105 3025 5159 cap.
3048 5087 3100 5142 4.
3133 5088 3270 5141 Male
3291 5089 3452 5159 prius,
3479 5090 3528 5144 in
3557 5092 3690 5149 urbe

505 4941 531 4971 ι
559 4932 830 4988 Laudatur
855 4931 945 4990 hic
981 4914 1218 5004 qurestor
1239 4948 1305 4988 ex
1336 4949 1402 4989 eo
1429 4933 1572 5004 quod
1612 4933 1665 4988 in
1705 4931 1926 5003 agendis
1952 4939 2009 4986 et

430 5004 744 5073 perorandis
771 5005 946 5058 causis
971 5004 1038 5059 ab
1064 5004 1268 5073 injuriis
1292 5004 1392 5058 sibi
1419 5005 1637 5058 omnino
1667 5009 2004 5071 temperave-

430 5075 529 5136 rit;
559 5073 891 5142 turpissimus
920 5075 1062 5129 enim
1084 5085 1165 5128 est
1187 5074 1516 5142 conviciandi
1539 5088 1677 5142 mos,
1700 5082 1759 5126 ut
1780 5079 2007 5142 testatur

428 5139 836 5229 Yal9tuihiilnus
859 5143 1048 5214 imper.
1081 5145 1133 5199 in
1155 5145 1197 5229 Δ1.
1227 5141 1487 5229 Quisquis,
1512 5142 1570 5229 9-
1594 5141 1676 5229 ρς
1695 5152 1828 5229 p9!-
1858 5139 2002 5229 ιζξεξξς
2111 5139 2718 5229 iia'nia.13,'iéget5a.'r;'
2731 5139 2873 5214 ᾞῘΣῙῙ
2904 5139 2999 5223 tif
3014 5139 3345 5229 magna
3376 5139 3688 5215 sitientia;

429 5213 876 5298 t‘erea‘oratio'pes
906 5209 1175 5298 urbm-sunt
1218 5209 1474 5298 copvieiis
1517 5209 1818 5281 implendas.
1869 5209 2002 5264 Vide

2146 5209 2799 5298 ἦῖἰῆῗὶίᾶῗιῖιῖἏῖιὲίὶιιῖζ
2828 5209 2925 5284 iis:
2948 5209 2990 5283 ii
3015 5209 3690 5298 5.3222assumtg'afa:

427 5283 548 5334 Am.
582 5280 968 5349 Marcellinum,
998 5282 1092 5338 lib.
1125 5298 1256 5336 xxx.
1285 5281 1477 5335 Bnoss.
1597 5280 1602 5281 “

2146 5280 2340 5363 nam,
2370 5280 3250 5367 3.331insistas;satiantur,
3281 5306 3338 5352 et
3357 5280 3398 5350 ἱ.
3431 5280 3488 5364 t,
3510 5280 3574 5352 ϐ’.
3609 5280 3689 5354 ὗε

497 5370 752 5425 Advocati
793 5371 846 5425 in
881 5371 1194 5440 perorandis
1228 5370 1404 5440 causis
1452 5378 1750 5440 temperare
1777 5369 1876 5423 sibi
1907 5368 2004 5422 de-
2100 5371 2365 5423 eunuchis.
2398 5369 2565 5424 Fons.

427 5440 552 5532 ligant
575 5456 604 5492 a
629 5438 1066 5532 conviLciisiyide
1095 5441 1129 5493 l.
1165 5456 1248 5532 ‘11,.
1263 5438 1438 5532 CaoDe'
1469 5439 1812 5508 postulando;
1843 5447 1999 5492 notas

2171 5457 2796 5532 diTheodoraszngustae,
2835 5457 3116 5532 Iustiniani
3152 5457 3391 5532 conjugi,_
3422 5457 3490 5512 de
3528 5458 3683 5526 cujus

426 5509 852 5598 adSymmach.,
884 5509 973 5562 lib.
1007 5524 1082 5574 ts,
1113 5511 1269 5578 epist-
1299 5507 1388 5561 ‘38-
1413 5507 1604 5562 JURET-
1909 5597 1915 5598 ί
2098 5507 3394 5598 ἷονιὶἶιίιῖἱῖιῖ’ἔηίἐῖιῖδἷέδέγοῇἷιῖξ-ῖξιῖἕίηῖῐῖἰῖέλά
3427 5507 3678 5598 ἒξεῃὶἆέὲῆ

495 5597 523 5637 δ
559 5601 938 5672 Amalasuntha
959 5600 1212 5672 cogitavit
1233 5599 1299 5654 ab
1319 5599 1465 5672 [talia
1479 5597 1995 5672 Constantinopplim
2097 5600 2346 5655 scribitur
2374 5599 2529 5668 infra,
2561 5599 2716 5672 epist.
2748 5595 2951 5669 20,—21,
2989 5596 3080 5667 25,
3111 5598 3269 5668 hujus
3299 5597 3440 5653 libri.
3473 5596 3639 5654 Fons.

422 5679 593 5736 usque
616 5671 761 5726 adire
785 5666 1140 5726 Justinianum
1167 5671 1294 5739 imp.
1327 5667 1555 5740 Procop.
1586 5670 1676 5724 lib.
1709 5683 1726 5722 ι
1752 5667 1818 5723 de
1849 5666 1995 5751 Delio
