  <div class='ocr_page' id='page_1' title='image "/cluster/home/n/w/nwhite01/storage/ocr_20150623/69/umn.31951002477362u/412.png"; bbox 0 0 3960 6374; ppageno 0'>
   <div class='ocr_carea' id='block_1_1' title="bbox 103 208 216 266">
    <p class='ocr_par' dir='ltr' id='par_1_1' title="bbox 103 208 216 266">
     <span class='ocr_line' id='line_1_1' title="bbox 103 208 216 266; baseline -0.027 0"><span class='ocrx_word' id='word_1_1' title='bbox 103 208 216 266; x_wconf 71' lang='grc'><strong>805</strong></span> 
     </span>
    </p>
   </div>
   <div class='ocr_carea' id='block_1_2' title="bbox 369 270 408 290">
    <p class='ocr_par' dir='ltr' id='par_1_2' title="bbox 369 270 408 290">
     <span class='ocr_line' id='line_1_2' title="bbox 369 270 408 290; baseline 0 0"><span class='ocrx_word' id='word_1_2' title='bbox 369 270 408 290; x_wconf 53' lang='grc' dir='ltr'>ς</span> 
     </span>
    </p>
   </div>
   <div class='ocr_carea' id='block_1_3' title="bbox 1448 188 2172 251">
    <p class='ocr_par' dir='ltr' id='par_1_3' title="bbox 1448 188 2172 251">
     <span class='ocr_line' id='line_1_3' title="bbox 1448 188 2172 251; baseline -0.007 0"><span class='ocrx_word' id='word_1_3' title='bbox 1448 188 1810 251; x_wconf 70' lang='lat' dir='ltr'><strong>V&#39;AlilARUM</strong></span> <span class='ocrx_word' id='word_1_4' title='bbox 1855 190 2055 247; x_wconf 78' lang='lat' dir='ltr'><strong>LIBER</strong></span> <span class='ocrx_word' id='word_1_5' title='bbox 2103 189 2172 246; x_wconf 78' lang='grc' dir='ltr'><strong>Χ.</strong></span> 
     </span>
    </p>
   </div>
   <div class='ocr_carea' id='block_1_4' title="bbox 3327 191 3431 248">
    <p class='ocr_par' dir='ltr' id='par_1_4' title="bbox 3327 191 3431 248">
     <span class='ocr_line' id='line_1_4' title="bbox 3327 191 3431 248; baseline -0.029 0"><span class='ocrx_word' id='word_1_6' title='bbox 3327 191 3431 248; x_wconf 79' lang='lat'><strong>800</strong></span> 
     </span>
    </p>
   </div>
   <div class='ocr_carea' id='block_1_5' title="bbox 105 306 3430 397">
    <p class='ocr_par' dir='ltr' id='par_1_5' title="bbox 105 306 3430 397">
     <span class='ocr_line' id='line_1_5' title="bbox 105 306 3430 397; baseline -0.007 -11"><span class='ocrx_word' id='word_1_7' title='bbox 105 338 368 397; x_wconf 82' lang='lat' dir='ltr'><strong>tempora</strong></span> <span class='ocrx_word' id='word_1_8' title='bbox 398 325 707 397; x_wconf 80' lang='lat' dir='ltr'><strong>pervenire.</strong></span> <span class='ocrx_word' id='word_1_9' title='bbox 739 323 962 381; x_wconf 81' lang='lat' dir='ltr'><strong>Anicios</strong></span> <span class='ocrx_word' id='word_1_10' title='bbox 988 321 1207 393; x_wconf 84' lang='lat' dir='ltr'><strong>quidem</strong></span> <span class='ocrx_word' id='word_1_11' title='bbox 1235 333 1374 391; x_wconf 90' lang='lat' dir='ltr'><strong>pene</strong></span> <span class='ocrx_word' id='word_1_12' title='bbox 1402 312 1732 390; x_wconf 77' lang='lat' dir='ltr'><strong>principibus</strong></span> <span class='ocrx_word' id='word_1_13' title='bbox 1762 311 1810 370; x_wconf 87' lang='lat' dir='ltr'><strong>A</strong></span> <span class='ocrx_word' id='word_1_14' title='bbox 1837 317 1990 364; x_wconf 85' lang='lat' dir='ltr'><strong>turus</strong></span> <span class='ocrx_word' id='word_1_15' title='bbox 2015 309 2159 364; x_wconf 90' lang='lat' dir='ltr'><strong>nulla</strong></span> <span class='ocrx_word' id='word_1_16' title='bbox 2189 307 2465 363; x_wconf 72' lang='lat' dir='ltr'><strong>vnderetur</strong></span> <span class='ocrx_word' id='word_1_17' title='bbox 2493 320 2727 371; x_wconf 88' lang='lat' dir='ltr'><strong>sumere,</strong></span> <span class='ocrx_word' id='word_1_18' title='bbox 2757 306 2848 377; x_wconf 86' lang='lat' dir='ltr'><strong>qui</strong></span> <span class='ocrx_word' id='word_1_19' title='bbox 2888 306 3172 378; x_wconf 70' lang='lat' dir='ltr'><strong>prima-vus</strong></span> <span class='ocrx_word' id='word_1_20' title='bbox 3208 310 3430 365; x_wconf 88' lang='lat' dir='ltr'><strong>emerita</strong></span> 
     </span>
    </p>
   </div>
   <div class='ocr_carea' id='block_1_6' title="bbox 105 405 1734 488">
    <p class='ocr_par' dir='ltr' id='par_1_6' title="bbox 105 405 1734 488">
     <span class='ocr_line' id='line_1_6' title="bbox 105 405 1734 488; baseline -0.009 -15"><span class='ocrx_word' id='word_1_21' title='bbox 105 433 280 488; x_wconf 86' lang='lat' dir='ltr'><strong>pares</strong></span> <span class='ocrx_word' id='word_1_22' title='bbox 305 427 444 473; x_wconf 54' lang='lat' dir='ltr'><strong>astas</strong></span> <span class='ocrx_word' id='word_1_23' title='bbox 470 420 648 486; x_wconf 81' lang='lat' dir='ltr'><strong>prisca</strong></span> <span class='ocrx_word' id='word_1_24' title='bbox 679 415 970 488; x_wconf 86' lang='lat' dir='ltr'><strong>progenuit</strong></span> <span class='ocrx_word' id='word_1_25' title='bbox 1000 432 1014 467; x_wconf 92' lang='lat'><strong>:</strong></span> <span class='ocrx_word' id='word_1_26' title='bbox 1045 426 1276 482; x_wconf 88' lang='lat' dir='ltr'><strong>quorum</strong></span> <span class='ocrx_word' id='word_1_27' title='bbox 1301 405 1535 465; x_wconf 84' lang='lat' dir='ltr'><strong>nominis</strong></span> <span class='ocrx_word' id='word_1_28' title='bbox 1560 405 1734 475; x_wconf 90' lang='lat' dir='ltr'><strong>digni-</strong></span> 
     </span>
    </p>
   </div>
   <div class='ocr_carea' id='block_1_7' title="bbox 109 497 1731 577">
    <p class='ocr_par' dir='ltr' id='par_1_7' title="bbox 109 497 1731 577">
     <span class='ocr_line' id='line_1_7' title="bbox 109 497 1731 577; baseline -0.008 -13"><span class='ocrx_word' id='word_1_29' title='bbox 109 519 197 564; x_wconf 90' lang='lat' dir='ltr'><strong>tas</strong></span> <span class='ocrx_word' id='word_1_30' title='bbox 228 509 303 564; x_wconf 79' lang='lat' dir='ltr'><strong>ad</strong></span> <span class='ocrx_word' id='word_1_31' title='bbox 339 518 397 564; x_wconf 91' lang='lat' dir='ltr'><strong>te</strong></span> <span class='ocrx_word' id='word_1_32' title='bbox 434 509 716 577; x_wconf 78' lang='lat' dir='ltr'><strong>sanguinis</strong></span> <span class='ocrx_word' id='word_1_33' title='bbox 737 507 887 563; x_wconf 91' lang='lat' dir='ltr'><strong>fonte</strong></span> <span class='ocrx_word' id='word_1_34' title='bbox 915 503 1206 576; x_wconf 89' lang='lat' dir='ltr'><strong>perducta,</strong></span> <span class='ocrx_word' id='word_1_35' title='bbox 1237 500 1480 557; x_wconf 76' lang='lat' dir='ltr'><strong>collectis</strong></span> <span class='ocrx_word' id='word_1_36' title='bbox 1508 497 1731 558; x_wconf 83' lang='lat' dir='ltr'><strong>viribus,</strong></span> 
     </span>
    </p>
   </div>
   <div class='ocr_carea' id='block_1_8' title="bbox 113 589 1735 662">
    <p class='ocr_par' dir='ltr' id='par_1_8' title="bbox 113 589 1735 662">
     <span class='ocr_line' id='line_1_8' title="bbox 113 589 1735 662; baseline -0.007 -8"><span class='ocrx_word' id='word_1_37' title='bbox 113 599 354 656; x_wconf 81' lang='lat' dir='ltr'><strong>hilarior</strong></span> <span class='ocrx_word' id='word_1_38' title='bbox 385 600 687 655; x_wconf 84' lang='lat' dir='ltr'><strong>instaurata</strong></span> <span class='ocrx_word' id='word_1_39' title='bbox 716 598 972 654; x_wconf 84' lang='lat' dir='ltr'><strong>rutilavit.</strong></span> <span class='ocrx_word' id='word_1_40' title='bbox 1002 594 1136 662; x_wconf 86' lang='lat' dir='ltr'><strong>Quis</strong></span> <span class='ocrx_word' id='word_1_41' title='bbox 1163 608 1294 661; x_wconf 88' lang='lat' dir='ltr'><strong>ergo</strong></span> <span class='ocrx_word' id='word_1_42' title='bbox 1324 591 1654 662; x_wconf 88' lang='lat' dir='ltr'><strong>relinqueret</strong></span> <span class='ocrx_word' id='word_1_43' title='bbox 1679 589 1735 643; x_wconf 92' lang='lat' dir='ltr'><strong>in</strong></span> 
     </span>
    </p>
   </div>
   <div class='ocr_carea' id='block_1_9' title="bbox 116 679 1736 762">
    <p class='ocr_par' dir='ltr' id='par_1_9' title="bbox 116 679 1736 762">
     <span class='ocr_line' id='line_1_9' title="bbox 116 679 1736 762; baseline -0.009 -16"><span class='ocrx_word' id='word_1_44' title='bbox 116 691 365 762; x_wconf 86' lang='lat' dir='ltr'><strong>posteris</strong></span> <span class='ocrx_word' id='word_1_45' title='bbox 401 691 582 746; x_wconf 89' lang='lat' dir='ltr'><strong>minus</strong></span> <span class='ocrx_word' id='word_1_46' title='bbox 621 691 862 744; x_wconf 89' lang='lat' dir='ltr'><strong>honoros</strong></span> <span class='ocrx_word' id='word_1_47' title='bbox 907 687 1035 760; x_wconf 81' lang='lat' dir='ltr'><strong>[ed.,</strong></span> <span class='ocrx_word' id='word_1_48' title='bbox 1082 681 1348 753; x_wconf 87' lang='lat' dir='ltr'><strong>honoris],</strong></span> <span class='ocrx_word' id='word_1_49' title='bbox 1380 697 1518 752; x_wconf 90' lang='lat' dir='ltr'><strong>quos</strong></span> <span class='ocrx_word' id='word_1_50' title='bbox 1548 679 1736 734; x_wconf 87' lang='lat' dir='ltr'><strong>tandiu</strong></span> 
     </span>
    </p>
   </div>
   <div class='ocr_carea' id='block_1_10' title="bbox 121 771 1735 852">
    <p class='ocr_par' dir='ltr' id='par_1_10' title="bbox 121 771 1735 852">
     <span class='ocr_line' id='line_1_10' title="bbox 121 771 1735 852; baseline -0.009 -12"><span class='ocrx_word' id='word_1_51' title='bbox 121 791 351 840; x_wconf 85' lang='lat' dir='ltr'><strong>constat</strong></span> <span class='ocrx_word' id='word_1_52' title='bbox 390 782 557 838; x_wconf 89' lang='lat' dir='ltr'><strong>fuisse</strong></span> <span class='ocrx_word' id='word_1_53' title='bbox 597 781 937 852; x_wconf 60' lang='lat' dir='ltr'><strong>pracipuos?</strong></span> <span class='ocrx_word' id='word_1_54' title='bbox 959 776 1356 834; x_wconf 87' lang='lat' dir='ltr'><strong>Accusarentur</strong></span> <span class='ocrx_word' id='word_1_55' title='bbox 1383 773 1580 829; x_wconf 66' lang='lat' dir='ltr'><strong>stccula</strong></span> <span class='ocrx_word' id='word_1_56' title='bbox 1611 781 1662 837; x_wconf 76' lang='grc'><strong>³,</strong></span> <span class='ocrx_word' id='word_1_57' title='bbox 1691 771 1735 826; x_wconf 91' lang='lat' dir='ltr'><strong>si</strong></span> 
     </span>
    </p>
   </div>
   <div class='ocr_carea' id='block_1_11' title="bbox 123 865 1740 948">
    <p class='ocr_par' dir='ltr' id='par_1_11' title="bbox 123 865 1740 948">
     <span class='ocr_line' id='line_1_11' title="bbox 123 865 1740 948; baseline -0.009 -15"><span class='ocrx_word' id='word_1_58' title='bbox 123 879 256 934; x_wconf 87' lang='lat' dir='ltr'><strong>talis</strong></span> <span class='ocrx_word' id='word_1_59' title='bbox 296 877 564 948; x_wconf 82' lang='lat' dir='ltr'><strong>potuisset</strong></span> <span class='ocrx_word' id='word_1_60' title='bbox 611 875 782 930; x_wconf 87' lang='lat' dir='ltr'><strong>latere</strong></span> <span class='ocrx_word' id='word_1_61' title='bbox 827 871 1049 927; x_wconf 79' lang='lat' dir='ltr'><strong>familia.</strong></span> <span class='ocrx_word' id='word_1_62' title='bbox 1105 871 1282 939; x_wconf 81' lang='lat' dir='ltr'><strong>Atque</strong></span> <span class='ocrx_word' id='word_1_63' title='bbox 1329 869 1532 923; x_wconf 83' lang='lat' dir='ltr'><strong>utinam</strong></span> <span class='ocrx_word' id='word_1_64' title='bbox 1584 865 1740 918; x_wconf 90' lang='lat' dir='ltr'><strong>nobis</strong></span> 
     </span>
    </p>
   </div>
   <div class='ocr_carea' id='block_1_12' title="bbox 126 955 1741 1023">
    <p class='ocr_par' dir='ltr' id='par_1_12' title="bbox 126 955 1741 1023">
     <span class='ocr_line' id='line_1_12' title="bbox 126 955 1741 1023; baseline -0.01 0"><span class='ocrx_word' id='word_1_65' title='bbox 126 968 335 1023; x_wconf 80' lang='lat' dir='ltr'><strong>Marios</strong></span> <span class='ocrx_word' id='word_1_66' title='bbox 367 966 449 1022; x_wconf 85' lang='lat' dir='ltr'><strong>vel</strong></span> <span class='ocrx_word' id='word_1_67' title='bbox 475 965 741 1020; x_wconf 82' lang='lat' dir='ltr'><strong>Corvinus</strong></span> <span class='ocrx_word' id='word_1_68' title='bbox 767 962 1026 1018; x_wconf 88' lang='lat' dir='ltr'><strong>annosior</strong></span> <span class='ocrx_word' id='word_1_69' title='bbox 1063 961 1171 1015; x_wconf 88' lang='lat' dir='ltr'><strong>vita</strong></span> <span class='ocrx_word' id='word_1_70' title='bbox 1210 956 1503 1014; x_wconf 80' lang='lat' dir='ltr'><strong>servasset!</strong></span> <span class='ocrx_word' id='word_1_71' title='bbox 1536 955 1623 1009; x_wconf 77' lang='lat' dir='ltr'><strong>vix</strong></span> <span class='ocrx_word' id='word_1_72' title='bbox 1653 969 1741 1009; x_wconf 80' lang='lat' dir='ltr'><strong>sa-</strong></span> 
     </span>
    </p>
   </div>
   <div class='ocr_carea' id='block_1_13' title="bbox 127 1049 1741 1128">
    <p class='ocr_par' dir='ltr' id='par_1_13' title="bbox 127 1049 1741 1128">
     <span class='ocr_line' id='line_1_13' title="bbox 127 1049 1741 1128; baseline -0.01 -14"><span class='ocrx_word' id='word_1_73' title='bbox 127 1061 364 1114; x_wconf 86' lang='lat' dir='ltr'><strong>tiaretur</strong></span> <span class='ocrx_word' id='word_1_74' title='bbox 389 1057 648 1128; x_wconf 82' lang='lat' dir='ltr'><strong>principis</strong></span> <span class='ocrx_word' id='word_1_75' title='bbox 674 1062 879 1118; x_wconf 85' lang='lat' dir='ltr'><strong>votum,</strong></span> <span class='ocrx_word' id='word_1_76' title='bbox 910 1053 958 1108; x_wconf 89' lang='lat' dir='ltr'><strong>si</strong></span> <span class='ocrx_word' id='word_1_77' title='bbox 989 1066 1088 1106; x_wconf 94' lang='lat' dir='ltr'><strong>nos</strong></span> <span class='ocrx_word' id='word_1_78' title='bbox 1115 1049 1453 1118; x_wconf 87' lang='lat' dir='ltr'><strong>contingeret</strong></span> <span class='ocrx_word' id='word_1_79' title='bbox 1483 1059 1741 1115; x_wconf 84' lang='lat' dir='ltr'><strong>pe;sonas</strong></span> 
     </span>
    </p>
   </div>
   <div class='ocr_carea' id='block_1_14' title="bbox 132 1133 1742 1217">
    <p class='ocr_par' dir='ltr' id='par_1_14' title="bbox 132 1133 1742 1217">
     <span class='ocr_line' id='line_1_14' title="bbox 132 1133 1742 1217; baseline -0.01 -11"><span class='ocrx_word' id='word_1_80' title='bbox 132 1151 258 1206; x_wconf 85' lang='lat' dir='ltr'><strong>illas</strong></span> <span class='ocrx_word' id='word_1_81' title='bbox 311 1149 498 1204; x_wconf 89' lang='lat' dir='ltr'><strong>talium</strong></span> <span class='ocrx_word' id='word_1_82' title='bbox 548 1143 830 1217; x_wconf 84' lang='lat' dir='ltr'><strong>possidere</strong></span> <span class='ocrx_word' id='word_1_83' title='bbox 885 1141 1226 1198; x_wconf 87' lang='lat' dir='ltr'><strong>meritorum.</strong></span> <span class='ocrx_word' id='word_1_84' title='bbox 1277 1133 1742 1205; x_wconf 81' lang='lat' dir='ltr'><strong>Quemadmodum</strong></span> 
     </span>
    </p>
   </div>
   <div class='ocr_carea' id='block_1_15' title="bbox 131 1229 1743 1312">
    <p class='ocr_par' dir='ltr' id='par_1_15' title="bbox 131 1229 1743 1312">
     <span class='ocr_line' id='line_1_15' title="bbox 131 1229 1743 1312; baseline -0.01 -14"><span class='ocrx_word' id='word_1_85' title='bbox 131 1258 286 1300; x_wconf 85' lang='lat' dir='ltr'><strong>nunc</strong></span> <span class='ocrx_word' id='word_1_86' title='bbox 326 1243 576 1312; x_wconf 87' lang='lat' dir='ltr'><strong>profecto</strong></span> <span class='ocrx_word' id='word_1_87' title='bbox 617 1239 950 1306; x_wconf 74' lang='lat' dir='ltr'><strong>negligemus</strong></span> <span class='ocrx_word' id='word_1_88' title='bbox 983 1235 1223 1298; x_wconf 88' lang='lat' dir='ltr'><strong>inventa,</strong></span> <span class='ocrx_word' id='word_1_89' title='bbox 1253 1231 1345 1302; x_wconf 88' lang='lat' dir='ltr'><strong>qui</strong></span> <span class='ocrx_word' id='word_1_90' title='bbox 1376 1229 1743 1286; x_wconf 87' lang='lat' dir='ltr'><strong>desideramus</strong></span> 
     </span>
    </p>
   </div>
   <div class='ocr_carea' id='block_1_16' title="bbox 131 1319 1742 1402">
    <p class='ocr_par' dir='ltr' id='par_1_16' title="bbox 131 1319 1742 1402">
     <span class='ocr_line' id='line_1_16' title="bbox 131 1319 1742 1402; baseline -0.011 -12"><span class='ocrx_word' id='word_1_91' title='bbox 131 1335 345 1390; x_wconf 85' lang='lat' dir='ltr'><strong>habere</strong></span> <span class='ocrx_word' id='word_1_92' title='bbox 371 1330 644 1402; x_wconf 63' lang='lat' dir='ltr'><strong>praeterita</strong></span> <span class='ocrx_word' id='word_1_93' title='bbox 669 1333 685 1386; x_wconf 74' lang='grc' dir='ltr'><strong>ι</strong></span> <span class='ocrx_word' id='word_1_94' title='bbox 711 1328 888 1398; x_wconf 93' lang='lat' dir='ltr'><strong>Atque</strong></span> <span class='ocrx_word' id='word_1_95' title='bbox 917 1324 1042 1380; x_wconf 88' lang='lat' dir='ltr'><strong>ideo</strong></span> <span class='ocrx_word' id='word_1_96' title='bbox 1073 1323 1240 1394; x_wconf 90' lang='lat' dir='ltr'><strong>(quod</strong></span> <span class='ocrx_word' id='word_1_97' title='bbox 1283 1321 1512 1376; x_wconf 78' lang='lat' dir='ltr'><strong>feliciter</strong></span> <span class='ocrx_word' id='word_1_98' title='bbox 1539 1319 1742 1375; x_wconf 88' lang='lat' dir='ltr'><strong>dictum</strong></span> 
     </span>
    </p>
   </div>
   <div class='ocr_carea' id='block_1_17' title="bbox 133 1411 1742 1495">
    <p class='ocr_par' dir='ltr' id='par_1_17' title="bbox 133 1411 1742 1495">
     <span class='ocr_line' id='line_1_17' title="bbox 133 1411 1742 1495; baseline -0.011 -14"><span class='ocrx_word' id='word_1_99' title='bbox 133 1424 232 1495; x_wconf 85' lang='lat' dir='ltr'><strong>sit)</strong></span> <span class='ocrx_word' id='word_1_100' title='bbox 288 1422 709 1495; x_wconf 86' lang='lat' dir='ltr'><strong>primiceriatus,</strong></span> <span class='ocrx_word' id='word_1_101' title='bbox 750 1419 842 1488; x_wconf 89' lang='lat' dir='ltr'><strong>qui</strong></span> <span class='ocrx_word' id='word_1_102' title='bbox 879 1424 937 1473; x_wconf 92' lang='lat' dir='ltr'><strong>et</strong></span> <span class='ocrx_word' id='word_1_103' title='bbox 980 1415 1369 1472; x_wconf 88' lang='lat' dir='ltr'><strong>domesticatus</strong></span> <span class='ocrx_word' id='word_1_104' title='bbox 1413 1411 1742 1475; x_wconf 87' lang='lat' dir='ltr'><strong>nominatur,</strong></span> 
     </span>
    </p>
   </div>
   <div class='ocr_carea' id='block_1_18' title="bbox 143 1503 1744 1582">
    <p class='ocr_par' dir='ltr' id='par_1_18' title="bbox 143 1503 1744 1582">
     <span class='ocr_line' id='line_1_18' title="bbox 143 1503 1744 1582; baseline -0.009 -10"><span class='ocrx_word' id='word_1_105' title='bbox 143 1518 216 1572; x_wconf 87' lang='lat' dir='ltr'><strong>ah</strong></span> <span class='ocrx_word' id='word_1_106' title='bbox 267 1516 564 1574; x_wconf 85' lang='lat' dir='ltr'><strong>indictione</strong></span> <span class='ocrx_word' id='word_1_107' title='bbox 590 1513 799 1569; x_wconf 88' lang='lat' dir='ltr'><strong>decima</strong></span> <span class='ocrx_word' id='word_1_108' title='bbox 837 1518 1031 1582; x_wconf 85' lang='lat' dir='ltr'><strong>quarta</strong></span> <span class='ocrx_word' id='word_1_109' title='bbox 1061 1508 1238 1581; x_wconf 80' lang='lat' dir='ltr'><strong>(Anno</strong></span> <span class='ocrx_word' id='word_1_110' title='bbox 1267 1507 1460 1562; x_wconf 75' lang='lat' dir='ltr'><strong>Christi</strong></span> <span class='ocrx_word' id='word_1_111' title='bbox 1489 1503 1616 1573; x_wconf 75' lang='lat'><strong>556)</strong></span> <span class='ocrx_word' id='word_1_112' title='bbox 1648 1503 1744 1557; x_wconf 88' lang='lat' dir='ltr'><strong>tibi</strong></span> 
     </span>
    </p>
   </div>
   <div class='ocr_carea' id='block_1_19' title="bbox 140 1596 1745 1674">
    <p class='ocr_par' dir='ltr' id='par_1_19' title="bbox 140 1596 1745 1674">
     <span class='ocr_line' id='line_1_19' title="bbox 140 1596 1745 1674; baseline -0.009 -10"><span class='ocrx_word' id='word_1_113' title='bbox 140 1607 478 1664; x_wconf 88' lang='lat' dir='ltr'><strong>conferimus</strong></span> <span class='ocrx_word' id='word_1_114' title='bbox 503 1605 846 1674; x_wconf 87' lang='lat' dir='ltr'><strong>dignitatem.</strong></span> <span class='ocrx_word' id='word_1_115' title='bbox 878 1601 1082 1658; x_wconf 89' lang='lat' dir='ltr'><strong>Usurus</strong></span> <span class='ocrx_word' id='word_1_116' title='bbox 1105 1616 1166 1655; x_wconf 91' lang='lat' dir='ltr'><strong>es</strong></span> <span class='ocrx_word' id='word_1_117' title='bbox 1187 1599 1437 1654; x_wconf 88' lang='lat' dir='ltr'><strong>omnibus</strong></span> <span class='ocrx_word' id='word_1_118' title='bbox 1461 1597 1628 1652; x_wconf 90' lang='lat' dir='ltr'><strong>titulis</strong></span> <span class='ocrx_word' id='word_1_119' title='bbox 1653 1596 1745 1665; x_wconf 85' lang='lat' dir='ltr'><strong>qui</strong></span> 
     </span>
    </p>
   </div>
   <div class='ocr_carea' id='block_1_20' title="bbox 1837 399 3433 472">
    <p class='ocr_par' dir='ltr' id='par_1_20' title="bbox 1837 399 3433 472">
     <span class='ocr_line' id='line_1_20' title="bbox 1837 399 3433 472; baseline 0.001 -16"><span class='ocrx_word' id='word_1_120' title='bbox 1837 401 2183 470; x_wconf 80' lang='lat' dir='ltr'><strong>cognoscitur</strong></span> <span class='ocrx_word' id='word_1_121' title='bbox 2208 399 2503 470; x_wconf 69' lang='lat' dir='ltr'><strong>accepisse.</strong></span> <span class='ocrx_word' id='word_1_122' title='bbox 2535 399 2696 454; x_wconf 84' lang='lat' dir='ltr'><strong>Avari</strong></span> <span class='ocrx_word' id='word_1_123' title='bbox 2725 399 2925 470; x_wconf 85' lang='lat' dir='ltr'><strong>quippe</strong></span> <span class='ocrx_word' id='word_1_124' title='bbox 2951 400 3206 472; x_wconf 83' lang='lat' dir='ltr'><strong>principis</strong></span> <span class='ocrx_word' id='word_1_125' title='bbox 3235 410 3356 458; x_wconf 88' lang='lat' dir='ltr'><strong>erat</strong></span> <span class='ocrx_word' id='word_1_126' title='bbox 3378 403 3433 458; x_wconf 88' lang='lat' dir='ltr'><strong>in</strong></span> 
     </span>
    </p>
   </div>
   <div class='ocr_carea' id='block_1_21' title="bbox 1837 492 3436 564">
    <p class='ocr_par' dir='ltr' id='par_1_21' title="bbox 1837 492 3436 564">
     <span class='ocr_line' id='line_1_21' title="bbox 1837 492 3436 564; baseline 0.001 -16"><span class='ocrx_word' id='word_1_127' title='bbox 1837 509 1948 549; x_wconf 93' lang='lat' dir='ltr'><strong>uno</strong></span> <span class='ocrx_word' id='word_1_128' title='bbox 1990 495 2200 549; x_wconf 88' lang='lat' dir='ltr'><strong>honore</strong></span> <span class='ocrx_word' id='word_1_129' title='bbox 2239 493 2413 564; x_wconf 90' lang='lat' dir='ltr'><strong>spatia</strong></span> <span class='ocrx_word' id='word_1_130' title='bbox 2453 492 2575 547; x_wconf 69' lang='lat' dir='ltr'><strong>vitm</strong></span> <span class='ocrx_word' id='word_1_131' title='bbox 2621 500 2730 546; x_wconf 87' lang='lat' dir='ltr'><strong>tam</strong></span> <span class='ocrx_word' id='word_1_132' title='bbox 2770 507 2962 563; x_wconf 82' lang='lat' dir='ltr'><strong>magna</strong></span> <span class='ocrx_word' id='word_1_133' title='bbox 3004 494 3348 561; x_wconf 86' lang='lat' dir='ltr'><strong>concludere,</strong></span> <span class='ocrx_word' id='word_1_134' title='bbox 3379 504 3436 550; x_wconf 92' lang='lat' dir='ltr'><strong>et</strong></span> 
     </span>
    </p>
   </div>
   <div class='ocr_carea' id='block_1_22' title="bbox 1838 583 3438 655">
    <p class='ocr_par' dir='ltr' id='par_1_22' title="bbox 1838 583 3438 655">
     <span class='ocr_line' id='line_1_22' title="bbox 1838 583 3438 655; baseline 0.001 -15"><span class='ocrx_word' id='word_1_135' title='bbox 1838 584 1962 640; x_wconf 89' lang='lat' dir='ltr'><strong>ideo</strong></span> <span class='ocrx_word' id='word_1_136' title='bbox 2005 585 2176 654; x_wconf 84' lang='lat' dir='ltr'><strong>magis</strong></span> <span class='ocrx_word' id='word_1_137' title='bbox 2223 583 2356 639; x_wconf 85' lang='lat' dir='ltr'><strong>nihil</strong></span> <span class='ocrx_word' id='word_1_138' title='bbox 2407 592 2684 655; x_wconf 69' lang='lat' dir='ltr'><strong>prtustare,</strong></span> <span class='ocrx_word' id='word_1_139' title='bbox 2731 583 2856 652; x_wconf 87' lang='lat' dir='ltr'><strong>quia</strong></span> <span class='ocrx_word' id='word_1_140' title='bbox 2896 584 3044 653; x_wconf 87' lang='lat' dir='ltr'><strong>prius</strong></span> <span class='ocrx_word' id='word_1_141' title='bbox 3092 587 3438 654; x_wconf 75' lang='lat' dir='ltr'><strong>cognoscitur</strong></span> 
     </span>
    </p>
   </div>
   <div class='ocr_carea' id='block_1_23' title="bbox 1838 677 3436 748">
    <p class='ocr_par' dir='ltr' id='par_1_23' title="bbox 1838 677 3436 748">
     <span class='ocr_line' id='line_1_23' title="bbox 1838 677 3436 748; baseline 0 -14"><span class='ocrx_word' id='word_1_142' title='bbox 1838 693 2046 736; x_wconf 84' lang='lat' dir='ltr'><strong>summa</strong></span> <span class='ocrx_word' id='word_1_143' title='bbox 2115 679 2379 732; x_wconf 86' lang='lat' dir='ltr'><strong>meruisse</strong></span> <span class='ocrx_word' id='word_1_144' title='bbox 2427 695 2440 730; x_wconf 86' lang='lat'><strong>:</strong></span> <span class='ocrx_word' id='word_1_145' title='bbox 2492 678 2621 745; x_wconf 89' lang='lat' dir='ltr'><strong>quin</strong></span> <span class='ocrx_word' id='word_1_146' title='bbox 2678 677 2857 747; x_wconf 89' lang='lat' dir='ltr'><strong>potius</strong></span> <span class='ocrx_word' id='word_1_147' title='bbox 2905 678 3084 732; x_wconf 88' lang='lat' dir='ltr'><strong>omnia</strong></span> <span class='ocrx_word' id='word_1_148' title='bbox 3132 681 3436 748; x_wconf 83' lang='lat' dir='ltr'><strong>promiscue</strong></span> 
     </span>
    </p>
   </div>
   <div class='ocr_carea' id='block_1_24' title="bbox 1840 768 3436 836">
    <p class='ocr_par' dir='ltr' id='par_1_24' title="bbox 1840 768 3436 836">
     <span class='ocr_line' id='line_1_24' title="bbox 1840 768 3436 836; baseline -0.001 -12"><span class='ocrx_word' id='word_1_149' title='bbox 1840 769 2222 824; x_wconf 82' lang='lat' dir='ltr'><strong>concedamus.</strong></span> <span class='ocrx_word' id='word_1_150' title='bbox 2283 769 2437 823; x_wconf 87' lang='lat' dir='ltr'><strong>Nulla</strong></span> <span class='ocrx_word' id='word_1_151' title='bbox 2483 768 2716 836; x_wconf 82' lang='lat' dir='ltr'><strong>dignitas</strong></span> <span class='ocrx_word' id='word_1_152' title='bbox 2765 769 2943 822; x_wconf 87' lang='lat' dir='ltr'><strong>minor</strong></span> <span class='ocrx_word' id='word_1_153' title='bbox 2987 777 3088 832; x_wconf 91' lang='lat' dir='ltr'><strong>est,</strong></span> <span class='ocrx_word' id='word_1_154' title='bbox 3133 784 3256 824; x_wconf 89' lang='lat' dir='ltr'><strong>eum</strong></span> <span class='ocrx_word' id='word_1_155' title='bbox 3297 770 3436 825; x_wconf 67' lang='lat' dir='ltr'><strong>bene</strong></span> 
     </span>
    </p>
   </div>
   <div class='ocr_carea' id='block_1_25' title="bbox 1840 860 3438 931">
    <p class='ocr_par' dir='ltr' id='par_1_25' title="bbox 1840 860 3438 931">
     <span class='ocr_line' id='line_1_25' title="bbox 1840 860 3438 931; baseline 0.002 -16"><span class='ocrx_word' id='word_1_156' title='bbox 1840 862 2063 930; x_wconf 77' lang='lat' dir='ltr'><strong>geritur,</strong></span> <span class='ocrx_word' id='word_1_157' title='bbox 2095 860 2311 931; x_wconf 88' lang='lat' dir='ltr'><strong>quando</strong></span> <span class='ocrx_word' id='word_1_158' title='bbox 2338 862 2692 915; x_wconf 87' lang='lat' dir='ltr'><strong>reverentiam</strong></span> <span class='ocrx_word' id='word_1_159' title='bbox 2722 861 3039 930; x_wconf 83' lang='lat' dir='ltr'><strong>plerumque</strong></span> <span class='ocrx_word' id='word_1_160' title='bbox 3061 863 3202 918; x_wconf 90' lang='lat' dir='ltr'><strong>actio</strong></span> <span class='ocrx_word' id='word_1_161' title='bbox 3228 863 3438 918; x_wconf 87' lang='lat' dir='ltr'><strong>videtur</strong></span> 
     </span>
    </p>
   </div>
   <div class='ocr_carea' id='block_1_26' title="bbox 1843 949 3438 1022">
    <p class='ocr_par' dir='ltr' id='par_1_26' title="bbox 1843 949 3438 1022">
     <span class='ocr_line' id='line_1_26' title="bbox 1843 949 3438 1022; baseline 0 -15"><span class='ocrx_word' id='word_1_162' title='bbox 1843 952 2092 1022; x_wconf 87' lang='lat' dir='ltr'><strong>accipere</strong></span> <span class='ocrx_word' id='word_1_163' title='bbox 2118 951 2187 1006; x_wconf 94' lang='lat' dir='ltr'><strong>de</strong></span> <span class='ocrx_word' id='word_1_164' title='bbox 2217 950 2465 1006; x_wconf 86' lang='lat' dir='ltr'><strong>claritate</strong></span> <span class='ocrx_word' id='word_1_165' title='bbox 2495 965 2760 1021; x_wconf 60' lang='lat' dir='ltr'><strong>personas.</strong></span> <span class='ocrx_word' id='word_1_166' title='bbox 2797 949 2921 1006; x_wconf 72' lang='lat' dir='ltr'><strong>Hmc</strong></span> <span class='ocrx_word' id='word_1_167' title='bbox 2947 959 3125 1006; x_wconf 90' lang='lat' dir='ltr'><strong>autem</strong></span> <span class='ocrx_word' id='word_1_168' title='bbox 3157 959 3287 1008; x_wconf 90' lang='lat' dir='ltr'><strong>tunc</strong></span> <span class='ocrx_word' id='word_1_169' title='bbox 3315 962 3438 1007; x_wconf 90' lang='lat' dir='ltr'><strong>sunt</strong></span> 
     </span>
    </p>
   </div>
   <div class='ocr_carea' id='block_1_27' title="bbox 1842 1041 3436 1111">
    <p class='ocr_par' dir='ltr' id='par_1_27' title="bbox 1842 1041 3436 1111">
     <span class='ocr_line' id='line_1_27' title="bbox 1842 1041 3436 1111; baseline 0.001 -16"><span class='ocrx_word' id='word_1_170' title='bbox 1842 1043 2098 1111; x_wconf 79' lang='lat' dir='ltr'><strong>gradibus</strong></span> <span class='ocrx_word' id='word_1_171' title='bbox 2133 1042 2408 1110; x_wconf 86' lang='lat' dir='ltr'><strong>distincta,</strong></span> <span class='ocrx_word' id='word_1_172' title='bbox 2449 1057 2573 1097; x_wconf 91' lang='lat' dir='ltr'><strong>cum</strong></span> <span class='ocrx_word' id='word_1_173' title='bbox 2619 1041 2847 1096; x_wconf 82' lang='lat' dir='ltr'><strong>diversis</strong></span> <span class='ocrx_word' id='word_1_174' title='bbox 2890 1041 3091 1098; x_wconf 83' lang='lat' dir='ltr'><strong>fuerint</strong></span> <span class='ocrx_word' id='word_1_175' title='bbox 3135 1041 3436 1097; x_wconf 88' lang='lat' dir='ltr'><strong>distributa.</strong></span> 
     </span>
    </p>
   </div>
   <div class='ocr_carea' id='block_1_28' title="bbox 1844 1132 3445 1203">
    <p class='ocr_par' dir='ltr' id='par_1_28' title="bbox 1844 1132 3445 1203">
     <span class='ocr_line' id='line_1_28' title="bbox 1844 1132 3445 1203; baseline 0 -15"><span class='ocrx_word' id='word_1_176' title='bbox 1844 1133 1976 1188; x_wconf 86' lang='lat' dir='ltr'><strong>Nam</strong></span> <span class='ocrx_word' id='word_1_177' title='bbox 2006 1134 2270 1188; x_wconf 86' lang='lat' dir='ltr'><strong>honorem</strong></span> <span class='ocrx_word' id='word_1_178' title='bbox 2301 1148 2458 1188; x_wconf 91' lang='lat' dir='ltr'><strong>suum</strong></span> <span class='ocrx_word' id='word_1_179' title='bbox 2487 1148 2702 1203; x_wconf 88' lang='lat' dir='ltr'><strong>semper</strong></span> <span class='ocrx_word' id='word_1_180' title='bbox 2728 1132 3008 1202; x_wconf 59' lang='lat' dir='ltr'><strong>aequaliter</strong></span> <span class='ocrx_word' id='word_1_181' title='bbox 3035 1133 3253 1200; x_wconf 89' lang='lat' dir='ltr'><strong>retinet,</strong></span> <span class='ocrx_word' id='word_1_182' title='bbox 3286 1134 3445 1203; x_wconf 91' lang='lat' dir='ltr'><strong>quid-</strong></span> 
     </span>
    </p>
   </div>
   <div class='ocr_carea' id='block_1_29' title="bbox 1844 1223 3443 1294">
    <p class='ocr_par' dir='ltr' id='par_1_29' title="bbox 1844 1223 3443 1294">
     <span class='ocr_line' id='line_1_29' title="bbox 1844 1223 3443 1294; baseline 0.002 -17"><span class='ocrx_word' id='word_1_183' title='bbox 1844 1223 1972 1293; x_wconf 88' lang='lat' dir='ltr'><strong>quid</strong></span> <span class='ocrx_word' id='word_1_184' title='bbox 2003 1225 2172 1294; x_wconf 91' lang='lat' dir='ltr'><strong>probe</strong></span> <span class='ocrx_word' id='word_1_185' title='bbox 2203 1225 2434 1293; x_wconf 84' lang='lat' dir='ltr'><strong>gesserit</strong></span> <span class='ocrx_word' id='word_1_186' title='bbox 2468 1224 2789 1280; x_wconf 69' lang='lat' dir='ltr'><strong>consularis.</strong></span> <span class='ocrx_word' id='word_1_187' title='bbox 2829 1223 2919 1280; x_wconf 86' lang='lat' dir='ltr'><strong>Sic</strong></span> <span class='ocrx_word' id='word_1_188' title='bbox 2956 1225 3224 1281; x_wconf 89' lang='lat' dir='ltr'><strong>minorum</strong></span> <span class='ocrx_word' id='word_1_189' title='bbox 3266 1226 3443 1281; x_wconf 89' lang='lat' dir='ltr'><strong>llumi-</strong></span> 
     </span>
    </p>
   </div>
   <div class='ocr_carea' id='block_1_30' title="bbox 1847 1314 3445 1387">
    <p class='ocr_par' dir='ltr' id='par_1_30' title="bbox 1847 1314 3445 1387">
     <span class='ocr_line' id='line_1_30' title="bbox 1847 1314 3445 1387; baseline 0.003 -18"><span class='ocrx_word' id='word_1_190' title='bbox 1847 1331 1975 1369; x_wconf 91' lang='lat' dir='ltr'><strong>num</strong></span> <span class='ocrx_word' id='word_1_191' title='bbox 2022 1315 2286 1369; x_wconf 88' lang='lat' dir='ltr'><strong>vocabula</strong></span> <span class='ocrx_word' id='word_1_192' title='bbox 2333 1314 2507 1384; x_wconf 89' lang='lat' dir='ltr'><strong>major</strong></span> <span class='ocrx_word' id='word_1_193' title='bbox 2544 1316 2719 1370; x_wconf 88' lang='lat' dir='ltr'><strong>anmis</strong></span> <span class='ocrx_word' id='word_1_194' title='bbox 2767 1316 3054 1383; x_wconf 87' lang='lat' dir='ltr'><strong>absorbet,</strong></span> <span class='ocrx_word' id='word_1_195' title='bbox 3106 1324 3162 1371; x_wconf 87' lang='lat' dir='ltr'><strong>et</strong></span> <span class='ocrx_word' id='word_1_196' title='bbox 3199 1318 3445 1387; x_wconf 87' lang='lat' dir='ltr'><strong>quamvis</strong></span> 
     </span>
    </p>
   </div>
   <div class='ocr_carea' id='block_1_31' title="bbox 1846 1405 3446 1480">
    <p class='ocr_par' dir='ltr' id='par_1_31' title="bbox 1846 1405 3446 1480">
     <span class='ocr_line' id='line_1_31' title="bbox 1846 1405 3446 1480; baseline 0.003 -20"><span class='ocrx_word' id='word_1_197' title='bbox 1846 1406 2076 1478; x_wconf 88' lang='lat' dir='ltr'><strong>plurima</strong></span> <span class='ocrx_word' id='word_1_198' title='bbox 2105 1405 2305 1462; x_wconf 80' lang='lat' dir='ltr'><strong>ﬂuenta</strong></span> <span class='ocrx_word' id='word_1_199' title='bbox 2333 1405 2541 1462; x_wconf 81' lang='lat' dir='ltr'><strong>Tiberis</strong></span> <span class='ocrx_word' id='word_1_200' title='bbox 2570 1416 2749 1462; x_wconf 86' lang='lat' dir='ltr'><strong>vester</strong></span> <span class='ocrx_word' id='word_1_201' title='bbox 2771 1408 3020 1480; x_wconf 90' lang='lat' dir='ltr'><strong>accipiat,</strong></span> <span class='ocrx_word' id='word_1_202' title='bbox 3052 1417 3230 1464; x_wconf 86' lang='lat' dir='ltr'><strong>tamen</strong></span> <span class='ocrx_word' id='word_1_203' title='bbox 3258 1425 3288 1463; x_wconf 88' lang='lat' dir='ltr'><strong>a</strong></span> <span class='ocrx_word' id='word_1_204' title='bbox 3319 1425 3446 1480; x_wconf 89' lang='lat' dir='ltr'><strong>pro-</strong></span> 
     </span>
    </p>
   </div>
   <div class='ocr_carea' id='block_1_32' title="bbox 1847 1497 3445 1569">
    <p class='ocr_par' dir='ltr' id='par_1_32' title="bbox 1847 1497 3445 1569">
     <span class='ocr_line' id='line_1_32' title="bbox 1847 1497 3445 1569; baseline 0.001 -15"><span class='ocrx_word' id='word_1_205' title='bbox 1847 1500 1968 1569; x_wconf 90' lang='lat' dir='ltr'><strong>prio</strong></span> <span class='ocrx_word' id='word_1_206' title='bbox 1997 1499 2214 1554; x_wconf 85' lang='lat' dir='ltr'><strong>nomine</strong></span> <span class='ocrx_word' id='word_1_207' title='bbox 2241 1514 2352 1554; x_wconf 89' lang='lat' dir='ltr'><strong>non</strong></span> <span class='ocrx_word' id='word_1_208' title='bbox 2380 1499 2632 1554; x_wconf 88' lang='lat' dir='ltr'><strong>declinat.</strong></span> <span class='ocrx_word' id='word_1_209' title='bbox 2666 1497 2733 1554; x_wconf 87' lang='lat' dir='ltr'><strong>Et</strong></span> <span class='ocrx_word' id='word_1_210' title='bbox 2763 1499 2905 1566; x_wconf 92' lang='lat' dir='ltr'><strong>ideo,</strong></span> <span class='ocrx_word' id='word_1_211' title='bbox 2933 1500 3076 1569; x_wconf 92' lang='lat' dir='ltr'><strong>quod</strong></span> <span class='ocrx_word' id='word_1_212' title='bbox 3110 1500 3338 1557; x_wconf 80' lang='lat' dir='ltr'><strong>feliciter</strong></span> <span class='ocrx_word' id='word_1_213' title='bbox 3357 1500 3445 1556; x_wconf 87' lang='lat' dir='ltr'><strong>di-</strong></span> 
     </span>
    </p>
   </div>
   <div class='ocr_carea' id='block_1_33' title="bbox 1849 1590 3448 1662">
    <p class='ocr_par' dir='ltr' id='par_1_33' title="bbox 1849 1590 3448 1662">
     <span class='ocr_line' id='line_1_33' title="bbox 1849 1590 3448 1662; baseline 0.001 -16"><span class='ocrx_word' id='word_1_214' title='bbox 1849 1600 1996 1646; x_wconf 91' lang='lat' dir='ltr'><strong>ctum</strong></span> <span class='ocrx_word' id='word_1_215' title='bbox 2025 1591 2116 1656; x_wconf 88' lang='lat' dir='ltr'><strong>sit,</strong></span> <span class='ocrx_word' id='word_1_216' title='bbox 2147 1590 2339 1646; x_wconf 82' lang='lat' dir='ltr'><strong>illustri</strong></span> <span class='ocrx_word' id='word_1_217' title='bbox 2368 1591 2487 1646; x_wconf 90' lang='lat' dir='ltr'><strong>viro</strong></span> <span class='ocrx_word' id='word_1_218' title='bbox 2515 1599 2677 1662; x_wconf 88' lang='lat' dir='ltr'><strong>atque</strong></span> <span class='ocrx_word' id='word_1_219' title='bbox 2709 1591 2994 1660; x_wconf 77' lang='lat' dir='ltr'><strong>magnifico</strong></span> <span class='ocrx_word' id='word_1_220' title='bbox 3023 1592 3248 1662; x_wconf 88' lang='lat' dir='ltr'><strong>patricio</strong></span> <span class='ocrx_word' id='word_1_221' title='bbox 3274 1591 3448 1648; x_wconf 80' lang='lat' dir='ltr'><strong>Maxi-</strong></span> 
     </span>
    </p>
   </div>
   <div class='ocr_carea' id='block_1_34' title="bbox 141 1681 3447 1768">
    <p class='ocr_par' dir='ltr' id='par_1_34' title="bbox 141 1681 3447 1768">
     <span class='ocr_line' id='line_1_34' title="bbox 141 1681 3447 1768; baseline -0.005 -14"><span class='ocrx_word' id='word_1_222' title='bbox 141 1702 212 1756; x_wconf 92' lang='lat' dir='ltr'><strong>ad</strong></span> <span class='ocrx_word' id='word_1_223' title='bbox 233 1699 358 1768; x_wconf 86' lang='lat' dir='ltr'><strong>ejus</strong></span> <span class='ocrx_word' id='word_1_224' title='bbox 377 1698 652 1768; x_wconf 87' lang='lat' dir='ltr'><strong>pertinent</strong></span> <span class='ocrx_word' id='word_1_225' title='bbox 687 1695 975 1750; x_wconf 87' lang='lat' dir='ltr'><strong>actionem.</strong></span> <span class='ocrx_word' id='word_1_226' title='bbox 1007 1690 1106 1746; x_wconf 84' lang='lat' dir='ltr'><strong>llic</strong></span> <span class='ocrx_word' id='word_1_227' title='bbox 1127 1691 1299 1745; x_wconf 93' lang='lat' dir='ltr'><strong>honor</strong></span> <span class='ocrx_word' id='word_1_228' title='bbox 1319 1687 1566 1758; x_wconf 86' lang='lat' dir='ltr'><strong>quamvis</strong></span> <span class='ocrx_word' id='word_1_229' title='bbox 1588 1685 1750 1740; x_wconf 89' lang='lat' dir='ltr'><strong>tantis</strong></span> <span class='ocrx_word' id='word_1_230' title='bbox 1786 1690 1825 1748; x_wconf 70' lang='lat' dir='ltr'><strong>lt</strong></span> <span class='ocrx_word' id='word_1_231' title='bbox 1855 1697 1944 1736; x_wconf 92' lang='lat' dir='ltr'><strong>mo</strong></span> <span class='ocrx_word' id='word_1_232' title='bbox 1973 1681 2388 1752; x_wconf 89' lang='lat' dir='ltr'><strong>primiceriatus,</strong></span> <span class='ocrx_word' id='word_1_233' title='bbox 2430 1681 2522 1750; x_wconf 91' lang='lat' dir='ltr'><strong>qui</strong></span> <span class='ocrx_word' id='word_1_234' title='bbox 2560 1689 2616 1736; x_wconf 90' lang='lat' dir='ltr'><strong>et</strong></span> <span class='ocrx_word' id='word_1_235' title='bbox 2649 1681 3033 1737; x_wconf 86' lang='lat' dir='ltr'><strong>domesticatus</strong></span> <span class='ocrx_word' id='word_1_236' title='bbox 3059 1683 3388 1751; x_wconf 87' lang='lat' dir='ltr'><strong>nominatur,</strong></span> <span class='ocrx_word' id='word_1_237' title='bbox 3417 1699 3447 1738; x_wconf 89' lang='lat' dir='ltr'><strong>a</strong></span> 
     </span>
    </p>
   </div>
   <div class='ocr_carea' id='block_1_35' title="bbox 145 1775 1748 1849">
    <p class='ocr_par' dir='ltr' id='par_1_35' title="bbox 145 1775 1748 1849">
     <span class='ocr_line' id='line_1_35' title="bbox 145 1775 1748 1849; baseline -0.01 -3"><span class='ocrx_word' id='word_1_238' title='bbox 145 1790 424 1846; x_wconf 88' lang='lat' dir='ltr'><strong>natalibus</strong></span> <span class='ocrx_word' id='word_1_239' title='bbox 472 1787 722 1843; x_wconf 87' lang='lat' dir='ltr'><strong>videatur</strong></span> <span class='ocrx_word' id='word_1_240' title='bbox 769 1784 1010 1849; x_wconf 89' lang='lat' dir='ltr'><strong>inferior,</strong></span> <span class='ocrx_word' id='word_1_241' title='bbox 1041 1781 1252 1838; x_wconf 87' lang='lat' dir='ltr'><strong>cunctis</strong></span> <span class='ocrx_word' id='word_1_242' title='bbox 1293 1789 1474 1834; x_wconf 89' lang='lat' dir='ltr'><strong>tamen</strong></span> <span class='ocrx_word' id='word_1_243' title='bbox 1512 1775 1748 1831; x_wconf 79' lang='lat' dir='ltr'><strong>fascibus</strong></span> 
     </span>
    </p>
   </div>
   <div class='ocr_carea' id='block_1_36' title="bbox 146 1867 1748 1944">
    <p class='ocr_par' dir='ltr' id='par_1_36' title="bbox 146 1867 1748 1944">
     <span class='ocr_line' id='line_1_36' title="bbox 146 1867 1748 1944; baseline -0.011 -6"><span class='ocrx_word' id='word_1_244' title='bbox 146 1885 260 1942; x_wconf 88' lang='lat' dir='ltr'><strong>tuis</strong></span> <span class='ocrx_word' id='word_1_245' title='bbox 304 1884 520 1940; x_wconf 87' lang='lat' dir='ltr'><strong>videtur</strong></span> <span class='ocrx_word' id='word_1_246' title='bbox 563 1896 684 1938; x_wconf 89' lang='lat' dir='ltr'><strong>esse</strong></span> <span class='ocrx_word' id='word_1_247' title='bbox 731 1874 970 1944; x_wconf 79' lang='lat' dir='ltr'><strong>felicior;</strong></span> <span class='ocrx_word' id='word_1_248' title='bbox 1007 1875 1161 1944; x_wconf 84' lang='lat' dir='ltr'><strong>cujus</strong></span> <span class='ocrx_word' id='word_1_249' title='bbox 1209 1881 1456 1942; x_wconf 89' lang='lat' dir='ltr'><strong>tempore</strong></span> <span class='ocrx_word' id='word_1_250' title='bbox 1502 1867 1748 1924; x_wconf 89' lang='lat' dir='ltr'><strong>meruisti</strong></span> 
     </span>
    </p>
   </div>
   <div class='ocr_carea' id='block_1_37' title="bbox 147 1962 1752 2047">
    <p class='ocr_par' dir='ltr' id='par_1_37' title="bbox 147 1962 1752 2047">
     <span class='ocr_line' id='line_1_37' title="bbox 147 1962 1752 2047; baseline -0.011 -15"><span class='ocrx_word' id='word_1_251' title='bbox 147 1976 438 2047; x_wconf 82' lang='lat' dir='ltr'><strong>conjugem</strong></span> <span class='ocrx_word' id='word_1_252' title='bbox 463 1974 623 2044; x_wconf 71' lang='lat' dir='ltr'><strong>regiae</strong></span> <span class='ocrx_word' id='word_1_253' title='bbox 665 1972 848 2043; x_wconf 86' lang='lat' dir='ltr'><strong>stirpis</strong></span> <span class='ocrx_word' id='word_1_254' title='bbox 881 1971 1150 2040; x_wconf 85' lang='lat' dir='ltr'><strong>accipere,</strong></span> <span class='ocrx_word' id='word_1_255' title='bbox 1179 1981 1341 2037; x_wconf 92' lang='lat' dir='ltr'><strong>quam</strong></span> <span class='ocrx_word' id='word_1_256' title='bbox 1372 1964 1427 2018; x_wconf 90' lang='lat' dir='ltr'><strong>in</strong></span> <span class='ocrx_word' id='word_1_257' title='bbox 1457 1962 1560 2018; x_wconf 90' lang='lat' dir='ltr'><strong>tuis</strong></span> <span class='ocrx_word' id='word_1_258' title='bbox 1589 1976 1752 2017; x_wconf 85' lang='lat' dir='ltr'><strong>curu-</strong></span> 
     </span>
    </p>
   </div>
   <div class='ocr_carea' id='block_1_38' title="bbox 149 2053 1751 2144">
    <p class='ocr_par' dir='ltr' id='par_1_38' title="bbox 149 2053 1751 2144">
     <span class='ocr_line' id='line_1_38' title="bbox 149 2053 1751 2144; baseline -0.012 -18"><span class='ocrx_word' id='word_1_259' title='bbox 149 2070 294 2128; x_wconf 85' lang='lat' dir='ltr'><strong>libus</strong></span> <span class='ocrx_word' id='word_1_260' title='bbox 321 2067 440 2144; x_wconf 69' lang='lat' dir='ltr'><strong>[Gn</strong></span> <span class='ocrx_word' id='word_1_261' title='bbox 472 2076 523 2123; x_wconf 85' lang='lat' dir='ltr'><strong>et</strong></span> <span class='ocrx_word' id='word_1_262' title='bbox 548 2066 692 2139; x_wconf 61' lang='grc' dir='ltr'><strong>ϐαίη</strong></span> <span class='ocrx_word' id='word_1_263' title='bbox 721 2074 815 2120; x_wconf 92' lang='lat' dir='ltr'><strong>tuo</strong></span> <span class='ocrx_word' id='word_1_264' title='bbox 852 2057 1158 2132; x_wconf 84' lang='lat' dir='ltr'><strong>consulatu]</strong></span> <span class='ocrx_word' id='word_1_265' title='bbox 1191 2073 1290 2115; x_wconf 91' lang='lat' dir='ltr'><strong>nec</strong></span> <span class='ocrx_word' id='word_1_266' title='bbox 1320 2053 1751 2144; x_wconf 65' lang='lat' dir='ltr'><strong>prtesumpsisses</strong></span> 
     </span>
    </p>
   </div>
   <div class='ocr_carea' id='block_1_39' title="bbox 149 2143 1752 2233">
    <p class='ocr_par' dir='ltr' id='par_1_39' title="bbox 149 2143 1752 2233">
     <span class='ocr_line' id='line_1_39' title="bbox 149 2143 1752 2233; baseline -0.012 -15"><span class='ocrx_word' id='word_1_267' title='bbox 149 2143 367 2233; x_wconf 81' lang='lat' dir='ltr'><strong>optare.</strong></span> <span class='ocrx_word' id='word_1_268' title='bbox 397 2159 512 2230; x_wconf 81' lang='lat' dir='ltr'><strong>Age</strong></span> <span class='ocrx_word' id='word_1_269' title='bbox 542 2173 704 2224; x_wconf 89' lang='lat' dir='ltr'><strong>nunc,</strong></span> <span class='ocrx_word' id='word_1_270' title='bbox 734 2163 794 2213; x_wconf 90' lang='lat' dir='ltr'><strong>ut</strong></span> <span class='ocrx_word' id='word_1_271' title='bbox 820 2155 962 2212; x_wconf 86' lang='lat' dir='ltr'><strong>sicut</strong></span> <span class='ocrx_word' id='word_1_272' title='bbox 989 2152 1085 2208; x_wconf 89' lang='lat' dir='ltr'><strong>tibi</strong></span> <span class='ocrx_word' id='word_1_273' title='bbox 1118 2157 1202 2207; x_wconf 91' lang='lat' dir='ltr'><strong>est</strong></span> <span class='ocrx_word' id='word_1_274' title='bbox 1231 2149 1464 2214; x_wconf 83' lang='lat' dir='ltr'><strong>votivus,</strong></span> <span class='ocrx_word' id='word_1_275' title='bbox 1493 2145 1566 2200; x_wconf 90' lang='lat' dir='ltr'><strong>ita</strong></span> <span class='ocrx_word' id='word_1_276' title='bbox 1596 2143 1752 2199; x_wconf 90' lang='lat' dir='ltr'><strong>nobis</strong></span> 
     </span>
    </p>
   </div>
   <div class='ocr_carea' id='block_1_40' title="bbox 148 2235 1756 2323">
    <p class='ocr_par' dir='ltr' id='par_1_40' title="bbox 148 2235 1756 2323">
     <span class='ocr_line' id='line_1_40' title="bbox 148 2235 1756 2323; baseline -0.014 -11"><span class='ocrx_word' id='word_1_277' title='bbox 148 2255 727 2323; x_wconf 70' lang='lat' dir='ltr'><strong>reddaturaceeptus.</strong></span> <span class='ocrx_word' id='word_1_278' title='bbox 769 2245 1068 2304; x_wconf 89' lang='lat' dir='ltr'><strong>Considera</strong></span> <span class='ocrx_word' id='word_1_279' title='bbox 1109 2241 1238 2314; x_wconf 90' lang='lat' dir='ltr'><strong>quid</strong></span> <span class='ocrx_word' id='word_1_280' title='bbox 1276 2237 1562 2306; x_wconf 89' lang='lat' dir='ltr'><strong>merueris,</strong></span> <span class='ocrx_word' id='word_1_281' title='bbox 1591 2245 1648 2291; x_wconf 92' lang='lat' dir='ltr'><strong>et</strong></span> <span class='ocrx_word' id='word_1_282' title='bbox 1671 2235 1756 2291; x_wconf 54' lang='lat' dir='ltr'><strong>di4</strong></span> 
     </span>
    </p>
   </div>
   <div class='ocr_carea' id='block_1_41' title="bbox 150 2327 1754 2415">
    <p class='ocr_par' dir='ltr' id='par_1_41' title="bbox 150 2327 1754 2415">
     <span class='ocr_line' id='line_1_41' title="bbox 150 2327 1754 2415; baseline -0.012 -14"><span class='ocrx_word' id='word_1_283' title='bbox 150 2361 321 2415; x_wconf 84' lang='lat' dir='ltr'><strong>gnum</strong></span> <span class='ocrx_word' id='word_1_284' title='bbox 353 2352 405 2400; x_wconf 91' lang='lat' dir='ltr'><strong>te</strong></span> <span class='ocrx_word' id='word_1_285' title='bbox 432 2351 617 2399; x_wconf 89' lang='lat' dir='ltr'><strong>nostra</strong></span> <span class='ocrx_word' id='word_1_286' title='bbox 643 2339 906 2396; x_wconf 88' lang='lat' dir='ltr'><strong>aflinitate</strong></span> <span class='ocrx_word' id='word_1_287' title='bbox 931 2334 1208 2392; x_wconf 87' lang='lat' dir='ltr'><strong>tractabis.</strong></span> <span class='ocrx_word' id='word_1_288' title='bbox 1241 2331 1376 2387; x_wconf 86' lang='lat' dir='ltr'><strong>Nam</strong></span> <span class='ocrx_word' id='word_1_289' title='bbox 1412 2329 1506 2400; x_wconf 92' lang='lat' dir='ltr'><strong>qui</strong></span> <span class='ocrx_word' id='word_1_290' title='bbox 1537 2327 1754 2384; x_wconf 69' lang='lat' dir='ltr'><strong>familia:</strong></span> 
     </span>
    </p>
   </div>
   <div class='ocr_carea' id='block_1_42' title="bbox 154 2420 1750 2508">
    <p class='ocr_par' dir='ltr' id='par_1_42' title="bbox 154 2420 1750 2508">
     <span class='ocr_line' id='line_1_42' title="bbox 154 2420 1750 2508; baseline -0.014 -14"><span class='ocrx_word' id='word_1_291' title='bbox 154 2436 439 2508; x_wconf 86' lang='lat' dir='ltr'><strong>regnantis</strong></span> <span class='ocrx_word' id='word_1_292' title='bbox 479 2433 805 2504; x_wconf 86' lang='lat' dir='ltr'><strong>adjungitur,</strong></span> <span class='ocrx_word' id='word_1_293' title='bbox 841 2431 898 2486; x_wconf 90' lang='lat' dir='ltr'><strong>in</strong></span> <span class='ocrx_word' id='word_1_294' title='bbox 939 2427 1157 2484; x_wconf 90' lang='lat' dir='ltr'><strong>laudum</strong></span> <span class='ocrx_word' id='word_1_295' title='bbox 1196 2423 1404 2494; x_wconf 88' lang='lat' dir='ltr'><strong>gremio</strong></span> <span class='ocrx_word' id='word_1_296' title='bbox 1433 2420 1750 2477; x_wconf 81' lang='lat' dir='ltr'><strong>collocatur.</strong></span> 
     </span>
    </p>
   </div>
   <div class='ocr_carea' id='block_1_43' title="bbox 157 2510 1759 2597">
    <p class='ocr_par' dir='ltr' id='par_1_43' title="bbox 157 2510 1759 2597">
     <span class='ocr_line' id='line_1_43' title="bbox 157 2510 1759 2597; baseline -0.013 -13"><span class='ocrx_word' id='word_1_297' title='bbox 157 2529 317 2584; x_wconf 74' lang='lat' dir='ltr'><strong>Nunc</strong></span> <span class='ocrx_word' id='word_1_298' title='bbox 345 2527 519 2597; x_wconf 87' lang='lat' dir='ltr'><strong>major</strong></span> <span class='ocrx_word' id='word_1_299' title='bbox 551 2539 719 2596; x_wconf 85' lang='lat' dir='ltr'><strong>opera</strong></span> <span class='ocrx_word' id='word_1_300' title='bbox 755 2517 1155 2578; x_wconf 86' lang='lat' dir='ltr'><strong>mansuetudini</strong></span> <span class='ocrx_word' id='word_1_301' title='bbox 1178 2516 1371 2582; x_wconf 87' lang='lat' dir='ltr'><strong>detur;</strong></span> <span class='ocrx_word' id='word_1_302' title='bbox 1402 2527 1546 2568; x_wconf 90' lang='lat' dir='ltr'><strong>nunc</strong></span> <span class='ocrx_word' id='word_1_303' title='bbox 1580 2510 1759 2566; x_wconf 88' lang='lat' dir='ltr'><strong>omni-</strong></span> 
     </span>
    </p>
   </div>
   <div class='ocr_carea' id='block_1_44' title="bbox 159 2600 1758 2683">
    <p class='ocr_par' dir='ltr' id='par_1_44' title="bbox 159 2600 1758 2683">
     <span class='ocr_line' id='line_1_44' title="bbox 159 2600 1758 2683; baseline -0.014 -7"><span class='ocrx_word' id='word_1_304' title='bbox 159 2622 267 2676; x_wconf 90' lang='lat' dir='ltr'><strong>bus</strong></span> <span class='ocrx_word' id='word_1_305' title='bbox 303 2617 613 2674; x_wconf 82' lang='lat' dir='ltr'><strong>communio</strong></span> <span class='ocrx_word' id='word_1_306' title='bbox 654 2612 884 2683; x_wconf 85' lang='lat' dir='ltr'><strong>benigna</strong></span> <span class='ocrx_word' id='word_1_307' title='bbox 911 2609 1248 2681; x_wconf 64' lang='lat' dir='ltr'><strong>prabeatur;</strong></span> <span class='ocrx_word' id='word_1_308' title='bbox 1277 2612 1337 2660; x_wconf 92' lang='lat' dir='ltr'><strong>ut</strong></span> <span class='ocrx_word' id='word_1_309' title='bbox 1364 2603 1525 2658; x_wconf 86' lang='lat' dir='ltr'><strong>talem</strong></span> <span class='ocrx_word' id='word_1_310' title='bbox 1557 2600 1758 2672; x_wconf 87' lang='lat' dir='ltr'><strong>probe-</strong></span> 
     </span>
    </p>
   </div>
   <div class='ocr_carea' id='block_1_45' title="bbox 162 2693 1760 2778">
    <p class='ocr_par' dir='ltr' id='par_1_45' title="bbox 162 2693 1760 2778">
     <span class='ocr_line' id='line_1_45' title="bbox 162 2693 1760 2778; baseline -0.014 -11"><span class='ocrx_word' id='word_1_311' title='bbox 162 2725 290 2766; x_wconf 87' lang='lat' dir='ltr'><strong>mur</strong></span> <span class='ocrx_word' id='word_1_312' title='bbox 315 2707 561 2778; x_wconf 81' lang='lat' dir='ltr'><strong>elegisse,</strong></span> <span class='ocrx_word' id='word_1_313' title='bbox 595 2719 755 2775; x_wconf 86' lang='lat' dir='ltr'><strong>quem</strong></span> <span class='ocrx_word' id='word_1_314' title='bbox 802 2701 948 2757; x_wconf 88' lang='lat' dir='ltr'><strong>nulla</strong></span> <span class='ocrx_word' id='word_1_315' title='bbox 993 2698 1165 2770; x_wconf 87' lang='lat' dir='ltr'><strong>possit</strong></span> <span class='ocrx_word' id='word_1_316' title='bbox 1205 2693 1535 2767; x_wconf 85' lang='lat' dir='ltr'><strong>prosperitas</strong></span> <span class='ocrx_word' id='word_1_317' title='bbox 1561 2693 1760 2748; x_wconf 86' lang='lat' dir='ltr'><strong>immu-</strong></span> 
     </span>
    </p>
   </div>
   <div class='ocr_carea' id='block_1_46' title="bbox 165 2784 1763 2866">
    <p class='ocr_par' dir='ltr' id='par_1_46' title="bbox 165 2784 1763 2866">
     <span class='ocr_line' id='line_1_46' title="bbox 165 2784 1763 2866; baseline -0.013 -7"><span class='ocrx_word' id='word_1_318' title='bbox 165 2811 307 2859; x_wconf 89' lang='lat' dir='ltr'><strong>tare.</strong></span> <span class='ocrx_word' id='word_1_319' title='bbox 335 2799 562 2856; x_wconf 78' lang='lat' dir='ltr'><strong>Humilis</strong></span> <span class='ocrx_word' id='word_1_320' title='bbox 591 2811 692 2866; x_wconf 88' lang='lat' dir='ltr'><strong>age</strong></span> <span class='ocrx_word' id='word_1_321' title='bbox 733 2811 848 2852; x_wconf 89' lang='lat' dir='ltr'><strong>rem</strong></span> <span class='ocrx_word' id='word_1_322' title='bbox 875 2792 1080 2864; x_wconf 65' lang='lat' dir='ltr'><strong>gloriae,</strong></span> <span class='ocrx_word' id='word_1_323' title='bbox 1103 2790 1230 2860; x_wconf 91' lang='lat' dir='ltr'><strong>quia</strong></span> <span class='ocrx_word' id='word_1_324' title='bbox 1255 2787 1324 2845; x_wconf 90' lang='lat' dir='ltr'><strong>de</strong></span> <span class='ocrx_word' id='word_1_325' title='bbox 1357 2786 1620 2842; x_wconf 89' lang='lat' dir='ltr'><strong>modestia</strong></span> <span class='ocrx_word' id='word_1_326' title='bbox 1647 2784 1763 2839; x_wconf 77' lang='lat' dir='ltr'><strong>laus</strong></span> 
     </span>
    </p>
   </div>
   <div class='ocr_carea' id='block_1_47' title="bbox 164 2876 1765 2956">
    <p class='ocr_par' dir='ltr' id='par_1_47' title="bbox 164 2876 1765 2956">
     <span class='ocr_line' id='line_1_47' title="bbox 164 2876 1765 2956; baseline -0.012 -7"><span class='ocrx_word' id='word_1_327' title='bbox 164 2894 418 2956; x_wconf 90' lang='lat' dir='ltr'><strong>sumitur,</strong></span> <span class='ocrx_word' id='word_1_328' title='bbox 445 2891 516 2947; x_wconf 87' lang='lat' dir='ltr'><strong>de</strong></span> <span class='ocrx_word' id='word_1_329' title='bbox 551 2889 786 2946; x_wconf 87' lang='lat' dir='ltr'><strong>elatione</strong></span> <span class='ocrx_word' id='word_1_330' title='bbox 823 2886 1005 2942; x_wconf 90' lang='lat' dir='ltr'><strong>odium</strong></span> <span class='ocrx_word' id='word_1_331' title='bbox 1046 2882 1372 2939; x_wconf 89' lang='lat' dir='ltr'><strong>concitatur.</strong></span> <span class='ocrx_word' id='word_1_332' title='bbox 1411 2876 1765 2934; x_wconf 80' lang='lat' dir='ltr'><strong>Provectibus</strong></span> 
     </span>
    </p>
   </div>
   <div class='ocr_carea' id='block_1_48' title="bbox 53 2965 1764 3057">
    <p class='ocr_par' dir='ltr' id='par_1_48' title="bbox 53 2965 1764 3057">
     <span class='ocr_line' id='line_1_48' title="bbox 53 2965 1764 3057; baseline -0.012 -16"><span class='ocrx_word' id='word_1_333' title='bbox 53 2974 70 2982; x_wconf 79' lang='grc'><strong>’</strong></span> <span class='ocrx_word' id='word_1_334' title='bbox 167 2983 388 3057; x_wconf 88' lang='lat' dir='ltr'><strong>quidem</strong></span> <span class='ocrx_word' id='word_1_335' title='bbox 418 2980 665 3051; x_wconf 80' lang='lat' dir='ltr'><strong>proxima</strong></span> <span class='ocrx_word' id='word_1_336' title='bbox 694 2985 780 3033; x_wconf 90' lang='lat' dir='ltr'><strong>est</strong></span> <span class='ocrx_word' id='word_1_337' title='bbox 823 2974 1187 3030; x_wconf 87' lang='lat' dir='ltr'><strong>indubitanter</strong></span> <span class='ocrx_word' id='word_1_338' title='bbox 1227 2967 1458 3035; x_wconf 89' lang='lat' dir='ltr'><strong>invidia;</strong></span> <span class='ocrx_word' id='word_1_339' title='bbox 1499 2965 1595 3023; x_wconf 90' lang='lat' dir='ltr'><strong>sed</strong></span> <span class='ocrx_word' id='word_1_340' title='bbox 1623 2965 1764 3021; x_wconf 88' lang='lat' dir='ltr'><strong>tole-</strong></span> 
     </span>
    </p>
   </div>
   <div class='ocr_carea' id='block_1_49' title="bbox 1857 1771 3450 1844">
    <p class='ocr_par' dir='ltr' id='par_1_49' title="bbox 1857 1771 3450 1844">
     <span class='ocr_line' id='line_1_49' title="bbox 1857 1771 3450 1844; baseline 0.002 -19"><span class='ocrx_word' id='word_1_341' title='bbox 1857 1779 2048 1842; x_wconf 87' lang='lat' dir='ltr'><strong>quarta</strong></span> <span class='ocrx_word' id='word_1_342' title='bbox 2081 1771 2286 1827; x_wconf 86' lang='lat' dir='ltr'><strong>decima</strong></span> <span class='ocrx_word' id='word_1_343' title='bbox 2331 1771 2623 1827; x_wconf 89' lang='lat' dir='ltr'><strong>indictione</strong></span> <span class='ocrx_word' id='word_1_344' title='bbox 2655 1772 2829 1844; x_wconf 78' lang='lat' dir='ltr'><strong>(Anno</strong></span> <span class='ocrx_word' id='word_1_345' title='bbox 2869 1771 3062 1827; x_wconf 79' lang='lat' dir='ltr'><strong>Christi</strong></span> <span class='ocrx_word' id='word_1_346' title='bbox 3101 1771 3226 1844; x_wconf 77' lang='grc'><strong>556)</strong></span> <span class='ocrx_word' id='word_1_347' title='bbox 3254 1787 3450 1842; x_wconf 87' lang='lat' dir='ltr'><strong>geren-</strong></span> 
     </span>
    </p>
   </div>
   <div class='ocr_carea' id='block_1_50' title="bbox 1855 1863 3452 1932">
    <p class='ocr_par' dir='ltr' id='par_1_50' title="bbox 1855 1863 3452 1932">
     <span class='ocr_line' id='line_1_50' title="bbox 1855 1863 3452 1932; baseline 0.001 -14"><span class='ocrx_word' id='word_1_348' title='bbox 1855 1863 1980 1920; x_wconf 87' lang='lat' dir='ltr'><strong>dam</strong></span> <span class='ocrx_word' id='word_1_349' title='bbox 2025 1863 2311 1920; x_wconf 90' lang='lat' dir='ltr'><strong>tribuimus</strong></span> <span class='ocrx_word' id='word_1_350' title='bbox 2351 1864 2688 1932; x_wconf 87' lang='lat' dir='ltr'><strong>dignitatem,</strong></span> <span class='ocrx_word' id='word_1_351' title='bbox 2731 1872 2790 1919; x_wconf 91' lang='lat' dir='ltr'><strong>ut</strong></span> <span class='ocrx_word' id='word_1_352' title='bbox 2835 1863 3180 1920; x_wconf 87' lang='lat' dir='ltr'><strong>mediocritas</strong></span> <span class='ocrx_word' id='word_1_353' title='bbox 3229 1865 3452 1920; x_wconf 89' lang='lat' dir='ltr'><strong>honoris</strong></span> 
     </span>
    </p>
   </div>
   <div class='ocr_carea' id='block_1_51' title="bbox 1853 1954 3454 2027">
    <p class='ocr_par' dir='ltr' id='par_1_51' title="bbox 1853 1954 3454 2027">
     <span class='ocr_line' id='line_1_51' title="bbox 1853 1954 3454 2027; baseline 0.001 -18"><span class='ocrx_word' id='word_1_354' title='bbox 1853 1955 2048 2012; x_wconf 90' lang='lat' dir='ltr'><strong>merito</strong></span> <span class='ocrx_word' id='word_1_355' title='bbox 2096 1964 2370 2012; x_wconf 84' lang='lat' dir='ltr'><strong>cresceret</strong></span> <span class='ocrx_word' id='word_1_356' title='bbox 2418 1956 2775 2027; x_wconf 60' lang='lat' dir='ltr'><strong>praesidentis.</strong></span> <span class='ocrx_word' id='word_1_357' title='bbox 2821 1955 3006 2026; x_wconf 88' lang='lat' dir='ltr'><strong>Neque</strong></span> <span class='ocrx_word' id='word_1_358' title='bbox 3051 1955 3192 2011; x_wconf 90' lang='lat' dir='ltr'><strong>enim</strong></span> <span class='ocrx_word' id='word_1_359' title='bbox 3241 1954 3324 2013; x_wconf 84' lang='lat' dir='ltr'><strong>fas</strong></span> <span class='ocrx_word' id='word_1_360' title='bbox 3370 1964 3454 2012; x_wconf 92' lang='lat' dir='ltr'><strong>est</strong></span> 
     </span>
    </p>
   </div>
   <div class='ocr_carea' id='block_1_52' title="bbox 1853 2047 3454 2119">
    <p class='ocr_par' dir='ltr' id='par_1_52' title="bbox 1853 2047 3454 2119">
     <span class='ocr_line' id='line_1_52' title="bbox 1853 2047 3454 2119; baseline 0.002 -17"><span class='ocrx_word' id='word_1_361' title='bbox 1853 2047 2055 2103; x_wconf 83' lang='lat' dir='ltr'><strong>humile</strong></span> <span class='ocrx_word' id='word_1_362' title='bbox 2094 2047 2200 2103; x_wconf 91' lang='lat' dir='ltr'><strong>dici</strong></span> <span class='ocrx_word' id='word_1_363' title='bbox 2238 2047 2386 2119; x_wconf 91' lang='lat' dir='ltr'><strong>quod</strong></span> <span class='ocrx_word' id='word_1_364' title='bbox 2427 2050 2567 2119; x_wconf 83' lang='lat' dir='ltr'><strong>gerit</strong></span> <span class='ocrx_word' id='word_1_365' title='bbox 2609 2048 2828 2105; x_wconf 82' lang='lat' dir='ltr'><strong>Anicius</strong></span> <span class='ocrx_word' id='word_1_366' title='bbox 2860 2067 2874 2104; x_wconf 91' lang='lat'><strong>:</strong></span> <span class='ocrx_word' id='word_1_367' title='bbox 2907 2049 3104 2104; x_wconf 86' lang='lat' dir='ltr'><strong>familia</strong></span> <span class='ocrx_word' id='word_1_368' title='bbox 3155 2058 3272 2106; x_wconf 93' lang='lat' dir='ltr'><strong>toto</strong></span> <span class='ocrx_word' id='word_1_369' title='bbox 3320 2051 3454 2106; x_wconf 88' lang='lat' dir='ltr'><strong>orbe</strong></span> 
     </span>
    </p>
   </div>
   <div class='ocr_carea' id='block_1_53' title="bbox 1854 2141 3450 2214">
    <p class='ocr_par' dir='ltr' id='par_1_53' title="bbox 1854 2141 3450 2214">
     <span class='ocr_line' id='line_1_53' title="bbox 1854 2141 3450 2214; baseline 0.003 -18"><span class='ocrx_word' id='word_1_370' title='bbox 1854 2141 2166 2211; x_wconf 70' lang='lat' dir='ltr'><strong>prmdicata,</strong></span> <span class='ocrx_word' id='word_1_371' title='bbox 2197 2156 2317 2212; x_wconf 74' lang='lat' dir='ltr'><strong>qnze</strong></span> <span class='ocrx_word' id='word_1_372' title='bbox 2364 2155 2494 2196; x_wconf 88' lang='lat' dir='ltr'><strong>vere</strong></span> <span class='ocrx_word' id='word_1_373' title='bbox 2539 2141 2736 2196; x_wconf 91' lang='lat' dir='ltr'><strong>dicitur</strong></span> <span class='ocrx_word' id='word_1_374' title='bbox 2777 2141 2994 2208; x_wconf 90' lang='lat' dir='ltr'><strong>nobilis,</strong></span> <span class='ocrx_word' id='word_1_375' title='bbox 3027 2144 3241 2214; x_wconf 89' lang='lat' dir='ltr'><strong>quando</strong></span> <span class='ocrx_word' id='word_1_376' title='bbox 3280 2145 3349 2200; x_wconf 91' lang='lat' dir='ltr'><strong>ab</strong></span> <span class='ocrx_word' id='word_1_377' title='bbox 3385 2159 3450 2200; x_wconf 87' lang='lat' dir='ltr'><strong>ea</strong></span> 
     </span>
    </p>
   </div>
   <div class='ocr_carea' id='block_1_54' title="bbox 1855 2230 3448 2302">
    <p class='ocr_par' dir='ltr' id='par_1_54' title="bbox 1855 2230 3448 2302">
     <span class='ocr_line' id='line_1_54' title="bbox 1855 2230 3448 2302; baseline 0.003 -18"><span class='ocrx_word' id='word_1_378' title='bbox 1855 2230 2087 2286; x_wconf 89' lang='lat' dir='ltr'><strong>actionis</strong></span> <span class='ocrx_word' id='word_1_379' title='bbox 2113 2230 2356 2302; x_wconf 89' lang='lat' dir='ltr'><strong>probitas</strong></span> <span class='ocrx_word' id='word_1_380' title='bbox 2386 2246 2492 2286; x_wconf 91' lang='lat' dir='ltr'><strong>non</strong></span> <span class='ocrx_word' id='word_1_381' title='bbox 2521 2231 2747 2286; x_wconf 88' lang='lat' dir='ltr'><strong>recedit.</strong></span> <span class='ocrx_word' id='word_1_382' title='bbox 2770 2230 2877 2286; x_wconf 92' lang='lat' dir='ltr'><strong>Sed</strong></span> <span class='ocrx_word' id='word_1_383' title='bbox 2903 2231 2983 2288; x_wconf 84' lang='lat' dir='ltr'><strong>his</strong></span> <span class='ocrx_word' id='word_1_384' title='bbox 3008 2232 3166 2288; x_wconf 89' lang='lat' dir='ltr'><strong>bonis</strong></span> <span class='ocrx_word' id='word_1_385' title='bbox 3187 2232 3448 2298; x_wconf 87' lang='lat' dir='ltr'><strong>addimus,</strong></span> 
     </span>
    </p>
   </div>
   <div class='ocr_carea' id='block_1_55' title="bbox 1855 2320 3453 2393">
    <p class='ocr_par' dir='ltr' id='par_1_55' title="bbox 1855 2320 3453 2393">
     <span class='ocr_line' id='line_1_55' title="bbox 1855 2320 3453 2393; baseline 0.003 -17"><span class='ocrx_word' id='word_1_386' title='bbox 1855 2329 2040 2392; x_wconf 89' lang='lat' dir='ltr'><strong>patres</strong></span> <span class='ocrx_word' id='word_1_387' title='bbox 2068 2322 2380 2392; x_wconf 88' lang='lat' dir='ltr'><strong>conscripti,</strong></span> <span class='ocrx_word' id='word_1_388' title='bbox 2411 2329 2469 2376; x_wconf 91' lang='lat' dir='ltr'><strong>ut</strong></span> <span class='ocrx_word' id='word_1_389' title='bbox 2498 2330 2696 2376; x_wconf 59' lang='lat' dir='ltr'><strong>nostra!</strong></span> <span class='ocrx_word' id='word_1_390' title='bbox 2733 2320 2981 2376; x_wconf 82' lang='lat' dir='ltr'><strong>aflinitati</strong></span> <span class='ocrx_word' id='word_1_391' title='bbox 3009 2323 3276 2393; x_wconf 68' lang='lat' dir='ltr'><strong>praecelsa:</strong></span> <span class='ocrx_word' id='word_1_392' title='bbox 3305 2325 3453 2380; x_wconf 87' lang='lat' dir='ltr'><strong>clara</strong></span> 
     </span>
    </p>
   </div>
   <div class='ocr_carea' id='block_1_56' title="bbox 1857 2409 3452 2482">
    <p class='ocr_par' dir='ltr' id='par_1_56' title="bbox 1857 2409 3452 2482">
     <span class='ocr_line' id='line_1_56' title="bbox 1857 2409 3452 2482; baseline 0.002 -17"><span class='ocrx_word' id='word_1_393' title='bbox 1857 2410 2072 2467; x_wconf 64' lang='lat' dir='ltr'><strong>familiai</strong></span> <span class='ocrx_word' id='word_1_394' title='bbox 2100 2419 2291 2466; x_wconf 68' lang='lat' dir='ltr'><strong>vestrae</strong></span> <span class='ocrx_word' id='word_1_395' title='bbox 2310 2411 2481 2480; x_wconf 90' lang='lat' dir='ltr'><strong>gratia</strong></span> <span class='ocrx_word' id='word_1_396' title='bbox 2506 2411 2816 2466; x_wconf 87' lang='lat' dir='ltr'><strong>misceatur.</strong></span> <span class='ocrx_word' id='word_1_397' title='bbox 2848 2409 3045 2466; x_wconf 83' lang='lat' dir='ltr'><strong>Verum</strong></span> <span class='ocrx_word' id='word_1_398' title='bbox 3067 2412 3206 2468; x_wconf 88' lang='lat' dir='ltr'><strong>hanc</strong></span> <span class='ocrx_word' id='word_1_399' title='bbox 3226 2412 3452 2482; x_wconf 86' lang='lat' dir='ltr'><strong>gloriam</strong></span> 
     </span>
    </p>
   </div>
   <div class='ocr_carea' id='block_1_57' title="bbox 1858 2503 3478 2574">
    <p class='ocr_par' dir='ltr' id='par_1_57' title="bbox 1858 2503 3478 2574">
     <span class='ocr_line' id='line_1_57' title="bbox 1858 2503 3478 2574; baseline 0.002 -17"><span class='ocrx_word' id='word_1_400' title='bbox 1858 2519 1968 2559; x_wconf 90' lang='lat' dir='ltr'><strong>non</strong></span> <span class='ocrx_word' id='word_1_401' title='bbox 2010 2503 2110 2560; x_wconf 89' lang='lat' dir='ltr'><strong>sibi</strong></span> <span class='ocrx_word' id='word_1_402' title='bbox 2155 2510 2366 2558; x_wconf 84' lang='lat' dir='ltr'><strong>tantum</strong></span> <span class='ocrx_word' id='word_1_403' title='bbox 2411 2511 2594 2574; x_wconf 88' lang='lat' dir='ltr'><strong>potest</strong></span> <span class='ocrx_word' id='word_1_404' title='bbox 2635 2519 2774 2559; x_wconf 89' lang='lat' dir='ltr'><strong>unus</strong></span> <span class='ocrx_word' id='word_1_405' title='bbox 2821 2518 3116 2570; x_wconf 87' lang='lat' dir='ltr'><strong>assumere,</strong></span> <span class='ocrx_word' id='word_1_406' title='bbox 3157 2519 3319 2574; x_wconf 91' lang='lat' dir='ltr'><strong>quam</strong></span> <span class='ocrx_word' id='word_1_407' title='bbox 3358 2521 3478 2562; x_wconf 52' lang='lat' dir='ltr'><strong>nos.</strong></span> 
     </span>
    </p>
   </div>
   <div class='ocr_carea' id='block_1_58' title="bbox 1859 2593 3454 2667">
    <p class='ocr_par' dir='ltr' id='par_1_58' title="bbox 1859 2593 3454 2667">
     <span class='ocr_line' id='line_1_58' title="bbox 1859 2593 3454 2667; baseline 0 -16"><span class='ocrx_word' id='word_1_408' title='bbox 1859 2595 2155 2667; x_wconf 75' lang='lat' dir='ltr'><strong>probamur</strong></span> <span class='ocrx_word' id='word_1_409' title='bbox 2183 2595 2429 2650; x_wconf 80' lang='lat' dir='ltr'><strong>Romano</strong></span> <span class='ocrx_word' id='word_1_410' title='bbox 2476 2594 2682 2650; x_wconf 91' lang='lat' dir='ltr'><strong>nomini</strong></span> <span class='ocrx_word' id='word_1_411' title='bbox 2722 2595 3033 2651; x_wconf 90' lang='lat' dir='ltr'><strong>contulisse.</strong></span> <span class='ocrx_word' id='word_1_412' title='bbox 3069 2593 3298 2650; x_wconf 84' lang='lat' dir='ltr'><strong>Reddite</strong></span> <span class='ocrx_word' id='word_1_413' title='bbox 3326 2595 3454 2651; x_wconf 79' lang='lat' dir='ltr'><strong>ail‘e-</strong></span> 
     </span>
    </p>
   </div>
   <div class='ocr_carea' id='block_1_59' title="bbox 1859 2683 3459 2758">
    <p class='ocr_par' dir='ltr' id='par_1_59' title="bbox 1859 2683 3459 2758">
     <span class='ocr_line' id='line_1_59' title="bbox 1859 2683 3459 2758; baseline 0.001 -16"><span class='ocrx_word' id='word_1_414' title='bbox 1859 2687 1971 2744; x_wconf 89' lang='lat' dir='ltr'><strong>ctui</strong></span> <span class='ocrx_word' id='word_1_415' title='bbox 1999 2701 2121 2742; x_wconf 89' lang='lat' dir='ltr'><strong>meo</strong></span> <span class='ocrx_word' id='word_1_416' title='bbox 2150 2686 2515 2758; x_wconf 89' lang='lat' dir='ltr'><strong>plenissimam</strong></span> <span class='ocrx_word' id='word_1_417' title='bbox 2545 2685 2886 2740; x_wconf 89' lang='lat' dir='ltr'><strong>charitatem.</strong></span> <span class='ocrx_word' id='word_1_418' title='bbox 2920 2683 3046 2741; x_wconf 83' lang='lat' dir='ltr'><strong>Plus</strong></span> <span class='ocrx_word' id='word_1_419' title='bbox 3087 2696 3171 2741; x_wconf 88' lang='lat' dir='ltr'><strong>est</strong></span> <span class='ocrx_word' id='word_1_420' title='bbox 3198 2686 3459 2744; x_wconf 90' lang='lat' dir='ltr'><strong>amandus</strong></span> 
     </span>
    </p>
   </div>
   <div class='ocr_carea' id='block_1_60' title="bbox 1863 2777 3461 2850">
    <p class='ocr_par' dir='ltr' id='par_1_60' title="bbox 1863 2777 3461 2850">
     <span class='ocr_line' id='line_1_60' title="bbox 1863 2777 3461 2850; baseline 0.001 -17"><span class='ocrx_word' id='word_1_421' title='bbox 1863 2794 1896 2833; x_wconf 89' lang='lat' dir='ltr'><strong>a</strong></span> <span class='ocrx_word' id='word_1_422' title='bbox 1921 2778 2165 2845; x_wconf 90' lang='lat' dir='ltr'><strong>domino,</strong></span> <span class='ocrx_word' id='word_1_423' title='bbox 2194 2778 2286 2850; x_wconf 94' lang='lat' dir='ltr'><strong>qui</strong></span> <span class='ocrx_word' id='word_1_424' title='bbox 2314 2778 2555 2849; x_wconf 87' lang='lat' dir='ltr'><strong>parentis</strong></span> <span class='ocrx_word' id='word_1_425' title='bbox 2583 2792 2780 2834; x_wconf 90' lang='lat' dir='ltr'><strong>nomen</strong></span> <span class='ocrx_word' id='word_1_426' title='bbox 2818 2777 3068 2847; x_wconf 88' lang='lat' dir='ltr'><strong>dignatus</strong></span> <span class='ocrx_word' id='word_1_427' title='bbox 3097 2788 3177 2835; x_wconf 91' lang='lat' dir='ltr'><strong>est</strong></span> <span class='ocrx_word' id='word_1_428' title='bbox 3202 2788 3461 2850; x_wconf 59' lang='lat' dir='ltr'><strong>praestare</strong></span> 
     </span>
    </p>
   </div>
   <div class='ocr_carea' id='block_1_61' title="bbox 1865 2869 3458 2942">
    <p class='ocr_par' dir='ltr' id='par_1_61' title="bbox 1865 2869 3458 2942">
     <span class='ocr_line' id='line_1_61' title="bbox 1865 2869 3458 2942; baseline 0.001 -17"><span class='ocrx_word' id='word_1_429' title='bbox 1865 2869 2130 2940; x_wconf 89' lang='lat' dir='ltr'><strong>subjecto.</strong></span> <span class='ocrx_word' id='word_1_430' title='bbox 2159 2869 2267 2926; x_wconf 90' lang='lat' dir='ltr'><strong>Sed</strong></span> <span class='ocrx_word' id='word_1_431' title='bbox 2295 2885 2510 2941; x_wconf 75' lang='lat' dir='ltr'><strong>:equum</strong></span> <span class='ocrx_word' id='word_1_432' title='bbox 2538 2878 2638 2936; x_wconf 87' lang='lat' dir='ltr'><strong>est,</strong></span> <span class='ocrx_word' id='word_1_433' title='bbox 2681 2877 2863 2940; x_wconf 87' lang='lat' dir='ltr'><strong>patres</strong></span> <span class='ocrx_word' id='word_1_434' title='bbox 2898 2871 3211 2942; x_wconf 90' lang='lat' dir='ltr'><strong>conscripti,</strong></span> <span class='ocrx_word' id='word_1_435' title='bbox 3243 2880 3303 2927; x_wconf 92' lang='lat' dir='ltr'><strong>ut</strong></span> <span class='ocrx_word' id='word_1_436' title='bbox 3327 2872 3458 2928; x_wconf 89' lang='lat' dir='ltr'><strong>cha-</strong></span> 
     </span>
    </p>
   </div>
   <div class='ocr_carea' id='block_1_62' title="bbox 1866 2961 3459 3033">
    <p class='ocr_par' dir='ltr' id='par_1_62' title="bbox 1866 2961 3459 3033">
     <span class='ocr_line' id='line_1_62' title="bbox 1866 2961 3459 3033; baseline 0.002 -17"><span class='ocrx_word' id='word_1_437' title='bbox 1866 2977 1960 3016; x_wconf 89' lang='lat' dir='ltr'><strong>rus</strong></span> <span class='ocrx_word' id='word_1_438' title='bbox 1986 2962 2205 3028; x_wconf 78' lang='lat' dir='ltr'><strong>existat,</strong></span> <span class='ocrx_word' id='word_1_439' title='bbox 2236 2975 2335 3032; x_wconf 88' lang='lat' dir='ltr'><strong>per</strong></span> <span class='ocrx_word' id='word_1_440' title='bbox 2359 2976 2522 3032; x_wconf 90' lang='lat' dir='ltr'><strong>quem</strong></span> <span class='ocrx_word' id='word_1_441' title='bbox 2552 2961 2704 3017; x_wconf 82' lang='lat' dir='ltr'><strong>vobis</strong></span> <span class='ocrx_word' id='word_1_442' title='bbox 2745 2969 2856 3017; x_wconf 90' lang='lat' dir='ltr'><strong>tam</strong></span> <span class='ocrx_word' id='word_1_443' title='bbox 2894 2961 3068 3018; x_wconf 89' lang='lat' dir='ltr'><strong>felicia</strong></span> <span class='ocrx_word' id='word_1_444' title='bbox 3097 2963 3459 3033; x_wconf 88' lang='lat' dir='ltr'><strong>contigerunt.</strong></span> 
     </span>
    </p>
   </div>
   <div class='ocr_carea' id='block_1_63' title="bbox 167 3052 3465 3134">
    <p class='ocr_par' dir='ltr' id='par_1_63' title="bbox 167 3052 3465 3134">
     <span class='ocr_line' id='line_1_63' title="bbox 167 3052 3465 3134; baseline -0.005 -6"><span class='ocrx_word' id='word_1_445' title='bbox 167 3052 348 3128; x_wconf 69' lang='lat' dir='ltr'><strong>rantia</strong></span> <span class='ocrx_word' id='word_1_446' title='bbox 388 3069 580 3125; x_wconf 86' lang='lat' dir='ltr'><strong>melius</strong></span> <span class='ocrx_word' id='word_1_447' title='bbox 609 3066 859 3132; x_wconf 89' lang='lat' dir='ltr'><strong>vincitur,</strong></span> <span class='ocrx_word' id='word_1_448' title='bbox 889 3078 1010 3134; x_wconf 60' lang='lat' dir='ltr'><strong>quae</strong></span> <span class='ocrx_word' id='word_1_449' title='bbox 1039 3059 1388 3117; x_wconf 89' lang='lat' dir='ltr'><strong>contentione</strong></span> <span class='ocrx_word' id='word_1_450' title='bbox 1420 3071 1637 3127; x_wconf 86' lang='lat' dir='ltr'><strong>semper</strong></span> <span class='ocrx_word' id='word_1_451' title='bbox 1663 3067 1764 3110; x_wconf 86' lang='lat' dir='ltr'><strong>au-</strong></span> <span class='ocrx_word' id='word_1_452' title='bbox 1792 3060 1838 3123; x_wconf 76' lang='grc' dir='ltr'>ο</span> <span class='ocrx_word' id='word_1_453' title='bbox 1869 3052 2148 3109; x_wconf 77' lang='lat' dir='ltr'><strong>Exsultale</strong></span> <span class='ocrx_word' id='word_1_454' title='bbox 2177 3053 2521 3122; x_wconf 88' lang='lat' dir='ltr'><strong>generaliter,</strong></span> <span class='ocrx_word' id='word_1_455' title='bbox 2547 3061 2605 3108; x_wconf 90' lang='lat' dir='ltr'><strong>et</strong></span> <span class='ocrx_word' id='word_1_456' title='bbox 2639 3053 2738 3108; x_wconf 89' lang='lat' dir='ltr'><strong>bas</strong></span> <span class='ocrx_word' id='word_1_457' title='bbox 2772 3053 2988 3124; x_wconf 87' lang='lat' dir='ltr'><strong>nuptias</strong></span> <span class='ocrx_word' id='word_1_458' title='bbox 3018 3053 3204 3109; x_wconf 71' lang='lat' dir='ltr'><strong>lautitia</strong></span> <span class='ocrx_word' id='word_1_459' title='bbox 3243 3053 3465 3124; x_wconf 85' lang='lat' dir='ltr'><strong>profusa</strong></span> 
     </span>
    </p>
   </div>
   <div class='ocr_carea' id='block_1_64' title="bbox 168 3147 1766 3235">
    <p class='ocr_par' dir='ltr' id='par_1_64' title="bbox 168 3147 1766 3235">
     <span class='ocr_line' id='line_1_64' title="bbox 168 3147 1766 3235; baseline -0.012 -15"><span class='ocrx_word' id='word_1_460' title='bbox 168 3174 350 3235; x_wconf 89' lang='lat' dir='ltr'><strong>getur.</strong></span> <span class='ocrx_word' id='word_1_461' title='bbox 381 3163 554 3234; x_wconf 87' lang='lat' dir='ltr'><strong>Supra</strong></span> <span class='ocrx_word' id='word_1_462' title='bbox 582 3168 808 3217; x_wconf 65' lang='lat' dir='ltr'><strong>caateras</strong></span> <span class='ocrx_word' id='word_1_463' title='bbox 835 3157 982 3214; x_wconf 85' lang='lat' dir='ltr'><strong>enim</strong></span> <span class='ocrx_word' id='word_1_464' title='bbox 1011 3155 1235 3212; x_wconf 80' lang='lat' dir='ltr'><strong>virtutes</strong></span> <span class='ocrx_word' id='word_1_465' title='bbox 1255 3151 1483 3208; x_wconf 84' lang='lat' dir='ltr'><strong>amicam</strong></span> <span class='ocrx_word' id='word_1_466' title='bbox 1506 3147 1766 3220; x_wconf 88' lang='lat' dir='ltr'><strong>sapienti-</strong></span> 
     </span>
    </p>
   </div>
   <div class='ocr_carea' id='block_1_65' title="bbox 168 3237 1768 3325">
    <p class='ocr_par' dir='ltr' id='par_1_65' title="bbox 168 3237 1768 3325">
     <span class='ocr_line' id='line_1_65' title="bbox 168 3237 1768 3325; baseline -0.013 -13"><span class='ocrx_word' id='word_1_467' title='bbox 168 3258 274 3312; x_wconf 92' lang='lat' dir='ltr'><strong>bus</strong></span> <span class='ocrx_word' id='word_1_468' title='bbox 309 3270 430 3310; x_wconf 90' lang='lat' dir='ltr'><strong>ama</strong></span> <span class='ocrx_word' id='word_1_469' title='bbox 471 3251 828 3325; x_wconf 87' lang='lat' dir='ltr'><strong>patientiam:</strong></span> <span class='ocrx_word' id='word_1_470' title='bbox 867 3255 1082 3304; x_wconf 82' lang='lat' dir='ltr'><strong>erectus</strong></span> <span class='ocrx_word' id='word_1_471' title='bbox 1120 3261 1190 3300; x_wconf 81' lang='lat' dir='ltr'><strong>ex</strong></span> <span class='ocrx_word' id='word_1_472' title='bbox 1235 3243 1409 3307; x_wconf 89' lang='lat' dir='ltr'><strong>nobis,</strong></span> <span class='ocrx_word' id='word_1_473' title='bbox 1453 3237 1768 3296; x_wconf 89' lang='lat' dir='ltr'><strong>sustinendo</strong></span> 
     </span>
    </p>
   </div>
   <div class='ocr_carea' id='block_1_66' title="bbox 171 3331 1769 3421">
    <p class='ocr_par' dir='ltr' id='par_1_66' title="bbox 171 3331 1769 3421">
     <span class='ocr_line' id='line_1_66' title="bbox 171 3331 1769 3421; baseline -0.013 -16"><span class='ocrx_word' id='word_1_474' title='bbox 171 3349 356 3421; x_wconf 89' lang='lat' dir='ltr'><strong>potius</strong></span> <span class='ocrx_word' id='word_1_475' title='bbox 383 3362 544 3417; x_wconf 89' lang='lat' dir='ltr'><strong>quam</strong></span> <span class='ocrx_word' id='word_1_476' title='bbox 573 3340 896 3408; x_wconf 86' lang='lat' dir='ltr'><strong>vindicando</strong></span> <span class='ocrx_word' id='word_1_477' title='bbox 931 3337 1254 3394; x_wconf 89' lang='lat' dir='ltr'><strong>laudaberis.</strong></span> <span class='ocrx_word' id='word_1_478' title='bbox 1294 3334 1432 3390; x_wconf 91' lang='lat' dir='ltr'><strong>Iram</strong></span> <span class='ocrx_word' id='word_1_479' title='bbox 1462 3333 1639 3421; x_wconf 83' lang='lat' dir='ltr'><strong>vince,</strong></span> <span class='ocrx_word' id='word_1_480' title='bbox 1670 3331 1769 3421; x_wconf 85' lang='lat' dir='ltr'><strong>be-</strong></span> 
     </span>
    </p>
   </div>
   <div class='ocr_carea' id='block_1_67' title="bbox 174 3420 1772 3508">
    <p class='ocr_par' dir='ltr' id='par_1_67' title="bbox 174 3420 1772 3508">
     <span class='ocr_line' id='line_1_67' title="bbox 174 3420 1772 3508; baseline -0.014 -13"><span class='ocrx_word' id='word_1_481' title='bbox 174 3420 339 3508; x_wconf 86' lang='lat' dir='ltr'><strong>nigna</strong></span> <span class='ocrx_word' id='word_1_482' title='bbox 377 3437 558 3506; x_wconf 90' lang='lat' dir='ltr'><strong>dilige,</strong></span> <span class='ocrx_word' id='word_1_483' title='bbox 589 3448 722 3490; x_wconf 91' lang='lat' dir='ltr'><strong>cave</strong></span> <span class='ocrx_word' id='word_1_484' title='bbox 766 3447 836 3488; x_wconf 91' lang='lat' dir='ltr'><strong>ne</strong></span> <span class='ocrx_word' id='word_1_485' title='bbox 875 3428 1050 3499; x_wconf 89' lang='lat' dir='ltr'><strong>major</strong></span> <span class='ocrx_word' id='word_1_486' title='bbox 1090 3427 1338 3482; x_wconf 89' lang='lat' dir='ltr'><strong>videatur</strong></span> <span class='ocrx_word' id='word_1_487' title='bbox 1381 3439 1503 3479; x_wconf 89' lang='lat' dir='ltr'><strong>esse</strong></span> <span class='ocrx_word' id='word_1_488' title='bbox 1543 3420 1772 3477; x_wconf 76' lang='lat' dir='ltr'><strong>felicitas</strong></span> 
     </span>
    </p>
   </div>
   <div class='ocr_carea' id='block_1_68' title="bbox 176 3512 1770 3596">
    <p class='ocr_par' dir='ltr' id='par_1_68' title="bbox 176 3512 1770 3596">
     <span class='ocr_line' id='line_1_68' title="bbox 176 3512 1770 3596; baseline -0.012 -11"><span class='ocrx_word' id='word_1_489' title='bbox 176 3529 420 3585; x_wconf 86' lang='lat' dir='ltr'><strong>moribus</strong></span> <span class='ocrx_word' id='word_1_490' title='bbox 445 3528 584 3594; x_wconf 91' lang='lat' dir='ltr'><strong>tuis;</strong></span> <span class='ocrx_word' id='word_1_491' title='bbox 611 3525 706 3581; x_wconf 91' lang='lat' dir='ltr'><strong>sed</strong></span> <span class='ocrx_word' id='word_1_492' title='bbox 728 3523 822 3596; x_wconf 88' lang='lat' dir='ltr'><strong>qui</strong></span> <span class='ocrx_word' id='word_1_493' title='bbox 849 3530 1036 3578; x_wconf 87' lang='lat' dir='ltr'><strong>nostro</strong></span> <span class='ocrx_word' id='word_1_494' title='bbox 1060 3519 1304 3590; x_wconf 87' lang='lat' dir='ltr'><strong>jungeris</strong></span> <span class='ocrx_word' id='word_1_495' title='bbox 1339 3514 1544 3586; x_wconf 89' lang='lat' dir='ltr'><strong>generi,</strong></span> <span class='ocrx_word' id='word_1_496' title='bbox 1583 3512 1770 3584; x_wconf 80' lang='lat' dir='ltr'><strong>proxi-</strong></span> 
     </span>
    </p>
   </div>
   <div class='ocr_carea' id='block_1_69' title="bbox 176 3605 1774 3690">
    <p class='ocr_par' dir='ltr' id='par_1_69' title="bbox 176 3605 1774 3690">
     <span class='ocr_line' id='line_1_69' title="bbox 176 3605 1774 3690; baseline -0.012 -13"><span class='ocrx_word' id='word_1_497' title='bbox 176 3637 299 3677; x_wconf 90' lang='lat' dir='ltr'><strong>mus</strong></span> <span class='ocrx_word' id='word_1_498' title='bbox 324 3618 576 3690; x_wconf 87' lang='lat' dir='ltr'><strong>gloriosis</strong></span> <span class='ocrx_word' id='word_1_499' title='bbox 603 3615 908 3673; x_wconf 83' lang='lat' dir='ltr'><strong>actionibus</strong></span> <span class='ocrx_word' id='word_1_500' title='bbox 951 3609 1341 3682; x_wconf 88' lang='lat' dir='ltr'><strong>comproheris.</strong></span> <span class='ocrx_word' id='word_1_501' title='bbox 1386 3605 1612 3661; x_wconf 86' lang='lat' dir='ltr'><strong>Laudati</strong></span> <span class='ocrx_word' id='word_1_502' title='bbox 1647 3612 1774 3659; x_wconf 91' lang='lat' dir='ltr'><strong>sunt</strong></span> 
     </span>
    </p>
   </div>
   <div class='ocr_carea' id='block_1_70' title="bbox 177 3692 1775 3781">
    <p class='ocr_par' dir='ltr' id='par_1_70' title="bbox 177 3692 1775 3781">
     <span class='ocr_line' id='line_1_70' title="bbox 177 3692 1775 3781; baseline -0.013 -13"><span class='ocrx_word' id='word_1_503' title='bbox 177 3713 443 3768; x_wconf 86' lang='lat' dir='ltr'><strong>hactenus</strong></span> <span class='ocrx_word' id='word_1_504' title='bbox 489 3715 745 3781; x_wconf 89' lang='lat' dir='ltr'><strong>parentes</strong></span> <span class='ocrx_word' id='word_1_505' title='bbox 785 3705 883 3770; x_wconf 90' lang='lat' dir='ltr'><strong>tui,</strong></span> <span class='ocrx_word' id='word_1_506' title='bbox 913 3702 1008 3759; x_wconf 84' lang='lat' dir='ltr'><strong>sed</strong></span> <span class='ocrx_word' id='word_1_507' title='bbox 1053 3708 1200 3756; x_wconf 86' lang='lat' dir='ltr'><strong>tanta</strong></span> <span class='ocrx_word' id='word_1_508' title='bbox 1245 3713 1354 3754; x_wconf 92' lang='lat' dir='ltr'><strong>non</strong></span> <span class='ocrx_word' id='word_1_509' title='bbox 1391 3703 1517 3753; x_wconf 90' lang='lat' dir='ltr'><strong>sunt</strong></span> <span class='ocrx_word' id='word_1_510' title='bbox 1543 3692 1775 3764; x_wconf 90' lang='lat' dir='ltr'><strong>conjun-</strong></span> 
     </span>
    </p>
   </div>
   <div class='ocr_carea' id='block_1_71' title="bbox 181 3780 1776 3876">
    <p class='ocr_par' dir='ltr' id='par_1_71' title="bbox 181 3780 1776 3876">
     <span class='ocr_line' id='line_1_71' title="bbox 181 3780 1776 3876; baseline -0.015 -17"><span class='ocrx_word' id='word_1_511' title='bbox 181 3803 367 3858; x_wconf 90' lang='lat' dir='ltr'><strong>ctione</strong></span> <span class='ocrx_word' id='word_1_512' title='bbox 404 3780 664 3856; x_wconf 83' lang='lat' dir='ltr'><strong>decorati.</strong></span> <span class='ocrx_word' id='word_1_513' title='bbox 715 3795 980 3876; x_wconf 79' lang='lat' dir='ltr'><strong>Nobilitas</strong></span> <span class='ocrx_word' id='word_1_514' title='bbox 1027 3797 1118 3847; x_wconf 85' lang='lat' dir='ltr'><strong>tua</strong></span> <span class='ocrx_word' id='word_1_515' title='bbox 1168 3805 1278 3845; x_wconf 92' lang='lat' dir='ltr'><strong>non</strong></span> <span class='ocrx_word' id='word_1_516' title='bbox 1319 3795 1404 3843; x_wconf 87' lang='lat' dir='ltr'><strong>est</strong></span> <span class='ocrx_word' id='word_1_517' title='bbox 1445 3785 1587 3841; x_wconf 89' lang='lat' dir='ltr'><strong>ultra</strong></span> <span class='ocrx_word' id='word_1_518' title='bbox 1629 3780 1776 3853; x_wconf 92' lang='lat' dir='ltr'><strong>quod</strong></span> 
     </span>
    </p>
   </div>
   <div class='ocr_carea' id='block_1_72' title="bbox 182 3875 1776 3961">
    <p class='ocr_par' dir='ltr' id='par_1_72' title="bbox 182 3875 1776 3961">
     <span class='ocr_line' id='line_1_72' title="bbox 182 3875 1776 3961; baseline -0.014 -9"><span class='ocrx_word' id='word_1_519' title='bbox 182 3901 412 3952; x_wconf 86' lang='lat' dir='ltr'><strong>crescat.</strong></span> <span class='ocrx_word' id='word_1_520' title='bbox 465 3889 734 3961; x_wconf 83' lang='lat' dir='ltr'><strong>Quidquid</strong></span> <span class='ocrx_word' id='word_1_521' title='bbox 809 3875 1208 3960; x_wconf 65' lang='lat' dir='ltr'><strong>prieconialiter</strong></span> <span class='ocrx_word' id='word_1_522' title='bbox 1277 3878 1453 3950; x_wconf 86' lang='lat' dir='ltr'><strong>egeris</strong></span> <span class='ocrx_word' id='word_1_523' title='bbox 1472 3919 1490 3946; x_wconf 94' lang='lat'><strong>,</strong></span> <span class='ocrx_word' id='word_1_524' title='bbox 1554 3875 1776 3948; x_wconf 89' lang='lat' dir='ltr'><strong>proprio</strong></span> 
     </span>
    </p>
   </div>
   <div class='ocr_carea' id='block_1_73' title="bbox 185 3970 1298 4049">
    <p class='ocr_par' dir='ltr' id='par_1_73' title="bbox 185 3970 1298 4049">
     <span class='ocr_line' id='line_1_73' title="bbox 185 3970 1298 4049; baseline -0.013 -8"><span class='ocrx_word' id='word_1_525' title='bbox 185 3983 533 4041; x_wconf 89' lang='lat' dir='ltr'><strong>matrimonio</strong></span> <span class='ocrx_word' id='word_1_526' title='bbox 559 3977 908 4049; x_wconf 88' lang='lat' dir='ltr'><strong>dignissimus</strong></span> <span class='ocrx_word' id='word_1_527' title='bbox 931 3973 1220 4031; x_wconf 75' lang='lat' dir='ltr'><strong>:estimaris</strong></span> <span class='ocrx_word' id='word_1_528' title='bbox 1247 3970 1298 4027; x_wconf 72' lang='grc' dir='ltr'>ιι.</span> 
     </span>
    </p>
   </div>
   <div class='ocr_carea' id='block_1_74' title="bbox 739 4089 1225 4150">
    <p class='ocr_par' dir='ltr' id='par_1_74' title="bbox 739 4089 1225 4150">
     <span class='ocr_line' id='line_1_74' title="bbox 739 4089 1225 4150; baseline -0.006 0"><span class='ocrx_word' id='word_1_529' title='bbox 739 4091 1069 4150; x_wconf 81' lang='lat' dir='ltr'><strong>EPISTOLA</strong></span> <span class='ocrx_word' id='word_1_530' title='bbox 1108 4089 1225 4147; x_wconf 78' lang='lat' dir='ltr'><strong>XII.</strong></span> 
     </span>
    </p>
   </div>
   <div class='ocr_carea' id='block_1_75' title="bbox 404 4189 1563 4249">
    <p class='ocr_par' dir='ltr' id='par_1_75' title="bbox 404 4189 1563 4249">
     <span class='ocr_line' id='line_1_75' title="bbox 404 4189 1563 4249; baseline -0.013 0"><span class='ocrx_word' id='word_1_531' title='bbox 404 4208 628 4249; x_wconf 68' lang='lat' dir='ltr'><strong>SESATUI</strong></span> <span class='ocrx_word' id='word_1_532' title='bbox 659 4203 808 4245; x_wconf 73' lang='lat' dir='ltr'><strong>UBBIS</strong></span> <span class='ocrx_word' id='word_1_533' title='bbox 831 4201 991 4242; x_wconf 72' lang='grc' dir='ltr'>ιιοιιλε</span> <span class='ocrx_word' id='word_1_534' title='bbox 1022 4195 1410 4240; x_wconf 69' lang='grc' dir='ltr'>τιιιοωιιλυυε</span> <span class='ocrx_word' id='word_1_535' title='bbox 1435 4189 1563 4236; x_wconf 68' lang='lat' dir='ltr'><strong>REX.</strong></span> 
     </span>
    </p>
   </div>
   <div class='ocr_carea' id='block_1_76' title="bbox 191 4269 1785 4346">
    <p class='ocr_par' dir='ltr' id='par_1_76' title="bbox 191 4269 1785 4346">
     <span class='ocr_line' id='line_1_76' title="bbox 191 4269 1785 4346; baseline -0.013 -2"><span class='ocrx_word' id='word_1_536' title='bbox 191 4285 388 4344; x_wconf 79' lang='lat' dir='ltr'><strong>Scribit</strong></span> <span class='ocrx_word' id='word_1_537' title='bbox 417 4301 472 4338; x_wconf 84' lang='lat' dir='ltr'><strong>se</strong></span> <span class='ocrx_word' id='word_1_538' title='bbox 500 4283 733 4338; x_wconf 70' lang='lat' dir='ltr'><strong>Maximo</strong></span> <span class='ocrx_word' id='word_1_539' title='bbox 771 4280 895 4334; x_wconf 76' lang='lat' dir='ltr'><strong>olim</strong></span> <span class='ocrx_word' id='word_1_540' title='bbox 935 4275 1134 4332; x_wconf 77' lang='lat' dir='ltr'><strong>consuli</strong></span> <span class='ocrx_word' id='word_1_541' title='bbox 1167 4273 1546 4346; x_wconf 70' lang='lat' dir='ltr'><strong>primit-erimus</strong></span> <span class='ocrx_word' id='word_1_542' title='bbox 1571 4287 1659 4346; x_wconf 77' lang='lat' dir='ltr'><strong>seu</strong></span> <span class='ocrx_word' id='word_1_543' title='bbox 1688 4269 1785 4324; x_wconf 84' lang='lat' dir='ltr'><strong>do-</strong></span> 
     </span>
    </p>
   </div>
   <div class='ocr_carea' id='block_1_77' title="bbox 263 4342 1785 4424">
    <p class='ocr_par' dir='ltr' id='par_1_77' title="bbox 263 4342 1785 4424">
     <span class='ocr_line' id='line_1_77' title="bbox 263 4342 1785 4424; baseline -0.012 -13"><span class='ocrx_word' id='word_1_544' title='bbox 263 4357 560 4412; x_wconf 76' lang='lat' dir='ltr'><strong>mesticatas</strong></span> <span class='ocrx_word' id='word_1_545' title='bbox 587 4354 890 4424; x_wconf 81' lang='lat' dir='ltr'><strong>dignitatem</strong></span> <span class='ocrx_word' id='word_1_546' title='bbox 928 4359 978 4424; x_wconf 77' lang='lat' dir='ltr'><strong>et</strong></span> <span class='ocrx_word' id='word_1_547' title='bbox 1256 4342 1622 4424; x_wconf 35' lang='lat' dir='ltr'><strong>regichtirpis</strong></span> <span class='ocrx_word' id='word_1_548' title='bbox 1659 4355 1785 4424; x_wconf 61' lang='lat' dir='ltr'><strong>con-</strong></span> 
     </span>
    </p>
   </div>
   <div class='ocr_carea' id='block_1_78' title="bbox 1869 3143 3468 3215">
    <p class='ocr_par' dir='ltr' id='par_1_78' title="bbox 1869 3143 3468 3215">
     <span class='ocr_line' id='line_1_78' title="bbox 1869 3143 3468 3215; baseline 0.001 -13"><span class='ocrx_word' id='word_1_549' title='bbox 1869 3146 2160 3202; x_wconf 83' lang='lat' dir='ltr'><strong>celebrate.</strong></span> <span class='ocrx_word' id='word_1_550' title='bbox 2186 3143 2340 3200; x_wconf 88' lang='lat' dir='ltr'><strong>Unde</strong></span> <span class='ocrx_word' id='word_1_551' title='bbox 2367 3143 2582 3215; x_wconf 86' lang='lat' dir='ltr'><strong>proﬁcit</strong></span> <span class='ocrx_word' id='word_1_552' title='bbox 2601 3159 2799 3200; x_wconf 91' lang='lat' dir='ltr'><strong>nomen</strong></span> <span class='ocrx_word' id='word_1_553' title='bbox 2827 3145 3088 3212; x_wconf 91' lang='lat' dir='ltr'><strong>omnium,</strong></span> <span class='ocrx_word' id='word_1_554' title='bbox 3115 3155 3239 3202; x_wconf 92' lang='lat' dir='ltr'><strong>vota</strong></span> <span class='ocrx_word' id='word_1_555' title='bbox 3266 3145 3468 3203; x_wconf 89' lang='lat' dir='ltr'><strong>debent</strong></span> 
     </span>
    </p>
   </div>
   <div class='ocr_carea' id='block_1_79' title="bbox 1871 3236 3468 3310">
    <p class='ocr_par' dir='ltr' id='par_1_79' title="bbox 1871 3236 3468 3310">
     <span class='ocr_line' id='line_1_79' title="bbox 1871 3236 3468 3310; baseline 0 -16"><span class='ocrx_word' id='word_1_556' title='bbox 1871 3251 1994 3294; x_wconf 86' lang='lat' dir='ltr'><strong>esse</strong></span> <span class='ocrx_word' id='word_1_557' title='bbox 2021 3245 2361 3294; x_wconf 87' lang='lat' dir='ltr'><strong>cunctorum.</strong></span> <span class='ocrx_word' id='word_1_558' title='bbox 2382 3236 2513 3304; x_wconf 70' lang='lat' dir='ltr'><strong>Quae</strong></span> <span class='ocrx_word' id='word_1_559' title='bbox 2537 3251 2728 3306; x_wconf 68' lang='lat' dir='ltr'><strong>preces</strong></span> <span class='ocrx_word' id='word_1_560' title='bbox 2755 3251 2785 3291; x_wconf 89' lang='lat' dir='ltr'><strong>a</strong></span> <span class='ocrx_word' id='word_1_561' title='bbox 2815 3251 2902 3292; x_wconf 89' lang='lat' dir='ltr'><strong>me</strong></span> <span class='ocrx_word' id='word_1_562' title='bbox 2927 3237 3146 3308; x_wconf 81' lang='lat' dir='ltr'><strong>exigere</strong></span> <span class='ocrx_word' id='word_1_563' title='bbox 3172 3246 3468 3310; x_wconf 89' lang='lat' dir='ltr'><strong>potuerunt</strong></span> 
     </span>
    </p>
   </div>
   <div class='ocr_carea' id='block_1_80' title="bbox 1871 3325 3470 3399">
    <p class='ocr_par' dir='ltr' id='par_1_80' title="bbox 1871 3325 3470 3399">
     <span class='ocr_line' id='line_1_80' title="bbox 1871 3325 3470 3399; baseline 0.001 -15"><span class='ocrx_word' id='word_1_564' title='bbox 1871 3329 2020 3399; x_wconf 89' lang='lat' dir='ltr'><strong>quod</strong></span> <span class='ocrx_word' id='word_1_565' title='bbox 2055 3344 2211 3386; x_wconf 87' lang='lat' dir='ltr'><strong>meus</strong></span> <span class='ocrx_word' id='word_1_566' title='bbox 2250 3328 2462 3384; x_wconf 90' lang='lat' dir='ltr'><strong>animus</strong></span> <span class='ocrx_word' id='word_1_567' title='bbox 2499 3336 2797 3399; x_wconf 90' lang='lat' dir='ltr'><strong>spontanea</strong></span> <span class='ocrx_word' id='word_1_568' title='bbox 2824 3325 3212 3386; x_wconf 78' lang='lat' dir='ltr'><strong>deliberatione</strong></span> <span class='ocrx_word' id='word_1_569' title='bbox 3239 3343 3470 3386; x_wconf 85' lang='lat' dir='ltr'><strong>conces-</strong></span> 
     </span>
    </p>
   </div>
   <div class='ocr_carea' id='block_1_81' title="bbox 1873 3419 3470 3492">
    <p class='ocr_par' dir='ltr' id='par_1_81' title="bbox 1873 3419 3470 3492">
     <span class='ocr_line' id='line_1_81' title="bbox 1873 3419 3470 3492; baseline -0.001 -14"><span class='ocrx_word' id='word_1_570' title='bbox 1873 3423 1978 3490; x_wconf 91' lang='lat' dir='ltr'><strong>sit,</strong></span> <span class='ocrx_word' id='word_1_571' title='bbox 2008 3429 2070 3475; x_wconf 90' lang='lat' dir='ltr'><strong>ut</strong></span> <span class='ocrx_word' id='word_1_572' title='bbox 2093 3420 2256 3476; x_wconf 87' lang='lat' dir='ltr'><strong>vestri</strong></span> <span class='ocrx_word' id='word_1_573' title='bbox 2299 3419 2507 3476; x_wconf 85' lang='lat' dir='ltr'><strong>ordinis</strong></span> <span class='ocrx_word' id='word_1_574' title='bbox 2544 3419 2691 3474; x_wconf 89' lang='lat' dir='ltr'><strong>viros</strong></span> <span class='ocrx_word' id='word_1_575' title='bbox 2725 3427 2980 3490; x_wconf 83' lang='lat' dir='ltr'><strong>parentes</strong></span> <span class='ocrx_word' id='word_1_576' title='bbox 3023 3435 3154 3477; x_wconf 87' lang='lat' dir='ltr'><strong>vere</strong></span> <span class='ocrx_word' id='word_1_577' title='bbox 3194 3420 3470 3492; x_wconf 85' lang='lat' dir='ltr'><strong>appellare</strong></span> 
     </span>
    </p>
   </div>
   <div class='ocr_carea' id='block_1_82' title="bbox 1877 3511 3465 3587">
    <p class='ocr_par' dir='ltr' id='par_1_82' title="bbox 1877 3511 3465 3587">
     <span class='ocr_line' id='line_1_82' title="bbox 1877 3511 3465 3587; baseline -0.003 -15"><span class='ocrx_word' id='word_1_578' title='bbox 1877 3517 2162 3587; x_wconf 87' lang='lat' dir='ltr'><strong>possimus,</strong></span> <span class='ocrx_word' id='word_1_579' title='bbox 2179 3513 2272 3584; x_wconf 90' lang='lat' dir='ltr'><strong>qui</strong></span> <span class='ocrx_word' id='word_1_580' title='bbox 2295 3513 2452 3569; x_wconf 86' lang='lat' dir='ltr'><strong>nobis</strong></span> <span class='ocrx_word' id='word_1_581' title='bbox 2471 3512 2748 3568; x_wconf 77' lang='lat' dir='ltr'><strong>afﬁnitatis</strong></span> <span class='ocrx_word' id='word_1_582' title='bbox 2767 3512 3013 3568; x_wconf 90' lang='lat' dir='ltr'><strong>claritate</strong></span> <span class='ocrx_word' id='word_1_583' title='bbox 3028 3511 3288 3584; x_wconf 88' lang='lat' dir='ltr'><strong>jungendi</strong></span> <span class='ocrx_word' id='word_1_584' title='bbox 3309 3522 3465 3570; x_wconf 89' lang='lat' dir='ltr'><strong>sunt.</strong></span> 
     </span>
    </p>
   </div>
   <div class='ocr_carea' id='block_1_83' title="bbox 2416 3642 2928 3702">
    <p class='ocr_par' dir='ltr' id='par_1_83' title="bbox 2416 3642 2928 3702">
     <span class='ocr_line' id='line_1_83' title="bbox 2416 3642 2928 3702; baseline 0 -2"><span class='ocrx_word' id='word_1_585' title='bbox 2416 3642 2754 3702; x_wconf 82' lang='lat' dir='ltr'><strong>EPISTOLA</strong></span> <span class='ocrx_word' id='word_1_586' title='bbox 2791 3642 2928 3700; x_wconf 82' lang='lat' dir='ltr'><strong>XIII.</strong></span> 
     </span>
    </p>
   </div>
   <div class='ocr_carea' id='block_1_84' title="bbox 2090 3771 3258 3818">
    <p class='ocr_par' dir='ltr' id='par_1_84' title="bbox 2090 3771 3258 3818">
     <span class='ocr_line' id='line_1_84' title="bbox 2090 3771 3258 3818; baseline -0.005 -1"><span class='ocrx_word' id='word_1_587' title='bbox 2090 3775 2318 3818; x_wconf 74' lang='lat' dir='ltr'><strong>SENATUI</strong></span> <span class='ocrx_word' id='word_1_588' title='bbox 2347 3775 2496 3814; x_wconf 80' lang='lat' dir='ltr'><strong>URBIS</strong></span> <span class='ocrx_word' id='word_1_589' title='bbox 2523 3773 2685 3814; x_wconf 63' lang='grc'><strong>11018</strong></span> <span class='ocrx_word' id='word_1_590' title='bbox 2716 3771 3104 3812; x_wconf 69' lang='lat' dir='ltr'><strong>TIBODABADUS</strong></span> <span class='ocrx_word' id='word_1_591' title='bbox 3132 3773 3258 3812; x_wconf 73' lang='grc' dir='ltr'>ιιιιι.</span> 
     </span>
    </p>
   </div>
   <div class='ocr_carea' id='block_1_85' title="bbox 1881 3869 3480 3944">
    <p class='ocr_par' dir='ltr' id='par_1_85' title="bbox 1881 3869 3480 3944">
     <span class='ocr_line' id='line_1_85' title="bbox 1881 3869 3480 3944; baseline -0.005 -10"><span class='ocrx_word' id='word_1_592' title='bbox 1881 3879 2161 3934; x_wconf 83' lang='lat' dir='ltr'><strong>Senatores</strong></span> <span class='ocrx_word' id='word_1_593' title='bbox 2189 3873 2520 3944; x_wconf 68' lang='lat' dir='ltr'><strong>reprehendit</strong></span> <span class='ocrx_word' id='word_1_594' title='bbox 2545 3871 2684 3944; x_wconf 72' lang='lat' dir='ltr'><strong>quod</strong></span> <span class='ocrx_word' id='word_1_595' title='bbox 2710 3869 2875 3944; x_wconf 78' lang='lat' dir='ltr'><strong>plebis</strong></span> <span class='ocrx_word' id='word_1_596' title='bbox 2902 3872 3103 3944; x_wconf 74' lang='lat' dir='ltr'><strong>levitati</strong></span> <span class='ocrx_word' id='word_1_597' title='bbox 3126 3880 3178 3925; x_wconf 87' lang='lat' dir='ltr'><strong>et</strong></span> <span class='ocrx_word' id='word_1_598' title='bbox 3213 3873 3362 3926; x_wconf 72' lang='lat' dir='ltr'><strong>uanis</strong></span> <span class='ocrx_word' id='word_1_599' title='bbox 3388 3888 3480 3926; x_wconf 83' lang='lat' dir='ltr'><strong>stt-</strong></span> 
     </span>
    </p>
   </div>
   <div class='ocr_carea' id='block_1_86' title="bbox 1950 3941 3482 4074">
    <p class='ocr_par' dir='ltr' id='par_1_86' title="bbox 1950 3941 3482 4074">
     <span class='ocr_line' id='line_1_86' title="bbox 1950 3941 3482 4071; baseline -0.005 -67"><span class='ocrx_word' id='word_1_600' title='bbox 1950 3941 2268 4071; x_wconf 57' lang='lat' dir='ltr'><strong>spieiqnibus</strong></span> <span class='ocrx_word' id='word_1_601' title='bbox 2287 3947 2340 3999; x_wconf 87' lang='lat' dir='ltr'><strong>in</strong></span> <span class='ocrx_word' id='word_1_602' title='bbox 2369 3945 2496 4016; x_wconf 84' lang='lat' dir='ltr'><strong>ipsis</strong></span> <span class='ocrx_word' id='word_1_603' title='bbox 2521 3941 2665 4014; x_wconf 71' lang='lat' dir='ltr'><strong>regni</strong></span> <span class='ocrx_word' id='word_1_604' title='bbox 2691 3941 2804 4011; x_wconf 77' lang='lat' dir='ltr'><strong>ejus</strong></span> <span class='ocrx_word' id='word_1_605' title='bbox 2829 3941 3132 4010; x_wconf 72' lang='lat' dir='ltr'><strong>primordiis</strong></span> <span class='ocrx_word' id='word_1_606' title='bbox 3160 3957 3268 3997; x_wconf 80' lang='lat' dir='ltr'><strong>non</strong></span> <span class='ocrx_word' id='word_1_607' title='bbox 3293 3958 3482 3997; x_wconf 76' lang='lat' dir='ltr'><strong>occur-</strong></span> 
     </span>
     <span class='ocr_line' id='line_1_87' title="bbox 1951 4035 2134 4074; baseline -0.016 0"><span class='ocrx_word' id='word_1_608' title='bbox 1951 4035 2090 4074; x_wconf 83' lang='lat' dir='ltr'><strong>rertn</strong></span> <span class='ocrx_word' id='word_1_609' title='bbox 2121 4057 2134 4071; x_wconf 96' lang='lat'><strong>.</strong></span> 
     </span>
    </p>
   </div>
   <div class='ocr_carea' id='block_1_87' title="bbox 1955 4101 3479 4180">
    <p class='ocr_par' dir='ltr' id='par_1_87' title="bbox 1955 4101 3479 4180">
     <span class='ocr_line' id='line_1_88' title="bbox 1955 4101 3479 4180; baseline -0.006 -16"><span class='ocrx_word' id='word_1_610' title='bbox 1955 4108 2246 4180; x_wconf 89' lang='lat' dir='ltr'><strong>Postquam</strong></span> <span class='ocrx_word' id='word_1_611' title='bbox 2278 4104 2612 4161; x_wconf 86' lang='lat' dir='ltr'><strong>venerabiles</strong></span> <span class='ocrx_word' id='word_1_612' title='bbox 2637 4103 2784 4159; x_wconf 89' lang='lat' dir='ltr'><strong>viros</strong></span> <span class='ocrx_word' id='word_1_613' title='bbox 2808 4101 3095 4173; x_wconf 89' lang='lat' dir='ltr'><strong>episcopos</strong></span> <span class='ocrx_word' id='word_1_614' title='bbox 3121 4101 3302 4172; x_wconf 89' lang='lat' dir='ltr'><strong>agnita</strong></span> <span class='ocrx_word' id='word_1_615' title='bbox 3327 4101 3479 4172; x_wconf 45' lang='lat' dir='ltr'><strong>legas</strong></span> 
     </span>
    </p>
   </div>
   <div class='ocr_carea' id='block_1_88' title="bbox 1885 4195 3485 4279">
    <p class='ocr_par' dir='ltr' id='par_1_88' title="bbox 1885 4195 3485 4279">
     <span class='ocr_line' id='line_1_89' title="bbox 1885 4195 3485 4279; baseline -0.006 -19"><span class='ocrx_word' id='word_1_616' title='bbox 1885 4204 2035 4260; x_wconf 89' lang='lat' dir='ltr'><strong>tione</strong></span> <span class='ocrx_word' id='word_1_617' title='bbox 2080 4201 2410 4265; x_wconf 89' lang='lat' dir='ltr'><strong>remisimus,</strong></span> <span class='ocrx_word' id='word_1_618' title='bbox 2451 4213 2554 4255; x_wconf 89' lang='lat' dir='ltr'><strong>nec</strong></span> <span class='ocrx_word' id='word_1_619' title='bbox 2599 4195 2950 4269; x_wconf 87' lang='lat' dir='ltr'><strong>petitionibus</strong></span> <span class='ocrx_word' id='word_1_620' title='bbox 2985 4195 3203 4262; x_wconf 89' lang='lat' dir='ltr'><strong>vestris,</strong></span> <span class='ocrx_word' id='word_1_621' title='bbox 3234 4195 3485 4279; x_wconf 83' lang='lat' dir='ltr'><strong>quamvis</strong></span> 
     </span>
    </p>
   </div>
   <div class='ocr_carea' id='block_1_89' title="bbox 1885 4287 3484 4365">
    <p class='ocr_par' dir='ltr' id='par_1_89' title="bbox 1885 4287 3484 4365">
     <span class='ocr_line' id='line_1_90' title="bbox 1885 4287 3484 4365; baseline -0.006 -14"><span class='ocrx_word' id='word_1_622' title='bbox 1885 4301 2068 4352; x_wconf 87' lang='lat' dir='ltr'><strong>essent</strong></span> <span class='ocrx_word' id='word_1_623' title='bbox 2094 4291 2339 4365; x_wconf 65' lang='lat' dir='ltr'><strong>quaedam</strong></span> <span class='ocrx_word' id='word_1_624' title='bbox 2369 4287 2834 4363; x_wconf 85' lang='lat' dir='ltr'><strong>reprehensibilia,</strong></span> <span class='ocrx_word' id='word_1_625' title='bbox 2874 4287 3030 4359; x_wconf 73' lang='lat'><strong>163</strong></span> <span class='ocrx_word' id='word_1_626' title='bbox 3058 4295 3242 4342; x_wconf 89' lang='lat' dir='ltr'><strong>noster</strong></span> <span class='ocrx_word' id='word_1_627' title='bbox 3270 4287 3484 4342; x_wconf 88' lang='lat' dir='ltr'><strong>animus</strong></span> 
     </span>
    </p>
   </div>
   <div class='ocr_carea' id='block_1_90' title="bbox 264 4379 1764 4496">
    <p class='ocr_par' dir='ltr' id='par_1_90' title="bbox 264 4379 1764 4494">
     <span class='ocr_line' id='line_1_91' title="bbox 264 4379 1764 4424; baseline -0.011 -14"><span class='ocrx_word' id='word_1_628' title='bbox 264 4379 559 4412; x_wconf 66' lang='lat' dir='ltr'><strong>mulcatus</strong></span> <span class='ocrx_word' id='word_1_629' title='bbox 587 4379 890 4424; x_wconf 65' lang='lat' dir='ltr'><strong>(agniturum</strong></span> <span class='ocrx_word' id='word_1_630' title='bbox 928 4379 977 4403; x_wconf 65' lang='grc' dir='ltr'><strong>σε</strong></span> <span class='ocrx_word' id='word_1_631' title='bbox 1014 4379 1136 4402; x_wconf 68' lang='lat' dir='ltr'><strong>MU</strong></span> <span class='ocrx_word' id='word_1_632' title='bbox 1149 4379 1228 4399; x_wconf 71' lang='lat' dir='ltr'><strong>ﬂ&quot;</strong></span> <span class='ocrx_word' id='word_1_633' title='bbox 1258 4379 1412 4415; x_wconf 56' lang='grc' dir='ltr'>Ιίνιιις</span> <span class='ocrx_word' id='word_1_634' title='bbox 1442 4379 1528 4397; x_wconf 70' lang='grc' dir='ltr'><strong>σου</strong></span> <span class='ocrx_word' id='word_1_635' title='bbox 1541 4379 1621 4414; x_wconf 65' lang='grc' dir='ltr'><strong>μσς</strong></span> <span class='ocrx_word' id='word_1_636' title='bbox 1659 4379 1764 4395; x_wconf 55' lang='grc' dir='ltr'><strong>ννην</strong></span> 
     </span>
     <span class='ocr_line' id='line_1_92' title="bbox 264 4413 1764 4494; baseline -0.011 -13"><span class='ocrx_word' id='word_1_637' title='bbox 264 4429 504 4488; x_wconf 76' lang='lat' dir='ltr'><strong>cessisse,</strong></span> <span class='ocrx_word' id='word_1_638' title='bbox 555 4433 604 4478; x_wconf 91' lang='lat' dir='ltr'><strong>et</strong></span> <span class='ocrx_word' id='word_1_639' title='bbox 655 4423 781 4494; x_wconf 83' lang='lat' dir='ltr'><strong>petit</strong></span> <span class='ocrx_word' id='word_1_640' title='bbox 822 4427 878 4476; x_wconf 81' lang='lat' dir='ltr'><strong>ut</strong></span> <span class='ocrx_word' id='word_1_641' title='bbox 927 4420 1023 4473; x_wconf 86' lang='lat' dir='ltr'><strong>has</strong></span> <span class='ocrx_word' id='word_1_642' title='bbox 1075 4415 1285 4488; x_wconf 80' lang='lat' dir='ltr'><strong>nuptias</strong></span> <span class='ocrx_word' id='word_1_643' title='bbox 1336 4414 1520 4470; x_wconf 70' lang='lat' dir='ltr'><strong>lwtitiu</strong></span> <span class='ocrx_word' id='word_1_644' title='bbox 1570 4413 1764 4484; x_wconf 72' lang='lat' dir='ltr'><strong>profust</strong></span> 
     </span>
    </p>
   </div>
   <div class='ocr_carea' id='block_1_91' title="bbox 1869 4379 3488 4496">
    <p class='ocr_par' dir='ltr' id='par_1_91' title="bbox 1869 4379 3488 4496">
     <span class='ocr_line' id='line_1_93' title="bbox 1869 4379 3488 4477; baseline -0.006 -34"><span class='ocrx_word' id='word_1_645' title='bbox 1869 4386 2165 4477; x_wconf 27' lang='lat' dir='ltr'><strong>&gt;obviasset</strong></span> <span class='ocrx_word' id='word_1_646' title='bbox 2196 4402 2210 4438; x_wconf 91' lang='lat'>:</span> <span class='ocrx_word' id='word_1_647' title='bbox 2235 4383 2516 4438; x_wconf 86' lang='lat' dir='ltr'><strong>venientes</strong></span> <span class='ocrx_word' id='word_1_648' title='bbox 2541 4380 2609 4436; x_wconf 90' lang='lat' dir='ltr'><strong>ad</strong></span> <span class='ocrx_word' id='word_1_649' title='bbox 2639 4395 2738 4436; x_wconf 87' lang='lat' dir='ltr'><strong>nos</strong></span> <span class='ocrx_word' id='word_1_650' title='bbox 2767 4379 2934 4450; x_wconf 90' lang='lat' dir='ltr'><strong>aliqui</strong></span> <span class='ocrx_word' id='word_1_651' title='bbox 2964 4379 3268 4435; x_wconf 87' lang='lat' dir='ltr'><strong>retulerunt</strong></span> <span class='ocrx_word' id='word_1_652' title='bbox 3295 4379 3488 4434; x_wconf 89' lang='lat' dir='ltr'><strong>civita-</strong></span> 
     </span>
     <span class='ocr_line' id='line_1_94' title="bbox 1894 4469 3464 4496; baseline 0 0"><span class='ocrx_word' id='word_1_653' title='bbox 1894 4487 1996 4496; x_wconf 59' lang='lat'><strong>._,-_</strong></span> <span class='ocrx_word' id='word_1_654' title='bbox 2035 4475 2329 4496; x_wconf 69' lang='lat' dir='ltr'><strong>n-_.__-...</strong></span> <span class='ocrx_word' id='word_1_655' title='bbox 2375 4473 2551 4496; x_wconf 66' lang='lat'><strong>-11.---</strong></span> <span class='ocrx_word' id='word_1_656' title='bbox 2589 4473 2771 4496; x_wconf 70' lang='lat' dir='ltr'><strong>:---_a-</strong></span> <span class='ocrx_word' id='word_1_657' title='bbox 2814 4471 3173 4496; x_wconf 67' lang='grc' dir='ltr'><strong>-..ιιι-ει..,12....</strong></span> <span class='ocrx_word' id='word_1_658' title='bbox 3216 4469 3464 4496; x_wconf 56' lang='grc' dir='ltr'><strong>μιλλε-Α-..</strong></span> 
     </span>
    </p>
   </div>
   <div class='ocr_carea' id='block_1_92' title="bbox 267 4496 1488 4552">
    <p class='ocr_par' dir='ltr' id='par_1_92' title="bbox 267 4496 1488 4552">
     <span class='ocr_line' id='line_1_95' title="bbox 267 4496 1488 4552; baseline -0.006 -2"><span class='ocrx_word' id='word_1_659' title='bbox 267 4496 537 4552; x_wconf 78' lang='lat' dir='ltr'><strong>celebrent.</strong></span> <span class='ocrx_word' id='word_1_660' title='bbox 1474 4531 1488 4543; x_wconf 92' lang='lat'><strong>.</strong></span> 
     </span>
    </p>
   </div>
   <div class='ocr_carea' id='block_1_93' title="bbox 265 4571 1787 4658">
    <p class='ocr_par' dir='ltr' id='par_1_93' title="bbox 265 4571 1787 4658">
     <span class='ocr_line' id='line_1_96' title="bbox 265 4571 1787 4658; baseline -0.01 -14"><span class='ocrx_word' id='word_1_661' title='bbox 265 4588 346 4644; x_wconf 78' lang='lat' dir='ltr'><strong>Ne</strong></span> <span class='ocrx_word' id='word_1_662' title='bbox 362 4587 482 4658; x_wconf 89' lang='lat' dir='ltr'><strong>quis</strong></span> <span class='ocrx_word' id='word_1_663' title='bbox 504 4600 626 4654; x_wconf 89' lang='lat' dir='ltr'><strong>nos,</strong></span> <span class='ocrx_word' id='word_1_664' title='bbox 646 4592 832 4656; x_wconf 89' lang='lat' dir='ltr'><strong>patres</strong></span> <span class='ocrx_word' id='word_1_665' title='bbox 859 4579 1170 4649; x_wconf 89' lang='lat' dir='ltr'><strong>conscripti,</strong></span> <span class='ocrx_word' id='word_1_666' title='bbox 1197 4576 1250 4632; x_wconf 91' lang='lat' dir='ltr'><strong>in</strong></span> <span class='ocrx_word' id='word_1_667' title='bbox 1275 4571 1571 4630; x_wconf 89' lang='lat' dir='ltr'><strong>honoribus</strong></span> <span class='ocrx_word' id='word_1_668' title='bbox 1594 4571 1787 4629; x_wconf 88' lang='lat' dir='ltr'><strong>dandis</strong></span> 
     </span>
    </p>
   </div>
   <div class='ocr_carea' id='block_1_94' title="bbox 197 4662 1786 4738">
    <p class='ocr_par' dir='ltr' id='par_1_94' title="bbox 197 4662 1786 4738">
     <span class='ocr_line' id='line_1_97' title="bbox 197 4662 1786 4738; baseline -0.012 -1"><span class='ocrx_word' id='word_1_669' title='bbox 197 4697 307 4738; x_wconf 87' lang='lat' dir='ltr'><strong>non</strong></span> <span class='ocrx_word' id='word_1_670' title='bbox 334 4677 564 4735; x_wconf 69' lang='lat' dir='ltr'><strong>testimet</strong></span> <span class='ocrx_word' id='word_1_671' title='bbox 602 4673 854 4730; x_wconf 90' lang='lat' dir='ltr'><strong>habuisse</strong></span> <span class='ocrx_word' id='word_1_672' title='bbox 899 4671 1184 4732; x_wconf 89' lang='lat' dir='ltr'><strong>rationem,</strong></span> <span class='ocrx_word' id='word_1_673' title='bbox 1214 4665 1360 4738; x_wconf 91' lang='lat' dir='ltr'><strong>quod</strong></span> <span class='ocrx_word' id='word_1_674' title='bbox 1397 4670 1523 4736; x_wconf 88' lang='lat' dir='ltr'><strong>post</strong></span> <span class='ocrx_word' id='word_1_675' title='bbox 1561 4662 1786 4732; x_wconf 87' lang='lat' dir='ltr'><strong>insignia</strong></span> 
     </span>
    </p>
   </div>
   <div class='ocr_carea' id='block_1_95' title="bbox 198 4753 1790 4833">
    <p class='ocr_par' dir='ltr' id='par_1_95' title="bbox 198 4753 1790 4833">
     <span class='ocr_line' id='line_1_98' title="bbox 198 4753 1790 4833; baseline -0.012 -6"><span class='ocrx_word' id='word_1_676' title='bbox 198 4769 511 4829; x_wconf 85' lang='lat' dir='ltr'><strong>consulatus</strong></span> <span class='ocrx_word' id='word_1_677' title='bbox 529 4767 737 4821; x_wconf 86' lang='lat' dir='ltr'><strong>minora</strong></span> <span class='ocrx_word' id='word_1_678' title='bbox 763 4763 934 4833; x_wconf 85' lang='lat' dir='ltr'><strong>magis</strong></span> <span class='ocrx_word' id='word_1_679' title='bbox 953 4761 1221 4833; x_wconf 83' lang='lat' dir='ltr'><strong>posterius</strong></span> <span class='ocrx_word' id='word_1_680' title='bbox 1240 4754 1598 4814; x_wconf 85' lang='lat' dir='ltr'><strong>conferamus.</strong></span> <span class='ocrx_word' id='word_1_681' title='bbox 1621 4753 1790 4824; x_wconf 87' lang='lat' dir='ltr'><strong>Quin-</strong></span> 
     </span>
    </p>
   </div>
   <div class='ocr_carea' id='block_1_96' title="bbox 198 4848 1791 4948">
    <p class='ocr_par' dir='ltr' id='par_1_96' title="bbox 198 4848 1791 4948">
     <span class='ocr_line' id='line_1_99' title="bbox 198 4848 1791 4948; baseline -0.011 -28"><span class='ocrx_word' id='word_1_682' title='bbox 198 4865 310 4920; x_wconf 89' lang='lat' dir='ltr'><strong>imo</strong></span> <span class='ocrx_word' id='word_1_683' title='bbox 336 4866 624 4918; x_wconf 85' lang='lat' dir='ltr'><strong>suaserunt</strong></span> <span class='ocrx_word' id='word_1_684' title='bbox 671 4855 1056 4948; x_wconf 51' lang='lat' dir='ltr'><strong>nobis.merita</strong></span> <span class='ocrx_word' id='word_1_685' title='bbox 1105 4849 1397 4916; x_wconf 87' lang='lat' dir='ltr'><strong>candidati,</strong></span> <span class='ocrx_word' id='word_1_686' title='bbox 1437 4864 1508 4906; x_wconf 87' lang='lat' dir='ltr'><strong>ne</strong></span> <span class='ocrx_word' id='word_1_687' title='bbox 1529 4848 1640 4919; x_wconf 92' lang='lat' dir='ltr'><strong>jam</strong></span> <span class='ocrx_word' id='word_1_688' title='bbox 1675 4863 1791 4904; x_wconf 83' lang='lat' dir='ltr'><strong>ma-</strong></span> 
     </span>
    </p>
   </div>
   <div class='ocr_carea' id='block_1_97' title="bbox 273 5001 1787 5084">
    <p class='ocr_par' dir='ltr' id='par_1_97' title="bbox 273 5001 1787 5084">
     <span class='ocr_line' id='line_1_100' title="bbox 273 5001 1787 5084; baseline -0.01 -14"><span class='ocrx_word' id='word_1_689' title='bbox 273 5025 300 5054; x_wconf 76' lang='grc' dir='ltr'><strong>ι</strong></span> <span class='ocrx_word' id='word_1_690' title='bbox 333 5013 621 5084; x_wconf 86' lang='lat' dir='ltr'><strong>Disciplina</strong></span> <span class='ocrx_word' id='word_1_691' title='bbox 652 5019 956 5084; x_wconf 76' lang='lat' dir='ltr'><strong>temporum</strong></span> <span class='ocrx_word' id='word_1_692' title='bbox 983 5013 1040 5062; x_wconf 92' lang='lat' dir='ltr'><strong>et</strong></span> <span class='ocrx_word' id='word_1_693' title='bbox 1067 5004 1248 5084; x_wconf 66' lang='lat' dir='ltr'><strong>saeculi</strong></span> <span class='ocrx_word' id='word_1_694' title='bbox 1279 5003 1503 5084; x_wconf 65' lang='lat' dir='ltr'><strong>felicitas</strong></span> <span class='ocrx_word' id='word_1_695' title='bbox 1533 5001 1787 5084; x_wconf 39' lang='lat' dir='ltr'><strong>a.princ_i—</strong></span> 
     </span>
    </p>
   </div>
   <div class='ocr_carea' id='block_1_98' title="bbox 239 5071 1787 5156">
    <p class='ocr_par' dir='ltr' id='par_1_98' title="bbox 239 5071 1787 5156">
     <span class='ocr_line' id='line_1_101' title="bbox 239 5071 1787 5156; baseline -0.011 -14"><span class='ocrx_word' id='word_1_696' title='bbox 239 5089 358 5142; x_wconf 89' lang='lat' dir='ltr'><strong>ibus</strong></span> <span class='ocrx_word' id='word_1_697' title='bbox 393 5071 736 5156; x_wconf 63' lang='lat' dir='ltr'><strong>prmdicatur,</strong></span> <span class='ocrx_word' id='word_1_698' title='bbox 765 5071 872 5156; x_wconf 63' lang='lat' dir='ltr'><strong>&#39;lib.</strong></span> <span class='ocrx_word' id='word_1_699' title='bbox 908 5093 958 5156; x_wconf 84' lang='lat' dir='ltr'><strong>_t_,_</strong></span> <span class='ocrx_word' id='word_1_700' title='bbox 993 5076 1152 5156; x_wconf 76' lang='lat' dir='ltr'><strong>epist.</strong></span> <span class='ocrx_word' id='word_1_701' title='bbox 1186 5073 1371 5156; x_wconf 50' lang='grc' dir='ltr'><strong>ὅλῳ).</strong></span> <span class='ocrx_word' id='word_1_702' title='bbox 1404 5089 1461 5156; x_wconf 82' lang='grc' dir='ltr'>ιι,</span> <span class='ocrx_word' id='word_1_703' title='bbox 1489 5071 1657 5156; x_wconf 79' lang='lat' dir='ltr'><strong>_epist.</strong></span> <span class='ocrx_word' id='word_1_704' title='bbox 1688 5071 1787 5138; x_wconf 76' lang='lat' dir='ltr'><strong>l3;</strong></span> 
     </span>
    </p>
   </div>
   <div class='ocr_carea' id='block_1_99' title="bbox 199 5104 1790 5224">
    <p class='ocr_par' dir='ltr' id='par_1_99' title="bbox 199 5104 1790 5224">
     <span class='ocr_line' id='line_1_102' title="bbox 239 5104 1787 5156; baseline -0.011 -14"><span class='ocrx_word' id='word_1_705' title='bbox 239 5104 358 5142; x_wconf 82' lang='lat' dir='ltr'><strong>tuus</strong></span> <span class='ocrx_word' id='word_1_706' title='bbox 393 5104 736 5156; x_wconf 71' lang='lat' dir='ltr'><strong>pra‘utcatur,</strong></span> <span class='ocrx_word' id='word_1_707' title='bbox 779 5104 872 5134; x_wconf 89' lang='grc' dir='ltr'>ιιυ.</span> <span class='ocrx_word' id='word_1_708' title='bbox 912 5104 948 5142; x_wconf 85' lang='grc' dir='ltr'>ι,</span> <span class='ocrx_word' id='word_1_709' title='bbox 993 5104 1152 5147; x_wconf 70' lang='lat' dir='ltr'><strong>cpias.</strong></span> <span class='ocrx_word' id='word_1_710' title='bbox 1186 5104 1251 5143; x_wconf 74' lang='lat' dir='ltr'><strong>u;</strong></span> <span class='ocrx_word' id='word_1_711' title='bbox 1281 5104 1371 5129; x_wconf 74' lang='lat' dir='ltr'><strong>mu.</strong></span> <span class='ocrx_word' id='word_1_712' title='bbox 1404 5104 1461 5136; x_wconf 83' lang='grc' dir='ltr'>ιι,</span> <span class='ocrx_word' id='word_1_713' title='bbox 1499 5104 1657 5143; x_wconf 72' lang='grc' dir='ltr'><strong>τνιοι.</strong></span> <span class='ocrx_word' id='word_1_714' title='bbox 1693 5104 1787 5138; x_wconf 84' lang='grc' dir='ltr'>ιυ,</span> 
     </span>
     <span class='ocr_line' id='line_1_103' title="bbox 199 5104 1790 5224; baseline -0.012 -10"><span class='ocrx_word' id='word_1_715' title='bbox 199 5104 294 5214; x_wconf 59' lang='lat' dir='ltr'><strong>Iib.</strong></span> <span class='ocrx_word' id='word_1_716' title='bbox 331 5171 402 5222; x_wconf 82' lang='lat' dir='ltr'><strong>tv,</strong></span> <span class='ocrx_word' id='word_1_717' title='bbox 434 5155 592 5224; x_wconf 81' lang='lat' dir='ltr'><strong>epist.</strong></span> <span class='ocrx_word' id='word_1_718' title='bbox 637 5152 732 5218; x_wconf 79' lang='lat' dir='ltr'><strong>to;</strong></span> <span class='ocrx_word' id='word_1_719' title='bbox 776 5149 1025 5224; x_wconf 81' lang='lat' dir='ltr'><strong>ho_c__lib.,</strong></span> <span class='ocrx_word' id='word_1_720' title='bbox 1056 5147 1216 5216; x_wconf 90' lang='lat' dir='ltr'><strong>epist.</strong></span> <span class='ocrx_word' id='word_1_721' title='bbox 1249 5145 1348 5224; x_wconf 72' lang='lat'><strong>18;</strong></span> <span class='ocrx_word' id='word_1_722' title='bbox 1372 5154 1427 5200; x_wconf 89' lang='lat' dir='ltr'><strong>et</strong></span> <span class='ocrx_word' id='word_1_723' title='bbox 1454 5143 1587 5224; x_wconf 76' lang='lat' dir='ltr'><strong>alias</strong></span> <span class='ocrx_word' id='word_1_724' title='bbox 1614 5157 1790 5224; x_wconf 68' lang='lat' dir='ltr'><strong>smpe-</strong></span> 
     </span>
    </p>
   </div>
   <div class='ocr_carea' id='block_1_100' title="bbox 204 5211 1793 5284">
    <p class='ocr_par' dir='ltr' id='par_1_100' title="bbox 204 5211 1793 5284">
     <span class='ocr_line' id='line_1_104' title="bbox 204 5211 1793 5284; baseline -0.011 -1"><span class='ocrx_word' id='word_1_725' title='bbox 204 5211 658 5284; x_wconf 53' lang='lat' dir='ltr'><strong>nutlter&#39;o.&#39;Fonx.</strong></span> <span class='ocrx_word' id='word_1_726' title='bbox 711 5211 786 5265; x_wconf 52' lang='lat'><strong>-&#39;--</strong></span> <span class='ocrx_word' id='word_1_727' title='bbox 829 5211 1034 5275; x_wconf 80' lang='lat' dir='ltr'><strong>Plinius</strong></span> <span class='ocrx_word' id='word_1_728' title='bbox 1082 5211 1192 5272; x_wconf 79' lang='lat' dir='ltr'><strong>non</strong></span> <span class='ocrx_word' id='word_1_729' title='bbox 1241 5215 1467 5270; x_wconf 87' lang='lat' dir='ltr'><strong>multum</strong></span> <span class='ocrx_word' id='word_1_730' title='bbox 1515 5211 1793 5268; x_wconf 84' lang='lat' dir='ltr'><strong>dissimilia</strong></span> 
     </span>
    </p>
   </div>
   <div class='ocr_carea' id='block_1_101' title="bbox 205 5285 1791 5370">
    <p class='ocr_par' dir='ltr' id='par_1_101' title="bbox 205 5285 1791 5370">
     <span class='ocr_line' id='line_1_105' title="bbox 205 5285 1791 5370; baseline -0.012 -17"><span class='ocrx_word' id='word_1_731' title='bbox 205 5297 426 5370; x_wconf 90' lang='lat' dir='ltr'><strong>protulit</strong></span> <span class='ocrx_word' id='word_1_732' title='bbox 455 5295 509 5350; x_wconf 91' lang='lat' dir='ltr'><strong>in</strong></span> <span class='ocrx_word' id='word_1_733' title='bbox 542 5291 871 5370; x_wconf 71' lang='lat' dir='ltr'><strong>Panegyrico</strong></span> <span class='ocrx_word' id='word_1_734' title='bbox 891 5287 1066 5370; x_wconf 58' lang='lat' dir='ltr'><strong>desui</strong></span> <span class='ocrx_word' id='word_1_735' title='bbox 1091 5285 1558 5370; x_wconf 39' lang='lat' dir='ltr'><strong>sagculi‘felicitate</strong></span> <span class='ocrx_word' id='word_1_736' title='bbox 1586 5297 1752 5364; x_wconf 76' lang='lat' dir='ltr'><strong>agens</strong></span> <span class='ocrx_word' id='word_1_737' title='bbox 1777 5299 1791 5334; x_wconf 90' lang='lat'><strong>:</strong></span> 
     </span>
    </p>
   </div>
   <div class='ocr_carea' id='block_1_102' title="bbox 205 5352 1793 5427">
    <p class='ocr_par' dir='ltr' id='par_1_102' title="bbox 205 5352 1793 5427">
     <span class='ocr_line' id='line_1_106' title="bbox 205 5352 1793 5427; baseline -0.011 -3"><span class='ocrx_word' id='word_1_738' title='bbox 205 5352 362 5424; x_wconf 69' lang='lat' dir='ltr'><strong>Salva</strong></span> <span class='ocrx_word' id='word_1_739' title='bbox 391 5375 474 5422; x_wconf 89' lang='lat' dir='ltr'><strong>est</strong></span> <span class='ocrx_word' id='word_1_740' title='bbox 499 5352 748 5419; x_wconf 71' lang='lat' dir='ltr'><strong>omnibus</strong></span> <span class='ocrx_word' id='word_1_741' title='bbox 767 5362 897 5427; x_wconf 88' lang='lat' dir='ltr'><strong>vita,</strong></span> <span class='ocrx_word' id='word_1_742' title='bbox 929 5358 1025 5426; x_wconf 91' lang='lat' dir='ltr'><strong>ait,</strong></span> <span class='ocrx_word' id='word_1_743' title='bbox 1055 5365 1110 5413; x_wconf 92' lang='lat' dir='ltr'><strong>et</strong></span> <span class='ocrx_word' id='word_1_744' title='bbox 1135 5357 1367 5426; x_wconf 79' lang='lat' dir='ltr'><strong>dignitas</strong></span> <span class='ocrx_word' id='word_1_745' title='bbox 1389 5356 1534 5427; x_wconf 67' lang='lat' dir='ltr'><strong>vitae,</strong></span> <span class='ocrx_word' id='word_1_746' title='bbox 1563 5367 1665 5427; x_wconf 84' lang='lat' dir='ltr'><strong>nec</strong></span> <span class='ocrx_word' id='word_1_747' title='bbox 1681 5352 1793 5427; x_wconf 80' lang='lat' dir='ltr'><strong>jam</strong></span> 
     </span>
    </p>
   </div>
   <div class='ocr_carea' id='block_1_103' title="bbox 207 5423 1792 5503">
    <p class='ocr_par' dir='ltr' id='par_1_103' title="bbox 207 5423 1792 5503">
     <span class='ocr_line' id='line_1_107' title="bbox 207 5423 1792 5503; baseline -0.012 -9"><span class='ocrx_word' id='word_1_748' title='bbox 207 5423 578 5495; x_wconf 80' lang='lat' dir='ltr'><strong>consideratus</strong></span> <span class='ocrx_word' id='word_1_749' title='bbox 598 5448 663 5488; x_wconf 88' lang='lat' dir='ltr'><strong>ac</strong></span> <span class='ocrx_word' id='word_1_750' title='bbox 686 5423 920 5503; x_wconf 78' lang='lat' dir='ltr'><strong>sapiens,</strong></span> <span class='ocrx_word' id='word_1_751' title='bbox 943 5423 1036 5503; x_wconf 82' lang='lat' dir='ltr'><strong>qui</strong></span> <span class='ocrx_word' id='word_1_752' title='bbox 1063 5423 1288 5503; x_wconf 59' lang='lat' dir='ltr'><strong>nitatem</strong></span> <span class='ocrx_word' id='word_1_753' title='bbox 1311 5427 1364 5480; x_wconf 90' lang='lat' dir='ltr'><strong>in</strong></span> <span class='ocrx_word' id='word_1_754' title='bbox 1387 5424 1625 5503; x_wconf 76' lang='lat' dir='ltr'><strong>tenebris</strong></span> <span class='ocrx_word' id='word_1_755' title='bbox 1645 5423 1754 5492; x_wconf 91' lang='lat' dir='ltr'><strong>agit</strong></span> <span class='ocrx_word' id='word_1_756' title='bbox 1779 5439 1792 5475; x_wconf 75' lang='grc' dir='ltr'>ε</span> 
     </span>
    </p>
   </div>
   <div class='ocr_carea' id='block_1_104' title="bbox 210 5493 1799 5578">
    <p class='ocr_par' dir='ltr' id='par_1_104' title="bbox 210 5493 1799 5578">
     <span class='ocr_line' id='line_1_108' title="bbox 210 5493 1799 5578; baseline -0.014 -12"><span class='ocrx_word' id='word_1_757' title='bbox 210 5493 394 5566; x_wconf 76' lang='lat' dir='ltr'><strong>eadem</strong></span> <span class='ocrx_word' id='word_1_758' title='bbox 423 5506 629 5578; x_wconf 86' lang='lat' dir='ltr'><strong>quippe</strong></span> <span class='ocrx_word' id='word_1_759' title='bbox 669 5493 769 5578; x_wconf 70' lang='lat' dir='ltr'><strong>sub</strong></span> <span class='ocrx_word' id='word_1_760' title='bbox 810 5493 1052 5578; x_wconf 73' lang='lat' dir='ltr'><strong>principe</strong></span> <span class='ocrx_word' id='word_1_761' title='bbox 1087 5497 1374 5578; x_wconf 85' lang='lat' dir='ltr'><strong>virtutibus</strong></span> <span class='ocrx_word' id='word_1_762' title='bbox 1407 5493 1643 5574; x_wconf 60' lang='lat' dir='ltr'><strong>praemia2</strong></span> <span class='ocrx_word' id='word_1_763' title='bbox 1678 5506 1799 5578; x_wconf 63' lang='lat' dir='ltr'><strong>quae</strong></span> 
     </span>
    </p>
   </div>
   <div class='ocr_carea' id='block_1_105' title="bbox 208 5562 1798 5639">
    <p class='ocr_par' dir='ltr' id='par_1_105' title="bbox 208 5562 1798 5639">
     <span class='ocr_line' id='line_1_109' title="bbox 208 5562 1798 5639; baseline -0.013 -3"><span class='ocrx_word' id='word_1_764' title='bbox 208 5562 260 5637; x_wconf 80' lang='lat' dir='ltr'><strong>in</strong></span> <span class='ocrx_word' id='word_1_765' title='bbox 283 5562 578 5639; x_wconf 53' lang='lat' dir='ltr'><strong>libertate:</strong></span> <span class='ocrx_word' id='word_1_766' title='bbox 615 5588 715 5628; x_wconf 91' lang='lat' dir='ltr'><strong>nec</strong></span> <span class='ocrx_word' id='word_1_767' title='bbox 753 5562 1050 5628; x_wconf 74' lang='lat' dir='ltr'><strong>benefactis</strong></span> <span class='ocrx_word' id='word_1_768' title='bbox 1097 5575 1304 5639; x_wconf 87' lang='lat' dir='ltr'><strong>tantum</strong></span> <span class='ocrx_word' id='word_1_769' title='bbox 1353 5562 1424 5622; x_wconf 71' lang='lat' dir='ltr'><strong>ei</strong></span> <span class='ocrx_word' id='word_1_770' title='bbox 1464 5562 1798 5620; x_wconf 88' lang='lat' dir='ltr'><strong>conscientia</strong></span> 
     </span>
    </p>
   </div>
   <div class='ocr_carea' id='block_1_106' title="bbox 209 5638 1386 5713">
    <p class='ocr_par' dir='ltr' id='par_1_106' title="bbox 209 5638 1386 5713">
     <span class='ocr_line' id='line_1_110' title="bbox 209 5638 1386 5713; baseline -0.013 -5"><span class='ocrx_word' id='word_1_771' title='bbox 209 5665 433 5713; x_wconf 87' lang='lat' dir='ltr'><strong>merces,</strong></span> <span class='ocrx_word' id='word_1_772' title='bbox 457 5638 744 5702; x_wconf 84' lang='lat' dir='ltr'><strong>sedetiatn</strong></span> <span class='ocrx_word' id='word_1_773' title='bbox 773 5642 990 5713; x_wconf 70' lang='lat' dir='ltr'><strong>przemia</strong></span> <span class='ocrx_word' id='word_1_774' title='bbox 1016 5649 1165 5713; x_wconf 69' lang='lat' dir='ltr'><strong>sunt.</strong></span> <span class='ocrx_word' id='word_1_775' title='bbox 1195 5638 1386 5694; x_wconf 80' lang='lat' dir='ltr'><strong>Bnoss.</strong></span> 
     </span>
    </p>
   </div>
   <div class='ocr_carea' id='block_1_107' title="bbox 274 5705 1797 5783">
    <p class='ocr_par' dir='ltr' id='par_1_107' title="bbox 274 5705 1797 5783">
     <span class='ocr_line' id='line_1_111' title="bbox 274 5705 1797 5783; baseline -0.014 -5"><span class='ocrx_word' id='word_1_776' title='bbox 274 5705 303 5762; x_wconf 57' lang='grc' dir='ltr'><strong>ὖ</strong></span> <span class='ocrx_word' id='word_1_777' title='bbox 334 5705 545 5776; x_wconf 56' lang='lat' dir='ltr'><strong>Vetere</strong></span> <span class='ocrx_word' id='word_1_778' title='bbox 574 5723 628 5772; x_wconf 89' lang='lat' dir='ltr'><strong>et</strong></span> <span class='ocrx_word' id='word_1_779' title='bbox 657 5705 887 5783; x_wconf 76' lang='lat' dir='ltr'><strong>eleganti</strong></span> <span class='ocrx_word' id='word_1_780' title='bbox 916 5709 1170 5781; x_wconf 85' lang='lat' dir='ltr'><strong>loquendi</strong></span> <span class='ocrx_word' id='word_1_781' title='bbox 1196 5723 1366 5776; x_wconf 90' lang='lat' dir='ltr'><strong>more,</strong></span> <span class='ocrx_word' id='word_1_782' title='bbox 1393 5705 1612 5780; x_wconf 83' lang='lat' dir='ltr'><strong>prepria</strong></span> <span class='ocrx_word' id='word_1_783' title='bbox 1640 5718 1797 5760; x_wconf 82' lang='lat' dir='ltr'><strong>uxor.</strong></span> 
     </span>
    </p>
   </div>
   <div class='ocr_carea' id='block_1_108' title="bbox 1894 4469 3488 4544">
    <p class='ocr_par' dir='ltr' id='par_1_108' title="bbox 1894 4469 3488 4544">
     <span class='ocr_line' id='line_1_112' title="bbox 1894 4469 3488 4544; baseline -0.006 -10"><span class='ocrx_word' id='word_1_784' title='bbox 1894 4487 2003 4534; x_wconf 90' lang='lat' dir='ltr'><strong>tem</strong></span> <span class='ocrx_word' id='word_1_785' title='bbox 2033 4475 2332 4532; x_wconf 79' lang='lat' dir='ltr'><strong>Romanam</strong></span> <span class='ocrx_word' id='word_1_786' title='bbox 2373 4473 2553 4529; x_wconf 91' lang='lat' dir='ltr'><strong>adhuc</strong></span> <span class='ocrx_word' id='word_1_787' title='bbox 2589 4473 2776 4544; x_wconf 86' lang='lat' dir='ltr'><strong>inepta</strong></span> <span class='ocrx_word' id='word_1_788' title='bbox 2813 4471 3175 4528; x_wconf 88' lang='lat' dir='ltr'><strong>sollicitudine</strong></span> <span class='ocrx_word' id='word_1_789' title='bbox 3216 4469 3488 4536; x_wconf 85' lang='lat' dir='ltr'><strong>laborare,</strong></span> 
     </span>
    </p>
   </div>
   <div class='ocr_carea' id='block_1_109' title="bbox 1894 4564 3490 4638">
    <p class='ocr_par' dir='ltr' id='par_1_109' title="bbox 1894 4564 3490 4638">
     <span class='ocr_line' id='line_1_113' title="bbox 1894 4564 3490 4638; baseline -0.006 -12"><span class='ocrx_word' id='word_1_790' title='bbox 1894 4579 1950 4627; x_wconf 88' lang='lat' dir='ltr'><strong>et</strong></span> <span class='ocrx_word' id='word_1_791' title='bbox 1978 4569 2032 4626; x_wconf 90' lang='lat' dir='ltr'><strong>id</strong></span> <span class='ocrx_word' id='word_1_792' title='bbox 2059 4583 2220 4638; x_wconf 84' lang='lat' dir='ltr'><strong>agere</strong></span> <span class='ocrx_word' id='word_1_793' title='bbox 2248 4576 2309 4624; x_wconf 91' lang='lat' dir='ltr'><strong>ut</strong></span> <span class='ocrx_word' id='word_1_794' title='bbox 2335 4567 2436 4623; x_wconf 89' lang='lat' dir='ltr'><strong>nisi</strong></span> <span class='ocrx_word' id='word_1_795' title='bbox 2475 4575 2674 4622; x_wconf 78' lang='lat' dir='ltr'><strong>nostrze</strong></span> <span class='ocrx_word' id='word_1_796' title='bbox 2716 4564 3142 4620; x_wconf 81' lang='lat' dir='ltr'><strong>mansuetudinis</strong></span> <span class='ocrx_word' id='word_1_797' title='bbox 3178 4564 3490 4624; x_wconf 90' lang='lat' dir='ltr'><strong>interesset,</strong></span> 
     </span>
    </p>
   </div>
   <div class='ocr_carea' id='block_1_110' title="bbox 1893 4654 3491 4737">
    <p class='ocr_par' dir='ltr' id='par_1_110' title="bbox 1893 4654 3491 4737">
     <span class='ocr_line' id='line_1_114' title="bbox 1893 4654 3491 4737; baseline -0.008 -17"><span class='ocrx_word' id='word_1_798' title='bbox 1893 4663 2137 4737; x_wconf 87' lang='lat' dir='ltr'><strong>pericula</strong></span> <span class='ocrx_word' id='word_1_799' title='bbox 2185 4661 2288 4719; x_wconf 89' lang='lat' dir='ltr'><strong>sibi</strong></span> <span class='ocrx_word' id='word_1_800' title='bbox 2333 4659 2516 4731; x_wconf 88' lang='lat' dir='ltr'><strong>potius</strong></span> <span class='ocrx_word' id='word_1_801' title='bbox 2563 4665 2710 4714; x_wconf 87' lang='lat' dir='ltr'><strong>certa</strong></span> <span class='ocrx_word' id='word_1_802' title='bbox 2755 4673 2824 4713; x_wconf 81' lang='lat' dir='ltr'><strong>ex</strong></span> <span class='ocrx_word' id='word_1_803' title='bbox 2871 4656 3046 4712; x_wconf 91' lang='lat' dir='ltr'><strong>dubiis</strong></span> <span class='ocrx_word' id='word_1_804' title='bbox 3094 4654 3491 4726; x_wconf 91' lang='lat' dir='ltr'><strong>suspicionibus</strong></span> 
     </span>
    </p>
   </div>
   <div class='ocr_carea' id='block_1_111' title="bbox 1895 4746 3492 4818">
    <p class='ocr_par' dir='ltr' id='par_1_111' title="bbox 1895 4746 3492 4818">
     <span class='ocr_line' id='line_1_115' title="bbox 1895 4746 3492 4818; baseline -0.009 -5"><span class='ocrx_word' id='word_1_805' title='bbox 1895 4755 2215 4815; x_wconf 87' lang='lat' dir='ltr'><strong>concitaret.</strong></span> <span class='ocrx_word' id='word_1_806' title='bbox 2265 4751 2418 4808; x_wconf 89' lang='lat' dir='ltr'><strong>Unde</strong></span> <span class='ocrx_word' id='word_1_807' title='bbox 2463 4751 2728 4806; x_wconf 70' lang='lat' dir='ltr'><strong>aestimate</strong></span> <span class='ocrx_word' id='word_1_808' title='bbox 2783 4747 2868 4803; x_wconf 90' lang='lat' dir='ltr'><strong>cui</strong></span> <span class='ocrx_word' id='word_1_809' title='bbox 2923 4747 3120 4803; x_wconf 89' lang='lat' dir='ltr'><strong>debeat</strong></span> <span class='ocrx_word' id='word_1_810' title='bbox 3169 4746 3492 4818; x_wconf 89' lang='lat' dir='ltr'><strong>populorum</strong></span> 
     </span>
    </p>
   </div>
   <div class='ocr_carea' id='block_1_112' title="bbox 1896 4835 3492 4914">
    <p class='ocr_par' dir='ltr' id='par_1_112' title="bbox 1896 4835 3492 4914">
     <span class='ocr_line' id='line_1_116' title="bbox 1896 4835 3492 4914; baseline -0.009 -9"><span class='ocrx_word' id='word_1_811' title='bbox 1896 4847 2074 4905; x_wconf 87' lang='lat' dir='ltr'><strong>inanis</strong></span> <span class='ocrx_word' id='word_1_812' title='bbox 2099 4845 2294 4903; x_wconf 84' lang='lat' dir='ltr'><strong>levitas</strong></span> <span class='ocrx_word' id='word_1_813' title='bbox 2323 4841 2600 4914; x_wconf 90' lang='lat' dir='ltr'><strong>imputari,</strong></span> <span class='ocrx_word' id='word_1_814' title='bbox 2629 4838 2732 4895; x_wconf 88' lang='lat' dir='ltr'><strong>nisi</strong></span> <span class='ocrx_word' id='word_1_815' title='bbox 2764 4845 2947 4894; x_wconf 89' lang='lat' dir='ltr'><strong>vestro</strong></span> <span class='ocrx_word' id='word_1_816' title='bbox 2975 4835 3173 4904; x_wconf 88' lang='lat' dir='ltr'><strong>or&#39;dini,</strong></span> <span class='ocrx_word' id='word_1_817' title='bbox 3199 4853 3231 4892; x_wconf 88' lang='lat' dir='ltr'><strong>a</strong></span> <span class='ocrx_word' id='word_1_818' title='bbox 3256 4853 3365 4908; x_wconf 92' lang='lat' dir='ltr'><strong>quo</strong></span> <span class='ocrx_word' id='word_1_819' title='bbox 3393 4837 3492 4894; x_wconf 87' lang='lat' dir='ltr'><strong>de-</strong></span> 
     </span>
    </p>
   </div>
   <div class='ocr_carea' id='block_1_113' title="bbox 1892 4961 3493 5062">
    <p class='ocr_par' dir='ltr' id='par_1_113' title="bbox 1892 4961 3493 5062">
     <span class='ocr_line' id='line_1_117' title="bbox 1892 4961 3493 5062; baseline -0.012 -1"><span class='ocrx_word' id='word_1_820' title='bbox 1892 5002 2050 5060; x_wconf 83' lang='lat' dir='ltr'><strong>Serv.</strong></span> <span class='ocrx_word' id='word_1_821' title='bbox 2077 4999 2408 5060; x_wconf 83' lang='lat' dir='ltr'><strong>Honoratus,</strong></span> <span class='ocrx_word' id='word_1_822' title='bbox 2433 4995 2489 5052; x_wconf 92' lang='lat' dir='ltr'><strong>in</strong></span> <span class='ocrx_word' id='word_1_823' title='bbox 2519 4992 2647 5050; x_wconf 92' lang='lat' dir='ltr'><strong>illud</strong></span> <span class='ocrx_word' id='word_1_824' title='bbox 2674 4990 2864 5062; x_wconf 82' lang='lat' dir='ltr'><strong>Virgil.</strong></span> <span class='ocrx_word' id='word_1_825' title='bbox 2896 4989 2990 5046; x_wconf 92' lang='lat' dir='ltr'><strong>lib.</strong></span> <span class='ocrx_word' id='word_1_826' title='bbox 3020 5005 3040 5045; x_wconf 94' lang='grc' dir='ltr'><strong>ι</strong></span> <span class='ocrx_word' id='word_1_827' title='bbox 3067 4997 3123 5044; x_wconf 90' lang='lat' dir='ltr'><strong>et</strong></span> <span class='ocrx_word' id='word_1_828' title='bbox 3147 5005 3198 5044; x_wconf 82' lang='lat' dir='ltr'><strong>tv</strong></span> <span class='ocrx_word' id='word_1_829' title='bbox 3228 4961 3448 5044; x_wconf 68' lang='lat' dir='ltr'><strong>Eneid.</strong></span> <span class='ocrx_word' id='word_1_830' title='bbox 3478 5004 3493 5041; x_wconf 90' lang='lat'><strong>:</strong></span> 
     </span>
    </p>
   </div>
   <div class='ocr_carea' id='block_1_114' title="bbox 1987 5081 3264 5150">
    <p class='ocr_par' dir='ltr' id='par_1_114' title="bbox 1987 5081 3264 5150">
     <span class='ocr_line' id='line_1_118' title="bbox 1987 5081 3264 5150; baseline -0.011 -8"><span class='ocrx_word' id='word_1_831' title='bbox 1987 5091 2242 5142; x_wconf 76' lang='lat' dir='ltr'><strong>Connubio</strong></span> <span class='ocrx_word' id='word_1_832' title='bbox 2258 5089 2462 5150; x_wconf 84' lang='lat' dir='ltr'><strong>jungam</strong></span> <span class='ocrx_word' id='word_1_833' title='bbox 2487 5083 2670 5143; x_wconf 81' lang='lat' dir='ltr'><strong>stabili,</strong></span> <span class='ocrx_word' id='word_1_834' title='bbox 2702 5085 3046 5145; x_wconf 64' lang='lat' dir='ltr'><strong>preprismque</strong></span> <span class='ocrx_word' id='word_1_835' title='bbox 3069 5081 3264 5129; x_wconf 78' lang='lat' dir='ltr'><strong>dicabo.</strong></span> 
     </span>
    </p>
   </div>
   <div class='ocr_carea' id='block_1_115' title="bbox 1894 5161 3500 5244">
    <p class='ocr_par' dir='ltr' id='par_1_115' title="bbox 1894 5161 3500 5244">
     <span class='ocr_line' id='line_1_119' title="bbox 1894 5161 3500 5244; baseline -0.01 -12"><span class='ocrx_word' id='word_1_836' title='bbox 1894 5175 2140 5232; x_wconf 74' lang='lat' dir='ltr'><strong>Hersilia:</strong></span> <span class='ocrx_word' id='word_1_837' title='bbox 2169 5171 2408 5244; x_wconf 81' lang='lat' dir='ltr'><strong>precatio</strong></span> <span class='ocrx_word' id='word_1_838' title='bbox 2433 5168 2576 5244; x_wconf 80' lang='lat' dir='ltr'><strong>apud</strong></span> <span class='ocrx_word' id='word_1_839' title='bbox 2600 5167 2722 5223; x_wconf 81' lang='lat' dir='ltr'><strong>Aul.</strong></span> <span class='ocrx_word' id='word_1_840' title='bbox 2743 5166 2908 5244; x_wconf 65' lang='lat' dir='ltr'><strong>Gell.,</strong></span> <span class='ocrx_word' id='word_1_841' title='bbox 2931 5165 3026 5244; x_wconf 82' lang='lat' dir='ltr'><strong>lib.</strong></span> <span class='ocrx_word' id='word_1_842' title='bbox 3053 5180 3170 5230; x_wconf 78' lang='lat' dir='ltr'><strong>xm,</strong></span> <span class='ocrx_word' id='word_1_843' title='bbox 3199 5179 3247 5219; x_wconf 92' lang='lat' dir='ltr'><strong>c.</strong></span> <span class='ocrx_word' id='word_1_844' title='bbox 3267 5161 3342 5244; x_wconf 76' lang='grc'><strong>⁸21</strong></span> <span class='ocrx_word' id='word_1_845' title='bbox 3380 5180 3393 5216; x_wconf 91' lang='lat'>:</span> <span class='ocrx_word' id='word_1_846' title='bbox 3427 5161 3500 5216; x_wconf 89' lang='lat' dir='ltr'><strong>Ut</strong></span> 
     </span>
    </p>
   </div>
   <div class='ocr_carea' id='block_1_116' title="bbox 1897 5233 3498 5314">
    <p class='ocr_par' dir='ltr' id='par_1_116' title="bbox 1897 5233 3498 5314">
     <span class='ocr_line' id='line_1_120' title="bbox 1897 5233 3498 5314; baseline -0.01 -13"><span class='ocrx_word' id='word_1_847' title='bbox 1897 5247 2058 5301; x_wconf 78' lang='lat' dir='ltr'><strong>liceat</strong></span> <span class='ocrx_word' id='word_1_848' title='bbox 2079 5233 2282 5314; x_wconf 78' lang='lat' dir='ltr'><strong>nuptiis</strong></span> <span class='ocrx_word' id='word_1_849' title='bbox 2307 5233 2540 5314; x_wconf 81' lang='lat' dir='ltr'><strong>propriis</strong></span> <span class='ocrx_word' id='word_1_850' title='bbox 2564 5247 2622 5296; x_wconf 90' lang='lat' dir='ltr'><strong>et</strong></span> <span class='ocrx_word' id='word_1_851' title='bbox 2642 5239 2916 5314; x_wconf 79' lang='lat' dir='ltr'><strong>prosperis</strong></span> <span class='ocrx_word' id='word_1_852' title='bbox 2937 5236 3012 5290; x_wconf 92' lang='lat' dir='ltr'><strong>uti</strong></span> <span class='ocrx_word' id='word_1_853' title='bbox 3031 5251 3047 5300; x_wconf 91' lang='lat'><strong>;</strong></span> <span class='ocrx_word' id='word_1_854' title='bbox 3074 5249 3174 5290; x_wconf 89' lang='lat' dir='ltr'><strong>nec</strong></span> <span class='ocrx_word' id='word_1_855' title='bbox 3194 5233 3336 5314; x_wconf 70' lang='lat' dir='ltr'><strong>epim</strong></span> <span class='ocrx_word' id='word_1_856' title='bbox 3360 5248 3498 5314; x_wconf 57' lang='lat' dir='ltr'><strong>uror</strong></span> 
     </span>
    </p>
   </div>
   <div class='ocr_carea' id='block_1_117' title="bbox 1899 5303 3498 5387">
    <p class='ocr_par' dir='ltr' id='par_1_117' title="bbox 1899 5303 3498 5387">
     <span class='ocr_line' id='line_1_121' title="bbox 1899 5303 3498 5387; baseline -0.011 -14"><span class='ocrx_word' id='word_1_857' title='bbox 1899 5317 1967 5372; x_wconf 86' lang='lat' dir='ltr'><strong>ad</strong></span> <span class='ocrx_word' id='word_1_858' title='bbox 1997 5303 2230 5387; x_wconf 77' lang='lat' dir='ltr'><strong>tempus,</strong></span> <span class='ocrx_word' id='word_1_859' title='bbox 2260 5303 2354 5387; x_wconf 66' lang='lat' dir='ltr'><strong>sed</strong></span> <span class='ocrx_word' id='word_1_860' title='bbox 2464 5303 2740 5387; x_wconf 62' lang='lat' dir='ltr'><strong>perpetuat</strong></span> <span class='ocrx_word' id='word_1_861' title='bbox 2767 5303 2891 5387; x_wconf 47' lang='lat' dir='ltr'><strong>vita:</strong></span> <span class='ocrx_word' id='word_1_862' title='bbox 2919 5303 3368 5387; x_wconf 73' lang='lat' dir='ltr'><strong>consuetudinem</strong></span> <span class='ocrx_word' id='word_1_863' title='bbox 3399 5304 3498 5384; x_wconf 81' lang='lat' dir='ltr'><strong>du-</strong></span> 
     </span>
    </p>
   </div>
   <div class='ocr_carea' id='block_1_118' title="bbox 1902 5373 3500 5452">
    <p class='ocr_par' dir='ltr' id='par_1_118' title="bbox 1902 5373 3500 5452">
     <span class='ocr_line' id='line_1_122' title="bbox 1902 5373 3500 5452; baseline -0.011 -10"><span class='ocrx_word' id='word_1_864' title='bbox 1902 5389 2062 5442; x_wconf 88' lang='lat' dir='ltr'><strong>citur.</strong></span> <span class='ocrx_word' id='word_1_865' title='bbox 2094 5373 2154 5441; x_wconf 56' lang='lat' dir='ltr'><strong>ll.</strong></span> <span class='ocrx_word' id='word_1_866' title='bbox 2187 5373 2237 5451; x_wconf 59' lang='grc' dir='ltr'>ιζ</span> <span class='ocrx_word' id='word_1_867' title='bbox 2268 5383 2339 5439; x_wconf 86' lang='lat' dir='ltr'><strong>de</strong></span> <span class='ocrx_word' id='word_1_868' title='bbox 2366 5373 2664 5452; x_wconf 65' lang='lat' dir='ltr'><strong>rit.&#39;nnpt.,</strong></span> <span class='ocrx_word' id='word_1_869' title='bbox 2697 5379 2725 5452; x_wconf 66' lang='grc' dir='ltr'><strong>ς</strong></span> <span class='ocrx_word' id='word_1_870' title='bbox 2765 5378 2815 5443; x_wconf 84' lang='lat' dir='ltr'><strong>l,</strong></span> <span class='ocrx_word' id='word_1_871' title='bbox 2838 5377 2927 5452; x_wconf 89' lang='lat' dir='ltr'><strong>_de</strong></span> <span class='ocrx_word' id='word_1_872' title='bbox 2965 5375 3170 5452; x_wconf 57' lang='lat' dir='ltr'><strong>patriae</strong></span> <span class='ocrx_word' id='word_1_873' title='bbox 3189 5383 3386 5442; x_wconf 90' lang='lat' dir='ltr'><strong>potest.</strong></span> <span class='ocrx_word' id='word_1_874' title='bbox 3417 5373 3500 5426; x_wconf 88' lang='lat' dir='ltr'><strong>in-</strong></span> 
     </span>
    </p>
   </div>
   <div class='ocr_carea' id='block_1_119' title="bbox 1899 5443 3497 5578">
    <p class='ocr_par' dir='ltr' id='par_1_119' title="bbox 1899 5443 3497 5578">
     <span class='ocr_line' id='line_1_123' title="bbox 1899 5443 3297 5536; baseline -0.012 -22"><span class='ocrx_word' id='word_1_875' title='bbox 1899 5459 2100 5524; x_wconf 86' lang='lat' dir='ltr'><strong>stitnt.,</strong></span> <span class='ocrx_word' id='word_1_876' title='bbox 2131 5443 2252 5524; x_wconf 69' lang='lat' dir='ltr'><strong>cap.</strong></span> <span class='ocrx_word' id='word_1_877' title='bbox 2273 5454 2404 5536; x_wconf 41' lang='lat' dir='ltr'><strong>.ult.,</strong></span> <span class='ocrx_word' id='word_1_878' title='bbox 2437 5443 2876 5534; x_wconf 43' lang='lat' dir='ltr'><strong>extra&#39;de&#39;cond.</strong></span> <span class='ocrx_word' id='word_1_879' title='bbox 2907 5443 3096 5530; x_wconf 71' lang='lat' dir='ltr'><strong>appos.</strong></span> <span class='ocrx_word' id='word_1_880' title='bbox 3131 5443 3297 5499; x_wconf 60' lang='lat' dir='ltr'><strong>Fons.</strong></span> 
     </span>
     <span class='ocr_line' id='line_1_124' title="bbox 1974 5510 3497 5578; baseline -0.008 0"><span class='ocrx_word' id='word_1_881' title='bbox 1974 5527 2108 5578; x_wconf 84' lang='lat' dir='ltr'><strong>Vide</strong></span> <span class='ocrx_word' id='word_1_882' title='bbox 2133 5527 2196 5578; x_wconf 89' lang='lat' dir='ltr'><strong>D.</strong></span> <span class='ocrx_word' id='word_1_883' title='bbox 2222 5523 2559 5578; x_wconf 78' lang='lat' dir='ltr'><strong>Hieronva</strong></span> <span class='ocrx_word' id='word_1_884' title='bbox 2585 5521 2678 5578; x_wconf 83' lang='lat' dir='ltr'><strong>III).</strong></span> <span class='ocrx_word' id='word_1_885' title='bbox 2698 5537 2735 5576; x_wconf 89' lang='grc' dir='ltr'><strong>ιι</strong></span> <span class='ocrx_word' id='word_1_886' title='bbox 2758 5537 2810 5576; x_wconf 87' lang='grc' dir='ltr'>ιη</span> <span class='ocrx_word' id='word_1_887' title='bbox 2837 5517 3108 5573; x_wconf 80' lang='lat' dir='ltr'><strong>Jovnnan.</strong></span> <span class='ocrx_word' id='word_1_888' title='bbox 3137 5533 3150 5568; x_wconf 89' lang='lat'><strong>:</strong></span> <span class='ocrx_word' id='word_1_889' title='bbox 3176 5513 3330 5567; x_wconf 85' lang='lat' dir='ltr'><strong>Nulla</strong></span> <span class='ocrx_word' id='word_1_890' title='bbox 3353 5510 3497 5578; x_wconf 83' lang='lat' dir='ltr'><strong>apud</strong></span> 
     </span>
    </p>
   </div>
   <div class='ocr_carea' id='block_1_120' title="bbox 1901 5517 3501 5723">
    <p class='ocr_par' dir='ltr' id='par_1_120' title="bbox 1901 5517 3501 5723">
     <span class='ocr_line' id='line_1_125' title="bbox 1974 5517 3497 5608; baseline -0.011 -26"><span class='ocrx_word' id='word_1_891' title='bbox 1974 5517 2108 5582; x_wconf 80' lang='lat' dir='ltr'><strong>Vide</strong></span> <span class='ocrx_word' id='word_1_892' title='bbox 2133 5517 2559 5608; x_wconf 56' lang='lat' dir='ltr'><strong>l).&#39;l-lieronym.,</strong></span> <span class='ocrx_word' id='word_1_893' title='bbox 2585 5521 2678 5578; x_wconf 89' lang='lat' dir='ltr'><strong>lib.</strong></span> <span class='ocrx_word' id='word_1_894' title='bbox 2698 5537 2735 5576; x_wconf 89' lang='grc' dir='ltr'><strong>ιι</strong></span> <span class='ocrx_word' id='word_1_895' title='bbox 2758 5521 2810 5576; x_wconf 91' lang='lat' dir='ltr'><strong>in</strong></span> <span class='ocrx_word' id='word_1_896' title='bbox 2837 5517 3108 5598; x_wconf 77' lang='lat' dir='ltr'><strong>Jovinian.</strong></span> <span class='ocrx_word' id='word_1_897' title='bbox 3137 5533 3150 5568; x_wconf 89' lang='lat'><strong>:</strong></span> <span class='ocrx_word' id='word_1_898' title='bbox 3176 5517 3330 5596; x_wconf 61' lang='lat' dir='ltr'><strong>Nulla</strong></span> <span class='ocrx_word' id='word_1_899' title='bbox 3353 5517 3497 5594; x_wconf 76' lang='lat' dir='ltr'><strong>apud</strong></span> 
     </span>
     <span class='ocr_line' id='line_1_126' title="bbox 1901 5582 3501 5723; baseline -0.011 -69"><span class='ocrx_word' id='word_1_900' title='bbox 1901 5613 2224 5723; x_wconf 39' lang='lat' dir='ltr'><strong>ﬁoslgzgiux</strong></span> <span class='ocrx_word' id='word_1_901' title='bbox 2262 5611 2479 5667; x_wconf 81' lang='lat' dir='ltr'><strong>propria</strong></span> <span class='ocrx_word' id='word_1_902' title='bbox 2521 5602 2626 5664; x_wconf 90' lang='lat' dir='ltr'><strong>est,</strong></span> <span class='ocrx_word' id='word_1_903' title='bbox 2655 5601 2784 5660; x_wconf 88' lang='lat' dir='ltr'><strong>etc.;</strong></span> <span class='ocrx_word' id='word_1_904' title='bbox 2814 5599 2869 5648; x_wconf 90' lang='lat' dir='ltr'><strong>et</strong></span> <span class='ocrx_word' id='word_1_905' title='bbox 2897 5589 3078 5644; x_wconf 76' lang='lat' dir='ltr'><strong>Altini.</strong></span> <span class='ocrx_word' id='word_1_906' title='bbox 3125 5584 3360 5650; x_wconf 77' lang='lat' dir='ltr'><strong>Avitum,</strong></span> <span class='ocrx_word' id='word_1_907' title='bbox 3403 5582 3501 5639; x_wconf 79' lang='grc' dir='ltr'>ιιι).</span> 
     </span>
    </p>
   </div>
   <div class='ocr_carea' id='block_1_121' title="bbox 1901 5683 2184 5725">
    <p class='ocr_par' dir='ltr' id='par_1_121' title="bbox 1901 5683 2184 5725">
     <span class='ocr_line' id='line_1_127' title="bbox 1901 5683 2184 5725; baseline -0.011 0"><span class='ocrx_word' id='word_1_908' title='bbox 1901 5686 1958 5725; x_wconf 85' lang='lat' dir='ltr'><strong>Il.</strong></span> <span class='ocrx_word' id='word_1_909' title='bbox 1989 5683 2184 5723; x_wconf 69' lang='lat' dir='ltr'><strong>JURET.</strong></span> 
     </span>
    </p>
   </div>
   <div class='ocr_carea' id='block_1_122' title="bbox 2603 5821 2639 5828">
    <p class='ocr_par' dir='ltr' id='par_1_122' title="bbox 2603 5821 2639 5828">
     <span class='ocr_line' id='line_1_128' title="bbox 2603 5821 2639 5828; baseline 0 0"><span class='ocrx_word' id='word_1_910' title='bbox 2603 5821 2639 5828; x_wconf 54' lang='grc' dir='ltr'>ις</span> 
     </span>
    </p>
   </div>
  </div>
