  <div class='ocr_page' id='page_1' title='image "/cluster/home/n/w/nwhite01/storage/ocr_20150623/69/umn.31951002477362u/413.png"; bbox 0 0 3960 6430; ppageno 0'>
   <div class='ocr_carea' id='block_1_1' title="bbox 1626 229 2001 293">
    <p class='ocr_par' dir='ltr' id='par_1_1' title="bbox 1626 229 2001 291">
     <span class='ocr_line' id='line_1_1' title="bbox 1626 229 2001 291; baseline 0.005 -2"><span class='ocrx_word' id='word_1_1' title='bbox 1626 232 1697 290; x_wconf 76' lang='grc' dir='ltr'><strong>Μ.</strong></span> <span class='ocrx_word' id='word_1_2' title='bbox 1738 229 2001 291; x_wconf 72' lang='lat' dir='ltr'><strong>AURELll</strong></span> 
     </span>
    </p>
   </div>
   <div class='ocr_carea' id='block_1_2' title="bbox 2106 229 3719 293">
    <p class='ocr_par' dir='ltr' id='par_1_2' title="bbox 2106 230 3719 293">
     <span class='ocr_line' id='line_1_2' title="bbox 2106 230 3719 293; baseline 0.002 -3"><span class='ocrx_word' id='word_1_3' title='bbox 2106 230 2458 290; x_wconf 75' lang='lat' dir='ltr'><strong>ASSlODORl</strong></span> <span class='ocrx_word' id='word_1_4' title='bbox 3582 230 3719 293; x_wconf 67' lang='lat'><strong>.808</strong></span> 
     </span>
    </p>
   </div>
   <div class='ocr_carea' id='block_1_3' title="bbox 3581 289 3616 301">
    <p class='ocr_par' dir='ltr' id='par_1_3' title="bbox 3581 289 3616 301">
     <span class='ocr_line' id='line_1_3' title="bbox 3581 289 3616 301; baseline 0 -2"><span class='ocrx_word' id='word_1_5' title='bbox 3581 289 3616 301; x_wconf 56' lang='grc' dir='ltr'><strong>ιφ</strong></span> 
     </span>
    </p>
   </div>
   <div class='ocr_carea' id='block_1_4' title="bbox 420 344 3720 425">
    <p class='ocr_par' dir='ltr' id='par_1_4' title="bbox 420 344 3720 425">
     <span class='ocr_line' id='line_1_4' title="bbox 420 344 3720 425; baseline 0.001 -20"><span class='ocrx_word' id='word_1_6' title='bbox 420 356 646 405; x_wconf 81' lang='lat' dir='ltr'><strong>onerant</strong></span> <span class='ocrx_word' id='word_1_7' title='bbox 680 357 872 404; x_wconf 87' lang='lat' dir='ltr'><strong>cuncta</strong></span> <span class='ocrx_word' id='word_1_8' title='bbox 905 346 1174 417; x_wconf 87' lang='lat' dir='ltr'><strong>componi.</strong></span> <span class='ocrx_word' id='word_1_9' title='bbox 1208 345 1312 402; x_wconf 84' lang='lat' dir='ltr'><strong>Per</strong></span> <span class='ocrx_word' id='word_1_10' title='bbox 1336 353 1572 403; x_wconf 85' lang='lat' dir='ltr'><strong>vestram</strong></span> <span class='ocrx_word' id='word_1_11' title='bbox 1610 344 1875 418; x_wconf 78' lang='lat' dir='ltr'><strong>siquidem</strong></span> <span class='ocrx_word' id='word_1_12' title='bbox 1907 360 1999 402; x_wconf 84' lang='lat' dir='ltr'><strong>sa-</strong></span> <span class='ocrx_word' id='word_1_13' title='bbox 2029 348 2074 406; x_wconf 76' lang='grc' dir='ltr'><strong>Δ</strong></span> <span class='ocrx_word' id='word_1_14' title='bbox 2104 347 2454 417; x_wconf 76' lang='lat' dir='ltr'><strong>reperiamus,</strong></span> <span class='ocrx_word' id='word_1_15' title='bbox 2482 346 2628 418; x_wconf 84' lang='lat' dir='ltr'><strong>quod</strong></span> <span class='ocrx_word' id='word_1_16' title='bbox 2657 346 2855 403; x_wconf 84' lang='lat' dir='ltr'><strong>nostris</strong></span> <span class='ocrx_word' id='word_1_17' title='bbox 2875 346 3331 419; x_wconf 85' lang='lat' dir='ltr'><strong>indignationibus</strong></span> <span class='ocrx_word' id='word_1_18' title='bbox 3356 365 3482 410; x_wconf 85' lang='lat' dir='ltr'><strong>esse</strong></span> <span class='ocrx_word' id='word_1_19' title='bbox 3520 354 3720 425; x_wconf 80' lang='lat' dir='ltr'><strong>possit</strong></span> 
     </span>
    </p>
   </div>
   <div class='ocr_carea' id='block_1_5' title="bbox 419 435 3717 513">
    <p class='ocr_par' dir='ltr' id='par_1_5' title="bbox 419 435 3717 513">
     <span class='ocr_line' id='line_1_5' title="bbox 419 435 3717 513; baseline 0.001 -19"><span class='ocrx_word' id='word_1_20' title='bbox 419 439 678 513; x_wconf 80' lang='lat' dir='ltr'><strong>pientiam</strong></span> <span class='ocrx_word' id='word_1_21' title='bbox 713 437 989 493; x_wconf 80' lang='lat' dir='ltr'><strong>admoneri</strong></span> <span class='ocrx_word' id='word_1_22' title='bbox 1016 436 1321 506; x_wconf 76' lang='lat' dir='ltr'><strong>provincias</strong></span> <span class='ocrx_word' id='word_1_23' title='bbox 1348 435 1590 507; x_wconf 82' lang='lat' dir='ltr'><strong>oportuit</strong></span> <span class='ocrx_word' id='word_1_24' title='bbox 1616 436 1917 503; x_wconf 86' lang='lat' dir='ltr'><strong>universas,</strong></span> <span class='ocrx_word' id='word_1_25' title='bbox 1941 442 2007 491; x_wconf 89' lang='lat' dir='ltr'><strong>ut</strong></span> <span class='ocrx_word' id='word_1_26' title='bbox 2102 436 2374 493; x_wconf 81' lang='lat' dir='ltr'><strong>idoneum.</strong></span> <span class='ocrx_word' id='word_1_27' title='bbox 2407 436 2566 494; x_wconf 80' lang='lat' dir='ltr'><strong>Fides</strong></span> <span class='ocrx_word' id='word_1_28' title='bbox 2588 446 2786 502; x_wconf 85' lang='lat' dir='ltr'><strong>vestra,</strong></span> <span class='ocrx_word' id='word_1_29' title='bbox 2815 454 2937 509; x_wconf 67' lang='lat' dir='ltr'><strong>quin</strong></span> <span class='ocrx_word' id='word_1_30' title='bbox 2967 455 3066 496; x_wconf 86' lang='lat' dir='ltr'><strong>vos</strong></span> <span class='ocrx_word' id='word_1_31' title='bbox 3110 440 3371 498; x_wconf 75' lang='lat' dir='ltr'><strong>hactenus</strong></span> <span class='ocrx_word' id='word_1_32' title='bbox 3418 443 3656 501; x_wconf 62' lang='lat' dir='ltr'><strong>asserint</strong></span> <span class='ocrx_word' id='word_1_33' title='bbox 3689 479 3717 505; x_wconf 68' lang='grc' dir='ltr'><strong>ν</strong></span> 
     </span>
    </p>
   </div>
   <div class='ocr_carea' id='block_1_6' title="bbox 423 523 3725 604">
    <p class='ocr_par' dir='ltr' id='par_1_6' title="bbox 423 523 3725 604">
     <span class='ocr_line' id='line_1_6' title="bbox 423 523 3725 604; baseline 0.001 -19"><span class='ocrx_word' id='word_1_34' title='bbox 423 528 551 585; x_wconf 86' lang='lat' dir='ltr'><strong>talia</strong></span> <span class='ocrx_word' id='word_1_35' title='bbox 581 528 938 599; x_wconf 85' lang='lat' dir='ltr'><strong>probarentur</strong></span> <span class='ocrx_word' id='word_1_36' title='bbox 975 541 1252 583; x_wconf 79' lang='lat' dir='ltr'><strong>assumere</strong></span> <span class='ocrx_word' id='word_1_37' title='bbox 1279 541 1403 598; x_wconf 65' lang='lat' dir='ltr'><strong>quae</strong></span> <span class='ocrx_word' id='word_1_38' title='bbox 1426 525 1686 597; x_wconf 78' lang='lat' dir='ltr'><strong>principis</strong></span> <span class='ocrx_word' id='word_1_39' title='bbox 1709 523 2002 596; x_wconf 88' lang='lat' dir='ltr'><strong>primordia</strong></span> <span class='ocrx_word' id='word_1_40' title='bbox 2104 527 2268 584; x_wconf 87' lang='lat' dir='ltr'><strong>modo</strong></span> <span class='ocrx_word' id='word_1_41' title='bbox 2293 529 2473 599; x_wconf 88' lang='lat' dir='ltr'><strong>potius</strong></span> <span class='ocrx_word' id='word_1_42' title='bbox 2494 530 2771 585; x_wconf 85' lang='lat' dir='ltr'><strong>evidenter</strong></span> <span class='ocrx_word' id='word_1_43' title='bbox 2797 531 3048 587; x_wconf 89' lang='lat' dir='ltr'><strong>ostendat</strong></span> <span class='ocrx_word' id='word_1_44' title='bbox 3076 530 3224 604; x_wconf 64' lang='lat' dir='ltr'><strong>[Nim</strong></span> <span class='ocrx_word' id='word_1_45' title='bbox 3257 542 3309 587; x_wconf 83' lang='lat' dir='ltr'><strong>et</strong></span> <span class='ocrx_word' id='word_1_46' title='bbox 3337 531 3461 601; x_wconf 75' lang='grc' dir='ltr'><strong>ϐα..</strong></span> <span class='ocrx_word' id='word_1_47' title='bbox 3507 543 3725 591; x_wconf 88' lang='lat' dir='ltr'><strong>osten-</strong></span> 
     </span>
    </p>
   </div>
   <div class='ocr_carea' id='block_1_7' title="bbox 419 616 3722 696">
    <p class='ocr_par' dir='ltr' id='par_1_7' title="bbox 419 616 3722 696">
     <span class='ocr_line' id='line_1_7' title="bbox 419 616 3722 696; baseline 0.003 -23"><span class='ocrx_word' id='word_1_48' title='bbox 419 618 730 674; x_wconf 87' lang='lat' dir='ltr'><strong>viderentur</strong></span> <span class='ocrx_word' id='word_1_49' title='bbox 756 632 973 673; x_wconf 88' lang='lat' dir='ltr'><strong>ornare.</strong></span> <span class='ocrx_word' id='word_1_50' title='bbox 1007 616 1202 672; x_wconf 87' lang='lat' dir='ltr'><strong>Verum</strong></span> <span class='ocrx_word' id='word_1_51' title='bbox 1226 631 1347 687; x_wconf 78' lang='lat' dir='ltr'><strong>quae</strong></span> <span class='ocrx_word' id='word_1_52' title='bbox 1374 616 1565 681; x_wconf 75' lang='lat' dir='ltr'><strong>civitas</strong></span> <span class='ocrx_word' id='word_1_53' title='bbox 1590 632 1699 672; x_wconf 89' lang='lat' dir='ltr'><strong>non</strong></span> <span class='ocrx_word' id='word_1_54' title='bbox 1728 617 1822 671; x_wconf 87' lang='lat' dir='ltr'><strong>liat</strong></span> <span class='ocrx_word' id='word_1_55' title='bbox 1839 629 2004 671; x_wconf 74' lang='lat' dir='ltr'><strong>excu-</strong></span> <span class='ocrx_word' id='word_1_56' title='bbox 2102 616 2302 691; x_wconf 85' lang='lat' dir='ltr'><strong>datur].</strong></span> <span class='ocrx_word' id='word_1_57' title='bbox 2332 617 2449 673; x_wconf 90' lang='lat' dir='ltr'><strong>Non</strong></span> <span class='ocrx_word' id='word_1_58' title='bbox 2479 619 2687 674; x_wconf 86' lang='lat' dir='ltr'><strong>varium</strong></span> <span class='ocrx_word' id='word_1_59' title='bbox 2714 618 2840 695; x_wconf 73' lang='grc' dir='ltr'><strong>[ΕΔ.</strong></span> <span class='ocrx_word' id='word_1_60' title='bbox 2872 620 3114 696; x_wconf 79' lang='lat' dir='ltr'><strong>vanum],</strong></span> <span class='ocrx_word' id='word_1_61' title='bbox 3157 638 3263 679; x_wconf 90' lang='lat' dir='ltr'><strong>non</strong></span> <span class='ocrx_word' id='word_1_62' title='bbox 3288 624 3557 692; x_wconf 90' lang='lat' dir='ltr'><strong>dolosum,</strong></span> <span class='ocrx_word' id='word_1_63' title='bbox 3590 640 3722 682; x_wconf 88' lang='lat' dir='ltr'><strong>nec</strong></span> 
     </span>
    </p>
   </div>
   <div class='ocr_carea' id='block_1_8' title="bbox 420 704 3712 782">
    <p class='ocr_par' dir='ltr' id='par_1_8' title="bbox 420 704 3712 782">
     <span class='ocr_line' id='line_1_8' title="bbox 420 704 3712 782; baseline 0.002 -17"><span class='ocrx_word' id='word_1_64' title='bbox 420 708 625 774; x_wconf 88' lang='lat' dir='ltr'><strong>sabilis,</strong></span> <span class='ocrx_word' id='word_1_65' title='bbox 660 707 705 763; x_wconf 89' lang='lat' dir='ltr'><strong>si</strong></span> <span class='ocrx_word' id='word_1_66' title='bbox 748 707 920 762; x_wconf 83' lang='lat' dir='ltr'><strong>Roma</strong></span> <span class='ocrx_word' id='word_1_67' title='bbox 956 706 1277 777; x_wconf 76' lang='lat' dir='ltr'><strong>deliquerit?</strong></span> <span class='ocrx_word' id='word_1_68' title='bbox 1318 706 1437 764; x_wconf 79' lang='lat' dir='ltr'><strong>Rex</strong></span> <span class='ocrx_word' id='word_1_69' title='bbox 1474 707 1652 762; x_wconf 85' lang='lat' dir='ltr'><strong>minor</strong></span> <span class='ocrx_word' id='word_1_70' title='bbox 1678 706 1746 762; x_wconf 90' lang='lat' dir='ltr'><strong>ad</strong></span> <span class='ocrx_word' id='word_1_71' title='bbox 1773 704 2007 776; x_wconf 84' lang='lat' dir='ltr'><strong>potioris</strong></span> <span class='ocrx_word' id='word_1_72' title='bbox 2102 707 2455 764; x_wconf 86' lang='lat' dir='ltr'><strong>seditionibus</strong></span> <span class='ocrx_word' id='word_1_73' title='bbox 2482 708 2702 779; x_wconf 88' lang='lat' dir='ltr'><strong>plenum</strong></span> <span class='ocrx_word' id='word_1_74' title='bbox 2730 711 2986 782; x_wconf 83' lang='lat' dir='ltr'><strong>populum</strong></span> <span class='ocrx_word' id='word_1_75' title='bbox 3015 713 3173 770; x_wconf 85' lang='lat' dir='ltr'><strong>decet</strong></span> <span class='ocrx_word' id='word_1_76' title='bbox 3196 730 3315 772; x_wconf 81' lang='lat' dir='ltr'><strong>esse</strong></span> <span class='ocrx_word' id='word_1_77' title='bbox 3362 717 3712 774; x_wconf 78' lang='lat' dir='ltr'><strong>Romanum.</strong></span> 
     </span>
    </p>
   </div>
   <div class='ocr_carea' id='block_1_9' title="bbox 421 794 3720 870">
    <p class='ocr_par' dir='ltr' id='par_1_9' title="bbox 421 794 3720 870">
     <span class='ocr_line' id='line_1_9' title="bbox 421 794 3720 870; baseline 0.002 -17"><span class='ocrx_word' id='word_1_78' title='bbox 421 799 592 854; x_wconf 89' lang='lat' dir='ltr'><strong>currit</strong></span> <span class='ocrx_word' id='word_1_79' title='bbox 613 797 942 867; x_wconf 86' lang='lat' dir='ltr'><strong>exemplum,</strong></span> <span class='ocrx_word' id='word_1_80' title='bbox 973 804 1029 851; x_wconf 89' lang='lat' dir='ltr'><strong>et</strong></span> <span class='ocrx_word' id='word_1_81' title='bbox 1055 797 1215 852; x_wconf 90' lang='lat' dir='ltr'><strong>alieni</strong></span> <span class='ocrx_word' id='word_1_82' title='bbox 1244 795 1371 857; x_wconf 81' lang='lat' dir='ltr'><strong>facti</strong></span> <span class='ocrx_word' id='word_1_83' title='bbox 1405 796 1527 865; x_wconf 89' lang='lat' dir='ltr'><strong>jure</strong></span> <span class='ocrx_word' id='word_1_84' title='bbox 1555 795 1807 851; x_wconf 76' lang='lat' dir='ltr'><strong>invidiam</strong></span> <span class='ocrx_word' id='word_1_85' title='bbox 1842 795 2005 850; x_wconf 84' lang='lat' dir='ltr'><strong>susti-</strong></span> <span class='ocrx_word' id='word_1_86' title='bbox 2102 794 2227 850; x_wconf 75' lang='lat' dir='ltr'><strong>Mali</strong></span> <span class='ocrx_word' id='word_1_87' title='bbox 2274 811 2456 853; x_wconf 85' lang='lat' dir='ltr'><strong>mores</strong></span> <span class='ocrx_word' id='word_1_88' title='bbox 2502 806 2683 853; x_wconf 83' lang='lat' dir='ltr'><strong>vestro</strong></span> <span class='ocrx_word' id='word_1_89' title='bbox 2723 800 2926 854; x_wconf 87' lang='lat' dir='ltr'><strong>nomini</strong></span> <span class='ocrx_word' id='word_1_90' title='bbox 2958 801 3256 870; x_wconf 84' lang='lat' dir='ltr'><strong>probantur</strong></span> <span class='ocrx_word' id='word_1_91' title='bbox 3299 803 3534 861; x_wconf 81' lang='lat' dir='ltr'><strong>adversi.</strong></span> <span class='ocrx_word' id='word_1_92' title='bbox 3584 806 3720 863; x_wconf 83' lang='lat' dir='ltr'><strong>Sed</strong></span> 
     </span>
    </p>
   </div>
   <div class='ocr_carea' id='block_1_10' title="bbox 421 885 3717 963">
    <p class='ocr_par' dir='ltr' id='par_1_10' title="bbox 421 885 3717 963">
     <span class='ocr_line' id='line_1_10' title="bbox 421 885 3717 963; baseline 0.002 -19"><span class='ocrx_word' id='word_1_93' title='bbox 421 896 536 958; x_wconf 85' lang='lat' dir='ltr'><strong>net,</strong></span> <span class='ocrx_word' id='word_1_94' title='bbox 575 903 698 959; x_wconf 81' lang='lat' dir='ltr'><strong>quae</strong></span> <span class='ocrx_word' id='word_1_95' title='bbox 739 889 976 958; x_wconf 83' lang='lat' dir='ltr'><strong>peccatis</strong></span> <span class='ocrx_word' id='word_1_96' title='bbox 1017 896 1237 959; x_wconf 60' lang='lat' dir='ltr'><strong>prastat</strong></span> <span class='ocrx_word' id='word_1_97' title='bbox 1279 889 1604 959; x_wconf 89' lang='lat' dir='ltr'><strong>exemplum.</strong></span> <span class='ocrx_word' id='word_1_98' title='bbox 1652 888 1761 944; x_wconf 85' lang='lat' dir='ltr'><strong>Sed</strong></span> <span class='ocrx_word' id='word_1_99' title='bbox 1804 887 2005 958; x_wconf 85' lang='lat' dir='ltr'><strong>gratias</strong></span> <span class='ocrx_word' id='word_1_100' title='bbox 2102 885 2211 943; x_wconf 85' lang='lat' dir='ltr'><strong>hoc</strong></span> <span class='ocrx_word' id='word_1_101' title='bbox 2244 900 2463 959; x_wconf 87' lang='lat' dir='ltr'><strong>quoque</strong></span> <span class='ocrx_word' id='word_1_102' title='bbox 2488 888 2734 945; x_wconf 81' lang='lat' dir='ltr'><strong>mirabile</strong></span> <span class='ocrx_word' id='word_1_103' title='bbox 2759 899 2863 957; x_wconf 88' lang='lat' dir='ltr'><strong>est,</strong></span> <span class='ocrx_word' id='word_1_104' title='bbox 2906 890 3055 960; x_wconf 88' lang='lat' dir='ltr'><strong>quod</strong></span> <span class='ocrx_word' id='word_1_105' title='bbox 3098 893 3416 963; x_wconf 67' lang='lat' dir='ltr'><strong>gravitatem</strong></span> <span class='ocrx_word' id='word_1_106' title='bbox 3454 906 3717 953; x_wconf 83' lang='lat' dir='ltr'><strong>vestram</strong></span> 
     </span>
    </p>
   </div>
   <div class='ocr_carea' id='block_1_11' title="bbox 421 975 3715 1062">
    <p class='ocr_par' dir='ltr' id='par_1_11' title="bbox 421 975 3715 1062">
     <span class='ocr_line' id='line_1_11' title="bbox 421 975 3715 1062; baseline 0.004 -28"><span class='ocrx_word' id='word_1_107' title='bbox 421 977 700 1034; x_wconf 88' lang='lat' dir='ltr'><strong>Divinitati</strong></span> <span class='ocrx_word' id='word_1_108' title='bbox 747 977 1055 1045; x_wconf 83' lang='lat' dir='ltr'><strong>referimus,</strong></span> <span class='ocrx_word' id='word_1_109' title='bbox 1097 992 1216 1048; x_wconf 66' lang='lat' dir='ltr'><strong>quae</strong></span> <span class='ocrx_word' id='word_1_110' title='bbox 1260 976 1403 1033; x_wconf 85' lang='lat' dir='ltr'><strong>dona</strong></span> <span class='ocrx_word' id='word_1_111' title='bbox 1446 991 1543 1033; x_wconf 88' lang='lat' dir='ltr'><strong>sua</strong></span> <span class='ocrx_word' id='word_1_112' title='bbox 1591 976 1784 1032; x_wconf 79' lang='lat' dir='ltr'><strong>vestris</strong></span> <span class='ocrx_word' id='word_1_113' title='bbox 1825 975 2006 1046; x_wconf 86' lang='lat' dir='ltr'><strong>potius</strong></span> <span class='ocrx_word' id='word_1_114' title='bbox 2103 978 2347 1047; x_wconf 76' lang='lat' dir='ltr'><strong>cogimur</strong></span> <span class='ocrx_word' id='word_1_115' title='bbox 2372 980 2682 1048; x_wconf 88' lang='lat' dir='ltr'><strong>admonere,</strong></span> <span class='ocrx_word' id='word_1_116' title='bbox 2704 997 2868 1052; x_wconf 86' lang='lat' dir='ltr'><strong>quam</strong></span> <span class='ocrx_word' id='word_1_117' title='bbox 2896 992 3109 1041; x_wconf 80' lang='lat' dir='ltr'><strong>constat</strong></span> <span class='ocrx_word' id='word_1_118' title='bbox 3135 1002 3351 1059; x_wconf 85' lang='lat' dir='ltr'><strong>semper</strong></span> <span class='ocrx_word' id='word_1_119' title='bbox 3375 999 3572 1062; x_wconf 86' lang='lat' dir='ltr'><strong>sponte</strong></span> <span class='ocrx_word' id='word_1_120' title='bbox 3598 1006 3715 1049; x_wconf 79' lang='lat' dir='ltr'><strong>sa—</strong></span> 
     </span>
    </p>
   </div>
   <div class='ocr_carea' id='block_1_12' title="bbox 422 1066 3715 1147">
    <p class='ocr_par' dir='ltr' id='par_1_12' title="bbox 422 1066 3715 1147">
     <span class='ocr_line' id='line_1_12' title="bbox 422 1066 3715 1147; baseline 0.005 -24"><span class='ocrx_word' id='word_1_121' title='bbox 422 1068 637 1124; x_wconf 88' lang='lat' dir='ltr'><strong>oruavit</strong></span> <span class='ocrx_word' id='word_1_122' title='bbox 672 1067 999 1123; x_wconf 82' lang='lat' dir='ltr'><strong>excessibus.</strong></span> <span class='ocrx_word' id='word_1_123' title='bbox 1048 1066 1189 1123; x_wconf 88' lang='lat' dir='ltr'><strong>Ecce</strong></span> <span class='ocrx_word' id='word_1_124' title='bbox 1236 1068 1387 1138; x_wconf 84' lang='lat' dir='ltr'><strong>prius</strong></span> <span class='ocrx_word' id='word_1_125' title='bbox 1427 1067 1617 1137; x_wconf 86' lang='lat' dir='ltr'><strong>culpas</strong></span> <span class='ocrx_word' id='word_1_126' title='bbox 1658 1066 2004 1136; x_wconf 84' lang='lat' dir='ltr'><strong>ignoscimus,</strong></span> <span class='ocrx_word' id='word_1_127' title='bbox 2103 1068 2306 1138; x_wconf 77' lang='lat' dir='ltr'><strong>puisse.</strong></span> <span class='ocrx_word' id='word_1_128' title='bbox 2337 1068 2508 1125; x_wconf 68' lang='lat' dir='ltr'><strong>Nulla:</strong></span> <span class='ocrx_word' id='word_1_129' title='bbox 2528 1087 2628 1127; x_wconf 89' lang='lat' dir='ltr'><strong>vos</strong></span> <span class='ocrx_word' id='word_1_130' title='bbox 2672 1072 2870 1143; x_wconf 70' lang='lat' dir='ltr'><strong>inepta:</strong></span> <span class='ocrx_word' id='word_1_131' title='bbox 2891 1076 3245 1147; x_wconf 83' lang='lat' dir='ltr'><strong>suspiciones,</strong></span> <span class='ocrx_word' id='word_1_132' title='bbox 3289 1080 3435 1137; x_wconf 84' lang='lat' dir='ltr'><strong>nulla</strong></span> <span class='ocrx_word' id='word_1_133' title='bbox 3481 1081 3715 1138; x_wconf 80' lang='lat' dir='ltr'><strong>timoris</strong></span> 
     </span>
    </p>
   </div>
   <div class='ocr_carea' id='block_1_13' title="bbox 421 238 527 296">
    <p class='ocr_par' dir='ltr' id='par_1_13' title="bbox 421 238 527 296">
     <span class='ocr_line' id='line_1_13' title="bbox 421 238 527 296; baseline -0.019 0"><span class='ocrx_word' id='word_1_134' title='bbox 421 238 527 296; x_wconf 84' lang='lat'><strong>807</strong></span> 
     </span>
    </p>
   </div>
   <div class='ocr_carea' id='block_1_14' title="bbox 423 1157 2009 1231">
    <p class='ocr_par' dir='ltr' id='par_1_14' title="bbox 423 1157 2009 1231">
     <span class='ocr_line' id='line_1_14' title="bbox 423 1157 2009 1231; baseline -0.002 -16"><span class='ocrx_word' id='word_1_135' title='bbox 423 1176 586 1231; x_wconf 87' lang='lat' dir='ltr'><strong>quam</strong></span> <span class='ocrx_word' id='word_1_136' title='bbox 607 1159 921 1217; x_wconf 78' lang='lat' dir='ltr'><strong>devotiones</strong></span> <span class='ocrx_word' id='word_1_137' title='bbox 945 1159 1151 1227; x_wconf 84' lang='lat' dir='ltr'><strong>aliquas</strong></span> <span class='ocrx_word' id='word_1_138' title='bbox 1186 1159 1500 1215; x_wconf 82' lang='lat' dir='ltr'><strong>sentiamus.</strong></span> <span class='ocrx_word' id='word_1_139' title='bbox 1532 1157 1614 1212; x_wconf 92' lang='lat' dir='ltr'><strong>Nil</strong></span> <span class='ocrx_word' id='word_1_140' title='bbox 1642 1157 1920 1222; x_wconf 81' lang='lat' dir='ltr'><strong>debemus,</strong></span> <span class='ocrx_word' id='word_1_141' title='bbox 1950 1164 2009 1213; x_wconf 88' lang='lat' dir='ltr'><strong>et</strong></span> 
     </span>
    </p>
   </div>
   <div class='ocr_carea' id='block_1_15' title="bbox 422 1247 2008 1320">
    <p class='ocr_par' dir='ltr' id='par_1_15' title="bbox 422 1247 2008 1320">
     <span class='ocr_line' id='line_1_15' title="bbox 422 1247 2008 1320; baseline -0.003 -13"><span class='ocrx_word' id='word_1_142' title='bbox 422 1250 719 1307; x_wconf 88' lang='lat' dir='ltr'><strong>solvimus:</strong></span> <span class='ocrx_word' id='word_1_143' title='bbox 745 1257 872 1305; x_wconf 85' lang='lat' dir='ltr'><strong>ante</strong></span> <span class='ocrx_word' id='word_1_144' title='bbox 897 1247 1123 1305; x_wconf 85' lang='lat' dir='ltr'><strong>beneﬁci</strong></span> <span class='ocrx_word' id='word_1_145' title='bbox 1152 1264 1359 1319; x_wconf 87' lang='lat' dir='ltr'><strong>sumus,</strong></span> <span class='ocrx_word' id='word_1_146' title='bbox 1382 1257 1441 1304; x_wconf 89' lang='lat' dir='ltr'><strong>ut</strong></span> <span class='ocrx_word' id='word_1_147' title='bbox 1459 1257 1648 1320; x_wconf 87' lang='lat' dir='ltr'><strong>postea</strong></span> <span class='ocrx_word' id='word_1_148' title='bbox 1675 1247 2008 1318; x_wconf 85' lang='lat' dir='ltr'><strong>gratissimos</strong></span> 
     </span>
    </p>
   </div>
   <div class='ocr_carea' id='block_1_16' title="bbox 423 1339 2009 1412">
    <p class='ocr_par' dir='ltr' id='par_1_16' title="bbox 423 1339 2009 1412">
     <span class='ocr_line' id='line_1_16' title="bbox 423 1339 2009 1412; baseline -0.002 -15"><span class='ocrx_word' id='word_1_149' title='bbox 423 1341 669 1398; x_wconf 88' lang='lat' dir='ltr'><strong>invenire</strong></span> <span class='ocrx_word' id='word_1_150' title='bbox 712 1342 996 1412; x_wconf 87' lang='lat' dir='ltr'><strong>possimus.</strong></span> <span class='ocrx_word' id='word_1_151' title='bbox 1042 1339 1152 1397; x_wconf 88' lang='lat' dir='ltr'><strong>Sed</strong></span> <span class='ocrx_word' id='word_1_152' title='bbox 1203 1341 1330 1397; x_wconf 82' lang='lat' dir='ltr'><strong>licet</strong></span> <span class='ocrx_word' id='word_1_153' title='bbox 1375 1341 1430 1396; x_wconf 91' lang='lat' dir='ltr'><strong>in</strong></span> <span class='ocrx_word' id='word_1_154' title='bbox 1478 1342 1581 1396; x_wconf 90' lang='lat' dir='ltr'><strong>bac</strong></span> <span class='ocrx_word' id='word_1_155' title='bbox 1617 1347 1774 1411; x_wconf 90' lang='lat' dir='ltr'><strong>parte</strong></span> <span class='ocrx_word' id='word_1_156' title='bbox 1811 1346 2009 1395; x_wconf 72' lang='lat' dir='ltr'><strong>nostra:</strong></span> 
     </span>
    </p>
   </div>
   <div class='ocr_carea' id='block_1_17' title="bbox 422 1429 2007 1502">
    <p class='ocr_par' dir='ltr' id='par_1_17' title="bbox 422 1429 2007 1502">
     <span class='ocr_line' id='line_1_17' title="bbox 422 1429 2007 1502; baseline 0.001 -17"><span class='ocrx_word' id='word_1_157' title='bbox 422 1430 701 1485; x_wconf 68' lang='lat' dir='ltr'><strong>modestiae</strong></span> <span class='ocrx_word' id='word_1_158' title='bbox 746 1430 984 1500; x_wconf 85' lang='lat' dir='ltr'><strong>gravitas</strong></span> <span class='ocrx_word' id='word_1_159' title='bbox 1025 1437 1318 1497; x_wconf 86' lang='lat' dir='ltr'><strong>asseratur,</strong></span> <span class='ocrx_word' id='word_1_160' title='bbox 1372 1429 1624 1486; x_wconf 81' lang='lat' dir='ltr'><strong>nolumus</strong></span> <span class='ocrx_word' id='word_1_161' title='bbox 1674 1438 1857 1486; x_wconf 86' lang='lat' dir='ltr'><strong>tamen</strong></span> <span class='ocrx_word' id='word_1_162' title='bbox 1907 1445 2007 1502; x_wconf 74' lang='lat' dir='ltr'><strong>nos</strong></span> 
     </span>
    </p>
   </div>
   <div class='ocr_carea' id='block_1_18' title="bbox 421 1519 2010 1590">
    <p class='ocr_par' dir='ltr' id='par_1_18' title="bbox 421 1519 2010 1590">
     <span class='ocr_line' id='line_1_18' title="bbox 421 1519 2010 1590; baseline 0.001 -15"><span class='ocrx_word' id='word_1_163' title='bbox 421 1527 630 1575; x_wconf 89' lang='lat' dir='ltr'><strong>tantum</strong></span> <span class='ocrx_word' id='word_1_164' title='bbox 659 1519 956 1590; x_wconf 67' lang='lat' dir='ltr'><strong>praedicari,</strong></span> <span class='ocrx_word' id='word_1_165' title='bbox 990 1521 1092 1578; x_wconf 85' lang='lat' dir='ltr'><strong>nisi</strong></span> <span class='ocrx_word' id='word_1_166' title='bbox 1121 1528 1181 1575; x_wconf 81' lang='lat' dir='ltr'><strong>ut</strong></span> <span class='ocrx_word' id='word_1_167' title='bbox 1213 1528 1271 1575; x_wconf 90' lang='lat' dir='ltr'><strong>et</strong></span> <span class='ocrx_word' id='word_1_168' title='bbox 1295 1520 1602 1576; x_wconf 77' lang='lat' dir='ltr'><strong>devotionis</strong></span> <span class='ocrx_word' id='word_1_169' title='bbox 1631 1520 1886 1577; x_wconf 71' lang='lat' dir='ltr'><strong>Romanis</strong></span> <span class='ocrx_word' id='word_1_170' title='bbox 1913 1522 2010 1577; x_wconf 78' lang='lat' dir='ltr'><strong>bo-</strong></span> 
     </span>
    </p>
   </div>
   <div class='ocr_carea' id='block_1_19' title="bbox 420 1610 2011 1683">
    <p class='ocr_par' dir='ltr' id='par_1_19' title="bbox 420 1610 2011 1683">
     <span class='ocr_line' id='line_1_19' title="bbox 420 1610 2011 1683; baseline 0 -16"><span class='ocrx_word' id='word_1_171' title='bbox 420 1610 656 1681; x_wconf 84' lang='lat' dir='ltr'><strong>nignitas</strong></span> <span class='ocrx_word' id='word_1_172' title='bbox 690 1612 863 1682; x_wconf 88' lang='lat' dir='ltr'><strong>possit</strong></span> <span class='ocrx_word' id='word_1_173' title='bbox 903 1611 1134 1667; x_wconf 84' lang='lat' dir='ltr'><strong>ostendi.</strong></span> <span class='ocrx_word' id='word_1_174' title='bbox 1178 1610 1305 1668; x_wconf 88' lang='lat' dir='ltr'><strong>Plus</strong></span> <span class='ocrx_word' id='word_1_175' title='bbox 1348 1611 1495 1668; x_wconf 85' lang='lat' dir='ltr'><strong>enim</strong></span> <span class='ocrx_word' id='word_1_176' title='bbox 1530 1620 1713 1668; x_wconf 84' lang='lat' dir='ltr'><strong>vestra</strong></span> <span class='ocrx_word' id='word_1_177' title='bbox 1755 1612 2011 1683; x_wconf 87' lang='lat' dir='ltr'><strong>opinione</strong></span> 
     </span>
    </p>
   </div>
   <div class='ocr_carea' id='block_1_20' title="bbox 2105 1160 3711 1242">
    <p class='ocr_par' dir='ltr' id='par_1_20' title="bbox 2105 1160 3711 1242">
     <span class='ocr_line' id='line_1_20' title="bbox 2105 1160 3711 1242; baseline 0.009 -26"><span class='ocrx_word' id='word_1_178' title='bbox 2105 1161 2294 1217; x_wconf 88' lang='lat' dir='ltr'><strong>umbra</strong></span> <span class='ocrx_word' id='word_1_179' title='bbox 2315 1160 2609 1218; x_wconf 85' lang='lat' dir='ltr'><strong>deterreat.</strong></span> <span class='ocrx_word' id='word_1_180' title='bbox 2640 1162 2861 1221; x_wconf 76' lang='lat' dir='ltr'><strong>Habetis</strong></span> <span class='ocrx_word' id='word_1_181' title='bbox 2887 1168 3189 1239; x_wconf 84' lang='lat' dir='ltr'><strong>principem</strong></span> <span class='ocrx_word' id='word_1_182' title='bbox 3213 1171 3305 1240; x_wconf 87' lang='lat' dir='ltr'><strong>qui</strong></span> <span class='ocrx_word' id='word_1_183' title='bbox 3328 1172 3547 1242; x_wconf 86' lang='lat' dir='ltr'><strong>pietatis</strong></span> <span class='ocrx_word' id='word_1_184' title='bbox 3571 1181 3711 1230; x_wconf 86' lang='lat' dir='ltr'><strong>stti-</strong></span> 
     </span>
    </p>
   </div>
   <div class='ocr_carea' id='block_1_21' title="bbox 2105 1250 3715 1331">
    <p class='ocr_par' dir='ltr' id='par_1_21' title="bbox 2105 1250 3715 1331">
     <span class='ocr_line' id='line_1_21' title="bbox 2105 1250 3715 1331; baseline 0.009 -25"><span class='ocrx_word' id='word_1_185' title='bbox 2105 1250 2198 1306; x_wconf 92' lang='lat' dir='ltr'><strong>dio</strong></span> <span class='ocrx_word' id='word_1_186' title='bbox 2230 1258 2387 1321; x_wconf 88' lang='lat' dir='ltr'><strong>optet</strong></span> <span class='ocrx_word' id='word_1_187' title='bbox 2434 1252 2490 1307; x_wconf 91' lang='lat' dir='ltr'><strong>in</strong></span> <span class='ocrx_word' id='word_1_188' title='bbox 2518 1254 2673 1310; x_wconf 84' lang='lat' dir='ltr'><strong>vobis</strong></span> <span class='ocrx_word' id='word_1_189' title='bbox 2691 1255 2934 1313; x_wconf 87' lang='lat' dir='ltr'><strong>invenire</strong></span> <span class='ocrx_word' id='word_1_190' title='bbox 2983 1259 3129 1330; x_wconf 91' lang='lat' dir='ltr'><strong>quod</strong></span> <span class='ocrx_word' id='word_1_191' title='bbox 3177 1260 3381 1331; x_wconf 86' lang='lat' dir='ltr'><strong>diligat.</strong></span> <span class='ocrx_word' id='word_1_192' title='bbox 3434 1263 3715 1320; x_wconf 68' lang='lat' dir='ltr'><strong>ﬂuetibus</strong></span> 
     </span>
    </p>
   </div>
   <div class='ocr_carea' id='block_1_22' title="bbox 2105 1340 3712 1417">
    <p class='ocr_par' dir='ltr' id='par_1_22' title="bbox 2105 1340 3712 1417">
     <span class='ocr_line' id='line_1_22' title="bbox 2105 1340 3712 1417; baseline 0.009 -21"><span class='ocrx_word' id='word_1_193' title='bbox 2105 1340 2322 1407; x_wconf 85' lang='lat' dir='ltr'><strong>vestris,</strong></span> <span class='ocrx_word' id='word_1_194' title='bbox 2355 1357 2464 1398; x_wconf 84' lang='lat' dir='ltr'><strong>non</strong></span> <span class='ocrx_word' id='word_1_195' title='bbox 2489 1341 2861 1402; x_wconf 72' lang='lat' dir='ltr'><strong>delensoribus</strong></span> <span class='ocrx_word' id='word_1_196' title='bbox 2883 1347 3130 1404; x_wconf 82' lang='lat' dir='ltr'><strong>obvietis.</strong></span> <span class='ocrx_word' id='word_1_197' title='bbox 3162 1346 3416 1417; x_wconf 74' lang='lat' dir='ltr'><strong>Imitare,</strong></span> <span class='ocrx_word' id='word_1_198' title='bbox 3456 1367 3565 1408; x_wconf 88' lang='lat' dir='ltr'><strong>non</strong></span> <span class='ocrx_word' id='word_1_199' title='bbox 3593 1369 3712 1409; x_wconf 81' lang='lat' dir='ltr'><strong>ex-</strong></span> 
     </span>
    </p>
   </div>
   <div class='ocr_carea' id='block_1_23' title="bbox 2107 1429 3711 1498">
    <p class='ocr_par' dir='ltr' id='par_1_23' title="bbox 2107 1429 3711 1498">
     <span class='ocr_line' id='line_1_23' title="bbox 2107 1429 3711 1498; baseline 0.006 -11"><span class='ocrx_word' id='word_1_200' title='bbox 2107 1429 2323 1487; x_wconf 89' lang='lat' dir='ltr'><strong>cludere</strong></span> <span class='ocrx_word' id='word_1_201' title='bbox 2349 1431 2616 1489; x_wconf 82' lang='lat' dir='ltr'><strong>debuistis</strong></span> <span class='ocrx_word' id='word_1_202' title='bbox 2639 1435 2918 1490; x_wconf 87' lang='lat' dir='ltr'><strong>auxilinm.</strong></span> <span class='ocrx_word' id='word_1_203' title='bbox 2950 1435 3057 1492; x_wconf 79' lang='lat' dir='ltr'><strong>Sed</strong></span> <span class='ocrx_word' id='word_1_204' title='bbox 3096 1449 3289 1494; x_wconf 80' lang='lat' dir='ltr'><strong>sensus</strong></span> <span class='ocrx_word' id='word_1_205' title='bbox 3312 1440 3417 1496; x_wconf 88' lang='lat' dir='ltr'><strong>iste</strong></span> <span class='ocrx_word' id='word_1_206' title='bbox 3442 1441 3711 1498; x_wconf 74' lang='lat' dir='ltr'><strong>fortassis</strong></span> 
     </span>
    </p>
   </div>
   <div class='ocr_carea' id='block_1_24' title="bbox 2108 1522 3713 1603">
    <p class='ocr_par' dir='ltr' id='par_1_24' title="bbox 2108 1522 3713 1603">
     <span class='ocr_line' id='line_1_24' title="bbox 2108 1522 3713 1603; baseline 0.007 -26"><span class='ocrx_word' id='word_1_207' title='bbox 2108 1535 2298 1577; x_wconf 89' lang='lat' dir='ltr'><strong>eorum</strong></span> <span class='ocrx_word' id='word_1_208' title='bbox 2325 1528 2413 1578; x_wconf 84' lang='lat' dir='ltr'><strong>est</strong></span> <span class='ocrx_word' id='word_1_209' title='bbox 2443 1523 2541 1593; x_wconf 87' lang='lat' dir='ltr'><strong>qui</strong></span> <span class='ocrx_word' id='word_1_210' title='bbox 2578 1522 2761 1580; x_wconf 67' lang='lat' dir='ltr'><strong>arium</strong></span> <span class='ocrx_word' id='word_1_211' title='bbox 2797 1526 3093 1596; x_wconf 84' lang='lat' dir='ltr'><strong>probantur</strong></span> <span class='ocrx_word' id='word_1_212' title='bbox 3119 1526 3419 1599; x_wconf 84' lang='lat' dir='ltr'><strong>intelligere</strong></span> <span class='ocrx_word' id='word_1_213' title='bbox 3446 1544 3566 1601; x_wconf 69' lang='lat' dir='ltr'><strong>quae</strong></span> <span class='ocrx_word' id='word_1_214' title='bbox 3593 1547 3713 1603; x_wconf 85' lang='lat' dir='ltr'><strong>ge-</strong></span> 
     </span>
    </p>
   </div>
   <div class='ocr_carea' id='block_1_25' title="bbox 2108 1610 3711 1692">
    <p class='ocr_par' dir='ltr' id='par_1_25' title="bbox 2108 1610 3711 1692">
     <span class='ocr_line' id='line_1_25' title="bbox 2108 1610 3711 1692; baseline 0.009 -26"><span class='ocrx_word' id='word_1_215' title='bbox 2108 1610 2364 1667; x_wconf 86' lang='lat' dir='ltr'><strong>neraliter</strong></span> <span class='ocrx_word' id='word_1_216' title='bbox 2388 1619 2641 1681; x_wconf 86' lang='lat' dir='ltr'><strong>poterant</strong></span> <span class='ocrx_word' id='word_1_217' title='bbox 2684 1615 2960 1686; x_wconf 80' lang='lat' dir='ltr'><strong>expedire.</strong></span> <span class='ocrx_word' id='word_1_218' title='bbox 3004 1615 3089 1672; x_wconf 69' lang='lat' dir='ltr'><strong>Ad</strong></span> <span class='ocrx_word' id='word_1_219' title='bbox 3114 1626 3352 1675; x_wconf 83' lang='lat' dir='ltr'><strong>vestrum</strong></span> <span class='ocrx_word' id='word_1_220' title='bbox 3392 1623 3573 1692; x_wconf 88' lang='lat' dir='ltr'><strong>potius</strong></span> <span class='ocrx_word' id='word_1_221' title='bbox 3600 1638 3711 1680; x_wconf 57' lang='lat' dir='ltr'><strong>re-</strong></span> 
     </span>
    </p>
   </div>
   <div class='ocr_carea' id='block_1_26' title="bbox 422 1697 3702 1786">
    <p class='ocr_par' dir='ltr' id='par_1_26' title="bbox 422 1697 3702 1786">
     <span class='ocr_line' id='line_1_26' title="bbox 422 1697 3702 1786; baseline 0.004 -30"><span class='ocrx_word' id='word_1_222' title='bbox 422 1701 716 1772; x_wconf 88' lang='lat' dir='ltr'><strong>pascimur,</strong></span> <span class='ocrx_word' id='word_1_223' title='bbox 744 1716 907 1771; x_wconf 86' lang='lat' dir='ltr'><strong>quam</strong></span> <span class='ocrx_word' id='word_1_224' title='bbox 947 1702 995 1758; x_wconf 90' lang='lat' dir='ltr'><strong>si</strong></span> <span class='ocrx_word' id='word_1_225' title='bbox 1036 1702 1108 1758; x_wconf 89' lang='lat' dir='ltr'><strong>de</strong></span> <span class='ocrx_word' id='word_1_226' title='bbox 1152 1711 1335 1758; x_wconf 87' lang='lat' dir='ltr'><strong>nostra</strong></span> <span class='ocrx_word' id='word_1_227' title='bbox 1370 1718 1587 1774; x_wconf 86' lang='lat' dir='ltr'><strong>semper</strong></span> <span class='ocrx_word' id='word_1_228' title='bbox 1620 1704 2005 1775; x_wconf 74' lang='lat' dir='ltr'><strong>tranquillitate</strong></span> <span class='ocrx_word' id='word_1_229' title='bbox 2034 1727 2083 1786; x_wconf 75' lang='grc' dir='ltr'><strong>Β</strong></span> <span class='ocrx_word' id='word_1_230' title='bbox 2108 1697 2218 1754; x_wconf 87' lang='lat' dir='ltr'><strong>dite</strong></span> <span class='ocrx_word' id='word_1_231' title='bbox 2577 1702 2827 1774; x_wconf 84' lang='lat' dir='ltr'><strong>Nunquid</strong></span> <span class='ocrx_word' id='word_1_232' title='bbox 2852 1721 2950 1761; x_wconf 84' lang='lat' dir='ltr'><strong>vos</strong></span> <span class='ocrx_word' id='word_1_233' title='bbox 2994 1720 3135 1763; x_wconf 85' lang='lat' dir='ltr'><strong>nova</strong></span> <span class='ocrx_word' id='word_1_234' title='bbox 3178 1710 3357 1778; x_wconf 79' lang='lat' dir='ltr'><strong>gentis</strong></span> <span class='ocrx_word' id='word_1_235' title='bbox 3380 1712 3545 1768; x_wconf 79' lang='lat' dir='ltr'><strong>facies</strong></span> <span class='ocrx_word' id='word_1_236' title='bbox 3574 1714 3702 1770; x_wconf 85' lang='lat' dir='ltr'><strong>ulla</strong></span> 
     </span>
    </p>
   </div>
   <div class='ocr_carea' id='block_1_27' title="bbox 425 1790 2009 1863">
    <p class='ocr_par' dir='ltr' id='par_1_27' title="bbox 425 1790 2009 1863">
     <span class='ocr_line' id='line_1_27' title="bbox 425 1790 2009 1863; baseline 0.001 -18"><span class='ocrx_word' id='word_1_237' title='bbox 425 1790 787 1847; x_wconf 86' lang='lat' dir='ltr'><strong>laudaremur.</strong></span> <span class='ocrx_word' id='word_1_238' title='bbox 828 1790 1089 1846; x_wconf 82' lang='lat' dir='ltr'><strong>Amovete</strong></span> <span class='ocrx_word' id='word_1_239' title='bbox 1126 1792 1459 1863; x_wconf 82' lang='lat' dir='ltr'><strong>suspiciones</strong></span> <span class='ocrx_word' id='word_1_240' title='bbox 1493 1794 1561 1847; x_wconf 85' lang='lat' dir='ltr'><strong>ab</strong></span> <span class='ocrx_word' id='word_1_241' title='bbox 1594 1793 1783 1848; x_wconf 89' lang='lat' dir='ltr'><strong>ordine</strong></span> <span class='ocrx_word' id='word_1_242' title='bbox 1824 1800 2009 1847; x_wconf 84' lang='lat' dir='ltr'><strong>vestro</strong></span> 
     </span>
    </p>
   </div>
   <div class='ocr_carea' id='block_1_28' title="bbox 425 1879 2009 1950">
    <p class='ocr_par' dir='ltr' id='par_1_28' title="bbox 425 1879 2009 1950">
     <span class='ocr_line' id='line_1_28' title="bbox 425 1879 2009 1950; baseline 0 -15"><span class='ocrx_word' id='word_1_243' title='bbox 425 1893 641 1950; x_wconf 89' lang='lat' dir='ltr'><strong>semper</strong></span> <span class='ocrx_word' id='word_1_244' title='bbox 667 1888 973 1937; x_wconf 87' lang='lat' dir='ltr'><strong>extraneas.</strong></span> <span class='ocrx_word' id='word_1_245' title='bbox 1003 1879 1122 1935; x_wconf 89' lang='lat' dir='ltr'><strong>Non</strong></span> <span class='ocrx_word' id='word_1_246' title='bbox 1149 1880 1304 1937; x_wconf 87' lang='lat' dir='ltr'><strong>decet</strong></span> <span class='ocrx_word' id='word_1_247' title='bbox 1338 1892 1583 1937; x_wconf 87' lang='lat' dir='ltr'><strong>senatum</strong></span> <span class='ocrx_word' id='word_1_248' title='bbox 1610 1881 1803 1950; x_wconf 80' lang='lat' dir='ltr'><strong>corrigi</strong></span> <span class='ocrx_word' id='word_1_249' title='bbox 1837 1889 1882 1948; x_wconf 72' lang='grc'><strong>⁸,</strong></span> <span class='ocrx_word' id='word_1_250' title='bbox 1914 1881 2009 1950; x_wconf 86' lang='lat' dir='ltr'><strong>qui</strong></span> 
     </span>
    </p>
   </div>
   <div class='ocr_carea' id='block_1_29' title="bbox 426 1968 2008 2043">
    <p class='ocr_par' dir='ltr' id='par_1_29' title="bbox 426 1968 2008 2043">
     <span class='ocr_line' id='line_1_29' title="bbox 426 1968 2008 2043; baseline 0.002 -20"><span class='ocrx_word' id='word_1_251' title='bbox 426 1968 591 2026; x_wconf 87' lang='lat' dir='ltr'><strong>debet</strong></span> <span class='ocrx_word' id='word_1_252' title='bbox 622 1970 759 2025; x_wconf 86' lang='lat' dir='ltr'><strong>alios</strong></span> <span class='ocrx_word' id='word_1_253' title='bbox 785 1981 1011 2043; x_wconf 87' lang='lat' dir='ltr'><strong>paterna</strong></span> <span class='ocrx_word' id='word_1_254' title='bbox 1046 1970 1424 2026; x_wconf 82' lang='lat' dir='ltr'><strong>exhortatione</strong></span> <span class='ocrx_word' id='word_1_255' title='bbox 1460 1971 1747 2026; x_wconf 87' lang='lat' dir='ltr'><strong>moderari.</strong></span> <span class='ocrx_word' id='word_1_256' title='bbox 1779 1971 1911 2031; x_wconf 82' lang='lat' dir='ltr'><strong>Nam</strong></span> <span class='ocrx_word' id='word_1_257' title='bbox 1938 1986 2008 2026; x_wconf 90' lang='lat' dir='ltr'><strong>ex</strong></span> 
     </span>
    </p>
   </div>
   <div class='ocr_carea' id='block_1_30' title="bbox 426 2060 2008 2134">
    <p class='ocr_par' dir='ltr' id='par_1_30' title="bbox 426 2060 2008 2134">
     <span class='ocr_line' id='line_1_30' title="bbox 426 2060 2008 2134; baseline 0.003 -19"><span class='ocrx_word' id='word_1_258' title='bbox 426 2060 622 2130; x_wconf 86' lang='lat' dir='ltr'><strong>quibus</strong></span> <span class='ocrx_word' id='word_1_259' title='bbox 650 2061 926 2117; x_wconf 85' lang='lat' dir='ltr'><strong>habebunt</strong></span> <span class='ocrx_word' id='word_1_260' title='bbox 943 2062 1163 2133; x_wconf 83' lang='lat' dir='ltr'><strong>genium</strong></span> <span class='ocrx_word' id='word_1_261' title='bbox 1187 2078 1384 2129; x_wconf 89' lang='lat' dir='ltr'><strong>mores,</strong></span> <span class='ocrx_word' id='word_1_262' title='bbox 1414 2063 1460 2119; x_wconf 91' lang='lat' dir='ltr'><strong>si</strong></span> <span class='ocrx_word' id='word_1_263' title='bbox 1490 2071 1743 2134; x_wconf 85' lang='lat' dir='ltr'><strong>parentes</strong></span> <span class='ocrx_word' id='word_1_264' title='bbox 1762 2063 2008 2133; x_wconf 85' lang='lat' dir='ltr'><strong>publicos</strong></span> 
     </span>
    </p>
   </div>
   <div class='ocr_carea' id='block_1_31' title="bbox 424 2151 2003 2222">
    <p class='ocr_par' dir='ltr' id='par_1_31' title="bbox 424 2151 2003 2222">
     <span class='ocr_line' id='line_1_31' title="bbox 424 2151 2003 2222; baseline 0.004 -18"><span class='ocrx_word' id='word_1_265' title='bbox 424 2151 662 2206; x_wconf 85' lang='lat' dir='ltr'><strong>minores</strong></span> <span class='ocrx_word' id='word_1_266' title='bbox 684 2152 973 2222; x_wconf 84' lang='lat' dir='ltr'><strong>contigerit</strong></span> <span class='ocrx_word' id='word_1_267' title='bbox 990 2155 1253 2210; x_wconf 83' lang='lat' dir='ltr'><strong>inveniri?</strong></span> <span class='ocrx_word' id='word_1_268' title='bbox 1273 2152 1554 2210; x_wconf 81' lang='lat' dir='ltr'><strong>Sufﬁciunt</strong></span> <span class='ocrx_word' id='word_1_269' title='bbox 1577 2154 1692 2210; x_wconf 62' lang='lat' dir='ltr'><strong>haec</strong></span> <span class='ocrx_word' id='word_1_270' title='bbox 1715 2154 2003 2220; x_wconf 72' lang='lat' dir='ltr'><strong>nobilibus,</strong></span> 
     </span>
    </p>
   </div>
   <div class='ocr_carea' id='block_1_32' title="bbox 423 2239 2007 2316">
    <p class='ocr_par' dir='ltr' id='par_1_32' title="bbox 423 2239 2007 2316">
     <span class='ocr_line' id='line_1_32' title="bbox 423 2239 2007 2316; baseline 0.004 -21"><span class='ocrx_word' id='word_1_271' title='bbox 423 2239 701 2296; x_wconf 77' lang='lat' dir='ltr'><strong>suliiciunt</strong></span> <span class='ocrx_word' id='word_1_272' title='bbox 740 2242 844 2298; x_wconf 88' lang='lat' dir='ltr'><strong>ista</strong></span> <span class='ocrx_word' id='word_1_273' title='bbox 885 2245 1225 2314; x_wconf 85' lang='lat' dir='ltr'><strong>verecundis,</strong></span> <span class='ocrx_word' id='word_1_274' title='bbox 1264 2255 1325 2301; x_wconf 89' lang='lat' dir='ltr'><strong>ut</strong></span> <span class='ocrx_word' id='word_1_275' title='bbox 1372 2245 1441 2303; x_wconf 82' lang='lat' dir='ltr'><strong>ad</strong></span> <span class='ocrx_word' id='word_1_276' title='bbox 1484 2245 1723 2303; x_wconf 85' lang='lat' dir='ltr'><strong>studium</strong></span> <span class='ocrx_word' id='word_1_277' title='bbox 1757 2245 2007 2316; x_wconf 70' lang='lat' dir='ltr'><strong>perlecta:</strong></span> 
     </span>
    </p>
   </div>
   <div class='ocr_carea' id='block_1_33' title="bbox 424 2330 2008 2412">
    <p class='ocr_par' dir='ltr' id='par_1_33' title="bbox 424 2330 2008 2412">
     <span class='ocr_line' id='line_1_33' title="bbox 424 2330 2008 2412; baseline 0.004 -25"><span class='ocrx_word' id='word_1_278' title='bbox 424 2330 726 2388; x_wconf 84' lang='lat' dir='ltr'><strong>devotionis</strong></span> <span class='ocrx_word' id='word_1_279' title='bbox 752 2333 1057 2404; x_wconf 80' lang='lat' dir='ltr'><strong>incitemus,</strong></span> <span class='ocrx_word' id='word_1_280' title='bbox 1084 2352 1221 2407; x_wconf 87' lang='lat' dir='ltr'><strong>quos</strong></span> <span class='ocrx_word' id='word_1_281' title='bbox 1245 2338 1519 2412; x_wconf 80' lang='lat' dir='ltr'><strong>paululum</strong></span> <span class='ocrx_word' id='word_1_282' title='bbox 1546 2339 1615 2395; x_wconf 87' lang='lat' dir='ltr'><strong>de</strong></span> <span class='ocrx_word' id='word_1_283' title='bbox 1640 2352 1807 2411; x_wconf 81' lang='lat' dir='ltr'><strong>prava</strong></span> <span class='ocrx_word' id='word_1_284' title='bbox 1831 2337 2008 2408; x_wconf 80' lang='lat' dir='ltr'><strong>suspi-</strong></span> 
     </span>
    </p>
   </div>
   <div class='ocr_carea' id='block_1_34' title="bbox 423 2423 2003 2502">
    <p class='ocr_par' dir='ltr' id='par_1_34' title="bbox 423 2423 2003 2502">
     <span class='ocr_line' id='line_1_34' title="bbox 423 2423 2003 2502; baseline 0.007 -24"><span class='ocrx_word' id='word_1_285' title='bbox 423 2423 580 2479; x_wconf 88' lang='lat' dir='ltr'><strong>cione</strong></span> <span class='ocrx_word' id='word_1_286' title='bbox 622 2424 975 2495; x_wconf 83' lang='lat' dir='ltr'><strong>culpavimus.</strong></span> <span class='ocrx_word' id='word_1_287' title='bbox 1007 2426 1116 2483; x_wconf 88' lang='lat' dir='ltr'><strong>Nos</strong></span> <span class='ocrx_word' id='word_1_288' title='bbox 1156 2429 1322 2496; x_wconf 81' lang='lat' dir='ltr'><strong>enirn,</strong></span> <span class='ocrx_word' id='word_1_289' title='bbox 1357 2430 1507 2499; x_wconf 86' lang='lat' dir='ltr'><strong>quod</strong></span> <span class='ocrx_word' id='word_1_290' title='bbox 1542 2426 1879 2502; x_wconf 69' lang='lat' dir='ltr'><strong>praesentiam</strong></span> <span class='ocrx_word' id='word_1_291' title='bbox 1907 2444 2003 2489; x_wconf 68' lang='grc' dir='ltr'><strong>νει</strong></span> 
     </span>
    </p>
   </div>
   <div class='ocr_carea' id='block_1_35' title="bbox 425 2516 2005 2592">
    <p class='ocr_par' dir='ltr' id='par_1_35' title="bbox 425 2516 2005 2592">
     <span class='ocr_line' id='line_1_35' title="bbox 425 2516 2005 2592; baseline 0.007 -22"><span class='ocrx_word' id='word_1_292' title='bbox 425 2520 594 2570; x_wconf 89' lang='lat' dir='ltr'><strong>stram</strong></span> <span class='ocrx_word' id='word_1_293' title='bbox 635 2516 1026 2587; x_wconf 85' lang='lat' dir='ltr'><strong>expetivimus,</strong></span> <span class='ocrx_word' id='word_1_294' title='bbox 1074 2533 1183 2574; x_wconf 86' lang='lat' dir='ltr'><strong>non</strong></span> <span class='ocrx_word' id='word_1_295' title='bbox 1226 2521 1536 2577; x_wconf 81' lang='lat' dir='ltr'><strong>vexationis</strong></span> <span class='ocrx_word' id='word_1_296' title='bbox 1584 2522 1860 2592; x_wconf 76' lang='lat' dir='ltr'><strong>iniuriam,</strong></span> <span class='ocrx_word' id='word_1_297' title='bbox 1908 2525 2005 2581; x_wconf 85' lang='lat' dir='ltr'><strong>sed</strong></span> 
     </span>
    </p>
   </div>
   <div class='ocr_carea' id='block_1_36' title="bbox 2107 1791 3708 1872">
    <p class='ocr_par' dir='ltr' id='par_1_36' title="bbox 2107 1791 3708 1872">
     <span class='ocr_line' id='line_1_36' title="bbox 2107 1791 3708 1872; baseline 0.01 -25"><span class='ocrx_word' id='word_1_298' title='bbox 2107 1791 2405 1849; x_wconf 82' lang='lat' dir='ltr'><strong>deterruit?</strong></span> <span class='ocrx_word' id='word_1_299' title='bbox 2430 1792 2542 1851; x_wconf 80' lang='lat' dir='ltr'><strong>Cur</strong></span> <span class='ocrx_word' id='word_1_300' title='bbox 2583 1797 2905 1866; x_wconf 88' lang='lat' dir='ltr'><strong>expavistis,</strong></span> <span class='ocrx_word' id='word_1_301' title='bbox 2941 1813 3080 1868; x_wconf 85' lang='lat' dir='ltr'><strong>quos</strong></span> <span class='ocrx_word' id='word_1_302' title='bbox 3123 1810 3376 1872; x_wconf 84' lang='lat' dir='ltr'><strong>parentes</strong></span> <span class='ocrx_word' id='word_1_303' title='bbox 3423 1805 3708 1863; x_wconf 76' lang='lat' dir='ltr'><strong>hactenus</strong></span> 
     </span>
    </p>
   </div>
   <div class='ocr_carea' id='block_1_37' title="bbox 2108 1882 3706 1966">
    <p class='ocr_par' dir='ltr' id='par_1_37' title="bbox 2108 1882 3706 1966">
     <span class='ocr_line' id='line_1_37' title="bbox 2108 1882 3706 1966; baseline 0.01 -29"><span class='ocrx_word' id='word_1_304' title='bbox 2108 1882 2458 1938; x_wconf 76' lang='lat' dir='ltr'><strong>nominastis?</strong></span> <span class='ocrx_word' id='word_1_305' title='bbox 2488 1882 2590 1951; x_wconf 82' lang='lat' dir='ltr'><strong>Qui</strong></span> <span class='ocrx_word' id='word_1_306' title='bbox 2612 1885 2812 1942; x_wconf 84' lang='lat' dir='ltr'><strong>relictis</strong></span> <span class='ocrx_word' id='word_1_307' title='bbox 2835 1885 3053 1945; x_wconf 72' lang='lat' dir='ltr'><strong>familiis</strong></span> <span class='ocrx_word' id='word_1_308' title='bbox 3077 1890 3145 1945; x_wconf 80' lang='lat' dir='ltr'><strong>ad</strong></span> <span class='ocrx_word' id='word_1_309' title='bbox 3166 1906 3265 1948; x_wconf 87' lang='lat' dir='ltr'><strong>vos</strong></span> <span class='ocrx_word' id='word_1_310' title='bbox 3275 1894 3462 1950; x_wconf 83' lang='lat' dir='ltr'><strong>venire</strong></span> <span class='ocrx_word' id='word_1_311' title='bbox 3487 1908 3706 1966; x_wconf 85' lang='lat' dir='ltr'><strong>prope-</strong></span> 
     </span>
    </p>
   </div>
   <div class='ocr_carea' id='block_1_38' title="bbox 2105 1969 3700 2055">
    <p class='ocr_par' dir='ltr' id='par_1_38' title="bbox 2105 1969 3700 2055">
     <span class='ocr_line' id='line_1_38' title="bbox 2105 1969 3700 2055; baseline 0.011 -31"><span class='ocrx_word' id='word_1_312' title='bbox 2105 1969 2319 2039; x_wconf 87' lang='lat' dir='ltr'><strong>rabant,</strong></span> <span class='ocrx_word' id='word_1_313' title='bbox 2344 1971 2414 2027; x_wconf 91' lang='lat' dir='ltr'><strong>de</strong></span> <span class='ocrx_word' id='word_1_314' title='bbox 2456 1983 2635 2029; x_wconf 85' lang='lat' dir='ltr'><strong>vestra</strong></span> <span class='ocrx_word' id='word_1_315' title='bbox 2680 1983 2836 2029; x_wconf 87' lang='lat' dir='ltr'><strong>erant</strong></span> <span class='ocrx_word' id='word_1_316' title='bbox 2879 1978 3062 2047; x_wconf 85' lang='lat' dir='ltr'><strong>potius</strong></span> <span class='ocrx_word' id='word_1_317' title='bbox 3111 1982 3405 2055; x_wconf 85' lang='lat' dir='ltr'><strong>securitate</strong></span> <span class='ocrx_word' id='word_1_318' title='bbox 3448 1986 3700 2042; x_wconf 86' lang='lat' dir='ltr'><strong>solliciti.</strong></span> 
     </span>
    </p>
   </div>
   <div class='ocr_carea' id='block_1_39' title="bbox 2106 2062 3699 2149">
    <p class='ocr_par' dir='ltr' id='par_1_39' title="bbox 2106 2062 3699 2149">
     <span class='ocr_line' id='line_1_39' title="bbox 2106 2062 3699 2149; baseline 0.008 -30"><span class='ocrx_word' id='word_1_319' title='bbox 2106 2062 2357 2133; x_wconf 83' lang='lat' dir='ltr'><strong>Quando,</strong></span> <span class='ocrx_word' id='word_1_320' title='bbox 2383 2079 2547 2134; x_wconf 88' lang='lat' dir='ltr'><strong>rogo,</strong></span> <span class='ocrx_word' id='word_1_321' title='bbox 2578 2066 2701 2124; x_wconf 87' lang='lat' dir='ltr'><strong>talis</strong></span> <span class='ocrx_word' id='word_1_322' title='bbox 2749 2068 2817 2124; x_wconf 86' lang='lat' dir='ltr'><strong>ab</strong></span> <span class='ocrx_word' id='word_1_323' title='bbox 2862 2070 2958 2127; x_wconf 85' lang='lat' dir='ltr'><strong>illo</strong></span> <span class='ocrx_word' id='word_1_324' title='bbox 2980 2072 3293 2131; x_wconf 82' lang='lat' dir='ltr'><strong>vicissitudo</strong></span> <span class='ocrx_word' id='word_1_325' title='bbox 3332 2086 3550 2149; x_wconf 89' lang='lat' dir='ltr'><strong>recepta</strong></span> <span class='ocrx_word' id='word_1_326' title='bbox 3579 2087 3699 2141; x_wconf 84' lang='lat' dir='ltr'><strong>est.</strong></span> 
     </span>
    </p>
   </div>
   <div class='ocr_carea' id='block_1_40' title="bbox 2106 2156 3705 2239">
    <p class='ocr_par' dir='ltr' id='par_1_40' title="bbox 2106 2156 3705 2239">
     <span class='ocr_line' id='line_1_40' title="bbox 2106 2156 3705 2239; baseline 0.009 -28"><span class='ocrx_word' id='word_1_327' title='bbox 2106 2157 2196 2212; x_wconf 88' lang='lat' dir='ltr'><strong>cui</strong></span> <span class='ocrx_word' id='word_1_328' title='bbox 2220 2156 2407 2213; x_wconf 80' lang='lat' dir='ltr'><strong>salutis</strong></span> <span class='ocrx_word' id='word_1_329' title='bbox 2433 2160 2650 2230; x_wconf 60' lang='lat' dir='ltr'><strong>praemia</strong></span> <span class='ocrx_word' id='word_1_330' title='bbox 2672 2159 3046 2219; x_wconf 74' lang='lat' dir='ltr'><strong>debebantur?</strong></span> <span class='ocrx_word' id='word_1_331' title='bbox 3076 2164 3213 2221; x_wconf 87' lang='lat' dir='ltr'><strong>Illud</strong></span> <span class='ocrx_word' id='word_1_332' title='bbox 3246 2168 3417 2237; x_wconf 65' lang='lat' dir='ltr'><strong>etaim,</strong></span> <span class='ocrx_word' id='word_1_333' title='bbox 3442 2169 3589 2239; x_wconf 85' lang='lat' dir='ltr'><strong>quod</strong></span> <span class='ocrx_word' id='word_1_334' title='bbox 3621 2171 3705 2225; x_wconf 80' lang='lat' dir='ltr'><strong>ad</strong></span> 
     </span>
    </p>
   </div>
   <div class='ocr_carea' id='block_1_41' title="bbox 2106 2248 3705 2329">
    <p class='ocr_par' dir='ltr' id='par_1_41' title="bbox 2106 2248 3705 2329">
     <span class='ocr_line' id='line_1_41' title="bbox 2106 2248 3705 2329; baseline 0.008 -25"><span class='ocrx_word' id='word_1_335' title='bbox 2106 2263 2207 2305; x_wconf 84' lang='lat' dir='ltr'><strong>nos</strong></span> <span class='ocrx_word' id='word_1_336' title='bbox 2231 2248 2440 2315; x_wconf 78' lang='lat' dir='ltr'><strong>attinet,</strong></span> <span class='ocrx_word' id='word_1_337' title='bbox 2457 2248 2598 2304; x_wconf 84' lang='lat' dir='ltr'><strong>seire</strong></span> <span class='ocrx_word' id='word_1_338' title='bbox 2616 2248 2899 2320; x_wconf 83' lang='lat' dir='ltr'><strong>debuistis,</strong></span> <span class='ocrx_word' id='word_1_339' title='bbox 2947 2256 3075 2325; x_wconf 83' lang='lat' dir='ltr'><strong>quia</strong></span> <span class='ocrx_word' id='word_1_340' title='bbox 3100 2256 3188 2313; x_wconf 88' lang='lat' dir='ltr'><strong>die</strong></span> <span class='ocrx_word' id='word_1_341' title='bbox 3216 2266 3488 2329; x_wconf 88' lang='lat' dir='ltr'><strong>noctuque</strong></span> <span class='ocrx_word' id='word_1_342' title='bbox 3508 2260 3705 2316; x_wconf 65' lang='lat' dir='ltr'><strong>inceso</strong></span> 
     </span>
    </p>
   </div>
   <div class='ocr_carea' id='block_1_42' title="bbox 2104 2343 3709 2422">
    <p class='ocr_par' dir='ltr' id='par_1_42' title="bbox 2104 2343 3709 2422">
     <span class='ocr_line' id='line_1_42' title="bbox 2104 2343 3709 2422; baseline 0.009 -28"><span class='ocrx_word' id='word_1_343' title='bbox 2104 2348 2287 2395; x_wconf 83' lang='lat' dir='ltr'><strong>santer</strong></span> <span class='ocrx_word' id='word_1_344' title='bbox 2313 2346 2565 2410; x_wconf 83' lang='lat' dir='ltr'><strong>optamus</strong></span> <span class='ocrx_word' id='word_1_345' title='bbox 2587 2350 2649 2398; x_wconf 82' lang='lat' dir='ltr'><strong>ut</strong></span> <span class='ocrx_word' id='word_1_346' title='bbox 2672 2343 2820 2412; x_wconf 81' lang='lat' dir='ltr'><strong>quod</strong></span> <span class='ocrx_word' id='word_1_347' title='bbox 2841 2354 3124 2415; x_wconf 73' lang='lat' dir='ltr'><strong>parentum</strong></span> <span class='ocrx_word' id='word_1_348' title='bbox 3144 2360 3450 2405; x_wconf 84' lang='lat' dir='ltr'><strong>nostrorum</strong></span> <span class='ocrx_word' id='word_1_349' title='bbox 3473 2358 3709 2422; x_wconf 78' lang='lat' dir='ltr'><strong>tempo-</strong></span> 
     </span>
    </p>
   </div>
   <div class='ocr_carea' id='block_1_43' title="bbox 2103 2433 3712 2513">
    <p class='ocr_par' dir='ltr' id='par_1_43' title="bbox 2103 2433 3712 2513">
     <span class='ocr_line' id='line_1_43' title="bbox 2103 2433 3712 2513; baseline 0.006 -25"><span class='ocrx_word' id='word_1_350' title='bbox 2103 2433 2254 2490; x_wconf 79' lang='lat' dir='ltr'><strong>ribus</strong></span> <span class='ocrx_word' id='word_1_351' title='bbox 2293 2442 2507 2490; x_wconf 75' lang='lat' dir='ltr'><strong>constat</strong></span> <span class='ocrx_word' id='word_1_352' title='bbox 2546 2437 2867 2507; x_wconf 74' lang='lat' dir='ltr'><strong>contritum,</strong></span> <span class='ocrx_word' id='word_1_353' title='bbox 2913 2439 3013 2495; x_wconf 87' lang='lat' dir='ltr'><strong>sub</strong></span> <span class='ocrx_word' id='word_1_354' title='bbox 3054 2440 3213 2497; x_wconf 88' lang='lat' dir='ltr'><strong>nobis</strong></span> <span class='ocrx_word' id='word_1_355' title='bbox 3261 2442 3441 2513; x_wconf 84' lang='lat' dir='ltr'><strong>potius</strong></span> <span class='ocrx_word' id='word_1_356' title='bbox 3492 2443 3712 2500; x_wconf 80' lang='lat' dir='ltr'><strong>divinis</strong></span> 
     </span>
    </p>
   </div>
   <div class='ocr_carea' id='block_1_44' title="bbox 2105 2521 3709 2602">
    <p class='ocr_par' dir='ltr' id='par_1_44' title="bbox 2105 2521 3709 2602">
     <span class='ocr_line' id='line_1_44' title="bbox 2105 2521 3709 2602; baseline 0.011 -27"><span class='ocrx_word' id='word_1_357' title='bbox 2105 2521 2317 2577; x_wconf 84' lang='lat' dir='ltr'><strong>auxiliis</strong></span> <span class='ocrx_word' id='word_1_358' title='bbox 2345 2533 2624 2594; x_wconf 59' lang='lat' dir='ltr'><strong>augeatur.</strong></span> <span class='ocrx_word' id='word_1_359' title='bbox 2656 2525 2757 2582; x_wconf 87' lang='lat' dir='ltr'><strong>Ubi</strong></span> <span class='ocrx_word' id='word_1_360' title='bbox 2797 2528 2944 2583; x_wconf 85' lang='lat' dir='ltr'><strong>enim</strong></span> <span class='ocrx_word' id='word_1_361' title='bbox 2987 2526 3127 2584; x_wconf 77' lang='lat' dir='ltr'><strong>fama</strong></span> <span class='ocrx_word' id='word_1_362' title='bbox 3169 2533 3445 2600; x_wconf 80' lang='lat' dir='ltr'><strong>regnantis</strong></span> <span class='ocrx_word' id='word_1_363' title='bbox 3472 2534 3595 2602; x_wconf 87' lang='lat' dir='ltr'><strong>erit,</strong></span> <span class='ocrx_word' id='word_1_364' title='bbox 3651 2538 3709 2592; x_wconf 83' lang='lat' dir='ltr'><strong>si</strong></span> 
     </span>
    </p>
   </div>
   <div class='ocr_carea' id='block_1_45' title="bbox 380 2603 3710 2689">
    <p class='ocr_par' dir='ltr' id='par_1_45' title="bbox 380 2603 3710 2689">
     <span class='ocr_line' id='line_1_45' title="bbox 380 2603 3710 2689; baseline 0.009 -33"><span class='ocrx_word' id='word_1_365' title='bbox 380 2618 381 2621; x_wconf 44' lang='grc' dir='ltr'><strong>η</strong></span> <span class='ocrx_word' id='word_1_366' title='bbox 424 2603 671 2658; x_wconf 87' lang='lat' dir='ltr'><strong>utilitatis</strong></span> <span class='ocrx_word' id='word_1_367' title='bbox 696 2613 893 2660; x_wconf 67' lang='lat' dir='ltr'><strong>vestrae</strong></span> <span class='ocrx_word' id='word_1_368' title='bbox 917 2621 1109 2662; x_wconf 83' lang='lat' dir='ltr'><strong>causas</strong></span> <span class='ocrx_word' id='word_1_369' title='bbox 1144 2608 1409 2679; x_wconf 82' lang='lat' dir='ltr'><strong>profunda</strong></span> <span class='ocrx_word' id='word_1_370' title='bbox 1436 2610 1762 2680; x_wconf 84' lang='lat' dir='ltr'><strong>cogitatione</strong></span> <span class='ocrx_word' id='word_1_371' title='bbox 1799 2620 2002 2668; x_wconf 78' lang='lat' dir='ltr'><strong>tracta-</strong></span> <span class='ocrx_word' id='word_1_372' title='bbox 2100 2633 2202 2673; x_wconf 85' lang='lat' dir='ltr'><strong>vos</strong></span> <span class='ocrx_word' id='word_1_373' title='bbox 2224 2615 2391 2689; x_wconf 82' lang='lat' dir='ltr'><strong>(quod</strong></span> <span class='ocrx_word' id='word_1_374' title='bbox 2420 2616 2580 2687; x_wconf 83' lang='lat' dir='ltr'><strong>absit)</strong></span> <span class='ocrx_word' id='word_1_375' title='bbox 2606 2620 2877 2688; x_wconf 82' lang='lat' dir='ltr'><strong>patiamur</strong></span> <span class='ocrx_word' id='word_1_376' title='bbox 2901 2621 3181 2678; x_wconf 72' lang='lat' dir='ltr'><strong>imminui?</strong></span> <span class='ocrx_word' id='word_1_377' title='bbox 3208 2623 3385 2680; x_wconf 86' lang='lat' dir='ltr'><strong>Nolite</strong></span> <span class='ocrx_word' id='word_1_378' title='bbox 3430 2626 3561 2682; x_wconf 89' lang='lat' dir='ltr'><strong>talia</strong></span> <span class='ocrx_word' id='word_1_379' title='bbox 3588 2644 3667 2684; x_wconf 88' lang='lat' dir='ltr'><strong>co</strong></span> <span class='ocrx_word' id='word_1_380' title='bbox 3688 2660 3710 2673; x_wconf 79' lang='grc' dir='ltr'><strong>ο</strong></span> 
     </span>
    </p>
   </div>
   <div class='ocr_carea' id='block_1_46' title="bbox 423 2692 3723 2780">
    <p class='ocr_par' dir='ltr' id='par_1_46' title="bbox 423 2692 3723 2780">
     <span class='ocr_line' id='line_1_46' title="bbox 423 2692 3723 2780; baseline 0.008 -32"><span class='ocrx_word' id='word_1_381' title='bbox 423 2692 625 2761; x_wconf 88' lang='lat' dir='ltr'><strong>vimus;</strong></span> <span class='ocrx_word' id='word_1_382' title='bbox 651 2703 711 2750; x_wconf 90' lang='lat' dir='ltr'><strong>ut</strong></span> <span class='ocrx_word' id='word_1_383' title='bbox 733 2695 865 2751; x_wconf 91' lang='lat' dir='ltr'><strong>illud</strong></span> <span class='ocrx_word' id='word_1_384' title='bbox 890 2697 1061 2767; x_wconf 87' lang='lat' dir='ltr'><strong>magis</strong></span> <span class='ocrx_word' id='word_1_385' title='bbox 1080 2698 1400 2757; x_wconf 79' lang='lat' dir='ltr'><strong>debuissetis</strong></span> <span class='ocrx_word' id='word_1_386' title='bbox 1424 2700 1658 2771; x_wconf 74' lang='lat' dir='ltr'><strong>efﬁcere,</strong></span> <span class='ocrx_word' id='word_1_387' title='bbox 1681 2704 1828 2776; x_wconf 86' lang='lat' dir='ltr'><strong>quod</strong></span> <span class='ocrx_word' id='word_1_388' title='bbox 1850 2706 2007 2761; x_wconf 85' lang='lat' dir='ltr'><strong>vobis</strong></span> <span class='ocrx_word' id='word_1_389' title='bbox 2101 2707 2305 2777; x_wconf 82' lang='lat' dir='ltr'><strong>gitare,</strong></span> <span class='ocrx_word' id='word_1_390' title='bbox 2355 2706 2537 2780; x_wconf 80' lang='lat' dir='ltr'><strong>qualia</strong></span> <span class='ocrx_word' id='word_1_391' title='bbox 2580 2721 2681 2765; x_wconf 84' lang='lat' dir='ltr'><strong>nos</strong></span> <span class='ocrx_word' id='word_1_392' title='bbox 2716 2709 2954 2766; x_wconf 81' lang='lat' dir='ltr'><strong>minime</strong></span> <span class='ocrx_word' id='word_1_393' title='bbox 2988 2712 3185 2768; x_wconf 88' lang='lat' dir='ltr'><strong>videtis</strong></span> <span class='ocrx_word' id='word_1_394' title='bbox 3239 2728 3534 2773; x_wconf 86' lang='lat' dir='ltr'><strong>assumere.</strong></span> <span class='ocrx_word' id='word_1_395' title='bbox 3574 2717 3723 2775; x_wconf 77' lang='lat' dir='ltr'><strong>imo</strong></span> 
     </span>
    </p>
   </div>
   <div class='ocr_carea' id='block_1_47' title="bbox 423 2785 3715 2879">
    <p class='ocr_par' dir='ltr' id='par_1_47' title="bbox 423 2785 3715 2879">
     <span class='ocr_line' id='line_1_47' title="bbox 423 2785 3715 2879; baseline 0.009 -42"><span class='ocrx_word' id='word_1_396' title='bbox 423 2785 774 2853; x_wconf 86' lang='lat' dir='ltr'><strong>cognovimus</strong></span> <span class='ocrx_word' id='word_1_397' title='bbox 800 2787 1078 2858; x_wconf 80' lang='lat' dir='ltr'><strong>expedire.</strong></span> <span class='ocrx_word' id='word_1_398' title='bbox 1105 2789 1264 2848; x_wconf 78' lang='lat' dir='ltr'><strong>Certe</strong></span> <span class='ocrx_word' id='word_1_399' title='bbox 1306 2806 1503 2850; x_wconf 78' lang='lat' dir='ltr'><strong>manus</strong></span> <span class='ocrx_word' id='word_1_400' title='bbox 1533 2802 1618 2850; x_wconf 84' lang='lat' dir='ltr'><strong>est</strong></span> <span class='ocrx_word' id='word_1_401' title='bbox 1641 2796 1824 2852; x_wconf 89' lang='lat' dir='ltr'><strong>videre</strong></span> <span class='ocrx_word' id='word_1_402' title='bbox 1850 2798 2003 2869; x_wconf 83' lang='lat' dir='ltr'><strong>prin-</strong></span> <span class='ocrx_word' id='word_1_403' title='bbox 2102 2797 2295 2866; x_wconf 84' lang='lat' dir='ltr'><strong>magis,</strong></span> <span class='ocrx_word' id='word_1_404' title='bbox 2322 2799 2368 2855; x_wconf 87' lang='lat' dir='ltr'><strong>si</strong></span> <span class='ocrx_word' id='word_1_405' title='bbox 2395 2802 2523 2870; x_wconf 81' lang='lat' dir='ltr'><strong>quis</strong></span> <span class='ocrx_word' id='word_1_406' title='bbox 2543 2802 2720 2874; x_wconf 85' lang='lat' dir='ltr'><strong>aliqua</strong></span> <span class='ocrx_word' id='word_1_407' title='bbox 2749 2800 3032 2878; x_wconf 69' lang='lat' dir='ltr'><strong>iniquitate</strong></span> <span class='ocrx_word' id='word_1_408' title='bbox 3066 2802 3356 2875; x_wconf 80' lang='lat' dir='ltr'><strong>depressus</strong></span> <span class='ocrx_word' id='word_1_409' title='bbox 3391 2814 3506 2875; x_wconf 71' lang='lat' dir='ltr'><strong>&quot;est,</strong></span> <span class='ocrx_word' id='word_1_410' title='bbox 3534 2824 3715 2879; x_wconf 80' lang='lat' dir='ltr'><strong>spem</strong></span> 
     </span>
    </p>
   </div>
   <div class='ocr_carea' id='block_1_48' title="bbox 424 2873 3711 2972">
    <p class='ocr_par' dir='ltr' id='par_1_48' title="bbox 424 2873 3711 2972">
     <span class='ocr_line' id='line_1_48' title="bbox 424 2873 3711 2972; baseline 0.012 -46"><span class='ocrx_word' id='word_1_411' title='bbox 424 2873 620 2942; x_wconf 90' lang='lat' dir='ltr'><strong>cipem.</strong></span> <span class='ocrx_word' id='word_1_412' title='bbox 649 2873 766 2931; x_wconf 88' lang='lat' dir='ltr'><strong>Hoc</strong></span> <span class='ocrx_word' id='word_1_413' title='bbox 789 2890 823 2931; x_wconf 88' lang='lat' dir='ltr'><strong>a</strong></span> <span class='ocrx_word' id='word_1_414' title='bbox 849 2877 1002 2934; x_wconf 87' lang='lat' dir='ltr'><strong>vobis</strong></span> <span class='ocrx_word' id='word_1_415' title='bbox 1027 2894 1126 2949; x_wconf 89' lang='lat' dir='ltr'><strong>pro</strong></span> <span class='ocrx_word' id='word_1_416' title='bbox 1154 2880 1469 2952; x_wconf 62' lang='lat' dir='ltr'><strong>reipublicm</strong></span> <span class='ocrx_word' id='word_1_417' title='bbox 1502 2885 1732 2942; x_wconf 86' lang='lat' dir='ltr'><strong>utilitate</strong></span> <span class='ocrx_word' id='word_1_418' title='bbox 1754 2887 2004 2944; x_wconf 85' lang='lat' dir='ltr'><strong>volumus</strong></span> <span class='ocrx_word' id='word_1_419' title='bbox 2103 2888 2177 2946; x_wconf 81' lang='lat' dir='ltr'><strong>de</strong></span> <span class='ocrx_word' id='word_1_420' title='bbox 2193 2890 2338 2947; x_wconf 87' lang='lat' dir='ltr'><strong>bona</strong></span> <span class='ocrx_word' id='word_1_421' title='bbox 2364 2873 2692 2952; x_wconf 83' lang='lat' dir='ltr'><strong>conscientia</strong></span> <span class='ocrx_word' id='word_1_422' title='bbox 2712 2913 2818 2955; x_wconf 86' lang='lat' dir='ltr'><strong>non</strong></span> <span class='ocrx_word' id='word_1_423' title='bbox 2844 2873 3080 2972; x_wconf 77' lang='lat' dir='ltr'><strong>amittat,</strong></span> <span class='ocrx_word' id='word_1_424' title='bbox 3124 2873 3383 2967; x_wconf 55' lang='lat' dir='ltr'><strong>quoniam</strong></span> <span class='ocrx_word' id='word_1_425' title='bbox 3406 2873 3711 2960; x_wconf 48' lang='lat' dir='ltr'><strong>sublatam</strong></span> 
     </span>
    </p>
   </div>
   <div class='ocr_carea' id='block_1_49' title="bbox 425 2961 3704 3063">
    <p class='ocr_par' dir='ltr' id='par_1_49' title="bbox 425 2961 3704 3063">
     <span class='ocr_line' id='line_1_49' title="bbox 425 2961 3704 3063; baseline 0.013 -46"><span class='ocrx_word' id='word_1_426' title='bbox 425 2961 562 3029; x_wconf 80' lang='lat' dir='ltr'><strong>ﬁeri,</strong></span> <span class='ocrx_word' id='word_1_427' title='bbox 592 2966 737 3034; x_wconf 90' lang='lat' dir='ltr'><strong>quod</strong></span> <span class='ocrx_word' id='word_1_428' title='bbox 774 2968 1005 3037; x_wconf 67' lang='lat' dir='ltr'><strong>praemiis</strong></span> <span class='ocrx_word' id='word_1_429' title='bbox 1047 2969 1257 3026; x_wconf 85' lang='lat' dir='ltr'><strong>solebat</strong></span> <span class='ocrx_word' id='word_1_430' title='bbox 1291 2973 1489 3043; x_wconf 79' lang='lat' dir='ltr'><strong>optari.</strong></span> <span class='ocrx_word' id='word_1_431' title='bbox 1529 2972 1640 3031; x_wconf 82' lang='lat' dir='ltr'><strong>Sed</strong></span> <span class='ocrx_word' id='word_1_432' title='bbox 1678 2991 1748 3032; x_wconf 91' lang='lat' dir='ltr'><strong>ne</strong></span> <span class='ocrx_word' id='word_1_433' title='bbox 1774 2976 1891 3048; x_wconf 84' lang='lat' dir='ltr'><strong>ipsa</strong></span> <span class='ocrx_word' id='word_1_434' title='bbox 1915 2993 2002 3034; x_wconf 89' lang='lat' dir='ltr'><strong>re-</strong></span> <span class='ocrx_word' id='word_1_435' title='bbox 2104 2982 2349 3052; x_wconf 82' lang='lat' dir='ltr'><strong>cupimus</strong></span> <span class='ocrx_word' id='word_1_436' title='bbox 2370 2997 2510 3054; x_wconf 83' lang='lat' dir='ltr'><strong>quos</strong></span> <span class='ocrx_word' id='word_1_437' title='bbox 2536 2987 2816 3047; x_wconf 82' lang='lat' dir='ltr'><strong>intendere</strong></span> <span class='ocrx_word' id='word_1_438' title='bbox 2859 2994 3045 3063; x_wconf 89' lang='lat' dir='ltr'><strong>probis</strong></span> <span class='ocrx_word' id='word_1_439' title='bbox 3063 2961 3312 3055; x_wconf 74' lang='lat' dir='ltr'><strong>moribus</strong></span> <span class='ocrx_word' id='word_1_440' title='bbox 3363 2992 3704 3052; x_wconf 68' lang='lat' dir='ltr'><strong>invenimus.</strong></span> 
     </span>
    </p>
   </div>
   <div class='ocr_carea' id='block_1_50' title="bbox 427 3325 2006 3412">
    <p class='ocr_par' dir='ltr' id='par_1_50' title="bbox 427 3325 2006 3412">
     <span class='ocr_line' id='line_1_50' title="bbox 427 3325 2006 3412; baseline 0.011 -32"><span class='ocrx_word' id='word_1_441' title='bbox 427 3325 558 3381; x_wconf 88' lang='lat' dir='ltr'><strong>viris</strong></span> <span class='ocrx_word' id='word_1_442' title='bbox 586 3326 934 3397; x_wconf 86' lang='lat' dir='ltr'><strong>prudentibus</strong></span> <span class='ocrx_word' id='word_1_443' title='bbox 974 3331 1312 3403; x_wconf 75' lang='lat' dir='ltr'><strong>adjuvantur.</strong></span> <span class='ocrx_word' id='word_1_444' title='bbox 1348 3336 1543 3394; x_wconf 82' lang='lat' dir='ltr'><strong>Redite</strong></span> <span class='ocrx_word' id='word_1_445' title='bbox 1574 3353 1711 3410; x_wconf 83' lang='lat' dir='ltr'><strong>ergo</strong></span> <span class='ocrx_word' id='word_1_446' title='bbox 1741 3342 1801 3396; x_wconf 67' lang='lat' dir='ltr'><strong>in</strong></span> <span class='ocrx_word' id='word_1_447' title='bbox 1825 3343 2006 3412; x_wconf 81' lang='lat' dir='ltr'><strong>pristi-</strong></span> 
     </span>
    </p>
   </div>
   <div class='ocr_carea' id='block_1_51' title="bbox 425 3417 2007 3505">
    <p class='ocr_par' dir='ltr' id='par_1_51' title="bbox 425 3417 2007 3505">
     <span class='ocr_line' id='line_1_51' title="bbox 425 3417 2007 3505; baseline 0.015 -37"><span class='ocrx_word' id='word_1_448' title='bbox 425 3429 551 3470; x_wconf 89' lang='lat' dir='ltr'><strong>nam</strong></span> <span class='ocrx_word' id='word_1_449' title='bbox 595 3417 968 3487; x_wconf 83' lang='lat' dir='ltr'><strong>devotionem,</strong></span> <span class='ocrx_word' id='word_1_450' title='bbox 1006 3432 1069 3478; x_wconf 87' lang='lat' dir='ltr'><strong>ut</strong></span> <span class='ocrx_word' id='word_1_451' title='bbox 1103 3425 1492 3484; x_wconf 84' lang='lat' dir='ltr'><strong>sollicitudines</strong></span> <span class='ocrx_word' id='word_1_452' title='bbox 1538 3445 1698 3499; x_wconf 65' lang='lat' dir='ltr'><strong>mete,</strong></span> <span class='ocrx_word' id='word_1_453' title='bbox 1733 3446 1871 3502; x_wconf 85' lang='lat' dir='ltr'><strong>quas</strong></span> <span class='ocrx_word' id='word_1_454' title='bbox 1906 3449 2007 3505; x_wconf 82' lang='lat' dir='ltr'><strong>pro</strong></span> 
     </span>
    </p>
   </div>
   <div class='ocr_carea' id='block_1_52' title="bbox 424 3509 2006 3597">
    <p class='ocr_par' dir='ltr' id='par_1_52' title="bbox 424 3509 2006 3597">
     <span class='ocr_line' id='line_1_52' title="bbox 424 3509 2006 3597; baseline 0.015 -36"><span class='ocrx_word' id='word_1_455' title='bbox 424 3509 777 3597; x_wconf 83' lang='lat' dir='ltr'><strong>generalitate</strong></span> <span class='ocrx_word' id='word_1_456' title='bbox 802 3516 1069 3585; x_wconf 63' lang='lat' dir='ltr'><strong>maneo,</strong></span> <span class='ocrx_word' id='word_1_457' title='bbox 1091 3530 1279 3575; x_wconf 81' lang='lat' dir='ltr'><strong>vestro</strong></span> <span class='ocrx_word' id='word_1_458' title='bbox 1300 3523 1481 3592; x_wconf 89' lang='lat' dir='ltr'><strong>potius</strong></span> <span class='ocrx_word' id='word_1_459' title='bbox 1506 3523 1834 3594; x_wconf 54' lang='lat' dir='ltr'><strong>admirentur</strong></span> <span class='ocrx_word' id='word_1_460' title='bbox 1857 3528 2006 3597; x_wconf 75' lang='lat' dir='ltr'><strong>inge-</strong></span> 
     </span>
    </p>
   </div>
   <div class='ocr_carea' id='block_1_53' title="bbox 425 3594 2006 3688">
    <p class='ocr_par' dir='ltr' id='par_1_53' title="bbox 425 3594 2006 3688">
     <span class='ocr_line' id='line_1_53' title="bbox 425 3594 2006 3688; baseline 0.017 -39"><span class='ocrx_word' id='word_1_461' title='bbox 425 3594 555 3651; x_wconf 91' lang='lat' dir='ltr'><strong>nio:</strong></span> <span class='ocrx_word' id='word_1_462' title='bbox 586 3600 708 3668; x_wconf 87' lang='lat' dir='ltr'><strong>quia</strong></span> <span class='ocrx_word' id='word_1_463' title='bbox 737 3607 840 3659; x_wconf 92' lang='lat' dir='ltr'><strong>hoc</strong></span> <span class='ocrx_word' id='word_1_464' title='bbox 864 3606 1018 3663; x_wconf 86' lang='lat' dir='ltr'><strong>vobis</strong></span> <span class='ocrx_word' id='word_1_465' title='bbox 1043 3623 1258 3682; x_wconf 78' lang='lat' dir='ltr'><strong>semper</strong></span> <span class='ocrx_word' id='word_1_466' title='bbox 1284 3612 1501 3669; x_wconf 88' lang='lat' dir='ltr'><strong>insitum</strong></span> <span class='ocrx_word' id='word_1_467' title='bbox 1531 3613 1648 3683; x_wconf 79' lang='lat' dir='ltr'><strong>fuit,</strong></span> <span class='ocrx_word' id='word_1_468' title='bbox 1676 3594 2006 3688; x_wconf 81' lang='lat' dir='ltr'><strong>principibus</strong></span> 
     </span>
    </p>
   </div>
   <div class='ocr_carea' id='block_1_54' title="bbox 424 3688 2004 3777">
    <p class='ocr_par' dir='ltr' id='par_1_54' title="bbox 424 3688 2004 3777">
     <span class='ocr_line' id='line_1_54' title="bbox 424 3688 2004 3777; baseline 0.019 -39"><span class='ocrx_word' id='word_1_469' title='bbox 424 3688 621 3743; x_wconf 88' lang='lat' dir='ltr'><strong>vestris</strong></span> <span class='ocrx_word' id='word_1_470' title='bbox 657 3700 842 3751; x_wconf 89' lang='lat' dir='ltr'><strong>votum</strong></span> <span class='ocrx_word' id='word_1_471' title='bbox 885 3698 1132 3766; x_wconf 86' lang='lat' dir='ltr'><strong>puritatis</strong></span> <span class='ocrx_word' id='word_1_472' title='bbox 1167 3698 1388 3771; x_wconf 67' lang='lat' dir='ltr'><strong>olferre;</strong></span> <span class='ocrx_word' id='word_1_473' title='bbox 1418 3720 1519 3762; x_wconf 92' lang='lat' dir='ltr'><strong>nec</strong></span> <span class='ocrx_word' id='word_1_474' title='bbox 1548 3722 1740 3777; x_wconf 87' lang='lat' dir='ltr'><strong>parere</strong></span> <span class='ocrx_word' id='word_1_475' title='bbox 1768 3712 2004 3767; x_wconf 87' lang='lat' dir='ltr'><strong>necessi-</strong></span> 
     </span>
    </p>
   </div>
   <div class='ocr_carea' id='block_1_55' title="bbox 426 3782 2003 3872">
    <p class='ocr_par' dir='ltr' id='par_1_55' title="bbox 426 3782 2003 3872">
     <span class='ocr_line' id='line_1_55' title="bbox 426 3782 2003 3872; baseline 0.018 -43"><span class='ocrx_word' id='word_1_476' title='bbox 426 3782 538 3832; x_wconf 88' lang='lat' dir='ltr'><strong>tate</strong></span> <span class='ocrx_word' id='word_1_477' title='bbox 566 3782 804 3849; x_wconf 85' lang='lat' dir='ltr'><strong>terroris,</strong></span> <span class='ocrx_word' id='word_1_478' title='bbox 840 3786 937 3842; x_wconf 82' lang='lat' dir='ltr'><strong>sed</strong></span> <span class='ocrx_word' id='word_1_479' title='bbox 963 3789 1151 3860; x_wconf 79' lang='lat' dir='ltr'><strong>potius</strong></span> <span class='ocrx_word' id='word_1_480' title='bbox 1185 3807 1370 3849; x_wconf 85' lang='lat' dir='ltr'><strong>amore</strong></span> <span class='ocrx_word' id='word_1_481' title='bbox 1396 3795 1739 3855; x_wconf 87' lang='lat' dir='ltr'><strong>dominantis.</strong></span> <span class='ocrx_word' id='word_1_482' title='bbox 1777 3798 2003 3872; x_wconf 78' lang='lat' dir='ltr'><strong>Reliqua</strong></span> 
     </span>
    </p>
   </div>
   <div class='ocr_carea' id='block_1_56' title="bbox 424 3870 2008 3950">
    <p class='ocr_par' dir='ltr' id='par_1_56' title="bbox 424 3870 2008 3950">
     <span class='ocr_line' id='line_1_56' title="bbox 424 3870 2008 3950; baseline 0.017 -27"><span class='ocrx_word' id='word_1_483' title='bbox 424 3882 524 3939; x_wconf 87' lang='lat' dir='ltr'><strong>per</strong></span> <span class='ocrx_word' id='word_1_484' title='bbox 548 3870 700 3928; x_wconf 78' lang='lat' dir='ltr'><strong>illum</strong></span> <span class='ocrx_word' id='word_1_485' title='bbox 722 3875 915 3933; x_wconf 77' lang='lat' dir='ltr'><strong>barum</strong></span> <span class='ocrx_word' id='word_1_486' title='bbox 944 3882 1262 3950; x_wconf 79' lang='lat' dir='ltr'><strong>portitorem</strong></span> <span class='ocrx_word' id='word_1_487' title='bbox 1289 3886 1458 3942; x_wconf 87' lang='lat' dir='ltr'><strong>verbo</strong></span> <span class='ocrx_word' id='word_1_488' title='bbox 1481 3888 1713 3945; x_wconf 84' lang='lat' dir='ltr'><strong>dicenda</strong></span> <span class='ocrx_word' id='word_1_489' title='bbox 1733 3870 2008 3949; x_wconf 77' lang='lat' dir='ltr'><strong>commisi-</strong></span> 
     </span>
    </p>
   </div>
   <div class='ocr_carea' id='block_1_57' title="bbox 423 3967 2005 4052">
    <p class='ocr_par' dir='ltr' id='par_1_57' title="bbox 423 3967 2005 4052">
     <span class='ocr_line' id='line_1_57' title="bbox 423 3967 2005 4052; baseline 0.016 -36"><span class='ocrx_word' id='word_1_490' title='bbox 423 3974 575 4052; x_wconf 84' lang='lat' dir='ltr'><strong>mus,</strong></span> <span class='ocrx_word' id='word_1_491' title='bbox 614 3972 679 4020; x_wconf 85' lang='lat' dir='ltr'><strong>ut</strong></span> <span class='ocrx_word' id='word_1_492' title='bbox 719 3967 984 4027; x_wconf 74' lang='lat' dir='ltr'><strong>stibmotis</strong></span> <span class='ocrx_word' id='word_1_493' title='bbox 1023 3973 1438 4041; x_wconf 67' lang='lat' dir='ltr'><strong>cogitationibus</strong></span> <span class='ocrx_word' id='word_1_494' title='bbox 1480 3979 1763 4052; x_wconf 82' lang='lat' dir='ltr'><strong>ambiguis,</strong></span> <span class='ocrx_word' id='word_1_495' title='bbox 1806 3986 2005 4042; x_wconf 90' lang='lat' dir='ltr'><strong>nostris</strong></span> 
     </span>
    </p>
   </div>
   <div class='ocr_carea' id='block_1_58' title="bbox 424 4051 1410 4123">
    <p class='ocr_par' dir='ltr' id='par_1_58' title="bbox 424 4051 1410 4123">
     <span class='ocr_line' id='line_1_58' title="bbox 424 4051 1410 4123; baseline 0.014 -15"><span class='ocrx_word' id='word_1_496' title='bbox 424 4051 878 4116; x_wconf 86' lang='lat' dir='ltr'><strong>admonitionibus</strong></span> <span class='ocrx_word' id='word_1_497' title='bbox 902 4063 1122 4119; x_wconf 90' lang='lat' dir='ltr'><strong>credere</strong></span> <span class='ocrx_word' id='word_1_498' title='bbox 1149 4064 1410 4123; x_wconf 88' lang='lat' dir='ltr'><strong>debeatis.</strong></span> 
     </span>
    </p>
   </div>
   <div class='ocr_carea' id='block_1_59' title="bbox 965 4194 1468 4257">
    <p class='ocr_par' dir='ltr' id='par_1_59' title="bbox 965 4194 1468 4257">
     <span class='ocr_line' id='line_1_59' title="bbox 965 4194 1468 4257; baseline 0.012 -8"><span class='ocrx_word' id='word_1_499' title='bbox 965 4194 1295 4253; x_wconf 76' lang='lat' dir='ltr'><strong>EPISTOLA</strong></span> <span class='ocrx_word' id='word_1_500' title='bbox 1329 4198 1468 4257; x_wconf 73' lang='lat' dir='ltr'><strong>XN.</strong></span> 
     </span>
    </p>
   </div>
   <div class='ocr_carea' id='block_1_60' title="bbox 689 4300 1726 4359">
    <p class='ocr_par' dir='ltr' id='par_1_60' title="bbox 689 4300 1726 4359">
     <span class='ocr_line' id='line_1_60' title="bbox 689 4300 1726 4359; baseline 0.015 -19"><span class='ocrx_word' id='word_1_501' title='bbox 689 4300 894 4345; x_wconf 69' lang='grc' dir='ltr'><strong>ιιοιιιιιο</strong></span> <span class='ocrx_word' id='word_1_502' title='bbox 928 4303 1140 4345; x_wconf 72' lang='grc' dir='ltr'><strong>ιιοιωω</strong></span> <span class='ocrx_word' id='word_1_503' title='bbox 1177 4307 1556 4359; x_wconf 65' lang='grc' dir='ltr'><strong>τηεοωιιηυε</strong></span> <span class='ocrx_word' id='word_1_504' title='bbox 1589 4313 1726 4356; x_wconf 68' lang='grc' dir='ltr'><strong>ιιι..</strong></span> 
     </span>
    </p>
   </div>
   <div class='ocr_carea' id='block_1_61' title="bbox 421 4367 2002 4460">
    <p class='ocr_par' dir='ltr' id='par_1_61' title="bbox 421 4367 2002 4460">
     <span class='ocr_line' id='line_1_61' title="bbox 421 4367 2002 4460; baseline 0.015 -36"><span class='ocrx_word' id='word_1_505' title='bbox 421 4367 680 4442; x_wconf 77' lang='grc' dir='ltr'><strong>Ροριιιιιηι</strong></span> <span class='ocrx_word' id='word_1_506' title='bbox 715 4374 786 4427; x_wconf 82' lang='lat' dir='ltr'><strong>ad</strong></span> <span class='ocrx_word' id='word_1_507' title='bbox 811 4375 968 4444; x_wconf 72' lang='lat' dir='ltr'><strong>fidem</strong></span> <span class='ocrx_word' id='word_1_508' title='bbox 1009 4380 1120 4449; x_wconf 79' lang='lat' dir='ltr'><strong>regi</strong></span> <span class='ocrx_word' id='word_1_509' title='bbox 1135 4383 1450 4460; x_wconf 52' lang='lat' dir='ltr'><strong>seruandum</strong></span> <span class='ocrx_word' id='word_1_510' title='bbox 1477 4394 1530 4439; x_wconf 81' lang='lat' dir='ltr'><strong>et</strong></span> <span class='ocrx_word' id='word_1_511' title='bbox 1555 4386 1627 4441; x_wconf 86' lang='lat' dir='ltr'><strong>ad</strong></span> <span class='ocrx_word' id='word_1_512' title='bbox 1655 4387 2002 4460; x_wconf 70' lang='lat' dir='ltr'><strong>objiciendus:</strong></span> 
     </span>
    </p>
   </div>
   <div class='ocr_carea' id='block_1_62' title="bbox 789 4449 1619 4516">
    <p class='ocr_par' dir='ltr' id='par_1_62' title="bbox 789 4449 1619 4516">
     <span class='ocr_line' id='line_1_62' title="bbox 789 4449 1619 4516; baseline 0.019 -20"><span class='ocrx_word' id='word_1_513' title='bbox 789 4461 976 4499; x_wconf 80' lang='lat' dir='ltr'><strong>vanam</strong></span> <span class='ocrx_word' id='word_1_514' title='bbox 1003 4449 1343 4516; x_wconf 77' lang='lat' dir='ltr'><strong>suspicionem</strong></span> <span class='ocrx_word' id='word_1_515' title='bbox 1366 4453 1619 4513; x_wconf 81' lang='lat' dir='ltr'><strong>hortatur.</strong></span> 
     </span>
    </p>
   </div>
   <div class='ocr_carea' id='block_1_63' title="bbox 491 4527 1998 4620">
    <p class='ocr_par' dir='ltr' id='par_1_63' title="bbox 491 4527 1998 4620">
     <span class='ocr_line' id='line_1_63' title="bbox 491 4527 1998 4620; baseline 0.02 -38"><span class='ocrx_word' id='word_1_516' title='bbox 491 4527 643 4585; x_wconf 84' lang='lat' dir='ltr'><strong>Licet</strong></span> <span class='ocrx_word' id='word_1_517' title='bbox 661 4532 817 4588; x_wconf 88' lang='lat' dir='ltr'><strong>vobis</strong></span> <span class='ocrx_word' id='word_1_518' title='bbox 830 4533 899 4588; x_wconf 91' lang='lat' dir='ltr'><strong>sit</strong></span> <span class='ocrx_word' id='word_1_519' title='bbox 925 4535 1142 4592; x_wconf 91' lang='lat' dir='ltr'><strong>insitum</strong></span> <span class='ocrx_word' id='word_1_520' title='bbox 1170 4539 1416 4599; x_wconf 89' lang='lat' dir='ltr'><strong>dominos</strong></span> <span class='ocrx_word' id='word_1_521' title='bbox 1427 4558 1637 4604; x_wconf 85' lang='lat' dir='ltr'><strong>vestros</strong></span> <span class='ocrx_word' id='word_1_522' title='bbox 1663 4565 1799 4620; x_wconf 88' lang='lat' dir='ltr'><strong>pura</strong></span> <span class='ocrx_word' id='word_1_523' title='bbox 1817 4564 1998 4612; x_wconf 87' lang='lat' dir='ltr'><strong>mente</strong></span> 
     </span>
    </p>
   </div>
   <div class='ocr_carea' id='block_1_64' title="bbox 418 4615 1999 4707">
    <p class='ocr_par' dir='ltr' id='par_1_64' title="bbox 418 4615 1999 4707">
     <span class='ocr_line' id='line_1_64' title="bbox 418 4615 1999 4707; baseline 0.02 -37"><span class='ocrx_word' id='word_1_524' title='bbox 418 4615 661 4686; x_wconf 87' lang='lat' dir='ltr'><strong>diligere,</strong></span> <span class='ocrx_word' id='word_1_525' title='bbox 684 4628 741 4675; x_wconf 89' lang='lat' dir='ltr'><strong>et</strong></span> <span class='ocrx_word' id='word_1_526' title='bbox 768 4622 1040 4694; x_wconf 88' lang='lat' dir='ltr'><strong>obsequiis</strong></span> <span class='ocrx_word' id='word_1_527' title='bbox 1068 4627 1122 4683; x_wconf 92' lang='lat' dir='ltr'><strong>id</strong></span> <span class='ocrx_word' id='word_1_528' title='bbox 1150 4643 1328 4700; x_wconf 89' lang='lat' dir='ltr'><strong>agere,</strong></span> <span class='ocrx_word' id='word_1_529' title='bbox 1371 4615 1730 4707; x_wconf 75' lang='lat' dir='ltr'><strong>ut,regnantis</strong></span> <span class='ocrx_word' id='word_1_530' title='bbox 1759 4643 1999 4701; x_wconf 86' lang='lat' dir='ltr'><strong>animum</strong></span> 
     </span>
    </p>
   </div>
   <div class='ocr_carea' id='block_1_65' title="bbox 417 4713 1997 4810">
    <p class='ocr_par' dir='ltr' id='par_1_65' title="bbox 417 4713 1997 4810">
     <span class='ocr_line' id='line_1_65' title="bbox 417 4713 1997 4810; baseline 0.023 -47"><span class='ocrx_word' id='word_1_531' title='bbox 417 4713 635 4782; x_wconf 89' lang='lat' dir='ltr'><strong>possitis</strong></span> <span class='ocrx_word' id='word_1_532' title='bbox 674 4713 877 4773; x_wconf 88' lang='lat' dir='ltr'><strong>habere</strong></span> <span class='ocrx_word' id='word_1_533' title='bbox 924 4720 1246 4790; x_wconf 80' lang='lat' dir='ltr'><strong>placabilem</strong></span> <span class='ocrx_word' id='word_1_534' title='bbox 1282 4745 1298 4781; x_wconf 90' lang='lat'><strong>:</strong></span> <span class='ocrx_word' id='word_1_535' title='bbox 1350 4729 1457 4787; x_wconf 89' lang='lat' dir='ltr'><strong>hoc</strong></span> <span class='ocrx_word' id='word_1_536' title='bbox 1503 4741 1680 4790; x_wconf 85' lang='lat' dir='ltr'><strong>tamen</strong></span> <span class='ocrx_word' id='word_1_537' title='bbox 1729 4739 1997 4810; x_wconf 63' lang='lat' dir='ltr'><strong>maiorum</strong></span> 
     </span>
    </p>
   </div>
   <div class='ocr_carea' id='block_1_66' title="bbox 416 4813 1997 4896">
    <p class='ocr_par' dir='ltr' id='par_1_66' title="bbox 416 4813 1997 4896">
     <span class='ocr_line' id='line_1_66' title="bbox 416 4813 1997 4896; baseline 0.02 -39"><span class='ocrx_word' id='word_1_538' title='bbox 416 4813 717 4861; x_wconf 84' lang='lat' dir='ltr'><strong>vestrorum</strong></span> <span class='ocrx_word' id='word_1_539' title='bbox 745 4823 959 4881; x_wconf 88' lang='lat' dir='ltr'><strong>semper</strong></span> <span class='ocrx_word' id='word_1_540' title='bbox 984 4815 1259 4886; x_wconf 89' lang='lat' dir='ltr'><strong>proprium</strong></span> <span class='ocrx_word' id='word_1_541' title='bbox 1288 4816 1407 4889; x_wconf 78' lang='lat' dir='ltr'><strong>fuit,</strong></span> <span class='ocrx_word' id='word_1_542' title='bbox 1438 4829 1499 4877; x_wconf 90' lang='lat' dir='ltr'><strong>ut</strong></span> <span class='ocrx_word' id='word_1_543' title='bbox 1535 4832 1798 4896; x_wconf 66' lang='lat' dir='ltr'><strong>tantulam</strong></span> <span class='ocrx_word' id='word_1_544' title='bbox 1821 4846 1997 4887; x_wconf 83' lang='lat' dir='ltr'><strong>mem-</strong></span> 
     </span>
    </p>
   </div>
   <div class='ocr_carea' id='block_1_67' title="bbox 416 4892 1988 4992">
    <p class='ocr_par' dir='ltr' id='par_1_67' title="bbox 416 4892 1988 4992">
     <span class='ocr_line' id='line_1_67' title="bbox 416 4892 1988 4992; baseline 0.019 -45"><span class='ocrx_word' id='word_1_545' title='bbox 416 4892 514 4992; x_wconf 69' lang='lat' dir='ltr'><strong>bra</strong></span> <span class='ocrx_word' id='word_1_546' title='bbox 542 4898 726 4992; x_wconf 85' lang='lat' dir='ltr'><strong>capiti,</strong></span> <span class='ocrx_word' id='word_1_547' title='bbox 767 4900 841 4955; x_wconf 88' lang='lat' dir='ltr'><strong>ita</strong></span> <span class='ocrx_word' id='word_1_548' title='bbox 893 4904 1005 4959; x_wconf 89' lang='lat' dir='ltr'><strong>suis</strong></span> <span class='ocrx_word' id='word_1_549' title='bbox 1044 4907 1373 4978; x_wconf 89' lang='lat' dir='ltr'><strong>principibus</strong></span> <span class='ocrx_word' id='word_1_550' title='bbox 1393 4892 1704 4972; x_wconf 76' lang='lat' dir='ltr'><strong>viderentur</strong></span> <span class='ocrx_word' id='word_1_551' title='bbox 1746 4918 1988 4992; x_wconf 87' lang='lat' dir='ltr'><strong>adjungi.</strong></span> 
     </span>
    </p>
   </div>
   <div class='ocr_carea' id='block_1_68' title="bbox 416 4984 1993 5075">
    <p class='ocr_par' dir='ltr' id='par_1_68' title="bbox 416 4984 1993 5075">
     <span class='ocr_line' id='line_1_68' title="bbox 416 4984 1993 5075; baseline 0.018 -35"><span class='ocrx_word' id='word_1_552' title='bbox 416 4984 588 5056; x_wconf 81' lang='lat' dir='ltr'><strong>Quam</strong></span> <span class='ocrx_word' id='word_1_553' title='bbox 615 4990 759 5046; x_wconf 84' lang='lat' dir='ltr'><strong>enim</strong></span> <span class='ocrx_word' id='word_1_554' title='bbox 788 4992 1207 5053; x_wconf 64' lang='lat' dir='ltr'><strong>vicissitudinem</strong></span> <span class='ocrx_word' id='word_1_555' title='bbox 1251 5000 1463 5070; x_wconf 73' lang='lat' dir='ltr'><strong>reddat,</strong></span> <span class='ocrx_word' id='word_1_556' title='bbox 1508 5007 1602 5075; x_wconf 80' lang='lat' dir='ltr'><strong>qui</strong></span> <span class='ocrx_word' id='word_1_557' title='bbox 1649 4984 1889 5067; x_wconf 67' lang='lat' dir='ltr'><strong>maximo</strong></span> <span class='ocrx_word' id='word_1_558' title='bbox 1915 4984 1993 5067; x_wconf 72' lang='lat' dir='ltr'><strong>la-</strong></span> 
     </span>
    </p>
   </div>
   <div class='ocr_carea' id='block_1_69' title="bbox 412 5076 1990 5164">
    <p class='ocr_par' dir='ltr' id='par_1_69' title="bbox 412 5076 1990 5164">
     <span class='ocr_line' id='line_1_69' title="bbox 412 5076 1990 5164; baseline 0.018 -33"><span class='ocrx_word' id='word_1_559' title='bbox 412 5076 547 5133; x_wconf 89' lang='lat' dir='ltr'><strong>bore</strong></span> <span class='ocrx_word' id='word_1_560' title='bbox 572 5078 907 5151; x_wconf 80' lang='lat' dir='ltr'><strong>defenditur,</strong></span> <span class='ocrx_word' id='word_1_561' title='bbox 939 5086 1089 5156; x_wconf 59' lang='lat' dir='ltr'><strong>cuius</strong></span> <span class='ocrx_word' id='word_1_562' title='bbox 1117 5104 1223 5160; x_wconf 81' lang='lat' dir='ltr'><strong>per</strong></span> <span class='ocrx_word' id='word_1_563' title='bbox 1241 5090 1359 5147; x_wconf 83' lang='lat' dir='ltr'><strong>dies</strong></span> <span class='ocrx_word' id='word_1_564' title='bbox 1381 5094 1621 5164; x_wconf 84' lang='lat' dir='ltr'><strong>singulos</strong></span> <span class='ocrx_word' id='word_1_565' title='bbox 1642 5099 1870 5156; x_wconf 76' lang='lat' dir='ltr'><strong>civilitas</strong></span> <span class='ocrx_word' id='word_1_566' title='bbox 1894 5117 1990 5157; x_wconf 84' lang='lat' dir='ltr'><strong>cu-</strong></span> 
     </span>
    </p>
   </div>
   <div class='ocr_carea' id='block_1_70' title="bbox 411 5170 1995 5264">
    <p class='ocr_par' dir='ltr' id='par_1_70' title="bbox 411 5170 1995 5264">
     <span class='ocr_line' id='line_1_70' title="bbox 411 5170 1995 5264; baseline 0.018 -41"><span class='ocrx_word' id='word_1_567' title='bbox 411 5170 661 5241; x_wconf 80' lang='lat' dir='ltr'><strong>stoditur,</strong></span> <span class='ocrx_word' id='word_1_568' title='bbox 691 5174 799 5231; x_wconf 83' lang='lat' dir='ltr'><strong>nisi</strong></span> <span class='ocrx_word' id='word_1_569' title='bbox 817 5184 876 5232; x_wconf 82' lang='lat' dir='ltr'><strong>ut</strong></span> <span class='ocrx_word' id='word_1_570' title='bbox 901 5177 1033 5234; x_wconf 89' lang='lat' dir='ltr'><strong>illos.</strong></span> <span class='ocrx_word' id='word_1_571' title='bbox 1059 5180 1247 5250; x_wconf 67' lang='lat' dir='ltr'><strong>dﬂigat</strong></span> <span class='ocrx_word' id='word_1_572' title='bbox 1289 5199 1457 5255; x_wconf 72' lang='lat' dir='ltr'><strong>stipes</strong></span> <span class='ocrx_word' id='word_1_573' title='bbox 1503 5189 1703 5257; x_wconf 83' lang='lat' dir='ltr'><strong>omnia,</strong></span> <span class='ocrx_word' id='word_1_574' title='bbox 1731 5206 1831 5261; x_wconf 88' lang='lat' dir='ltr'><strong>per</strong></span> <span class='ocrx_word' id='word_1_575' title='bbox 1856 5206 1995 5264; x_wconf 85' lang='lat' dir='ltr'><strong>quos</strong></span> 
     </span>
    </p>
   </div>
   <div class='ocr_carea' id='block_1_71' title="bbox 412 5259 1993 5354">
    <p class='ocr_par' dir='ltr' id='par_1_71' title="bbox 412 5259 1993 5354">
     <span class='ocr_line' id='line_1_71' title="bbox 412 5259 1993 5354; baseline 0.017 -40"><span class='ocrx_word' id='word_1_576' title='bbox 412 5259 611 5318; x_wconf 83' lang='lat' dir='ltr'><strong>habere</strong></span> <span class='ocrx_word' id='word_1_577' title='bbox 631 5266 897 5334; x_wconf 86' lang='lat' dir='ltr'><strong>probatur</strong></span> <span class='ocrx_word' id='word_1_578' title='bbox 928 5271 1175 5327; x_wconf 86' lang='lat' dir='ltr'><strong>universa</strong></span> <span class='ocrx_word' id='word_1_579' title='bbox 1224 5270 1391 5347; x_wconf 62' lang='grc' dir='ltr'><strong>[Λα.</strong></span> <span class='ocrx_word' id='word_1_580' title='bbox 1447 5276 1707 5336; x_wconf 88' lang='lat' dir='ltr'><strong>immensa</strong></span> <span class='ocrx_word' id='word_1_581' title='bbox 1838 5259 1993 5340; x_wconf 81' lang='lat' dir='ltr'><strong>Absit</strong></span> 
     </span>
    </p>
   </div>
   <div class='ocr_carea' id='block_1_72' title="bbox 410 5353 1991 5444">
    <p class='ocr_par' dir='ltr' id='par_1_72' title="bbox 410 5353 1991 5444">
     <span class='ocr_line' id='line_1_72' title="bbox 410 5353 1991 5444; baseline 0.016 -37"><span class='ocrx_word' id='word_1_582' title='bbox 410 5353 552 5408; x_wconf 89' lang='lat' dir='ltr'><strong>enim</strong></span> <span class='ocrx_word' id='word_1_583' title='bbox 581 5369 613 5410; x_wconf 89' lang='lat' dir='ltr'><strong>a</strong></span> <span class='ocrx_word' id='word_1_584' title='bbox 643 5360 974 5432; x_wconf 85' lang='lat' dir='ltr'><strong>temporibus</strong></span> <span class='ocrx_word' id='word_1_585' title='bbox 1020 5364 1231 5421; x_wconf 85' lang='lat' dir='ltr'><strong>nostris</strong></span> <span class='ocrx_word' id='word_1_586' title='bbox 1267 5374 1330 5421; x_wconf 86' lang='lat' dir='ltr'><strong>ut</strong></span> <span class='ocrx_word' id='word_1_587' title='bbox 1362 5367 1423 5422; x_wconf 86' lang='lat' dir='ltr'><strong>in</strong></span> <span class='ocrx_word' id='word_1_588' title='bbox 1444 5369 1605 5427; x_wconf 85' lang='lat' dir='ltr'><strong>vobis</strong></span> <span class='ocrx_word' id='word_1_589' title='bbox 1637 5353 1838 5444; x_wconf 77' lang='lat' dir='ltr'><strong>aliquid</strong></span> <span class='ocrx_word' id='word_1_590' title='bbox 1885 5376 1991 5432; x_wconf 80' lang='lat' dir='ltr'><strong>tale</strong></span> 
     </span>
    </p>
   </div>
   <div class='ocr_carea' id='block_1_73' title="bbox 2105 3346 3240 3416">
    <p class='ocr_par' dir='ltr' id='par_1_73' title="bbox 2105 3346 3240 3416">
     <span class='ocr_line' id='line_1_73' title="bbox 2105 3346 3240 3416; baseline 0.014 -16"><span class='ocrx_word' id='word_1_591' title='bbox 2105 3346 2353 3404; x_wconf 84' lang='lat' dir='ltr'><strong>oratione</strong></span> <span class='ocrx_word' id='word_1_592' title='bbox 2380 3348 2593 3407; x_wconf 82' lang='lat' dir='ltr'><strong>sincera</strong></span> <span class='ocrx_word' id='word_1_593' title='bbox 2616 3351 2796 3409; x_wconf 85' lang='lat' dir='ltr'><strong>devoti</strong></span> <span class='ocrx_word' id='word_1_594' title='bbox 2824 3369 2951 3413; x_wconf 86' lang='lat' dir='ltr'><strong>esse</strong></span> <span class='ocrx_word' id='word_1_595' title='bbox 2980 3356 3240 3416; x_wconf 85' lang='lat' dir='ltr'><strong>debeatis.</strong></span> 
     </span>
    </p>
   </div>
   <div class='ocr_carea' id='block_1_74' title="bbox 2656 3503 3141 3569">
    <p class='ocr_par' dir='ltr' id='par_1_74' title="bbox 2656 3503 3141 3569">
     <span class='ocr_line' id='line_1_74' title="bbox 2656 3503 3141 3569; baseline 0.021 -10"><span class='ocrx_word' id='word_1_596' title='bbox 2656 3503 2995 3564; x_wconf 74' lang='lat' dir='ltr'><strong>EPISTOLA</strong></span> <span class='ocrx_word' id='word_1_597' title='bbox 3026 3509 3141 3569; x_wconf 76' lang='lat' dir='ltr'><strong>XV.</strong></span> 
     </span>
    </p>
   </div>
   <div class='ocr_carea' id='block_1_75' title="bbox 2268 3608 3517 3666">
    <p class='ocr_par' dir='ltr' id='par_1_75' title="bbox 2268 3608 3517 3666">
     <span class='ocr_line' id='line_1_75' title="bbox 2268 3608 3517 3666; baseline 0.014 -17"><span class='ocrx_word' id='word_1_598' title='bbox 2268 3608 2572 3653; x_wconf 62' lang='lat' dir='ltr'><strong>WSTINIANO</strong></span> <span class='ocrx_word' id='word_1_599' title='bbox 2608 3608 2936 3658; x_wconf 58' lang='lat' dir='ltr'><strong>IMPERATORI</strong></span> <span class='ocrx_word' id='word_1_600' title='bbox 2970 3619 3355 3664; x_wconf 67' lang='lat' dir='ltr'><strong>TIEODAHLDUS</strong></span> <span class='ocrx_word' id='word_1_601' title='bbox 3389 3625 3517 3666; x_wconf 65' lang='grc' dir='ltr'><strong>κει.</strong></span> 
     </span>
    </p>
   </div>
   <div class='ocr_carea' id='block_1_76' title="bbox 2104 3680 3697 3762">
    <p class='ocr_par' dir='ltr' id='par_1_76' title="bbox 2104 3680 3697 3762">
     <span class='ocr_line' id='line_1_76' title="bbox 2104 3680 3697 3762; baseline 0.015 -25"><span class='ocrx_word' id='word_1_602' title='bbox 2104 3680 2173 3740; x_wconf 89' lang='lat' dir='ltr'><strong>Ei</strong></span> <span class='ocrx_word' id='word_1_603' title='bbox 2211 3687 2535 3762; x_wconf 71' lang='lat' dir='ltr'><strong>emendat</strong></span> <span class='ocrx_word' id='word_1_604' title='bbox 2558 3692 2835 3762; x_wconf 54' lang='lat' dir='ltr'><strong>quemdam</strong></span> <span class='ocrx_word' id='word_1_605' title='bbox 2852 3710 2949 3762; x_wconf 85' lang='lat' dir='ltr'><strong>pro</strong></span> <span class='ocrx_word' id='word_1_606' title='bbox 2975 3694 3227 3753; x_wconf 69' lang='lat' dir='ltr'><strong>Ecclesiae</strong></span> <span class='ocrx_word' id='word_1_607' title='bbox 3247 3699 3564 3758; x_wconf 75' lang='lat' dir='ltr'><strong>Itavennatis</strong></span> <span class='ocrx_word' id='word_1_608' title='bbox 3591 3722 3697 3761; x_wconf 79' lang='lat' dir='ltr'><strong>rre-</strong></span> 
     </span>
    </p>
   </div>
   <div class='ocr_carea' id='block_1_77' title="bbox 2423 3758 3361 3835">
    <p class='ocr_par' dir='ltr' id='par_1_77' title="bbox 2423 3758 3361 3835">
     <span class='ocr_line' id='line_1_77' title="bbox 2423 3758 3361 3835; baseline 0.014 -23"><span class='ocrx_word' id='word_1_609' title='bbox 2423 3758 2580 3828; x_wconf 62' lang='lat' dir='ltr'><strong>gotio&#39;</strong></span> <span class='ocrx_word' id='word_1_610' title='bbox 2602 3758 3106 3835; x_wconf 71' lang='lat' dir='ltr'><strong>Constantinopolim</strong></span> <span class='ocrx_word' id='word_1_611' title='bbox 3131 3770 3361 3824; x_wconf 65' lang='lat' dir='ltr'><strong>nussum.</strong></span> 
     </span>
    </p>
   </div>
   <div class='ocr_carea' id='block_1_78' title="bbox 2174 3866 3700 3955">
    <p class='ocr_par' dir='ltr' id='par_1_78' title="bbox 2174 3866 3700 3955">
     <span class='ocr_line' id='line_1_78' title="bbox 2174 3866 3700 3955; baseline 0.012 -31"><span class='ocrx_word' id='word_1_612' title='bbox 2174 3867 2399 3935; x_wconf 85' lang='lat' dir='ltr'><strong>Constat</strong></span> <span class='ocrx_word' id='word_1_613' title='bbox 2424 3866 2749 3929; x_wconf 80' lang='lat' dir='ltr'><strong>desiderium</strong></span> <span class='ocrx_word' id='word_1_614' title='bbox 2770 3885 2969 3933; x_wconf 65' lang='lat' dir='ltr'><strong>nostra</strong></span> <span class='ocrx_word' id='word_1_615' title='bbox 2986 3878 3280 3937; x_wconf 76' lang='lat' dir='ltr'><strong>voluntatis</strong></span> <span class='ocrx_word' id='word_1_616' title='bbox 3297 3882 3527 3953; x_wconf 74' lang='lat' dir='ltr'><strong>expiari,</strong></span> <span class='ocrx_word' id='word_1_617' title='bbox 3556 3899 3700 3955; x_wconf 57' lang='lat' dir='ltr'><strong>quo»</strong></span> 
     </span>
    </p>
   </div>
   <div class='ocr_carea' id='block_1_79' title="bbox 2104 3959 3698 4048">
    <p class='ocr_par' dir='ltr' id='par_1_79' title="bbox 2104 3959 3698 4048">
     <span class='ocr_line' id='line_1_79' title="bbox 2104 3959 3698 4048; baseline 0.014 -36"><span class='ocrx_word' id='word_1_618' title='bbox 2104 3959 2205 4015; x_wconf 89' lang='lat' dir='ltr'><strong>ties</strong></span> <span class='ocrx_word' id='word_1_619' title='bbox 2231 3960 2302 4015; x_wconf 90' lang='lat' dir='ltr'><strong>ad</strong></span> <span class='ocrx_word' id='word_1_620' title='bbox 2327 3962 2581 4032; x_wconf 87' lang='lat' dir='ltr'><strong>pietatem</strong></span> <span class='ocrx_word' id='word_1_621' title='bbox 2607 3975 2841 4023; x_wconf 84' lang='lat' dir='ltr'><strong>vestram</strong></span> <span class='ocrx_word' id='word_1_622' title='bbox 2868 3969 3171 4029; x_wconf 72' lang='lat' dir='ltr'><strong>salutiferos</strong></span> <span class='ocrx_word' id='word_1_623' title='bbox 3200 3974 3385 4044; x_wconf 81' lang='lat' dir='ltr'><strong>apices</strong></span> <span class='ocrx_word' id='word_1_624' title='bbox 3398 3978 3698 4048; x_wconf 83' lang='lat' dir='ltr'><strong>contigerit</strong></span> 
     </span>
    </p>
   </div>
   <div class='ocr_carea' id='block_1_80' title="bbox 2103 4050 3695 4141">
    <p class='ocr_par' dir='ltr' id='par_1_80' title="bbox 2103 4050 3695 4141">
     <span class='ocr_line' id='line_1_80' title="bbox 2103 4050 3695 4141; baseline 0.014 -36"><span class='ocrx_word' id='word_1_625' title='bbox 2103 4050 2382 4121; x_wconf 88' lang='lat' dir='ltr'><strong>destinari,</strong></span> <span class='ocrx_word' id='word_1_626' title='bbox 2431 4056 2565 4126; x_wconf 88' lang='lat' dir='ltr'><strong>quia</strong></span> <span class='ocrx_word' id='word_1_627' title='bbox 2603 4072 2819 4130; x_wconf 88' lang='lat' dir='ltr'><strong>semper</strong></span> <span class='ocrx_word' id='word_1_628' title='bbox 2863 4059 3005 4117; x_wconf 78' lang='lat' dir='ltr'><strong>felici</strong></span> <span class='ocrx_word' id='word_1_629' title='bbox 3058 4065 3253 4133; x_wconf 80' lang='lat' dir='ltr'><strong>gaudio</strong></span> <span class='ocrx_word' id='word_1_630' title='bbox 3282 4067 3547 4137; x_wconf 87' lang='lat' dir='ltr'><strong>repletur,</strong></span> <span class='ocrx_word' id='word_1_631' title='bbox 3592 4073 3695 4141; x_wconf 91' lang='lat' dir='ltr'><strong>qui</strong></span> 
     </span>
    </p>
   </div>
   <div class='ocr_carea' id='block_1_81' title="bbox 2102 4144 3698 4225">
    <p class='ocr_par' dir='ltr' id='par_1_81' title="bbox 2102 4144 3698 4225">
     <span class='ocr_line' id='line_1_81' title="bbox 2102 4144 3698 4225; baseline 0.015 -28"><span class='ocrx_word' id='word_1_632' title='bbox 2102 4144 2380 4200; x_wconf 88' lang='lat' dir='ltr'><strong>vobiscum</strong></span> <span class='ocrx_word' id='word_1_633' title='bbox 2406 4146 2615 4204; x_wconf 88' lang='lat' dir='ltr'><strong>sincera</strong></span> <span class='ocrx_word' id='word_1_634' title='bbox 2638 4159 2819 4208; x_wconf 88' lang='lat' dir='ltr'><strong>mente</strong></span> <span class='ocrx_word' id='word_1_635' title='bbox 2845 4153 3419 4225; x_wconf 67' lang='lat' dir='ltr'><strong>colloquitur.me</strong></span> <span class='ocrx_word' id='word_1_636' title='bbox 3447 4162 3698 4223; x_wconf 86' lang='lat' dir='ltr'><strong>salutans</strong></span> 
     </span>
    </p>
   </div>
   <div class='ocr_carea' id='block_1_82' title="bbox 2102 4234 3707 4319">
    <p class='ocr_par' dir='ltr' id='par_1_82' title="bbox 2102 4234 3707 4319">
     <span class='ocr_line' id='line_1_82' title="bbox 2102 4234 3707 4319; baseline 0.012 -29"><span class='ocrx_word' id='word_1_637' title='bbox 2102 4234 2442 4293; x_wconf 89' lang='lat' dir='ltr'><strong>clementiam</strong></span> <span class='ocrx_word' id='word_1_638' title='bbox 2474 4247 2709 4297; x_wconf 85' lang='lat' dir='ltr'><strong>vestram</strong></span> <span class='ocrx_word' id='word_1_639' title='bbox 2744 4241 3153 4302; x_wconf 78' lang='lat' dir='ltr'><strong>honoriﬁcentia</strong></span> <span class='ocrx_word' id='word_1_640' title='bbox 3196 4251 3544 4319; x_wconf 85' lang='lat' dir='ltr'><strong>competenti,</strong></span> <span class='ocrx_word' id='word_1_641' title='bbox 3587 4252 3707 4309; x_wconf 56' lang='lat' dir='ltr'><strong>hac</strong></span> 
     </span>
    </p>
   </div>
   <div class='ocr_carea' id='block_1_83' title="bbox 2101 4329 3693 4404">
    <p class='ocr_par' dir='ltr' id='par_1_83' title="bbox 2101 4329 3693 4404">
     <span class='ocr_line' id='line_1_83' title="bbox 2101 4329 3693 4404; baseline 0.013 -23"><span class='ocrx_word' id='word_1_642' title='bbox 2101 4341 2221 4382; x_wconf 91' lang='lat' dir='ltr'><strong>rum</strong></span> <span class='ocrx_word' id='word_1_643' title='bbox 2245 4329 2565 4399; x_wconf 86' lang='lat' dir='ltr'><strong>portitorem</strong></span> <span class='ocrx_word' id='word_1_644' title='bbox 2588 4347 2689 4402; x_wconf 87' lang='lat' dir='ltr'><strong>pro</strong></span> <span class='ocrx_word' id='word_1_645' title='bbox 2708 4336 2926 4404; x_wconf 84' lang='lat' dir='ltr'><strong>negotio</strong></span> <span class='ocrx_word' id='word_1_646' title='bbox 2955 4336 3282 4395; x_wconf 79' lang='lat' dir='ltr'><strong>Ravennatis</strong></span> <span class='ocrx_word' id='word_1_647' title='bbox 3310 4339 3566 4399; x_wconf 73' lang='lat' dir='ltr'><strong>Ecclesiae</strong></span> <span class='ocrx_word' id='word_1_648' title='bbox 3592 4361 3693 4402; x_wconf 85' lang='lat' dir='ltr'><strong>ve-</strong></span> 
     </span>
    </p>
   </div>
   <div class='ocr_carea' id='block_1_84' title="bbox 2024 4415 3690 4521">
    <p class='ocr_par' dir='ltr' id='par_1_84' title="bbox 2024 4415 3690 4521">
     <span class='ocr_line' id='line_1_84' title="bbox 2024 4415 3690 4521; baseline 0.016 -52"><span class='ocrx_word' id='word_1_649' title='bbox 2024 4415 2340 4521; x_wconf 75' lang='lat' dir='ltr'><strong>Dnientem</strong></span> <span class='ocrx_word' id='word_1_650' title='bbox 2400 4421 2702 4490; x_wconf 84' lang='lat' dir='ltr'><strong>gratissima</strong></span> <span class='ocrx_word' id='word_1_651' title='bbox 2749 4427 2909 4483; x_wconf 86' lang='lat' dir='ltr'><strong>vobis</strong></span> <span class='ocrx_word' id='word_1_652' title='bbox 2974 4430 3243 4500; x_wconf 88' lang='lat' dir='ltr'><strong>petitione</strong></span> <span class='ocrx_word' id='word_1_653' title='bbox 3290 4436 3612 4494; x_wconf 91' lang='lat' dir='ltr'><strong>commendo</strong></span> <span class='ocrx_word' id='word_1_654' title='bbox 3674 4460 3690 4496; x_wconf 90' lang='lat'>:</span> 
     </span>
    </p>
   </div>
   <div class='ocr_carea' id='block_1_85' title="bbox 2102 4510 3692 4593">
    <p class='ocr_par' dir='ltr' id='par_1_85' title="bbox 2102 4510 3692 4593">
     <span class='ocr_line' id='line_1_85' title="bbox 2102 4510 3692 4593; baseline 0.014 -30"><span class='ocrx_word' id='word_1_655' title='bbox 2102 4510 2317 4581; x_wconf 89' lang='lat' dir='ltr'><strong>quando</strong></span> <span class='ocrx_word' id='word_1_656' title='bbox 2365 4512 2488 4568; x_wconf 88' lang='lat' dir='ltr'><strong>talis</strong></span> <span class='ocrx_word' id='word_1_657' title='bbox 2524 4513 2747 4572; x_wconf 80' lang='lat' dir='ltr'><strong>oﬂ&#39;ertur</strong></span> <span class='ocrx_word' id='word_1_658' title='bbox 2790 4533 2949 4575; x_wconf 88' lang='lat' dir='ltr'><strong>causa</strong></span> <span class='ocrx_word' id='word_1_659' title='bbox 2997 4523 3304 4593; x_wconf 82' lang='lat' dir='ltr'><strong>praestandi,</strong></span> <span class='ocrx_word' id='word_1_660' title='bbox 3338 4524 3428 4580; x_wconf 92' lang='lat' dir='ltr'><strong>ubi</strong></span> <span class='ocrx_word' id='word_1_661' title='bbox 3474 4540 3692 4588; x_wconf 82' lang='lat' dir='ltr'><strong>merces</strong></span> 
     </span>
    </p>
   </div>
   <div class='ocr_carea' id='block_1_86' title="bbox 2100 4600 3687 4687">
    <p class='ocr_par' dir='ltr' id='par_1_86' title="bbox 2100 4600 3687 4687">
     <span class='ocr_line' id='line_1_86' title="bbox 2100 4600 3687 4687; baseline 0.012 -30"><span class='ocrx_word' id='word_1_662' title='bbox 2100 4600 2347 4659; x_wconf 88' lang='lat' dir='ltr'><strong>videatur</strong></span> <span class='ocrx_word' id='word_1_663' title='bbox 2370 4606 2593 4675; x_wconf 89' lang='lat' dir='ltr'><strong>acquiri,</strong></span> <span class='ocrx_word' id='word_1_664' title='bbox 2639 4622 2800 4678; x_wconf 87' lang='lat' dir='ltr'><strong>quam</strong></span> <span class='ocrx_word' id='word_1_665' title='bbox 2824 4626 2924 4666; x_wconf 89' lang='lat' dir='ltr'><strong>vos</strong></span> <span class='ocrx_word' id='word_1_666' title='bbox 2970 4609 3148 4668; x_wconf 82' lang='lat' dir='ltr'><strong>facere</strong></span> <span class='ocrx_word' id='word_1_667' title='bbox 3183 4628 3400 4684; x_wconf 89' lang='lat' dir='ltr'><strong>semper</strong></span> <span class='ocrx_word' id='word_1_668' title='bbox 3421 4625 3687 4687; x_wconf 80' lang='lat' dir='ltr'><strong>exoptant</strong></span> 
     </span>
    </p>
   </div>
   <div class='ocr_carea' id='block_1_87' title="bbox 2098 4694 3688 4770">
    <p class='ocr_par' dir='ltr' id='par_1_87' title="bbox 2098 4694 3688 4770">
     <span class='ocr_line' id='line_1_87' title="bbox 2098 4694 3688 4770; baseline 0.013 -23"><span class='ocrx_word' id='word_1_669' title='bbox 2098 4694 2191 4763; x_wconf 88' lang='lat' dir='ltr'><strong>qui</strong></span> <span class='ocrx_word' id='word_1_670' title='bbox 2229 4696 2574 4754; x_wconf 89' lang='lat' dir='ltr'><strong>serenitatem</strong></span> <span class='ocrx_word' id='word_1_671' title='bbox 2596 4708 2831 4755; x_wconf 86' lang='lat' dir='ltr'><strong>vestram</strong></span> <span class='ocrx_word' id='word_1_672' title='bbox 2868 4698 3063 4758; x_wconf 85' lang='lat' dir='ltr'><strong>ﬂorere</strong></span> <span class='ocrx_word' id='word_1_673' title='bbox 3102 4702 3425 4761; x_wconf 85' lang='lat' dir='ltr'><strong>desiderant.</strong></span> <span class='ocrx_word' id='word_1_674' title='bbox 3456 4707 3573 4764; x_wconf 89' lang='lat' dir='ltr'><strong>Non</strong></span> <span class='ocrx_word' id='word_1_675' title='bbox 3600 4722 3688 4770; x_wconf 86' lang='lat' dir='ltr'><strong>cst</strong></span> 
     </span>
    </p>
   </div>
   <div class='ocr_carea' id='block_1_88' title="bbox 2097 4785 3690 4869">
    <p class='ocr_par' dir='ltr' id='par_1_88' title="bbox 2097 4785 3690 4869">
     <span class='ocr_line' id='line_1_88' title="bbox 2097 4785 3690 4869; baseline 0.011 -29"><span class='ocrx_word' id='word_1_676' title='bbox 2097 4785 2241 4841; x_wconf 90' lang='lat' dir='ltr'><strong>enim</strong></span> <span class='ocrx_word' id='word_1_677' title='bbox 2266 4785 2483 4845; x_wconf 89' lang='lat' dir='ltr'><strong>dubium</strong></span> <span class='ocrx_word' id='word_1_678' title='bbox 2513 4789 2739 4846; x_wconf 90' lang='lat' dir='ltr'><strong>meliora</strong></span> <span class='ocrx_word' id='word_1_679' title='bbox 2768 4792 3029 4862; x_wconf 87' lang='lat' dir='ltr'><strong>recipere,</strong></span> <span class='ocrx_word' id='word_1_680' title='bbox 3060 4809 3197 4864; x_wconf 91' lang='lat' dir='ltr'><strong>quos</strong></span> <span class='ocrx_word' id='word_1_681' title='bbox 3235 4797 3499 4868; x_wconf 80' lang='lat' dir='ltr'><strong>contingit</strong></span> <span class='ocrx_word' id='word_1_682' title='bbox 3531 4798 3690 4869; x_wconf 75' lang='lat' dir='ltr'><strong>iusta</strong></span> 
     </span>
    </p>
   </div>
   <div class='ocr_carea' id='block_1_89' title="bbox 2094 4886 2368 4949">
    <p class='ocr_par' dir='ltr' id='par_1_89' title="bbox 2094 4886 2368 4949">
     <span class='ocr_line' id='line_1_89' title="bbox 2094 4886 2368 4949; baseline -0.004 -14"><span class='ocrx_word' id='word_1_683' title='bbox 2094 4886 2368 4949; x_wconf 69' lang='lat' dir='ltr'><strong>prmatare.</strong></span> 
     </span>
    </p>
   </div>
   <div class='ocr_carea' id='block_1_90' title="bbox 2474 5032 3221 5109">
    <p class='ocr_par' dir='ltr' id='par_1_90' title="bbox 2474 5032 3221 5109">
     <span class='ocr_line' id='line_1_90' title="bbox 2474 5032 3221 5109; baseline 0.012 -22"><span class='ocrx_word' id='word_1_684' title='bbox 2474 5071 2477 5075; x_wconf 54' lang='grc'><strong><em>«</em></strong></span> <span class='ocrx_word' id='word_1_685' title='bbox 2535 5035 2692 5109; x_wconf 68' lang='lat'><strong>13:.</strong></span> <span class='ocrx_word' id='word_1_686' title='bbox 2714 5032 3047 5094; x_wconf 81' lang='lat' dir='ltr'><strong>EPISTOLA</strong></span> <span class='ocrx_word' id='word_1_687' title='bbox 3082 5037 3221 5096; x_wconf 76' lang='lat' dir='ltr'><strong>xw.</strong></span> 
     </span>
    </p>
   </div>
   <div class='ocr_carea' id='block_1_91' title="bbox 2283 5141 3472 5191">
    <p class='ocr_par' dir='ltr' id='par_1_91' title="bbox 2283 5141 3472 5191">
     <span class='ocr_line' id='line_1_91' title="bbox 2283 5141 3472 5191; baseline 0.008 -9"><span class='ocrx_word' id='word_1_688' title='bbox 2283 5141 2509 5184; x_wconf 67' lang='grc' dir='ltr'><strong>ειιυτυι</strong></span> <span class='ocrx_word' id='word_1_689' title='bbox 2546 5144 2694 5185; x_wconf 72' lang='grc' dir='ltr'><strong>ωιιιιε</strong></span> <span class='ocrx_word' id='word_1_690' title='bbox 2730 5145 2888 5186; x_wconf 65' lang='lat' dir='ltr'><strong>WE</strong></span> <span class='ocrx_word' id='word_1_691' title='bbox 2928 5146 3310 5190; x_wconf 68' lang='grc' dir='ltr'><strong>τηεουιιωυυε</strong></span> <span class='ocrx_word' id='word_1_692' title='bbox 3344 5150 3472 5191; x_wconf 69' lang='lat' dir='ltr'><strong>REX.</strong></span> 
     </span>
    </p>
   </div>
   <div class='ocr_carea' id='block_1_92' title="bbox 2095 5214 3679 5347">
    <p class='ocr_par' dir='ltr' id='par_1_92' title="bbox 2095 5214 3679 5347">
     <span class='ocr_line' id='line_1_92' title="bbox 2095 5214 3679 5347; baseline 0.011 -77"><span class='ocrx_word' id='word_1_693' title='bbox 2317 5235 2371 5273; x_wconf 82' lang='lat' dir='ltr'><strong>se</strong></span> <span class='ocrx_word' id='word_1_694' title='bbox 2396 5220 2600 5274; x_wconf 77' lang='lat' dir='ltr'><strong>misisse</strong></span> <span class='ocrx_word' id='word_1_695' title='bbox 2636 5220 2849 5347; x_wconf 55' lang='lat' dir='ltr'><strong>aliqu‘o‘su</strong></span> <span class='ocrx_word' id='word_1_696' title='bbox 2850 5222 2953 5347; x_wconf 50' lang='lat'><strong>:31!</strong></span> <span class='ocrx_word' id='word_1_697' title='bbox 2955 5238 3180 5278; x_wconf 67' lang='lat' dir='ltr'><strong>sacrum:</strong></span> <span class='ocrx_word' id='word_1_698' title='bbox 3190 5233 3282 5278; x_wconf 80' lang='lat' dir='ltr'><strong>nm</strong></span> <span class='ocrx_word' id='word_1_699' title='bbox 3308 5229 3512 5283; x_wconf 78' lang='lat' dir='ltr'><strong>senatui</strong></span> <span class='ocrx_word' id='word_1_700' title='bbox 3536 5246 3679 5301; x_wconf 79' lang='lat' dir='ltr'><strong>pne-</strong></span> 
     </span>
    </p>
   </div>
   <div class='ocr_carea' id='block_1_93' title="bbox 2162 5376 3684 5462">
    <p class='ocr_par' dir='ltr' id='par_1_93' title="bbox 2162 5376 3684 5462">
     <span class='ocr_line' id='line_1_93' title="bbox 2162 5376 3684 5462; baseline 0.011 -29"><span class='ocrx_word' id='word_1_701' title='bbox 2162 5376 2458 5450; x_wconf 86' lang='lat' dir='ltr'><strong>Imperiosa</strong></span> <span class='ocrx_word' id='word_1_702' title='bbox 2477 5383 2701 5440; x_wconf 87' lang='lat' dir='ltr'><strong>nimium</strong></span> <span class='ocrx_word' id='word_1_703' title='bbox 2729 5401 2825 5441; x_wconf 86' lang='lat' dir='ltr'><strong>res</strong></span> <span class='ocrx_word' id='word_1_704' title='bbox 2840 5392 2955 5455; x_wconf 71' lang='lat' dir='ltr'><strong>est,</strong></span> <span class='ocrx_word' id='word_1_705' title='bbox 2968 5393 3153 5456; x_wconf 82' lang='lat' dir='ltr'><strong>patres</strong></span> <span class='ocrx_word' id='word_1_706' title='bbox 3167 5388 3481 5460; x_wconf 80' lang='lat' dir='ltr'><strong>conscripti,</strong></span> <span class='ocrx_word' id='word_1_707' title='bbox 3502 5391 3684 5462; x_wconf 84' lang='lat' dir='ltr'><strong>pietas</strong></span> 
     </span>
    </p>
   </div>
   <div class='ocr_carea' id='block_1_94' title="bbox 482 5555 1980 5640">
    <p class='ocr_par' dir='ltr' id='par_1_94' title="bbox 482 5555 1980 5640">
     <span class='ocr_line' id='line_1_94' title="bbox 482 5555 1980 5640; baseline 0.011 -28"><span class='ocrx_word' id='word_1_708' title='bbox 482 5555 687 5640; x_wconf 69' lang='lat' dir='ltr'><strong>&#39;_Qrd‘o_</strong></span> <span class='ocrx_word' id='word_1_709' title='bbox 710 5572 1023 5640; x_wconf 69' lang='lat' dir='ltr'><strong>senatorum</strong></span> <span class='ocrx_word' id='word_1_710' title='bbox 1044 5581 1232 5640; x_wconf 72' lang='lat' dir='ltr'><strong>carere</strong></span> <span class='ocrx_word' id='word_1_711' title='bbox 1267 5568 1413 5640; x_wconf 85' lang='lat' dir='ltr'><strong>omni</strong></span> <span class='ocrx_word' id='word_1_712' title='bbox 1435 5571 1564 5625; x_wconf 90' lang='lat' dir='ltr'><strong>vitio</strong></span> <span class='ocrx_word' id='word_1_713' title='bbox 1589 5569 1771 5627; x_wconf 72' lang='lat' dir='ltr'><strong>debet,</strong></span> <span class='ocrx_word' id='word_1_714' title='bbox 1799 5571 1862 5627; x_wconf 71' lang='grc' dir='ltr'><strong>ι.</strong></span> <span class='ocrx_word' id='word_1_715' title='bbox 1893 5573 1980 5640; x_wconf 63' lang='grc' dir='ltr'><strong>τι,</strong></span> 
     </span>
    </p>
   </div>
   <div class='ocr_carea' id='block_1_95' title="bbox 412 5620 1982 5711">
    <p class='ocr_par' dir='ltr' id='par_1_95' title="bbox 412 5620 1982 5711">
     <span class='ocr_line' id='line_1_95' title="bbox 412 5620 1982 5711; baseline -0.011 0"><span class='ocrx_word' id='word_1_716' title='bbox 412 5620 740 5711; x_wconf 56' lang='lat' dir='ltr'><strong>Eruci».</strong></span> <span class='ocrx_word' id='word_1_717' title='bbox 765 5633 832 5687; x_wconf 76' lang='lat' dir='ltr'><strong>de</strong></span> <span class='ocrx_word' id='word_1_718' title='bbox 862 5633 1054 5689; x_wconf 74' lang='grc' dir='ltr'><strong>υεευτο</strong></span> <span class='ocrx_word' id='word_1_719' title='bbox 1089 5620 1234 5711; x_wconf 58' lang='lat' dir='ltr'><strong>acui</strong></span> <span class='ocrx_word' id='word_1_720' title='bbox 1266 5620 1413 5694; x_wconf 58' lang='lat' dir='ltr'><strong>viui;</strong></span> <span class='ocrx_word' id='word_1_721' title='bbox 1448 5620 1863 5711; x_wconf 48' lang='lat' dir='ltr'><strong>animos</strong></span> <span class='ocrx_word' id='word_1_722' title='bbox 1891 5620 1982 5711; x_wconf 52' lang='lat'><strong>5,3:</strong></span> 
     </span>
    </p>
   </div>
   <div class='ocr_carea' id='block_1_96' title="bbox 414 5694 1981 5783">
    <p class='ocr_par' dir='ltr' id='par_1_96' title="bbox 414 5694 1981 5783">
     <span class='ocr_line' id='line_1_96' title="bbox 414 5694 1981 5783; baseline 0.015 -37"><span class='ocrx_word' id='word_1_723' title='bbox 414 5694 642 5764; x_wconf 88' lang='lat' dir='ltr'><strong>probriis</strong></span> <span class='ocrx_word' id='word_1_724' title='bbox 676 5694 953 5776; x_wconf 86' lang='lat' dir='ltr'><strong>laborent,</strong></span> <span class='ocrx_word' id='word_1_725' title='bbox 996 5694 1324 5776; x_wconf 64' lang='lat' dir='ltr'><strong>amplissimo</strong></span> <span class='ocrx_word' id='word_1_726' title='bbox 1369 5694 1565 5767; x_wconf 88' lang='lat' dir='ltr'><strong>ordine</strong></span> <span class='ocrx_word' id='word_1_727' title='bbox 1599 5694 1981 5783; x_wconf 23' lang='lat' dir='ltr'><strong>indigniqiud&#39;i-</strong></span> 
     </span>
    </p>
   </div>
   <div class='ocr_carea' id='block_1_97' title="bbox 2050 5579 3677 5669">
    <p class='ocr_par' dir='ltr' id='par_1_97' title="bbox 2050 5579 3677 5669">
     <span class='ocr_line' id='line_1_97' title="bbox 2050 5579 3677 5669; baseline 0.015 -39"><span class='ocrx_word' id='word_1_728' title='bbox 2050 5596 2053 5599; x_wconf 56' lang='grc' dir='ltr'>λ</span> <span class='ocrx_word' id='word_1_729' title='bbox 2085 5586 2296 5669; x_wconf 53' lang='lat' dir='ltr'><strong>cantur,</strong></span> <span class='ocrx_word' id='word_1_730' title='bbox 2326 5579 2449 5669; x_wconf 72' lang='lat' dir='ltr'><strong>quia</strong></span> <span class='ocrx_word' id='word_1_731' title='bbox 2479 5581 2702 5669; x_wconf 49' lang='lat' dir='ltr'><strong>famosis</strong></span> <span class='ocrx_word' id='word_1_732' title='bbox 2729 5584 3061 5669; x_wconf 47' lang='lat' dir='ltr'><strong>dignitatum</strong></span> <span class='ocrx_word' id='word_1_733' title='bbox 3091 5598 3267 5669; x_wconf 53' lang='lat' dir='ltr'><strong>portis</strong></span> <span class='ocrx_word' id='word_1_734' title='bbox 3309 5607 3421 5649; x_wconf 84' lang='lat' dir='ltr'><strong>non</strong></span> <span class='ocrx_word' id='word_1_735' title='bbox 3458 5602 3677 5669; x_wconf 85' lang='lat' dir='ltr'><strong>patent.</strong></span> 
     </span>
    </p>
   </div>
   <div class='ocr_carea' id='block_1_98' title="bbox 2085 5645 3361 5724">
    <p class='ocr_par' dir='ltr' id='par_1_98' title="bbox 2085 5645 3361 5724">
     <span class='ocr_line' id='line_1_98' title="bbox 2085 5645 3361 5724; baseline 0.014 -23"><span class='ocrx_word' id='word_1_736' title='bbox 2085 5645 2219 5706; x_wconf 77' lang='lat' dir='ltr'><strong>Vide</strong></span> <span class='ocrx_word' id='word_1_737' title='bbox 2245 5645 2461 5709; x_wconf 75' lang='lat' dir='ltr'><strong>Cornel.</strong></span> <span class='ocrx_word' id='word_1_738' title='bbox 2495 5651 2698 5724; x_wconf 86' lang='lat' dir='ltr'><strong>Tacit.,</strong></span> <span class='ocrx_word' id='word_1_739' title='bbox 2726 5645 2830 5711; x_wconf 71' lang='lat' dir='ltr'><strong>iis?</strong></span> <span class='ocrx_word' id='word_1_740' title='bbox 2854 5673 2911 5714; x_wconf 74' lang='grc' dir='ltr'><strong>ιι</strong></span> <span class='ocrx_word' id='word_1_741' title='bbox 2935 5645 3128 5716; x_wconf 65' lang='lat' dir='ltr'><strong>Annal</strong></span> <span class='ocrx_word' id='word_1_742' title='bbox 3170 5645 3361 5718; x_wconf 62' lang='lat' dir='ltr'><strong>eius;</strong></span> 
     </span>
    </p>
   </div>
  </div>
