3960 6374
261 263 374 317 809

1565 254 1918 312 \‘Al’dAltllll
1967 249 2162 312 itiner:
2212 251 2270 315 Χ.

3471 264 3572 328 810

259 363 474 442 gub-tm,
502 370 718 442 quando
749 371 965 442 propria
1001 370 1275 426 voluntate
1300 371 1580 435 vincimur,
1609 371 1699 439 qui
1730 370 1862 424 alie—
1895 375 1939 432 Α
1972 383 2152 427 mente
2182 375 2530 430 tractavimus
2559 376 2574 446 Ι
2600 375 3113 441 ed.,transmisimus
3141 413 3182 452 λ,
3209 397 3321 438 non
3347 383 3578 440 sinimus

259 467 345 520 nis
378 463 778 520 conditionibus
810 478 914 515 non
945 469 1209 515 tenemur.
1241 459 1376 515 Nam
1411 479 1532 515 eutn
1567 461 1704 526 (Deo
1741 476 1881 530 prur

259 563 463 622 stante)
496 555 766 622 possimus
805 551 1008 617 omnia,
1046 553 1160 606 sola
1193 552 1347 606 nobis
1396 552 1565 607 licere
1608 551 1878 607 credimus

267 645 564 700 laudanda.
597 644 956 714 Cognoscitis,
981 644 1274 716 prudentes
1300 645 1420 710 viri,
1451 645 1613 700 verba
1644 660 1762 716 qum
1795 644 1876 698 lo-

261 738 500 808 quimur,
531 737 615 789 vel
647 753 792 790 nunc
823 737 1169 791 clementiam
1201 752 1362 808 quam
1413 736 1566 790 vobis
1594 745 1719 789 ante.
1747 752 1876 804 pro-

265 831 482 880 mittere
514 825 773 880 debuistis
804 827 1102 893 agnoscite.
1135 825 1274 881 Ecce
1313 842 1413 880 nec
1444 825 1708 882 sollicitos
1733 825 1872 894 rati-

263 938 407 986 mur,
439 921 632 989 quibus
663 918 854 974 infensi
887 934 1007 973 esse
1048 919 1395 989 putabamur.
1442 917 1530 972 Sic
1561 927 1644 973 est
1671 931 1699 970 a
1731 918 1873 986 priu-

260 1015 384 1080 «ἀνθ
413 1012 588 1079 gravis
621 1009 881 1064 vincenda
909 1009 1178 1079 suspirio;
1211 1010 1290 1063 sic
1320 1025 1513 1064 curare
1541 1009 1747 1072 debuit,
1777 1010 1869 1076 qui

261 1104 461 1158 noxius
495 1117 615 1155 esse
660 1117 770 1154 non
811 1100 999 1154 voluit.
1049 1097 1326 1155 Postulata
1371 1098 1636 1169 siquidem
1686 1115 1870 1151 sarra-

260 1208 444 1252 menta
476 1196 630 1251 vobis
653 1195 720 1248 ab
752 1194 844 1249 illo
871 1203 1034 1263 atque
1056 1193 1150 1247 illo
1180 1193 1425 1264 przcstari
1460 1201 1646 1246 nostra
1679 1190 1868 1245 decre-

258 1288 340 1340 vit
370 1286 696 1351 auctoritas;
728 1281 873 1353 quod
906 1284 1043 1338 bene
1074 1284 1408 1354 imperaturo
1459 1299 1566 1336 non
1617 1290 1700 1336 est
1729 1280 1867 1335 diftl-

259 1381 366 1435 cile
394 1395 675 1449 persuasu,
703 1380 827 1448 quia
858 1377 936 1433 sic
966 1377 1116 1433 vobis
1144 1377 1488 1431 securitatem
1519 1376 1786 1438 dedimus,
1810 1387 1868 1427 ut

262 1471 396 1524 nihil
423 1481 612 1525 nostro
644 1471 921 1540 proposito
945 1469 1143 1524 addere
1165 1468 1489 1522 videremur.
1516 1467 1665 1521 Talia
1698 1467 1867 1536 siqui-

259 1562 388 1618 dem
417 1561 596 1630 qualia
625 1561 991 1631 promittimus
1018 1574 1234 1618 eramus
1254 1558 1448 1623 acturi,
1478 1558 1605 1628 quia
1635 1556 1747 1612 Deo
1776 1557 1866 1611 de-

259 1653 452 1708 bemus
481 1653 601 1717 ista,
629 1669 736 1708 non
765 1653 991 1710 homini.
1034 1651 1166 1708 Nam
1213 1651 1307 1721 qui
1356 1666 1454 1720 per
1481 1649 1744 1705 lectiones
1770 1663 1861 1704 sa-

1987 463 2139 519 vobis
2183 463 2295 519 fieri
2338 466 2530 521 acerba
2579 467 2884 536 suspicione
2924 474 3289 541 contrarium;
3327 477 3452 546 quia
3481 477 3574 532 ιω.

1984 552 2151 607 sionis
2198 555 2370 609 instar
2404 563 2488 610 est
2536 556 2747 612 occulte
2793 559 3100 626 consulere,
3153 571 3210 617 et
3264 563 3406 619 aliud
3431 565 3575 620 velle

1982 656 2305 699 tuoastrare.
2336 646 2660 717 Cognoscite
2687 649 2868 720 itaque
2892 667 3039 707 arma
3072 663 3253 708 nostra
3279 671 3378 726 pro
3400 659 3577 713 salute

1982 745 2160 790 vestra
2191 737 2369 806 potius
2395 737 2699 806 destinata;
2731 748 2790 794 ut
2816 742 2909 810 qui
2934 759 3030 796 vos
3052 746 3379 800 tentaverint
3409 763 3578 817 appe-

1981 835 2115 890 tere,
2150 828 2332 883 divino
2359 831 2560 886 auxilio
2590 847 2782 888 manus
2812 833 2892 890 eis
2938 834 3237 891 Gothorum
3268 837 3464 893 debeat
3489 841 3575 894 ob-

1977 919 2144 972 viare.
2175 919 2305 972 Nam
2333 921 2373 974 si
2406 920 2628 976 insidias
2657 924 2834 992 gregis
2873 932 3126 979 strenuus
3171 937 3359 996 pastor
3388 930 3572 984 exclu-

1975 1006 2079 1069 dit,
2132 1008 2176 1061 si
2229 1011 2617 1077 paterfamilias
2663 1013 2892 1080 diligens
2946 1015 3340 1083 decipientibus
3391 1019 3570 1073 locum

1973 1101 2338 1169 salu-optionis
2369 1101 2660 1172 intercipit,
2685 1119 2790 1174 qua
2818 1121 2916 1159 nos
2936 1107 3189 1161 convenit
3217 1108 3426 1164 cautela
3457 1108 3567 1163 Rea

1974 1204 2113 1242 mam
2141 1191 2449 1256 defendere,
2469 1208 2633 1262 quam
2665 1205 2880 1249 constat
2910 1197 2962 1251 in
2992 1197 3194 1251 mundo
3237 1199 3411 1255 simile
3438 1201 3571 1255 nihil

1973 1278 2213 1334 habere?
2242 1282 2460 1336 Summa
2495 1300 2602 1338 non
2633 1285 2922 1340 mittuntur
2951 1288 3004 1341 in
3035 1303 3184 1354 casu,
3215 1290 3340 1359 quia
3372 1292 3571 1361 proba:-

1970 1377 2060 1422 tur
2083 1373 2258 1428 minus
2287 1373 2528 1443 diligere,
2560 1377 2651 1446 qui
2679 1379 2899 1447 negligit
2923 1379 3145 1435 adversa
3180 1390 3432 1439 tractare.
3459 1383 3568 1439 Sed

1970 1477 2037 1514 ne
2067 1462 2118 1515 in
2151 1464 2332 1531 aliquo
2364 1465 2515 1519 vobis
2545 1470 2724 1535 gravis
2754 1469 3013 1524 existeret
3039 1472 3124 1526 vel
3157 1473 3269 1542 ipsa
3301 1473 3563 1541 defensio,

1969 1556 2232 1609 exercitui
2265 1555 2559 1627 destinato,
2590 1559 2877 1616 ordinante
2909 1563 3024 1628 illo,
3071 1579 3316 1619 annonas
3339 1564 3567 1620 fecimus

1968 1646 2266 1702 secundum
2306 1647 2481 1703 forum
2526 1666 2707 1706 rerum
2745 1653 3014 1708 venalium
3063 1657 3364 1726 computari
3409 1656 3564 1730 [ed.,

259 1760 386 1798 cras
427 1743 648 1812 antiqua
693 1756 859 1810 regna
899 1742 1256 1806 eueurrimus,
1305 1741 1434 1809 quid
1481 1739 1624 1794 aliud
1673 1747 1864 1810 aptare
1895 1747 1942 1806 Β
1969 1737 2331 1811 comparari],
2363 1748 2420 1794 ut
2448 1748 2504 1795 et
2538 1741 2644 1797 illis
2674 1743 2958 1800 tolleretur
2987 1747 3282 1801 necessitas
3307 1748 3567 1805 excedeuo

258 1847 571 1906 possumus,
603 1834 703 1888 nisi
729 1833 875 1902 quod
903 1831 1180 1888 Divinitati
1210 1833 1262 1888 in
1292 1833 1413 1888 aliis
1443 1833 1708 1902 placuisse
1738 1848 1862 1885 sen-

260 1928 465 1982 timus?
491 1924 611 1996 ipse
639 1925 784 1980 enim
807 1935 1185 1979 remunerator
1210 1931 1294 1979 est
1323 1924 1588 1978 bonorum
1619 1922 1860 1976 omnium

259 2017 435 2085 Dens,
467 2033 591 2072 nam
621 2015 882 2087 quidquid
910 2017 964 2070 in
1003 2015 1277 2084 subjectos
1321 2016 1540 2085 pietatis
1570 2012 1857 2081 etiicimus,

259 2109 414 2165 illum
447 2110 605 2165 nobis
651 2124 945 2180 repensare
991 2108 1110 2162 sine
1149 2106 1316 2161 dubio
1341 2106 1665 2176 judicamus.
1713 2103 1859 2170 Qua-

259 2211 488 2273 propter
513 2201 900 2257 conscientiam
930 2199 1139 2254 ﬁdelem
1162 2199 1353 2269 adepta
1379 2198 1671 2252 securitate
1701 2213 1859 2252 mon-

259 2304 464 2361 strate;
507 2294 632 2366 quia
684 2301 806 2364 post
855 2293 980 2347 talia
1030 2291 1273 2347 redditur
1317 2290 1617 2346 clementia:
1662 2300 1860 2344 nostra:

263 2387 449 2458 potius
479 2400 642 2456 quam
681 2384 906 2441 oll'ertur
935 2383 1177 2439 allectus.

795 2539 1129 2596 EPISTOLA
1165 2537 1326 2594 XVII.

531 2647 739 2689 POPULO
778 2648 990 2688 ROIANO
1031 2645 1421 2688 THEODMIADUS
1459 2645 1586 2684 πίει.

263 2722 458 2780 Scribit
487 2741 548 2778 se
589 2725 790 2794 aliqua:
841 2721 1060 2846 Roman
1115 2722 1337 2843 misisse,
1389 2719 1476 2790 qui
1521 2719 1654 2790 regis
1700 2718 1860 2788 ﬁdem

944 2812 974 2846 ο
1033 2810 1143 2846 mea
1174 2831 1187 2844 .

944 2810 1187 2864 ouugent.

334 2883 683 2955 Cognoscitc,
699 2883 953 2951 Quirites,
985 2883 1132 2953 quali
1164 2899 1260 2937 vos
1288 2882 1539 2953 princeps
1567 2887 1751 2936 vester
1777 2879 1865 2937 llrb

263 2978 454 3032 mitate
482 2975 753 3041 dilexerit,
800 2983 860 3030 ut
906 2983 1144 3030 tentatus
1183 2973 1389 3044 asperis
1423 2972 1586 3030 rebus
1625 2987 1733 3026 non
1763 2985 1863 3027 vos

265 3077 545 3143 pateretur
572 3084 689 3125 esse
713 3068 977 3124 sollicitos
1009 3087 1022 3120 :
1061 3084 1162 3123 nec
1190 3067 1444 3122 volumus
1475 3065 1706 3137 amplius
1734 3072 1860 3120 vota

265 3171 446 3219 vestra
475 3160 697 3227 dill‘erri,
727 3177 864 3232 quos
889 3174 1105 3230 semper
1132 3168 1383 3230 optamus
1412 3159 1465 3213 in
1507 3171 1715 3212 summa
1748 3156 1857 3212 rci-

264 3255 494 3326 publiea:
517 3252 832 3309 celebritate
859 3251 1045 3306 lactari.
1077 3249 1269 3304 Vestra
1295 3249 1438 3303 enim
1468 3247 1731 3302 securitas
1760 3261 1859 3300 ηοι

261 3354 377 3401 ster
405 3353 632 3400 ornatus
668 3352 782 3409 est;
823 3351 880 3398 et
917 3343 1022 3399 hoc
1050 3357 1178 3398 vere
1220 3348 1498 3409 gratanter
1540 3338 1853 3409 accipimus,

264 3451 386 3491 cum
414 3435 608 3505 gaudia
629 3450 726 3490 vos
755 3433 959 3489 habere
1008 3433 1291 3488 sentimus.
1337 3429 1698 3502 Quapropter.
1733 3427 1857 3484 llexi

261 3527 612 3599 petitionibus
636 3526 860 3590 vestris,
891 3539 986 3596 per
1016 3524 1164 3579 illum
1212 3531 1375 3593 atque
1421 3522 1568 3577 illum
1613 3519 1856 3592 prmslari

263 3618 419 3673 vobis
445 3625 786 3674 Sacramenta
815 3616 1222 3686 ceasuimus,ut
1249 3615 1393 3683 regis
1421 3613 1589 3669 vestri
1619 3613 1852 3668 animum

262 3725 376 3766 non
403 3710 646 3765 habeatis
675 3709 1006 3778 incognitum
1042 3725 1055 3761 :
1102 3722 1205 3763 nec
1233 3707 1396 3762 liceat
1429 3705 1576 3762 falsis
1601 3707 1860 3776 suspicio.

265 3803 422 3858 nibus
445 3815 651 3865 errare,
681 3799 806 3855 dum
852 3797 1138 3854 manifeste
1179 3805 1427 3854 teneatur
1459 3797 1602 3868 quod
1635 3797 1858 3852 creditis

263 3895 317 3950 in
338 3893 598 3964 principe.
634 3891 925 3946 Adstimate
966 3890 1094 3961 quid
1124 3891 1277 3946 vobis
1303 3890 1650 3959 benignitatis
1681 3890 1858 3944 videa-

263 3993 352 4039 tur
379 3983 634 4054 impendi,
663 3982 882 4052 quando
910 3982 1000 4036 ille
1021 3981 1192 4051 jurat,
1215 3982 1305 4052 qui
1335 3997 1444 4036 non
1489 3989 1668 4052 potest
1711 3981 1854 4050 cogi.

262 4076 476 4132 Scimus
521 4075 664 4129 enim
714 4089 812 4145 pro
853 4074 1096 4129 remedio
1143 4089 1248 4130 nos
1277 4074 1435 4130 datos
1475 4088 1595 4128 esse
1633 4083 1862 4128 cuucto—.

261 4184 388 4223 rum
410 4185 424 4222 :
447 4184 556 4224 non
576 4168 903 4238 despicimus
931 4182 1126 4223 sanare
1147 4166 1456 4237 subjectos;
1484 4175 1540 4222 et
1561 4167 1706 4234 ideo,
1731 4165 1858 4222 licet

263 4258 486 4313 culmini
515 4267 706 4314 nostro
731 4258 1006 4313 videretur
1051 4259 1442 4328 incongruum,
1497 4257 1730 4314 libenter
1774 4273 1861 4314 ac-

261 4349 566 4422 quievimus
592 4347 774 4405 facere
808 4350 952 4420 quod
982 4349 1394 4419 generalitatem
1439 4348 1732 4420 probamus
1757 4361 1856 4418 op-

261 4451 424 4496 tasse.
449 4439 738 4510 bttelligite
762 4449 1023 4512 quantum
1055 4441 1210 4496 vobis
1256 4441 1536 4513 imponere
1567 4447 1744 4495 vester
1769 4441 1856 4494 vi-

257 4534 454 4590 deatur
473 4532 702 4590 allectus
752 4549 767 4586 :

255 4625 378 4681 solo
402 4624 567 4681 verbo
587 4626 858 4696 promissa
885 4641 1105 4682 servare
1139 4627 1306 4682 sacris
1330 4626 1654 4682 lectionibus
1676 4625 1857 4681 admo-

257 4730 472 4772 nemur.
501 4715 782 4772 Ostendite
808 4732 953 4774 nunc
987 4717 1337 4773 devotionem
1361 4725 1638 4784 vestram;
1665 4731 1857 4787 super-

259 4823 344 4864 na:
362 4808 630 4878 majestati
647 4809 849 4881 jugiter
860 4811 1178 4883 supplicate,
1195 4821 1258 4866 ut
1271 4811 1558 4883 tranquilla
1587 4821 1851 4882 tenipora,

258 4916 379 4972 qua:
405 4918 504 4958 vos
543 4903 746 4960 habere
790 4904 1038 4976 cupimus
1060 4941 1077 4971 ,
1123 4905 1333 4960 omlcsti
1381 4919 1610 4960 munere
1653 4919 1853 4960 conec-

257 4992 478 5048 dantur.

782 5127 1116 5185 EPISTOLA
1151 5129 1337 5185 XVIII.

455 5231 679 5274 SENATUI
711 5236 860 5275 URBIS
899 5237 1056 5276 ROIIJB
1097 5239 1484 5278 τηεοολιιρωυε
1523 5239 1654 5280 κει.

259 5307 453 5386 Scribit
493 5327 549 5363 se
574 5311 855 5386 coercitum
877 5313 945 5366 ad
969 5311 1325 5367 Romanorum
1360 5316 1710 5386 defensionem
1752 5319 1855 5371 mi-

327 5381 474 5461 sisse,
507 5389 556 5434 et
577 5382 623 5435 ei
657 5381 941 5438 Vaccenem
982 5385 1236 5456 majorem
1266 5381 1449 5440 domus
1472 5389 1630 5458 regia:
1668 5391 1859 5459 prafe-

328 5465 478 5505 6⁸888.

330 5537 650 5596 Remedium
677 5543 823 5612 quod
859 5559 960 5614 pro
985 5546 1137 5602 vobis
1151 5497 1175 5614 Ι,
1207 5556 1389 5618 patres
1419 5549 1732 5619 conscripti,
1765 5552 1855 5621 pia

331 5730 358 5760 ι
382 5721 688 5798 identidem
717 5723 822 5778 hoc
867 5723 1194 5798 inculcatum
1232 5729 1364 5784 satis
1411 5728 1612 5791 indicat
1646 5739 1850 5798 quanta

257 5789 420 5848 fuerit
444 5796 778 5866 principibus
798 5810 928 5848 cura
959 5795 1112 5850 fama:
1134 5801 1213 5852 sui
1238 5801 1443 5870 srcculi,
1470 5789 1848 5872 summ-epist.

702 5886 970 5948 Pnnos.
1013 5886 1246 5950 LXIX.

817 4531 923 4589 ﬁde
962 4533 1120 4590 vobis
1168 4506 1617 4602 constringimur,
1649 4533 1741 4604 qui
1767 4533 1855 4588 vel
1885 4506 1933 4566 υ

1966 1830 2041 1894 di,
2075 1839 2131 1885 et
2159 1832 2316 1887 vobis
2365 1833 2668 1889 auferretur
2713 1850 2878 1891 causa
2926 1838 3209 1908 dispendii.
3259 1837 3354 1896 His
3399 1841 3563 1896 etiam

1966 1920 2306 1991 praefecimus
2334 1923 2595 1993 majorem
2644 1924 2840 1981 domus
2877 1938 3079 1987 nostra:
3103 1929 3438 1997 Vaccenem,
3471 1933 3561 2002 qui

1965 2027 2064 2084 pro
2089 2027 2305 2067 suarum
2335 2015 2596 2084 qualitate
2622 2018 2879 2072 virtutum
2911 2019 3260 2075 bellatoribus
3282 2021 3564 2092 essetjure

1964 2104 2327 2172 reverendus;
2358 2107 2512 2175 cujus
2557 2099 2808 2178 e‘templo
2839 2120 2894 2165 et
2942 2126 3198 2167 excessus
3225 2112 3477 2179 vitarent,
3507 2123 3565 2169 et

1964 2193 2295 2250 fortitudinis
2341 2197 2698 2253 instrumenta
2733 2201 3131 2269 perquirerent.
3182 2202 3330 2270 Quos
3377 2213 3560 2260 tamen

1965 2283 2096 2339 locis
2125 2287 2266 2356 aptis
2295 2287 2634 2358 prmcipimus
2671 2290 2967 2354 immorari,
3003 2300 3060 2346 ut
3089 2289 3220 2347 foris
3249 2295 3318 2347 sit
3348 2304 3557 2348 armata

1965 2374 2226 2441 defensio,
2263 2377 2410 2432 intus
2441 2377 2593 2433 vobis
2641 2380 2929 2450 tranquilla
2969 2382 3220 2437 civilitas.
3272 2383 3564 2453 Intelligito

1964 2463 2090 2532 quid
2117 2466 2507 2535 excogitaverit
2537 2469 2962 2524 consolatoriam
2992 2471 3250 2542 principis
3279 2489 3380 2543 pro
3405 2473 3562 2530 vobis

1966 2557 2238 2624 ingenium
2273 2577 2287 2614 ;
2319 2558 2562 2616 defensio
2588 2576 2686 2616 vos
2725 2561 2975 2629 obsidet,
3026 2579 3094 2619 ne
3123 2580 3312 2620 manus
3343 2565 3559 2622 inimica

1967 2648 2297 2716 circumdet;
2326 2659 2384 2706 et
2407 2666 2440 2706 a
2469 2654 2720 2722 periculis
2733 2657 3065 2725 excepimus,
3084 2672 3222 2726 quos
3251 2665 3559 2714 nostrortm

1963 2742 2225 2810 sanguine
2251 2743 2607 2799 vindicamus.
2633 2745 2787 2800 Absit
2816 2747 2960 2802 enim
2988 2755 3047 2802 ut
3069 2756 3096 2786 ι
3120 2750 3317 2804 nostris
3346 2757 3559 2819 tempat-

1966 2832 2115 2889 ribus
2147 2830 2288 2890 Urbs
2323 2835 2413 2890 illa
2443 2837 2612 2891 muris
2632 2837 2878 2893 videatur
2903 2840 3134 2910 protegi,
3157 2856 3318 2912 quam
3349 2851 3560 2900 constat

1965 2926 2215 2993 gentibus
2247 2928 2329 2982 vel
2359 2928 2472 2982 sola
2495 2929 2751 2999 opinione
2777 2929 2941 2986 fuisse
2971 2934 3184 2988 terrori.
3216 2933 3296 2988 lta
3325 2936 3468 2990 enim
3493 2936 3561 2992 de

1967 3015 2150 3071 divino
2180 3033 2461 3088 speramus
2495 3021 2720 3087 auxilio,
2751 3029 2812 3076 ut
2832 3037 2952 3092 qua:
2997 3039 3216 3094 semper
3243 3025 3342 3081 fuit
3369 3027 3557 3093 libera,

1889 3124 1938 3188 ο
1968 3108 2166 3164 nullius
2180 3111 2282 3166 incl
2291 3111 2494 3168 usionis
2509 3111 2848 3169 decolerctur
2860 3112 2949 3187 [θ’.
2961 3113 3328 3190 decoloretur]
3343 3118 3557 3188 injuria.

2500 3266 2828 3324 EPISTULA
2869 3269 3008 3326 XIX.

2131 3367 2436 3414 tesrtutaxo
2476 3376 2798 3417 tttrsnnont
2838 3351 3222 3421 vneomuiovs
3259 3382 3385 3422 an.

1966 3446 2175 3527 Laudat
2215 3452 2600 3527 imperatorem,
2641 3455 2771 3527 petit
2811 3456 2962 3527 paris
2989 3458 3462 3527 conservationem;
3508 3465 3558 3518 et

2037 3469 2175 3505 tuan
2215 3469 2600 3576 rnzwratorcm,
2641 3469 2771 3522 pem
2817 3471 2962 3524 parte
2989 3469 3462 3527 conservattonem;
3508 3469 3558 3518 et

2037 3523 2250 3605 remittit
2301 3523 2773 3605 'onstantinopolim
2800 3525 3010 3582 Petrum
3033 3527 3280 3600 legatum,
3310 3531 3560 3605 adjuncto

2035 3595 2081 3648 ei
2104 3610 2197 3648 suo
2228 3594 2419 3666 legato.

2034 3702 2246 3758 Gratias
2271 3703 2542 3760 Divinitati
2569 3703 2870 3769 referimus,
2905 3707 2990 3764 cui
3021 3716 3103 3763 est
3131 3723 3317 3779 regum
3345 3722 3560 3784 semper

1963 3803 2184 3865 accepta
2223 3795 2601 3865 tranquillitas,
2633 3796 2779 3867 quod
2824 3810 3141 3867 provecmm
3189 3810 3432 3859 nostrum
3459 3805 3559 3860 cleo

1963 3889 2176 3944 menti-.e
2207 3896 2398 3942 vestrm
2426 3888 2789 3956 gratissimum
2818 3903 2938 3945 esse
2965 3889 3303 3950 declarastis.
3333 3892 3558 3954 Constat

1962 3983 2105 4036 enim
2131 3996 2317 4036 amare
2348 3998 2446 4037 vos
2468 3996 2649 4052 posse,
2683 3997 2843 4052 quem
2875 3983 3122 4051 gaudetis
3156 3986 3223 4041 ad
3254 3989 3408 4056 regni
3452 3992 3560 4046 θυι.

1963 4074 2106 4127 mina
2137 4073 2464 4142 pervenisse.
2509 4071 2600 4126 Sic
2643 4071 2827 4128 decuit
2869 4073 3070 4144 suscipi
3112 4076 3208 4145 qui
3235 4092 3295 4132 se
3336 4094 3436 4150 per
3465 4096 3559 4136 vos

1961 4163 2304 4234 praesumpsit
2344 4163 2549 4232 augeri.
2609 4163 2868 4220 Prtestate
2914 4164 3079 4236 igitur
3122 4169 3328 4224 mundo
3364 4179 3559 4228 vestrm

1959 4255 2305 4324 benignitatis
2333 4254 2662 4326 exemplum,
2711 4264 2774 4313 ut
2816 4254 2976 4314 detur
3023 4257 3250 4327 intelligi
3294 4271 3559 4330 quantum

1959 4354 2348 4419 promoveatnr
2376 4346 2470 4418 qui
2495 4361 2558 4404 se
2602 4362 2735 4417 pura
2761 4347 2916 4404 vobis
2959 4347 3250 4407 all‘ectione
3275 4365 3554 4410 commen-

1959 4441 2073 4496 dat.
2103 4440 2221 4496 Non
2251 4441 2395 4496 enim
2418 4441 2565 4497 rixas
2595 4443 2750 4514 165
2773 4442 2909 4498 viles
2933 4457 3030 4514 per
3049 4458 3213 4514 regna
3243 4446 3516 4515 requiritis
3540 4467 3556 4514 ;

1963 4547 2072 4587 non
2101 4547 2202 4587 vos
2229 4531 2428 4602 injusta
2457 4533 2779 4596 certamina,
2807 4547 2928 4603 qum
2957 4541 3086 4590 sunt
3131 4534 3290 4592 bonis
3317 4537 3559 4594 moribus

1961 4623 2200 4689 inimica,
2231 4621 2505 4680 delectant
2548 4641 2562 4676 :
2592 4622 2719 4692 quia
2760 4622 2893 4680 nihil
2931 4622 3076 4680 aliud
3101 4637 3201 4680 vos
3228 4634 3443 4682 constat
3470 4643 3558 4698 ap.

1961 4722 2174 4786 petere,
2199 4714 2303 4770 nisi
2331 4712 2480 4782 quod
2519 4713 2833 4782 opinionem
2859 4721 3094 4774 vestram
3138 4715 3312 4785 possit
3338 4731 3554 4773 ornare.

1961 4807 2428 4876 Quemadmodum
2455 4807 2600 4862 enim
2630 4819 2820 4875 pacem
2867 4806 3081 4862 exarati
3127 4806 3363 4878 abjicere
3403 4819 3555 4880 pote‘

1959 4901 2102 4967 ritis,
2115 4915 2276 4969 quam
2303 4913 2402 4968 pro
2421 4897 2656 4966 ingenita
2680 4896 2885 4967 pietate
2909 4906 2966 4952 et
3008 4897 3280 4954 iracundis
3308 4900 3557 4967 gentibus

1965 4993 2323 5052 consuevistis
2353 4991 2668 5060 imponere?
2695 4987 2845 5045 Bona
2873 4991 3090 5060 quidem
3114 4999 3306 5048 vestra:
3329 5008 3556 5049 concor—

1963 5088 2066 5143 dia:
2095 5099 2202 5140 non
2235 5092 2498 5138 tacemus.
2527 5075 2726 5136 Totum
2747 5080 2984 5136 creditur
3002 5081 3279 5151 eximium,
3299 5081 3556 5152 quidqu'd

1964 5179 2118 5236 vobis
2164 5175 2326 5231 fuerit
2373 5171 2706 5246 prmdicabili
2735 5171 3315 5229 charitate'sociatum.
3365 5172 3473 5229 Sed
3503 5186 3556 5228 et

1966 5272 2139 5338 vobis,
2165 5269 2390 5339 gloriosi
2412 5265 2708 5338 principes,
2739 5281 2862 5320 cum
2903 5265 3024 5321 sitis
3067 5266 3312 5322 absolute
3339 5267 3552 5322 mirabi‘

1964 5366 2064 5430 les,
2097 5362 2296 5432 aliquid
2329 5369 2504 5416 tamen
2529 5359 2765 5425 additur,
2797 5374 2920 5412 eum
2951 5373 3051 5414 vos
3073 5358 3253 5413 omnia
3278 5373 3450 5427 regna
3467 5377 3556 5414 ves

1964 5465 2246 5513 net-antur.
2281 5455 2414 5508 Nam
2438 5466 2725 5508 commune
2753 5461 2835 5506 est
2861 5451 3073 5506 cunctis
3092 5449 3146 5504 in
3174 5449 3288 5504 suis
3315 5449 3554 5518 imperiis

1963 5547 2244 5620 pmidicari
2274 5564 2286 5601 :
2319 5545 2417 5602 sed
2442 5545 2573 5601 illud
2601 5553 2688 5600 est
2713 5541 3042 5600 omnimodis
3059 5540 3352 5610 singulare,
3383 5540 3437 5595 in
3456 5551 3553 5596 exs

1961 5729 2052 5793 il;
2083 5727 2242 5795 hujus
2269 5727 2360 5782 lib.
2395 5726 2552 5795 epist.
2577 5723 2642 5792 5;
2666 5725 2761 5782 lib.
2791 5741 2810 5780 ι
2835 5724 2996 5796 epist.
3023 5719 3240 5788 ηιξ-ω).
3270 5735 3344 5780 vu
3368 5731 3422 5774 et
3455 5717 3548 5776 liis

1962 5817 2015 5856 tv
2043 5801 2203 5870 epist.
2233 5797 2318 5853 η.
2349 5797 2515 5852 Fons.
2997 5883 3074 5945 ac
