3960 6400
369 232 466 288 8H

1584 228 1652 282 Μ.
1697 225 1970 282 Αυιιωλιι
2012 226 2406 282 CASSIODORI

3536 221 3654 278 81?.

369 353 556 400 tranea
587 353 743 412 gente
775 343 1237 414 laudesproprias
1262 341 1534 406 invenire;
1568 341 1690 412 quia
1725 339 1797 394 ibi
1826 347 1950 392 sunt
1980 343 2024 397 Α
2057 346 2294 392 nostrum
2327 339 2432 392 tale
2478 346 2577 402 est,
2611 348 2666 392 ut
2709 341 3101 396 interveniente
3127 341 3298 410 gratia
3325 355 3437 396 non
3462 341 3654 398 Initum

371 451 494 490 tera
521 434 739 503 judicia,
774 433 863 488 ubi
889 435 1158 489 neminem
1187 431 1494 502 comprimit
1517 431 1622 484 ulla
1666 429 1942 484 timiditas.

373 522 612 592 Diligeris
640 522 874 592 quidem,
905 522 1142 592 piissime
1169 521 1482 591 imperator,
1514 519 1566 575 in
1602 521 1835 591 propriis
1859 535 1947 574 rc-

371 613 486 684 gttis
519 631 531 666 :
563 611 655 668 sed
678 622 880 681 quanto
909 614 1248 686 paestantius
1279 613 1332 667 in
1362 611 1526 666 Italia:
1567 613 1804 682 partibus
1832 610 1950 680 plus

373 705 558 770 amari,
593 702 732 758 unde
760 719 958 760 nomen
985 704 1288 760 Romanum
1333 719 1428 774 per
1459 705 1643 760 orbem
1686 713 1948 758 terrarum

373 803 586 851 constat
609 811 726 850 esse
755 794 1034 852 dilfusum!
1068 794 1294 866 Oportet
1319 810 1448 865 ergo
1497 806 1732 850 nostram
1760 810 1948 864 pacem

373 888 596 955 servari,
619 903 738 958 qua:
761 887 909 944 vobis
925 889 1150 943 contulit
1177 889 1412 956 gloriosa
1441 887 1663 941 exordia
1679 885 1945 940 vocabuli.

373 977 479 1030 Sal
512 985 570 1031 ut
595 977 762 1033 sacris
791 977 1037 1032 allatibus
1065 977 1253 1032 ordine
1293 975 1624 1046 respondere
1651 973 1946 1036 videamur,

375 1071 806 1125 reverentissimo
835 1069 1158 1124 salutatione
1187 1067 1430 1132 decursa,
1462 1067 1562 1138 piis
1591 1065 1836 1120 sensibus
1865 1064 1949 1117 iu-

376 1161 632 1227 dicamus,
675 1161 1040 1216 beatissimum
1074 1175 1266 1230 papam
1309 1159 1456 1213 urbis
1484 1157 1688 1222 Romm,
1717 1158 1801 1211 vel
1839 1173 1953 1212 am-

377 1251 672 1317 piissimum
692 1262 938 1306 senatum
975 1261 1157 1306 nostra
1187 1252 1546 1324 praeceptione
1574 1250 1951 1312 commonitos,

379 1350 436 1395 ut
465 1342 544 1395 vir
571 1342 1041 1410 eloquentissimus
1071 1339 1261 1396 Petrus
1305 1343 1514 1410 legatus
1541 1341 1847 1404 serenitatis
1871 1356 1956 1395 ve-

377 1440 520 1498 strm,
547 1441 602 1486 et
621 1432 862 1486 doctrina
909 1448 1167 1498 suntmus,
1216 1441 1272 1488 et
1319 1432 1665 1488 conscientia:
1711 1432 1956 1488 claritate

379 1521 719 1590 praecipuus,
771 1521 888 1576 sine
937 1521 1114 1590 aliqua
1162 1522 1420 1578 dilatione
1462 1522 1825 1592 competentia
1867 1536 1953 1576 re-

377 1627 576 1682 sponsa
625 1611 912 1682 reciperet,
960 1627 1058 1667 nec
1112 1622 1299 1668 contra
1347 1613 1676 1668 voluntatem
1723 1621 1954 1667 vestram

381 1715 561 1759 moras
585 1702 910 1771 incongruas
938 1703 1247 1769 sustineret,
1297 1705 1420 1774 quia
1460 1713 1628 1760 totum
1658 1703 1790 1759 illud
1815 1703 1956 1759 desi-
1991 1714 2033 1774 Β

384 1795 635 1851 deramus
655 1793 888 1861 efficere,
923 1795 1063 1864 quod
1093 1804 1272 1851 vestro
1295 1804 1528 1864 nequeat
1547 1795 1748 1864 judicio
1767 1795 1954 1866 displi-

384 1900 506 1942 cere
538 1903 550 1938 :
581 1883 796 1954 quando
815 1893 877 1942 et
922 1887 1176 1956 pietatem
1207 1893 1436 1940 vestram
1467 1885 1571 1940 hoc
1605 1885 1822 1940 studere
1861 1901 1954 1940 co-

382 1975 706 2043 gnoscimus,
730 1974 872 2045 quod
903 1975 1056 2030 nobis
1077 1990 1173 2045 per
1193 1975 1371 2030 omnia
1396 1976 1650 2046 prodesse
1675 1975 1954 2030 sentimus.

384 2067 479 2120 Cui
511 2067 680 2120 virum
711 2067 1067 2122 venerabilem
1097 2065 1264 2130 illuttt,
1308 2067 1540 2136 legatum
1570 2073 1830 2132 nostrum,
1864 2065 1958 2119 ad-

385 2159 708 2230 jungendum
740 2175 858 2215 esse
887 2158 1242 2225 credidimus,
1278 2167 1335 2213 ut
1362 2175 1469 2213 non
1499 2175 1596 2230 per
1624 2158 1959 2214 occasionem

385 2251 665 2319 legationis
709 2259 926 2316 vestrce,
975 2250 1069 2304 sed
1118 2249 1333 2320 propria
1381 2251 1558 2320 potius
1601 2249 1962 2305 destinatione

385 2349 564 2396 nostra
589 2341 802 2411 possitis
817 2348 942 2396 vota
971 2353 1314 2408 cognoscere.

924 2470 1252 2527 EPISTULA
1296 2470 1409 2527 XX.

597 2579 898 2619 τηεοοοιιιε
938 2579 1192 2618 Αυῦυετεε
1230 2575 1493 2618 GUDELIRA
1531 2577 1744 2618 REGI-NA.

381 2653 596 2707 Gratias
617 2655 726 2724 agit
763 2654 825 2706 de
853 2654 1020 2722 legato
1049 2661 1096 2706 et
1137 2653 1556 2724 epistolisiejus;
1597 2651 1870 2720 scribitque
1913 2667 1966 2703 se

457 2722 711 2793 curavisse
736 2733 791 2776 at
823 2740 954 2792 papa
979 2732 1283 2793 senatusque
1316 2722 1395 2774 illi
1424 2739 1513 2789 per
1528 2723 1726 2793 litteras
1745 2736 1962 2793 respon-

457 2793 630 2846 deant.
665 2791 792 2845 Tum
823 2789 946 2845 dicit
973 2809 1026 2846 se
1047 2793 1116 2846 ad
1145 2789 1287 2862 illam
1315 2792 1514 2848 misisse
1537 2792 1764 2862 legatum
1791 2789 1966 2843 multis

459 2862 728 2915 virtutibus
759 2873 807 2914 ct
839 2862 1073 2916 doctrina
1104 2861 1396 2933 pra’ditum.

462 2973 690 3028 Litteras
748 2972 964 3044 pietatis
1010 2983 1200 3028 vestra:
1251 2975 1456 3042 gratia,
1512 2987 1619 3042 qua
1669 2971 1966 3027 desiderata

391 3081 605 3136 semper
631 3074 932 3130 sumuntur,
983 3067 1200 3135 accepi;
1247 3073 1302 3119 et
1345 3065 1610 3134 colloquia
1639 3065 1749 3122 oris
1778 3065 1961 3129 vestri,
1994 3073 2036 3134 ρ

393 3156 702 3213 muneribus
731 3157 980 3212 omnibus
1004 3156 1252 3224 celsiora,
1279 3155 1710 3210 reverentissimo
1731 3153 1968 3224 gratula-

392 3251 537 3301 tione
582 3245 893 3316 promerui:
935 3253 1127 3299 cuncta
1167 3245 1296 3298 mihi
1325 3244 1392 3299 de
1434 3252 1540 3297 tam
1569 3259 1762 3298 sereno
1791 3244 1969 3298 animo

395 3335 731 3405 promittens,
773 3334 987 3403 quando
1015 3334 1272 3403 quidquid
1301 3342 1491 3404 optare
1535 3334 1708 3403 potui,
1759 3334 1810 3388 in
1862 3342 1970 3388 tam

393 3427 617 3494 benigna
671 3425 1034 3480 collocatione
1087 3424 1316 3493 suscepi.
1373 3422 1671 3480 liortamini
1725 3426 1867 3480 enim
1915 3433 1972 3480 ut

393 3518 644 3587 quidquid
674 3515 1031 3586 expetendum
1063 3529 1094 3568 a
1127 3515 1432 3582 triumphali
1479 3515 1724 3584 principe
1769 3515 1970 3571 domno

396 3608 554 3677 iugali
584 3614 770 3660 nostro
799 3603 1086 3669 credimus,
1123 3605 1314 3658 vestris
1361 3613 1487 3658 ante
1533 3605 1776 3659 sensibus
1825 3605 1975 3673 inge-

397 3711 598 3750 ramus.
650 3695 781 3759 Quis
829 3691 941 3760 jatn
997 3692 1202 3746 dubitet
1246 3693 1311 3746 ad
1369 3691 1618 3748 ellectum
1669 3694 1969 3764 pervenire,

394 3785 536 3854 quod
567 3783 684 3837 talis
713 3790 948 3852 potestas
975 3781 1280 3850 dignabitur
1303 3783 1572 3851 allegare?
1594 3783 1732 3838 Ante
1755 3783 1972 3852 quidem

396 3877 464 3930 de
509 3888 788 3928 causarum
839 3881 1141 3926 nostrarum
1173 3856 1446 3941 'aiquitate
1494 3874 1969 3943 prmsumpsimus,

395 3962 492 4017 sed
537 3977 682 4016 nunc
709 3961 938 4031 amplius
980 3959 1046 4016 de
1076 3969 1252 4016 vestra
1305 3962 1659 4032 promissione
1706 3963 1970 4016 laetamur.

398 4056 514 4110 Non
544 4054 686 4110 enim
709 4061 1101 4125 poteruutvota
1125 4062 1308 4108 nostra
1325 4052 1544 4116 differri,
1571 4053 1788 4122 quando
1805 4054 1974 4108 inter-
2021 4095 2028 4103 .

393 4155 496 4210 est,
529 4161 648 4216 qua:
685 4152 959 4199 merentur
1015 4142 1208 4198 audiri.
1239 4141 1390 4196 Nunc
1418 4143 1637 4210 implete
1669 4143 1931 4212 promissa
1957 4183 1972 4208 ,

397 4247 454 4289 ttt
481 4251 595 4290 rem
629 4246 812 4290 tenere
839 4231 1064 4297 faciatis,
1093 4233 1180 4288 cui
1209 4247 1359 4300 spem
1399 4232 1755 4288 certissimam
1785 4234 1976 4287 contu-

397 4329 550 4381 listis.
584 4326 834 4380 Additum
863 4333 946 4379 est
968 4324 1131 4378 etiam
1159 4323 1353 4392 gaudio
1381 4339 1503 4379 meo
1531 4323 1674 4392 quod
1704 4325 1866 4380 talem
1897 4327 1977 4380 vi-

2056 427 2107 482 in
2153 443 2319 496 regno
2365 437 2550 482 nostro
2594 443 2755 497 quam
2804 431 2855 485 in
2884 439 3065 486 vestro
3107 429 3341 500 jubeatis
3392 432 3644 501 imperio.

2054 518 2426 587 Significamus
2472 519 2653 588 itaque
2682 521 3046 590 supradictum
3077 529 3200 576 ante
3241 537 3340 576 nos
3367 536 3398 575 a
3419 535 3652 577 venera-

2055 607 2146 661 bili
2175 607 2288 662 viro
2333 621 2474 677 papa
2504 608 2686 676 egredi
2733 611 2948 677 fecisse,
2999 626 3160 680 quam
3207 619 3387 666 vester
3437 611 3656 680 legatus

2055 697 2245 752 harum
2272 699 2506 768 portitor
2533 699 2599 754 de
2641 701 2774 757 urbe
2815 701 2986 758 Roma
3037 703 3302 775 potuisset
3352 704 3522 770 exire,
3578 719 3656 756 tte

2055 787 2253 856 aliquid
2283 788 2564 844 accederet
2592 791 2736 860 quod
2757 795 2950 848 vestris
2977 794 3170 848 animis
3198 793 3460 848 obviaret.
3501 795 3655 860 Qua-

2055 888 2274 949 propter
2305 880 2600 936 salutantes
2626 885 2973 939 veneratione
2998 900 3117 954 qure
3147 885 3310 938 tantis
3338 883 3500 938 debet
3526 891 3652 936 tne-

2054 969 2169 1024 ritis
2198 970 2458 1036 exhiberi,
2487 972 2660 1025 virum
2689 972 3055 1027 venerabilem
3100 972 3270 1036 illum,
3303 981 3352 1026 et
3401 971 3652 1026 moribus

2054 1061 2406 1130 doctrinaque
2435 1062 2741 1130 pollentem,
2774 1063 3075 1118 sanctitatis
3111 1063 3275 1117 etiam
3303 1061 3512 1116 honore
3545 1075 3638 1113 re-

2055 1153 2365 1216 verendum,
2397 1152 2468 1208 ad
2494 1163 2730 1208 vestram
2771 1153 3110 1208 clementiam
3150 1151 3432 1220 legationis
3461 1149 3655 1206 officio

2055 1245 2398 1318 peculiariter
2449 1247 2754 1302 curavimus
2822 1245 3238 1301 destinandunt:
3295 1243 3418 1312 quia
3465 1250 3654 1310 gratas

2057 1337 2207 1390 vobis
2237 1336 2353 1390 illas
2397 1335 2667 1390 credimus
2700 1349 2818 1391 esse
2846 1349 3122 1404 personas,
3153 1347 3287 1402 quas
3314 1331 3510 1386 divinis
3535 1325 3652 1382 mi-

2058 1428 2289 1482 nisteriis
2313 1427 2612 1496 iudicamus
2640 1434 2910 1496 acceptas.

2603 1575 2933 1632 EPISTOLA
2972 1573 3112 1630 XXI.

2275 1675 2572 1724 THEODGBE
2611 1683 2864 1723 sucus”:
2903 1683 3164 1734 cunnum
3213 1679 3424 1721 aratas.

2063 1759 2270 1814 Iudicat
2289 1776 2344 1812 se
2371 1769 2419 1812 et
2450 1757 2852 1812 Tlteodaltadam
2883 1759 3109 1826 gratiam
3131 1755 3242 1824 ejus
3269 1755 3472 1809 enixius
3499 1767 3649 1826 qua:-

2133 1847 2279 1897 rere,
2307 1839 2356 1882 et
2393 1837 2542 1899 rogat
2569 1835 2625 1880 at
2651 1829 2707 1881 in
2733 1825 2914 1898 gloria:
2943 1827 3054 1896 ejus
3087 1826 3386 1883 societatem
3413 1825 3654 1877 veniant.

2133 1916 2424 1972 Aistimare
2452 1923 2504 1972 te
2531 1915 2800 1980 convenit,
2827 1922 3169 1982 augustarum
3199 1912 3650 1982 prudentissima,

2061 2007 2276 2078 quantis
2321 2006 2532 2075 cupiam
2586 2005 2790 2060 nisibus
2824 2003 3053 2072 gratiam
3099 2010 3331 2056 vestram
3376 2015 3655 2070 qumrere,

2063 2106 2119 2154 et
2146 2097 2374 2153 domnus
2397 2095 2593 2164 jugalis
2613 2111 2766 2150 meus
2787 2109 2984 2164 magno
3013 2093 3191 2150 studio
3219 2091 3485 2151 desiderat
3507 2091 3656 2153 obti-

2065 2206 2213 2246 nere.
2244 2189 2376 2244 Nam
2405 2187 2531 2244 licet
2551 2188 2654 2244 hoc
2681 2188 2756 2243 illi
2783 2189 2852 2243 sit
2881 2185 3205 2242 omnimodis
3226 2185 3468 2250 charum,
3511 2183 3656 2237 mihi

2065 2289 2247 2335 tamen
2303 2278 2648 2348 cognoscitur
2697 2292 2817 2332 esse
2874 2277 3234 2346 pnecipuum;
3283 2272 3498 2342 quando
3556 2286 3659 2326 me

2065 2379 2226 2424 tanta:
2253 2367 2482 2424 domina:
2511 2368 2583 2422 ita
2610 2374 2786 2436 potest
2830 2381 2982 2421 amor
3009 2364 3236 2432 erigere,
3268 2369 3328 2417 ut
3365 2375 3528 2431 supra
3560 2375 3658 2415 rc-

2063 2473 2226 2528 guum
2254 2471 2550 2526 coguosear
2585 2457 2756 2526 majus
2784 2455 2980 2524 aliquid
3019 2453 3282 2508 invenire.
3329 2449 3470 2518 Quid
3499 2449 3660 2505 enim

2065 2551 2268 2622 gratius
2297 2564 2458 2618 quam
2483 2547 2530 2604 si
2572 2548 2756 2616 gloria:
2782 2556 2974 2600 vestrm
3001 2543 3188 2598 videar
3214 2542 3490 2599 charitatis
3517 2557 3662 2610 par-

2067 2643 2378 2714 ticipatione
2415 2640 2642 2706 sociari,
2709 2647 2768 2694 ut
2821 2639 2945 2706 quia
2998 2651 3097 2690 vos
3147 2632 3361 2688 abunde
3413 2632 3664 2703 fulgetis,

2024 2728 2045 2743 ‘
2066 2733 2219 2789 nobis
2247 2731 2476 2786 libenter
2494 2730 2560 2784 de
2588 2728 2806 2800 proprio
2835 2723 3121 2796 splendore
3148 2721 3488 2789 mutuemini,
3517 2735 3659 2776 cum

2067 2823 2316 2878 damnum
2345 2837 2450 2876 non
2479 2827 2560 2875 est
2603 2817 2810 2883 lumini,
2841 2816 2993 2870 alteri
3034 2815 3103 2870 de
3139 2829 3238 2868 sua
3268 2813 3513 2868 claritate
3541 2812 3666 2868 lar-

2068 2918 2201 2986 giri?
2229 2915 2432 2972 Fovcte
2461 2913 2722 2969 desideria
2751 2919 2956 2978 nostra,
2985 2924 3105 2980 qua:
3131 2908 3454 2977 cognoscitis
3475 2908 3668 2965 since-

2070 3011 2228 3064 ritate
2258 3007 2546 3078 prtccipua.
2580 3003 2764 3060 Gratia
2793 3010 2972 3058 vestra
3019 3017 3116 3072 per
3142 3001 3321 3056 omnia
3352 3015 3450 3054 nos
3486 3013 3668 3070 regna

2070 3097 2427 3156 commendet.
2461 3094 2676 3150 Debetis
2705 3092 2849 3148 enim
2895 3107 2994 3148 nos
3038 3092 3212 3146 claros
3261 3089 3508 3157 reddere,
3561 3092 3670 3160 qui

2069 3191 2135 3245 de
2163 3196 2337 3244 vestra
2367 3186 2614 3241 volumus
2641 3184 2760 3238 luce
2804 3183 3027 3250 fulgere.
3059 3179 3416 3250 Quapropter,
3445 3180 3671 3235 sereni-

2074 3279 2167 3334 tati
2199 3286 2390 3332 vestra:
2434 3273 2792 3330 reverentiam
2840 3271 3176 3326 salutationis
3215 3270 3544 3341 impertiens,
3577 3271 3674 3325 af-

2071 3367 2310 3423 fcctuosa
2357 3380 2444 3419 tne
2487 3362 2680 3418 animis
2709 3361 2899 3418 vestris
2946 3361 3362 3432 prtesumptione
3389 3375 3675 3416 commen-

2071 3458 2142 3514 do
2167 3474 2179 3509 ;
2214 3470 2436 3526 sperans
2465 3461 2525 3506 ut
2551 3453 2629 3507 sic
2650 3452 2831 3508 omnia
2879 3450 3137 3506 mirabilis
3165 3451 3450 3521 prudentia
3478 3458 3688 3507 vestra

2073 3554 2376 3616 componat,
2419 3551 2684 3613 quatenus
2725 3541 2916 3596 fiducia
2941 3556 3060 3612 qua:
3088 3541 3243 3596 nobis
3270 3540 3338 3595 de
3357 3541 3536 3595 animo
3567 3556 3676 3595 vc-

2073 3647 2186 3693 stro
2233 3635 2358 3690 data
2414 3641 2497 3690 est
2546 3633 2766 3689 uberius
2819 3641 3096 3702 augeatur.
3127 3631 3261 3686 Nam
3291 3647 3411 3687 cum
3459 3633 3678 3690 nullam

2076 3727 2214 3780 inter
2243 3723 2486 3780 Romana
2521 3737 2684 3791 regna
2722 3723 2912 3779 deceat
2941 3738 3059 3778 esse
3099 3722 3438 3787 discordiam,
3487 3736 3678 3778 emer-

2074 3815 2142 3871 sit
2171 3823 2349 3870 tamen
2381 3821 2436 3868 et
2463 3813 2694 3882 qualitas
2720 3813 2818 3878 rei,
2843 3827 2965 3882 qua:
3005 3827 3104 3868 nos
3143 3811 3358 3868 ellicere
3382 3813 3678 3871 chariores

2090 3915 2281 3963 vestra!
2305 3906 2500 3962 debeat
2524 3905 2786 3974 aequitati.

2501 4057 2660 4128 136
2695 4019 3028 4112 Epts'rOLA
3066 4055 3226 4113 xxu.

2246 4161 2553 4202 ιυδτικιλκο
2591 4161 2915 4202 IMPERATORI
2953 4163 3333 4204 THEODAIIADUS
3368 4164 3492 4205 REX.

2084 4237 2273 4290 Pacem
2326 4236 2389 4288 ab
2428 4252 2488 4306 eo
2516 4237 2643 4304 petit
2675 4253 2766 4306 per
2793 4237 3022 4306 legatum
3070 4239 3365 4292 sacerdotio
3393 4237 3598 4293 claram
3622 4251 3682 4296 et

2455 4305 2710 4360 doctrinis
2739 4305 2892 4360 laude
2929 4309 3280 4378 conspicuum.

398 4433 512 4471 rum
537 4424 714 4470 vestra
744 4414 1005 4469 serenitas
1026 4413 1332 4480 destinavit,
1361 4413 1574 4482 qualem
1595 4422 1650 4468 et
1680 4422 1826 4468 tanta
1853 4415 1972 4484 glo-
2003 4441 2057 4500 Β
2151 4417 2432 4483 Retinetis,
2465 4419 2860 4491 sapientissime
2898 4420 3224 4491 principum,
3256 4437 3311 4477 et
3338 4439 3436 4494 per
3464 4424 3684 4493 legatos

399 4511 473 4563 ria
504 4508 686 4562 debuit
709 4507 938 4570 mittere,
971 4517 1024 4560 et
1051 4514 1229 4560 vestra
1253 4506 1408 4560 decet
1435 4505 1692 4574 obsequia
1717 4507 1972 4562 retinere.

401 4601 622 4655 ltubium
652 4601 793 4654 enim
824 4614 930 4654 non
960 4607 1043 4653 est
1069 4598 1212 4653 illam
1261 4613 1440 4655 mores
1478 4599 1608 4654 dare
1663 4599 1792 4671 [ed.,
1843 4601 1976 4654 reti-

400 4690 570 4761 nere],
600 4691 684 4744 cui
715 4691 1029 4744 observatur
1071 4690 1252 4763 [διεῖπε
1293 4689 1485 4754 Forte,
1525 4687 1862 4760 obversatur]
1892 4705 1979 4745 as-

399 4781 569 4844 sidue,
602 4778 730 4833 dum
771 4786 984 4833 constat
1009 4778 1254 4834 defmcari
1301 4780 1540 4833 animum
1581 4779 1739 4834 bonis
1779 4795 1977 4848 praece-

401 4871 670 4940 ptiottibus
699 4869 1019 4922 institutum.
1055 4868 1190 4923 llinc
1210 4877 1294 4923 est
1317 4868 1482 4937 quod,
1515 4877 1692 4924 vestra
1719 4884 1974 4924 reveren-

399 4966 468 5014 tia
507 4961 838 5022 comatoniti,
869 4957 1118 5013 duximus
1147 4957 1502 5012 ordinandum
1550 4966 1611 5012 ut
1633 4959 1747 5012 sive
1773 4958 1977 5013 beatis-

398 5055 562 5108 simus
585 5067 745 5120 papa,
772 5051 884 5105 sive
903 5058 1124 5105 senatus
1150 5049 1508 5118 amplissimus
1543 5049 1660 5104 sine
1685 5049 1863 5119 aliqua
1891 5049 1974 5104 di—

401 5143 599 5196 latione
628 5141 1007 5210 respondeant,
1039 5139 1182 5207 quod
1211 5139 1278 5192 ab
1326 5139 1406 5194 eis
1451 5139 1810 5211 expetendum
1858 5157 1979 5196 esse

397 5232 702 5301 indicastis;
733 5245 802 5286 ne
822 5230 990 5298 gloria
1018 5237 1193 5284 vestra
1215 5229 1390 5283 minus
1409 5230 1705 5286 reverenda
1736 5240 1975 5300 putetur,

400 5321 483 5376 aui
509 5322 740 5376 studium
761 5321 1032 5376 dilationis
1057 5320 1368 5390 opponitur,
1401 5321 1494 5376 sed
1535 5323 1714 5392 potius
1740 5322 1808 5378 de
1836 5323 1979 5377 cele—

398 5414 556 5470 ritate
580 5412 702 5467 facti
730 5413 910 5468 votiva
937 5410 1106 5479 gratia
1147 5411 1316 5480 possit
1371 5412 1574 5478 augeri.
1629 5412 1762 5468 Nam
1828 5411 1977 5467 etde

399 5503 488 5555 illa
517 5517 770 5570 persona,
797 5501 864 5556 de
892 5516 996 5570 qua
1017 5500 1086 5554 ad
1135 5517 1232 5556 nos
1276 5500 1476 5569 aliquid
1519 5501 1686 5557 verbo
1727 5502 1976 5557 litillante

399 5595 662 5658 pervenit,
704 5593 810 5648 hoc
843 5593 1144 5647 ordinatum
1170 5607 1290 5648 esse
1329 5593 1658 5662 cognoscite,
1705 5593 1850 5662 quod
1878 5609 1973 5648 vc-

347 5707 352 5712 -
401 5681 522 5734 stris
551 5683 873 5738 credidimus
899 5682 1090 5742 animis
1118 5683 1426 5738 convenire.
1468 5682 1800 5739 Desideriutn
1827 5685 1972 5740 enim

2082 4517 2322 4577 nostros,
2370 4517 2426 4564 et
2465 4524 2564 4579 per
2589 4511 2761 4564 virum
2803 4510 3209 4567 disertissimum
3238 4513 3475 4580 Petrum,
3507 4529 3683 4583 quem

2077 4615 2247 4670 nuper
2273 4599 2339 4654 ad
2389 4615 2488 4655 nos
2514 4609 2690 4655 vestra
2733 4601 2905 4670 pietas
2955 4601 3240 4656 destinavit
3265 4643 3282 4670 ,
3337 4619 3462 4672 quo.
3491 4607 3687 4664 studio

2078 4689 2420 4744 concordiam
2464 4697 2704 4759 augustae
2749 4690 3056 4744 serenitatis
3102 4699 3369 4758 optemus.
3417 4689 3484 4746 Et
3527 4709 3690 4754 nunc

2082 4778 2276 4833 iterum
2302 4793 2400 4848 per
2420 4779 2567 4833 illum
2594 4779 2768 4832 virum
2797 4778 3191 4840 sanctissimum
3221 4779 3410 4834 eadem
3438 4782 3686 4840 credidi-

2080 4885 2200 4926 mus
2226 4885 2344 4924 esse
2371 4869 2681 4940 repetenda,
2712 4877 2771 4923 ut
2799 4885 2924 4924 vera
2953 4878 3114 4938 atque
3142 4871 3433 4927 all'ectuosa
3457 4873 3683 4941 judice-

2081 4960 2150 5014 tis
2169 4975 2288 5030 quae
2314 4959 2620 5028 frequenter
2647 4960 2884 5028 expetita
2910 4961 3251 5027 cognoscitis.
3279 4961 3474 5017 Pacem
3495 4964 3680 5034 siqui-

2083 5051 2204 5104 dem
2237 5050 2335 5103 sub
2361 5049 2507 5104 omni
2535 5049 2840 5102 sinceritate
2868 5050 3118 5119 petimus,
3145 5050 3235 5118 qui
3265 5066 3454 5106 causas
3485 5062 3680 5110 certa-

2087 5141 2246 5195 minis
2301 5157 2407 5196 non
2439 5141 2716 5196 habemus.
2749 5139 2894 5196 Talis
2939 5157 3068 5211 ergo
3115 5142 3184 5197 ad
3226 5159 3326 5199 nos
3350 5147 3552 5215 veniat,
3597 5153 3690 5210 sic

2084 5234 2400 5302 composita,
2457 5233 2536 5288 sic
2579 5234 2795 5297 decora,
2850 5242 2909 5288 ut
2947 5249 3065 5288 eam
3099 5236 3258 5289 tantis
3283 5237 3424 5291 votis
3469 5241 3686 5299 merito

2083 5325 2361 5393 quazsiisse
2413 5324 2710 5380 videantur.
2767 5325 2919 5379 Absit
2972 5334 3152 5378 autem
3201 5334 3259 5379 ut
3311 5327 3456 5396 quod
3513 5333 3684 5388 nobis

2085 5415 2440 5482 committitur
2461 5415 2657 5469 debeat
2683 5415 2983 5482 ingravare.
3020 5412 3124 5469 Pro
3154 5416 3308 5472 nobis
3347 5415 3494 5488 [ϐυ-η
3543 5419 3682 5477 Niv.

2081 5514 2130 5559 et
2154 5502 2280 5569 (ἔτι,
2312 5501 2488 5574 vobis]
2529 5505 2705 5574 potius
2734 5509 2959 5556 tractato
2989 5503 3130 5572 quod
3170 5507 3441 5560 convenit.
3477 5507 3685 5564 Trahi-

2083 5603 2172 5650 tur
2212 5595 2354 5650 enim
2385 5594 2456 5649 ad
2484 5593 2766 5655 benevola,
2799 5594 2886 5648 cui
2909 5609 3070 5648 causa
3100 5597 3340 5652 creditur
3366 5600 3673 5658 rationabi-

2080 5687 2202 5742 liter
2229 5685 2554 5753 ordinanda;
2594 5700 2696 5744 nec
2737 5694 2915 5755 potest
2949 5686 3229 5744 utilitatem
3259 5691 3534 5758 propriam
3564 5709 3668 5748 att.-
