  <div class='ocr_page' id='page_1' title='image "/cluster/home/n/w/nwhite01/storage/ocr_20150623/69/umn.31951002477362u/416.png"; bbox 0 0 3960 6382; ppageno 0'>
   <div class='ocr_carea' id='block_1_1' title="bbox 237 197 349 254">
    <p class='ocr_par' dir='ltr' id='par_1_1' title="bbox 237 197 349 254">
     <span class='ocr_line' id='line_1_1' title="bbox 237 197 349 254; baseline -0.018 -1"><span class='ocrx_word' id='word_1_1' title='bbox 237 197 349 254; x_wconf 65' lang='grc' dir='ltr'><strong>ὃὶὃ</strong></span> 
     </span>
    </p>
   </div>
   <div class='ocr_carea' id='block_1_2' title="bbox 1566 151 2278 241">
    <p class='ocr_par' dir='ltr' id='par_1_2' title="bbox 1566 151 2278 241">
     <span class='ocr_line' id='line_1_2' title="bbox 1566 151 2278 241; baseline -0.004 0"><span class='ocrx_word' id='word_1_2' title='bbox 1566 151 1929 241; x_wconf 67' lang='grc' dir='ltr'>γΑῐιιειιωιι</span> <span class='ocrx_word' id='word_1_3' title='bbox 1975 181 2174 237; x_wconf 79' lang='lat' dir='ltr'><strong>LIBER</strong></span> <span class='ocrx_word' id='word_1_4' title='bbox 2217 177 2278 238; x_wconf 64' lang='grc' dir='ltr'><strong>Χ.</strong></span> 
     </span>
    </p>
   </div>
   <div class='ocr_carea' id='block_1_3' title="bbox 3448 175 3549 234">
    <p class='ocr_par' dir='ltr' id='par_1_3' title="bbox 3448 175 3549 234">
     <span class='ocr_line' id='line_1_3' title="bbox 3448 175 3549 234; baseline 0 -1"><span class='ocrx_word' id='word_1_5' title='bbox 3448 175 3549 234; x_wconf 65' lang='grc' dir='ltr'><strong>ΜΛ</strong></span> 
     </span>
    </p>
   </div>
   <div class='ocr_carea' id='block_1_4' title="bbox 243 295 3545 379">
    <p class='ocr_par' dir='ltr' id='par_1_4' title="bbox 243 295 3545 379">
     <span class='ocr_line' id='line_1_4' title="bbox 243 295 3545 379; baseline -0.005 -12"><span class='ocrx_word' id='word_1_6' title='bbox 243 313 468 377; x_wconf 75' lang='lat' dir='ltr'><strong>tel‘errc,</strong></span> <span class='ocrx_word' id='word_1_7' title='bbox 503 311 588 366; x_wconf 86' lang='lat' dir='ltr'><strong>cui</strong></span> <span class='ocrx_word' id='word_1_8' title='bbox 641 309 813 379; x_wconf 86' lang='lat' dir='ltr'><strong>magis</strong></span> <span class='ocrx_word' id='word_1_9' title='bbox 855 309 1114 364; x_wconf 71' lang='lat' dir='ltr'><strong>decorum</strong></span> <span class='ocrx_word' id='word_1_10' title='bbox 1147 315 1230 361; x_wconf 84' lang='lat' dir='ltr'><strong>est</strong></span> <span class='ocrx_word' id='word_1_11' title='bbox 1277 304 1517 362; x_wconf 79' lang='lat' dir='ltr'><strong>credenti</strong></span> <span class='ocrx_word' id='word_1_12' title='bbox 1569 302 1847 373; x_wconf 90' lang='lat' dir='ltr'><strong>profutura</strong></span> <span class='ocrx_word' id='word_1_13' title='bbox 1882 302 1928 360; x_wconf 83' lang='grc' dir='ltr'><strong>Α</strong></span> <span class='ocrx_word' id='word_1_14' title='bbox 1956 297 2046 350; x_wconf 86' lang='lat' dir='ltr'><strong>dio</strong></span> <span class='ocrx_word' id='word_1_15' title='bbox 2093 298 2276 367; x_wconf 85' lang='lat' dir='ltr'><strong>opinio</strong></span> <span class='ocrx_word' id='word_1_16' title='bbox 2298 306 2477 352; x_wconf 83' lang='lat' dir='ltr'><strong>vestra</strong></span> <span class='ocrx_word' id='word_1_17' title='bbox 2507 304 2828 352; x_wconf 87' lang='lat' dir='ltr'><strong>cunctorum</strong></span> <span class='ocrx_word' id='word_1_18' title='bbox 2876 295 3235 351; x_wconf 74' lang='lat' dir='ltr'><strong>admiratione</strong></span> <span class='ocrx_word' id='word_1_19' title='bbox 3283 295 3545 352; x_wconf 83' lang='lat' dir='ltr'><strong>laudetur.</strong></span> 
     </span>
    </p>
   </div>
   <div class='ocr_carea' id='block_1_5' title="bbox 243 397 1853 480">
    <p class='ocr_par' dir='ltr' id='par_1_5' title="bbox 243 397 1853 480">
     <span class='ocr_line' id='line_1_5' title="bbox 243 397 1853 480; baseline -0.012 -15"><span class='ocrx_word' id='word_1_20' title='bbox 243 417 530 480; x_wconf 45' lang='grc' dir='ltr'>ιιι-τιμίοις.</span> <span class='ocrx_word' id='word_1_21' title='bbox 608 405 964 460; x_wconf 87' lang='lat' dir='ltr'><strong>Considerate</strong></span> <span class='ocrx_word' id='word_1_22' title='bbox 1008 404 1199 469; x_wconf 86' lang='lat' dir='ltr'><strong>etiam,</strong></span> <span class='ocrx_word' id='word_1_23' title='bbox 1253 400 1522 472; x_wconf 74' lang='lat' dir='ltr'><strong>principes</strong></span> <span class='ocrx_word' id='word_1_24' title='bbox 1579 397 1748 460; x_wconf 90' lang='lat' dir='ltr'><strong>docti,</strong></span> <span class='ocrx_word' id='word_1_25' title='bbox 1798 404 1853 448; x_wconf 91' lang='lat' dir='ltr'><strong>et</strong></span> 
     </span>
    </p>
   </div>
   <div class='ocr_carea' id='block_1_6' title="bbox 241 493 1853 559">
    <p class='ocr_par' dir='ltr' id='par_1_6' title="bbox 241 493 1853 559">
     <span class='ocr_line' id='line_1_6' title="bbox 241 493 1853 559; baseline -0.009 -4"><span class='ocrx_word' id='word_1_26' title='bbox 241 502 408 556; x_wconf 57' lang='lat' dir='ltr'><strong>abavi</strong></span> <span class='ocrx_word' id='word_1_27' title='bbox 441 499 606 554; x_wconf 79' lang='lat' dir='ltr'><strong>vestri</strong></span> <span class='ocrx_word' id='word_1_28' title='bbox 645 499 897 553; x_wconf 84' lang='lat' dir='ltr'><strong>historica</strong></span> <span class='ocrx_word' id='word_1_29' title='bbox 924 497 1252 549; x_wconf 88' lang='lat' dir='ltr'><strong>monimenta</strong></span> <span class='ocrx_word' id='word_1_30' title='bbox 1301 493 1544 554; x_wconf 88' lang='lat' dir='ltr'><strong>recolite,</strong></span> <span class='ocrx_word' id='word_1_31' title='bbox 1593 498 1853 559; x_wconf 86' lang='lat' dir='ltr'><strong>quantum</strong></span> 
     </span>
    </p>
   </div>
   <div class='ocr_carea' id='block_1_7' title="bbox 250 582 1854 653">
    <p class='ocr_par' dir='ltr' id='par_1_7' title="bbox 250 582 1854 653">
     <span class='ocr_line' id='line_1_7' title="bbox 250 582 1854 653; baseline -0.013 0"><span class='ocrx_word' id='word_1_32' title='bbox 250 601 574 653; x_wconf 67' lang='lat' dir='ltr'><strong>decessor-cs</strong></span> <span class='ocrx_word' id='word_1_33' title='bbox 602 591 767 646; x_wconf 87' lang='lat' dir='ltr'><strong>vestri</strong></span> <span class='ocrx_word' id='word_1_34' title='bbox 807 589 1113 645; x_wconf 87' lang='lat' dir='ltr'><strong>studuerint</strong></span> <span class='ocrx_word' id='word_1_35' title='bbox 1151 586 1218 642; x_wconf 89' lang='lat' dir='ltr'><strong>de</strong></span> <span class='ocrx_word' id='word_1_36' title='bbox 1241 602 1341 640; x_wconf 89' lang='lat' dir='ltr'><strong>suo</strong></span> <span class='ocrx_word' id='word_1_37' title='bbox 1365 584 1488 653; x_wconf 85' lang='lat' dir='ltr'><strong>jure</strong></span> <span class='ocrx_word' id='word_1_38' title='bbox 1522 582 1854 650; x_wconf 84' lang='lat' dir='ltr'><strong>relinquere,</strong></span> 
     </span>
    </p>
   </div>
   <div class='ocr_carea' id='block_1_8' title="bbox 252 669 1857 752">
    <p class='ocr_par' dir='ltr' id='par_1_8' title="bbox 252 669 1857 752">
     <span class='ocr_line' id='line_1_8' title="bbox 252 669 1857 752; baseline -0.009 -16"><span class='ocrx_word' id='word_1_39' title='bbox 252 695 316 737; x_wconf 92' lang='lat' dir='ltr'><strong>ut</strong></span> <span class='ocrx_word' id='word_1_40' title='bbox 369 685 449 738; x_wconf 86' lang='lat' dir='ltr'><strong>cis</strong></span> <span class='ocrx_word' id='word_1_41' title='bbox 515 689 804 752; x_wconf 85' lang='lat' dir='ltr'><strong>parentum</strong></span> <span class='ocrx_word' id='word_1_42' title='bbox 874 688 1181 732; x_wconf 69' lang='lat' dir='ltr'><strong>nostrorum</strong></span> <span class='ocrx_word' id='word_1_43' title='bbox 1234 674 1436 730; x_wconf 78' lang='lat' dir='ltr'><strong>ftedcra</strong></span> <span class='ocrx_word' id='word_1_44' title='bbox 1489 669 1857 742; x_wconf 79' lang='lat' dir='ltr'><strong>provtnirent.</strong></span> 
     </span>
    </p>
   </div>
   <div class='ocr_carea' id='block_1_9' title="bbox 257 762 1863 842">
    <p class='ocr_par' dir='ltr' id='par_1_9' title="bbox 257 762 1863 842">
     <span class='ocr_line' id='line_1_9' title="bbox 257 762 1863 842; baseline -0.012 -12"><span class='ocrx_word' id='word_1_45' title='bbox 257 775 551 830; x_wconf 57' lang='grc' dir='ltr'>Αἰςιὶιιιειιε</span> <span class='ocrx_word' id='word_1_46' title='bbox 579 789 685 842; x_wconf 90' lang='lat' dir='ltr'><strong>qua</strong></span> <span class='ocrx_word' id='word_1_47' title='bbox 708 771 878 840; x_wconf 86' lang='lat' dir='ltr'><strong>gratia</strong></span> <span class='ocrx_word' id='word_1_48' title='bbox 909 769 1110 823; x_wconf 77' lang='lat' dir='ltr'><strong>debent</strong></span> <span class='ocrx_word' id='word_1_49' title='bbox 1137 766 1316 822; x_wconf 88' lang='lat' dir='ltr'><strong>oblata</strong></span> <span class='ocrx_word' id='word_1_50' title='bbox 1343 762 1562 832; x_wconf 84' lang='lat' dir='ltr'><strong>suscipi,</strong></span> <span class='ocrx_word' id='word_1_51' title='bbox 1585 775 1706 831; x_wconf 76' lang='lat' dir='ltr'><strong>qua:</strong></span> <span class='ocrx_word' id='word_1_52' title='bbox 1731 776 1863 813; x_wconf 91' lang='lat' dir='ltr'><strong>con-</strong></span> 
     </span>
    </p>
   </div>
   <div class='ocr_carea' id='block_1_10' title="bbox 259 851 1862 932">
    <p class='ocr_par' dir='ltr' id='par_1_10' title="bbox 259 851 1862 932">
     <span class='ocr_line' id='line_1_10' title="bbox 259 851 1862 932; baseline -0.009 -12"><span class='ocrx_word' id='word_1_53' title='bbox 259 871 553 920; x_wconf 72' lang='lat' dir='ltr'><strong>sueverant</strong></span> <span class='ocrx_word' id='word_1_54' title='bbox 599 862 882 932; x_wconf 83' lang='lat' dir='ltr'><strong>postulari.</strong></span> <span class='ocrx_word' id='word_1_55' title='bbox 915 859 1032 914; x_wconf 84' lang='lat' dir='ltr'><strong>Non</strong></span> <span class='ocrx_word' id='word_1_56' title='bbox 1088 865 1404 926; x_wconf 73' lang='lat' dir='ltr'><strong>arroganter</strong></span> <span class='ocrx_word' id='word_1_57' title='bbox 1451 853 1742 922; x_wconf 83' lang='lat' dir='ltr'><strong>loquimur,</strong></span> <span class='ocrx_word' id='word_1_58' title='bbox 1771 851 1862 920; x_wconf 89' lang='lat' dir='ltr'><strong>qui</strong></span> 
     </span>
    </p>
   </div>
   <div class='ocr_carea' id='block_1_11' title="bbox 262 941 1865 1017">
    <p class='ocr_par' dir='ltr' id='par_1_11' title="bbox 262 941 1865 1017">
     <span class='ocr_line' id='line_1_11' title="bbox 262 941 1865 1017; baseline -0.008 -10"><span class='ocrx_word' id='word_1_59' title='bbox 262 957 550 1008; x_wconf 84' lang='lat' dir='ltr'><strong>veritatem</strong></span> <span class='ocrx_word' id='word_1_60' title='bbox 579 953 825 1006; x_wconf 84' lang='lat' dir='ltr'><strong>fatemur.</strong></span> <span class='ocrx_word' id='word_1_61' title='bbox 851 950 1048 1005; x_wconf 78' lang='lat' dir='ltr'><strong>Gloria:</strong></span> <span class='ocrx_word' id='word_1_62' title='bbox 1066 958 1255 1004; x_wconf 71' lang='lat' dir='ltr'><strong>vestra:</strong></span> <span class='ocrx_word' id='word_1_63' title='bbox 1278 947 1459 1017; x_wconf 85' lang='lat' dir='ltr'><strong>potius</strong></span> <span class='ocrx_word' id='word_1_64' title='bbox 1479 941 1694 1013; x_wconf 83' lang='lat' dir='ltr'><strong>prolicit</strong></span> <span class='ocrx_word' id='word_1_65' title='bbox 1719 941 1865 1010; x_wconf 89' lang='lat' dir='ltr'><strong>quod</strong></span> 
     </span>
    </p>
   </div>
   <div class='ocr_carea' id='block_1_12' title="bbox 263 1038 1865 1109">
    <p class='ocr_par' dir='ltr' id='par_1_12' title="bbox 263 1038 1865 1109">
     <span class='ocr_line' id='line_1_12' title="bbox 263 1038 1865 1109; baseline -0.007 -11"><span class='ocrx_word' id='word_1_66' title='bbox 263 1047 642 1100; x_wconf 87' lang='lat' dir='ltr'><strong>demonstrare</strong></span> <span class='ocrx_word' id='word_1_67' title='bbox 675 1042 1072 1102; x_wconf 74' lang='lat' dir='ltr'><strong>contendimus.</strong></span> <span class='ocrx_word' id='word_1_68' title='bbox 1103 1039 1320 1109; x_wconf 80' lang='lat' dir='ltr'><strong>quando</strong></span> <span class='ocrx_word' id='word_1_69' title='bbox 1360 1057 1504 1096; x_wconf 89' lang='lat' dir='ltr'><strong>nunc</strong></span> <span class='ocrx_word' id='word_1_70' title='bbox 1530 1038 1606 1093; x_wconf 88' lang='lat' dir='ltr'><strong>illi</strong></span> <span class='ocrx_word' id='word_1_71' title='bbox 1635 1044 1865 1091; x_wconf 77' lang='lat' dir='ltr'><strong>vestram</strong></span> 
     </span>
    </p>
   </div>
   <div class='ocr_carea' id='block_1_13' title="bbox 265 1125 1870 1202">
    <p class='ocr_par' dir='ltr' id='par_1_13' title="bbox 265 1125 1870 1202">
     <span class='ocr_line' id='line_1_13' title="bbox 265 1125 1870 1202; baseline -0.007 -15"><span class='ocrx_word' id='word_1_72' title='bbox 265 1135 500 1202; x_wconf 77' lang='lat' dir='ltr'><strong>gratiam</strong></span> <span class='ocrx_word' id='word_1_73' title='bbox 531 1132 673 1186; x_wconf 90' lang='lat' dir='ltr'><strong>ultro</strong></span> <span class='ocrx_word' id='word_1_74' title='bbox 695 1138 964 1201; x_wconf 64' lang='lat' dir='ltr'><strong>quaerunt,</strong></span> <span class='ocrx_word' id='word_1_75' title='bbox 1000 1130 1092 1198; x_wconf 89' lang='lat' dir='ltr'><strong>qui</strong></span> <span class='ocrx_word' id='word_1_76' title='bbox 1119 1129 1229 1184; x_wconf 84' lang='lat' dir='ltr'><strong>suis</strong></span> <span class='ocrx_word' id='word_1_77' title='bbox 1267 1128 1582 1198; x_wconf 88' lang='lat' dir='ltr'><strong>parentibus</strong></span> <span class='ocrx_word' id='word_1_78' title='bbox 1617 1125 1870 1180; x_wconf 88' lang='lat' dir='ltr'><strong>meliores</strong></span> 
     </span>
    </p>
   </div>
   <div class='ocr_carea' id='block_1_14' title="bbox 267 1214 1868 1292">
    <p class='ocr_par' dir='ltr' id='par_1_14' title="bbox 267 1214 1868 1292">
     <span class='ocr_line' id='line_1_14' title="bbox 267 1214 1868 1292; baseline -0.008 -13"><span class='ocrx_word' id='word_1_79' title='bbox 267 1240 329 1280; x_wconf 89' lang='lat' dir='ltr'><strong>se</strong></span> <span class='ocrx_word' id='word_1_80' title='bbox 374 1239 494 1278; x_wconf 83' lang='lat' dir='ltr'><strong>esse</strong></span> <span class='ocrx_word' id='word_1_81' title='bbox 539 1229 893 1292; x_wconf 87' lang='lat' dir='ltr'><strong>cognoscunt.</strong></span> <span class='ocrx_word' id='word_1_82' title='bbox 945 1220 1299 1274; x_wconf 79' lang='lat' dir='ltr'><strong>Associentur</strong></span> <span class='ocrx_word' id='word_1_83' title='bbox 1345 1218 1582 1273; x_wconf 81' lang='lat' dir='ltr'><strong>amicitia</strong></span> <span class='ocrx_word' id='word_1_84' title='bbox 1637 1214 1868 1284; x_wconf 84' lang='lat' dir='ltr'><strong>gratuita</strong></span> 
     </span>
    </p>
   </div>
   <div class='ocr_carea' id='block_1_15' title="bbox 270 1307 1870 1384">
    <p class='ocr_par' dir='ltr' id='par_1_15' title="bbox 270 1307 1870 1384">
     <span class='ocr_line' id='line_1_15' title="bbox 270 1307 1870 1384; baseline -0.006 -14"><span class='ocrx_word' id='word_1_85' title='bbox 270 1316 472 1371; x_wconf 83' lang='lat' dir='ltr'><strong>vestris</strong></span> <span class='ocrx_word' id='word_1_86' title='bbox 517 1315 732 1376; x_wconf 87' lang='lat' dir='ltr'><strong>animis,</strong></span> <span class='ocrx_word' id='word_1_87' title='bbox 789 1330 925 1384; x_wconf 92' lang='lat' dir='ltr'><strong>quos</strong></span> <span class='ocrx_word' id='word_1_88' title='bbox 974 1314 1125 1383; x_wconf 86' lang='lat' dir='ltr'><strong>prius</strong></span> <span class='ocrx_word' id='word_1_89' title='bbox 1173 1312 1323 1366; x_wconf 88' lang='lat' dir='ltr'><strong>vobis</strong></span> <span class='ocrx_word' id='word_1_90' title='bbox 1372 1311 1638 1379; x_wconf 74' lang='lat' dir='ltr'><strong>largitatis</strong></span> <span class='ocrx_word' id='word_1_91' title='bbox 1692 1307 1870 1362; x_wconf 90' lang='lat' dir='ltr'><strong>studio</strong></span> 
     </span>
    </p>
   </div>
   <div class='ocr_carea' id='block_1_16' title="bbox 269 1397 1873 1475">
    <p class='ocr_par' dir='ltr' id='par_1_16' title="bbox 269 1397 1873 1475">
     <span class='ocr_line' id='line_1_16' title="bbox 269 1397 1873 1475; baseline -0.006 -14"><span class='ocrx_word' id='word_1_92' title='bbox 269 1405 595 1475; x_wconf 78' lang='lat' dir='ltr'><strong>jungebatis,</strong></span> <span class='ocrx_word' id='word_1_93' title='bbox 619 1421 686 1458; x_wconf 92' lang='lat' dir='ltr'><strong>ne</strong></span> <span class='ocrx_word' id='word_1_94' title='bbox 716 1403 858 1458; x_wconf 87' lang='lat' dir='ltr'><strong>bona</strong></span> <span class='ocrx_word' id='word_1_95' title='bbox 883 1410 1092 1456; x_wconf 91' lang='lat' dir='ltr'><strong>tantum</strong></span> <span class='ocrx_word' id='word_1_96' title='bbox 1126 1403 1341 1456; x_wconf 89' lang='lat' dir='ltr'><strong>illorum</strong></span> <span class='ocrx_word' id='word_1_97' title='bbox 1375 1415 1678 1470; x_wconf 88' lang='lat' dir='ltr'><strong>temporum</strong></span> <span class='ocrx_word' id='word_1_98' title='bbox 1707 1397 1873 1452; x_wconf 84' lang='lat' dir='ltr'><strong>fuisse</strong></span> 
     </span>
    </p>
   </div>
   <div class='ocr_carea' id='block_1_17' title="bbox 274 1489 1874 1562">
    <p class='ocr_par' dir='ltr' id='par_1_17' title="bbox 274 1489 1874 1562">
     <span class='ocr_line' id='line_1_17' title="bbox 274 1489 1874 1562; baseline -0.006 -11"><span class='ocrx_word' id='word_1_99' title='bbox 274 1496 567 1551; x_wconf 83' lang='lat' dir='ltr'><strong>credantur</strong></span> <span class='ocrx_word' id='word_1_100' title='bbox 587 1533 603 1555; x_wconf 93' lang='lat'><strong>,</strong></span> <span class='ocrx_word' id='word_1_101' title='bbox 633 1508 754 1562; x_wconf 78' lang='lat' dir='ltr'><strong>qua:</strong></span> <span class='ocrx_word' id='word_1_102' title='bbox 781 1508 879 1548; x_wconf 92' lang='lat' dir='ltr'><strong>vos</strong></span> <span class='ocrx_word' id='word_1_103' title='bbox 907 1501 964 1548; x_wconf 91' lang='lat' dir='ltr'><strong>et</strong></span> <span class='ocrx_word' id='word_1_104' title='bbox 1007 1494 1230 1562; x_wconf 90' lang='lat' dir='ltr'><strong>copiosa</strong></span> <span class='ocrx_word' id='word_1_105' title='bbox 1269 1492 1601 1560; x_wconf 79' lang='lat' dir='ltr'><strong>benignitate</strong></span> <span class='ocrx_word' id='word_1_106' title='bbox 1638 1489 1874 1555; x_wconf 85' lang='lat' dir='ltr'><strong>vincitis,</strong></span> 
     </span>
    </p>
   </div>
   <div class='ocr_carea' id='block_1_18' title="bbox 277 1579 1877 1652">
    <p class='ocr_par' dir='ltr' id='par_1_18' title="bbox 277 1579 1877 1652">
     <span class='ocr_line' id='line_1_18' title="bbox 277 1579 1877 1652; baseline -0.004 -12"><span class='ocrx_word' id='word_1_107' title='bbox 277 1594 334 1640; x_wconf 86' lang='lat' dir='ltr'><strong>et</strong></span> <span class='ocrx_word' id='word_1_108' title='bbox 358 1584 596 1638; x_wconf 84' lang='lat' dir='ltr'><strong>alflucnti</strong></span> <span class='ocrx_word' id='word_1_109' title='bbox 624 1598 847 1637; x_wconf 90' lang='lat' dir='ltr'><strong>munere</strong></span> <span class='ocrx_word' id='word_1_110' title='bbox 875 1582 1164 1652; x_wconf 79' lang='lat' dir='ltr'><strong>superatis.</strong></span> <span class='ocrx_word' id='word_1_111' title='bbox 1191 1582 1364 1650; x_wconf 82' lang='lat' dir='ltr'><strong>Atque</strong></span> <span class='ocrx_word' id='word_1_112' title='bbox 1387 1582 1509 1636; x_wconf 73' lang='lat' dir='ltr'><strong>ilco</strong></span> <span class='ocrx_word' id='word_1_113' title='bbox 1537 1579 1877 1635; x_wconf 81' lang='lat' dir='ltr'><strong>salutationis</strong></span> 
     </span>
    </p>
   </div>
   <div class='ocr_carea' id='block_1_19' title="bbox 279 1641 2708 1743">
    <p class='ocr_par' dir='ltr' id='par_1_19' title="bbox 279 1641 2708 1743">
     <span class='ocr_line' id='line_1_19' title="bbox 279 1641 2708 1743; baseline -0.004 -14"><span class='ocrx_word' id='word_1_114' title='bbox 279 1673 753 1729; x_wconf 78' lang='lat' dir='ltr'><strong>honorificentiam</strong></span> <span class='ocrx_word' id='word_1_115' title='bbox 781 1641 1080 1743; x_wconf 70' lang='lat' dir='ltr'><strong>prmlocuti,</strong></span> <span class='ocrx_word' id='word_1_116' title='bbox 1112 1672 1258 1725; x_wconf 93' lang='lat' dir='ltr'><strong>illum</strong></span> <span class='ocrx_word' id='word_1_117' title='bbox 1285 1671 1459 1726; x_wconf 87' lang='lat' dir='ltr'><strong>virum</strong></span> <span class='ocrx_word' id='word_1_118' title='bbox 1491 1668 1872 1728; x_wconf 79' lang='lat' dir='ltr'><strong>venerabilem.</strong></span> <span class='ocrx_word' id='word_1_119' title='bbox 1913 1671 1955 1729; x_wconf 77' lang='grc' dir='ltr'><strong><em>Β</em></strong></span> <span class='ocrx_word' id='word_1_120' title='bbox 1981 1659 2118 1743; x_wconf 63' lang='grc' dir='ltr'><strong>Ψυεν</strong></span> <span class='ocrx_word' id='word_1_121' title='bbox 2149 1641 2302 1743; x_wconf 44' lang='lat' dir='ltr'><strong>cui&quot;?</strong></span> <span class='ocrx_word' id='word_1_122' title='bbox 2326 1641 2604 1743; x_wconf 60' lang='lat' dir='ltr'><strong>ffmoquia</strong></span> <span class='ocrx_word' id='word_1_123' title='bbox 2625 1641 2708 1696; x_wconf 69' lang='lat' dir='ltr'><strong>be‘</strong></span> 
     </span>
    </p>
   </div>
   <div class='ocr_carea' id='block_1_20' title="bbox 276 1759 1880 1830">
    <p class='ocr_par' dir='ltr' id='par_1_20' title="bbox 276 1759 1880 1830">
     <span class='ocr_line' id='line_1_20' title="bbox 276 1759 1880 1830; baseline -0.004 -10"><span class='ocrx_word' id='word_1_124' title='bbox 276 1764 586 1820; x_wconf 89' lang='lat' dir='ltr'><strong>sacerdotio</strong></span> <span class='ocrx_word' id='word_1_125' title='bbox 627 1763 852 1830; x_wconf 88' lang='lat' dir='ltr'><strong>clarum,</strong></span> <span class='ocrx_word' id='word_1_126' title='bbox 907 1762 1169 1818; x_wconf 78' lang='lat' dir='ltr'><strong>doctrina:</strong></span> <span class='ocrx_word' id='word_1_127' title='bbox 1200 1761 1360 1816; x_wconf 88' lang='lat' dir='ltr'><strong>laude</strong></span> <span class='ocrx_word' id='word_1_128' title='bbox 1395 1761 1770 1830; x_wconf 88' lang='lat' dir='ltr'><strong>conspicuum,</strong></span> <span class='ocrx_word' id='word_1_129' title='bbox 1802 1759 1880 1814; x_wconf 88' lang='lat' dir='ltr'><strong>le-</strong></span> 
     </span>
    </p>
   </div>
   <div class='ocr_carea' id='block_1_21' title="bbox 276 1853 1879 1926">
    <p class='ocr_par' dir='ltr' id='par_1_21' title="bbox 276 1853 1879 1926">
     <span class='ocr_line' id='line_1_21' title="bbox 276 1853 1879 1926; baseline -0.002 -18"><span class='ocrx_word' id='word_1_130' title='bbox 276 1855 514 1924; x_wconf 86' lang='lat' dir='ltr'><strong>gationis</strong></span> <span class='ocrx_word' id='word_1_131' title='bbox 552 1864 751 1911; x_wconf 78' lang='lat' dir='ltr'><strong>n0str.e</strong></span> <span class='ocrx_word' id='word_1_132' title='bbox 798 1853 863 1908; x_wconf 88' lang='lat' dir='ltr'><strong>ad</strong></span> <span class='ocrx_word' id='word_1_133' title='bbox 903 1855 1162 1926; x_wconf 84' lang='lat' dir='ltr'><strong>pietatem</strong></span> <span class='ocrx_word' id='word_1_134' title='bbox 1191 1863 1427 1908; x_wconf 89' lang='lat' dir='ltr'><strong>vestram</strong></span> <span class='ocrx_word' id='word_1_135' title='bbox 1483 1853 1709 1908; x_wconf 77' lang='lat' dir='ltr'><strong>fecimus</strong></span> <span class='ocrx_word' id='word_1_136' title='bbox 1750 1861 1879 1905; x_wconf 90' lang='lat' dir='ltr'><strong>vota</strong></span> 
     </span>
    </p>
   </div>
   <div class='ocr_carea' id='block_1_22' title="bbox 276 1943 1882 2012">
    <p class='ocr_par' dir='ltr' id='par_1_22' title="bbox 276 1943 1882 2012">
     <span class='ocr_line' id='line_1_22' title="bbox 276 1943 1882 2012; baseline -0.003 -11"><span class='ocrx_word' id='word_1_137' title='bbox 276 1947 514 2001; x_wconf 90' lang='lat' dir='ltr'><strong>deferre.</strong></span> <span class='ocrx_word' id='word_1_138' title='bbox 541 1945 874 2001; x_wconf 87' lang='lat' dir='ltr'><strong>ConliJimus</strong></span> <span class='ocrx_word' id='word_1_139' title='bbox 901 1946 1043 2001; x_wconf 90' lang='lat' dir='ltr'><strong>enim</strong></span> <span class='ocrx_word' id='word_1_140' title='bbox 1085 1946 1138 2000; x_wconf 89' lang='lat' dir='ltr'><strong>in</strong></span> <span class='ocrx_word' id='word_1_141' title='bbox 1169 1945 1370 2000; x_wconf 82' lang='lat' dir='ltr'><strong>virtute</strong></span> <span class='ocrx_word' id='word_1_142' title='bbox 1416 1945 1597 1999; x_wconf 88' lang='lat' dir='ltr'><strong>divina</strong></span> <span class='ocrx_word' id='word_1_143' title='bbox 1642 1943 1786 2012; x_wconf 84' lang='lat' dir='ltr'><strong>quod</strong></span> <span class='ocrx_word' id='word_1_144' title='bbox 1824 1951 1882 1998; x_wconf 92' lang='lat' dir='ltr'><strong>et</strong></span> 
     </span>
    </p>
   </div>
   <div class='ocr_carea' id='block_1_23' title="bbox 279 2035 1880 2108">
    <p class='ocr_par' dir='ltr' id='par_1_23' title="bbox 279 2035 1880 2108">
     <span class='ocr_line' id='line_1_23' title="bbox 279 2035 1880 2108; baseline -0.004 -15"><span class='ocrx_word' id='word_1_145' title='bbox 279 2038 395 2093; x_wconf 88' lang='lat' dir='ltr'><strong>suis</strong></span> <span class='ocrx_word' id='word_1_146' title='bbox 424 2038 628 2094; x_wconf 87' lang='lat' dir='ltr'><strong>meritis</strong></span> <span class='ocrx_word' id='word_1_147' title='bbox 652 2038 810 2094; x_wconf 85' lang='lat' dir='ltr'><strong>vobis</strong></span> <span class='ocrx_word' id='word_1_148' title='bbox 829 2038 1040 2093; x_wconf 88' lang='lat' dir='ltr'><strong>abunde</strong></span> <span class='ocrx_word' id='word_1_149' title='bbox 1067 2036 1296 2108; x_wconf 86' lang='lat' dir='ltr'><strong>placeat,</strong></span> <span class='ocrx_word' id='word_1_150' title='bbox 1323 2044 1378 2091; x_wconf 92' lang='lat' dir='ltr'><strong>et</strong></span> <span class='ocrx_word' id='word_1_151' title='bbox 1399 2035 1666 2091; x_wconf 89' lang='lat' dir='ltr'><strong>desideria</strong></span> <span class='ocrx_word' id='word_1_152' title='bbox 1695 2035 1880 2105; x_wconf 61' lang='lat' dir='ltr'><strong>proba</strong></span> 
     </span>
    </p>
   </div>
   <div class='ocr_carea' id='block_1_24' title="bbox 281 2126 1880 2199">
    <p class='ocr_par' dir='ltr' id='par_1_24' title="bbox 281 2126 1880 2199">
     <span class='ocr_line' id='line_1_24' title="bbox 281 2126 1880 2199; baseline -0.001 -18"><span class='ocrx_word' id='word_1_153' title='bbox 281 2128 562 2199; x_wconf 87' lang='lat' dir='ltr'><strong>petitionis</strong></span> <span class='ocrx_word' id='word_1_154' title='bbox 587 2128 852 2196; x_wconf 89' lang='lat' dir='ltr'><strong>obtineat,</strong></span> <span class='ocrx_word' id='word_1_155' title='bbox 901 2139 1185 2198; x_wconf 84' lang='lat' dir='ltr'><strong>sperantes</strong></span> <span class='ocrx_word' id='word_1_156' title='bbox 1231 2137 1291 2182; x_wconf 92' lang='lat' dir='ltr'><strong>ut</strong></span> <span class='ocrx_word' id='word_1_157' title='bbox 1341 2142 1464 2181; x_wconf 91' lang='lat' dir='ltr'><strong>eum</strong></span> <span class='ocrx_word' id='word_1_158' title='bbox 1514 2142 1637 2181; x_wconf 92' lang='lat' dir='ltr'><strong>cum</strong></span> <span class='ocrx_word' id='word_1_159' title='bbox 1685 2126 1880 2181; x_wconf 70' lang='lat' dir='ltr'><strong>effectu</strong></span> 
     </span>
    </p>
   </div>
   <div class='ocr_carea' id='block_1_25' title="bbox 281 2215 1881 2288">
    <p class='ocr_par' dir='ltr' id='par_1_25' title="bbox 281 2215 1881 2288">
     <span class='ocr_line' id='line_1_25' title="bbox 281 2215 1881 2288; baseline 0 -18"><span class='ocrx_word' id='word_1_160' title='bbox 281 2216 416 2288; x_wconf 64' lang='grc' dir='ltr'><strong><em>[θείη</em></strong></span> <span class='ocrx_word' id='word_1_161' title='bbox 438 2217 656 2288; x_wconf 72' lang='lat' dir='ltr'><strong>aﬂ&#39;ectuj</strong></span> <span class='ocrx_word' id='word_1_162' title='bbox 687 2233 866 2272; x_wconf 91' lang='lat' dir='ltr'><strong>rerum</strong></span> <span class='ocrx_word' id='word_1_163' title='bbox 894 2215 1125 2272; x_wconf 80' lang='lat' dir='ltr'><strong>celerius</strong></span> <span class='ocrx_word' id='word_1_164' title='bbox 1154 2217 1398 2287; x_wconf 89' lang='lat' dir='ltr'><strong>recipere</strong></span> <span class='ocrx_word' id='word_1_165' title='bbox 1427 2216 1747 2272; x_wconf 86' lang='lat' dir='ltr'><strong>debeamus.</strong></span> <span class='ocrx_word' id='word_1_166' title='bbox 1775 2216 1881 2270; x_wconf 83' lang='lat' dir='ltr'><strong>Sed</strong></span> 
     </span>
    </p>
   </div>
   <div class='ocr_carea' id='block_1_26' title="bbox 279 2305 1874 2380">
    <p class='ocr_par' dir='ltr' id='par_1_26' title="bbox 279 2305 1874 2380">
     <span class='ocr_line' id='line_1_26' title="bbox 279 2305 1874 2380; baseline -0.002 -17"><span class='ocrx_word' id='word_1_167' title='bbox 279 2309 409 2380; x_wconf 86' lang='lat' dir='ltr'><strong>quia</strong></span> <span class='ocrx_word' id='word_1_168' title='bbox 435 2309 742 2378; x_wconf 87' lang='lat' dir='ltr'><strong>epistolaris</strong></span> <span class='ocrx_word' id='word_1_169' title='bbox 787 2310 953 2364; x_wconf 88' lang='lat' dir='ltr'><strong>series</strong></span> <span class='ocrx_word' id='word_1_170' title='bbox 996 2308 1277 2364; x_wconf 89' lang='lat' dir='ltr'><strong>continere</strong></span> <span class='ocrx_word' id='word_1_171' title='bbox 1331 2323 1437 2361; x_wconf 91' lang='lat' dir='ltr'><strong>non</strong></span> <span class='ocrx_word' id='word_1_172' title='bbox 1489 2315 1706 2377; x_wconf 89' lang='lat' dir='ltr'><strong>poterat</strong></span> <span class='ocrx_word' id='word_1_173' title='bbox 1759 2305 1874 2360; x_wconf 85' lang='lat' dir='ltr'><strong>uni-</strong></span> 
     </span>
    </p>
   </div>
   <div class='ocr_carea' id='block_1_27' title="bbox 279 2396 1882 2468">
    <p class='ocr_par' dir='ltr' id='par_1_27' title="bbox 279 2396 1882 2468">
     <span class='ocr_line' id='line_1_27' title="bbox 279 2396 1882 2468; baseline -0.004 -12"><span class='ocrx_word' id='word_1_174' title='bbox 279 2414 479 2464; x_wconf 82' lang='lat' dir='ltr'><strong>versa,</strong></span> <span class='ocrx_word' id='word_1_175' title='bbox 530 2399 708 2468; x_wconf 89' lang='lat' dir='ltr'><strong>aliqua</strong></span> <span class='ocrx_word' id='word_1_176' title='bbox 782 2399 951 2454; x_wconf 91' lang='lat' dir='ltr'><strong>sacris</strong></span> <span class='ocrx_word' id='word_1_177' title='bbox 1023 2398 1269 2453; x_wconf 80' lang='lat' dir='ltr'><strong>sensibus</strong></span> <span class='ocrx_word' id='word_1_178' title='bbox 1326 2397 1492 2451; x_wconf 90' lang='lat' dir='ltr'><strong>verbo</strong></span> <span class='ocrx_word' id='word_1_179' title='bbox 1563 2396 1882 2450; x_wconf 89' lang='lat' dir='ltr'><strong>insinuanda</strong></span> 
     </span>
    </p>
   </div>
   <div class='ocr_carea' id='block_1_28' title="bbox 283 2487 1880 2559">
    <p class='ocr_par' dir='ltr' id='par_1_28' title="bbox 283 2487 1880 2559">
     <span class='ocr_line' id='line_1_28' title="bbox 283 2487 1880 2559; baseline -0.005 -9"><span class='ocrx_word' id='word_1_180' title='bbox 283 2493 671 2559; x_wconf 86' lang='lat' dir='ltr'><strong>commisimus,</strong></span> <span class='ocrx_word' id='word_1_181' title='bbox 697 2507 766 2548; x_wconf 92' lang='lat' dir='ltr'><strong>ne</strong></span> <span class='ocrx_word' id='word_1_182' title='bbox 793 2490 1064 2547; x_wconf 67' lang='lat' dir='ltr'><strong>fastidium</strong></span> <span class='ocrx_word' id='word_1_183' title='bbox 1095 2489 1248 2546; x_wconf 89' lang='lat' dir='ltr'><strong>vobis</strong></span> <span class='ocrx_word' id='word_1_184' title='bbox 1277 2487 1477 2546; x_wconf 81' lang='lat' dir='ltr'><strong>faceret</strong></span> <span class='ocrx_word' id='word_1_185' title='bbox 1499 2489 1660 2544; x_wconf 89' lang='lat' dir='ltr'><strong>lectio</strong></span> <span class='ocrx_word' id='word_1_186' title='bbox 1687 2487 1880 2544; x_wconf 78' lang='lat' dir='ltr'><strong>diﬂ&#39;usa</strong></span> 
     </span>
    </p>
   </div>
   <div class='ocr_carea' id='block_1_29' title="bbox 285 2584 619 2640">
    <p class='ocr_par' dir='ltr' id='par_1_29' title="bbox 285 2584 619 2640">
     <span class='ocr_line' id='line_1_29' title="bbox 285 2584 619 2640; baseline -0.003 -1"><span class='ocrx_word' id='word_1_187' title='bbox 285 2584 619 2640; x_wconf 86' lang='lat' dir='ltr'><strong>chartarum.</strong></span> 
     </span>
    </p>
   </div>
   <div class='ocr_carea' id='block_1_30' title="bbox 798 2711 1364 2770">
    <p class='ocr_par' dir='ltr' id='par_1_30' title="bbox 798 2711 1364 2770">
     <span class='ocr_line' id='line_1_30' title="bbox 798 2711 1364 2770; baseline -0.004 -1"><span class='ocrx_word' id='word_1_188' title='bbox 798 2713 1137 2770; x_wconf 76' lang='lat' dir='ltr'><strong>EPISTOLA</strong></span> <span class='ocrx_word' id='word_1_189' title='bbox 1174 2711 1364 2768; x_wconf 76' lang='lat' dir='ltr'><strong>XXIII.</strong></span> 
     </span>
    </p>
   </div>
   <div class='ocr_carea' id='block_1_31' title="bbox 503 2821 1649 2863">
    <p class='ocr_par' dir='ltr' id='par_1_31' title="bbox 503 2821 1649 2863">
     <span class='ocr_line' id='line_1_31' title="bbox 503 2821 1649 2863; baseline -0.003 -1"><span class='ocrx_word' id='word_1_190' title='bbox 503 2823 800 2863; x_wconf 66' lang='grc' dir='ltr'>τιιεοοοιιιε</span> <span class='ocrx_word' id='word_1_191' title='bbox 838 2823 1092 2862; x_wconf 63' lang='grc' dir='ltr'><strong>Αυῦυδτιε</strong></span> <span class='ocrx_word' id='word_1_192' title='bbox 1131 2822 1396 2862; x_wconf 61' lang='grc' dir='ltr'><strong>αυυειικλ</strong></span> <span class='ocrx_word' id='word_1_193' title='bbox 1435 2821 1649 2862; x_wconf 68' lang='lat' dir='ltr'><strong>RECIXA.</strong></span> 
     </span>
    </p>
   </div>
   <div class='ocr_carea' id='block_1_32' title="bbox 291 2894 1884 2971">
    <p class='ocr_par' dir='ltr' id='par_1_32' title="bbox 291 2894 1884 2971">
     <span class='ocr_line' id='line_1_32' title="bbox 291 2894 1884 2971; baseline -0.003 -18"><span class='ocrx_word' id='word_1_194' title='bbox 291 2899 486 2954; x_wconf 77' lang='lat' dir='ltr'><strong>Scribit</strong></span> <span class='ocrx_word' id='word_1_195' title='bbox 511 2915 566 2952; x_wconf 84' lang='lat' dir='ltr'><strong>se</strong></span> <span class='ocrx_word' id='word_1_196' title='bbox 592 2899 857 2968; x_wconf 77' lang='lat' dir='ltr'><strong>excepisse</strong></span> <span class='ocrx_word' id='word_1_197' title='bbox 882 2899 1112 2971; x_wconf 81' lang='lat' dir='ltr'><strong>gratanti</strong></span> <span class='ocrx_word' id='word_1_198' title='bbox 1141 2899 1318 2971; x_wconf 84' lang='lat' dir='ltr'><strong>animo</strong></span> <span class='ocrx_word' id='word_1_199' title='bbox 1352 2896 1563 2971; x_wconf 73' lang='lat' dir='ltr'><strong>Petrum</strong></span> <span class='ocrx_word' id='word_1_200' title='bbox 1597 2895 1709 2971; x_wconf 84' lang='lat' dir='ltr'><strong>ejus</strong></span> <span class='ocrx_word' id='word_1_201' title='bbox 1730 2894 1884 2971; x_wconf 57' lang='lat' dir='ltr'><strong>iega-</strong></span> 
     </span>
    </p>
   </div>
   <div class='ocr_carea' id='block_1_33' title="bbox 363 2966 1886 3040">
    <p class='ocr_par' dir='ltr' id='par_1_33' title="bbox 363 2966 1886 3040">
     <span class='ocr_line' id='line_1_33' title="bbox 363 2966 1886 3040; baseline -0.003 -17"><span class='ocrx_word' id='word_1_202' title='bbox 363 2979 491 3034; x_wconf 81' lang='lat' dir='ltr'><strong>tum,</strong></span> <span class='ocrx_word' id='word_1_203' title='bbox 517 2977 566 3023; x_wconf 84' lang='lat' dir='ltr'><strong>et</strong></span> <span class='ocrx_word' id='word_1_204' title='bbox 591 2986 683 3040; x_wconf 84' lang='lat' dir='ltr'><strong>per</strong></span> <span class='ocrx_word' id='word_1_205' title='bbox 710 2966 899 3033; x_wconf 67' lang='lat' dir='ltr'><strong>uirum,</strong></span> <span class='ocrx_word' id='word_1_206' title='bbox 923 2985 1070 3038; x_wconf 84' lang='lat' dir='ltr'><strong>quem</strong></span> <span class='ocrx_word' id='word_1_207' title='bbox 1091 2969 1161 3021; x_wconf 85' lang='lat' dir='ltr'><strong>ad</strong></span> <span class='ocrx_word' id='word_1_208' title='bbox 1184 2985 1296 3020; x_wconf 84' lang='lat' dir='ltr'><strong>eum</strong></span> <span class='ocrx_word' id='word_1_209' title='bbox 1332 2970 1507 3031; x_wconf 64' lang='lat' dir='ltr'><strong>mittit,</strong></span> <span class='ocrx_word' id='word_1_210' title='bbox 1539 2970 1684 3037; x_wconf 79' lang='lat' dir='ltr'><strong>pacis</strong></span> <span class='ocrx_word' id='word_1_211' title='bbox 1712 2966 1886 3035; x_wconf 78' lang='lat' dir='ltr'><strong>ﬁrmi-</strong></span> 
     </span>
    </p>
   </div>
   <div class='ocr_carea' id='block_1_34' title="bbox 369 3040 1489 3109">
    <p class='ocr_par' dir='ltr' id='par_1_34' title="bbox 369 3040 1489 3109">
     <span class='ocr_line' id='line_1_34' title="bbox 369 3040 1489 3109; baseline -0.001 -16"><span class='ocrx_word' id='word_1_212' title='bbox 369 3050 524 3093; x_wconf 81' lang='lat' dir='ltr'><strong>tatem</strong></span> <span class='ocrx_word' id='word_1_213' title='bbox 552 3040 687 3093; x_wconf 82' lang='lat' dir='ltr'><strong>inter</strong></span> <span class='ocrx_word' id='word_1_214' title='bbox 715 3047 988 3108; x_wconf 83' lang='lat' dir='ltr'><strong>utrumque</strong></span> <span class='ocrx_word' id='word_1_215' title='bbox 1015 3040 1289 3109; x_wconf 85' lang='lat' dir='ltr'><strong>imperium</strong></span> <span class='ocrx_word' id='word_1_216' title='bbox 1319 3048 1489 3109; x_wconf 72' lang='lat' dir='ltr'><strong>rogat.</strong></span> 
     </span>
    </p>
   </div>
   <div class='ocr_carea' id='block_1_35' title="bbox 365 3128 1888 3200">
    <p class='ocr_par' dir='ltr' id='par_1_35' title="bbox 365 3128 1888 3200">
     <span class='ocr_line' id='line_1_35' title="bbox 365 3128 1888 3200; baseline -0.001 -14"><span class='ocrx_word' id='word_1_217' title='bbox 365 3128 732 3200; x_wconf 84' lang='lat' dir='ltr'><strong>Suscipientes</strong></span> <span class='ocrx_word' id='word_1_218' title='bbox 770 3129 1003 3200; x_wconf 87' lang='lat' dir='ltr'><strong>legatum</strong></span> <span class='ocrx_word' id='word_1_219' title='bbox 1037 3138 1269 3186; x_wconf 85' lang='lat' dir='ltr'><strong>vestrum</strong></span> <span class='ocrx_word' id='word_1_220' title='bbox 1301 3130 1474 3185; x_wconf 90' lang='lat' dir='ltr'><strong>virum</strong></span> <span class='ocrx_word' id='word_1_221' title='bbox 1504 3130 1888 3199; x_wconf 85' lang='lat' dir='ltr'><strong>eloquentissi-</strong></span> 
     </span>
    </p>
   </div>
   <div class='ocr_carea' id='block_1_36' title="bbox 294 3221 1893 3293">
    <p class='ocr_par' dir='ltr' id='par_1_36' title="bbox 294 3221 1893 3293">
     <span class='ocr_line' id='line_1_36' title="bbox 294 3221 1893 3293; baseline -0.001 -13"><span class='ocrx_word' id='word_1_222' title='bbox 294 3235 445 3280; x_wconf 87' lang='lat' dir='ltr'><strong>mum</strong></span> <span class='ocrx_word' id='word_1_223' title='bbox 470 3223 714 3292; x_wconf 83' lang='lat' dir='ltr'><strong>I’etrum,</strong></span> <span class='ocrx_word' id='word_1_224' title='bbox 743 3233 818 3288; x_wconf 89' lang='lat' dir='ltr'><strong>et,</strong></span> <span class='ocrx_word' id='word_1_225' title='bbox 849 3223 993 3292; x_wconf 81' lang='lat' dir='ltr'><strong>quod</strong></span> <span class='ocrx_word' id='word_1_226' title='bbox 1027 3231 1112 3278; x_wconf 90' lang='lat' dir='ltr'><strong>est</strong></span> <span class='ocrx_word' id='word_1_227' title='bbox 1141 3221 1272 3293; x_wconf 84' lang='lat' dir='ltr'><strong>ipsis</strong></span> <span class='ocrx_word' id='word_1_228' title='bbox 1293 3223 1642 3291; x_wconf 88' lang='lat' dir='ltr'><strong>dignitatibus</strong></span> <span class='ocrx_word' id='word_1_229' title='bbox 1657 3223 1893 3278; x_wconf 83' lang='lat' dir='ltr'><strong>honora-</strong></span> 
     </span>
    </p>
   </div>
   <div class='ocr_carea' id='block_1_37' title="bbox 296 3313 1894 3385">
    <p class='ocr_par' dir='ltr' id='par_1_37' title="bbox 296 3313 1894 3385">
     <span class='ocr_line' id='line_1_37' title="bbox 296 3313 1894 3385; baseline -0.001 -15"><span class='ocrx_word' id='word_1_230' title='bbox 296 3314 475 3382; x_wconf 89' lang='lat' dir='ltr'><strong>bilius,</strong></span> <span class='ocrx_word' id='word_1_231' title='bbox 517 3315 712 3368; x_wconf 79' lang='lat' dir='ltr'><strong>vestris</strong></span> <span class='ocrx_word' id='word_1_232' title='bbox 757 3313 1031 3383; x_wconf 87' lang='lat' dir='ltr'><strong>obsequiis</strong></span> <span class='ocrx_word' id='word_1_233' title='bbox 1079 3313 1453 3378; x_wconf 68' lang='lat' dir='ltr'><strong>inhaerentem,</strong></span> <span class='ocrx_word' id='word_1_234' title='bbox 1503 3322 1690 3385; x_wconf 80' lang='lat' dir='ltr'><strong>Optata</strong></span> <span class='ocrx_word' id='word_1_235' title='bbox 1739 3313 1894 3369; x_wconf 83' lang='lat' dir='ltr'><strong>nobis</strong></span> 
     </span>
    </p>
   </div>
   <div class='ocr_carea' id='block_1_38' title="bbox 297 3404 1894 3478">
    <p class='ocr_par' dir='ltr' id='par_1_38' title="bbox 297 3404 1894 3478">
     <span class='ocr_line' id='line_1_38' title="bbox 297 3404 1894 3478; baseline -0.002 -14"><span class='ocrx_word' id='word_1_236' title='bbox 297 3419 538 3478; x_wconf 79' lang='lat' dir='ltr'><strong>augusta:</strong></span> <span class='ocrx_word' id='word_1_237' title='bbox 565 3408 753 3476; x_wconf 74' lang='lat' dir='ltr'><strong>gratia:</strong></span> <span class='ocrx_word' id='word_1_238' title='bbox 776 3415 1126 3462; x_wconf 88' lang='lat' dir='ltr'><strong>monumenta</strong></span> <span class='ocrx_word' id='word_1_239' title='bbox 1170 3411 1198 3444; x_wconf 77' lang='grc'><strong>⁸</strong></span> <span class='ocrx_word' id='word_1_240' title='bbox 1228 3404 1513 3470; x_wconf 89' lang='lat' dir='ltr'><strong>fulserunt,</strong></span> <span class='ocrx_word' id='word_1_241' title='bbox 1547 3416 1607 3461; x_wconf 92' lang='lat' dir='ltr'><strong>ut</strong></span> <span class='ocrx_word' id='word_1_242' title='bbox 1635 3424 1730 3478; x_wconf 90' lang='lat' dir='ltr'><strong>per</strong></span> <span class='ocrx_word' id='word_1_243' title='bbox 1770 3423 1894 3462; x_wconf 90' lang='lat' dir='ltr'><strong>cum</strong></span> 
     </span>
    </p>
   </div>
   <div class='ocr_carea' id='block_1_39' title="bbox 298 3497 1897 3570">
    <p class='ocr_par' dir='ltr' id='par_1_39' title="bbox 298 3497 1897 3570">
     <span class='ocr_line' id='line_1_39' title="bbox 298 3497 1897 3570; baseline -0.001 -15"><span class='ocrx_word' id='word_1_244' title='bbox 298 3501 632 3555; x_wconf 87' lang='lat' dir='ltr'><strong>disceremus</strong></span> <span class='ocrx_word' id='word_1_245' title='bbox 659 3507 942 3568; x_wconf 91' lang='lat' dir='ltr'><strong>acceptum</strong></span> <span class='ocrx_word' id='word_1_246' title='bbox 969 3497 1125 3553; x_wconf 82' lang='lat' dir='ltr'><strong>vobis</strong></span> <span class='ocrx_word' id='word_1_247' title='bbox 1173 3513 1290 3553; x_wconf 92' lang='lat' dir='ltr'><strong>esse</strong></span> <span class='ocrx_word' id='word_1_248' title='bbox 1319 3498 1462 3567; x_wconf 91' lang='lat' dir='ltr'><strong>quod</strong></span> <span class='ocrx_word' id='word_1_249' title='bbox 1493 3499 1545 3552; x_wconf 93' lang='lat' dir='ltr'><strong>in</strong></span> <span class='ocrx_word' id='word_1_250' title='bbox 1587 3498 1692 3554; x_wconf 88' lang='lat' dir='ltr'><strong>hac</strong></span> <span class='ocrx_word' id='word_1_251' title='bbox 1735 3516 1897 3570; x_wconf 85' lang='lat' dir='ltr'><strong>repu-</strong></span> 
     </span>
    </p>
   </div>
   <div class='ocr_carea' id='block_1_40' title="bbox 297 3586 1896 3660">
    <p class='ocr_par' dir='ltr' id='par_1_40' title="bbox 297 3586 1896 3660">
     <span class='ocr_line' id='line_1_40' title="bbox 297 3586 1896 3660; baseline 0 -14"><span class='ocrx_word' id='word_1_252' title='bbox 297 3589 440 3646; x_wconf 87' lang='lat' dir='ltr'><strong>blica</strong></span> <span class='ocrx_word' id='word_1_253' title='bbox 470 3597 683 3644; x_wconf 84' lang='lat' dir='ltr'><strong>constat</strong></span> <span class='ocrx_word' id='word_1_254' title='bbox 711 3589 976 3643; x_wconf 87' lang='lat' dir='ltr'><strong>evenisse.</strong></span> <span class='ocrx_word' id='word_1_255' title='bbox 1007 3586 1329 3644; x_wconf 65' lang='lat' dir='ltr'><strong>ostendistis</strong></span> <span class='ocrx_word' id='word_1_256' title='bbox 1358 3605 1455 3644; x_wconf 88' lang='lat' dir='ltr'><strong>vos</strong></span> <span class='ocrx_word' id='word_1_257' title='bbox 1483 3589 1707 3659; x_wconf 82' lang='lat' dir='ltr'><strong>diligere</strong></span> <span class='ocrx_word' id='word_1_258' title='bbox 1735 3591 1896 3660; x_wconf 87' lang='lat' dir='ltr'><strong>quid-</strong></span> 
     </span>
    </p>
   </div>
   <div class='ocr_carea' id='block_1_41' title="bbox 300 3681 1899 3752">
    <p class='ocr_par' dir='ltr' id='par_1_41' title="bbox 300 3681 1899 3752">
     <span class='ocr_line' id='line_1_41' title="bbox 300 3681 1899 3752; baseline 0 -16"><span class='ocrx_word' id='word_1_259' title='bbox 300 3681 430 3751; x_wconf 88' lang='lat' dir='ltr'><strong>quid</strong></span> <span class='ocrx_word' id='word_1_260' title='bbox 459 3681 524 3736; x_wconf 92' lang='lat' dir='ltr'><strong>ad</strong></span> <span class='ocrx_word' id='word_1_261' title='bbox 543 3681 808 3750; x_wconf 88' lang='lat' dir='ltr'><strong>justitiam</strong></span> <span class='ocrx_word' id='word_1_262' title='bbox 831 3681 1177 3750; x_wconf 80' lang='lat' dir='ltr'><strong>cognoscitur</strong></span> <span class='ocrx_word' id='word_1_263' title='bbox 1206 3682 1500 3751; x_wconf 86' lang='lat' dir='ltr'><strong>pertinere,</strong></span> <span class='ocrx_word' id='word_1_264' title='bbox 1530 3683 1769 3752; x_wconf 86' lang='lat' dir='ltr'><strong>quando,</strong></span> <span class='ocrx_word' id='word_1_265' title='bbox 1801 3699 1899 3751; x_wconf 88' lang='lat' dir='ltr'><strong>per</strong></span> 
     </span>
    </p>
   </div>
   <div class='ocr_carea' id='block_1_42' title="bbox 300 3771 1893 3842">
    <p class='ocr_par' dir='ltr' id='par_1_42' title="bbox 300 3771 1893 3842">
     <span class='ocr_line' id='line_1_42' title="bbox 300 3771 1893 3842; baseline -0.001 -14"><span class='ocrx_word' id='word_1_266' title='bbox 300 3773 536 3828; x_wconf 86' lang='lat' dir='ltr'><strong>divinam</strong></span> <span class='ocrx_word' id='word_1_267' title='bbox 566 3773 957 3842; x_wconf 82' lang='lat' dir='ltr'><strong>providentiam</strong></span> <span class='ocrx_word' id='word_1_268' title='bbox 995 3777 1144 3826; x_wconf 91' lang='lat' dir='ltr'><strong>onml</strong></span> <span class='ocrx_word' id='word_1_269' title='bbox 1190 3771 1500 3841; x_wconf 86' lang='lat' dir='ltr'><strong>suspicione</strong></span> <span class='ocrx_word' id='word_1_270' title='bbox 1529 3772 1766 3837; x_wconf 87' lang='lat' dir='ltr'><strong>detersa,</strong></span> <span class='ocrx_word' id='word_1_271' title='bbox 1795 3773 1893 3826; x_wconf 91' lang='lat' dir='ltr'><strong>de-</strong></span> 
     </span>
    </p>
   </div>
   <div class='ocr_carea' id='block_1_43' title="bbox 301 3862 1900 3934">
    <p class='ocr_par' dir='ltr' id='par_1_43' title="bbox 301 3862 1900 3934">
     <span class='ocr_line' id='line_1_43' title="bbox 301 3862 1900 3934; baseline 0 -16"><span class='ocrx_word' id='word_1_272' title='bbox 301 3863 604 3919; x_wconf 91' lang='lat' dir='ltr'><strong>siderabilis</strong></span> <span class='ocrx_word' id='word_1_273' title='bbox 631 3871 810 3934; x_wconf 89' lang='lat' dir='ltr'><strong>potest</strong></span> <span class='ocrx_word' id='word_1_274' title='bbox 851 3863 1181 3917; x_wconf 89' lang='lat' dir='ltr'><strong>unanimitas</strong></span> <span class='ocrx_word' id='word_1_275' title='bbox 1227 3878 1570 3933; x_wconf 85' lang='lat' dir='ltr'><strong>permanere.</strong></span> <span class='ocrx_word' id='word_1_276' title='bbox 1613 3862 1764 3918; x_wconf 77' lang='lat' dir='ltr'><strong>Nunc</strong></span> <span class='ocrx_word' id='word_1_277' title='bbox 1817 3872 1900 3918; x_wconf 90' lang='lat' dir='ltr'><strong>est</strong></span> 
     </span>
    </p>
   </div>
   <div class='ocr_carea' id='block_1_44' title="bbox 307 3953 1897 4026">
    <p class='ocr_par' dir='ltr' id='par_1_44' title="bbox 307 3953 1897 4026">
     <span class='ocr_line' id='line_1_44' title="bbox 307 3953 1897 4026; baseline -0.001 -17"><span class='ocrx_word' id='word_1_278' title='bbox 307 3955 488 4026; x_wconf 87' lang='lat' dir='ltr'><strong>potius</strong></span> <span class='ocrx_word' id='word_1_279' title='bbox 515 3954 661 4025; x_wconf 86' lang='lat' dir='ltr'><strong>quod</strong></span> <span class='ocrx_word' id='word_1_280' title='bbox 691 3969 856 4023; x_wconf 89' lang='lat' dir='ltr'><strong>regna</strong></span> <span class='ocrx_word' id='word_1_281' title='bbox 885 3954 1177 4024; x_wconf 80' lang='lat' dir='ltr'><strong>conjungat</strong></span> <span class='ocrx_word' id='word_1_282' title='bbox 1193 3955 1478 4025; x_wconf 82' lang='lat' dir='ltr'><strong>promissio</strong></span> <span class='ocrx_word' id='word_1_283' title='bbox 1509 3953 1612 4008; x_wconf 86' lang='lat' dir='ltr'><strong>lixa</strong></span> <span class='ocrx_word' id='word_1_284' title='bbox 1644 3965 1696 4009; x_wconf 91' lang='lat' dir='ltr'><strong>et</strong></span> <span class='ocrx_word' id='word_1_285' title='bbox 1718 3956 1897 4010; x_wconf 83' lang='lat' dir='ltr'><strong>votiva</strong></span> 
     </span>
    </p>
   </div>
   <div class='ocr_carea' id='block_1_45' title="bbox 303 4044 1902 4110">
    <p class='ocr_par' dir='ltr' id='par_1_45' title="bbox 303 4044 1902 4110">
     <span class='ocr_line' id='line_1_45' title="bbox 303 4044 1902 4110; baseline -0.001 -8"><span class='ocrx_word' id='word_1_286' title='bbox 303 4046 612 4102; x_wconf 89' lang='lat' dir='ltr'><strong>concordia.</strong></span> <span class='ocrx_word' id='word_1_287' title='bbox 661 4044 730 4099; x_wconf 86' lang='lat' dir='ltr'><strong>Et</strong></span> <span class='ocrx_word' id='word_1_288' title='bbox 759 4045 882 4101; x_wconf 90' lang='lat' dir='ltr'><strong>ideo</strong></span> <span class='ocrx_word' id='word_1_289' title='bbox 911 4045 1058 4100; x_wconf 86' lang='lat' dir='ltr'><strong>illum</strong></span> <span class='ocrx_word' id='word_1_290' title='bbox 1086 4046 1260 4100; x_wconf 84' lang='lat' dir='ltr'><strong>virum</strong></span> <span class='ocrx_word' id='word_1_291' title='bbox 1291 4046 1676 4110; x_wconf 81' lang='lat' dir='ltr'><strong>venerabilem,</strong></span> <span class='ocrx_word' id='word_1_292' title='bbox 1710 4047 1902 4102; x_wconf 82' lang='lat' dir='ltr'><strong>vestris</strong></span> 
     </span>
    </p>
   </div>
   <div class='ocr_carea' id='block_1_46' title="bbox 306 4139 1900 4209">
    <p class='ocr_par' dir='ltr' id='par_1_46' title="bbox 306 4139 1900 4209">
     <span class='ocr_line' id='line_1_46' title="bbox 306 4139 1900 4209; baseline -0.001 -15"><span class='ocrx_word' id='word_1_293' title='bbox 306 4139 685 4209; x_wconf 89' lang='lat' dir='ltr'><strong>conspectibus</strong></span> <span class='ocrx_word' id='word_1_294' title='bbox 714 4154 842 4194; x_wconf 88' lang='lat' dir='ltr'><strong>vere</strong></span> <span class='ocrx_word' id='word_1_295' title='bbox 871 4139 1263 4206; x_wconf 88' lang='lat' dir='ltr'><strong>dignissimum,</strong></span> <span class='ocrx_word' id='word_1_296' title='bbox 1296 4139 1528 4208; x_wconf 88' lang='lat' dir='ltr'><strong>legatum</strong></span> <span class='ocrx_word' id='word_1_297' title='bbox 1561 4149 1803 4195; x_wconf 88' lang='lat' dir='ltr'><strong>nostrum</strong></span> <span class='ocrx_word' id='word_1_298' title='bbox 1833 4139 1900 4193; x_wconf 91' lang='lat' dir='ltr'><strong>ad</strong></span> 
     </span>
    </p>
   </div>
   <div class='ocr_carea' id='block_1_47' title="bbox 306 4231 1902 4304">
    <p class='ocr_par' dir='ltr' id='par_1_47' title="bbox 306 4231 1902 4304">
     <span class='ocr_line' id='line_1_47' title="bbox 306 4231 1902 4304; baseline 0.001 -18"><span class='ocrx_word' id='word_1_299' title='bbox 306 4243 405 4286; x_wconf 83' lang='lat' dir='ltr'><strong>vos</strong></span> <span class='ocrx_word' id='word_1_300' title='bbox 433 4231 740 4304; x_wconf 88' lang='lat' dir='ltr'><strong>specialiter</strong></span> <span class='ocrx_word' id='word_1_301' title='bbox 767 4231 1093 4286; x_wconf 87' lang='lat' dir='ltr'><strong>credidlnms</strong></span> <span class='ocrx_word' id='word_1_302' title='bbox 1133 4247 1253 4287; x_wconf 88' lang='lat' dir='ltr'><strong>esse</strong></span> <span class='ocrx_word' id='word_1_303' title='bbox 1297 4231 1655 4300; x_wconf 86' lang='lat' dir='ltr'><strong>dirigendum,</strong></span> <span class='ocrx_word' id='word_1_304' title='bbox 1685 4239 1762 4295; x_wconf 91' lang='lat' dir='ltr'><strong>ut,</strong></span> <span class='ocrx_word' id='word_1_305' title='bbox 1804 4247 1902 4287; x_wconf 82' lang='lat' dir='ltr'><strong>vo-</strong></span> 
     </span>
    </p>
   </div>
   <div class='ocr_carea' id='block_1_48' title="bbox 303 4323 1902 4395">
    <p class='ocr_par' dir='ltr' id='par_1_48' title="bbox 303 4323 1902 4395">
     <span class='ocr_line' id='line_1_48' title="bbox 303 4323 1902 4395; baseline 0.001 -18"><span class='ocrx_word' id='word_1_306' title='bbox 303 4323 390 4378; x_wconf 88' lang='lat' dir='ltr'><strong>bis</strong></span> <span class='ocrx_word' id='word_1_307' title='bbox 418 4324 796 4387; x_wconf 89' lang='lat' dir='ltr'><strong>annuentibus,</strong></span> <span class='ocrx_word' id='word_1_308' title='bbox 826 4325 1157 4379; x_wconf 74' lang='lat' dir='ltr'><strong>serenissimi</strong></span> <span class='ocrx_word' id='word_1_309' title='bbox 1179 4324 1380 4394; x_wconf 88' lang='lat' dir='ltr'><strong>jugalis</strong></span> <span class='ocrx_word' id='word_1_310' title='bbox 1408 4324 1578 4380; x_wconf 88' lang='lat' dir='ltr'><strong>nostri</strong></span> <span class='ocrx_word' id='word_1_311' title='bbox 1606 4325 1756 4395; x_wconf 82' lang='lat' dir='ltr'><strong>pacis</strong></span> <span class='ocrx_word' id='word_1_312' title='bbox 1781 4340 1902 4394; x_wconf 77' lang='lat' dir='ltr'><strong>gra-</strong></span> 
     </span>
    </p>
   </div>
   <div class='ocr_carea' id='block_1_49' title="bbox 1963 387 3554 457">
    <p class='ocr_par' dir='ltr' id='par_1_49' title="bbox 1963 387 3554 457">
     <span class='ocr_line' id='line_1_49' title="bbox 1963 387 3554 457; baseline 0 -18"><span class='ocrx_word' id='word_1_313' title='bbox 1963 389 2319 442; x_wconf 84' lang='lat' dir='ltr'><strong>l-‘amiliariter</strong></span> <span class='ocrx_word' id='word_1_314' title='bbox 2339 405 2436 444; x_wconf 90' lang='lat' dir='ltr'><strong>vos</strong></span> <span class='ocrx_word' id='word_1_315' title='bbox 2458 395 2516 442; x_wconf 93' lang='lat' dir='ltr'><strong>et</strong></span> <span class='ocrx_word' id='word_1_316' title='bbox 2537 387 2848 457; x_wconf 88' lang='lat' dir='ltr'><strong>frequenter</strong></span> <span class='ocrx_word' id='word_1_317' title='bbox 2878 389 3055 443; x_wconf 86' lang='lat' dir='ltr'><strong>videat</strong></span> <span class='ocrx_word' id='word_1_318' title='bbox 3081 388 3273 442; x_wconf 84' lang='lat' dir='ltr'><strong>barum</strong></span> <span class='ocrx_word' id='word_1_319' title='bbox 3302 388 3554 456; x_wconf 80' lang='lat' dir='ltr'><strong>portitor,</strong></span> 
     </span>
    </p>
   </div>
   <div class='ocr_carea' id='block_1_50' title="bbox 1958 478 3557 549">
    <p class='ocr_par' dir='ltr' id='par_1_50' title="bbox 1958 478 3557 549">
     <span class='ocr_line' id='line_1_50' title="bbox 1958 478 3557 549; baseline -0.001 -19"><span class='ocrx_word' id='word_1_320' title='bbox 1958 493 2123 549; x_wconf 91' lang='lat' dir='ltr'><strong>quem</strong></span> <span class='ocrx_word' id='word_1_321' title='bbox 2151 478 2358 548; x_wconf 79' lang='lat' dir='ltr'><strong>direxi,</strong></span> <span class='ocrx_word' id='word_1_322' title='bbox 2383 487 2652 548; x_wconf 84' lang='lat' dir='ltr'><strong>quatenus</strong></span> <span class='ocrx_word' id='word_1_323' title='bbox 2680 478 2933 535; x_wconf 79' lang='lat' dir='ltr'><strong>eITectum</strong></span> <span class='ocrx_word' id='word_1_324' title='bbox 2964 479 3134 549; x_wconf 86' lang='lat' dir='ltr'><strong>possit</strong></span> <span class='ocrx_word' id='word_1_325' title='bbox 3162 478 3400 533; x_wconf 89' lang='lat' dir='ltr'><strong>celerem</strong></span> <span class='ocrx_word' id='word_1_326' title='bbox 3431 493 3557 548; x_wconf 84' lang='lat' dir='ltr'><strong>pru-</strong></span> 
     </span>
    </p>
   </div>
   <div class='ocr_carea' id='block_1_51' title="bbox 1961 567 3563 641">
    <p class='ocr_par' dir='ltr' id='par_1_51' title="bbox 1961 567 3563 641">
     <span class='ocr_line' id='line_1_51' title="bbox 1961 567 3563 641; baseline -0.002 -17"><span class='ocrx_word' id='word_1_327' title='bbox 1961 571 2182 635; x_wconf 89' lang='lat' dir='ltr'><strong>mereri,</strong></span> <span class='ocrx_word' id='word_1_328' title='bbox 2215 569 2308 638; x_wconf 92' lang='lat' dir='ltr'><strong>qui</strong></span> <span class='ocrx_word' id='word_1_329' title='bbox 2340 569 2410 624; x_wconf 89' lang='lat' dir='ltr'><strong>ad</strong></span> <span class='ocrx_word' id='word_1_330' title='bbox 2451 580 2831 641; x_wconf 74' lang='lat' dir='ltr'><strong>pnesumptam</strong></span> <span class='ocrx_word' id='word_1_331' title='bbox 2872 571 3100 638; x_wconf 75' lang='lat' dir='ltr'><strong>gratiam</strong></span> <span class='ocrx_word' id='word_1_332' title='bbox 3145 570 3294 624; x_wconf 89' lang='lat' dir='ltr'><strong>visus</strong></span> <span class='ocrx_word' id='word_1_333' title='bbox 3339 577 3428 624; x_wconf 84' lang='lat' dir='ltr'><strong>est</strong></span> <span class='ocrx_word' id='word_1_334' title='bbox 3471 567 3563 622; x_wconf 46' lang='lat' dir='ltr'><strong>de.</strong></span> 
     </span>
    </p>
   </div>
   <div class='ocr_carea' id='block_1_52' title="bbox 1962 659 3572 729">
    <p class='ocr_par' dir='ltr' id='par_1_52' title="bbox 1962 659 3572 729">
     <span class='ocr_line' id='line_1_52' title="bbox 1962 659 3572 729; baseline -0.001 -15"><span class='ocrx_word' id='word_1_335' title='bbox 1962 659 2173 714; x_wconf 90' lang='lat' dir='ltr'><strong>stinari.</strong></span> <span class='ocrx_word' id='word_1_336' title='bbox 2217 660 2514 728; x_wconf 78' lang='lat' dir='ltr'><strong>Speramus</strong></span> <span class='ocrx_word' id='word_1_337' title='bbox 2561 661 2702 713; x_wconf 87' lang='lat' dir='ltr'><strong>enim</strong></span> <span class='ocrx_word' id='word_1_338' title='bbox 2739 659 2902 728; x_wconf 78' lang='lat' dir='ltr'><strong>justa,</strong></span> <span class='ocrx_word' id='word_1_339' title='bbox 2936 671 3043 713; x_wconf 73' lang='lat' dir='ltr'><strong>nan</strong></span> <span class='ocrx_word' id='word_1_340' title='bbox 3073 660 3289 729; x_wconf 89' lang='lat' dir='ltr'><strong>gravia,</strong></span> <span class='ocrx_word' id='word_1_341' title='bbox 3321 670 3447 713; x_wconf 78' lang='lat' dir='ltr'><strong>cum</strong></span> <span class='ocrx_word' id='word_1_342' title='bbox 3487 665 3572 712; x_wconf 52' lang='lat' dir='ltr'><strong>ta.</strong></span> 
     </span>
    </p>
   </div>
   <div class='ocr_carea' id='block_1_53' title="bbox 1965 748 3572 821">
    <p class='ocr_par' dir='ltr' id='par_1_53' title="bbox 1965 748 3572 821">
     <span class='ocr_line' id='line_1_53' title="bbox 1965 748 3572 821; baseline -0.002 -16"><span class='ocrx_word' id='word_1_343' title='bbox 1965 765 2090 805; x_wconf 88' lang='lat' dir='ltr'><strong>men</strong></span> <span class='ocrx_word' id='word_1_344' title='bbox 2155 751 2286 804; x_wconf 84' lang='lat' dir='ltr'><strong>nihil</strong></span> <span class='ocrx_word' id='word_1_345' title='bbox 2335 751 2581 805; x_wconf 87' lang='lat' dir='ltr'><strong>videatur</strong></span> <span class='ocrx_word' id='word_1_346' title='bbox 2625 751 2988 821; x_wconf 81' lang='lat' dir='ltr'><strong>impossibile,</strong></span> <span class='ocrx_word' id='word_1_347' title='bbox 3043 750 3189 820; x_wconf 91' lang='lat' dir='ltr'><strong>quod</strong></span> <span class='ocrx_word' id='word_1_348' title='bbox 3248 765 3348 821; x_wconf 88' lang='lat' dir='ltr'><strong>per</strong></span> <span class='ocrx_word' id='word_1_349' title='bbox 3401 748 3572 804; x_wconf 71' lang='lat' dir='ltr'><strong>talem</strong></span> 
     </span>
    </p>
   </div>
   <div class='ocr_carea' id='block_1_54' title="bbox 1966 843 2893 912">
    <p class='ocr_par' dir='ltr' id='par_1_54' title="bbox 1966 843 2893 912">
     <span class='ocr_line' id='line_1_54' title="bbox 1966 843 2893 912; baseline 0 -17"><span class='ocrx_word' id='word_1_350' title='bbox 1966 845 2194 911; x_wconf 78' lang='lat' dir='ltr'><strong>gloriam</strong></span> <span class='ocrx_word' id='word_1_351' title='bbox 2225 843 2606 912; x_wconf 79' lang='lat' dir='ltr'><strong>cagaoscimus</strong></span> <span class='ocrx_word' id='word_1_352' title='bbox 2635 843 2893 911; x_wconf 85' lang='lat' dir='ltr'><strong>allegare.</strong></span> 
     </span>
    </p>
   </div>
   <div class='ocr_carea' id='block_1_55' title="bbox 2495 972 3052 1030">
    <p class='ocr_par' dir='ltr' id='par_1_55' title="bbox 2495 972 3052 1030">
     <span class='ocr_line' id='line_1_55' title="bbox 2495 972 3052 1030; baseline 0 -3"><span class='ocrx_word' id='word_1_353' title='bbox 2495 973 2827 1030; x_wconf 71' lang='lat' dir='ltr'><strong>EPISTULA</strong></span> <span class='ocrx_word' id='word_1_354' title='bbox 2865 972 3052 1028; x_wconf 71' lang='lat' dir='ltr'><strong>XXIV.</strong></span> 
     </span>
    </p>
   </div>
   <div class='ocr_carea' id='block_1_56' title="bbox 2147 1097 3392 1147">
    <p class='ocr_par' dir='ltr' id='par_1_56' title="bbox 2147 1097 3392 1147">
     <span class='ocr_line' id='line_1_56' title="bbox 2147 1097 3392 1147; baseline -0.004 -1"><span class='ocrx_word' id='word_1_355' title='bbox 2147 1101 2454 1147; x_wconf 65' lang='grc' dir='ltr'>ωςτικιλιιο</span> <span class='ocrx_word' id='word_1_356' title='bbox 2490 1102 2818 1146; x_wconf 64' lang='grc' dir='ltr'><strong>ΙΙΡΕΒΔΤΟΒΙ</strong></span> <span class='ocrx_word' id='word_1_357' title='bbox 2865 1103 3130 1144; x_wconf 67' lang='grc' dir='ltr'>(ισυειικιι</span> <span class='ocrx_word' id='word_1_358' title='bbox 3179 1097 3392 1144; x_wconf 68' lang='lat' dir='ltr'><strong>scatat.</strong></span> 
     </span>
    </p>
   </div>
   <div class='ocr_carea' id='block_1_57' title="bbox 1973 1199 3578 1275">
    <p class='ocr_par' dir='ltr' id='par_1_57' title="bbox 1973 1199 3578 1275">
     <span class='ocr_line' id='line_1_57' title="bbox 1973 1199 3578 1275; baseline -0.004 -14"><span class='ocrx_word' id='word_1_359' title='bbox 1973 1203 2186 1261; x_wconf 79' lang='lat' dir='ltr'><strong>Iudicat</strong></span> <span class='ocrx_word' id='word_1_360' title='bbox 2231 1222 2288 1258; x_wconf 85' lang='lat' dir='ltr'><strong>se</strong></span> <span class='ocrx_word' id='word_1_361' title='bbox 2313 1204 2360 1258; x_wconf 88' lang='lat' dir='ltr'><strong>ei</strong></span> <span class='ocrx_word' id='word_1_362' title='bbox 2408 1205 2680 1275; x_wconf 73' lang='lat' dir='ltr'><strong>scripsisse</strong></span> <span class='ocrx_word' id='word_1_363' title='bbox 2723 1219 2816 1274; x_wconf 82' lang='lat' dir='ltr'><strong>per</strong></span> <span class='ocrx_word' id='word_1_364' title='bbox 2858 1201 3195 1275; x_wconf 74' lang='lat' dir='ltr'><strong>Theodaltadi</strong></span> <span class='ocrx_word' id='word_1_365' title='bbox 3227 1199 3476 1275; x_wconf 69' lang='lat' dir='ltr'><strong>legatum,</strong></span> <span class='ocrx_word' id='word_1_366' title='bbox 3521 1203 3578 1254; x_wconf 70' lang='lat' dir='ltr'><strong>ll</strong></span> 
     </span>
    </p>
   </div>
   <div class='ocr_carea' id='block_1_58' title="bbox 2044 1272 3576 1344">
    <p class='ocr_par' dir='ltr' id='par_1_58' title="bbox 2044 1272 3576 1344">
     <span class='ocr_line' id='line_1_58' title="bbox 2044 1272 3576 1344; baseline -0.005 -15"><span class='ocrx_word' id='word_1_367' title='bbox 2044 1278 2248 1330; x_wconf 80' lang='lat' dir='ltr'><strong>rediens</strong></span> <span class='ocrx_word' id='word_1_368' title='bbox 2288 1275 2479 1344; x_wconf 74' lang='lat' dir='ltr'><strong>afferat</strong></span> <span class='ocrx_word' id='word_1_369' title='bbox 2515 1272 2731 1327; x_wconf 63' lang='lat' dir='ltr'><strong>litteras</strong></span> <span class='ocrx_word' id='word_1_370' title='bbox 2764 1274 3094 1344; x_wconf 80' lang='lat' dir='ltr'><strong>imperatoris</strong></span> <span class='ocrx_word' id='word_1_371' title='bbox 3124 1272 3496 1326; x_wconf 75' lang='lat' dir='ltr'><strong>incolumitatis</strong></span> <span class='ocrx_word' id='word_1_372' title='bbox 3527 1279 3576 1324; x_wconf 69' lang='lat' dir='ltr'><strong>at</strong></span> 
     </span>
    </p>
   </div>
   <div class='ocr_carea' id='block_1_59' title="bbox 2045 1344 3466 1418">
    <p class='ocr_par' dir='ltr' id='par_1_59' title="bbox 2045 1344 3466 1418">
     <span class='ocr_line' id='line_1_59' title="bbox 2045 1344 3466 1418; baseline -0.004 -18"><span class='ocrx_word' id='word_1_373' title='bbox 2045 1347 2231 1418; x_wconf 72' lang='lat' dir='ltr'><strong>gratia:</strong></span> <span class='ocrx_word' id='word_1_374' title='bbox 2257 1363 2380 1417; x_wconf 86' lang='lat' dir='ltr'><strong>erga</strong></span> <span class='ocrx_word' id='word_1_375' title='bbox 2407 1350 2577 1416; x_wconf 84' lang='lat' dir='ltr'><strong>ipsam</strong></span> <span class='ocrx_word' id='word_1_376' title='bbox 2598 1344 2914 1399; x_wconf 81' lang='lat' dir='ltr'><strong>Gudetinam</strong></span> <span class='ocrx_word' id='word_1_377' title='bbox 2945 1352 2994 1397; x_wconf 85' lang='lat' dir='ltr'><strong>et</strong></span> <span class='ocrx_word' id='word_1_378' title='bbox 3023 1344 3269 1396; x_wconf 71' lang='lat' dir='ltr'><strong>maritum</strong></span> <span class='ocrx_word' id='word_1_379' title='bbox 3291 1350 3466 1396; x_wconf 79' lang='lat' dir='ltr'><strong>testes.</strong></span> 
     </span>
    </p>
   </div>
   <div class='ocr_carea' id='block_1_60' title="bbox 2049 1451 3575 1528">
    <p class='ocr_par' dir='ltr' id='par_1_60' title="bbox 2049 1451 3575 1528">
     <span class='ocr_line' id='line_1_60' title="bbox 2049 1451 3575 1528; baseline -0.005 -14"><span class='ocrx_word' id='word_1_380' title='bbox 2049 1460 2315 1514; x_wconf 82' lang='lat' dir='ltr'><strong>Veniente</strong></span> <span class='ocrx_word' id='word_1_381' title='bbox 2346 1458 2462 1514; x_wconf 91' lang='lat' dir='ltr'><strong>viro</strong></span> <span class='ocrx_word' id='word_1_382' title='bbox 2493 1457 2895 1528; x_wconf 86' lang='lat' dir='ltr'><strong>sapientissimo</strong></span> <span class='ocrx_word' id='word_1_383' title='bbox 2942 1451 3124 1519; x_wconf 84' lang='lat' dir='ltr'><strong>Petro,</strong></span> <span class='ocrx_word' id='word_1_384' title='bbox 3175 1454 3251 1508; x_wconf 90' lang='lat' dir='ltr'><strong>ita</strong></span> <span class='ocrx_word' id='word_1_385' title='bbox 3291 1467 3392 1508; x_wconf 89' lang='lat' dir='ltr'><strong>nos</strong></span> <span class='ocrx_word' id='word_1_386' title='bbox 3420 1459 3575 1507; x_wconf 81' lang='lat' dir='ltr'><strong>amor</strong></span> 
     </span>
    </p>
   </div>
   <div class='ocr_carea' id='block_1_61' title="bbox 1979 1545 3577 1622">
    <p class='ocr_par' dir='ltr' id='par_1_61' title="bbox 1979 1545 3577 1622">
     <span class='ocr_line' id='line_1_61' title="bbox 1979 1545 3577 1622; baseline -0.005 -14"><span class='ocrx_word' id='word_1_387' title='bbox 1979 1560 2173 1608; x_wconf 67' lang='lat' dir='ltr'><strong>vestrm</strong></span> <span class='ocrx_word' id='word_1_388' title='bbox 2201 1551 2508 1607; x_wconf 88' lang='lat' dir='ltr'><strong>serenitatis</strong></span> <span class='ocrx_word' id='word_1_389' title='bbox 2552 1551 2812 1622; x_wconf 79' lang='lat' dir='ltr'><strong>explevit,</strong></span> <span class='ocrx_word' id='word_1_390' title='bbox 2862 1557 2924 1604; x_wconf 88' lang='lat' dir='ltr'><strong>ut</strong></span> <span class='ocrx_word' id='word_1_391' title='bbox 2962 1549 3160 1603; x_wconf 85' lang='lat' dir='ltr'><strong>vidisse</strong></span> <span class='ocrx_word' id='word_1_392' title='bbox 3197 1563 3298 1602; x_wconf 91' lang='lat' dir='ltr'><strong>nos</strong></span> <span class='ocrx_word' id='word_1_393' title='bbox 3339 1545 3577 1602; x_wconf 69' lang='lat' dir='ltr'><strong>testimo-</strong></span> 
     </span>
    </p>
   </div>
   <div class='ocr_carea' id='block_1_62' title="bbox 2717 1635 3575 1710">
    <p class='ocr_par' dir='ltr' id='par_1_62' title="bbox 2717 1635 3575 1710">
     <span class='ocr_line' id='line_1_62' title="bbox 2717 1635 3575 1710; baseline -0.008 -15"><span class='ocrx_word' id='word_1_394' title='bbox 2717 1641 2856 1710; x_wconf 65' lang='lat' dir='ltr'><strong>ligno</strong></span> <span class='ocrx_word' id='word_1_395' title='bbox 2883 1639 3239 1710; x_wconf 88' lang='lat' dir='ltr'><strong>suscepimus.</strong></span> <span class='ocrx_word' id='word_1_396' title='bbox 3269 1636 3401 1704; x_wconf 87' lang='lat' dir='ltr'><strong>Quis</strong></span> <span class='ocrx_word' id='word_1_397' title='bbox 3429 1635 3575 1690; x_wconf 65' lang='lat' dir='ltr'><strong>enim</strong></span> 
     </span>
    </p>
   </div>
   <div class='ocr_carea' id='block_1_63' title="bbox 1983 1726 3580 1802">
    <p class='ocr_par' dir='ltr' id='par_1_63' title="bbox 1983 1726 3580 1802">
     <span class='ocr_line' id='line_1_63' title="bbox 1983 1726 3580 1802; baseline -0.005 -14"><span class='ocrx_word' id='word_1_398' title='bbox 1983 1742 2132 1788; x_wconf 89' lang='lat' dir='ltr'><strong>tanta</strong></span> <span class='ocrx_word' id='word_1_399' title='bbox 2181 1733 2496 1788; x_wconf 76' lang='lat' dir='ltr'><strong>alfabilitate</strong></span> <span class='ocrx_word' id='word_1_400' title='bbox 2537 1741 2791 1802; x_wconf 87' lang='lat' dir='ltr'><strong>suscepta</strong></span> <span class='ocrx_word' id='word_1_401' title='bbox 2843 1745 2953 1786; x_wconf 91' lang='lat' dir='ltr'><strong>non</strong></span> <span class='ocrx_word' id='word_1_402' title='bbox 2998 1728 3190 1784; x_wconf 87' lang='lat' dir='ltr'><strong>reddat</strong></span> <span class='ocrx_word' id='word_1_403' title='bbox 3215 1726 3580 1784; x_wconf 84' lang='lat' dir='ltr'><strong>venerationis</strong></span> 
     </span>
    </p>
   </div>
   <div class='ocr_carea' id='block_1_64' title="bbox 1981 1820 3581 1893">
    <p class='ocr_par' dir='ltr' id='par_1_64' title="bbox 1981 1820 3581 1893">
     <span class='ocr_line' id='line_1_64' title="bbox 1981 1820 3581 1893; baseline -0.004 -12"><span class='ocrx_word' id='word_1_404' title='bbox 1981 1827 2200 1890; x_wconf 86' lang='lat' dir='ltr'><strong>eximia,</strong></span> <span class='ocrx_word' id='word_1_405' title='bbox 2229 1825 2316 1880; x_wconf 92' lang='lat' dir='ltr'><strong>cui</strong></span> <span class='ocrx_word' id='word_1_406' title='bbox 2355 1835 2482 1879; x_wconf 89' lang='lat' dir='ltr'><strong>ante</strong></span> <span class='ocrx_word' id='word_1_407' title='bbox 2509 1824 2834 1893; x_wconf 84' lang='lat' dir='ltr'><strong>dignationis</strong></span> <span class='ocrx_word' id='word_1_408' title='bbox 2863 1823 3137 1892; x_wconf 88' lang='lat' dir='ltr'><strong>eloquium</strong></span> <span class='ocrx_word' id='word_1_409' title='bbox 3163 1821 3285 1890; x_wconf 84' lang='lat' dir='ltr'><strong>jure</strong></span> <span class='ocrx_word' id='word_1_410' title='bbox 3311 1820 3380 1875; x_wconf 86' lang='lat' dir='ltr'><strong>ab</strong></span> <span class='ocrx_word' id='word_1_411' title='bbox 3405 1821 3581 1876; x_wconf 55' lang='lat' dir='ltr'><strong>omni‘</strong></span> 
     </span>
    </p>
   </div>
   <div class='ocr_carea' id='block_1_65' title="bbox 1979 1909 3582 1972">
    <p class='ocr_par' dir='ltr' id='par_1_65' title="bbox 1979 1909 3582 1972">
     <span class='ocr_line' id='line_1_65' title="bbox 1979 1909 3582 1972; baseline -0.006 0"><span class='ocrx_word' id='word_1_412' title='bbox 1979 1917 2080 1972; x_wconf 90' lang='lat' dir='ltr'><strong>bus</strong></span> <span class='ocrx_word' id='word_1_413' title='bbox 2109 1915 2599 1972; x_wconf 83' lang='lat' dir='ltr'><strong>commendationis</strong></span> <span class='ocrx_word' id='word_1_414' title='bbox 2627 1929 2739 1969; x_wconf 79' lang='lat' dir='ltr'><strong>sua:</strong></span> <span class='ocrx_word' id='word_1_415' title='bbox 2768 1912 3000 1969; x_wconf 90' lang='lat' dir='ltr'><strong>debetur</strong></span> <span class='ocrx_word' id='word_1_416' title='bbox 3025 1910 3304 1967; x_wconf 74' lang='lat' dir='ltr'><strong>ofﬁcium?</strong></span> <span class='ocrx_word' id='word_1_417' title='bbox 3350 1909 3420 1965; x_wconf 84' lang='lat' dir='ltr'><strong>Et</strong></span> <span class='ocrx_word' id='word_1_418' title='bbox 3459 1910 3582 1966; x_wconf 81' lang='lat' dir='ltr'><strong>ideo</strong></span> 
     </span>
    </p>
   </div>
   <div class='ocr_carea' id='block_1_66' title="bbox 1981 1999 3583 2079">
    <p class='ocr_par' dir='ltr' id='par_1_66' title="bbox 1981 1999 3583 2079">
     <span class='ocr_line' id='line_1_66' title="bbox 1981 1999 3583 2079; baseline -0.006 -16"><span class='ocrx_word' id='word_1_419' title='bbox 1981 2025 2080 2079; x_wconf 89' lang='lat' dir='ltr'><strong>per</strong></span> <span class='ocrx_word' id='word_1_420' title='bbox 2103 2009 2252 2062; x_wconf 86' lang='lat' dir='ltr'><strong>illum</strong></span> <span class='ocrx_word' id='word_1_421' title='bbox 2279 2008 2456 2061; x_wconf 88' lang='lat' dir='ltr'><strong>vinmt</strong></span> <span class='ocrx_word' id='word_1_422' title='bbox 2487 2005 2877 2072; x_wconf 88' lang='lat' dir='ltr'><strong>venerabilem,</strong></span> <span class='ocrx_word' id='word_1_423' title='bbox 2923 2003 3159 2072; x_wconf 82' lang='lat' dir='ltr'><strong>legatum</strong></span> <span class='ocrx_word' id='word_1_424' title='bbox 3182 2001 3367 2057; x_wconf 89' lang='lat' dir='ltr'><strong>domni</strong></span> <span class='ocrx_word' id='word_1_425' title='bbox 3387 1999 3583 2072; x_wconf 70' lang='lat' dir='ltr'><strong>iugalis</strong></span> 
     </span>
    </p>
   </div>
   <div class='ocr_carea' id='block_1_67' title="bbox 1983 2091 3580 2166">
    <p class='ocr_par' dir='ltr' id='par_1_67' title="bbox 1983 2091 3580 2166">
     <span class='ocr_line' id='line_1_67' title="bbox 1983 2091 3580 2166; baseline -0.008 -12"><span class='ocrx_word' id='word_1_426' title='bbox 1983 2099 2172 2163; x_wconf 86' lang='lat' dir='ltr'><strong>nostri.</strong></span> <span class='ocrx_word' id='word_1_427' title='bbox 2206 2098 2273 2152; x_wconf 89' lang='lat' dir='ltr'><strong>ad</strong></span> <span class='ocrx_word' id='word_1_428' title='bbox 2302 2113 2399 2152; x_wconf 90' lang='lat' dir='ltr'><strong>vos</strong></span> <span class='ocrx_word' id='word_1_429' title='bbox 2427 2097 2737 2166; x_wconf 89' lang='lat' dir='ltr'><strong>specialiter</strong></span> <span class='ocrx_word' id='word_1_430' title='bbox 2775 2095 3065 2159; x_wconf 83' lang='lat' dir='ltr'><strong>directum,</strong></span> <span class='ocrx_word' id='word_1_431' title='bbox 3115 2091 3425 2148; x_wconf 87' lang='lat' dir='ltr'><strong>salutiferos</strong></span> <span class='ocrx_word' id='word_1_432' title='bbox 3463 2092 3580 2161; x_wconf 83' lang='lat' dir='ltr'><strong>apl-</strong></span> 
     </span>
    </p>
   </div>
   <div class='ocr_carea' id='block_1_68' title="bbox 1982 2187 3581 2253">
    <p class='ocr_par' dir='ltr' id='par_1_68' title="bbox 1982 2187 3581 2253">
     <span class='ocr_line' id='line_1_68' title="bbox 1982 2187 3581 2253; baseline -0.004 -8"><span class='ocrx_word' id='word_1_433' title='bbox 1982 2207 2074 2246; x_wconf 84' lang='lat' dir='ltr'><strong>ces</strong></span> <span class='ocrx_word' id='word_1_434' title='bbox 2103 2191 2412 2245; x_wconf 85' lang='lat' dir='ltr'><strong>curavimus</strong></span> <span class='ocrx_word' id='word_1_435' title='bbox 2439 2187 2820 2253; x_wconf 78' lang='lat' dir='ltr'><strong>destinandos,</strong></span> <span class='ocrx_word' id='word_1_436' title='bbox 2862 2193 2923 2240; x_wconf 90' lang='lat' dir='ltr'><strong>ut</strong></span> <span class='ocrx_word' id='word_1_437' title='bbox 2961 2199 3250 2240; x_wconf 88' lang='lat' dir='ltr'><strong>recurrens</strong></span> <span class='ocrx_word' id='word_1_438' title='bbox 3275 2191 3470 2238; x_wconf 72' lang='lat' dir='ltr'><strong>vestrm</strong></span> <span class='ocrx_word' id='word_1_439' title='bbox 3496 2195 3581 2238; x_wconf 80' lang='lat' dir='ltr'><strong>se-</strong></span> 
     </span>
    </p>
   </div>
   <div class='ocr_carea' id='block_1_69' title="bbox 1983 2273 3582 2350">
    <p class='ocr_par' dir='ltr' id='par_1_69' title="bbox 1983 2273 3582 2350">
     <span class='ocr_line' id='line_1_69' title="bbox 1983 2273 3582 2350; baseline -0.006 -13"><span class='ocrx_word' id='word_1_440' title='bbox 1983 2282 2226 2337; x_wconf 89' lang='lat' dir='ltr'><strong>renitatis</strong></span> <span class='ocrx_word' id='word_1_441' title='bbox 2253 2281 2465 2346; x_wconf 82' lang='lat' dir='ltr'><strong>affatus,</strong></span> <span class='ocrx_word' id='word_1_442' title='bbox 2495 2287 2551 2335; x_wconf 89' lang='lat' dir='ltr'><strong>et</strong></span> <span class='ocrx_word' id='word_1_443' title='bbox 2577 2279 2648 2335; x_wconf 89' lang='lat' dir='ltr'><strong>de</strong></span> <span class='ocrx_word' id='word_1_444' title='bbox 2692 2286 2878 2350; x_wconf 88' lang='lat' dir='ltr'><strong>optata</strong></span> <span class='ocrx_word' id='word_1_445' title='bbox 2909 2277 3286 2332; x_wconf 87' lang='lat' dir='ltr'><strong>incolumitate</strong></span> <span class='ocrx_word' id='word_1_446' title='bbox 3323 2273 3582 2336; x_wconf 71' lang='lat' dir='ltr'><strong>ltetilicet,</strong></span> 
     </span>
    </p>
   </div>
   <div class='ocr_carea' id='block_1_70' title="bbox 1985 2371 3584 2442">
    <p class='ocr_par' dir='ltr' id='par_1_70' title="bbox 1985 2371 3584 2442">
     <span class='ocr_line' id='line_1_70' title="bbox 1985 2371 3584 2442; baseline -0.006 -11"><span class='ocrx_word' id='word_1_447' title='bbox 1985 2385 2042 2431; x_wconf 89' lang='lat' dir='ltr'><strong>et</strong></span> <span class='ocrx_word' id='word_1_448' title='bbox 2069 2375 2136 2431; x_wconf 91' lang='lat' dir='ltr'><strong>de</strong></span> <span class='ocrx_word' id='word_1_449' title='bbox 2165 2374 2485 2430; x_wconf 75' lang='lat' dir='ltr'><strong>firmissima:</strong></span> <span class='ocrx_word' id='word_1_450' title='bbox 2510 2375 2696 2442; x_wconf 79' lang='lat' dir='ltr'><strong>gratia:</strong></span> <span class='ocrx_word' id='word_1_451' title='bbox 2727 2389 2825 2428; x_wconf 91' lang='lat' dir='ltr'><strong>nos</strong></span> <span class='ocrx_word' id='word_1_452' title='bbox 2866 2371 3030 2426; x_wconf 80' lang='lat' dir='ltr'><strong>faciat</strong></span> <span class='ocrx_word' id='word_1_453' title='bbox 3065 2371 3428 2426; x_wconf 79' lang='lat' dir='ltr'><strong>exsultatione</strong></span> <span class='ocrx_word' id='word_1_454' title='bbox 3453 2383 3584 2438; x_wconf 65' lang='grc' dir='ltr'>μιν</span> 
     </span>
    </p>
   </div>
   <div class='ocr_carea' id='block_1_71' title="bbox 1985 2460 3586 2537">
    <p class='ocr_par' dir='ltr' id='par_1_71' title="bbox 1985 2460 3586 2537">
     <span class='ocr_line' id='line_1_71' title="bbox 1985 2460 3586 2537; baseline -0.006 -14"><span class='ocrx_word' id='word_1_455' title='bbox 1985 2469 2134 2524; x_wconf 88' lang='lat' dir='ltr'><strong>dere.</strong></span> <span class='ocrx_word' id='word_1_456' title='bbox 2162 2466 2278 2522; x_wconf 86' lang='lat' dir='ltr'><strong>Tali</strong></span> <span class='ocrx_word' id='word_1_457' title='bbox 2308 2468 2452 2522; x_wconf 88' lang='lat' dir='ltr'><strong>enim</strong></span> <span class='ocrx_word' id='word_1_458' title='bbox 2497 2467 2821 2537; x_wconf 84' lang='lat' dir='ltr'><strong>compendio</strong></span> <span class='ocrx_word' id='word_1_459' title='bbox 2851 2479 3135 2520; x_wconf 88' lang='lat' dir='ltr'><strong>causarum</strong></span> <span class='ocrx_word' id='word_1_460' title='bbox 3166 2463 3304 2518; x_wconf 91' lang='lat' dir='ltr'><strong>bene</strong></span> <span class='ocrx_word' id='word_1_461' title='bbox 3341 2460 3586 2532; x_wconf 83' lang='lat' dir='ltr'><strong>disponi-</strong></span> 
     </span>
    </p>
   </div>
   <div class='ocr_carea' id='block_1_72' title="bbox 1990 2553 3588 2628">
    <p class='ocr_par' dir='ltr' id='par_1_72' title="bbox 1990 2553 3588 2628">
     <span class='ocr_line' id='line_1_72' title="bbox 1990 2553 3588 2628; baseline -0.005 -14"><span class='ocrx_word' id='word_1_462' title='bbox 1990 2571 2078 2614; x_wconf 91' lang='lat' dir='ltr'><strong>tur</strong></span> <span class='ocrx_word' id='word_1_463' title='bbox 2106 2559 2260 2622; x_wconf 89' lang='lat' dir='ltr'><strong>ordo,</strong></span> <span class='ocrx_word' id='word_1_464' title='bbox 2289 2565 2344 2613; x_wconf 92' lang='lat' dir='ltr'><strong>et</strong></span> <span class='ocrx_word' id='word_1_465' title='bbox 2373 2567 2573 2613; x_wconf 66' lang='lat' dir='ltr'><strong>nostra:</strong></span> <span class='ocrx_word' id='word_1_466' title='bbox 2623 2557 3028 2628; x_wconf 81' lang='lat' dir='ltr'><strong>tranquillitatis</strong></span> <span class='ocrx_word' id='word_1_467' title='bbox 3071 2555 3342 2626; x_wconf 85' lang='lat' dir='ltr'><strong>geminata</strong></span> <span class='ocrx_word' id='word_1_468' title='bbox 3389 2553 3588 2609; x_wconf 89' lang='lat' dir='ltr'><strong>crescit</strong></span> 
     </span>
    </p>
   </div>
   <div class='ocr_carea' id='block_1_73' title="bbox 1991 2647 3586 2722">
    <p class='ocr_par' dir='ltr' id='par_1_73' title="bbox 1991 2647 3586 2722">
     <span class='ocr_line' id='line_1_73' title="bbox 1991 2647 3586 2722; baseline -0.005 -14"><span class='ocrx_word' id='word_1_469' title='bbox 1991 2653 2226 2708; x_wconf 82' lang='lat' dir='ltr'><strong>ali&#39;ectio.</strong></span> <span class='ocrx_word' id='word_1_470' title='bbox 2267 2652 2633 2722; x_wconf 87' lang='lat' dir='ltr'><strong>Suscipiamus</strong></span> <span class='ocrx_word' id='word_1_471' title='bbox 2660 2666 2792 2720; x_wconf 87' lang='lat' dir='ltr'><strong>ergo</strong></span> <span class='ocrx_word' id='word_1_472' title='bbox 2833 2651 3001 2706; x_wconf 85' lang='lat' dir='ltr'><strong>vestri</strong></span> <span class='ocrx_word' id='word_1_473' title='bbox 3030 2649 3196 2704; x_wconf 89' lang='lat' dir='ltr'><strong>animi</strong></span> <span class='ocrx_word' id='word_1_474' title='bbox 3243 2649 3387 2704; x_wconf 87' lang='lat' dir='ltr'><strong>bona</strong></span> <span class='ocrx_word' id='word_1_475' title='bbox 3418 2665 3433 2701; x_wconf 88' lang='lat'>:</span> <span class='ocrx_word' id='word_1_476' title='bbox 3460 2647 3586 2717; x_wconf 88' lang='lat' dir='ltr'><strong>quia</strong></span> 
     </span>
    </p>
   </div>
   <div class='ocr_carea' id='block_1_74' title="bbox 1989 2739 3586 2815">
    <p class='ocr_par' dir='ltr' id='par_1_74' title="bbox 1989 2739 3586 2815">
     <span class='ocr_line' id='line_1_74' title="bbox 1989 2739 3586 2815; baseline -0.006 -13"><span class='ocrx_word' id='word_1_477' title='bbox 1989 2746 2095 2802; x_wconf 82' lang='lat' dir='ltr'><strong>hoc</strong></span> <span class='ocrx_word' id='word_1_478' title='bbox 2143 2755 2227 2800; x_wconf 90' lang='lat' dir='ltr'><strong>est</strong></span> <span class='ocrx_word' id='word_1_479' title='bbox 2277 2760 2407 2800; x_wconf 87' lang='lat' dir='ltr'><strong>vere</strong></span> <span class='ocrx_word' id='word_1_480' title='bbox 2461 2744 2644 2814; x_wconf 82' lang='lat' dir='ltr'><strong>regale</strong></span> <span class='ocrx_word' id='word_1_481' title='bbox 2689 2744 3059 2815; x_wconf 89' lang='lat' dir='ltr'><strong>propositum,</strong></span> <span class='ocrx_word' id='word_1_482' title='bbox 3111 2741 3347 2810; x_wconf 79' lang='lat' dir='ltr'><strong>gloriose</strong></span> <span class='ocrx_word' id='word_1_483' title='bbox 3400 2739 3586 2794; x_wconf 80' lang='lat' dir='ltr'><strong>vivere</strong></span> 
     </span>
    </p>
   </div>
   <div class='ocr_carea' id='block_1_75' title="bbox 1990 2832 3592 2906">
    <p class='ocr_par' dir='ltr' id='par_1_75' title="bbox 1990 2832 3592 2906">
     <span class='ocr_line' id='line_1_75' title="bbox 1990 2832 3592 2906; baseline -0.004 -14"><span class='ocrx_word' id='word_1_484' title='bbox 1990 2851 2178 2893; x_wconf 87' lang='lat' dir='ltr'><strong>amore</strong></span> <span class='ocrx_word' id='word_1_485' title='bbox 2205 2844 2543 2892; x_wconf 89' lang='lat' dir='ltr'><strong>cunctorum.</strong></span> <span class='ocrx_word' id='word_1_486' title='bbox 2577 2835 2839 2903; x_wconf 74' lang='lat' dir='ltr'><strong>Qumdam</strong></span> <span class='ocrx_word' id='word_1_487' title='bbox 2865 2835 3020 2892; x_wconf 86' lang='lat' dir='ltr'><strong>vobis</strong></span> <span class='ocrx_word' id='word_1_488' title='bbox 3063 2849 3162 2906; x_wconf 90' lang='lat' dir='ltr'><strong>per</strong></span> <span class='ocrx_word' id='word_1_489' title='bbox 3189 2834 3380 2889; x_wconf 84' lang='lat' dir='ltr'><strong>barum</strong></span> <span class='ocrx_word' id='word_1_490' title='bbox 3418 2832 3592 2902; x_wconf 74' lang='lat' dir='ltr'><strong>porti~</strong></span> 
     </span>
    </p>
   </div>
   <div class='ocr_carea' id='block_1_76' title="bbox 1993 2924 3593 2998">
    <p class='ocr_par' dir='ltr' id='par_1_76' title="bbox 1993 2924 3593 2998">
     <span class='ocr_line' id='line_1_76' title="bbox 1993 2924 3593 2998; baseline -0.003 -14"><span class='ocrx_word' id='word_1_491' title='bbox 1993 2937 2165 2984; x_wconf 89' lang='lat' dir='ltr'><strong>torem</strong></span> <span class='ocrx_word' id='word_1_492' title='bbox 2199 2930 2362 2984; x_wconf 88' lang='lat' dir='ltr'><strong>verbo</strong></span> <span class='ocrx_word' id='word_1_493' title='bbox 2387 2927 2723 2997; x_wconf 85' lang='lat' dir='ltr'><strong>suggerenda</strong></span> <span class='ocrx_word' id='word_1_494' title='bbox 2770 2928 3161 2993; x_wconf 86' lang='lat' dir='ltr'><strong>commisimus,</strong></span> <span class='ocrx_word' id='word_1_495' title='bbox 3209 2941 3332 2998; x_wconf 77' lang='lat' dir='ltr'><strong>qua:</strong></span> <span class='ocrx_word' id='word_1_496' title='bbox 3379 2941 3480 2998; x_wconf 88' lang='lat' dir='ltr'><strong>pro</strong></span> <span class='ocrx_word' id='word_1_497' title='bbox 3508 2924 3593 2980; x_wconf 62' lang='lat' dir='ltr'><strong>inc</strong></span> 
     </span>
    </p>
   </div>
   <div class='ocr_carea' id='block_1_77' title="bbox 1910 3016 3590 3098">
    <p class='ocr_par' dir='ltr' id='par_1_77' title="bbox 1910 3016 3590 3098">
     <span class='ocr_line' id='line_1_77' title="bbox 1910 3016 3590 3098; baseline -0.002 -22"><span class='ocrx_word' id='word_1_498' title='bbox 1910 3036 1958 3098; x_wconf 71' lang='grc' dir='ltr'>ο</span> <span class='ocrx_word' id='word_1_499' title='bbox 1988 3023 2168 3091; x_wconf 85' lang='lat' dir='ltr'><strong>genita</strong></span> <span class='ocrx_word' id='word_1_500' title='bbox 2199 3021 2609 3076; x_wconf 86' lang='lat' dir='ltr'><strong>mansuetudine</strong></span> <span class='ocrx_word' id='word_1_501' title='bbox 2651 3027 2707 3076; x_wconf 91' lang='lat' dir='ltr'><strong>et</strong></span> <span class='ocrx_word' id='word_1_502' title='bbox 2731 3019 2966 3076; x_wconf 76' lang='lat' dir='ltr'><strong>libenter</strong></span> <span class='ocrx_word' id='word_1_503' title='bbox 3007 3021 3257 3091; x_wconf 84' lang='lat' dir='ltr'><strong>accipite,</strong></span> <span class='ocrx_word' id='word_1_504' title='bbox 3301 3028 3358 3075; x_wconf 90' lang='lat' dir='ltr'><strong>et</strong></span> <span class='ocrx_word' id='word_1_505' title='bbox 3400 3016 3590 3075; x_wconf 62' lang='lat' dir='ltr'><strong>emcao</strong></span> 
     </span>
    </p>
   </div>
   <div class='ocr_carea' id='block_1_78' title="bbox 1994 3113 2936 3184">
    <p class='ocr_par' dir='ltr' id='par_1_78' title="bbox 1994 3113 2936 3184">
     <span class='ocr_line' id='line_1_78' title="bbox 1994 3113 2936 3184; baseline -0.003 -16"><span class='ocrx_word' id='word_1_506' title='bbox 1994 3117 2149 3178; x_wconf 87' lang='lat' dir='ltr'><strong>citer,</strong></span> <span class='ocrx_word' id='word_1_507' title='bbox 2177 3113 2288 3168; x_wconf 92' lang='lat' dir='ltr'><strong>Deo</strong></span> <span class='ocrx_word' id='word_1_508' title='bbox 2316 3113 2632 3179; x_wconf 87' lang='lat' dir='ltr'><strong>auxiliante,</strong></span> <span class='ocrx_word' id='word_1_509' title='bbox 2663 3121 2936 3184; x_wconf 75' lang='lat' dir='ltr'><strong>prmstate.</strong></span> 
     </span>
    </p>
   </div>
   <div class='ocr_carea' id='block_1_79' title="bbox 2437 3245 3153 3321">
    <p class='ocr_par' dir='ltr' id='par_1_79' title="bbox 2437 3245 3153 3321">
     <span class='ocr_line' id='line_1_79' title="bbox 2437 3245 3153 3321; baseline -0.003 -20"><span class='ocrx_word' id='word_1_510' title='bbox 2437 3250 2590 3321; x_wconf 76' lang='lat'><strong>167</strong></span> <span class='ocrx_word' id='word_1_511' title='bbox 2623 3245 2954 3301; x_wconf 74' lang='lat' dir='ltr'><strong>EPISTOLA</strong></span> <span class='ocrx_word' id='word_1_512' title='bbox 2994 3245 3153 3301; x_wconf 83' lang='lat' dir='ltr'><strong>xxv.</strong></span> 
     </span>
    </p>
   </div>
   <div class='ocr_carea' id='block_1_80' title="bbox 2175 3357 3408 3401">
    <p class='ocr_par' dir='ltr' id='par_1_80' title="bbox 2175 3357 3408 3401">
     <span class='ocr_line' id='line_1_80' title="bbox 2175 3357 3408 3401; baseline 0.001 -3"><span class='ocrx_word' id='word_1_513' title='bbox 2175 3360 2477 3401; x_wconf 67' lang='lat' dir='ltr'><strong>JU:-T!.\&#39;IANO</strong></span> <span class='ocrx_word' id='word_1_514' title='bbox 2515 3357 2836 3398; x_wconf 64' lang='lat' dir='ltr'><strong>IMPERATORI</strong></span> <span class='ocrx_word' id='word_1_515' title='bbox 2870 3358 3254 3398; x_wconf 68' lang='lat' dir='ltr'><strong>THIODAIIADUS</strong></span> <span class='ocrx_word' id='word_1_516' title='bbox 3283 3359 3408 3399; x_wconf 74' lang='lat' dir='ltr'><strong>an.</strong></span> 
     </span>
    </p>
   </div>
   <div class='ocr_carea' id='block_1_81' title="bbox 2001 3436 3596 3510">
    <p class='ocr_par' dir='ltr' id='par_1_81' title="bbox 2001 3436 3596 3510">
     <span class='ocr_line' id='line_1_81' title="bbox 2001 3436 3596 3510; baseline -0.001 -17"><span class='ocrx_word' id='word_1_517' title='bbox 2001 3438 2276 3510; x_wconf 69' lang='lat' dir='ltr'><strong>Signiﬁcat</strong></span> <span class='ocrx_word' id='word_1_518' title='bbox 2313 3454 2367 3490; x_wconf 82' lang='lat' dir='ltr'><strong>se</strong></span> <span class='ocrx_word' id='word_1_519' title='bbox 2394 3436 2670 3510; x_wconf 70' lang='lat' dir='ltr'><strong>accepisse</strong></span> <span class='ocrx_word' id='word_1_520' title='bbox 2710 3436 2922 3510; x_wconf 72' lang='lat' dir='ltr'><strong>litteras</strong></span> <span class='ocrx_word' id='word_1_521' title='bbox 2954 3437 3284 3506; x_wconf 77' lang='lat' dir='ltr'><strong>imperatoris</strong></span> <span class='ocrx_word' id='word_1_522' title='bbox 3323 3437 3392 3490; x_wconf 75' lang='lat' dir='ltr'><strong>ab</strong></span> <span class='ocrx_word' id='word_1_523' title='bbox 3417 3437 3596 3491; x_wconf 51' lang='lat' dir='ltr'><strong>Hera:</strong></span> 
     </span>
    </p>
   </div>
   <div class='ocr_carea' id='block_1_82' title="bbox 2069 3506 3598 3580">
    <p class='ocr_par' dir='ltr' id='par_1_82' title="bbox 2069 3506 3598 3580">
     <span class='ocr_line' id='line_1_82' title="bbox 2069 3506 3598 3580; baseline 0.003 -20"><span class='ocrx_word' id='word_1_524' title='bbox 2069 3506 2270 3570; x_wconf 74' lang='lat' dir='ltr'><strong>cleuno,</strong></span> <span class='ocrx_word' id='word_1_525' title='bbox 2295 3509 2475 3578; x_wconf 77' lang='lat' dir='ltr'><strong>quibus</strong></span> <span class='ocrx_word' id='word_1_526' title='bbox 2497 3509 2671 3560; x_wconf 86' lang='lat' dir='ltr'><strong>statim</strong></span> <span class='ocrx_word' id='word_1_527' title='bbox 2698 3506 2995 3580; x_wconf 76' lang='lat' dir='ltr'><strong>respondet,</strong></span> <span class='ocrx_word' id='word_1_528' title='bbox 3020 3510 3266 3562; x_wconf 65' lang='lat' dir='ltr'><strong>uenaticas</strong></span> <span class='ocrx_word' id='word_1_529' title='bbox 3291 3523 3348 3561; x_wconf 85' lang='lat' dir='ltr'><strong>se</strong></span> <span class='ocrx_word' id='word_1_530' title='bbox 3366 3525 3463 3578; x_wconf 87' lang='lat' dir='ltr'><strong>pro</strong></span> <span class='ocrx_word' id='word_1_531' title='bbox 3483 3511 3598 3580; x_wconf 72' lang='lat' dir='ltr'><strong>ejus</strong></span> 
     </span>
    </p>
   </div>
   <div class='ocr_carea' id='block_1_83' title="bbox 2075 3579 2812 3647">
    <p class='ocr_par' dir='ltr' id='par_1_83' title="bbox 2075 3579 2812 3647">
     <span class='ocr_line' id='line_1_83' title="bbox 2075 3579 2812 3647; baseline -0.003 -15"><span class='ocrx_word' id='word_1_532' title='bbox 2075 3593 2190 3632; x_wconf 70' lang='lat' dir='ltr'><strong>vero</strong></span> <span class='ocrx_word' id='word_1_533' title='bbox 2212 3584 2281 3630; x_wconf 79' lang='lat' dir='ltr'><strong>ca</strong></span> <span class='ocrx_word' id='word_1_534' title='bbox 2310 3593 2500 3647; x_wconf 78' lang='lat' dir='ltr'><strong>papam</strong></span> <span class='ocrx_word' id='word_1_535' title='bbox 2521 3579 2812 3646; x_wconf 80' lang='lat' dir='ltr'><strong>scripsisse.</strong></span> 
     </span>
    </p>
   </div>
   <div class='ocr_carea' id='block_1_84' title="bbox 2077 3667 3596 3758">
    <p class='ocr_par' dir='ltr' id='par_1_84' title="bbox 2077 3667 3596 3758">
     <span class='ocr_line' id='line_1_84' title="bbox 2077 3667 3596 3758; baseline 0.001 -33"><span class='ocrx_word' id='word_1_536' title='bbox 2077 3671 2178 3726; x_wconf 82' lang='lat' dir='ltr'><strong>Per</strong></span> <span class='ocrx_word' id='word_1_537' title='bbox 2201 3671 2568 3726; x_wconf 85' lang='lat' dir='ltr'><strong>venerabilem</strong></span> <span class='ocrx_word' id='word_1_538' title='bbox 2599 3672 2771 3758; x_wconf 75' lang='lat' dir='ltr'><strong>virum</strong></span> <span class='ocrx_word' id='word_1_539' title='bbox 2813 3669 3204 3727; x_wconf 81' lang='lat' dir='ltr'><strong>Ileracleanum</strong></span> <span class='ocrx_word' id='word_1_540' title='bbox 3227 3669 3372 3746; x_wconf 58' lang='grc' dir='ltr'><strong>[ϐω</strong></span> <span class='ocrx_word' id='word_1_541' title='bbox 3395 3667 3514 3745; x_wconf 86' lang='lat' dir='ltr'><strong>Cuj.</strong></span> <span class='ocrx_word' id='word_1_542' title='bbox 3547 3684 3596 3728; x_wconf 76' lang='lat' dir='ltr'><strong>et</strong></span> 
     </span>
    </p>
   </div>
   <div class='ocr_carea' id='block_1_85' title="bbox 2002 3762 3597 3835">
    <p class='ocr_par' dir='ltr' id='par_1_85' title="bbox 2002 3762 3597 3835">
     <span class='ocr_line' id='line_1_85' title="bbox 2002 3762 3597 3835; baseline 0.001 -17"><span class='ocrx_word' id='word_1_543' title='bbox 2002 3763 2158 3829; x_wconf 60' lang='grc' dir='ltr'><strong>[τοι-η</strong></span> <span class='ocrx_word' id='word_1_544' title='bbox 2191 3762 2530 3834; x_wconf 80' lang='lat' dir='ltr'><strong>Eracemnm]</strong></span> <span class='ocrx_word' id='word_1_545' title='bbox 2562 3763 2938 3835; x_wconf 79' lang='lat' dir='ltr'><strong>presbyterum</strong></span> <span class='ocrx_word' id='word_1_546' title='bbox 2963 3773 3188 3833; x_wconf 81' lang='lat' dir='ltr'><strong>augusta</strong></span> <span class='ocrx_word' id='word_1_547' title='bbox 3219 3765 3375 3820; x_wconf 88' lang='lat' dir='ltr'><strong>nobis</strong></span> <span class='ocrx_word' id='word_1_548' title='bbox 3403 3767 3597 3834; x_wconf 84' lang='lat' dir='ltr'><strong>pagina</strong></span> 
     </span>
    </p>
   </div>
   <div class='ocr_carea' id='block_1_86' title="bbox 2003 3853 3602 3927">
    <p class='ocr_par' dir='ltr' id='par_1_86' title="bbox 2003 3853 3602 3927">
     <span class='ocr_line' id='line_1_86' title="bbox 2003 3853 3602 3927; baseline 0.004 -19"><span class='ocrx_word' id='word_1_549' title='bbox 2003 3863 2196 3910; x_wconf 80' lang='lat' dir='ltr'><strong>vestra:</strong></span> <span class='ocrx_word' id='word_1_550' title='bbox 2238 3853 2545 3908; x_wconf 88' lang='lat' dir='ltr'><strong>serenitatis</strong></span> <span class='ocrx_word' id='word_1_551' title='bbox 2575 3854 2773 3922; x_wconf 86' lang='lat' dir='ltr'><strong>illuxit,</strong></span> <span class='ocrx_word' id='word_1_552' title='bbox 2809 3855 3037 3924; x_wconf 82' lang='lat' dir='ltr'><strong>gratiam</strong></span> <span class='ocrx_word' id='word_1_553' title='bbox 3065 3857 3332 3912; x_wconf 89' lang='lat' dir='ltr'><strong>sermonis</strong></span> <span class='ocrx_word' id='word_1_554' title='bbox 3367 3857 3602 3927; x_wconf 79' lang='lat' dir='ltr'><strong>benigne</strong></span> 
     </span>
    </p>
   </div>
   <div class='ocr_carea' id='block_1_87' title="bbox 2003 3948 3601 4020">
    <p class='ocr_par' dir='ltr' id='par_1_87' title="bbox 2003 3948 3601 4020">
     <span class='ocr_line' id='line_1_87' title="bbox 2003 3948 3601 4020; baseline 0.003 -17"><span class='ocrx_word' id='word_1_555' title='bbox 2003 3951 2263 4014; x_wconf 90' lang='lat' dir='ltr'><strong>tribuens,</strong></span> <span class='ocrx_word' id='word_1_556' title='bbox 2297 3958 2352 4005; x_wconf 89' lang='lat' dir='ltr'><strong>et</strong></span> <span class='ocrx_word' id='word_1_557' title='bbox 2379 3958 2505 4020; x_wconf 89' lang='lat' dir='ltr'><strong>apte</strong></span> <span class='ocrx_word' id='word_1_558' title='bbox 2525 3963 2751 4003; x_wconf 88' lang='lat' dir='ltr'><strong>munera</strong></span> <span class='ocrx_word' id='word_1_559' title='bbox 2791 3948 3134 4004; x_wconf 87' lang='lat' dir='ltr'><strong>salutationis</strong></span> <span class='ocrx_word' id='word_1_560' title='bbox 3161 3949 3508 4020; x_wconf 89' lang='lat' dir='ltr'><strong>impertiens;</strong></span> <span class='ocrx_word' id='word_1_561' title='bbox 3543 3961 3601 4007; x_wconf 88' lang='lat' dir='ltr'><strong>ut</strong></span> 
     </span>
    </p>
   </div>
   <div class='ocr_carea' id='block_1_88' title="bbox 2004 4042 3598 4118">
    <p class='ocr_par' dir='ltr' id='par_1_88' title="bbox 2004 4042 3598 4118">
     <span class='ocr_line' id='line_1_88' title="bbox 2004 4042 3598 4118; baseline 0.004 -19"><span class='ocrx_word' id='word_1_562' title='bbox 2004 4060 2192 4100; x_wconf 80' lang='lat' dir='ltr'><strong>revera</strong></span> <span class='ocrx_word' id='word_1_563' title='bbox 2225 4059 2477 4114; x_wconf 87' lang='lat' dir='ltr'><strong>magnum</strong></span> <span class='ocrx_word' id='word_1_564' title='bbox 2520 4045 2592 4098; x_wconf 87' lang='lat' dir='ltr'><strong>sit</strong></span> <span class='ocrx_word' id='word_1_565' title='bbox 2618 4042 2939 4098; x_wconf 81' lang='lat' dir='ltr'><strong>beneficium</strong></span> <span class='ocrx_word' id='word_1_566' title='bbox 2977 4051 3089 4098; x_wconf 83' lang='lat' dir='ltr'><strong>tam</strong></span> <span class='ocrx_word' id='word_1_567' title='bbox 3128 4059 3294 4100; x_wconf 86' lang='lat' dir='ltr'><strong>suave</strong></span> <span class='ocrx_word' id='word_1_568' title='bbox 3340 4047 3598 4118; x_wconf 88' lang='lat' dir='ltr'><strong>principis</strong></span> 
     </span>
    </p>
   </div>
   <div class='ocr_carea' id='block_1_89' title="bbox 2005 4136 3602 4208">
    <p class='ocr_par' dir='ltr' id='par_1_89' title="bbox 2005 4136 3602 4208">
     <span class='ocr_line' id='line_1_89' title="bbox 2005 4136 3602 4208; baseline 0.002 -14"><span class='ocrx_word' id='word_1_569' title='bbox 2005 4139 2266 4195; x_wconf 76' lang='lat' dir='ltr'><strong>meruisse</strong></span> <span class='ocrx_word' id='word_1_570' title='bbox 2288 4138 2640 4207; x_wconf 88' lang='lat' dir='ltr'><strong>colloquium.</strong></span> <span class='ocrx_word' id='word_1_571' title='bbox 2680 4136 2780 4192; x_wconf 89' lang='lat' dir='ltr'><strong>Cui</strong></span> <span class='ocrx_word' id='word_1_572' title='bbox 2809 4136 3102 4200; x_wconf 82' lang='lat' dir='ltr'><strong>reddimus,</strong></span> <span class='ocrx_word' id='word_1_573' title='bbox 3131 4147 3334 4208; x_wconf 87' lang='lat' dir='ltr'><strong>quanta</strong></span> <span class='ocrx_word' id='word_1_574' title='bbox 3354 4140 3602 4198; x_wconf 70' lang='lat' dir='ltr'><strong>valentius</strong></span> 
     </span>
    </p>
   </div>
   <div class='ocr_carea' id='block_1_90' title="bbox 2006 4233 3604 4305">
    <p class='ocr_par' dir='ltr' id='par_1_90' title="bbox 2006 4233 3604 4305">
     <span class='ocr_line' id='line_1_90' title="bbox 2006 4233 3604 4305; baseline 0.002 -16"><span class='ocrx_word' id='word_1_575' title='bbox 2006 4233 2292 4300; x_wconf 89' lang='lat' dir='ltr'><strong>cbaritate,</strong></span> <span class='ocrx_word' id='word_1_576' title='bbox 2325 4248 2668 4302; x_wconf 89' lang='lat' dir='ltr'><strong>responsum,</strong></span> <span class='ocrx_word' id='word_1_577' title='bbox 2699 4240 2956 4303; x_wconf 88' lang='lat' dir='ltr'><strong>optantes</strong></span> <span class='ocrx_word' id='word_1_578' title='bbox 2986 4242 3045 4288; x_wconf 88' lang='lat' dir='ltr'><strong>ut</strong></span> <span class='ocrx_word' id='word_1_579' title='bbox 3070 4241 3125 4289; x_wconf 89' lang='lat' dir='ltr'><strong>et</strong></span> <span class='ocrx_word' id='word_1_580' title='bbox 3145 4236 3464 4305; x_wconf 83' lang='lat' dir='ltr'><strong>sospitatem</strong></span> <span class='ocrx_word' id='word_1_581' title='bbox 3505 4251 3604 4292; x_wconf 89' lang='lat' dir='ltr'><strong>ve-</strong></span> 
     </span>
    </p>
   </div>
   <div class='ocr_carea' id='block_1_91' title="bbox 2007 4322 3608 4394">
    <p class='ocr_par' dir='ltr' id='par_1_91' title="bbox 2007 4322 3608 4394">
     <span class='ocr_line' id='line_1_91' title="bbox 2007 4322 3608 4394; baseline 0.002 -16"><span class='ocrx_word' id='word_1_582' title='bbox 2007 4332 2173 4379; x_wconf 90' lang='lat' dir='ltr'><strong>stram</strong></span> <span class='ocrx_word' id='word_1_583' title='bbox 2201 4322 2399 4392; x_wconf 64' lang='lat' dir='ltr'><strong>saepius</strong></span> <span class='ocrx_word' id='word_1_584' title='bbox 2423 4338 2524 4377; x_wconf 92' lang='lat' dir='ltr'><strong>nos</strong></span> <span class='ocrx_word' id='word_1_585' title='bbox 2553 4322 2738 4377; x_wconf 90' lang='lat' dir='ltr'><strong>audire</strong></span> <span class='ocrx_word' id='word_1_586' title='bbox 2761 4323 3063 4392; x_wconf 80' lang='lat' dir='ltr'><strong>contingat,</strong></span> <span class='ocrx_word' id='word_1_587' title='bbox 3084 4331 3141 4378; x_wconf 90' lang='lat' dir='ltr'><strong>et</strong></span> <span class='ocrx_word' id='word_1_588' title='bbox 3163 4325 3314 4394; x_wconf 83' lang='lat' dir='ltr'><strong>regni</strong></span> <span class='ocrx_word' id='word_1_589' title='bbox 3343 4326 3506 4382; x_wconf 89' lang='lat' dir='ltr'><strong>vestri</strong></span> <span class='ocrx_word' id='word_1_590' title='bbox 3536 4328 3608 4383; x_wconf 87' lang='lat' dir='ltr'><strong>fc-</strong></span> 
     </span>
    </p>
   </div>
   <div class='ocr_carea' id='block_1_92' title="bbox 306 4412 3609 4486">
    <p class='ocr_par' dir='ltr' id='par_1_92' title="bbox 306 4412 3609 4486">
     <span class='ocr_line' id='line_1_92' title="bbox 306 4412 3609 4486; baseline 0.001 -17"><span class='ocrx_word' id='word_1_591' title='bbox 306 4414 381 4469; x_wconf 87' lang='lat' dir='ltr'><strong>tia</strong></span> <span class='ocrx_word' id='word_1_592' title='bbox 409 4413 692 4483; x_wconf 88' lang='lat' dir='ltr'><strong>solidetur,</strong></span> <span class='ocrx_word' id='word_1_593' title='bbox 724 4424 992 4485; x_wconf 88' lang='lat' dir='ltr'><strong>quatenus</strong></span> <span class='ocrx_word' id='word_1_594' title='bbox 1032 4415 1364 4482; x_wconf 80' lang='lat' dir='ltr'><strong>generalitas</strong></span> <span class='ocrx_word' id='word_1_595' title='bbox 1406 4414 1690 4469; x_wconf 87' lang='lat' dir='ltr'><strong>evidenter</strong></span> <span class='ocrx_word' id='word_1_596' title='bbox 1729 4430 1899 4484; x_wconf 84' lang='lat' dir='ltr'><strong>agno—</strong></span> <span class='ocrx_word' id='word_1_597' title='bbox 1933 4412 1980 4470; x_wconf 89' lang='lat' dir='ltr'><strong>D</strong></span> <span class='ocrx_word' id='word_1_598' title='bbox 2006 4417 2182 4472; x_wconf 92' lang='lat' dir='ltr'><strong>licitas</strong></span> <span class='ocrx_word' id='word_1_599' title='bbox 2210 4431 2427 4486; x_wconf 89' lang='lat' dir='ltr'><strong>semper</strong></span> <span class='ocrx_word' id='word_1_600' title='bbox 2454 4423 2768 4470; x_wconf 87' lang='lat' dir='ltr'><strong>accrescat:</strong></span> <span class='ocrx_word' id='word_1_601' title='bbox 2803 4415 2928 4485; x_wconf 86' lang='lat' dir='ltr'><strong>quia</strong></span> <span class='ocrx_word' id='word_1_602' title='bbox 2969 4415 3075 4470; x_wconf 88' lang='lat' dir='ltr'><strong>tale</strong></span> <span class='ocrx_word' id='word_1_603' title='bbox 3106 4424 3291 4470; x_wconf 89' lang='lat' dir='ltr'><strong>votum</strong></span> <span class='ocrx_word' id='word_1_604' title='bbox 3321 4432 3422 4474; x_wconf 79' lang='lat' dir='ltr'><strong>nos</strong></span> <span class='ocrx_word' id='word_1_605' title='bbox 3450 4417 3609 4474; x_wconf 83' lang='lat' dir='ltr'><strong>decet</strong></span> 
     </span>
    </p>
   </div>
   <div class='ocr_carea' id='block_1_93' title="bbox 304 4506 1906 4577">
    <p class='ocr_par' dir='ltr' id='par_1_93' title="bbox 304 4506 1906 4577">
     <span class='ocr_line' id='line_1_93' title="bbox 304 4506 1906 4577; baseline 0.001 -17"><span class='ocrx_word' id='word_1_606' title='bbox 304 4514 422 4560; x_wconf 82' lang='lat' dir='ltr'><strong>seat</strong></span> <span class='ocrx_word' id='word_1_607' title='bbox 469 4507 665 4561; x_wconf 90' lang='lat' dir='ltr'><strong>merito</strong></span> <span class='ocrx_word' id='word_1_608' title='bbox 708 4507 922 4562; x_wconf 88' lang='lat' dir='ltr'><strong>venisse</strong></span> <span class='ocrx_word' id='word_1_609' title='bbox 970 4523 1068 4562; x_wconf 88' lang='lat' dir='ltr'><strong>nos</strong></span> <span class='ocrx_word' id='word_1_610' title='bbox 1097 4506 1161 4560; x_wconf 89' lang='lat' dir='ltr'><strong>ad</strong></span> <span class='ocrx_word' id='word_1_611' title='bbox 1211 4507 1531 4562; x_wconf 89' lang='lat' dir='ltr'><strong>suavitatem</strong></span> <span class='ocrx_word' id='word_1_612' title='bbox 1563 4506 1778 4562; x_wconf 76' lang='lat' dir='ltr'><strong>fmderis</strong></span> <span class='ocrx_word' id='word_1_613' title='bbox 1809 4521 1906 4577; x_wconf 89' lang='lat' dir='ltr'><strong>per</strong></span> 
     </span>
    </p>
   </div>
   <div class='ocr_carea' id='block_1_94' title="bbox 305 4595 1904 4667">
    <p class='ocr_par' dir='ltr' id='par_1_94' title="bbox 305 4595 1904 4667">
     <span class='ocr_line' id='line_1_94' title="bbox 305 4595 1904 4667; baseline 0.003 -19"><span class='ocrx_word' id='word_1_614' title='bbox 305 4596 415 4650; x_wconf 91' lang='lat' dir='ltr'><strong>tale</strong></span> <span class='ocrx_word' id='word_1_615' title='bbox 441 4595 712 4651; x_wconf 86' lang='lat' dir='ltr'><strong>vinculum</strong></span> <span class='ocrx_word' id='word_1_616' title='bbox 739 4595 1039 4652; x_wconf 88' lang='lat' dir='ltr'><strong>cbaritatis.</strong></span> <span class='ocrx_word' id='word_1_617' title='bbox 1072 4597 1141 4651; x_wconf 82' lang='lat' dir='ltr'><strong>Et</strong></span> <span class='ocrx_word' id='word_1_618' title='bbox 1189 4598 1316 4667; x_wconf 86' lang='lat' dir='ltr'><strong>quia</strong></span> <span class='ocrx_word' id='word_1_619' title='bbox 1369 4598 1538 4652; x_wconf 89' lang='lat' dir='ltr'><strong>semel</strong></span> <span class='ocrx_word' id='word_1_620' title='bbox 1584 4599 1722 4653; x_wconf 89' lang='lat' dir='ltr'><strong>bene</strong></span> <span class='ocrx_word' id='word_1_621' title='bbox 1773 4598 1904 4652; x_wconf 88' lang='lat' dir='ltr'><strong>inita</strong></span> 
     </span>
    </p>
   </div>
   <div class='ocr_carea' id='block_1_95' title="bbox 305 4688 1905 4761">
    <p class='ocr_par' dir='ltr' id='par_1_95' title="bbox 305 4688 1905 4761">
     <span class='ocr_line' id='line_1_95' title="bbox 305 4688 1905 4761; baseline 0.002 -19"><span class='ocrx_word' id='word_1_622' title='bbox 305 4688 453 4742; x_wconf 89' lang='lat' dir='ltr'><strong>nulla</strong></span> <span class='ocrx_word' id='word_1_623' title='bbox 481 4688 681 4744; x_wconf 90' lang='lat' dir='ltr'><strong>debent</strong></span> <span class='ocrx_word' id='word_1_624' title='bbox 717 4690 989 4744; x_wconf 89' lang='lat' dir='ltr'><strong>contraria</strong></span> <span class='ocrx_word' id='word_1_625' title='bbox 1032 4690 1320 4745; x_wconf 86' lang='lat' dir='ltr'><strong>occasione</strong></span> <span class='ocrx_word' id='word_1_626' title='bbox 1358 4691 1636 4760; x_wconf 77' lang='lat' dir='ltr'><strong>SttSpelltli,</strong></span> <span class='ocrx_word' id='word_1_627' title='bbox 1689 4691 1733 4744; x_wconf 86' lang='lat' dir='ltr'><strong>si</strong></span> <span class='ocrx_word' id='word_1_628' title='bbox 1777 4691 1905 4761; x_wconf 88' lang='lat' dir='ltr'><strong>quid</strong></span> 
     </span>
    </p>
   </div>
   <div class='ocr_carea' id='block_1_96' title="bbox 305 4780 1905 4853">
    <p class='ocr_par' dir='ltr' id='par_1_96' title="bbox 305 4780 1905 4853">
     <span class='ocr_line' id='line_1_96' title="bbox 305 4780 1905 4853; baseline 0.001 -19"><span class='ocrx_word' id='word_1_629' title='bbox 305 4780 565 4852; x_wconf 89' lang='lat' dir='ltr'><strong>estquod</strong></span> <span class='ocrx_word' id='word_1_630' title='bbox 610 4780 928 4838; x_wconf 84' lang='lat' dir='ltr'><strong>difficultate</strong></span> <span class='ocrx_word' id='word_1_631' title='bbox 966 4784 1048 4839; x_wconf 89' lang='lat' dir='ltr'><strong>sui</strong></span> <span class='ocrx_word' id='word_1_632' title='bbox 1080 4783 1237 4838; x_wconf 88' lang='lat' dir='ltr'><strong>nobis</strong></span> <span class='ocrx_word' id='word_1_633' title='bbox 1265 4798 1373 4838; x_wconf 89' lang='lat' dir='ltr'><strong>non</strong></span> <span class='ocrx_word' id='word_1_634' title='bbox 1419 4791 1638 4853; x_wconf 91' lang='lat' dir='ltr'><strong>oportet</strong></span> <span class='ocrx_word' id='word_1_635' title='bbox 1679 4783 1905 4852; x_wconf 87' lang='lat' dir='ltr'><strong>imponi,</strong></span> 
     </span>
    </p>
   </div>
   <div class='ocr_carea' id='block_1_97' title="bbox 305 4873 1901 4944">
    <p class='ocr_par' dir='ltr' id='par_1_97' title="bbox 305 4873 1901 4944">
     <span class='ocr_line' id='line_1_97' title="bbox 305 4873 1901 4944; baseline 0.004 -19"><span class='ocrx_word' id='word_1_636' title='bbox 305 4873 586 4942; x_wconf 64' lang='lat' dir='ltr'><strong>sapientiae</strong></span> <span class='ocrx_word' id='word_1_637' title='bbox 613 4882 808 4929; x_wconf 77' lang='lat' dir='ltr'><strong>vestrm</strong></span> <span class='ocrx_word' id='word_1_638' title='bbox 837 4875 1211 4931; x_wconf 90' lang='lat' dir='ltr'><strong>moderatione</strong></span> <span class='ocrx_word' id='word_1_639' title='bbox 1239 4876 1537 4944; x_wconf 87' lang='lat' dir='ltr'><strong>mitigetur,</strong></span> <span class='ocrx_word' id='word_1_640' title='bbox 1568 4883 1627 4930; x_wconf 92' lang='lat' dir='ltr'><strong>ut</strong></span> <span class='ocrx_word' id='word_1_641' title='bbox 1652 4873 1901 4931; x_wconf 76' lang='lat' dir='ltr'><strong>affectum</strong></span> 
     </span>
    </p>
   </div>
   <div class='ocr_carea' id='block_1_98' title="bbox 305 4965 1903 5036">
    <p class='ocr_par' dir='ltr' id='par_1_98' title="bbox 305 4965 1903 5036">
     <span class='ocr_line' id='line_1_98' title="bbox 305 4965 1903 5036; baseline 0.001 -17"><span class='ocrx_word' id='word_1_642' title='bbox 305 4980 470 5034; x_wconf 89' lang='lat' dir='ltr'><strong>quem</strong></span> <span class='ocrx_word' id='word_1_643' title='bbox 498 4965 642 5020; x_wconf 89' lang='lat' dir='ltr'><strong>circa</strong></span> <span class='ocrx_word' id='word_1_644' title='bbox 685 4977 913 5033; x_wconf 82' lang='lat' dir='ltr'><strong>regnum</strong></span> <span class='ocrx_word' id='word_1_645' title='bbox 943 4975 1182 5022; x_wconf 90' lang='lat' dir='ltr'><strong>vestrum</strong></span> <span class='ocrx_word' id='word_1_646' title='bbox 1213 4967 1416 5021; x_wconf 88' lang='lat' dir='ltr'><strong>habere</strong></span> <span class='ocrx_word' id='word_1_647' title='bbox 1445 4967 1726 5036; x_wconf 80' lang='lat' dir='ltr'><strong>cmpimus,</strong></span> <span class='ocrx_word' id='word_1_648' title='bbox 1755 4966 1903 5036; x_wconf 88' lang='lat' dir='ltr'><strong>jugi-</strong></span> 
     </span>
    </p>
   </div>
   <div class='ocr_carea' id='block_1_99' title="bbox 304 5055 1908 5126">
    <p class='ocr_par' dir='ltr' id='par_1_99' title="bbox 304 5055 1908 5126">
     <span class='ocr_line' id='line_1_99' title="bbox 304 5055 1908 5126; baseline 0.001 -17"><span class='ocrx_word' id='word_1_649' title='bbox 304 5056 404 5110; x_wconf 88' lang='lat' dir='ltr'><strong>bus</strong></span> <span class='ocrx_word' id='word_1_650' title='bbox 433 5055 623 5111; x_wconf 83' lang='lat' dir='ltr'><strong>studiis</strong></span> <span class='ocrx_word' id='word_1_651' title='bbox 651 5070 962 5124; x_wconf 86' lang='lat' dir='ltr'><strong>augeamus.</strong></span> <span class='ocrx_word' id='word_1_652' title='bbox 988 5056 1332 5126; x_wconf 82' lang='lat' dir='ltr'><strong>Quapropter</strong></span> <span class='ocrx_word' id='word_1_653' title='bbox 1369 5056 1568 5125; x_wconf 76' lang='lat' dir='ltr'><strong>exigite</strong></span> <span class='ocrx_word' id='word_1_654' title='bbox 1596 5065 1792 5110; x_wconf 74' lang='lat' dir='ltr'><strong>vestra:</strong></span> <span class='ocrx_word' id='word_1_655' title='bbox 1818 5072 1908 5111; x_wconf 87' lang='lat' dir='ltr'><strong>sa-</strong></span> 
     </span>
    </p>
   </div>
   <div class='ocr_carea' id='block_1_100' title="bbox 306 5145 1906 5218">
    <p class='ocr_par' dir='ltr' id='par_1_100' title="bbox 306 5145 1906 5218">
     <span class='ocr_line' id='line_1_100' title="bbox 306 5145 1906 5218; baseline 0.001 -17"><span class='ocrx_word' id='word_1_656' title='bbox 306 5147 524 5217; x_wconf 76' lang='lat' dir='ltr'><strong>pientia:</strong></span> <span class='ocrx_word' id='word_1_657' title='bbox 548 5145 876 5211; x_wconf 83' lang='lat' dir='ltr'><strong>firmitatem,</strong></span> <span class='ocrx_word' id='word_1_658' title='bbox 907 5156 962 5202; x_wconf 91' lang='lat' dir='ltr'><strong>et</strong></span> <span class='ocrx_word' id='word_1_659' title='bbox 989 5148 1131 5202; x_wconf 78' lang='lat' dir='ltr'><strong>lianc</strong></span> <span class='ocrx_word' id='word_1_660' title='bbox 1158 5148 1312 5202; x_wconf 88' lang='lat' dir='ltr'><strong>vobis</strong></span> <span class='ocrx_word' id='word_1_661' title='bbox 1335 5148 1567 5218; x_wconf 85' lang='lat' dir='ltr'><strong>palmam</strong></span> <span class='ocrx_word' id='word_1_662' title='bbox 1597 5148 1906 5202; x_wconf 77' lang='lat' dir='ltr'><strong>concordia:</strong></span> 
     </span>
    </p>
   </div>
   <div class='ocr_carea' id='block_1_101' title="bbox 306 5237 1904 5308">
    <p class='ocr_par' dir='ltr' id='par_1_101' title="bbox 306 5237 1904 5308">
     <span class='ocr_line' id='line_1_101' title="bbox 306 5237 1904 5308; baseline 0.001 -18"><span class='ocrx_word' id='word_1_663' title='bbox 306 5237 618 5308; x_wconf 87' lang='lat' dir='ltr'><strong>specialiter</strong></span> <span class='ocrx_word' id='word_1_664' title='bbox 640 5237 936 5303; x_wconf 88' lang='lat' dir='ltr'><strong>vindicate;</strong></span> <span class='ocrx_word' id='word_1_665' title='bbox 965 5245 1023 5291; x_wconf 86' lang='lat' dir='ltr'><strong>ut</strong></span> <span class='ocrx_word' id='word_1_666' title='bbox 1050 5237 1190 5292; x_wconf 89' lang='lat' dir='ltr'><strong>sicut</strong></span> <span class='ocrx_word' id='word_1_667' title='bbox 1220 5238 1624 5292; x_wconf 90' lang='lat' dir='ltr'><strong>clementissimi</strong></span> <span class='ocrx_word' id='word_1_668' title='bbox 1667 5238 1904 5308; x_wconf 89' lang='lat' dir='ltr'><strong>impera-</strong></span> 
     </span>
    </p>
   </div>
   <div class='ocr_carea' id='block_1_102' title="bbox 307 5327 1903 5400">
    <p class='ocr_par' dir='ltr' id='par_1_102' title="bbox 307 5327 1903 5400">
     <span class='ocr_line' id='line_1_102' title="bbox 307 5327 1903 5400; baseline 0.003 -18"><span class='ocrx_word' id='word_1_669' title='bbox 307 5330 441 5384; x_wconf 90' lang='lat' dir='ltr'><strong>toris</strong></span> <span class='ocrx_word' id='word_1_670' title='bbox 467 5329 610 5384; x_wconf 85' lang='lat' dir='ltr'><strong>fama</strong></span> <span class='ocrx_word' id='word_1_671' title='bbox 639 5328 692 5382; x_wconf 92' lang='lat' dir='ltr'><strong>in</strong></span> <span class='ocrx_word' id='word_1_672' title='bbox 722 5329 918 5398; x_wconf 73' lang='lat' dir='ltr'><strong>prmliis</strong></span> <span class='ocrx_word' id='word_1_673' title='bbox 948 5328 1146 5400; x_wconf 85' lang='lat' dir='ltr'><strong>inclyta</strong></span> <span class='ocrx_word' id='word_1_674' title='bbox 1171 5327 1391 5395; x_wconf 91' lang='lat' dir='ltr'><strong>dicitur,</strong></span> <span class='ocrx_word' id='word_1_675' title='bbox 1417 5329 1491 5383; x_wconf 90' lang='lat' dir='ltr'><strong>ita</strong></span> <span class='ocrx_word' id='word_1_676' title='bbox 1523 5329 1575 5384; x_wconf 92' lang='lat' dir='ltr'><strong>in</strong></span> <span class='ocrx_word' id='word_1_677' title='bbox 1604 5329 1752 5400; x_wconf 89' lang='lat' dir='ltr'><strong>pacis</strong></span> <span class='ocrx_word' id='word_1_678' title='bbox 1786 5337 1903 5386; x_wconf 90' lang='lat' dir='ltr'><strong>stu-</strong></span> 
     </span>
    </p>
   </div>
   <div class='ocr_carea' id='block_1_103' title="bbox 383 5517 1893 5584">
    <p class='ocr_par' dir='ltr' id='par_1_103' title="bbox 383 5517 1893 5584">
     <span class='ocr_line' id='line_1_103' title="bbox 383 5517 1893 5584; baseline -0.001 -8"><span class='ocrx_word' id='word_1_679' title='bbox 383 5529 408 5559; x_wconf 75' lang='grc' dir='ltr'><strong>ι</strong></span> <span class='ocrx_word' id='word_1_680' title='bbox 447 5518 650 5576; x_wconf 70' lang='lat' dir='ltr'><strong>Gratia</strong></span> <span class='ocrx_word' id='word_1_681' title='bbox 692 5529 1062 5584; x_wconf 84' lang='lat' dir='ltr'><strong>monumenta,</strong></span> <span class='ocrx_word' id='word_1_682' title='bbox 1113 5517 1253 5574; x_wconf 88' lang='lat' dir='ltr'><strong>forte</strong></span> <span class='ocrx_word' id='word_1_683' title='bbox 1280 5525 1573 5580; x_wconf 83' lang='lat' dir='ltr'><strong>momenta,</strong></span> <span class='ocrx_word' id='word_1_684' title='bbox 1621 5525 1682 5572; x_wconf 90' lang='lat' dir='ltr'><strong>ut</strong></span> <span class='ocrx_word' id='word_1_685' title='bbox 1735 5518 1893 5584; x_wconf 85' lang='lat' dir='ltr'><strong>infra,</strong></span> 
     </span>
    </p>
   </div>
   <div class='ocr_carea' id='block_1_104' title="bbox 303 5589 1900 5661">
    <p class='ocr_par' dir='ltr' id='par_1_104' title="bbox 303 5589 1900 5661">
     <span class='ocr_line' id='line_1_104' title="bbox 303 5589 1900 5661; baseline -0.005 -12"><span class='ocrx_word' id='word_1_686' title='bbox 303 5591 399 5650; x_wconf 81' lang='lat' dir='ltr'><strong>lib.</strong></span> <span class='ocrx_word' id='word_1_687' title='bbox 429 5609 519 5660; x_wconf 76' lang='grc' dir='ltr'>ιι,</span> <span class='ocrx_word' id='word_1_688' title='bbox 549 5592 718 5661; x_wconf 83' lang='lat' dir='ltr'><strong>epist.</strong></span> <span class='ocrx_word' id='word_1_689' title='bbox 770 5589 858 5654; x_wconf 66' lang='grc' dir='ltr'><strong>Ξῖ),</strong></span> <span class='ocrx_word' id='word_1_690' title='bbox 907 5591 1063 5661; x_wconf 81' lang='lat' dir='ltr'><strong>dixit,</strong></span> <span class='ocrx_word' id='word_1_691' title='bbox 1114 5598 1390 5661; x_wconf 76' lang='lat' dir='ltr'><strong>momenta</strong></span> <span class='ocrx_word' id='word_1_692' title='bbox 1441 5589 1792 5661; x_wconf 76' lang='lat' dir='ltr'><strong>integritatis;</strong></span> <span class='ocrx_word' id='word_1_693' title='bbox 1843 5597 1900 5643; x_wconf 88' lang='lat' dir='ltr'><strong>et</strong></span> 
     </span>
    </p>
   </div>
   <div class='ocr_carea' id='block_1_105' title="bbox 304 5658 1901 5734">
    <p class='ocr_par' dir='ltr' id='par_1_105' title="bbox 304 5658 1901 5734">
     <span class='ocr_line' id='line_1_105' title="bbox 304 5658 1901 5734; baseline -0.004 -15"><span class='ocrx_word' id='word_1_694' title='bbox 304 5658 512 5734; x_wconf 55' lang='lat' dir='ltr'><strong>supra,</strong></span> <span class='ocrx_word' id='word_1_695' title='bbox 541 5658 637 5716; x_wconf 84' lang='lat' dir='ltr'><strong>lib.</strong></span> <span class='ocrx_word' id='word_1_696' title='bbox 685 5662 912 5734; x_wconf 87' lang='lat' dir='ltr'><strong>t.__epist.</strong></span> <span class='ocrx_word' id='word_1_697' title='bbox 943 5659 976 5711; x_wconf 67' lang='grc' dir='ltr'><strong>ι</strong></span> <span class='ocrx_word' id='word_1_698' title='bbox 1004 5670 1059 5714; x_wconf 90' lang='lat' dir='ltr'><strong>et</strong></span> <span class='ocrx_word' id='word_1_699' title='bbox 1104 5658 1213 5734; x_wconf 72' lang='lat'><strong>19,_</strong></span> <span class='ocrx_word' id='word_1_700' title='bbox 1243 5668 1513 5734; x_wconf 80' lang='lat' dir='ltr'><strong>momenta</strong></span> <span class='ocrx_word' id='word_1_701' title='bbox 1559 5659 1812 5734; x_wconf 70' lang='lat' dir='ltr'><strong>justitim;</strong></span> <span class='ocrx_word' id='word_1_702' title='bbox 1845 5668 1901 5712; x_wconf 77' lang='lat' dir='ltr'><strong>et</strong></span> 
     </span>
    </p>
   </div>
   <div class='ocr_carea' id='block_1_106' title="bbox 306 5728 1903 5803">
    <p class='ocr_par' dir='ltr' id='par_1_106' title="bbox 306 5728 1903 5803">
     <span class='ocr_line' id='line_1_106' title="bbox 306 5728 1903 5803; baseline -0.004 -12"><span class='ocrx_word' id='word_1_703' title='bbox 306 5728 397 5791; x_wconf 48' lang='lat' dir='ltr'><strong>lib&#39;.</strong></span> <span class='ocrx_word' id='word_1_704' title='bbox 432 5728 505 5803; x_wconf 85' lang='lat' dir='ltr'><strong>tv,</strong></span> <span class='ocrx_word' id='word_1_705' title='bbox 535 5738 693 5802; x_wconf 77' lang='lat' dir='ltr'><strong>epist.</strong></span> <span class='ocrx_word' id='word_1_706' title='bbox 723 5731 756 5783; x_wconf 83' lang='lat'><strong>5</strong></span> <span class='ocrx_word' id='word_1_707' title='bbox 779 5728 1048 5786; x_wconf 75' lang='lat' dir='ltr'><strong>momenta</strong></span> <span class='ocrx_word' id='word_1_708' title='bbox 1077 5732 1377 5800; x_wconf 65' lang='lat' dir='ltr'><strong>aequitatis;</strong></span> <span class='ocrx_word' id='word_1_709' title='bbox 1403 5740 1455 5782; x_wconf 86' lang='lat' dir='ltr'><strong>et</strong></span> <span class='ocrx_word' id='word_1_710' title='bbox 1481 5734 1638 5798; x_wconf 78' lang='lat' dir='ltr'><strong>epist.</strong></span> <span class='ocrx_word' id='word_1_711' title='bbox 1667 5728 1754 5796; x_wconf 73' lang='grc' dir='ltr'><strong>εΗ,</strong></span> <span class='ocrx_word' id='word_1_712' title='bbox 1790 5749 1903 5785; x_wconf 88' lang='lat' dir='ltr'><strong>mo-</strong></span> 
     </span>
    </p>
   </div>
   <div class='ocr_carea' id='block_1_107' title="bbox 2008 4508 3610 4581">
    <p class='ocr_par' dir='ltr' id='par_1_107' title="bbox 2008 4508 3610 4581">
     <span class='ocr_line' id='line_1_107' title="bbox 2008 4508 3610 4581; baseline 0.001 -17"><span class='ocrx_word' id='word_1_713' title='bbox 2008 4511 2235 4577; x_wconf 83' lang='lat' dir='ltr'><strong>babere,</strong></span> <span class='ocrx_word' id='word_1_714' title='bbox 2282 4508 2428 4578; x_wconf 90' lang='lat' dir='ltr'><strong>quod</strong></span> <span class='ocrx_word' id='word_1_715' title='bbox 2475 4509 2704 4577; x_wconf 89' lang='lat' dir='ltr'><strong>gloriam</strong></span> <span class='ocrx_word' id='word_1_716' title='bbox 2749 4508 3088 4576; x_wconf 79' lang='lat' dir='ltr'><strong>salutemque</strong></span> <span class='ocrx_word' id='word_1_717' title='bbox 3130 4516 3370 4566; x_wconf 77' lang='lat' dir='ltr'><strong>vestram</strong></span> <span class='ocrx_word' id='word_1_718' title='bbox 3407 4509 3610 4581; x_wconf 77' lang='lat' dir='ltr'><strong>iugiter</strong></span> 
     </span>
    </p>
   </div>
   <div class='ocr_carea' id='block_1_108' title="bbox 2010 4598 3610 4672">
    <p class='ocr_par' dir='ltr' id='par_1_108' title="bbox 2010 4598 3610 4672">
     <span class='ocr_line' id='line_1_108' title="bbox 2010 4598 3610 4672; baseline 0.001 -17"><span class='ocrx_word' id='word_1_719' title='bbox 2010 4601 2183 4672; x_wconf 63' lang='lat' dir='ltr'><strong>poesit</strong></span> <span class='ocrx_word' id='word_1_720' title='bbox 2211 4599 2524 4655; x_wconf 90' lang='lat' dir='ltr'><strong>extendere.</strong></span> <span class='ocrx_word' id='word_1_721' title='bbox 2553 4598 2930 4668; x_wconf 82' lang='lat' dir='ltr'><strong>Significsmus</strong></span> <span class='ocrx_word' id='word_1_722' title='bbox 2949 4598 3116 4654; x_wconf 85' lang='lat' dir='ltr'><strong>etiam</strong></span> <span class='ocrx_word' id='word_1_723' title='bbox 3145 4615 3244 4670; x_wconf 82' lang='lat' dir='ltr'><strong>pro</strong></span> <span class='ocrx_word' id='word_1_724' title='bbox 3266 4611 3448 4657; x_wconf 84' lang='lat' dir='ltr'><strong>vestro</strong></span> <span class='ocrx_word' id='word_1_725' title='bbox 3480 4610 3610 4657; x_wconf 86' lang='lat' dir='ltr'><strong>voto</strong></span> 
     </span>
    </p>
   </div>
   <div class='ocr_carea' id='block_1_109' title="bbox 2011 4687 3606 4760">
    <p class='ocr_par' dir='ltr' id='par_1_109' title="bbox 2011 4687 3606 4760">
     <span class='ocr_line' id='line_1_109' title="bbox 2011 4687 3606 4760; baseline 0 -16"><span class='ocrx_word' id='word_1_726' title='bbox 2011 4691 2077 4744; x_wconf 91' lang='lat' dir='ltr'><strong>ad</strong></span> <span class='ocrx_word' id='word_1_727' title='bbox 2113 4706 2306 4760; x_wconf 90' lang='lat' dir='ltr'><strong>papam</strong></span> <span class='ocrx_word' id='word_1_728' title='bbox 2353 4689 2503 4744; x_wconf 85' lang='lat' dir='ltr'><strong>urbis</strong></span> <span class='ocrx_word' id='word_1_729' title='bbox 2543 4688 2731 4742; x_wconf 74' lang='lat' dir='ltr'><strong>Roma:</strong></span> <span class='ocrx_word' id='word_1_730' title='bbox 2777 4703 2880 4743; x_wconf 86' lang='lat' dir='ltr'><strong>nos</strong></span> <span class='ocrx_word' id='word_1_731' title='bbox 2932 4687 3154 4744; x_wconf 73' lang='lat' dir='ltr'><strong>litterae-</strong></span> <span class='ocrx_word' id='word_1_732' title='bbox 3186 4687 3508 4759; x_wconf 84' lang='lat' dir='ltr'><strong>destinasse,</strong></span> <span class='ocrx_word' id='word_1_733' title='bbox 3552 4703 3606 4746; x_wconf 85' lang='lat' dir='ltr'><strong>ut</strong></span> 
     </span>
    </p>
   </div>
   <div class='ocr_carea' id='block_1_110' title="bbox 2011 4780 3609 4855">
    <p class='ocr_par' dir='ltr' id='par_1_110' title="bbox 2011 4780 3609 4855">
     <span class='ocr_line' id='line_1_110' title="bbox 2011 4780 3609 4855; baseline 0.003 -19"><span class='ocrx_word' id='word_1_734' title='bbox 2011 4782 2352 4855; x_wconf 77' lang='lat' dir='ltr'><strong>pnrsentium</strong></span> <span class='ocrx_word' id='word_1_735' title='bbox 2387 4780 2576 4849; x_wconf 85' lang='lat' dir='ltr'><strong>gerulo</strong></span> <span class='ocrx_word' id='word_1_736' title='bbox 2613 4780 2914 4834; x_wconf 81' lang='lat' dir='ltr'><strong>litterartmt</strong></span> <span class='ocrx_word' id='word_1_737' title='bbox 2957 4780 3078 4836; x_wconf 81' lang='lat' dir='ltr'><strong>sine</strong></span> <span class='ocrx_word' id='word_1_738' title='bbox 3121 4780 3302 4851; x_wconf 82' lang='lat' dir='ltr'><strong>aliqua</strong></span> <span class='ocrx_word' id='word_1_739' title='bbox 3345 4782 3609 4840; x_wconf 73' lang='lat' dir='ltr'><strong>dilatione</strong></span> 
     </span>
    </p>
   </div>
   <div class='ocr_carea' id='block_1_111' title="bbox 2011 4870 3607 4942">
    <p class='ocr_par' dir='ltr' id='par_1_111' title="bbox 2011 4870 3607 4942">
     <span class='ocr_line' id='line_1_111' title="bbox 2011 4870 3607 4942; baseline 0.001 -14"><span class='ocrx_word' id='word_1_740' title='bbox 2011 4873 2358 4942; x_wconf 85' lang='lat' dir='ltr'><strong>respondeat,</strong></span> <span class='ocrx_word' id='word_1_741' title='bbox 2388 4877 2653 4941; x_wconf 79' lang='lat' dir='ltr'><strong>quatenus</strong></span> <span class='ocrx_word' id='word_1_742' title='bbox 2681 4870 2827 4939; x_wconf 87' lang='lat' dir='ltr'><strong>quia</strong></span> <span class='ocrx_word' id='word_1_743' title='bbox 2852 4870 3010 4926; x_wconf 81' lang='lat' dir='ltr'><strong>vobis</strong></span> <span class='ocrx_word' id='word_1_744' title='bbox 3035 4870 3192 4940; x_wconf 82' lang='lat' dir='ltr'><strong>dirigi</strong></span> <span class='ocrx_word' id='word_1_745' title='bbox 3215 4875 3434 4942; x_wconf 86' lang='lat' dir='ltr'><strong>meruit,</strong></span> <span class='ocrx_word' id='word_1_746' title='bbox 3461 4875 3607 4932; x_wconf 84' lang='lat' dir='ltr'><strong>cele-</strong></span> 
     </span>
    </p>
   </div>
   <div class='ocr_carea' id='block_1_112' title="bbox 2010 4961 3608 5032">
    <p class='ocr_par' dir='ltr' id='par_1_112' title="bbox 2010 4961 3608 5032">
     <span class='ocr_line' id='line_1_112' title="bbox 2010 4961 3608 5032; baseline 0.001 -13"><span class='ocrx_word' id='word_1_747' title='bbox 2010 4965 2186 5020; x_wconf 92' lang='lat' dir='ltr'><strong>ritatis</strong></span> <span class='ocrx_word' id='word_1_748' title='bbox 2239 4963 2465 5032; x_wconf 87' lang='lat' dir='ltr'><strong>gratiam</strong></span> <span class='ocrx_word' id='word_1_749' title='bbox 2517 4969 2904 5030; x_wconf 74' lang='lat' dir='ltr'><strong>consequatur.</strong></span> <span class='ocrx_word' id='word_1_750' title='bbox 2954 4961 3138 5016; x_wconf 84' lang='lat' dir='ltr'><strong>Nostri</strong></span> <span class='ocrx_word' id='word_1_751' title='bbox 3192 4964 3336 5018; x_wconf 86' lang='lat' dir='ltr'><strong>enim</strong></span> <span class='ocrx_word' id='word_1_752' title='bbox 3372 4965 3486 5019; x_wconf 90' lang='lat' dir='ltr'><strong>voti</strong></span> <span class='ocrx_word' id='word_1_753' title='bbox 3521 4976 3608 5021; x_wconf 59' lang='lat' dir='ltr'><strong>est</strong></span> 
     </span>
    </p>
   </div>
   <div class='ocr_carea' id='block_1_113' title="bbox 2009 5053 3608 5123">
    <p class='ocr_par' dir='ltr' id='par_1_113' title="bbox 2009 5053 3608 5123">
     <span class='ocr_line' id='line_1_113' title="bbox 2009 5053 3608 5123; baseline 0 -12"><span class='ocrx_word' id='word_1_754' title='bbox 2009 5071 2202 5111; x_wconf 89' lang='lat' dir='ltr'><strong>causas</strong></span> <span class='ocrx_word' id='word_1_755' title='bbox 2223 5066 2504 5122; x_wconf 86' lang='lat' dir='ltr'><strong>emergere</strong></span> <span class='ocrx_word' id='word_1_756' title='bbox 2531 5053 2584 5106; x_wconf 87' lang='lat' dir='ltr'><strong>in</strong></span> <span class='ocrx_word' id='word_1_757' title='bbox 2613 5053 2808 5123; x_wconf 88' lang='lat' dir='ltr'><strong>quibus</strong></span> <span class='ocrx_word' id='word_1_758' title='bbox 2829 5053 3099 5122; x_wconf 88' lang='lat' dir='ltr'><strong>possimus</strong></span> <span class='ocrx_word' id='word_1_759' title='bbox 3120 5055 3310 5108; x_wconf 90' lang='lat' dir='ltr'><strong>vestris</strong></span> <span class='ocrx_word' id='word_1_760' title='bbox 3325 5055 3608 5111; x_wconf 64' lang='lat' dir='ltr'><strong>desideriis</strong></span> 
     </span>
    </p>
   </div>
   <div class='ocr_carea' id='block_1_114' title="bbox 2010 5141 3609 5214">
    <p class='ocr_par' dir='ltr' id='par_1_114' title="bbox 2010 5141 3609 5214">
     <span class='ocr_line' id='line_1_114' title="bbox 2010 5141 3609 5214; baseline 0.002 -14"><span class='ocrx_word' id='word_1_761' title='bbox 2010 5146 2234 5201; x_wconf 89' lang='lat' dir='ltr'><strong>obedire</strong></span> <span class='ocrx_word' id='word_1_762' title='bbox 2263 5165 2274 5198; x_wconf 92' lang='lat'><strong>:</strong></span> <span class='ocrx_word' id='word_1_763' title='bbox 2301 5145 2427 5214; x_wconf 88' lang='lat' dir='ltr'><strong>quia</strong></span> <span class='ocrx_word' id='word_1_764' title='bbox 2450 5143 2532 5198; x_wconf 88' lang='lat' dir='ltr'><strong>sic</strong></span> <span class='ocrx_word' id='word_1_765' title='bbox 2561 5159 2660 5197; x_wconf 85' lang='lat' dir='ltr'><strong>nos</strong></span> <span class='ocrx_word' id='word_1_766' title='bbox 2684 5141 2756 5197; x_wconf 90' lang='lat' dir='ltr'><strong>ad</strong></span> <span class='ocrx_word' id='word_1_767' title='bbox 2793 5142 3122 5197; x_wconf 83' lang='lat' dir='ltr'><strong>reddendam</strong></span> <span class='ocrx_word' id='word_1_768' title='bbox 3148 5143 3500 5202; x_wconf 75' lang='lat' dir='ltr'><strong>dilectionem</strong></span> <span class='ocrx_word' id='word_1_769' title='bbox 3525 5148 3609 5203; x_wconf 78' lang='grc' dir='ltr'><strong>ει·-</strong></span> 
     </span>
    </p>
   </div>
   <div class='ocr_carea' id='block_1_115' title="bbox 2011 5233 3608 5314">
    <p class='ocr_par' dir='ltr' id='par_1_115' title="bbox 2011 5233 3608 5314">
     <span class='ocr_line' id='line_1_115' title="bbox 2011 5233 3608 5314; baseline -0.003 -24"><span class='ocrx_word' id='word_1_770' title='bbox 2011 5239 2253 5292; x_wconf 84' lang='lat' dir='ltr'><strong>licaciter</strong></span> <span class='ocrx_word' id='word_1_771' title='bbox 2282 5251 2716 5298; x_wconf 90' lang='lat' dir='ltr'><strong>commonemus,</strong></span> <span class='ocrx_word' id='word_1_772' title='bbox 2768 5235 2814 5289; x_wconf 83' lang='lat' dir='ltr'><strong>si</strong></span> <span class='ocrx_word' id='word_1_773' title='bbox 2843 5233 2997 5289; x_wconf 89' lang='lat' dir='ltr'><strong>vobis</strong></span> <span class='ocrx_word' id='word_1_774' title='bbox 3035 5235 3091 5290; x_wconf 87' lang='lat' dir='ltr'><strong>in</strong></span> <span class='ocrx_word' id='word_1_775' title='bbox 3118 5236 3296 5304; x_wconf 81' lang='lat' dir='ltr'><strong>aliqua</strong></span> <span class='ocrx_word' id='word_1_776' title='bbox 3327 5247 3481 5307; x_wconf 76' lang='lat' dir='ltr'><strong>parte</strong></span> <span class='ocrx_word' id='word_1_777' title='bbox 3506 5258 3608 5314; x_wconf 72' lang='grc' dir='ltr'>ιιι.</span> 
     </span>
    </p>
   </div>
   <div class='ocr_carea' id='block_1_116' title="bbox 2008 5345 2243 5385">
    <p class='ocr_par' dir='ltr' id='par_1_116' title="bbox 2008 5345 2243 5385">
     <span class='ocr_line' id='line_1_116' title="bbox 2008 5345 2243 5385; baseline -0.004 0"><span class='ocrx_word' id='word_1_778' title='bbox 2008 5345 2156 5385; x_wconf 87' lang='lat' dir='ltr'><strong>ream</strong></span> <span class='ocrx_word' id='word_1_779' title='bbox 2162 5345 2243 5384; x_wconf 71' lang='lat' dir='ltr'><strong>IIS.</strong></span> 
     </span>
    </p>
   </div>
   <div class='ocr_carea' id='block_1_117' title="bbox 2003 5513 3600 5588">
    <p class='ocr_par' dir='ltr' id='par_1_117' title="bbox 2003 5513 3600 5588">
     <span class='ocr_line' id='line_1_117' title="bbox 2003 5513 3600 5588; baseline 0.001 -14"><span class='ocrx_word' id='word_1_780' title='bbox 2003 5531 2182 5574; x_wconf 88' lang='lat' dir='ltr'><strong>menta</strong></span> <span class='ocrx_word' id='word_1_781' title='bbox 2213 5520 2420 5588; x_wconf 67' lang='lat' dir='ltr'><strong>gratim.</strong></span> <span class='ocrx_word' id='word_1_782' title='bbox 2451 5517 2542 5573; x_wconf 92' lang='lat' dir='ltr'><strong>Sic</strong></span> <span class='ocrx_word' id='word_1_783' title='bbox 2564 5515 2708 5587; x_wconf 84' lang='lat' dir='ltr'><strong>apud</strong></span> <span class='ocrx_word' id='word_1_784' title='bbox 2735 5513 3072 5586; x_wconf 84' lang='lat' dir='ltr'><strong>Symmaclt.,</strong></span> <span class='ocrx_word' id='word_1_785' title='bbox 3095 5513 3323 5588; x_wconf 24' lang='lat' dir='ltr'><strong>Alib.__m,</strong></span> <span class='ocrx_word' id='word_1_786' title='bbox 3355 5518 3514 5586; x_wconf 86' lang='lat' dir='ltr'><strong>epist.</strong></span> <span class='ocrx_word' id='word_1_787' title='bbox 3545 5519 3600 5588; x_wconf 75' lang='grc' dir='ltr'>ι.</span> 
     </span>
    </p>
   </div>
   <div class='ocr_carea' id='block_1_118' title="bbox 2006 5585 3602 5660">
    <p class='ocr_par' dir='ltr' id='par_1_118' title="bbox 2006 5585 3602 5660">
     <span class='ocr_line' id='line_1_118' title="bbox 2006 5585 3602 5660; baseline 0.001 -15"><span class='ocrx_word' id='word_1_788' title='bbox 2006 5593 2182 5645; x_wconf 89' lang='lat' dir='ltr'><strong>meriti</strong></span> <span class='ocrx_word' id='word_1_789' title='bbox 2205 5585 2429 5660; x_wconf 76' lang='lat' dir='ltr'><strong>angusta</strong></span> <span class='ocrx_word' id='word_1_790' title='bbox 2455 5585 2756 5660; x_wconf 71' lang='lat' dir='ltr'><strong>momenta,</strong></span> <span class='ocrx_word' id='word_1_791' title='bbox 2782 5585 2882 5656; x_wconf 79' lang='lat' dir='ltr'><strong>pro</strong></span> <span class='ocrx_word' id='word_1_792' title='bbox 2902 5599 3011 5654; x_wconf 88' lang='lat' dir='ltr'><strong>quo</strong></span> <span class='ocrx_word' id='word_1_793' title='bbox 3031 5585 3144 5643; x_wconf 88' lang='lat' dir='ltr'><strong>sola</strong></span> <span class='ocrx_word' id='word_1_794' title='bbox 3167 5585 3333 5642; x_wconf 88' lang='lat' dir='ltr'><strong>editio</strong></span> <span class='ocrx_word' id='word_1_795' title='bbox 3362 5585 3530 5648; x_wconf 75' lang='lat' dir='ltr'><strong>Probe</strong></span> <span class='ocrx_word' id='word_1_796' title='bbox 3541 5585 3602 5646; x_wconf 63' lang='lat' dir='ltr'><strong>ui</strong></span> 
     </span>
    </p>
   </div>
   <div class='ocr_carea' id='block_1_119' title="bbox 2010 5657 3454 5720">
    <p class='ocr_par' dir='ltr' id='par_1_119' title="bbox 2010 5657 3454 5720">
     <span class='ocr_line' id='line_1_119' title="bbox 2010 5657 3454 5720; baseline -0.011 -1"><span class='ocrx_word' id='word_1_797' title='bbox 2010 5669 2080 5720; x_wconf 80' lang='grc' dir='ltr'>ιιὶὶ</span> <span class='ocrx_word' id='word_1_798' title='bbox 2115 5657 2458 5720; x_wconf 70' lang='grc' dir='ltr'>ιιιιιτιιιῖειιιιιιτι</span> <span class='ocrx_word' id='word_1_799' title='bbox 2492 5666 2672 5716; x_wconf 69' lang='lat' dir='ltr'><strong>habet.</strong></span> <span class='ocrx_word' id='word_1_800' title='bbox 2705 5657 2824 5712; x_wconf 65' lang='grc' dir='ltr'><strong>ιτα.</strong></span> <span class='ocrx_word' id='word_1_801' title='bbox 3448 5671 3454 5676; x_wconf 55' lang='grc' dir='ltr'>λ</span> 
     </span>
    </p>
   </div>
  </div>
