3960 6420
1553 232 1622 290 Μ.
1665 226 1942 288 AURELII
1982 228 2379 286 CASSIODORI

316 248 432 306 δη
1553 236 1622 290 Μ.
1665 236 1939 288 AURELII

2051 236 2379 286 iSSIODOIlI
3494 236 3601 294 M6

1935 343 1982 403 Δ
2012 345 2220 412 stitula,
2254 357 2312 402 ut
2332 348 2398 402 de
2429 347 2676 418 repositis
2710 348 2882 420 copiis
2913 351 3172 421 populum
3201 361 3448 410 saturare
3476 369 3609 426 pos~

2019 438 2166 503 sctis,
2218 437 2519 507 Liguribus,
2565 455 2703 510 quos
2750 448 2930 496 tamen
2982 442 3220 511 indigere
3257 446 3606 514 cognoscitis,

2021 529 2232 582 tertiam
2281 530 2585 599 portionem
2617 547 2682 586 cx
2739 532 2948 587 horreis
3011 532 3388 590 Ticinensibus
3445 546 3612 606 atque

2019 619 2440 677 Dertonensibus
2496 639 2594 692 per
2639 623 2870 678 solidum
2917 624 3106 691 viginti
3165 623 3306 697 [διά.
3348 636 3400 680 et
3450 625 3613 690 I"or.,

2019 711 2353 783 quindecim]
2391 713 2630 784 quinque
2676 713 2886 768 modios
2929 715 3152 769 distrahi
3187 717 3470 772 censitote.
3508 716 3614 772 Ve-

2021 803 2161 858 netis
2189 811 2369 859 autem
2416 820 2483 860 ex
2514 804 2795 860 Tarvisino
2834 815 2996 875 atque
3043 805 3358 863 Tridentino
3401 808 3616 863 horreis

2022 893 2089 948 ad
2128 893 2404 949 definitam
2453 897 2700 965 superius
2747 897 3106 964 quantitatem
3147 881 3274 952 item
3306 897 3422 952 dari
3452 897 3617 952 facite

2024 985 2238 1040 tertiam
2291 986 2622 1056 portionem;
2682 995 2740 1041 ut
2786 988 3043 1042 miserata
3093 987 3352 1043 Divinitas
3399 989 3614 1059 rOpiam

2023 1075 2204 1144 largiri
2231 1077 2421 1147 possit,
2448 1091 2611 1146 quam
2638 1077 2888 1134 homines
2916 1079 2968 1133 in
2997 1095 3054 1134 se
3083 1081 3388 1134 exercuisse
3411 1095 3620 1150 cogno-

835 350 1164 408 EPISTOLA
1200 347 1388 404 XXVI.

499 435 796 503 ιέετικιλιεο
835 455 1156 496 lapsanum
1197 451 1579 494 THEODMIADUS
1615 450 1738 490 πει.

333 555 470 612 Dicit
506 570 565 630 se
599 553 822 625 jussisse
872 549 1178 630 Senatorem
1203 549 1519 630 prtcfectum
1555 547 1808 630 praztorio‘
1845 543 1916 630 ad

399 616 671 698 praedium
701 621 1043 698 quarumdam
1081 616 1406 698 mani-alium.
1431 616 1709 698 accedere;
1732 622 1827 698 ut,
1866 616 1912 698 si

401 683 526 769 quid
562 694 608 746 ei
655 683 865 769 injuria:
911 705 1162 769 aquarum
1198 687 1428 769 intulerit
1467 683 1916 769 illuvieshtributa

400 754 630 836 abrogat.
666 754 793 813 Tum
821 754 1093 828 respondet
1121 757 1186 812 iis
1215 773 1330 828 quea
1365 757 1428 810 de
1467 754 1753 810 Veranitda
1786 755 1916 808 scri-

403 841 602 906 pserat.

397 922 760 992 intelligimus
786 917 1098 976 serenitatis
1137 925 1326 972 vestra:
1353 916 1579 986 gratiam
1611 915 1922 970 muneribus

337 1015 586 1072 omnibus
615 1013 885 1074 ditiorem,
917 1009 1135 1078 quando
1175 1009 1264 1063 illa
1291 1023 1390 1063 nos
1429 1007 1717 1062 hortamini
1745 1005 1924 1062 facere

338 1119 458 1178 qum
477 1103 545 1158 ad
572 1100 872 1156 mercedem
904 1108 1143 1154 nostram
1166 1099 1374 1170 possint
1401 1097 1726 1154 omnimodis
1753 1096 1924 1168 porti-

342 1209 492 1252 nere.
525 1193 656 1248 Tale
686 1191 949 1262 siquidem
995 1199 1177 1246 votum
1215 1203 1432 1260 semper
1462 1189 1694 1244 amantis
1732 1196 1836 1254 est,
1868 1193 1928 1242 ut

339 1277 536 1343 causas
562 1299 662 1340 nos
690 1275 1072 1338 miscricordia:
1101 1279 1276 1337 velitis
1303 1295 1484 1350 agere,
1511 1295 1631 1364 qua:
1659 1294 1759 1336 nos
1787 1276 1926 1333 divi-

341 1392 424 1432 nte
445 1375 652 1448 possint
677 1371 1064 1429 commendare
1093 1372 1371 1442 potentiae.
1401 1370 1471 1444 Et
1499 1371 1620 1426 ideo
1649 1370 1927 1440 signiﬁca-

343 1481 464 1522 mus
511 1464 695 1535 gloria:
741 1471 938 1540 vestras
984 1455 1380 1518 monasterium
1431 1461 1750 1517 famularum
1800 1460 1928 1529 Dei,

345 1553 490 1624 quod
533 1551 686 1608 vobis
727 1550 1054 1604 insinuatum
1099 1557 1205 1618 est,
1233 1550 1556 1604 tributorum
1601 1548 1752 1618 gravi
1780 1554 1932 1604 sorte

344 1643 613 1708 laborare,
653 1657 720 1697 eo
745 1637 894 1710 quod
936 1654 1064 1710 ager
1101 1640 1220 1710 ejus
1247 1639 1408 1694 nimia
1436 1639 1784 1694 inundatione
1809 1654 1933 1710 per-

2025 1168 2152 1224 scit.
2204 1165 2272 1222 Et
2301 1167 2426 1222 ideo
2455 1169 2591 1223 tales
2631 1167 2780 1224 viros
2825 1168 2909 1224 his
2949 1168 3414 1224 distributionibus
3457 1169 3617 1224 adhi-

2025 1259 2171 1329 bete,
2201 1271 2262 1317 ut
2288 1261 2617 1332 indulgentia
2667 1271 2852 1318 nostra
2893 1251 3128 1318 maxime
3169 1262 3236 1318 ad
3267 1262 3390 1319 illos
3419 1276 3618 1334 pervc-

2029 1353 2144 1408 niat
2171 1354 2260 1424 qui
2291 1353 2402 1410 suis
2431 1353 2634 1410 viribus
2660 1353 2809 1425 pasci
2839 1353 3058 1408 minime
3087 1359 3400 1426 patuerunt.

2517 1505 2848 1564 EPISTOLA
2876 1506 3110 1562 XXVIII.

2103 1639 2359 1680 SENATORI
2389 1639 2679 1680 PBEPECTO
2710 1637 2982 1678 PR£TORIO
3010 1637 3390 1678 THEODAIIADUS
3419 1639 3548 1678 REX.

349 1735 524 1801 lusus,
554 1727 850 1788 sterilitatis
877 1730 1006 1785 vitia
1035 1729 1102 1785 de
1121 1729 1339 1785 inimica
1363 1731 1762 1786 humectatione
1797 1745 1929 1785 con-

2051 1714 2324 1786 L‘onﬁrmat
2352 1716 2597 1800 quidquid
2625 1714 2966 1798 passiodorna
2990 1716 3128 1801 circa
3163 1716 3398 1798 arcm'ios
3438 1731 3618 1796 proro-

355 1827 618 1893 traxerit;
649 1826 716 1881 ad
743 1825 916 1880 virum
941 1824 1424 1881 eminentissimum
1457 1823 1777 1880 Senatorem
1799 1838 1937 1894 prazs

354 1916 554 1974 fectum
577 1915 831 1986 praetorio
860 1915 1070 1970 dedisse
1099 1930 1199 1970 nos
1240 1915 1591 1970 nihilominus
1612 1913 1935 1984 jussionem,

353 2025 412 2072 ut
435 2014 553 2083 ejus
573 2011 846 2070 ordinatio
876 2011 1098 2083 provida
1126 2011 1194 2067 ad
1217 2011 1474 2084 praedium
1497 2009 1566 2066 de
1587 2025 1694 2080 quo
1717 2011 1937 2080 querela

351 2119 436 2165 cst
477 2103 702 2173 diligens
751 2105 1020 2178 inspector
1060 2103 1302 2170 accedat,
1335 2111 1411 2171 et,
1459 2103 1620 2157 rebus
1660 2101 1938 2156 moderata

353 2193 704 2266 inquisitione
742 2193 1032 2260 trutinatis,
1078 2191 1336 2264 quidquid
1390 2192 1716 2263 gravaminis
1759 2197 1939 2262 potest

353 2289 558 2348 habere
611 2284 903 2358 posses-io,
956 2283 1346 2359 rationabiliter
1383 2282 1706 2352 abrogetur;
1760 2281 1833 2336 ita
1881 2287 1941 2336 ut

354 2384 671 2449 competens
697 2383 859 2447 atque
886 2372 1158 2432 sulliciens
1185 2373 1420 2431 dominis
1457 2388 1740 2429 remanere
1772 2373 1941 2444 possit

353 2467 578 2538 utilitas,
606 2469 732 2538 quia
763 2482 888 2524 vere
936 2467 1091 2522 nobis
1131 2467 1338 2522 lucrum
1376 2465 1824 2536 pretiosissimum
1845 2465 1936 2534 ju-

356 2565 616 2634 dicamus,
664 2561 810 2632 quod
856 2576 954 2632 pro
991 2558 1419 2616 mansuetudinis
1446 2566 1638 2614 vestra:
1668 2557 1800 2632 [ed.,
1839 2572 1940 2613 no-

355 2654 502 2732 strae]
525 2655 802 2712 voluntate
821 2653 1185 2710 concedimus.
1204 2651 1504 2707 Veranilda:
1523 2665 1740 2721 quoque
1756 2665 1940 2719 causa,

355 2745 503 2801 mdo
545 2753 724 2799 vestra
765 2743 1027 2799 serenitas
1063 2757 1154 2798 me
1193 2756 1539 2798 commonere
1581 2740 1798 2810 dignata
1836 2748 1940 2806 est,

358 2839 602 2910 quamvis
631 2845 756 2893 ante
797 2836 1017 2905 longum
1047 2825 1258 2906 tempus
1295 2833 1395 2889 sub
1425 2841 1701 2904 parentum
1729 2841 1944 2889 nostro-

358 2945 476 2984 rum
524 2941 693 2996 regno
722 2923 1026 2996 contigerit,
1077 2933 1256 2981 tamen
1287 2941 1510 2982 necesse
1538 2925 1693 2980 nobis
1721 2925 1822 2980 fuit
1851 2939 1945 2980 ne-

350 3012 562 3085 gotiur'n
592 3013 906 3088 de'propria
935 3017 1185 3090 largitate
1207 3031 1558 3088 componere,
1595 3025 1654 3072 ut
1683 3017 1772 3071 tali
1803 3016 1944 3072 facto

359 3122 478 3162 eam
505 3095 615 3163 non
641 3105 947 3178 pmniteret,
983 3115 1193 3184 mutata
1237 3107 1518 3177 religione.
1554 3106 1750 3161 Earum
1779 3107 1948 3176 siqui-

361 3199 481 3254 dem
511 3213 688 3254 rerum
711 3197 970 3268 judicium
1001 3213 1108 3252 non
1140 3198 1532 3268 pmsumimus,
1556 3195 1700 3252 unde
1727 3197 1949 3251 manda-

362 3288 821 3370 tum‘specialiter
847 3303 956 3343 non
997 3287 1279 3343 habemus.
1311 3287 1446 3342 Nam
1470 3297 1494 3326 ἰ
1528 3303 1648 3343 cum
1691 3288 1807 3342 Divi
1831 3287 1950 3342 .itas

362 3377 597 3450 patiatur
622 3376 862 3432 diversas
888 3376 1178 3446 religiones
1205 3391 1343 3442 esse,
1391 3393 1490 3433 nos
1512 3393 1673 3434 unam
1715 3393 1823 3432 non
1853 3392 1950 3430 au-

363 3469 550 3525 demus
573 3469 871 3539 imponere.
905 3467 1218 3523 Retinemus
1239 3469 1380 3524 enim
1405 3469 1600 3538 legisse
1627 3483 1727 3524 nos
1757 3468 1952 3522 volun-

281 3595 288 3602 -
364 3565 501 3618 tarie
523 3561 934 3618 sacrificandum
957 3577 1077 3619 esse
1106 3561 1355 3628 Domino,
1383 3579 1490 3619 non
1514 3563 1832 3633 cujusquam
1855 3575 1949 3615 co-

361 3653 538 3720 gentis
580 3652 827 3722 imperio.
871 3651 1026 3720 Quod
1074 3653 1168 3723 qui
1215 3653 1371 3708 aliter
1419 3652 1599 3708 facere
1640 3651 1948 3716 tentaverit,

367 3741 643 3798 evidenter
699 3739 1008 3798 caelestibus
1043 3739 1374 3812 jussionibus
1435 3742 1694 3799 obviavit.
1759 3740 1950 3795 Merito

367 3849 496 3905 ergo
518 3835 694 3906 pietas
716 3828 896 3891 vestra
919 3836 1108 3892 invitat
1127 3852 1227 3894 nos
1255 3837 1322 3893 ad
1346 3837 1472 3892 talia
1496 3851 1614 3907 qua:
1635 3835 1790 3892 nobis
1814 3850 1950 3906 pra:-

370 3927 575 3996 cipiunt
600 3916 779 3982 divina
803 3927 1076 3984 mandata.

867 4061 1198 4119 EPISTOLA
1235 4039 1448 4119 XXV".

420 4187 674 4232 σεπιτοιιι
703 4189 996 4231 ριιεηοτο
1037 4189 1317 4230 Ρωετοιιιο
1359 4189 1740 4255 ἸἪΕΟΒΑῌΔΟΒΞ
1768 4193 1894 4232 REI.

405 4264 558 4320 Iubet
591 4276 648 4319 ut
679 4265 928 4337 Ligurum
962 4265 1369 4332 Venetorumque
1398 4266 1590 4336 inopia:
1627 4279 1912 4322 succurrat.

439 4355 558 4411 Non
583 4355 716 4412 dare
747 4355 797 4418 δ,
839 4356 934 4410 sed
977 4354 1205 4410 reddere
1242 4351 1456 4410 videtur
1493 4371 1778 4428 erpen<as,
1807 4359 1950 4428 quis-

2149 1785 2314 1841 atores
2345 1785 2520 1848 tritici,
2543 1787 2646 1838 vini
2675 1794 2722 1839 et
2743 1787 2899 1847 casei,
2931 1785 3273 1845 macellarios,
3303 1795 3422 1844 etc.,
3448 1786 3501 1837 in
3528 1799 3597 1836 ur

2145 1857 2257 1912 ibus
2287 1855 2474 1920 Roma,
2513 1853 2782 1922 Ravenna,
2821 1854 3000 1908 Ticino
3029 1865 3077 1908 et
3115 1854 3388 1908 Placentia
3429 1854 3626 1908 consti-

2111 1936 2300 1982 tuerat.
2364 1925 2491 1979 Tum
2539 1933 2674 1978 vetat
2712 1926 2804 1980 sub
2841 1925 2987 1994 grari
3028 1941 3177 1994 paena
3225 1941 3288 1978 ne
3331 1924 3444 1994 quis
3482 1925 3630 1994 intra

2111 1995 2510 2069 quinquennium
2548 1994 2675 2062 ipsis
2720 1991 2979 2069 succedat.
3025 1991 3258 2064 Denique
3279 1991 3424 2064 jubet
3462 2003 3520 2046 ut
3558 1991 3631 2047 ob

2113 2065 2401 2120 iterilitatis
2433 2065 2625 2118 damna
2653 2065 2820 2136 pretia
2846 2080 3016 2118 rerum
3039 2072 3302 2133 temperet.

2126 2163 2282 2250 περ
2308 2176 2474 2232 Decet
2500 2173 2701 2244 regiam
2719 2174 2979 2243 justitiam
3012 2173 3280 2230 etzstodirc
3308 2173 3452 2243 quod
3481 2190 3511 2228 a
3537 2173 3635 2242 ju-

2041 2269 2247 2324 dicibus
2294 2268 2432 2322 bene
2480 2265 2762 2335 agentibus
2811 2263 2973 2320 fuerit
3010 2264 3334 2328 ordinatum,
3387 2266 3634 2320 maxime

2043 2375 2272 2430 quorum
2315 2357 2644 2412 conscientia
2691 2357 2770 2412 sic
2813 2364 2943 2410 nota
2992 2363 3096 2422 est,
3126 2363 3183 2409 ut
3213 2355 3343 2409 nihil
3388 2353 3634 2440 incaute,

2044 2449 2176 2504 nihil
2206 2448 2516 2502 venalitatis
2543 2445 2718 2502 studio
2747 2445 2935 2501 fecisse
2962 2446 3258 2500 videantur.
3292 2443 3355 2497 Et
3383 2443 3504 2498 ideo
3534 2459 3636 2496 ar-

2043 2540 2220 2596 carios
2257 2547 2638 2608 prorogatores
2685 2536 2867 2603 tritici,
2911 2536 3021 2590 vini
3065 2545 3120 2590 et
3174 2535 3337 2600 casei,
3383 2535 3651 2589 macella-

2050 2629 2182 2696 rios,
2213 2629 2473 2694 vinarios,
2523 2627 2871 2697 capitularios
2910 2625 3306 2680 horreariorum
3349 2631 3404 2679 ct
3443 2625 3636 2679 κώρι’-

2047 2721 2341 2784 nariorum,
2396 2719 2694 2774 fenerarios
2747 2724 2805 2772 et
2840 2715 3128 2780 cellaritas,
3177 2713 3269 2782 qui
3319 2711 3388 2767 ad
3438 2714 3637 2771 urbem

2049 2811 2366 2876 Romanam,
2399 2810 2485 2864 vel
2531 2809 2598 2862 ad
2637 2808 2974 2862 mansionem
3021 2805 3294 2875 pertinent
3334 2804 3638 2861 Ravenna-

2048 2910 2177 2968 tem,
2198 2901 2292 2956 sed
2309 2911 2364 2956 et
2382 2913 2477 2954 eos
2497 2898 2590 2968 qui
2613 2899 2783 2967 ripam
2803 2895 3138 2951 Ticinensem
3161 2903 3216 2950 et
3236 2894 3638 2966 Placentinam,

2049 2991 2164 3047 sive
2193 3005 2288 3060 per
2315 2989 2416 3042 alia
2461 2987 2577 3042 loca
2624 2985 2928 3056 quicunque
2956 2983 3199 3054 publicos
3247 2983 3430 3038 titulos
3458 2985 3640 3039 admi-

1973 3079 2023 3144 C
2055 3083 2286 3138 nistrare
2323 3081 2638 3145 noscuntur,
2669 3093 2804 3148 quos
2843 3091 2872 3129 a
2902 3076 3054 3132 vobis
3099 3075 3458 3145 comperimus
3487 3075 3641 3130 ordi-

2051 3183 2229 3240 natos,
2271 3173 2426 3243 cujus
2465 3169 2663 3242 judicia
2715 3171 2794 3227 sic
2838 3169 3068 3226 libenter
3113 3167 3508 3239 amplectimur,
3554 3169 3642 3226 sic

2051 3266 2253 3322 servari
2305 3265 2691 3328 desideramus,
2737 3271 2991 3334 tanquam
3043 3277 3073 3316 a
3129 3262 3286 3318 nobis
3323 3261 3462 3318 facta
3511 3279 3640 3320 esse

2051 3357 2366 3425 credantur;
2401 3372 2500 3412 nec
2527 3356 2751 3412 sinimus
2778 3367 2964 3411 contra
2989 3355 3110 3412 illos
3140 3355 3454 3426 cujusquam
3497 3371 3644 3426 pra:-

2051 3451 2230 3506 valere
2260 3449 2537 3510 malitiam.
2567 3451 2659 3519 qui
2696 3458 2877 3505 vestro
2899 3449 3104 3519 judicio
3137 3449 3642 3505 administrationes

2051 3541 2292 3612 publicas
2319 3551 2690 3611 susceperunt.
2723 3541 3064 3612 Quapropter
3089 3541 3141 3596 in
3187 3541 3479 3611 designatis
3507 3541 3642 3596 titu-

2053 3631 2119 3685 lis
2171 3631 2419 3698 ambitio,
2462 3632 2678 3686 inimica
2715 3646 2929 3701 semper
2970 3630 3210 3700 justitim,
3242 3630 3638 3700 conquiescat;

2049 3721 2580 3776 consuetudinarium
2632 3723 2772 3778 bene
2827 3722 3110 3790 agentibus
3163 3721 3340 3777 locum
3390 3721 3643 3790 protinus

2053 3812 2308 3868 tollamus
2356 3811 2596 3878 invidim;
2639 3828 2746 3868 non
2797 3813 2959 3868 liccat
2995 3814 3247 3883 cuiquam
3289 3813 3430 3868 intra
3480 3817 3644 3884 quin-

2052 3903 2343 3973 quennium
2371 3902 2639 3974 pnedlctis
2661 3903 2800 3959 velle
2836 3903 3144 3969 succedere,
3176 3903 3222 3959 si
3254 3912 3432 3958 tamen
3455 3912 3644 3959 vestra

2051 3995 2396 4064 inquisitione
2421 4009 2516 4049 eos
2542 3993 2687 4048 nulla
2715 3993 2871 4063 culpa
2917 3989 3202 4063 respuerit.
3235 3992 3355 4070 Sint
3381 4007 3512 4062 ergo
3550 3993 3645 4048 in-

1973 4154 1984 4173 .
2052 4087 2268 4158 trepidi,
2291 4086 2384 4156 qui
2409 4095 2592 4140 vestra
2616 4087 2891 4142 voluntate
2912 4087 2997 4152 vel
3025 4093 3169 4140 sunt.
3192 4085 3279 4139 vel
3305 4083 3522 4139 fuerunt
3550 4101 3651 4139 or-

2053 4177 2221 4233 dinati
2255 4197 2267 4232 :
2293 4186 2583 4248 procurent
2603 4176 2703 4233 sibi
2732 4177 3035 4234 necessaria
3075 4177 3269 4232 securi.
3303 4176 3422 4231 Non
3454 4177 3651 4232 timeat

2057 4273 2196 4327 intra
2223 4269 2326 4326 hoc
2353 4269 2774 4341 quinquennium
2802 4267 3015 4338 expelli,
3046 4282 3206 4338 quem
3227 4260 3650 4322 commendave-

2058 4363 2130 4417 rit
2169 4363 2411 4434 probitas
2464 4361 2714 4416 actionis.
2763 4359 2994 4431 Propter
3041 4359 3382 4414 sterilitatem
3423 4372 3650 4428 quoque

372 4449 489 4518 quis
535 4446 830 4502 tributariis
875 4440 1058 4512 aliquo
1101 4445 1347 4501 remedio
1383 4447 1670 4503 subvenire
1709 4448 1947 4505 festinat.
1981 4435 2035 4496 D
2061 4454 2341 4524 praesentis
2367 4453 2627 4523 temporis
2654 4451 2722 4507 de
2747 4451 2968 4520 singulis
2987 4443 3286 4523 speciebus,
3317 4457 3478 4520 prout
3507 4452 3652 4505 emi-

369 4537 508 4603 Quid
553 4536 696 4591 enim
722 4535 921 4602 justius
965 4542 1235 4604 estquam
1263 4537 1468 4605 petenti
1515 4540 1762 4594 conlerre
1807 4542 1950 4611 quod

373 4626 686 4695 intelligitur
713 4625 830 4693 ipSe
850 4623 1162 4680 laborasse?
1185 4626 1262 4680 Ad
1285 4627 1704 4683 misericordiam
1731 4631 1950 4686 forsitan

373 4725 664 4787 poscantur
691 4715 848 4769 otiosi
868 4731 890 4780 ;ο
909 4714 1087 4770 cultor
1122 4718 1234 4784 agri
1273 4717 1339 4770 ad
1369 4716 1598 4774 futuram
1631 4720 1825 4776 famem
1854 4723 1950 4778 de-

375 4807 588 4868 seritur,
617 4805 718 4860 nisi
749 4806 820 4869 ei,
844 4817 965 4862 cum
997 4821 1216 4866 necesse
1241 4809 1418 4876 fuerit,
1449 4813 1779 4869 subvenitur.
1807 4813 1949 4881 Qua—

375 4908 595 4971 propter
619 4899 953 4955 iudustriosze
987 4899 1210 4970 Ligurize
1246 4898 1564 4976 devotisque
1591 4905 1831 4962 Veneliis
1859 4924 1954 4964 co—

375 4991 460 5063 pia
507 4993 778 5048 subtracta
806 4991 1005 5048 dicitur
1033 5009 1152 5049 esse
1181 4995 1247 5050 de
1293 4995 1514 5068 campis,
1559 5000 1650 5054 sed
1681 5015 1823 5056 nunc
1849 5017 1949 5055 na-

373 5090 557 5140 scatur
585 5084 638 5139 in
669 5084 893 5150 horreis,
925 5085 1050 5154 quia
1081 5087 1240 5142 nimis
1263 5089 1483 5160 impium
1514 5099 1598 5146 est
1626 5093 1953 5163 plenissimis

375 5175 526 5233 cellis
566 5189 763 5230 vacuos
811 5177 1015 5232 esurire
1059 5179 1310 5236 cultores.
1355 5181 1530 5253 Atque
1579 5183 1701 5240 ideo
1733 5183 1950 5243 illustris

375 5263 684 5334 magnitudo
713 5274 824 5331 tua,
870 5274 1100 5335 quorum
1145 5268 1378 5342 dignitas
1407 5274 1471 5326 ad
1506 5269 1615 5329 hoc
1644 5275 1837 5345 legitur
1871 5279 1953 5332 inv

449 5438 472 5464 ι
499 5426 664 5480 Nemo
689 5425 898 5502 invitus
920 5423 1340 5502 ad_religione‘m
1379 5431 1796 5499 compellendus,
1827 5449 1948 5502 qua:

380 5510 570 5573 sponte
600 5495 1063 5573 suscipiendas“.
1093 5513 1222 5573 non
1243 5499 1313 5573 vi,
1344 5495 1528 5573 supra,
1549 5502 1662 5573 lib.
1697 5519 1752 5566 ll,
1783 5495 1946 5573 epist.

367 5559 470 5642 οἳἿῖ
509 5559 1170 5642 Tlteodoriéus'uitiv'erSIs
1197 5559 1834 5642 Jndicis':Religionum":
1863 5575 1948 5627 in-

383 5637 518 5709 quit,
555 5636 818 5709 imperare
848 5650 952 5709 non
986 5651 1286 5702 possumus.
1311 5639 1433 5709 quia
1467 5636 1624 5693 nemo
1653 5643 1863 5709 cogitur
1893 5652 1950 5696 ut

391 5705 572 5758 credat
615 5706 825 5759 invitus.
865 5703 1252 5771 Athenagoras,
1286 5703 1341 5760 in
1383 5708 1647 5775 legatione
1677 5703 1774 5773 pro
1805 5711 1948 5768 Chr?-

2060 4547 2255 4602 nentize
2283 4554 2476 4600 vestrm
2516 4543 2907 4600 rationabiliter
2932 4541 3104 4596 visum
3136 4540 3316 4607 fuerit,
3345 4541 3519 4610 pretia
3559 4539 3651 4600 fa-

2059 4639 2165 4694 cite
2193 4637 2500 4708 temperari,
2526 4645 2586 4690 ut
2611 4637 2662 4690 bi
2692 4635 2886 4706 quibus
2906 4635 3250 4690 commissum
3276 4640 3359 4687 est
3385 4647 3654 4688 exercere

2059 4731 2298 4800 singulos
2336 4737 2625 4800 apparatus
2660 4730 2728 4784 de
2777 4728 2976 4798 injusto
3021 4725 3331 4796 gravantine
3359 4739 3466 4779 non
3505 4739 3650 4794 que-

2062 4831 2266 4878 rantur.
2312 4822 2420 4877 Sed
2449 4823 2702 4892 quoniam
2748 4821 2978 4876 humana
3007 4819 3228 4874 ambitio
3276 4817 3376 4872 nisi
3407 4834 3502 4888 per
3529 4833 3652 4870 me-

2062 4926 2174 4972 tum
2205 4915 2384 4970 damni
2408 4931 2514 4970 non
2541 4923 2721 4983 potest
2743 4910 2995 4978 inhiberi,
3024 4911 3070 4965 is
3095 4909 3186 4979 qui
3226 4923 3258 4962 a
3287 4907 3442 4964 nobis
3472 4907 3653 4962 titulis

2059 5006 2338 5070 ordinatis,
2387 5007 2500 5063 sive
2539 5005 2822 5072 suifragiis,
2854 5004 2969 5059 sive
3005 5011 3356 5072 patronorum
3394 4998 3654 5069 precibus

2059 5099 2208 5154 nisus
2247 5098 2379 5173 [ed.,
2427 5094 2594 5168 visus]
2626 5096 2785 5151 fuerit
2827 5096 3078 5164 cuiquam
3107 5093 3417 5156 succedére,
3459 5091 3651 5146 statim

2057 5187 2274 5257 triginta
2301 5188 2552 5242 librarum
2575 5187 2692 5241 auri
2719 5185 2917 5240 mulcta
2945 5185 3186 5248 feriatur,
3209 5197 3240 5236 a
3271 5180 3424 5236 vobis
3448 5180 3652 5234 nihilo-

2057 5281 2233 5336 minus
2271 5280 2552 5350 exigenda.
2603 5279 2757 5348 Quod
2805 5280 2848 5334 si
2879 5277 2947 5333 ad
2988 5277 3092 5330 hoc
3119 5275 3371 5329 damnum
3416 5272 3656 5330 idoneus

2053 5438 2242 5510 stianis
2261 5440 2326 5494 ad
2357 5440 2522 5510 impp.
2553 5437 2908 5493 Commodum
2938 5446 2993 5492 et
3020 5435 3374 5500 Antoninum,
3402 5435 3591 5492 statim
3618 5453 3656 5494 a

2049 5507 2333 5578 principio.
2368 5507 2535 5564 Fons.

2125 5580 2149 5616 δ
2181 5572 2340 5642 Dare,
2373 5580 2618 5644 reddere,
2641 5578 2928 5646 discrimen
2957 5579 3062 5636 hoc
3093 5593 3212 5641 nos,
3246 5572 3338 5632 lib.
3367 5591 3448 5643 ut,
3478 5593 3530 5633 c.
3559 5575 3654 5646 I5,

2053 5648 2274 5710 Select.,
2308 5651 2675 5706 tractavimus.
2700 5645 2943 5704 Fonxcn.
