3960 6408
208 519 319 574 8Π

1525 510 1887 600 VAl'llAllUltl
1925 510 2120 567 LIBER
2163 512 2224 568 Χ.

3418 521 3521 574 8ἷ8

214 648 328 687 non
381 628 622 701 potuerit
665 627 925 692 inveniri,
978 628 1249 700 corporali
1294 627 1561 699 supplicio
1604 641 1819 696 prauam
1852 628 1899 685 Α
1928 628 2109 683 ctione
2129 629 2483 697 mollescunt;
2508 642 2562 686 et
2590 634 2679 701 qui
2713 634 2779 688 ab
2809 635 2963 695 hoste
2990 636 3120 695 foris
3148 644 3389 710 superari
3421 645 3521 699 mi-

215 721 352 786 luat,
370 730 396 759 ι
426 719 517 793 qui
548 734 654 781 non
674 719 912 790 potuerit
935 718 988 773 in
1012 718 1320 789 supradicta
1347 717 1687 789 perculsiune
1711 715 1814 770 sui.

218 816 417 881 licere;
448 825 506 872 et
550 814 839 870 frustretur
885 812 1110 869 ausibus
1148 813 1278 877 suis,
1305 828 1464 882 ptrna
1490 811 1652 865 etiam
1699 809 1820 863 inu-

219 907 420 963 rendus
442 904 700 973 infamiae,
734 905 825 976 qui
851 911 1043 960 contra
1085 904 1369 959 interdicta
1401 911 1583 957 nostra
1640 900 1821 969 aliqua

220 996 669 1069 tergiversatione
712 996 900 1051 venire
945 996 1253 1051 tentaverit.
1308 993 1451 1049 Nihil
1491 993 1638 1048 enim
1674 1008 1823 1046 secu-

223 1104 364 1154 rum,
396 1086 529 1157 nihil
552 1086 755 1156 poterit
780 1085 974 1142 stabile
997 1086 1245 1157 reperiri,
1278 1085 1324 1140 si
1353 1099 1570 1154 semper
1589 1082 1826 1137 inviden-

222 1178 357 1235 tium
386 1186 515 1233 vota
538 1176 605 1232 ad
630 1176 845 1233 illicitas
873 1176 1135 1233 accedere
1170 1176 1552 1245 permittantur
1581 1172 1818 1228 insidias.

224 1267 380 1336 Quod
407 1266 724 1337 magnitudo
760 1275 940 1323 vestra
984 1266 1037 1321 in
1068 1267 1308 1322 omnium
1351 1265 1513 1320 faciat
1544 1263 1824 1335 pervenire

224 1358 497 1424 notitiam,
531 1373 602 1413 ne
630 1356 753 1429 quis
789 1371 889 1427 per
928 1356 1286 1428 ignorantiam
1317 1371 1376 1413 se
1403 1354 1679 1410 existimet
1722 1368 1821 1408 cx-

226 1450 550 1518 cusandum,
581 1450 727 1522 quod
771 1466 880 1508 non
925 1449 1254 1506 intellexerit
1278 1448 1443 1506 fuisse
1472 1449 1821 1521 prohibitum.

753 1624 1087 1681 EPISTOLA
1115 1624 1307 1680 XXIX.

463 1754 779 1797 WINUSMDO
807 1754 991 1796 εοιιτι
1032 1754 1417 1796 τηεοωιυυεε
1449 1755 1572 1796 REI.

223 1851 477 1910 Concedit
502 1852 585 1907 illi
613 1850 916 1923 {aadtatem
941 1867 1107 1921 aquas
1137 1850 1383 1905 Bormias
1402 1850 1608 1923 petendi
1638 1850 1709 1904 ad
1735 1867 1823 1905 aa-

368 1921 621 1983 nandum
632 1922 942 1994 podagram,
974 1938 1089 1990 qum
1115 1923 1361 1995 graphice
1391 1921 1715 1976 describitur.

295 2038 433 2095 Cum
461 2037 635 2109 gentis
664 2044 769 2092 tua:
797 2036 1112 2095 honoranda
1137 2036 1391 2092 nobilitas
1420 2046 1476 2092 et
1503 2048 1713 2104 magna:
1754 2034 1816 2089 ll-

222 2130 313 2185 dei
362 2130 686 2187 documenta
732 2126 1030 2183 suasissent
1076 2134 1136 2183 ut
1183 2126 1276 2182 tibi
1325 2127 1514 2182 urbem
1556 2125 1819 2189 Ticinum,

222 2236 389 2290 quam
418 2235 516 2292 per
543 2218 685 2275 bella
712 2217 1053 2283 defenderas,
1088 2217 1494 2287 gubernandam
1521 2232 1658 2288 pace
1698 2230 1820 2273 cre-

224 2314 500 2375 deremus,
548 2310 753 2366 limosae
784 2308 1038 2380 podagra:
1076 2309 1254 2366 subita
1295 2309 1644 2367 inundatione
1680 2325 1825 2367 com-

228 2402 414 2472 plutus
440 2400 585 2477 [ma.,
614 2399 956 2473 completus],
984 2414 1151 2470 aquas
1178 2398 1424 2455 Bormias
1444 2401 1623 2470 potius
1650 2401 1821 2457 sicca-

226 2494 385 2559 tivas,
417 2492 684 2551 salutares
713 2492 837 2547 huic
865 2491 1173 2563 specialiter
1193 2493 1452 2562 passioni,
1479 2493 1618 2548 velle
1648 2502 1702 2548 te
1730 2508 1823 2563 pe-

227 2595 345 2643 tere
390 2583 696 2654 postulasti.
728 2582 1064 2639 Desiderium
1091 2594 1238 2639 tuum
1269 2584 1554 2640 remediali
1580 2583 1824 2653 jussione

225 2692 504 2743 sanatnus,
538 2684 597 2731 ut
641 2676 962 2745 sospitatem
1007 2690 1170 2746 quam
1214 2677 1412 2733 merito
1459 2676 1514 2731 in
1544 2685 1598 2732 te
1627 2676 1826 2746 qumri-

226 2784 374 2836 mus,
402 2766 661 2837 iussionis
681 2764 946 2823 beneﬂcio
974 2767 1362 2838 compleamus.
1406 2767 1558 2823 Absit
1592 2767 1737 2823 enim
1766 2775 1827 2823 ut

227 2858 551 2924 bellicosum
605 2858 779 2921 virum
829 2858 1071 2929 tyrannis
1118 2860 1451 2928 gravissima:
1504 2858 1826 2917 calamitatis

229 2958 502 3016 exarmet,
532 2964 655 3019 qua:
683 2950 820 3005 miro
848 2949 1011 3005 modo
1039 2950 1281 3006 membra
1302 2950 1530 3005 virentia
1563 2949 1828 3006 inlusione

229 3043 465 3114 pmnalis
514 3042 757 3099 humoris
784 3042 930 3112 cogit
968 3057 1236 3110 arescere,
1274 3042 1555 3111 nodosque
1597 3040 1829 3097 mobiles

228 3137 408 3206 replet
437 3149 746 3193 marmoreo
776 3142 991 3192 tumore
1016 3143 1344 3201 crescentes,
1384 3149 1508 3191 cum
1537 3134 1682 3190 norit
1719 3132 1826 3189 alia

227 3214 427 3291 cuncta
460 3241 689 3285 vacuare
720 3226 1013 3296 iuncturas.
1072 3224 1218 3283 Petit
1268 3241 1538 3284 concavas
1585 3227 1826 3292 lacunas,

229 3323 321 3378 ubi
338 3322 571 3393 palustri
601 3321 839 3377 statione
876 3320 1206 3392 pigrescens,
1249 3335 1381 3376 saxa
1423 3320 1636 3391 perlicit
1665 3319 1735 3375 de
1764 3320 1827 3375 li-

1926 721 2071 776 nimc
2125 729 2451 792 potuerunt,
2509 724 2578 779 ab
2633 725 2844 782 interna
2901 729 3079 798 potius
3132 734 3522 790 contrarietate

1927 817 2230 871 vincantur.
2257 813 2427 887 Perge
2454 817 2640 886 igitur,
2671 828 2896 877 auctore
2937 821 3066 888 Deo,
3112 825 3384 892 gressibus
3414 827 3523 884 tuis

1926 906 1992 962 ad
2019 906 2194 989 locum
2225 909 2562 978 praedictum.
2606 910 2758 965 Absit
2802 912 2945 967 enim
2978 921 3037 971 ut
3064 914 3295 972 bellator
3334 925 3522 973 uoster

1925 1002 2167 1056 ambulet
2197 1002 2440 1072 passibus
2458 1002 2665 1058 alienis.
2694 1002 2906 1073 Equino
2929 1005 3113 1067 dorso,
3144 1022 3251 1063 non
3282 1008 3520 1063 humana

1925 1090 2278 1147 subvectione
2325 1102 2571 1162 portetur
2597 1111 2608 1145 :
2633 1094 2758 1163 quia
2807 1094 2922 1150 viro
2952 1094 3074 1151 forti
3117 1110 3281 1165 grave
3320 1106 3406 1154 est
3443 1098 3524 1155 sic

1924 1181 2128 1248 vivere,
2180 1191 2239 1238 ut
2285 1197 2386 1238 nec
2433 1184 2596 1239 vitam
2641 1184 2867 1241 inertem
2913 1187 3087 1257 possit
3124 1188 3259 1260 μά,
3289 1199 3520 1247 mortem

1927 1275 2116 1345 possit]
2147 1275 2394 1347 implere.
2418 1276 2548 1345 Qua:
2577 1278 2703 1336 ideo
2728 1280 2823 1339 tibi
2850 1291 3180 1351 exaggerata
3211 1284 3521 1340 narratione

1927 1369 2231 1432 retulimus,
2266 1377 2324 1424 ut
2343 1370 2410 1424 ad
2441 1371 2678 1427 studium
2700 1373 2950 1433 sanitatis
2973 1374 3153 1430 votiva
3181 1375 3343 1433 nimis
3363 1375 3519 1445 cupi-

1927 1459 2097 1515 ditate
2124 1461 2371 1531 rapiaris.
2411 1459 2572 1518 Utere
2602 1461 2762 1533 igitur
2792 1466 2946 1533 aquis
2968 1463 3093 1532 illis,
3125 1465 3359 1536 primum
3388 1473 3520 1535 potu

1930 1549 2271 1618 delinitoriis,
2300 1551 2495 1608 deinde
2520 1553 2852 1609 thermarum
2896 1554 3320 1613 exhibitionibus
3346 1556 3523 1611 siccae

1930 1642 2073 1709 tivis,
2104 1644 2194 1699 ubi
2223 1645 2420 1701 merito
2442 1644 2784 1702 indomabilis
2803 1648 2986 1705 cervix
3012 1648 3102 1703 illa
3132 1649 3398 1719 passionis
3426 1646 3521 1706 llo-

1928 1736 2112 1802 ctitur,
2140 1736 2359 1805 quando
2387 1738 2599 1795 interna
2619 1738 2848 1809 plurima
2876 1739 3136 1797 eﬂ'usione
3165 1740 3517 1806 mundantur.

1927 1825 2200 1882 exteriora
2248 1827 2539 1884 attractiva
2586 1827 2786 1885 virtute
2836 1827 3006 1885 libera
3059 1829 3215 1900 llunt,
3271 1839 3327 1886 ct
3375 1832 3520 1887 velut

1927 1913 2137 1972 duobus
2158 1916 2372 1972 auxiliis
2392 1918 2736 1987 congregatis
2758 1917 2814 1974 in
2844 1918 3081 1978 medium
3105 1921 3268 1976 missa
3296 1935 3522 1993 supera-

1848 2015 1893 2076 B
1930 2013 2036 2061 tur.
2062 2005 2328 2061 Amentur
2364 2006 2475 2062 illic
2500 2021 2726 2063 munera
2756 2022 3015 2064 concessa
3055 2009 3335 2066 divinitus.
3373 2008 3519 2065 Cun-

1929 2104 2010 2152 tra
2038 2095 2185 2151 illam
2213 2096 2432 2153 humani
2453 2098 2666 2167 generis
2687 2097 3093 2155 debellatricem
3115 2099 3240 2156 data
3269 2109 3393 2157 sunt
3421 2117 3522 2172 op—

1925 2196 2157 2263 portuna
2180 2188 2478 2246 munimina
2508 2188 2877 2258 lavacrornm;
2900 2199 2957 2248 et
2975 2205 3138 2262 quam
3164 2207 3275 2248 non
3302 2191 3522 2247 edomat

1919 2280 2050 2351 iuge
2075 2278 2419 2350 decennium,
2460 2295 2571 2336 non
2617 2280 2766 2337 mille
2806 2281 3088 2353 potionum
3117 2282 3292 2339 mollit
3332 2281 3520 2337 introi-

1927 2378 2033 2434 tus,
2088 2371 2426 2442 voluptuosis
2464 2369 2573 2426 illic
2619 2369 2875 2426 remediis
2920 2368 3207 2440 ell‘ugatur.
3256 2369 3522 2427 Praestent

1926 2471 2173 2536 optatum
2216 2460 2407 2517 Divina
2447 2460 2792 2529 beneﬁcium,
2842 2468 2903 2517 ut
2930 2459 3126 2519 famam
3155 2460 3260 2519 loci
3298 2460 3519 2518 verissi-

1926 2570 2071 2610 mam
2117 2563 2208 2610 tua
2240 2554 2420 2625 potius
2461 2552 2781 2609 salubritate
2816 2567 3126 2618 noscamus,
3155 2566 3317 2622 quem
3362 2551 3522 2608 nobis

1926 2645 2282 2702 desiderabile
2312 2653 2397 2703 est
2424 2644 2656 2702 evadere
2682 2642 2941 2716 quidquid
2977 2642 3165 2700 adimit
3200 2657 3547 2715 corpoream.

1926 2739 2263 2810 sospitatem.

2449 2848 2784 2907 EPISTULA
2820 2848 2971 2905 XXX

2071 2983 2299 3023 BONORIO
2331 2982 2624 3023 PR£PECTO
2652 2981 2799 3022 URBIS
2840 2979 3225 3021 τηιοωωυυε
3251 2980 3378 3023 ιιι.

1928 3077 2080 3134 lubet
2108 3090 2164 3133 ut
2203 3080 2437 3136 labantes
2474 3079 2775 3151 elephantes
2814 3094 2986 3151 meos
3023 3079 3242 3151 pristino
3282 3080 3442 3134 statui
3478 3088 3529 3134 et

1985 3152 2235 3222 ﬁrmitati
2257 3152 2522 3222 restituat.
2547 3149 2680 3222 Tum
2706 3151 2816 3221 step
2827 3149 3003 3203 iantes
3024 3149 3074 3204 et
3095 3164 3272 3204 eorum
3291 3152 3529 3222 proprie-

2004 3218 2135 3276 tates
2161 3221 2380 3291 miriﬁce
2407 3218 2664 3292 depingit.

2010 3315 2168 3387 ιω
2194 3312 2490 3369 Rclationis
2516 3320 2707 3369 vestrm
2727 3320 2916 3370 tenore
2943 3328 3331 3385 comperimus,
3357 3314 3413 3369 in
3440 3314 3528 3369 via

229 3381 433 3482 quare;
461 3419 517 3467 et
542 3427 662 3482 qua:
690 3410 758 3469 ad
785 3381 1038 3468 decorem
1060 3381 1366 3467 inﬂexionis
1392 3381 1585 3465 natura
1611 3408 1832 3465 laxave-
1857 3381 1904 3446 ο
1933 3381 2313 3477 Sacra,qu
2350 3406 2534 3462 multis
2574 3405 3049 3477 superstitionibus
3067 3381 3266 3462 dicavit
3288 3405 3418 3479 [σόη
3449 3406 3531 3462 di-

231 3510 335 3567 rat,
361 3501 415 3559 in
447 3501 811 3571 turpissimum
837 3502 1072 3571 rigorem
1093 3501 1366 3559 soliditate
1389 3502 1672 3572 peregrina
1694 3517 1829 3559 con-
1937 3494 2091 3569 tavit]
2113 3495 2424 3567 antiquitas,
2456 3494 2771 3565 elephantes
2797 3509 2981 3551 mneo:
3005 3494 3180 3551 vicina
3209 3494 3533 3552 omnimodis

231 3593 467 3663 stringit.
497 3592 625 3651 "th
653 3593 835 3666 passio
864 3594 1176 3651 insanabilis
1216 3600 1274 3651 et
1318 3594 1522 3651 sanitas
1566 3593 1832 3664 passibilis
1932 3590 2088 3646 ruina
2132 3589 2396 3655 titubare;
2441 3597 2498 3644 et
2538 3588 2631 3658 qui
2677 3588 2855 3644 solent
2892 3588 2946 3643 in
2994 3588 3197 3645 carnali
3234 3589 3533 3644 substantia

233 3685 364 3753 ligat
401 3683 626 3750 solutOS,
661 3685 937 3741 contrahit
977 3699 1196 3752 nervos,
1240 3695 1299 3740 et
1340 3684 1660 3741 decrescere
1704 3683 1834 3741 facit
1933 3696 2095 3753 supra
2117 3681 2368 3737 millenos
2394 3695 2566 3735 annos
2590 3680 2795 3749 vivere,
2825 3694 3077 3736 occasum
3103 3680 3536 3751 vidcanturpro-

233 3791 492 3847 corpora,
520 3792 643 3848 qua:
684 3777 830 3833 nulla
858 3784 985 3834 sunt
1024 3778 1365 3834 mutilatione
1392 3786 1659 3834 truncata.
1688 3775 1835 3832 Con-
1935 3776 2138 3831 simum
2169 3777 2222 3831 in
2250 3774 2550 3830 simulacris
2576 3775 2732 3830 aereis
2752 3776 3040 3831 sustinere.
3073 3773 3169 3831 llis
3197 3775 3535 3847 providentia

234 3868 503 3925 stantibus
529 3868 785 3927 membris
812 3869 1156 3939 proceritatis
1180 3884 1433 3925 mensura
1459 3870 1620 3941 parit,
1652 3878 1708 3923 et
1733 3869 1834 3923 mi—
1936 3878 2115 3923 vestra
2163 3865 2319 3923 reddi
2363 3865 2530 3921 faciat
2575 3866 2850 3935 propriam
2904 3864 3328 3935 longmvitatem,
3383 3869 3535 3922 uncis

237 3974 340 4017 nor
362 3959 624 4023 cernitur,
647 3959 736 4015 cui
760 3959 891 4017 nihil
918 3959 1237 4017 subductum
1268 3977 1388 4017 esse
1415 3962 1664 4016 sentitur.
1694 3961 1833 4017 Sub-
1938 3960 2127 4016 ferreis
2152 3958 2353 4015 hiantia
2374 3958 2616 4013 membra
2646 3956 2947 4024 solidanda,
2980 3958 3159 4014 alvum
3190 3976 3406 4031 quoque
3438 3961 3536 4017 de-

238 4052 526 4108 trahuntur
552 4052 831 4121 superstiti
862 4052 1160 4108 ministeria
1190 4053 1557 4109 membrorum
1588 4070 1600 4107 :
1635 4067 1836 4123 corpus
1938 4052 2155 4107 missam
2183 4049 2397 4106 subdito
2423 4049 2630 4119 pariete
2652 4048 2989 4115 corroboret,
3017 4065 3085 4105 ne
3106 4050 3193 4104 illa
3225 4052 3535 4120 magnitudo

239 4143 419 4199 vivum
446 4151 550 4210 est,
590 4157 694 4201 nec
718 4151 1000 4208 movetur;
1049 4150 1106 4198 et
1134 4143 1272 4198 intra
1307 4143 1638 4199 insensibilia
1678 4144 1836 4198 reda-
1937 4142 2201 4199 mirabilis
2228 4141 2469 4197 solvatur
2505 4140 2740 4209 turpiter
2766 4140 2821 4195 in
2849 4140 3081 4196 ruinam.
3128 4140 3258 4195 Nam
3303 4151 3358 4197 et
3400 4143 3535 4197 vivis

238 4240 408 4299 etum,
428 4231 539 4301 jam
568 4247 676 4289 non
706 4231 927 4303 proprio
950 4241 1102 4299 voto,
1132 4234 1228 4290 sed
1264 4243 1418 4290 motu
1444 4233 1615 4291 fertur
1636 4235 1834 4291 alieno.
1939 4235 2056 4307 ipse
2083 4249 2242 4291 casus
2266 4232 2527 4290 adversus
2554 4242 2666 4299 est;
2693 4234 2787 4304 qui
2815 4233 2942 4290 dum
2981 4234 3207 4303 ingeniis
3231 4234 3535 4289 cubatinnis

236 4320 366 4383 llzec
390 4323 504 4381 viva
534 4335 686 4379 mors
711 4338 875 4393 supra
913 4324 1095 4379 omnia
1125 4333 1397 4380 tormenta
1439 4341 1572 4381 sana
1601 4325 1834 4393 dicitur;
1940 4336 2059 4383 arte
2104 4327 2384 4382 hominum
2418 4325 2658 4383 succisis
2695 4324 2981 4382 arboribus
3019 4327 3256 4396 ingentia
3292 4330 3533 4383 membra

239 4424 297 4467 et
315 4413 509 4469 melius
528 4413 729 4471 habere
751 4412 939 4477 fertur,
962 4414 1055 4483 qui
1076 4414 1316 4471 evasisse
1332 4430 1524 4474 causas
1544 4416 1679 4470 tanti
1703 4417 1839 4486 peri-
1940 4418 2335 4485 commiserint,
2368 4426 2486 4473 toto
2523 4418 2764 4489 pondere
2800 4418 3060 4488 supinati,
3089 4428 3363 4490 nequeunt
3412 4436 3539 4491 pro-

241 4504 347 4561 euli
373 4519 481 4560 non
504 4504 784 4575 probatur.
810 4504 1023 4561 Deserit
1043 4504 1265 4574 quidem
1289 4504 1467 4570 dolor,
1491 4505 1586 4562 sed
1615 4506 1839 4561 dimittit
1942 4510 2073 4582 priis
2095 4510 2301 4566 viribus
2320 4522 2563 4577 surgere,
2585 4523 2727 4580 quos
2744 4508 2910 4563 semel
2930 4510 3219 4577 contigerit
3235 4510 3535 4573 corruisse;

240 4597 499 4667 reliquias
549 4596 833 4662 fortiores;
888 4606 964 4665 et,
1009 4613 1150 4654 novo
1182 4597 1516 4654 infelicitatis
1561 4598 1835 4669 exemplo,
1939 4602 2169 4668 scilicet,
2190 4600 2314 4670 quia
2341 4599 2507 4671 pedes
2530 4614 2722 4655 eorum
2750 4597 2911 4655 nullis
2930 4600 3170 4655 articulis
3199 4598 3225 4639 δ
3256 4599 3539 4655 inﬂectun-

243 4688 424 4758 passio
444 4687 657 4749 videtur
674 4687 990 4757 abscedere,
1022 4696 1077 4746 et
1104 4702 1250 4758 aeger
1276 4704 1387 4744 non
1424 4689 1622 4745 desinit
1647 4703 1826 4758 tegro-
1942 4703 2051 4760 tur,
2079 4692 2173 4749 sed
2202 4696 2257 4748 in
2289 4690 2512 4747 modum
2548 4691 2925 4747 columnarum
2973 4691 3211 4759 rigentes
3247 4700 3411 4763 atque
3455 4692 3539 4747 in-

246 4788 382 4834 tare.
412 4778 692 4849 Appendia
734 4780 851 4849 ipsa
893 4781 1146 4835 cruciatis
1174 4779 1510 4837 debitoribus
1545 4779 1837 4851 aliquando
1867 4766 1919 4826 D
1943 4783 2245 4841 curvabiles
2283 4782 2485 4853 iugiter
2527 4789 2900 4851 perseverant.
2942 4780 3017 4838 lbi
3058 4790 3206 4838 tanta
3234 4784 3377 4839 mole
3410 4800 3539 4854 pru-

243 4871 527 4926 sulvuntur
556 4888 566 4923 :
593 4871 695 4926 ista
738 4879 919 4927 autem
943 4872 1155 4927 vincula
1192 4881 1322 4928 sunt
1347 4887 1467 4942 qua:
1505 4889 1628 4928 cum
1668 4873 1840 4928 semel
1945 4876 2101 4932 strati
2126 4882 2274 4940 sunt,
2305 4882 2365 4928 ut
2393 4880 2523 4927 tunc
2549 4872 2720 4941 magis
2756 4872 3055 4929 metallicos
3092 4873 3266 4944 possis
3292 4873 3537 4939 credere,

246 4961 520 5032 potuerint
556 4962 764 5029 illigare
783 4971 1025 5033 captum,
1071 4964 1317 5020 nesciunt
1348 4964 1403 5019 in
1435 4971 1547 5018 tota
1589 4964 1697 5017 vita
1727 4963 1839 5019 dis-
1944 4980 2068 5020 cum
2095 4981 2156 5021 se
2183 4965 2332 5020 vivos
2359 4962 2590 5034 aspicias
2612 4977 2721 5018 non
2748 4976 2990 5019 movere.
3014 4962 3206 5021 lacent
3224 4967 3542 5036 superstites

245 5056 475 5110 solvere.
505 5054 743 5113 lnfelieia
771 5056 924 5122 signa
963 5055 1222 5126 relinquit
1248 5055 1569 5120 abscedens,
1596 5063 1654 5111 et
1689 5069 1842 5110 more
1946 5056 2297 5113 similitudine
2333 5054 2657 5109 cadaverum
2686 5071 2700 5107 :
2733 5063 2978 5110 mortuos
3015 5063 3192 5125 putes,
3219 5071 3359 5126 quos
3387 5057 3539 5113 vivos

246 5149 487 5217 gentium
516 5147 866 5203 barbararum
911 5149 1204 5218 hospitium
1232 5148 1481 5219 corporis
1518 5155 1840 5218 occupatum
1946 5166 2066 5207 esse
2105 5165 2213 5205 non
2254 5148 2500 5213 dubites;
2538 5155 2595 5204 et
2640 5162 2795 5205 more
2844 5147 3152 5208 cadentium
3191 5149 3533 5215 fabricarum,

247 5240 355 5295 suis
381 5239 595 5296 indiciis
618 5239 852 5295 violenta
874 5239 1143 5306 defendit;
1174 5254 1243 5295 ne
1263 5241 1354 5296 ubi
1374 5239 1525 5296 ferox
1551 5239 1651 5294 ista
1680 5241 1845 5311 cmpit
1947 5242 2195 5297 nesciunt
2223 5239 2406 5295 locum
2445 5247 2641 5308 sponte
2671 5237 2998 5308 relinquere,
3025 5253 3187 5308 quem
3217 5240 3329 5295 suis
3362 5254 3527 5296 mem-

247 5331 559 5397 succedere,
584 5331 809 5386 adversa
833 5331 960 5386 illuc
987 5331 1183 5386 iterum
1207 5332 1407 5386 sanitas
1427 5330 1623 5387 audeat
1650 5330 1844 5387 fortas-
1947 5338 2056 5394 hris
2078 5334 2353 5407 potuerint
2379 5347 2668 5403 occupare.
2699 5330 3006 5401 Hagnitudo
3037 5332 3127 5387 illa
3157 5333 3413 5390 terribilis
3436 5349 3536 5391 nec

240 5422 318 5475 sis
347 5421 572 5476 intrare.
625 5419 739 5477 Hoc
760 5421 892 5477 licet
921 5423 1175 5477 nnmibus
1201 5422 1452 5477 videatur
1477 5438 1596 5479 esse
1624 5432 1843 5480 contra-
1948 5427 2185 5483 formicis
2224 5423 2595 5479 minutissimis
2635 5437 2735 5493 par
2788 5427 2901 5485 est,
2951 5419 3169 5491 quando
3216 5421 3536 5478 beneﬁcium

250 5512 409 5578 rium,
441 5512 549 5568 illis
584 5512 821 5567 maxime
860 5514 951 5583 qui
992 5528 1267 5570 armorum
1308 5515 1698 5573 exercitatione
1741 5518 1843 5573 llo-
1947 5538 2052 5575 nun
2087 5517 2249 5576 habet
2293 5524 2519 5582 natura),
2562 5513 2705 5584 quod
2755 5513 2943 5567 ultima
2989 5511 3240 5568 videntur
3283 5512 3535 5567 animalia

250 5613 493 5671 ruerunt,
537 5620 607 5660 ne
646 5603 889 5660 membra
931 5606 1021 5661 illa
1060 5606 1346 5662 durissima
1378 5607 1652 5677 languoris
1680 5609 1844 5666 deco-
1948 5615 2228 5669 meruisse.
2280 5607 2528 5663 llumano
2577 5605 2775 5662 solatio
2826 5611 3179 5673 consurgunt,
3226 5600 3380 5671 cujus
3420 5612 3536 5656 arte

319 5773 346 5803 ⁸
368 5763 430 5820 ι.
459 5764 513 5832 l,
541 5765 610 5820 de
637 5764 811 5836 injus
836 5781 951 5822 voc.
982 5783 996 5830 ;
1022 5781 1204 5836 supra,
1237 5767 1329 5821 lib.
1361 5784 1432 5831 tv,
1463 5768 1620 5825 eézist.
1654 5769 1740 5835 ιω,
1773 5770 1826 5825 iu

319 5782 346 5803 -
368 5782 430 5820 ιι.
459 5782 513 5832 ι,
541 5782 610 5820 ue
637 5782 691 5819 tn
723 5782 811 5889 311:5
836 5782 951 5822 voc.
982 5783 996 5830 ;
1022 5782 1204 5836 supra,
1238 5782 1329 5821 tm.
1361 5784 1432 5831 tv,
1463 5782 1620 5825 evztst.
1654 5782 1740 5835 ιε’,
1773 5787 1826 5825 ιιι

253 5836 389 5908 lim;
430 5843 487 5890 et
514 5851 661 5904 sup.,
696 5835 732 5889 li
843 5851 917 5908 ιχ,
965 5838 1127 5908 epist.
1157 5839 1190 5891 ’.ἒ
1216 5856 1227 5890 :
1251 5838 1307 5893 Si
1344 5838 1589 5900 facultas,
1614 5838 1828 5908 inquit,

255 5907 503 5987 vindietfc
531 5916 640 5960 nun
688 5904 940 5987 sufficiat.
973 5904 1350 5987 perlustuaria
1398 5907 1658 5987 supplicia
1688 5904 1835 5987 lace-

257 5988 420 6032 retur.
451 5974 735 6050 ltem_eod.
771 5976 860 6031 lib.
905 5974 993 6043 tx,‘
1010 5977 1169 6046 epist.
1206 5976 1290 6045 l8,
1316 5978 1370 6033 in
1400 5974 1576 6035 edicto
1602 5977 1850 6050 {Athala-

258 6049 349 6107 rici
376 6046 539 6115 regis.
568 6042 740 6102 Fons.
808 6102 837 6121 η

2013 5775 2037 5813 δ
2078 5775 2290 5828 Falsum
2321 5773 2423 5826 hoc
2448 5786 2565 5826 esse
2592 5772 2779 5827 scribit
2807 5768 2865 5825 Ρ.
2891 5768 3153 5827 Gilliusin
3178 5766 3540 5837 descriptione

1944 5845 2266 5917 elephantis.
2298 5840 2919 5917 quze_adj_tttteta_1l§liatt_i
2949 5841 3099 5917 libris
3126 5839 3193 5894 de
3222 5837 3541 5917 animalibus

1946 5917 1999 5970 in
2036 5908 2283 5970 "editione
2316 5908 2473 5968 'Guil.
2510 5908 2717 5969 ’Rouilii
2758 5912 2998 5981 Lugduni
3041 5926 3183 5966 anno
3228 5908 3384 5970 15(35,
3418 5921 3540 5980 pag.

1947 5981 2298 6042 500.1uns1.
