3960 6404
438 522 544 585 819

1653 524 1722 579 Μ.
1764 518 2042 579 Αυιιιῑιιιι
2080 515 2478 579 CASSIODORI

3615 525 3721 581 8‘20

431 641 735 715 jacuerunt.
789 637 976 694 Bellua
1033 643 1212 693 tamen
1265 637 1537 706 gressibus
1584 635 1695 691 suis
1741 634 2024 697 restituta,
2058 635 2104 690 A
2134 631 2246 704 ipsa
2277 633 2614 702 dignoscitur
2635 649 2754 692 esse
2782 636 3056 704 collatum,
3088 644 3266 695 tamen
3298 655 3460 710 quam
3486 643 3723 713 maxime

436 731 588 789 novit
625 744 835 786 memor
878 742 999 785 esse
1047 726 1320 794 beneﬁcii;
1371 728 1424 782 in
1470 728 1785 797 magistrum
1827 725 2026 794 quippe

435 821 629 891 recipit
671 835 834 890 quem
880 819 982 876 sibi
1029 819 1346 875 subvenisse
1391 817 1669 887 cognoscit
1707 835 1720 870 :
1756 816 1822 870 ad
1860 816 2026 886 ipsius

433 913 719 971 arbitrium
759 926 976 982 gressus
1005 918 1210 976 movet,
1242 911 1411 981 ipsius
1447 910 1725 965 voluntate
1759 909 1908 964 cibos
1936 923 2026 964 ca-

435 1005 533 1075 pit.
579 1002 666 1070 Et,
711 1005 856 1074 quod
907 1019 1122 1058 omnem
1171 1003 1580 1071 intelligentiam
1619 1001 2024 1072 quadrupedum

434 1104 674 1167 superat,
705 1111 814 1152 non
859 1096 1068 1151 dubitat
1110 1096 1287 1166 primo
1334 1104 1556 1164 aspectu
1597 1094 1822 1149 adorare
1866 1109 2026 1163 quem

437 1198 753 1246 cunctorum
783 1188 1031 1258 intelligit
1059 1197 1324 1244 rectorem
1354 1202 1474 1242 esse
1503 1205 1516 1239 :
1547 1187 1632 1242 cui
1663 1187 1804 1259 [Ac.,
1837 1181 1952 1256 qui]
1981 1185 2027 1240 si

438 1287 699 1350 tyrannus
739 1285 1026 1348 appareat,
1077 1274 1270 1331 inflexa
1321 1285 1630 1346 permanet;
1681 1291 1780 1331 nec
1825 1275 2028 1344 imponi

442 1377 623 1438 potest
647 1369 837 1424 bellove
865 1368 970 1424 hoc
998 1375 1054 1423 et
1089 1367 1244 1422 malis
1271 1367 1528 1438 pendere,
1557 1365 1704 1436 quod
1733 1381 1761 1419 a
1793 1381 1852 1421 se
1879 1365 2030 1420 novit

437 1459 594 1514 bonis
621 1459 953 1532 principibus
981 1459 1258 1515 exhibere.
1294 1457 1352 1513 lu
1389 1445 1560 1512 vicem
1593 1473 1781 1512 manus
1808 1473 2028 1528 promu-

437 1551 640 1606 acidem
671 1551 862 1616 tendit,
893 1559 948 1606 et
973 1551 1233 1619 magistro
1277 1548 1554 1620 profutura
1587 1556 1864 1618 gratanter
1890 1549 2030 1604 acci-

440 1643 539 1713 pit,
569 1643 694 1714 quia
719 1657 780 1697 se
809 1642 975 1712 ipsius
1001 1655 1132 1696 cura
1171 1639 1354 1694 vivere
1399 1653 1558 1709 posse
1603 1639 1898 1706 cognoscit.
1939 1637 2032 1692 Est

440 1735 582 1790 enim
607 1733 688 1804 (ut
707 1733 780 1786 ita
801 1731 1053 1800 dixerim)
1083 1730 1349 1802 praedictae
1387 1729 1578 1784 bellua:
1603 1738 1793 1783 nasuta
1820 1743 2028 1793 manus,

441 1839 540 1895 per
563 1839 723 1892 quam
754 1822 877 1878 data
907 1823 1130 1892 suscipit
1157 1830 1213 1876 et
1251 1824 1334 1876 ori
1364 1836 1463 1876 suo
1491 1821 1727 1876 voranda
1756 1819 2031 1875 transmit-

443 1914 526 1968 tit.
558 1912 690 1968 Nam
738 1927 861 1967 cum
899 1913 971 1968 sit
1017 1913 1184 1966 altum
1231 1911 1450 1977 animal,
1483 1911 1797 1966 brevissima
1824 1911 2033 1990 cervice

2131 739 2292 778 causa
2324 726 2484 794 regia:
2514 726 2788 796 dignitatis
2824 731 3070 799 supernis
3101 738 3182 786 est
3220 732 3533 802 applicanda
3571 734 3688 804 judi

2131 815 2250 880 ciis,
2269 815 2393 884 quia
2420 817 2533 886 ipse
2558 816 2904 873 nihilominus
2925 820 3210 887 ordinavit,
3236 824 3320 878 cui
3346 839 3473 879 suos
3493 825 3720 894 populos

2104 921 2322 978 parere
2349 907 2646 974 cognoscit.
2691 906 2843 962 Unde
2881 909 3102 966 Auctori
3144 921 3329 968 nostro
3359 913 3572 970 Christo
3599 929 3718 984 gra-

2133 997 2235 1051 tias
2277 997 2575 1053 humillima
2633 999 2997 1056 satisfactione
3049 1002 3376 1071 re'ferentes,
3425 1005 3721 1062 indicamus

2129 1098 2384 1159 parentes
2414 1101 2626 1145 nostros
2653 1091 2860 1146 Gothos
2890 1094 3030 1148 inter
3067 1094 3464 1162 procinctuales
3490 1095 3717 1164 gladios,

2131 1197 2282 1237 more
2311 1181 2597 1250 majorum,
2615 1189 2768 1236 scuto
2791 1183 3070 1257 supposito
3096 1194 3139 1250 ο,
3160 1185 3390 1252 regalem
3419 1185 3570 1239 nobis
3592 1199 3720 1240 con~

2133 1274 2338 1338 tulisse,
2365 1281 2652 1342 pnestaute
2676 1272 2806 1339 Deo,
2835 1273 3168 1340 dignitatem,
3197 1285 3253 1332 ut
3279 1275 3541 1330 honorem
3568 1290 3720 1330 arma

2131 1364 2341 1428 darent,
2365 1363 2516 1432 cujus
2548 1363 2857 1433 opinionem
2889 1364 3027 1417 bella
3055 1373 3396 1434 pepererant.
3431 1365 3544 1420 Non
3577 1366 3732 1420 enim

2134 1455 2186 1509 in
2209 1455 2398 1510 cubilis
2421 1455 2699 1523 angustiis,
2725 1455 2820 1509 sed
2841 1455 2894 1509 in
2917 1456 3118 1526 campis
3147 1457 3252 1510 late
3280 1457 3582 1526 patentibus
3607 1457 3729 1511 ele-

2133 1555 2278 1602 ctum
2307 1561 2394 1601 me
2419 1561 2538 1601 esse
2563 1546 2849 1611 noveritis;
2889 1562 2990 1602 nec
3033 1547 3172 1602 inter
3214 1547 3598 1602 hlandientium
3626 1547 3728 1602 de-

2133 1640 2292 1694 licata
2335 1639 2622 1708 colloquia,
2653 1637 2748 1692 sed
2782 1637 2922 1692 tubis
2957 1639 3407 1709 concrepantibus
3430 1655 3548 1694 sum
3571 1655 3725 1708 quae-

2133 1734 2291 1801 situs,
2341 1741 2400 1788 ut
2445 1732 2539 1786 tali
2581 1731 2798 1788 fremitu
2850 1734 3152 1789 concitatus
3193 1733 3460 1788 desiderio
3506 1734 3728 1790 virtutis

2135 1823 2382 1892 ingenitas
2409 1837 2590 1890 regem
2619 1823 2718 1877 sibi
2747 1822 2995 1878 Martium
3016 1823 3232 1879 Geticus
3261 1825 3490 1894 populus
3517 1825 3730 1880 inveni-

2135 1923 2236 1970 ret.
2283 1911 2526 1980 Quaudiu
2576 1915 2718 1969 enim
2762 1915 2926 1969 fortes
2963 1915 3083 1980 viri,
3117 1915 3258 1970 inter
3294 1915 3431 1970 bella
3461 1915 3727 1972 ferventia

441 2005 800 2077 compositum
827 2013 938 2073 est;
971 2011 1028 2060 ut
1057 2005 1199 2076 quod
1225 2005 1374 2060 cibos
1403 2019 1471 2059 ex
1497 2004 1661 2060 humo
1693 2021 1800 2059 non
1830 2020 2036 2076 przcva-
2066 2013 2112 2073 Β
2139 2008 2350 2075 nutriti,
2379 2007 2674 2077 principem
2704 2005 2843 2060 ferre
2884 2013 3134 2076 poterant
3177 2021 3282 2060 non
3329 2007 3633 2076 probatum,
3669 2013 3732 2060 ut

443 2097 586 2151 lebat
615 2110 857 2165 carpere,
893 2096 998 2151 hoc
1025 2111 1085 2151 se
1113 2095 1411 2151 ministerio
1450 2095 1726 2150 videretur
1764 2111 1921 2166 posse
1947 2113 2035 2153 sa—

401 2188 598 2244 ‘tiare.
643 2185 925 2242 Te’utando
968 2187 1142 2241 solum
1185 2195 1374 2242 cautus
1415 2201 1629 2256 semper
1658 2186 1877 2253 incedit,
1905 2187 2037 2243 reti-

445 2293 578 2334 nens
635 2275 1221 2346 initio\captivatiouis
1281 2291 1392 2332 sure
1445 2277 1612 2332 fuisse
1661 2278 1762 2334 sibi
1819 2281 2035 2334 noxiam

445 2368 676 2421 ruinam.
725 2365 939 2420 Flatum
977 2383 1166 2434 suum,
1207 2367 1332 2437 quia
1369 2367 1544 2423 dolori
1583 2369 1774 2438 capitis
1817 2370 2038 2425 humani

445 2455 648 2510 mederi
689 2447 908 2519 dicitur,
937 2451 1159 2526 rogatus
1193 2457 1430 2512 exhalat.
1465 2457 1565 2514 Hic
1602 2458 1727 2513 dum
1767 2459 1834 2514 ad
1870 2475 2038 2531 aquas

447 2546 652 2600 venerit
673 2546 1015 2612 hauriendas,
1036 2563 1134 2617 per
1153 2534 1720 2618 cavum'promuscidis
1746 2551 1798 2605 in
1821 2553 2039 2606 modum

450 2638 640 2706 pluviae
683 2628 910 2694 imbrem
957 2641 1260 2710 postulatus
1301 2641 1551 2709 effundit;
1583 2650 1639 2698 et
1674 2643 1754 2698 sic
1799 2645 2042 2712 agnoscit

451 2729 591 2800 quod
621 2729 840 2800 patitur,
873 2737 928 2786 et
955 2739 1014 2786 ut
1041 2732 1212 2787 libens
1240 2731 1402 2787 faciat
1439 2733 1588 2804 quod
1617 2741 1856 2802 rogatur.
1889 2733 2038 2790 Motu

453 2825 696 2895 corporis
733 2839 764 2879 a
793 2825 1018 2882 diversis
1063 2827 1298 2897 postulat
1325 2828 1468 2897 quod
1496 2829 1751 2896 magistro
1778 2829 2039 2900 porrigat,

455 2921 509 2969 et
537 2915 816 2979 nutritoris
845 2917 1178 2988 compendia,
1209 2933 1304 2982 sua
1334 2926 1487 2992 putat
1513 2918 1786 2974 alimenta.
1813 2919 1967 2987 Quod
1997 2919 2042 2974 si

457 2993 648 3074 aliquis
675 3007 917 3074 prmbere
945 3009 1332 3084 contempserit
1359 3009 1647 3082 postulata,
1671 3010 1862 3066 vesica:
1883 3009 2046 3066 colle-

459 3096 670 3160 ctaculo
697 3084 988 3168 patefacto,
1013 3084 1218 3156 tantam
1241 3099 1437 3163 dicitur
1457 3089 1780 3156 alluvionem
1803 3113 2046 3168 egerere,

460 3196 519 3242 ut
542 3189 594 3242 in
617 3189 733 3270 ejus
757 3191 1041 3260 penatibus
1069 3191 1286 3260 quidam
1311 3191 1504 3247 tluvius
1529 3187 1776 3246 videatur
1797 3191 2046 3255 intrasse,

449 3289 826 3352 contemptum
851 3281 1126 3337 vindicans
1151 3282 1220 3337 de
1240 3281 1430 3337 fetore.
1455 3281 1589 3336 Nam
1611 3289 1668 3338 et
1689 3282 1846 3336 laesus
1869 3289 2050 3336 servat

2137 2100 2205 2156 de
2233 2101 2350 2170 ejus
2385 2099 2523 2154 fama
2565 2099 2853 2164 laboraret,
2881 2099 3126 2168 quamvis
3166 2099 3234 2152 de
3280 2099 3499 2169 propria
3523 2099 3732 2154 virtute

2137 2190 2524 2260 praesumeret?
2552 2188 2782 2244 Necesse
2810 2196 2894 2243 est
2920 2189 3062 2242 enim
3091 2188 3248 2242 talem
3273 2188 3340 2242 de
3369 2188 3578 2243 cunctis
3604 2188 3732 2257 opi-

2137 2280 2354 2334 nionem
2400 2294 2635 2344 currere,
2665 2279 2878 2348 qualem
2925 2294 3056 2348 gens
3100 2283 3294 2332 meruit
3323 2280 3521 2334 habere
3548 2285 3735 2334 recto-

2138 2388 2273 2428 rem.
2306 2373 2458 2437 Nam,
2499 2375 2637 2428 sicut
2664 2372 2849 2426 audire
2875 2373 3144 2442 potuistis,
3172 2381 3454 2441 parentum
3476 2370 3736 2442 periculis

2140 2470 2398 2518 evocatus
2421 2463 2741 2518 adveneram
2767 2478 3105 2517 communem
3129 2477 3251 2517 cum
3277 2463 3526 2516 omnibus
3545 2461 3736 2516 subire

2143 2553 2436 2618 fortunam;
2467 2553 2564 2608 sed
2584 2553 2657 2607 illi
2677 2553 2868 2607 ducem
2897 2568 2983 2608 me
3005 2553 3106 2606 sibi
3135 2568 3254 2607 esse
3278 2568 3384 2606 non
3411 2553 3553 2622 passi
3580 2561 3732 2620 sunt,

2141 2645 2231 2713 qui
2262 2643 2613 2698 exercitatum
2641 2657 2822 2711 regem
2851 2657 3093 2710 qumrere
3118 2643 3456 2714 videbantur.
3485 2644 3739 2714 Quapro-

2144 2743 2265 2805 pter
2291 2735 2522 2804 primnm
2549 2733 2742 2787 divina:
2769 2733 2974 2799 gratim,
3007 2732 3198 2788 deinde
3225 2713 3524 2787 Gothorum
3554 2713 3737 2792 favete

2139 2824 2372 2895 jndiciis,
2395 2823 2520 2894 quia
2550 2838 2636 2878 me
2661 2836 2840 2890 regem
2863 2837 3050 2877 oumes
3076 2821 3269 2889 facitis,
3291 2824 3383 2892 qui
3407 2825 3737 2881 unanimiter

2147 2923 2270 2973 vota
2313 2915 2589 2970 confertis.
2639 2913 2902 2984 Deponite
2945 2930 3088 2970 nunc
3132 2915 3448 2970 datunorum
3490 2925 3730 2984 metum,

2145 3005 2547 3076 dispendiorum
2597 3005 2931 3075 suspiciones
2975 3005 3206 3075 abjicite,
3257 3005 3386 3060 nihil
3431 3007 3532 3062 sub
3576 3009 3737 3066 nobis

2149 3116 2399 3171 asperum
2430 3098 2746 3154 formidetis.
2773 3098 2966 3152 Amare
2991 3099 3237 3154 novimus
3257 3099 3400 3154 viros
3429 3097 3613 3167 fortes,
3637 3102 3736 3172 qui

2151 3192 2348 3264 smpius
2370 3191 2509 3246 bella
2532 3189 2852 3260 peregimus.
2877 3189 3120 3256 Additur,
3143 3188 3285 3259 quod
3315 3190 3600 3259 unicuique
3624 3191 3739 3244 vir-

2153 3293 2325 3339 tutum
2378 3291 2677 3338 vestrarum
2733 3282 2876 3356 [ms.,
2929 3281 3162 3337 virorum
3207 3279 3533 3354 vestrorum]
3583 3283 3739 3341 testis

465 3370 748 3438 offensam,
777 3381 832 3430 et
869 3373 1031 3442 longo
1061 3380 1184 3442 post
1223 3381 1468 3442 tempore
1512 3371 1740 3428 reddere
1775 3372 1988 3438 dicitur,
2019 3387 2049 3426 a
2080 3383 2123 3446 (ζ
2155 3379 2366 3433 assiste.
2406 3375 2488 3430 Ab
2523 3375 2628 3430 alio
2657 3375 2800 3430 enim
2827 3373 2956 3428 mihi
2985 3388 3092 3428 non
3120 3381 3203 3429 est
3228 3387 3364 3442 opus
3390 3373 3530 3429 facta
3557 3382 3742 3430 vestra

463 3477 571 3531 quo
600 3462 881 3532 injuriatus
909 3477 1029 3521 esse
1052 3462 1300 3518 sentitur.
1330 3461 1484 3516 Oculi
1509 3461 1726 3530 quidem
1755 3462 1926 3532 parvi,
1958 3462 2055 3518 sed

465 3556 700 3622 graviter
739 3570 800 3615 se
847 3561 1142 3614 moventes.
1189 3553 1390 3609 Credas
1437 3552 1642 3623 aliquid
1690 3554 1895 3623 regium
1937 3555 2056 3624 ejus

466 3645 763 3705 intendisse
789 3651 1156 3713 conspectum.
1188 3642 1423 3714 Despicit
1462 3643 1762 3700 scurriliter
1790 3643 2051 3711 ludentes,

467 3736 751 3800 honestum
780 3735 980 3806 aliquid
1010 3743 1286 3804 gratanter
1312 3735 1572 3798 attendit;
1603 3744 1660 3790 et
1695 3734 1932 3792 advertis
1969 3751 2056 3791 re-

467 3835 554 3883 cte
589 3825 851 3896 judicare,
900 3826 988 3882 cui
1033 3825 1168 3880 levia
1217 3825 1536 3894 cognoveris
1569 3823 1872 3895 displicere.
1904 3823 2056 3880 Cutis

466 3915 627 3986 hujus
669 3917 1190 3984 ulcerosisvallibus
1220 3924 1476 3978 exaratur
1507 3917 1559 3986 (a
1588 3931 1693 3986 qua
1723 3922 2054 3986 transporta-

467 4023 692 4078 neorum
733 4006 962 4072 nefanda
1001 4009 1182 4079 passio
1211 4023 1406 4063 nomen
1432 4007 1686 4077 accepit),
1715 4022 1836 4076 qua:
1863 4007 1917 4061 in
1948 4015 2058 4061 tan-

465 4111 575 4156 tam
605 4101 855 4157 duritiam
893 4100 1174 4165 soljdatur,
1205 4107 1264 4159 ut
1301 4107 1455 4170 putes
1479 4114 1600 4154 esse
1622 4114 1830 4155 osseum
1852 4106 2052 4153 cutem.

437 4195 598 4264 ,Hzcc
623 4195 767 4250 nulla
798 4195 850 4248 vi
881 4194 1278 4257 transmittitur,
1324 4192 1472 4250 nullo
1501 4189 1628 4247 ferri
1664 4190 1913 4245 acumine
1957 4203 2054 4259 pe-

467 4293 730 4352 netratur.
775 4283 1015 4356 Ideoque
1053 4283 1342 4340 Persarum
1370 4295 1526 4350 reges
1558 4279 1702 4335 hanc
1727 4279 1960 4334 belluam
1987 4278 2057 4334 ad

466 4376 606 4444 bella
639 4382 937 4447 traxertmt,
967 4388 1088 4443 qua:
1109 4381 1166 4434 et
1192 4371 1352 4428 nullis
1375 4371 1570 4432 ictibus
1593 4371 1798 4440 pulsata
1819 4369 2056 4437 cederet,

465 4474 522 4534 et,
551 4465 892 4530 adversarios
919 4481 1014 4520 sua
1046 4463 1189 4520 mole
1218 4471 1465 4520 terreret.
1491 4461 1833 4532 QuaprOpter
1857 4461 2056 4515 habere

466 4572 656 4626 eorum
678 4555 880 4618 formas
907 4555 1266 4626 gratissimum
1287 4563 1390 4619 est,
1417 4562 1477 4609 ut
1501 4553 1592 4624 qui
1619 4553 1793 4608 vivam
1815 4552 2058 4606 substan-

468 4649 597 4717 tiam
626 4663 736 4712 non
763 4645 1032 4714 viderunt,
1063 4646 1341 4716 opinatum
1369 4643 1444 4716 [id
1465 4651 1561 4710 est,
1590 4639 1826 4712 celebre]
1855 4641 2054 4695 animal

2121 3468 2360 3524 narrari
2381 3509 2398 3534 ,
2439 3467 2562 3536 quia
2611 3465 2790 3521 omnia
2846 3465 3122 3520 vobiscum
3179 3465 3452 3520 laboribus
3501 3465 3742 3521 sociatus

2154 3562 2368 3630 agnovi.
2399 3561 2560 3614 Arma
2593 3558 2892 3615 Gothorum
2945 3556 3089 3610 nulla
3130 3555 3546 3626 promissionum
3583 3571 3744 3612 mea-

2155 3668 2272 3706 rum
2297 3651 2558 3706 varietate
2587 3647 2873 3716 frangenda
2900 3653 3024 3700 sunt
3050 3645 3186 3718 {ed.,
3217 3646 3409 3711 amici,
3440 3657 3562 3712 etc.,
3588 3645 3745 3702 fran-

2154 3742 2356 3815 gendi].
2389 3741 2469 3796 Ad
2490 3741 2664 3810 gentis
2692 3737 2977 3792 utilitatem
3002 3737 3256 3806 respiciet
3277 3751 3438 3790 omne
3459 3735 3604 3804 quod
3628 3738 3746 3806 agi-

2156 3849 2294 3898 mus,
2328 3833 2573 3903 privatim
2603 3845 2704 3886 nec
2730 3844 2830 3884 nos
2857 3828 3175 3882 amabimus.
3198 3827 3313 3882 Hoc
3336 3829 3489 3897 sequi
3517 3831 3748 3899 promit-

2159 3925 2319 3979 timus
2347 3923 2493 3992 quod
2521 3928 2678 3976 ornet
2706 3919 2912 3986 regium
2941 3933 3158 3972 nomen.
3202 3915 3478 3973 Postremo
3502 3929 3744 3974 nostrum

2155 4030 2256 4084 per
2289 4013 2444 4084 17o
2468 4010 2648 4066 omnia
2678 4007 2993 4079 pollicemur
3016 4006 3320 4076 imperium,
3348 4007 3507 4074 quale
3534 4007 3747 4065 Gothos

2157 4105 2355 4158 habere
2395 4102 2586 4156 deceat
2628 4107 2750 4170 post
2797 4099 3049 4170 inclytum
3093 4097 3490 4154 Theodericum
3521 4115 3536 4152 :
3566 4099 3648 4152 vir
3675 4100 3746 4155 ad

2157 4195 2309 4262 regni
2353 4207 2510 4249 curas
2553 4191 2896 4260 singulariter
2937 4197 2994 4244 et
3037 4189 3259 4258 pulchre
3298 4190 3645 4258 compositus,
3687 4198 3747 4245 ut

2158 4284 2354 4339 merito
2381 4281 2748 4350 unusquisque
2775 4279 3076 4350 principum
3107 4286 3312 4332 tantum
3343 4278 3632 4349 praeclarus
3659 4277 3747 4332 in-

2160 4375 2447 4442 telligatur,
2479 4379 2742 4442 quantum
2769 4369 2995 4426 consilia
3039 4369 3205 4440 ipsius
3252 4383 3436 4423 annare
3474 4367 3749 4436 dignosci-

2161 4473 2266 4520 tur.
2307 4464 2509 4519 ldcirco
2539 4477 2736 4534 parens
2767 4461 2934 4530 ipsius
2959 4460 3120 4515 debet
3145 4459 3312 4524 credi,
3340 4459 3434 4526 qui
3461 4458 3576 4526 ejus
3607 4457 3751 4514 facta

2159 4557 2396 4627 potuerit
2443 4553 2660 4610 imitari.
2713 4551 2781 4605 Et
2824 4551 2947 4606 ideo
2991 4567 3090 4621 pro
3132 4551 3282 4618 regni
3321 4550 3489 4604 nostri
3518 4549 3754 4605 utilitate

2159 4657 2332 4703 estote
2373 4647 2608 4712 solliciti,
2650 4647 2720 4701 de
2768 4640 2976 4704 interna
3023 4641 3456 4702 conversatione,
3504 4639 3616 4694 Deo
3658 4640 3753 4709 ju-

468 4741 561 4807 tali
602 4741 985 4812 imaginatione
1026 4745 1376 4809 cognoscant.
1407 4735 1474 4790 Et
1518 4736 1640 4794 ideo
1683 4751 1790 4797 non
1835 4734 2057 4805 patiaris
2087 4749 2136 4808 ο
2162 4748 2342 4806 vante,
2373 4739 2566 4796 securi.

467 4833 668 4903 perire,
693 4831 908 4903 quando
937 4831 1200 4890 Romana:
1221 4829 1494 4898 dignitatis
1512 4835 1596 4883 est
1621 4824 1886 4887 artiﬁcum
1909 4826 2056 4895 inge-

466 4925 570 4986 niis
607 4924 660 4978 in
692 4924 782 4979 illa
809 4923 942 4979 urbe
970 4921 1286 4988 recondere,
1317 4920 1465 4992 quod
1488 4935 1586 4992 per
1607 4919 1849 4975 diversas
1875 4917 2058 4972 mundi

465 5023 650 5089 partes
678 5013 1024 5095 cognoscitur
1051 5011 1204 5072 dives
1233 5017 1422 5065 natura
1453 5023 1792 5078 procreasse.

991 5120 1316 5178 EPISTOLA
1355 5118 1542 5174 XXXI.

823 5231 1092 5273 UNIVEBSIS
1119 5228 1310 5271 GOTIIIS
1339 5227 1528 5267 VITIGIS
1557 5227 1682 5266 REX.

470 5311 666 5368 Scribit
699 5323 754 5364 se
793 5307 858 5362 ab
895 5307 1142 5367 exercitu,
1183 5321 1325 5358 more
1367 5305 1648 5374 majorum,
1691 5312 1862 5371 regem
1901 5297 2060 5370 fuisse

1135 5391 1251 5429 crea
1257 5383 1308 5428 tu
1313 5391 1362 5428 nl
1371 5414 1383 5426 .

541 5471 799 5542 Quamvis
817 5471 994 5526 omnis
1015 5475 1304 5540 provectus
1327 5465 1396 5521 ad
1418 5461 1719 5518 Divinitatis
1737 5468 1818 5515 est
1839 5473 2060 5514 munera

471 5563 804 5636 referendus.
837 5576 939 5632 nec
965 5559 1166 5630 aliquid
1195 5565 1409 5621 constat
1437 5555 1660 5620 bonum,
1691 5551 1794 5607 nisi
1822 5549 1966 5620 quod
1993 5547 2062 5604 ab

548 5773 574 5801 ι
606 5763 696 5817 Sic
721 5761 835 5828 Ado
865 5757 1184 5815 Viennensis
1214 5757 1265 5810 in
1288 5762 1447 5828 mtate
1476 5759 1628 5828 sex_ta
1665 5768 1676 5802 :
1711 5747 1816 5803 Sed
1848 5747 2068 5828 Francis

477 5825 822 5887 consentiens
843 5845 992 5884 more
1015 5828 1190 5900 gentis
1220 5826 1496 5900 impositus
1525 5821 1714 5900 clypeo
1741 5833 1838 5900 rex
1868 5821 2068 5898 consti-

477 5909 626 5954 tutus
647 5909 750 5964 est,
779 5901 855 5954 sic
875 5902 982 5954 ille.
1006 5891 1114 5953 Sed
1136 5905 1192 5951 et
1221 5891 1448 5968 Ro’tuani
1469 5901 1524 5947 et
1550 5891 1939 5968 barbariqucu}
1970 5891 2068 5968 im:

481 5959 785 6041 peratoreiu
800 5970 1096 6041 faciebant,
1117 5983 1238 6041 eum
1263 5968 1314 6020 in
1335 5965 1500 6041 altmu
1525 5961 1807 6041 tollebant,
1823 5967 1881 6041 ut
1904 5959 2070 6041 liquet

489 6028 556 6103 ἐξ
583 6035 850 6092 Jornande
881 6040 933 6092 iu
961 6028 1251 6105 Chrenico,
1281 6049 1401 6107 cap.
1435 6033 1525 6102 60,
1558 6031 1648 6088 ubi
1681 6028 1784 6086 alia
1828 6029 2071 6087 testimo-

2665 4825 2992 4882 EPISTOLA
3031 4821 3244 4877 XXXII.

2413 4933 2714 4976 JUSTINIANO
2743 4929 3064 4970 IIPEBA'I'OBI
3093 4929 3283 4968 VITIGIS
3301 4929 3409 4967 REX
3438 4913 3485 4968 ¹’.

2171 5013 2398 5084 Exponit
2429 5011 2750 5064 calamitates
2775 5023 2904 5075 quas
2943 5004 3103 5058 Italia
3128 5014 3344 5130 ἕξομεν
3366 5003 3498 5058 bella
3521 5007 3753 5060 sustine-

2253 5085 2360 5130 bat.
2395 5081 2523 5130 Tum
2553 5095 2644 5130 ner
2668 5079 2862 5130 [cautos
2888 5092 3063 5130 nucem
3093 5093 3122 5128 a
3183 5084 3490 5130 ulmei-atare
3513 5078 3658 5130 petit.

2253 5077 2360 5137 bat.
2395 5081 2523 5138 Tum
2552 5095 2644 5146 per
2668 5079 2862 5147 legatos
2887 5092 3063 5146 pacem
3093 5077 3156 5130 ab
3183 5077 3490 5144 imperatore
3511 5078 3658 5144 petit.

2237 5175 2448 5240 Quanta
2489 5172 2556 5226 sit
2596 5169 2769 5234 nobis,
2793 5168 3210 5224 clementissime
3231 5167 3541 5236 imperatur,
3565 5167 3754 5234 gratim

2165 5275 2355 5321 vestrae
2394 5265 2574 5328 votiva
2619 5263 2872 5325 suavitas,
2907 5261 3030 5324 hinc
3074 5257 3294 5313 omnino
3319 5255 3477 5325 datur
3505 5257 3752 5324 intelligi,

2169 5365 2227 5410 ut
2264 5363 2386 5426 post
2429 5363 2510 5408 tot
2551 5353 2896 5420 gravissimas
2941 5351 3201 5414 laesiuues,
3233 5356 3289 5402 et
3316 5355 3463 5402 tanta
3491 5347 3759 5404 ell'usione

2167 5446 2439 5516 sanguinis
2467 5451 2820 5514 perpetratas,
2859 5443 2938 5496 sic
2977 5432 3254 5495 videamur
3293 5455 3482 5509 pacem
3518 5448 3756 5501 vestram

2169 5553 2431 5613 quaerere,
2461 5543 2716 5604 tanquam
2741 5549 2841 5589 nos
2871 5547 3028 5588 nemo
3057 5538 3360 5588 vestrorum
3387 5540 3606 5602 putetur
3626 5541 3759 5592 ante

2172 5743 2256 5794 nia
2289 5741 2490 5795 notavi.
2525 5739 2596 5792 Ea
2628 5747 2806 5793 autem
2840 5739 3034 5793 levatio
3059 5738 3350 5806 suppositis
3377 5739 3544 5794 scutis
3575 5736 3760 5795 fiebat.

2173 5822 2231 5867 ut
2259 5811 2382 5866 hinc
2411 5811 2663 5877 colligere
2691 5809 2876 5879 liquet.
2912 5809 3044 5862 Vide
3075 5808 3384 5877 Lorippum.
3419 5807 3612 5879 June'r.
3714 5877 3722 5879 Α
3757 5817 3769 5822 ‘

2246 5881 2271 5918 ι’
2312 5881 2480 5948 llujns
2504 5876 3144 5948 epistolm'argumentum
3177 5876 3410 5932 uaScitur
3438 5894 3504 5931 ex
3533 5876 3762 5948 victoria

2173 5947 2454 6006 Justiniaui
2493 5947 2749 6004 adversus
2786 5949 3010 6022 Gothos,
3055 5949 3516 6022 historiis_testata
3545 5947 3699 6022 satis,
3729 5963 3760 6004 ἢ

2175 6039 2283 6094 quo
2310 6022 2493 6091 Vitigis
2519 6035 2704 6092 pacem
2733 6035 2832 6091 per
2861 6019 3067 6087 legatos
3092 6020 3243 6085 petit.
3278 6017 3443 6072 Fonn.
