3960 6384
313 477 422 534 8i!

1640 472 1998 528 VARIAKUM
2042 469 2242 526 LIBER
2279 469 2370 526 XI.

3513 476 3619 532 8‘22

316 588 546 644 laesisse.
587 583 915 642 Pertulimus
960 584 1088 640 talia
1127 583 1308 672 qualia
1351 591 1409 640 et
1443 583 1601 653 .ipsos
1648 579 1922 638 oﬂ'endere
1952 587 2001 643 Α
2027 581 2180 636 vobis
2209 581 2371 637 debet
2391 582 2587 653 corrigi
2625 583 2770 652 quod
2811 598 2918 639 non
2956 564 3223 642 decuisset
3250 587 3482 645 admitti.
3511 587 3620 645 Sed

318 688 552 751 possunt
577 680 671 752 qui
699 679 946 735 fecerunt
983 678 1348 734 insecutiones
1384 677 1502 732 sine
1529 685 1703 740 reatu,
1732 674 1917 730 odium

313 771 438 826 sine
466 769 647 839 culpa,
675 767 874 823 damna
906 767 1024 824 sine
1061 767 1275 823 debitis.
1304 765 1368 820 Et
1406 782 1476 821 ne
1510 781 1608 836 pro
1653 763 1920 834 parvitate

312 859 402 914 sui
435 859 634 930 negligi
670 858 959 928 potuisset,
991 874 1102 914 non
1144 858 1197 912 in
1243 856 1534 928 provinciis
1562 863 1790 916 tantum.
1823 854 1918 909 sed

315 950 374 1004 in
405 950 526 1020 ipso
555 964 735 1005 rerum
780 949 958 1018 capite
999 949 1258 1018 probatur
1303 944 1583 1000 inllicturn.
1631 944 1919 1000 IEstimate

312 1053 460 1110 quos
483 1037 700 1094 dolores
721 1038 1024 1108 abjicimus,
1055 1047 1115 1094 ut
1137 1048 1368 1094 vestram
1387 1037 1650 1107 justitiam
1682 1038 1920 1108 reperire

311 1131 612 1201 possimus.
649 1129 798 1186 Talis
839 1146 924 1186 res
959 1129 1149 1186 elfecta
1191 1138 1293 1195 est,
1326 1146 1489 1200 quam
1518 1129 1746 1184 Mundus
1777 1139 1801 1166 α
1832 1129 1916 1182 lo-

309 1229 516 1290 quatur
549 1237 564 1275 :
591 1236 712 1291 qua:
737 1221 816 1276 sic
843 1235 874 1275 a
904 1221 1057 1275 vobis
1085 1229 1326 1276 meretur
1355 1220 1629 1290 componi,
1662 1227 1722 1274 ut
1753 1219 1920 1290 aequi-

312 1325 488 1373 tatem
517 1324 750 1374 vestram
795 1317 1120 1386 generalitas
1158 1317 1355 1371 debeat
1395 1315 1667 1370 admirari.
1710 1315 1842 1368 Nam
1873 1316 1920 1369 si

308 1407 554 1464 vindicta
579 1407 722 1477 regis
761 1407 1119 1463 Theodohadi
1157 1408 1436 1478 quaeritur,
1482 1422 1698 1462 mereor
1740 1405 1917 1474 diligi;

308 1501 362 1556 si
385 1501 793 1557 commendatio
817 1501 956 1556 diva:
985 1502 1259 1556 memoriae
1287 1499 1690 1574 Amalasunthae
1718 1497 1922 1568 regina:

307 1607 428 1662 pne
467 1593 640 1650 oculis
685 1593 938 1662 habetur,
968 1593 1086 1663 ejus
1125 1593 1288 1649 debet
1329 1591 1438 1648 lilia
1476 1592 1723 1661 cogitari,
1755 1607 1918 1661 quam

305 1683 468 1738 nisus
495 1681 644 1756 [Niv.
677 1694 726 1737 et
755 1681 880 1750 6a.,
907 1682 1093 1755 jussis]
1122 1695 1428 1740 vestrorum
1459 1684 1698 1738 omnium
1729 1681 1922 1753 perdu-

305 1789 442 1830 cere
471 1775 744 1831 decuisset
777 1775 845 1832 ad
887 1790 1131 1845 regnum,
1166 1782 1222 1829 ut
1259 1783 1467 1830 cuncta:
1495 1785 1684 1844 gentes
1715 1777 1923 1846 potuis-

305 1871 439 1918 sent
461 1877 755 1932 agnoscere
782 1864 1206 1920 vicissitudinem
1235 1879 1334 1920 vos
1369 1865 1553 1934 gratim
1588 1873 1739 1920 tanto
1773 1865 1918 1937 [Ac.,

2021 673 2248 743 potestis
2277 674 2457 728 omnia
2486 682 2784 745 gratanter,
2815 675 2994 731 omnia
3035 676 3372 747 placabiliter
3397 679 3619 736 ordinac

2020 777 2098 819 re.
2131 765 2255 834 quia
2286 763 2494 821 dulcior
2520 765 2661 820 solet
2697 781 2819 821 esse
2864 768 3036 836 gratia
3075 777 3197 838 post
3232 771 3622 828 amaritudincs

2020 855 2284 923 expiatas.
2323 853 2586 924 llefugere
2622 871 2722 912 vos
2751 857 2894 912 enim
2932 859 3198 928 potuisset
3227 861 3482 928 ignotus:
3515 876 3617 932 ego

2022 951 2222 1010 autem,
2253 945 2344 1014 qui
2385 953 2636 1000 ornatum
2683 946 2994 1016 reipublicae
3025 956 3218 1003 vestrm
3255 949 3386 1015 vidi,
3414 950 3505 1019 qui
3537 961 3619 1006 tot

2023 1035 2280 1090 nobilium
2311 1035 2470 1090 corda
2501 1051 2785 1107 procerum
2811 1039 3065 1106 cognovi,
3103 1054 3212 1094 non
3251 1055 3339 1096 me
3366 1040 3618 1098 desidero

2021 1141 2051 1180 a
2079 1126 2301 1197 piissimi
2332 1127 2589 1198 principis
2609 1128 2784 1196 gratia
2812 1128 3070 1194 dividere,
3094 1130 3139 1185 si
3162 1130 3215 1184 in
3242 1145 3328 1186 me
3347 1131 3476 1186 velit
3497 1147 3618 1201 quae

2020 1227 2144 1274 sunt
2184 1217 2328 1288 justa
2373 1219 2631 1288 cogitare.
2681 1218 2815 1274 Nam
2861 1221 2905 1276 si
2943 1222 3081 1276 alter
3107 1221 3368 1278 oll'ensam
3397 1225 3612 1286 meruit,

2021 1325 2122 1380 ego
2150 1310 2321 1366 debeo
2349 1312 2686 1380 gratissimus
2713 1312 2922 1377 haberi,
2951 1313 3045 1382 qui
3075 1314 3265 1370 odioso
3293 1330 3418 1371 cum
3449 1315 3616 1369 vindi-

2021 1410 2109 1456 cta
2138 1402 2394 1456 successi.
2427 1401 2650 1456 Vestros
2679 1402 2890 1458 animos
2935 1417 3055 1457 sum
3104 1413 3351 1472 secutus;
3397 1405 3614 1475 pnnmia

2021 1492 2154 1546 mihi
2202 1491 2416 1546 fuerant
2453 1491 2750 1558 reddenda,
2788 1507 2897 1548 non
2941 1493 3110 1549 laesio.
3141 1493 3211 1548 Et
3237 1495 3359 1550 ideo
3387 1510 3496 1550 non
3521 1512 3614 1550 ne-

2022 1589 2178 1651 getur
2195 1583 2388 1650 gratia,
2413 1583 2502 1638 cui
2531 1583 2674 1638 nulla
2699 1585 2918 1653 penitus
2937 1595 3066 1640 sunt
3085 1586 3428 1658 imputanda;
3455 1597 3616 1659 atque

2023 1671 2144 1726 ideo
2174 1671 2441 1741 sepultum
2473 1673 2544 1727 sit
2576 1673 2757 1727 odium
2786 1687 2909 1728 cum
2940 1683 3113 1728 morte
3143 1677 3438 1745 peccantis.
3483 1676 3616 1732 Nam

2023 1762 2128 1816 etsi
2157 1762 2226 1816 de
2249 1763 2404 1816 vobis
2431 1762 2630 1832 aliquid
2653 1763 2829 1818 minus
2852 1760 2990 1820 forte
3017 1779 3344 1834 mereamur,
3373 1766 3616 1822 Romana

2025 1851 2249 1908 libertas
2272 1853 2563 1922 cogitetur,
2589 1867 2711 1924 qua:
2735 1867 2833 1924 per
2857 1853 3122 1909 bellorum
3147 1855 3403 1912 tumultus
3423 1855 3618 1928 ubique

308 1953 502 2026 tantm]
544 1955 758 2026 pignori
805 1955 1118 2011 reddidisse.
1167 1955 1305 2010 Illud
1352 1959 1553 2010 etenim
1595 1973 1692 2012 vos
1733 1956 1916 2012 debuit

2022 1945 2349 2009 concutitur,
2384 1944 2558 2001 Pauca
2597 1946 2798 2000 dixisse
2841 1945 3122 2017 sapientia:
3149 1955 3342 2002 vestrm
3369 1947 3617 2015 sufficiat,

307 2059 659 2115 permovere,
707 2045 854 2115 quod
893 2045 1272 2102 distributione
1318 2046 1549 2101 mirabili
1590 2055 1716 2102 ante
1765 2047 1916 2117 regni

306 2132 526 2204 fastigia
571 2135 804 2190 invicem
846 2150 946 2191 nos
979 2134 1242 2190 Divinitas
1281 2144 1516 2190 vestram
1559 2134 1688 2193 fecit
1715 2137 1916 2193 habere

311 2224 604 2292 notitiam;
636 2231 696 2280 ut
736 2224 940 2280 amoris
976 2239 1193 2280 causam
1223 2225 1507 2291 tribueret,
1541 2226 1736 2296 quibus
1760 2241 1915 2297 aspe-

304 2323 435 2372 ctus
479 2315 710 2384 gratiam
757 2314 888 2388 [ed.,
937 2312 1132 2386 gratia]
1182 2315 1518 2372 contulisset.
1567 2315 1724 2382 Quali
1771 2316 1916 2372 enim

309 2404 620 2460 reverentia
663 2405 960 2476 principem
1006 2405 1188 2461 colere
1233 2405 1416 2475 potui,
1460 2421 1622 2476 quem
1659 2405 1836 2462 adhuc
1863 2407 1918 2461 in

313 2497 406 2554 illa
451 2498 689 2569 positum
737 2497 953 2553 fortuna
996 2495 1248 2568 suspexi?
1293 2495 1402 2552 Sed
1439 2498 1667 2568 potestis
1691 2505 1747 2552 et
1775 2511 1919 2552 nunc

310 2588 497 2643 omnia
533 2587 868 2657 reintegrare
910 2601 1030 2656 qua:
1077 2585 1220 2642 facta
1255 2595 1397 2651 sunt,
1429 2585 1647 2656 quando
1685 2601 1795 2642 non
1833 2596 1917 2642 est

311 2672 531 2731 difficile
574 2675 724 2730 illum
764 2675 817 2730 in
845 2674 1035 2730 affectu
1067 2675 1302 2730 retinere
1330 2676 1421 2744 qui
1450 2676 1676 2745 gratiam
1705 2685 1918 2732 constat

312 2764 693 2820 desideranter
711 2773 990 2834 expetere.
1020 2763 1088 2818 Et
1113 2763 1234 2820 ideo
1260 2765 1557 2820 salutantes
1575 2766 1914 2822 clementiam

311 2866 553 2913 vestram
607 2854 1020 2913 honorificentia
1067 2857 1424 2928 competenti,
1472 2857 1770 2915 indicamus
1817 2873 1916 2915 nos

311 2948 525 3018 legatos
561 2956 779 3005 nostros
825 2948 975 3002 illum
1015 2955 1176 3017 atque
1214 2948 1362 3002 illum
1389 2947 1459 3002 ad
1487 2949 1796 3006 serenitatis
1822 2964 1915 3005 ve-

310 3049 444 3096 strae
489 3040 811 3112 sapientiam
861 3039 1186 3107 destinasse,
1226 3046 1284 3094 ut
1332 3041 1514 3096 omnia
1552 3057 1705 3097 more
1729 3051 1913 3098 vestro

311 3131 591 3200 cogitetis;
641 3139 908 3201 quatenus
956 3140 1201 3200 utraeque
1255 3130 1571 3201 respublica:
1617 3140 1914 3188 restaurata

313 3221 606 3277 concordia
662 3229 1040 3292 perseverent;
1091 3229 1148 3276 et
1193 3220 1338 3290 quod
1391 3221 1722 3292 temporibus
1769 3229 1916 3276 retro

311 3311 619 3382 principum
671 3311 922 3366 laudabili
963 3310 1218 3380 opinione
1255 3309 1532 3364 fundatum
1562 3318 1662 3376 est,
1692 3310 1792 3365 sub
1823 3324 1912 3365 ve-
1939 3334 1986 3396 ο

275 3418 283 3424 ’
312 3410 430 3454 stro
459 3400 626 3468 magis
657 3399 884 3471 imperio
913 3398 1106 3454 divinis
1133 3399 1348 3453 auxiliis
1374 3406 1652 3468 augeatur.
1683 3398 1912 3468 Reliqua

314 3502 448 3542 vero
485 3503 582 3558 per
626 3487 837 3558 legatos
881 3487 1168 3558 praedictos
1211 3487 1487 3542 serenitati
1529 3495 1720 3543 vestrae
1747 3489 1912 3544 verbo

314 3579 636 3634 insinuanda
667 3580 1054 3646 commisimus,
1086 3587 1144 3634 ut
1171 3588 1229 3634 et
1255 3580 1433 3650 aliqua
1461 3581 1766 3652 epistolaris
1791 3582 1914 3638 bre-

314 3669 456 3724 vitas
509 3671 916 3740 per-stringeret,
966 3677 1023 3724 et
1067 3685 1259 3726 causas
1311 3678 1522 3726 nostras
1568 3680 1914 3740 suggerentes

314 3761 526 3833 plenius
550 3763 882 3818 intimarent.

812 3891 1144 3950 EPISTOLA
1181 3891 1416 3947 XXXIII.

625 4003 884 4044 IAGISTIIO
911 4003 1232 4043 OFFICIORUI
1261 4000 1456 4043 VITIGIS
1484 4002 1612 4041 REX.

317 4076 492 4150 Rogat
516 4084 572 4134 ut
599 4079 965 4147 imperatorem
995 4078 1208 4200 ἱιᾶάαῗιαι
1247 4077 1316 4130 ad
1354 4093 1533 4146 pacem
1571 4073 1747 4132 Italia:
1784 4093 1909 4132 con-

965 4163 1020 4200 ce
1059 4165 1119 4200 en
1162 4162 1268 4200 am.
1900 4199 1905 4200 ,

965 4162 1268 4201 ceaenaam.

383 4237 537 4295 Illum
585 4246 642 4294 et
689 4240 837 4295 illum
885 4240 1094 4310 legatos
1134 4247 1350 4296 nostros
1377 4229 1465 4296 'ad
1512 4241 1910 4298 serenissimum

309 4329 613 4409 principem
641 4328 954 4398 dirigentes,
983 4343 1280 4398 congruum
1311 4329 1411 4386 fuit
1439 4332 1790 4402 magnitudini
1819 4347 1912 4388 ve-

307 4427 437 4482 strm
465 4434 562 4491 per
590 4435 685 4475 eos
714 4420 1022 4477 salutiferas
1051 4422 1230 4492 apices
1255 4422 1546 4490 destinare,
1572 4434 1633 4479 ut
1669 4425 1722 4480 in
1764 4427 1912 4482 omni

307 4518 466 4582 parte
515 4519 692 4566 vestra
733 4511 994 4568 beneficia
1039 4522 1396 4580 mererentur,
1424 4529 1546 4570 cum
1585 4528 1784 4571 nostra:
1813 4517 1910 4572 de-

309 4610 592 4674 portarent
619 4603 996 4658 collocutiouis
1025 4603 1298 4659 allectum.
1321 4601 1388 4658 Et
1415 4604 1536 4660 ideo
1562 4606 1910 4676 epistolarem

2021 2035 2146 2106 quia
2176 2035 2229 2089 in
2259 2035 2372 2182 an»
2401 2044 2621 2106 pectore
2651 2036 2990 2107 protenditur
3029 2038 3172 2108 quod
3221 2039 3616 2094 consideratam

2021 2140 2232 2182 semper
2261 2141 2292 2180 a
2333 2135 2512 2182 aetur.

2019 2140 2232 2197 semper
2261 2135 2512 2195 augetur.

2512 2283 2847 2342 EPISTULA
2886 2286 3122 2344 XXXIV.

2415 2392 2682 2434 EPISCOPIS
2713 2394 2824 2434 SUIS
2849 2394 3041 2435 VITIGIS
3071 2396 3199 2434 ιιιχ.

1997 2465 2160 2521 Petit
2194 2474 2251 2520 at
2291 2475 2340 2520 et
2371 2467 2594 2552 legatos,
2624 2485 2750 2552 quos
2781 2470 2850 2523 ad
2877 2471 3248 2552 imperatorem
3267 2472 3430 2552 misit,
3461 2471 3612 2544 adju—

2269 2546 2404 2605 rcnt,
2436 2547 2486 2592 et
2512 2556 2606 2609 pro
2633 2539 2745 2610 ipso
2776 2555 2954 2611 preces
2986 2539 3093 2594 Deo
3121 2541 3363 2610 fundant.

2090 2648 2148 2704 Si
2185 2649 2559 2706 sacerdotibus
2587 2651 2750 2707 etiam
2791 2652 2985 2719 ignotis
3032 2652 3293 2710 honorem
3331 2653 3618 2720 debemus,

2018 2750 2222 2811 quanto
2249 2741 2418 2811 magis
2444 2741 2548 2796 illis
2568 2758 2705 2813 quos
2725 2742 2940 2797 amabili
2963 2743 3310 2800 veneratione
3330 2747 3617 2816 conspexi—

2017 2851 2137 2892 mus
2167 2839 2182 2891 ι
2205 2835 2378 2891 Aliter
2396 2835 2540 2892 enim
2575 2835 2900 2905 requirimus
2927 2843 3137 2904 notum,
3165 2846 3220 2891 et
3247 2836 3404 2892 aliter
3429 2837 3616 2909 appel-

2021 2927 2194 2982 lamus
2226 2926 2582 2994 incognitum.
2630 2925 2881 2981 Visoruin
2929 2925 3104 2995 major
3146 2941 3361 2996 semper
3396 2925 3624 2984 affectus

2016 3024 2124 3083 est,
2162 3017 2288 3072 dum
2343 3015 2650 3085 gratissime
2697 3017 2963 3072 retinetur
3007 3017 3100 3087 qui
3138 3017 3358 3073 assiduo
3383 3025 3440 3072 et
3466 3019 3621 3074 suavi

2016 3123 2268 3164 sermone
2295 3107 2663 3177 conjungitur.
2695 3106 2765 3162 Et
2807 3107 2928 3163 ideo
2956 3123 3053 3178 per
3081 3109 3272 3162 harum
3301 3109 3612 3180 portitores,

2017 3197 2222 3266 legatos
2263 3207 2504 3263 nostros,
2549 3213 2686 3268 quos
2737 3198 2807 3254 ad
2859 3199 3264 3254 serenissimum
3312 3200 3612 3272 principem

2016 3290 2424 3360 destinavimus,
2453 3290 2728 3347 sanctitati
2764 3299 2958 3348 vestrm
2995 3300 3384 3361 prmscntamus
3421 3291 3614 3348 debita:

2017 3383 2382 3440 venerationis
2430 3383 2752 3454 obsequium
2804 3401 2818 3436 :
2865 3391 3147 3454 sperantes
3196 3391 3255 3438 ut
3309 3399 3408 3454 pro
3456 3383 3612 3439 nobis

2013 3487 2172 3528 orare
2199 3473 2512 3542 dignemini,
2543 3482 2620 3540 et,
2649 3473 2739 3528 ubi
2768 3489 2896 3530 usus
2924 3475 3182 3543 exegerit,
3215 3475 3406 3530 solatia
3432 3482 3612 3529 vestra

2013 3563 2308 3634 reperiant,
2330 3564 2458 3635 quia
2487 3579 2708 3620 necesse
2737 3573 2822 3620 est
2848 3572 2910 3620 ut
2932 3566 3072 3621 bene
3091 3565 3273 3621 velitis
3291 3581 3428 3634 quos
3456 3565 3611 3622 vobis

2013 3657 2276 3728 religione
2297 3657 2519 3728 iunctos
2550 3671 2672 3714 esse
2698 3658 3041 3728 cognoscitis.

2428 3809 2582 3880 171
2613 3806 2944 3864 EPISTOLA
2983 3807 3197 3863 xxxv.

2015 3913 2304 3954 rngrncro
2332 3897 2462 3972 [ed.,
2517 3914 2762 3954 rnatcro
2803 3914 2929 3954 vrso
2975 3898 3274 3970 quiss'roru]
3313 3915 3611 3956 russsano-

2521 3985 2727 4025 NICENSI
2755 3985 2947 4026 VITIGIS
2974 3985 3103 4023 REX.

2017 4058 2155 4114 Petit
2199 4067 2256 4113 ut
2292 4059 2447 4124 leqati
2480 4061 2548 4114 ad
2575 4061 2940 4130 imperatorem
2983 4059 3131 4114 missi
3169 4061 3368 4118 nullam
3408 4077 3608 4118 moram

2663 4132 2954 4202 patiantur.

2085 4243 2238 4298 Illum
2277 4249 2333 4298 et
2377 4241 2525 4298 illum
2565 4241 2771 4312 legatos
2824 4252 3042 4298 nostros
3090 4241 3160 4297 ad
3207 4241 3609 4298 serenissimum

2015 4334 2334 4406 principem,
2373 4331 2488 4390 Deo
2536 4333 2773 4398 favente,
2829 4331 3146 4399 direximus,
3197 4347 3296 4404 per
3339 4347 3475 4404 quos
3522 4347 3610 4388 ne-

2014 4439 2165 4481 cesse
2208 4422 2310 4478 fuit
2349 4421 2706 4492 magnitudini
2757 4430 2950 4478 vestrm
2993 4421 3222 4479 reddere
3270 4422 3610 4480 salutationis

2015 4511 2288 4579 all‘ectum,
2319 4511 2537 4582 quando
2565 4511 2762 4568 honori
2791 4519 2974 4568 vestro
2999 4520 3056 4568 et
3076 4513 3360 4582 sapientia:
3383 4511 3610 4568 debetur

2013 4614 2076 4662 ut
2105 4605 2383 4662 vobiscum
2411 4605 2790 4662 collocutiouis
2817 4605 2988 4674 gratia
3019 4603 3380 4676 perfruamur.
3411 4603 3610 4674 Spera-

308 4695 537 4763 gratiam
565 4695 762 4750 vestris
790 4696 998 4750 meritis
1025 4697 1363 4761 exhibentes,
1390 4711 1667 4766 speramus
1688 4703 1748 4752 ut
1767 4699 1908 4768 apud
1941 4719 1988 4779 υ
2015 4713 2136 4753 mus
2161 4706 2342 4752 autem
2375 4697 2443 4752 ab
2472 4697 2795 4753 excellentia
2824 4705 3003 4752 vestra
3031 4705 3091 4753 ut
3123 4711 3332 4752 moram
3369 4711 3478 4753 non
3513 4696 3610 4752 de-

308 4785 715 4841 clementissimi
740 4787 1079 4858 imperatoris
1100 4789 1308 4844 animos
1329 4789 1407 4844 eis
1429 4796 1606 4846 vestra
1633 4791 1912 4861 prudentia

306 4873 630 4944 suffragetur
657 4895 669 4930 :
703 4878 828 4947 quia
855 4878 934 4933 sic
959 4885 1083 4933 sunt
1103 4878 1245 4948 justa
1275 4893 1392 4948 qua:
1421 4880 1675 4949 petimus,
1701 4889 1760 4934 ut
1787 4896 1907 4937 om-

309 4965 460 5019 nium
487 4967 812 5038 sapientium
851 4978 1163 5024 mereantur
1198 4969 1460 5024 adnisum.
1493 4968 1676 5026 Facile
1703 4972 1845 5026 enim
1872 4989 1903 5028 a
1955 4970 1961 4974 ⁷

380 5145 407 5176 ⁸
445 5137 547 5196 Hic
573 5147 691 5211 erat
717 5139 828 5196 dux
867 5141 1139 5197 exercitus
1188 5141 1493 5211 Iustiniani,
1525 5153 1581 5200 et
1617 5144 1748 5200 vicit
1787 5145 1908 5200 Dal-
1953 5165 1960 5168 ·

304 5217 503 5283 malas,
535 5218 593 5264 et
616 5210 870 5283 Salonem
897 5214 1088 5283 urbem
1119 5213 1282 5283 cepit.
1307 5213 1364 5267 In
1394 5210 1501 5283 qua
1533 5223 1711 5270 tamen
1732 5216 1905 5272 victo-

302 5279 386 5334 ria
423 5279 542 5350 ipse
575 5296 698 5337 cum
739 5280 1000 5338 Mauricio
1031 5281 1140 5337 filio
1167 5279 1381 5338 occisus
1409 5279 1513 5349 est,
1543 5301 1575 5340 a
1609 5286 1790 5342 Gotbo
1818 5286 1901 5341 fu-

2020 4791 2188 4846 beant
2223 4789 2510 4853 sustinere,
2553 4803 2692 4857 quos
2732 4805 2832 4844 nos
2860 4791 2960 4846 sub
2993 4790 3271 4846 celeritate
3298 4789 3608 4860 prospicitis

2014 4879 2348 4944 destinasse;
2370 4885 2640 4949 quatenus
2664 4881 2856 4934 vestris
2882 4881 3157 4936 beneficiis
3183 4881 3544 4952 applicemus,
3563 4881 3607 4936 si

2013 4981 2110 5024 eos
2137 4976 2346 5022 remota
2371 4965 2624 5022 tarditate
2649 4969 2935 5037 pervenire
2959 4971 3353 5040 cognoscimus.

2011 5141 2192 5266 ﬂente
2219 5155 2525 5210 percussus.
2549 5139 2870 5222 Procopius,
2897 5141 2989 5224 lib.
3024 5158 3042 5196 ι
3071 5143 3139 5198 de
3167 5144 3315 5200 Bello
3342 5143 3602 5210 Gothico;

2067 5211 2294 5266 atthtnus
2332 5209 2646 5266 Palmerius.
2681 5227 2734 5264 In
2774 5210 3073 5266 Chronico:
3111 5213 3425 5266 Leonardus
3470 5215 3602 5266 Are-

2013 5209 2294 5266 Matthaius
2332 5209 2646 5272 Palmerius.
2681 5209 2748 5264 ini
2774 5210 3073 5279 Chronico;
3111 5213 3425 5270 Leonardus
3470 5209 3604 5274 Are?

2013 5283 2133 5347 tin.,
2166 5280 2233 5336 de
2261 5281 2412 5338 Bello
2437 5280 2623 5336 Italico
2646 5282 2902 5336 adversus
2921 5279 3152 5352 Gothos,
3177 5285 3266 5339 lib.
3301 5302 3337 5340 ι.
3363 5285 3529 5342 Fons.

325 5413 3592 5450 __.____..__._____________________________________

1376 5537 1716 5621 LIBER
1793 5535 2536 5622 UNDECIMUS.
2607 5504 2610 5507 ’

1826 5698 2089 5716 μ

827 5780 982 5852 172
1011 5778 1403 5838 PREFA’I’IO.

2012 5787 2177 5858 ptori,
2203 5785 2348 5856 quod
2370 5787 2544 5858 potuit
2574 5785 2836 5858 impedire
2857 5787 3205 5856 cogitantem.
3223 5786 3354 5856 Quae
3385 5805 3474 5846 res
3496 5803 3596 5848 etsi

379 5862 717 5923 Prazlatronis
772 5867 1028 5924 auxilium
1085 5885 1152 5925 ex
1217 5872 1610 5930 contrarietate
1668 5876 1906 5932 nascitur
2007 5875 2196 5933 laudes
2245 5876 2457 5942 adimit,
2509 5877 2807 5934 clementer
2868 5887 3050 5936 tamen
3097 5879 3310 5937 veniam
3368 5892 3596 5940 tractata

304 5957 627 6032 plerumque
665 5956 964 6024 actionum,
1015 5959 1232 6028 quando
1263 5961 1394 6019 illud
1433 5963 1730 6031 opitulatur
1769 5967 1904 6023 scri-
2004 5969 2300 6026 concedit:
2347 5971 2487 6037 quia
2504 5970 2653 6038 quod
2688 5977 2904 6028 constat
2937 5973 3142 6031 otiosos
3183 5972 3402 6042 debere,
3437 5992 3608 6031 neum.
