3960 6390
387 429 496 493 ηδ

1604 417 1673 473 Μ.
1719 411 2012 471 AUREIJI
2051 407 2449 468 CASSlODORI
2519 411 2530 422 ’

3580 415 3688 471 ξω

382 553 562 626 potest
589 548 884 612 occupatos
929 529 1164 606 exigere.
1198 534 1539 605 Quapropter
1568 532 1980 588 administrator
2011 535 2058 588 Α
2089 527 2206 626 iicia
2247 523 2568 626 postulare?
2621 521 3193 626 Egrescinrofecto
3233 523 3536 626 ingenium,
3578 527 3684 582 nisi

380 624 742 708 amplissimus
784 631 830 688 si
878 643 1099 686 vacasse
1144 625 1416 692 credatur,
1454 624 1804 696 opprobrium
1848 630 1969 688 est;

382 727 536 797 cuius
556 726 716 782 etiam
739 729 1007 778 secretum
1035 717 1250 783 dicitur,
1275 716 1417 786 quod
1437 713 1780 771 tumultuosis
1803 712 1974 767 actio-

385 816 540 884 nibus
568 815 901 872 verberatur.
933 810 1042 866 Sed
1071 810 1158 864 vix
1188 807 1343 864 nobis
1365 805 1564 878 aliquid
1601 802 1876 876 prmstabit
1905 800 1973 855 ad

382 907 636 970 effectu-tu
669 905 831 961 ducta
867 903 1136 974 probatio,
1181 899 1396 970 quando
1435 907 1492 954 et
1519 896 1769 968 occupati
1809 893 1975 950 fuisse

379 999 670 1065 credimur,
699 1007 756 1058 et
784 996 926 1056 male
956 995 1195 1050 scribere
1239 991 1461 1046 minime
1491 987 1743 1044 debuisse
1767 985 1976 1056 judica-

380 1108 519 1155 mur.
553 1090 688 1146 Nam
717 1087 887 1142 multo
915 1086 1086 1144 satius
1110 1093 1194 1140 est
1215 1083 1410 1138 vitiosa
1438 1079 1675 1136 tenebris
1703 1077 1972 1140 occulere,

385 1198 546 1253 quam
586 1181 848 1252 culpanda
899 1186 1221 1250 praesumpta
1269 1173 1679 1246 importunitate
1732 1169 1973 1237 vulgare.

383 1273 582 1336 Verum
621 1272 726 1330 hoc
753 1269 882 1326 mihi
920 1269 1159 1337 obiicere
1186 1266 1387 1337 poterit
1414 1263 1642 1332 otiosus,
1684 1260 1726 1316 si
1751 1259 1976 1314 verbum

384 1361 684 1432 ign-provida
725 1357 1006 1417 celeritate
1048 1355 1276 1430 proieci,
1329 1353 1376 1410 si
1421 1367 1640 1408 sensum
1685 1350 1752 1405 de
1797 1345 1978 1403 medio

385 1460 658 1522 sumptum
704 1463 815 1514 non
861 1447 1166 1503 ornaverim
1212 1451 1501 1501 venustate
1547 1454 1881 1504 sermonum,
1932 1437 1979 1494 si

383 1551 656 1619 pmcepto
687 1548 928 1600 veterum
969 1555 1078 1596 non
1106 1537 1432 1594 reddiderint
1471 1535 1691 1606 propria
1718 1547 1978 1604 persona-

377 1649 504 1694 rum
529 1653 542 1688 :
567 1641 865 1704 occupatus
902 1641 1106 1696 autem,
1135 1631 1228 1700 qui
1267 1629 1476 1699 rapitur
1503 1619 1819 1689 diversitate
1854 1641 1981 1681 cau-

387 1740 592 1791 sarum,
631 1724 720 1782 cui
755 1723 955 1793 iugiter
993 1721 1254 1778 incumbit
1290 1732 1609 1788 responsum
1650 1715 1895 1780 reddere,
1927 1720 1982 1770 et

385 1816 544 1882 alteri
585 1811 916 1885 expedienda
939 1810 1164 1874 dictare,
1198 1825 1306 1865 non
1348 1823 1437 1864 me
1473 1805 1730 1862 addicere
1757 1803 1976 1876 poterit,

2083 618 2198 688 iugi
2246 617 2480 672 lectione
2515 619 2818 684 reparetur.
2868 611 2991 667 Cito
3038 613 3420 684 expenduntur
3460 617 3684 686 horrea,

2087 722 2208 780 qum
2235 706 2448 762 assidua
2491 721 2598 760 non
2627 703 2828 759 fuerint
2855 701 3160 773 adiectione
3189 704 3393 760 fulcite.
3439 705 3685 764 Thesau—

2080 813 2174 854 rus
2216 798 2334 868 ipse
2378 810 2540 866 quam
2591 793 2748 848 facile
2787 791 3148 864 profunditur,
3201 795 3248 848 si
3290 796 3450 851 nullis
3483 797 3682 853 iterum

2089 889 2248 962 173
2276 888 2521 960 pecuniis
2543 883 2913 956 compleatur?
2933 882 3025 939 Sic
3043 884 3308 940 humanus
3327 902 3533 952 sensus,
3558 903 3682 950 cum

2085 984 2264 1038 alieno
2310 997 2420 1036 non
2458 979 2680 1035 farcitur
2723 975 2938 1052 [Forn.,
2993 977 3247 1050 sarcitur]
3298 979 3537 1046 invento,
3569 981 3682 1036 cito

2080 1082 2270 1146 potest
2297 1071 2566 1127 attenuari
2591 1071 2659 1126 dc
2689 1070 2932 1142 proprio.
2971 1069 3030 1126 Si
3056 1070 3186 1139 quid
3212 1078 3392 1125 autem
3436 1071 3489 1126 in
3522 1073 3684 1129 nobis

2086 1166 2320 1235 redolet,
2358 1163 2660 1220 studiorum
2694 1163 2794 1218 ﬂos
2824 1171 2940 1229 est;
2970 1162 3115 1232 quod
3144 1162 3498 1219 nihilominus
3532 1180 3681 1219 mar-

2080 1257 2258 1312 cidum
2301 1255 2564 1320 redditur,
2619 1253 2664 1308 si
2707 1269 2738 1307 a
2784 1262 2958 1308 matre
2981 1253 3214 1310 lectione
3250 1262 3524 1324 carpatur.
3565 1255 3682 1314 illic

2081 1349 2222 1404 enim
2252 1356 2434 1419 potest
2471 1362 2591 1402 esse
2619 1346 2972 1411 laetissimum,
3017 1346 3160 1402 unde
3197 1346 3425 1401 docetur
3455 1351 3527 1402 'et
3574 1363 3675 1402 na-

2085 1448 2198 1494 tum
2237 1436 2499 1508 :quando
2537 1437 2718 1494 omnia
2757 1437 2812 1491 in
2865 1437 3072 1505 origine
3107 1451 3202 1492 sua
3248 1437 3558 1508 plenissime
3596 1439 3687 1492 vi-

2081 1535 2232 1595 vunt,
2275 1544 2395 1600 quac
2426 1528 2652 1585 necdum
2693 1544 2724 1582 a
2776 1527 3106 1584 naturalibus
3134 1529 3340 1584 sinibus
3369 1529 3503 1603 [ed.,
3553 1529 3680 1585 tini-

2079 1617 2204 1692 bus]
2253 1618 2589 1676 auferuntur.
2622 1618 2854 1674 Proinde
2884 1619 3056 1676 venia:
3099 1633 3290 1690 magna
3327 1635 3452 1691 pars
3491 1629 3595 1684 est,
3628 1623 3678 1679 si

2080 1709 2364 1768 scribimus
2387 1727 2496 1766 non
2517 1718 2794 1777 vacantes,
2825 1711 2871 1766 si
2903 1710 3127 1781 legimur
3149 1727 3254 1768 non
3276 1715 3538 1784 legentes.
3563 1712 3679 1768 Sed

2074 1799 2188 1872 iam
2213 1814 2588 1856 removeamur
2613 1801 2682 1857 ab
2707 1803 3070 1858 excusationis
3097 1800 3249 1870 voto,
3285 1820 3354 1859 ne
3377 1803 3549 1873 magis
3589 1805 3682 1860 of-

386 1909 481 1978 qui
505 1921 566 1962 se
595 1907 646 1961 in
679 1905 875 1961 talibus
913 1904 1275 1976 periclitatum
1315 1916 1438 1958 esse
1463 1899 1764 1970 cognoscit.
1795 1897 1978 1953 Facile
2008 1911 2056 1970 Β
2081 1889 2265 1948 fendat
2304 1891 2460 1947 nimis
2486 1889 2737 1947 affectata
2761 1891 3024 1949 defensio.

387 1994 534 2056 enim
553 1993 830 2065 absolutor
855 2000 939 2048 est
963 1992 1125 2052 alieni
1151 1991 1401 2050 conscius
1437 1990 1552 2052 sui;
1585 2004 1763 2060 neque
1789 1989 1844 2044 in
1872 1987 1979 2042 illis

388 2099 606 2154 semper
651 2083 909 2151 valemus,
959 2099 1080 2154 quae
1133 2083 1402 2138 interdum
1447 2095 1612 2152 posse
1649 2079 1977 2150 iudicamur.

388 2174 652 2248 Argutum
681 2173 956 2240 inventum
985 2173 1166 2228 laetum
1193 2171 1364 2226 fundit
1401 2171 1697 2240 ingenium,
1741 2167 1980 2239 tepentia

388 2267 532 2322 dicta
554 2281 706 2321 mens
734 2267 971 2336 concipit
1010 2273 1292 2336 occupata.
1327 2263 1626 2334 Aliquando
1653 2271 1869 2320 acutum
1889 2260 1979 2332 ju-

388 2357 529 2430 giter
576 2357 734 2413 decet
768 2371 889 2413 esse
933 2357 1312 2429 compositum,
1364 2355 1491 2426 quia
1535 2353 1749 2410 dicendi
1786 2369 1876 2409 ars
1923 2352 1980 2408 in

390 2458 577 2514 nostra
597 2447 700 2504 sita
719 2453 989 2518 potestate
1004 2447 1370 2516 cognoscitur,
1401 2445 1654 2502 alacritas
1677 2444 1876 2500 mentis
1897 2442 1980 2498 di-

389 2545 528 2600 vinis
556 2552 766 2600 tantum
796 2545 1109 2603 muneribus
1149 2543 1469 2614 applicatur.
1503 2539 1768 2600 Remanet
1795 2540 1981 2608 itaque

390 2637 459 2708 ad
495 2636 858 2692 excusandum
897 2636 1133 2692 brevitas
1177 2636 1449 2705 insperata
1493 2633 1772 2696 librorum,
1817 2643 1980 2702 quam

391 2741 552 2790 nemo
582 2733 776 2798 purgat
804 2727 1022 2795 diutius,
1058 2725 1160 2782 nisi
1187 2725 1278 2797 qui
1300 2725 1440 2780 bene
1468 2722 1708 2779 creditur
1735 2737 1858 2778 esse
1895 2721 1980 2776 di-

391 2828 596 2876 cturus.
643 2813 749 2874 Sed
781 2831 848 2875 ne
891 2819 1012 2888 quis
1048 2816 1274 2873 forsitan
1312 2816 1485 2886 possit
1511 2813 1709 2870 otl‘endi
1735 2812 1884 2883 quod
1926 2813 1980 2868 in

392 2915 718 2986 prmtoriano
735 2911 968 2968 culmine
993 2907 1316 2965 constitutus
1333 2906 1410 2962 sie
1434 2905 1756 2961 omnimodis
1775 2905 1981 2960 actioso

393 3017 564 3079 pauca
593 3002 928 3070 dictaverim,
961 2999 1194 3070 accipiat
1221 2997 1322 3054 viri
1357 2996 1761 3068 prudentissimi
1789 2995 1982 3051 Felicis

394 3097 809 3172 prmsmtptione
859 3091 1076 3155 factum,
1129 3090 1282 3159 cuius
1339 3089 1692 3160 participatus
1747 3100 1864 3146 sum
1926 3087 1980 3140 in

394 3189 540 3248 Omni
561 3197 724 3244 causa
767 3185 1074 3242 consilium.
1127 3181 1336 3238 Etenim
1369 3181 1450 3236 vir
1475 3181 1704 3250 primum
1743 3186 1828 3234 est
1861 3193 1982 3233 mo-

2576 2093 2911 2152 EPISTOLA
2948 2093 3186 2155 PRIMA.

2079 2218 2308 2260 δικλτυι
2351 2221 2502 2260 URBIS
2535 2220 2694 2264 80κῶ
2723 2221 2965 2261 εεκλτοι
3005 2222 3332 2263 Ρωεεοτυε
3369 2223 3677 2268 Ηιετοιιιο.

2083 2312 2550 2402 Ριαςὶὺυξςέαιέάιξε
2575 2315 3028 2402 Amaiarunthant,
3059 2325 3109 2375 et
3137 2327 3395 2402 pureum,
3427 2329 3479 2372 et
3495 2319 3681 2402 ﬁlium

2155 2387 2269 2456 ejus
2289 2386 2664 2466 Athalaricum.
2702 2385 2830 2439 Tum
2859 2397 3007 2468 regat
3049 2385 3316 2444 senatores
3339 2397 3397 2441 ut
3423 2385 3680 2460 principi-

2155 2455 2248 2528 bus
2275 2465 2474 2526 gratias
2519 2473 2612 2522 pro
2639 2455 2830 2510 collata
2867 2459 2968 2528 ipsi
2999 2460 3314 2528 praefectura
3357 2461 3683 2528 praetoriana

2157 2525 2405 2596 referant.

2155 2635 2558 2692 Commendatis
2603 2639 2753 2704 mibi,
2783 2647 2964 2710 patres
3010 2641 3322 2711 conscripti,
3362 2651 3682 2712 provectum

2084 2743 2286 2793 meum,
2317 2728 2360 2781 si
2390 2727 2542 2782 vobis
2568 2728 2807 2798 intelligo
2831 2727 2998 2785 fuisse
3029 2731 3291 2787 votivum.
3327 2733 3505 2790 Credo
3533 2735 3682 2790 enim

2085 2817 2331 2874 evenisse
2353 2818 2714 2889 prosperrime
2733 2819 2880 2890 quod
2905 2828 2984 2874 tot
3005 2819 3188 2877 felices
3208 2831 3422 2879 constat
3437 2833 3679 2895 optasse.

2085 2911 2364 2966 Desideria
2394 2911 2595 2982 quippe
2621 2919 2800 2969 vestra
2824 2912 3090 2969 bonorum
3117 2915 3358 2971 omnium
3380 2917 3681 2988 probantur

2085 3001 2344 3072 auspicia,
2376 3001 2592 3072 quando
2619 3017 2778 3058 nemo
2808 3011 2988 3073 potest
3017 3003 3200 3059 talium
3235 3004 3422 3061 favore
3453 3006 3678 3076 suscipi,

2085 3093 2188 3148 nisi
2251 3107 2414 3162 quem
2463 3091 2726 3148 Divinitas
2780 3094 3041 3166 prmcepit
3095 3095 3301 3164 augeri.
3358 3093 3682 3154 Mutuamiui

2086 3198 2216 3253 ergo
2239 3185 2489 3252 gratiam,
2513 3191 2592 3240 'ut
2619 3171 2848 3254 exigatis
2875 3184 3214 3256 obsequium.
3254 3184 3458 3240 Natura
3495 3200 3680 3243 rerum

393 3290 510 3345 rum
535 3278 843 3333 sinceritate
863 3275 1172 3340 deliceatus,
1195 3272 1417 3328 scientia
1440 3270 1575 3340 iuris
1592 3269 1841 3334 eximius,
1859 3284 1983 3323 ver—
2007 3283 2054 3345 c
2083 3283 2168 3328 est
2211 3289 2399 3330 amare
2434 3274 2716 3344 collegam.
2777 3274 2990 3331 Laudes
3044 3275 3292 3344 quinimo
3335 3285 3543 3334 vestras
3579 3293 3682 3334 ex-

395 3373 585 3426 liorutn
609 3371 945 3441 proprietate
973 3366 1276 3430 distlnctus,
1326 3363 1510 3420 senilis
1538 3358 1771 3430 iuvenis,
1812 3361 1978 3416 alter-

396 3471 549 3519 cator
570 3461 769 3527 suavis,
800 3464 1137 3533 mensuratus
1163 3455 1460 3522 eloquens;
1499 3453 1592 3521 qui
1630 3441 1982 3506 necessitates

395 3554 636 3634 publicas
655 3552 932 3621 eleganter
958 3544 1251 3617 implendo,
1285 3544 1350 3598 ad
1383 3542 1733 3598 favorabilem
1764 3543 1979 3612 opinio-

397 3663 520 3710 nem
543 3660 642 3700 suo
669 3643 851 3713 potius
880 3639 1064 3694 labore
1092 3636 1364 3708 perduxit.
1412 3635 1628 3704 Alioqui
1660 3636 1822 3690 tantis
1853 3649 1982 3690 cau-

396 3751 578 3794 sarum
603 3733 837 3788 molibus
861 3739 1137 3794 oneratus,
1183 3735 1280 3784 aut
1314 3728 1489 3800 impar
1527 3743 1647 3785 esse
1687 3728 1856 3799 potui,
1889 3736 1984 3783 aut

398 3828 536 3882 forte
565 3837 822 3890 arrogans
866 3821 1114 3877 inveniri.
1142 3818 1246 3875 Sed
1288 3821 1497 3886 melius,
1538 3820 1680 3892 quod
1719 3820 1835 3888 eius
1859 3819 1984 3873 fati-

396 3916 612 3985 gatione
653 3923 928 3975 recreatus
966 3911 1046 3968 sic
1081 3911 1350 3981 regalibus
1397 3911 1540 3968 curis
1575 3910 1740 3976 adfui,
1776 3919 1835 3965 ut
1875 3919 1980 3966 non

395 4007 686 4077 potuissem
719 4005 772 4059 in
803 4003 984 4059 arduis
1011 4003 1175 4060 rebus
1202 4002 1458 4059 deficiens
1499 4001 1808 4073 approbari.
1837 4001 1982 4069 Duos

394 4099 575 4166 itaque
614 4095 824 4150 libellos
867 4094 1221 4153 dictationem
1261 4109 1502 4150 mearmn
1537 4094 1604 4154 de
1650 4092 1982 4163 praefecturas

395 4187 611 4242 actione
636 4184 918 4252 subinnxi;
950 4192 1007 4238 ut
1034 4184 1126 4254 qui
1151 4185 1338 4240 decem
1369 4183 1518 4240 libris
1557 4197 1654 4238 ore
1684 4181 1834 4250 regio
1861 4195 1979 4234 sum

396 4279 631 4345 locutus,
655 4293 725 4334 ex
753 4291 984 4347 persona
1013 4277 1227 4346 propria
1249 4291 1357 4330 non
1381 4275 1610 4330 haberer
1637 4270 1940 4340 incognitus
1965 4289 1979 4324 :

395 4368 521 4438 quia
571 4367 727 4422 nimis
752 4366 1043 4422 absurdum
1087 4374 1172 4422 est
1201 4365 1253 4423 in
1279 4365 1473 4434 adepta
1503 4361 1764 4432 dignitate
1807 4359 1982 4414 conti-

397 4470 637 4522 cescere,
660 4458 752 4529 qui
786 4473 884 4528 pro
923 4457 1041 4512 aliis
1081 4456 1394 4515 videbamur
1419 4453 1574 4522 plura
1617 4451 1836 4508 dixisse.
1875 4449 1984 4504 Sed

400 4556 681 4620 postquam
712 4548 992 4607 duodecim
1019 4548 1169 4604 libris
1210 4542 1526 4616 opusculum
1564 4551 1808 4596 nostrum
1839 4539 1982 4597 desi—

2086 3363 2292 3428 tollitis,
2324 3365 2369 3418 si
2414 3364 2676 3420 honorem
2704 3365 2798 3434 qui
2835 3365 3078 3420 senatori
3117 3365 3276 3422 datus
3314 3376 3402 3424 est
3435 3368 3678 3437 erigatis.

2084 3455 2404 3526 Sollicitudo
2431 3465 2644 3526 patrum
2685 3456 2753 3510 ad
2781 3457 3028 3526 publicas
3065 3474 3152 3514 me
3178 3459 3438 3516 utilitates
3477 3461 3683 3517 instan.

2081 3556 2167 3602 ter
2199 3525 2468 3617 impellat,
2513 3555 2569 3602 ut
2609 3525 2796 3602 vestro,
2828 3548 2998 3617 magis
3039 3549 3336 3619 imputetur
3379 3553 3678 3622 pncconio,

2083 3654 2206 3694 cum
2255 3638 2350 3693 tali
2399 3653 2652 3694 meruero
2691 3637 2909 3708 placere
2957 3648 3209 3709 patrono.
3253 3641 3500 3698 Secunda
3545 3645 3680 3702 mihi

2085 3739 2166 3784 est
2193 3743 2340 3791 cura,
2370 3728 2520 3782 vobis
2548 3742 2631 3782 me
2661 3729 3048 3784 commendare
3072 3739 3194 3800 post
3223 3733 3516 3802 principes,
3547 3735 3677 3803 quia

2082 3817 2210 3878 illud
2249 3832 2346 3872 vos
2369 3831 2552 3872 amare
2588 3817 2910 3875 conﬁdimus
2939 3821 3081 3891 quod
3110 3829 3166 3876 et
3205 3838 3384 3878 rerum
3425 3825 3679 3884 dominos

2078 3907 2270 3976 iubere
2311 3907 2592 3963 sentimus.
2646 3905 2902 3975 Primum,
2963 3919 3022 3967 ut
3066 3912 3170 3968 hoc
3218 3921 3468 3982 putemus
3517 3918 3676 3986 utile,

2083 3997 2231 4068 quod
2281 3999 2598 4064 honestum;
2643 4007 2702 4053 ut
2753 4009 2969 4057 nostros
3006 4011 3158 4058 actus
3193 4005 3346 4073 quasi
3382 4007 3676 4080 pedisequa

2083 4107 2298 4162 semper
2340 4092 2550 4161 iustitia
2613 4094 2938 4163 comitetur;
2991 4103 3045 4152 et
3095 4097 3240 4166 quod
3287 4113 3318 4154 a
3373 4101 3676 4157 continenti

2085 4184 2326 4254 principe
2357 4200 2463 4240 non
2485 4185 2734 4252 emimus,
2757 4187 2892 4243 nulli
2922 4189 3150 4260 turpiter
3175 4191 3532 4249 venditemus.
3561 4192 3676 4250 Au.

2083 4275 2254 4340 distis,
2283 4275 2553 4346 principes
2583 4277 2701 4345 viri,
2725 4293 2846 4348 qua:
2869 4295 3049 4336 rerum
3080 4283 3316 4352 pondera
3349 4284 3676 4354 prmdicatus

2084 4365 2409 4436 exceperim.
2444 4365 2615 4438 Supra
2653 4367 2798 4424 vires
2826 4369 3077 4439 exigitur,
3107 4373 3197 4442 qui
3239 4371 3514 4441 dignitatis
3555 4375 3672 4430 cu!-

2085 4456 2230 4512 mina
2259 4457 2507 4512 laudatur
2553 4459 2844 4526 ingressus.
2897 4459 3023 4516 ilrec
3079 4478 3187 4516 non
3227 4463 3488 4518 audemus
3539 4463 3674 4519 falsa

2083 4546 2284 4616 dicere,
2309 4548 2404 4604 sed
2433 4547 2756 4606 conﬁtemur
2795 4565 2914 4607 esse
2945 4553 3178 4622 potiora.
3220 4548 3352 4606 Nam
3384 4553 3508 4608 talia
3531 4543 3685 4623 indi:

396 4642 586 4696 derato
617 4639 722 4696 line
759 4639 1150 4703 concluseram,
1193 4635 1262 4690 de
1313 4633 1508 4687 anima:
1549 4631 1866 4698 substantia,
1895 4630 1982 4686 vel
2013 4665 2064 4724 Β
2086 4639 2170 4695 εἰει
2190 4655 2297 4696 non
2323 4639 2647 4696 ίιινεηει-υηι
2673 4642 2888 4707 merita,
2918 4642 3012 4697 sed
3039 4641 3298 4698 fecerunt,
3326 4643 3509 4715 Neque
3529 4645 3674 4698 enim

395 4735 464 4791 de
494 4734 778 4790 virtutibus
803 4733 942 4802 eius,
971 4731 1132 4785 amici
1155 4743 1241 4783 me
1265 4726 1535 4783 disserere
1557 4732 1889 4793 coegerunt;
1923 4733 1983 4778 ut

396 4843 491 4898 per
517 4843 678 4896 quam
707 4827 875 4881 multa
901 4823 1153 4884 diximus,
1193 4819 1260 4874 de
1296 4818 1412 4888 ipsa
1441 4830 1659 4886 quoque
1689 4815 1872 4872 dicere
1905 4814 1983 4870 vi-

395 4920 668 4973 deremur.
695 4915 856 4970 Modo
879 4911 1083 4984 parcite
1097 4907 1302 4972 diserti,
1321 4907 1496 4962 favete
1518 4905 1699 4976 potius
1721 4904 1984 4960 inchoan-

397 5017 508 5072 tes;
535 5025 656 5062 nam
687 5005 732 5058 si
767 5003 896 5057 nihil
925 5015 1138 5055 mereor
1166 4998 1484 5069 eloquentia:
1523 5010 1765 5060 munere,
1808 4993 1984 5050 consi-

395 5098 664 5156 derandus
701 5109 823 5150 sum
873 5092 1054 5163 potius
1081 5106 1150 5146 ex
1186 5089 1579 5146 ofﬁciosissime
1624 5086 1838 5152 labore;
1868 5085 1983 5155 qui,

399 5186 559 5260 tantis
583 5185 891 5257 reipublicm
923 5181 1330 5238 necessitatibus
1348 5187 1662 5250 occupatus,
1690 5178 1767 5234 sic
1793 5191 1985 5232 vacare

399 5280 549 5350 potui
575 5271 672 5335 sub
702 5277 982 5334 urentibus
1008 5276 1170 5339 curis,
1215 5275 1260 5328 si
1304 5287 1390 5327 me
1425 5271 1644 5342 gloriari
1673 5269 1985 5340 contigisset

402 5373 712 5428 ﬂuminibus
759 5370 1038 5432 Tulli-anis.
1093 5369 1224 5424 Nam
1284 5368 1399 5436 ipse
1440 5381 1656 5435 quoque
1703 5367 1824 5420 fons
1866 5364 1984 5419 elo-

401 5465 639 5534 quentia:
673 5474 723 5531 ",
753 5478 875 5518 cum
903 5463 1084 5518 dicere
1114 5468 1411 5534 peteretur,
1464 5458 1632 5514 fertur
1677 5471 1985 5521 excusasse,

402 5558 545 5626 quod
568 5557 740 5628 pridie
761 5571 868 5614 non
899 5555 1133 5620 legisset.
1160 5552 1298 5619 Quid
1325 5551 1436 5619 iam
1469 5551 1586 5604 aliis
1613 5551 1862 5606 accidere
1891 5564 1989 5617 pe-

402 5651 548 5714 terit,
572 5650 617 5703 si
651 5656 794 5704 tanta
822 5646 936 5700 laus
975 5643 1230 5707 facundiae
1261 5651 1538 5696 auctorum
1566 5641 1677 5692 visa
1716 5650 1797 5693 est
1828 5639 1990 5692 bene-

481 5853 504 5879 ⁸·
535 5847 724 5896 Cicero
748 5859 959 5898 servum
989 5841 1318 5900 manumisit.
1347 5838 1492 5908 quod
1527 5839 1688 5892 dilata
1722 5838 1772 5892 in
1797 5837 1990 5892 crasti-

414 5928 537 5974 num
567 5913 778 5968 comitia
810 5914 1167 5978 renuntiasset
1207 5929 1218 5964 :
1249 5912 1395 5968 adeo
1428 5919 1646 5985 paratus
1675 5909 1989 5966 meditatus-

2086 4746 2189 4785 nos
2216 4729 2342 4786 inde
2365 4730 2654 4800 iactamus,
2687 4732 2779 4801 qui
2809 4732 3154 4802 intelligimus
3181 4732 3430 4786 dominos
3457 4741 3676 4790 nostros

2087 4822 2310 4888 humilia
2348 4821 2586 4879 voluisse
2617 4821 2923 4889 sustollere,
2955 4837 3024 4876 ne
3063 4822 3350 4876 vidcantur
3395 4821 3678 4879 immeritis

2093 4918 2203 4967 tam
2251 4911 2486 4980 iugentia
2540 4911 2871 4982 praestitisse.
2917 4909 3154 4979 Rapiunt
3202 4925 3301 4964 nos
3351 4911 3677 4980 pnedicandi

2092 5005 2350 5076 temporis
2379 5004 2521 5059 bona
2549 5010 2644 5068 ;et
2671 5002 2818 5056 velut
2848 5001 3004 5070 longa
3035 5001 3285 5056 ariditate
3315 5003 3577 5066 sitientes,
3609 5005 3676 5058 ad

2090 5099 2338 5156 haustum
2367 5095 2663 5152 dulcissimi
2691 5096 2901 5165 saporis
2930 5095 3176 5152 invitant.
3218 5095 3264 5152 0.
3308 5095 3486 5152 saeculi
3517 5095 3677 5150 beata

2089 5189 2339 5246 fortuna!
2376 5190 2476 5244 sub
2505 5185 2751 5257 principe
2779 5186 2971 5242 feriato
3001 5187 3189 5244 matris
3208 5195 3400 5255 regnat
3427 5185 3674 5252 affectio;

2089 5295 2364 5352 perquam
2395 5286 2568 5336 totum
2617 5279 2697 5332 sic
2735 5279 3034 5348 peragitur,
3078 5285 3137 5332 ut
3163 5277 3430 5345 generalis
3451 5291 3555 5332 nos
3597 5285 3681 5331 te-

2087 5384 2215 5439 gere
2243 5370 2478 5428 Charitas
2517 5370 2804 5425 sentiatur.
2837 5368 2972 5424 Huic
2995 5369 3288 5438 gloriosum
3318 5376 3539 5438 prmstat
3581 5367 3678 5422 οὺς

2088 5461 2334 5529 sequium
2374 5464 2460 5516 cui
2500 5461 2680 5514 omnia
2731 5461 3001 5525 serviunt;
3051 5467 3106 5513 et
3143 5459 3371 5512 mirabili
3409 5445 3679 5528 temp'era-

2093 5560 2275 5606 mento
2301 5549 2624 5614 concordire,
2659 5557 2946 5618 antequam
2989 5549 3160 5618 possit
3201 5547 3428 5618 pepulos
3467 5561 3676 5615 regere,

2089 5643 2202 5698 suis
2221 5642 2331 5710 iam
2363 5643 2528 5713 coepit
2571 5640 2810 5694 moribus
2843 5641 3126 5710 imperare.
3160 5639 3274 5694 lloe
3313 5647 3399 5694 est
3437 5636 3678 5708 profecto

2093 5852 2200 5965 cliuo
2233 5844 2411 5893 tantus
2443 5835 2633 5894 artifex
2664 5835 2732 5890 ad
2753 5835 3037 5893 dicendum
3059 5832 3368 5891 accedebat.
3403 5831 3662 5896 Plutarch

2105 5923 2262 5965 fons.

2105 5923 2124 5965 Γ
2141 5923 2262 5966 01m.
