4052 6212
340 261 398 317 II
1443 260 1882 318 ARGUMEMTA
1922 265 1940 320 (

2078 267 2459 326 ριιιιιοιιωι.
3528 279 3600 339 42
3674 263 3678 268 ’

1579 536 1698 624 ΙΝ
1779 534 2337 629 ΕΧΟΒυΜ.

1020 708 1148 763 LIB.
1182 708 1221 761 I.
1456 694 1475 705 ’

1456 694 1475 705 ⁸
2660 712 2810 764 xor.
2861 712 2936 764 A'.

331 798 412 856 De
432 802 709 856 nativitate
738 798 929 871 Moysi:
957 798 1165 855 Christo
1190 798 1481 871 applicata.
2023 834 2038 850 .
2120 836 2132 849 .
2214 837 2226 851 .
2308 838 2320 853 .
2403 838 2416 852 .
2496 840 2509 853 .
2587 838 2604 855 .
2685 840 2698 853 .
2777 839 2791 853 .
2883 841 2896 854 .
2973 840 2985 853 .
3069 841 3084 855 .
3167 843 3181 857 .
3260 846 3273 860 .
3352 844 3367 860 .
3445 845 3461 861 .
3540 847 3555 863 .

332 889 571 960 Amplius
598 889 661 944 de
692 888 889 961 Moyse.
920 889 1093 944 Exodi
1116 906 1151 943 ι.

1037 889 1093 944 di
1116 906 1151 943 t.
2022 887 2153 941 Ἔτι
2184 886 2320 955 περὶ
2360 888 2637 956 Μωσέως.

333 981 410 1036 De
433 982 628 1036 visione
659 980 851 1052 Moysis
874 982 930 1034 in
957 979 1105 1034 rubo.
1130 980 1304 1035 Exodi
1328 996 1386 1043 ιι.
1418 996 1495 1034 ιιι.

2016 978 2159 1048 Περὶ
2200 978 2313 1048 τῆς
2361 982 2620 1048 Μωσέως
2673 982 2965 1050 ὀπτασίας
3008 980 3116 1054 τῆς
3171 986 3240 1039 ἐν
3284 985 3363 1052 τῷ
3400 988 3587 1054 βάτῳ.

1001 1092 1128 1147 LIB.
1170 1092 1234 1146 II.

2672 1097 2823 1151 ΛΟΓ.
2862 1097 2936 1151 B'.

333 1183 409 1237 De
436 1185 602 1238 hostia
636 1184 780 1253 agni.
812 1182 982 1238 Exod.
1009 1198 1104 1236 xu.

2015 1184 2155 1253 Περὶ
2180 1184 2289 1253 τῆς
2314 1188 2531 1254 θυσίας
2562 1186 2668 1242 τοῦ
2703 1189 2915 1257 ἀμνοῦ.

336 1273 411 1327 De
437 1277 826 1329 consecratione
855 1274 1346 1345 primogenitorum.
1382 1273 1556 1329 Exodi
1578 1290 1693 1329 xm.
1897 1294 1903 1298 -

1657 1290 1693 1329 ι.
1897 1294 1903 1298 -
2015 1271 2156 1338 Περὶ
2190 1270 2301 1340 τῆς
2332 1273 2675 1342 ἀναθέσεως
2700 1274 2821 1329 τῶν
2852 1281 3257 1345 πρωτοτόκων.

332 1364 410 1417 De
442 1364 679 1431 Merrha,
709 1374 756 1419 et
791 1364 931 1436 ligno
965 1365 1105 1436 quod
1134 1373 1399 1419 ostensum
1420 1372 1496 1418 est
1520 1366 1671 1419 beato
1712 1362 1902 1435 Moysi.

2015 1364 2155 1431 Περὶ
2183 1364 2436 1432 Μερῤᾶς,
2466 1367 2563 1420 καί
2612 1367 2718 1422 τοῦ
2768 1368 2961 1434 ξύλου
2987 1372 3487 1442 παραδειχθέντα*
3515 1372 3590 1441 τῷ

402 1453 577 1507 Exodi
594 1470 679 1507 xv.

2078 1455 2350 1523 μακαρίῳ
2376 1455 2583 1525 Μωσῇ.

334 1543 409 1598 De
436 1563 634 1599 manna
669 1556 717 1599 et
736 1550 1019 1601 coturnice.
1053 1548 1228 1603 Exodi
1250 1564 1356 1602 xw.

2017 1544 2155 1610 Περὶ
2191 1544 2302 1599 τοῦ
2332 1544 2534 1615 μάννα
2564 1542 2664 1601 καὶ
2705 1546 2815 1616 τῆς
2846 1552 3307 1622 ὀρτυγομήτρας.

331 1636 409 1689 De
437 1636 602 1691 tribus
632 1655 662 1692 a
680 1636 857 1709 Moyse
885 1640 1111 1709 patratis
1137 1640 1487 1694 admirandis.
1520 1639 1693 1694 Exodi
1722 1655 1800 1704 tu,
1831 1655 1902 1694 tv.

2016 1636 2154 1705 Περὶ
2182 1635 2302 1692 τῶν
2329 1636 2427 1691 διὰ
2454 1638 2710 1706 Μωσέως
2741 1642 3076 1709 γεγονότων
3105 1644 3282 1711 τριῶν
3303 1645 3586 1716 σημείων.

988 1750 1120 1806 LIB.
1150 1751 1240 1807 III.

2657 1754 2810 1809 AOI‘.
2862 1754 2936 1809 Ρ.

329 1840 408 1896 De
433 1850 584 1913 petra
618 1858 885 1913 percussa.
915 1842 1089 1898 Exodi
1129 1859 1275 1910 xvn;
1312 1844 1476 1899 Num.
1503 1861 1591 1899 xx.

1422 1859 1476 1898 ιι.
1503 1861 1591 1899 xx.
2005 1840 2147 1909 Περὶ
2187 1840 2297 1910 τῆς
2333 1845 2767 1914 nataxoelo'nc'
2782 1846 3022 1917 πέτρας.

327 1933 407 1987 De
458 1933 555 1988 Dei
596 1936 653 1989 in
705 1944 935 1988 montem
978 1932 1111 1989 Sina
1155 1935 1434 2002 descensu,
1483 1945 1534 1990 et
1599 1936 1906 1991 assistentia

2005 1933 2149 2002 Περὶ
2176 1934 2288 2003 τῆς
2317 1935 2388 1989 ἐν
2422 1936 2504 2003 τῷ
2533 1937 2653 2006 ὄρει
2676 1936 2825 1994 Σινᾶ
2860 1939 3145 2008 καθόδου,
3182 1940 3284 1996 καὶ
3323 1939 3435 2013 τῆς
3479 1958 3584 1998 παν

401 2024 639 2080 Israelis.
672 2026 846 2080 Exodi
878 2042 987 2081 χιχ.

2064 2026 2426 2095 ραστάσεως
2470 2029 2581 2084 τοῦ
2628 2031 2891 2099 Ἰσραήλ.

327 2117 405 2172 De
442 2134 660 2172 ascensu
698 2117 888 2189 Moysis
921 2126 970 2172 et
1016 2118 1201 2174 Aaron
1233 2120 1291 2173 in
1348 2127 1598 2184 montem,
1631 2121 1755 2173 item
1786 2118 1901 2174 Na-

2005 2116 2147 2187 Περὶ
2165 2118 2276 2188 τῆς
2301 2122 2389 2185 εὶς
2409 2120 2477 2175 τὸ
2511 2121 2649 2190 ὅρος
2667 2123 2892 2179 ἀνόδου
2918 2125 3177 2192 Μωσέως
3205 2128 3304 2182 καὶ
3339 2129 3584 2198 Ἀαρὼν,

395 2210 518 2275 dab,
549 2210 738 2277 Abiud,
771 2219 821 2264 et
870 2212 1207 2282 septuaginta
1256 2211 1320 2267 de
1374 2212 1666 2267 senioribus
1716 2210 1899 2283 populi

2081 2211 2180 2266 καὶ
2229 2212 2436 2267 Ναδὰό
2472 2213 2570 2267 καὶ
2611 2215 2862 2281 Ἀϐιοὺδ,
2908 2215 3154 2272 καὶτῶν
3177 2217 3584 2289 ἐϐδομήκοντα

394 2300 588 2357 Israel.
622 2303 795 2358 Exodi
827 2319 974 2359 xxxv.

2071 2304 2492 2373 πρεσϐυτέρων
2526 2306 2634 2360 τοῦ
2686 2307 2850 2362 λαοῦ.

325 2393 403 2448 De
435 2394 596 2449 vitulo
629 2411 784 2466 quem
808 2395 1053 2467 conﬂavit
1085 2394 1277 2451 Israel.
1312 2395 1488 2452 Exodi
1517 2412 1680 2451 χχχιι.

1312 2395 1488 2452 Exodi
1517 2412 1680 2451 χχχιι.
1998 2398 2136 2465 Περὶ
2172 2400 2576 2467 μοσχοποιίας
2610 2400 2879 2468 Ἰσραήλ.

323 2485 404 2542 De
430 2484 692 2542 velamine
722 2489 779 2541 in
807 2487 941 2557 facie
965 2486 1178 2559 Moysis.
1208 2488 1380 2544 Exodi
1422 2504 1600 2544 xxxiv.

1998 2485 2137 2554 Περὶ
2175 2485 2283 2540 τοῦ
2321 2487 2711 2556 καλύμματος
2741 2486 2847 2541 τοῦ
2878 2486 2948 2541 ἐν
2992 2485 3072 2552 τῷ
3114 2487 3413 2557 προσώπῳ
3456 2490 3584 2542 Μω-

2068 2578 2244 2643 σέως.

1466 2852 1630 2989 ‘lN
1705 2849 2418 2943 LEVITICUM.

318 3021 469 3090 Quod
495 3021 688 3080 Christi
718 3028 891 3096 passio
922 3028 993 3081 sit
1017 3027 1296 3082 salutaris.
1333 3026 1509 3082 Levit.
1544 3040 1601 3078 ιι.

1497 3067 1509 3078 .
1544 3040 1601 3078 ιι.
2002 3022 2133 3076 Ὀτι
2174 3021 2434 3091 Χριστοῦ
2463 3021 2527 3075 τὸ
2558 3020 2748 3087 πάθος
2781 3019 3096 3088 σωτήριον.

318 3119 469 3186 Quod
494 3137 588 3175 nos
616 3122 847 3192 mysticae
873 3120 1246 3174 benedictionis
1274 3119 1401 3190 facti
1443 3118 1748 3189 participes,
1771 3133 1888 3171 om-

2003 3114 2135 3167 Ὀτι
2176 3111 2285 3182 τῆς
2347 3110 2654 3183 μυστικῆς
2710 3112 2995 3183 εὐλογίας
3031 3111 3102 3165 ἐν
3123 3111 3362 3182 μεθέξει
3406 3127 3576 3184 τετο-

386 3211 512 3264 nino
546 3226 609 3264 ac
638 3211 844 3280 penitus
874 3208 1047 3263 sancti
1090 3209 1355 3279 divinique
1384 3209 1552 3262 simus
1574 3207 1763 3277 futuri.
1782 3207 1890 3262 Le-

2059 3207 2254 3273 νότες,
2297 3202 2449 3275 ἅγιοι
2471 3204 2568 3258 καὶ
2598 3203 2742 3273 ἱεροὶ
2768 3202 2966 3272 πάντη
3010 3203 3109 3258 καὶ
3155 3203 3397 3272 πάντως
3437 3203 3573 3260 bod-

385 3299 566 3365 vit.vt,
599 3315 727 3355 xvn.

627 3315 727 3355 :vn.
2056 3296 2227 3363 μεθα.

315 3389 393 3445 De
422 3390 762 3445 mundatione
787 3389 967 3462 lepraz.
992 3389 1171 3446 Levit.
1210 3406 1333 3460 Iuv;
1368 3391 1530 3446 Num.
1562 3407 1613 3445 v.

1562 3407 1613 3445 v.
1993 3386 2134 3455 Περὶ
2171 3385 2278 3441 τοῦ
2324 3385 2700 3456 καθαρισμοῦ
2751 3386 2865 3454 τῆς
2908 3386 3155 3457 λέπρας.

313 3481 391 3536 De
420 3481 729 3536 Iudaeorum
774 3479 1077 3552 Synagoga.
1106 3490 1165 3536 ut
1219 3484 1552 3536 contumacia
1609 3482 1679 3535 sit
1715 3480 1886 3553 lapsa.

1992 3481 2129 3550 Περὶ
2169 3479 2282 3550 τῆς
2323 3477 2442 3533 τῶν
2482 3479 2787 3534 Ἰουδαίων
2810 3477 3190 3549 συναγωγῆς,
3214 3477 3306 3532 ὅτι
3342 3476 3569 3544 συνέϐη

384 3573 465 3628 Ex
497 3572 673 3628 Levit.
706 3588 813 3638 xiv,
846 3572 1104 3639 Ieremia,
1138 3575 1299 3640 Isaia,
1333 3575 1644 3639 Ezechiele,
1678 3583 1779 3627 etc.

1381 3575 1644 3639 zechielc,
1678 3583 1779 3627 etc.
2063 3571 2277 3627 πεσεῖν
2308 3569 2507 3639 αὐτὴν
2555 3569 2625 3635 ἐξ
2658 3569 2980 3635 ἀπειθείας.

312 3665 391 3720 De
418 3681 476 3719 eo
504 3664 643 3735 quod
674 3662 855 3718 Aaron
910 3680 1015 3718 non
1061 3680 1267 3735 semper
1316 3665 1647 3736 ingrediatur
1688 3662 1889 3719 Sancta

1989 3662 2129 3731 Περὶ
2163 3661 2269 3716 τοῦ
2309 3660 2396 3731 μὴ
2430 3658 2810 3728 εὶσέρχεσθαι
2849 3657 2958 3712 τὸν
3007 3655 3235 3727 Ἀαρὼν
3283 3656 3383 3712 διὰ
3417 3667 3569 3714 παν-

380 3763 707 3810 sanctorum.
746 3754 923 3810 Levit.
948 3771 1056 3811 xw.

2064 3751 2168 3818 τὸς
2205 3753 2294 3817 είς
2324 3751 2398 3806 τὰ
2431 3750 2611 3819 "Arta
2653 3746 2774 3802 τῶν
2802 3749 3006 3818 άγίων.

3168 3882 3565 3899 ...η--ο

356 3888 434 3905 ’⁵.

815 4093 870 4176 εξ
1723 4034 2343 4128 ΝυΜΕθοεο

305 4215 385 4272 De
416 4158 1078 4279 ϐΙινέςὶῦ-,Ξεϊξιιιᾶὢὸᾖῖιῖιξ
1102 4165 1439 4284 Ἑῇωςέιξῇἶ,
1487 4212 1878 4297 θχ-Νυῃ.λιιι,
1991 4209 2130 4279 Περὶ
2166 4209 2424 4279 Χριστοῦ
2466 4209 2567 4264 καὶ
2603 4206 2711 4276 τῆς
2752 4206 3047 4262 Ἰουδαίων
3075 4204 3439 4297 Συναγωγῆς

374 4304 531 4362 Oscae
552 4303 1192 4388 Ἣ1,]βΐρφ..διιι,ξιεοο.
1223 4322 1250 4373 :
1371 4298 1509 4388 Ξίέξ

1980 4303 2120 4371 Περὶ
2171 4301 2291 4357 τῶν
2334 4298 2890 4370 κατασκεψαμένων
2934 4297 3049 4366 τὴν
3093 4296 3211 4366 γῆν
3238 4294 3347 4363 τῆς
3383 4295 3564 4363 ἐπαγ-

305 4397 385 4450 De
1304 4373 1683 4464 ᾖνᾶιῖᾶἐσῶηἳί.
1712 4373 1878 4449 Nili).
2050 4393 2277 4464 γελίας.

379 4467 792 4553 μὴ’Ἦὲιῆθά
826 4467 1125 4541 Ῐὸἕᾶέχιν.

1979 4485 2109 4539 "Ott
2134 4484 2382 4554 γέγονεν
2405 4483 2550 4554 ἡμῖν
2575 4482 2756 4552 ἄρτος
2783 4480 2935 4550 ζωῆς
2975 4484 3010 4535 ὀ
3043 4475 3318 4547 Χριστός.

304 4574 571 4631 Christum
592 4574 737 4630 nobis
767 4590 877 4629 esse
913 4591 1103 4646 panem
1125 4575 1263 4629 vitm.
1290 4572 1453 4629 Num.
1480 4588 1567 4626 xv.

1982 4572 2118 4641 Περὶ
2155 4573 2267 4642 τῆς
2300 4571 2614 4642 δαμάλεως
2648 4570 2755 4638 τῆς
2790 4567 3040 4639 πυρρᾶς,
3081 4566 3191 4634 τῆς
3239 4559 3555 4616 statutae!-

304 4662 383 4718 De
414 4679 575 4719 vacca
606 4663 732 4735 rufa
762 4671 913 4717 extra
932 4672 1110 4718 castra
1137 4664 1426 4718 combusta.
1460 4664 1623 4719 Num.
1657 4682 1767 4720 xtx.

1302 4672 1426 4718 ista.
1460 4664 1623 4719 Num.
1657 4682 1767 4720 xtx.
2050 4677 2169 4730 σης
2203 4662 2319 4728 ἔξω
2344 4661 2454 4731 τῆς
2499 4658 2902 4732 παρεμϐολῆς.

304 4750 382 4808 De
411 4761 651 4828 serpente
678 4769 842 4809 teneo.
870 4753 1033 4809 Num.
1062 4770 1186 4821 xxn;
1226 4753 1382 4809 Joan.
1419 4770 1496 4808 ιιι.
1538 4746 1541 4749 ’

1315 4770 1382 4808 ιιι.
1419 4770 1496 4808 ιιι.
1538 4746 1541 4749 ’
1981 4755 2119 4823 Περὶ
2158 4755 2262 4809 τοῦ
2296 4754 2488 4824 ὄφεως
2530 4753 2635 4808 τοῦ
2664 4751 2915 4823 χαλκοῦ.

1271 5001 1394 5089 IN
1473 4999 2588 5137 DEUTERONOMI-UM.

306 5174 383 5231 De
405 5172 571 5230 vitula
599 5174 749 5246 cujus
783 5176 930 5230 nervi
949 5175 1140 5230 concisi
1169 5184 1294 5230 sunt
1328 5177 1383 5230 in
1408 5175 1569 5231 valle.
1594 5176 1869 5231 Deut.xxt.

1970 5174 2112 5244 Περὶ
2157 5172 2265 5243 τῆς
2321 5170 2918 5245 νενευροκοπγυιόνης
2986 5167 3299 5240 δαμάλεως
3355 5172 3427 5223 ἐν
3474 5163 3548 5232 τῇ

302 5263 381 5323 De
409 5263 630 5318 muliere
651 5271 828 5335 capta,
866 5281 991 5320 rasa
1031 5272 1080 5319 et
1131 5266 1390 5337 unguibus
1436 5266 1674 5336 praecisa.
1710 5267 1868 5321 Deut.
2041 5266 2315 5336 φάραγγι.

370 5369 484 5419 χιι,
509 5352 595 5407 10.
1971 5357 2109 5426 Περὶ
2157 5357 2269 5428 τῆς
2309 5356 2687 5427 αἰχμαλώτου
2718 5350 3007 5423 γυναικὸς
3066 5351 3395 5422 ξυραμένης
3440 5340 3539 5397 καί

304 5445 378 5501 De
403 5462 462 5500 eo
482 5446 573 5517 qui
605 5454 791 5501 contra
820 5447 988 5503 hostes
1020 5447 1237 5503 militat.
1265 5449 1424 5504 Deut.
1454 5465 1603 5503 χχιιι.

883 5453 988 5503 stes
1020 5447 1237 5503 militat.
1265 5449 1424 5504 Deut.
1454 5465 1603 5503 χχιιι.
2040 5447 2483 5519 ὀνυχιζόμένης.

301 5539 376 5598 De
399 5539 669 5594 duodecim
732 5539 993 5611 lapidibus
1044 5541 1249 5597 albario
1281 5541 1432 5598 illitis
1487 5550 1637 5598 trans
1665 5541 1863 5597 Iorda-

1807 5560 1863 5596 a-
1969 5540 2111 5609 Περὶ
2142 5539 2250 5594 τοῦ
2287 5536 2697 5608 πολεμοῦντος
2729 5535 2879 5606 πρὸς
2910 5535 3044 5601 τοὺς
3081 5523 3407 5590 ἐναντίους.

369 5649 507 5686 nem.
541 5632 700 5686 Deut.
729 5647 890 5686 xxv".
1368 5684 1369 5687 η

1368 5684 1369 5687 η
1972 5631 2109 5701 Περὶ
2132 5629 2249 5686 τῶν
2273 5631 2460 5686 λίθων
2481 5628 2939 5699 κεκονιαμένων.

304 5723 375 5778 De
412 5721 657 5776 electione
685 5719 861 5777 .lome.
893 5722 1050 5777 Deut.
1083 5738 1223 5779 uxr.

1212 5762 1223 5777 .
1970 5724 2107 5793 Περὶ
2149 5720 2406 5793 ἐκλογῆς
2441 5721 2547 5777 τοῦ
2585 5719 2812 5790 Ἰησοῦ.
