4050 6210
755 311 3762 355 m

2576 335 2621 344 ..-

2630 335 2991 345 “—

1321 474 1550 562 ΤΟΥ
1586 476 1731 561 ΕΝ
1766 475 2132 561 ΑΓΙΟΙΣ
2168 476 2602 564 ΠΑΤΡΟΣ
2676 478 3007 566 ΗΜΩΝ

1490 656 2858 868 ΚΥΡΙΛΛΟΥ

1298 949 2135 1008 ’ΔΡΧΙΕΠΙΣΚΟΠΟΥ
2231 954 2969 1014 ΔΛΕΞΑΝΔΡΕῘᾹΣ

1134 1114 2024 1250 ΓΛΑΦΥΡΩΝ
2103 1122 2364 1251 ΕΙΣ
2458 1126 3156 1257 ΓΕΝΕΣΙΝ

1708 1357 2077 1446 ΛΟΓΟΣ
2149 1358 2621 1450 ΠΡΩΤΟΣ.

521 1735 757 1943 s.-
924 1726 1709 1912 PATRIS
1890 1608 2682 1911 NosTnI
2890 1734 3768 1913 CYRILLI

1614 2051 2083 2111 ALEXANDRLE
2140 2051 2681 2121 ARCHIEPISCOPI,

1060 2236 2278 2366 GLAPHYRORUM
2341 2235 2495 2359 IN
2570 2233 3269 2364 GENESIM

1664 2521 2018 2617 LIBER
2092 2525 2580 2617 PRIMUS.

2087 2738 2162 2753 ~—

521 2870 647 2961 ’θεέ
687 2878 785 2935 διὰ
810 2877 1193 2961 ’πάσης-,τῆς
1243 2867 1502 2961 Afrum-Swi-
1553 2882 1807 2961 γραφῆς,
1853 2884 1920 2961 τρ
1973 2884 2113 2945 τοῦ

2188 2887 2231 2956 ι
2263 2883 2414 2952 Quod
2445 2902 2538 2956 per
2573 2892 2751 2961 omnia
2786 2888 2943 2943 Mosi;
2966 2892 3177 2961 scripta
3226 2891 3529 2961 mysterium
3568 2890 3764 2947 Christi

586 2948 841 3019 Χριστοῦ
860 2948 1199 3019 μυστήριον
1229 2948 1678 3022 αἱνιγματωδῶξ
1706 2948 2079 3023 σημαίνεται.

591 3080 610 3112 ι
661 3058 948 3132 Ἐρευνᾶτε
978 3058 1075 3124 τὰς
1105 3058 1346 3131 Γραφὰς,
1385 3079 1404 3111 ι
1436 3062 1547 3125 τοῖς
1588 3062 1857 3118 Ἰουδαίων
1893 3064 2085 3136 δήμοις

511 3151 980 3224 προσπεφώνηκεν
1021 3152 1049 3204 ὁ
1086 3152 1354 3223 Χριστός·
1389 3153 1488 3225 οὐχ
1519 3154 1722 3226 ἑτέρως
1770 3142 1836 3210 ἂν
1867 3156 2083 3228 ἰσχύσαι

509 3244 613 3314 τῆς
661 3244 883 3306 αἰωνίας
945 3242 1091 3315 ζωῆς
1146 3242 1428 3314 ἐφικέσθαι
1481 3246 1653 3309 τινὰς,
1715 3246 2084 3318 ἐναργέστατα

509 3335 706 3405 λέγων,
748 3338 797 3389 εί
835 3336 910 3408 μὴ
960 3335 1211 3408 καθάπερ
1236 3336 1355 3390 τινὰ
1402 3335 1672 3408 θησαυρὸν
1702 3338 2084 3409 ἀνορύττοντες

508 3425 576 3477 τὸ
606 3425 839 3495 γράμμα
887 3424 948 3478 τὸ
992 3425 1234 3497 νομικὸν,
1276 3424 1369 3478 τὸν
1413 3426 1472 3478 ἐν
1509 3426 1655 3498 αύτῷ
1705 3429 2083 3500 κεκρυμμένον

511 3514 954 3585 περιεργάζοιντο
994 3514 1359 3587 μαργαρίτην,
1384 3516 1652 3579 τουτέστι,
1692 3517 1945 3588 Χριστὸν,
1986 3520 2082 3572 «ἐν

476 3678 479 3679 ν
507 3595 557 3669 ᾧ
578 3602 779 3667 πάντες
817 3603 954 3656 εἰσὶν
986 3604 1036 3656 oi
1076 3602 1341 3674 θησαυροὶ
1364 3604 1464 3674 τῆς
1494 3604 1686 3673 σοφίας
1710 3608 1805 3659 καὶ
1828 3607 2082 3674 γνώσεως

508 3696 562 3748 οί
611 3696 937 3766 ἀπόκρυφοι,
991 3714 1010 3747 ι
1067 3696 1209 3750 κατὰ
1253 3695 1353 3768 τὴν
1396 3694 1494 3753 τοῦ
1550 3699 1819 3767 μακαρίου
1866 3699 2079 3753 Παύλου

508 3788 715 3857 φωνήν.
759 3786 892 3858 Περὶ
922 3787 1020 3857 τῆς
1051 3787 1195 3841 οὕτω
1239 3786 1444 3858 σεπτῆς
1491 3790 1583 3843 καὶ⁵
1626 3790 1955 3859 ἀξιαγάστου
1992 3807 2082 3845 σο-

508 3874 641 3943 φίας
682 3875 800 3945 ἦτοι
842 3874 1096 3943 γνώσεως
1136 3874 1239 3945 ἔφη
1282 3894 1385 3931 που
1433 3880 1529 3932 καὶ
1583 3878 1852 3950 Σολομῶν·
1889 3899 1908 3931 ι
1953 3878 2079 3934 Ἐὰν

509 3967 753 4039 ζητήσεις
796 3968 965 4038 αὐτὴν
995 3967 1184 4040 ὥσπερ
1222 3970 1507 4041 ἀργύριον,
1541 3971 1635 4025 καὶ
1667 3971 1744 4034 ὡς
1771 3971 2078 4044 θησαυροὺς

505 4058 874 4128 ἀνερευνήσῃς
924 4057 1111 4129 αὐτὴν,
1168 4059 1289 4112 τότε
1332 4061 1585 4132 συνήσεις
1629 4061 1793 4129 φόϐον
1849 4062 2077 4133 Κυρίου,

508 4149 604 4203 καὶ
650 4149 943 4217 ἐπίγνωσιν
991 4148 1126 4203 Θεοῦ
1174 4151 1431 4225 εύρήσῃς.
1474 4170 1493 4203 ι
1529 4152 1742 4206 Γένοιτο
1788 4153 1832 4206 δ’
1862 4152 1928 4207 ἂν
1956 4153 2079 4206 οὐδὲ

2576 2908 2751 2943 omma
2786 2908 2943 2943 most;
2978 2908 3080 2942 scr:
3119 2908 3177 2943 ta
3226 2908 3271 2943 ῃ]

2576 2984 2579 2985 ν
2671 2957 2902 3029 ﬁgurate
2927 2908 3271 3029 signiﬁpcetur.

2260 3086 2283 3120 ι
2317 3067 2649 3124 Scrutamini
2673 3067 2987 3138 Scripturas
3010 3071 3047 3136 ‘,
3085 3090 3103 3121 ι
3136 3069 3362 3126 Iudaico
3382 3071 3586 3142 populo
3607 3070 3768 3128 Chri—

2185 3170 2302 3239 stus
2334 3161 2682 3217 inclamavit:
2710 3176 2819 3216 non
2851 3162 2958 3218 alia
2998 3163 3209 3218 ratione
3247 3162 3317 3217 ad
3344 3161 3510 3217 vitam
3551 3163 3765 3233 pertin-

2184 3269 2311 3323 gere
2351 3270 2510 3325 posse
2556 3253 2819 3325 quosdam
2866 3254 3154 3313 manifeste
3198 3254 3408 3319 dicens,
3457 3254 3566 3308 nisi
3594 3256 3765 3313 veluti

2185 3348 2502 3403 thesaurum
2540 3347 2831 3417 quemdam
2864 3346 3186 3401 eﬂodientes
3231 3346 3459 3417 legalem
3502 3346 3762 3414 litteram,

2182 3439 2423 3494 abditam
2464 3439 2519 3493 in
2541 3454 2604 3493 ea
2644 3437 3014 3510 margaritam,
3042 3437 3146 3490 hoc
3170 3443 3273 3501 est,
3296 3436 3598 3501 Christum,
3631 3454 3759 3508 per-

2182 3530 2485 3601 vestigent,
2520 3548 2538 3580 ι
2575 3528 2632 3582 in
2662 3543 2772 3599 quo
2802 3520 2931 3583 sunt
2968 3542 3158 3581 omnes
3204 3527 3445 3582 thesauri
3480 3528 3762 3598 sapientiae

2181 3628 2237 3677 et
2265 3621 2507 3676 scientiae
2542 3618 2868 3683 absconditi,
2909 3638 2926 3670 ι
2957 3619 3110 3689 juxta
3144 3617 3290 3672 beati
3316 3617 3469 3672 Pauli
3505 3633 3695 3672 vocem
3721 3620 3763 3672 ⁸.

2158 3706 2258 3768 ’Βθ
2292 3712 2394 3767 hac
2435 3726 2602 3782 porro
2649 3710 2786 3766 adeo
2827 3707 3143 3764 veneranda
3201 3708 3636 3778 admirandaque
3670 3723 3760 3762 sa-

2180 3798 2387 3869 pientia
2413 3813 2478 3852 ac
2509 3797 2735 3852 scientia
2773 3795 3028 3851 Salomon
3052 3797 3216 3850 etiam
3256 3795 3387 3850 alibi
3413 3797 3492 3850 ait
3515 3813 3530 3850 :
3556 3798 3607 3866 2
3644 3816 3662 3847 ι
3706 3797 3761 3851 Si

2181 3883 2462 3953 quaesieris
2484 3899 2603 3938 eam
2664 3885 2806 3939 sicut
2846 3890 3130 3954 argentum
3155 3923 3169 3946 ,
3206 3891 3261 3937 et
3294 3884 3439 3938 sicut
3473 3884 3764 3939 thesauros

2181 3983 2454 4030 scrutatus
2485 3974 2655 4030 fueris
2681 3990 2798 4028 eam
2820 4015 2835 4037 ,
2868 3982 2997 4027 tunc
3041 3972 3314 4044 intelliges
3357 3974 3607 4030 timorem
3651 3977 3761 4031 Do-

2181 4065 2338 4130 mini,
2364 4073 2420 4119 et
2448 4064 2730 4119 scientiam
2784 4063 2880 4118 Dei
2923 4063 3171 4119 invenies
3206 4064 3247 4120 ³.
3302 4084 3321 4116 ι
3380 4064 3482 4121 Cui
3536 4068 3759 4137 quidem

2181 4156 2260 4210 rei
2312 4153 2448 4209 nihil
2508 4154 2954 4226 mquiparandum
3003 4154 3171 4209 fuerit
3217 4155 3548 4227 inculpatam
3590 4158 3758 4213 vitam

508 4242 602 4296 τοῦ
628 4243 828 4297 τοιοῦδε
859 4242 919 4296 τὸ
947 4243 1277 4309 ίσοστατοῦν,
1312 4244 1466 4317 παρά
1495 4261 1556 4299 τε
1585 4246 1694 4309 τοῖς
1720 4244 1816 4316 τὴν
1840 4242 2075 4315 ἀμώμη-
2111 4232 2113 4281 Ῑ

2180 4245 2567 4310 laudantibus,
2635 4245 2859 4317 optimis
2923 4245 3501 4319 praestantissimisque
3582 4249 3756 4303 actio-

507 4351 601 4388 τον
644 4332 923 4389 ἐπαινοῦσι
972 4333 1136 4406 ζωὴν,
1190 4336 1285 4388 καὶ
1321 4334 1621 4405 κατορθοῦν
1671 4333 1967 4406 ᾑρημένοις
2009 4333 2076 4387 ait

506 4425 724 4480 πάντων
757 4424 954 4496 ἄριστα
986 4426 1081 4478 καὶ⁵
1130 4424 1400 4497 ἐξαίρετα,
1448 4425 1544 4479 καὶ
1583 4426 1759 4495 φωτὸς
1802 4423 1898 4479 τοῦ
1934 4423 2078 4477 θείου

504 4515 599 4569 τὸν
626 4517 823 4570 οἰκεῖον
873 4517 1250 4588 ἀναπιμπλᾶσι
1282 4516 1405 4570 νοῦν
1425 4535 1438 4549 ·
1472 4517 1561 4570 διά
1582 4533 1664 4570 τοι
1688 4514 1782 4570 τοῦ
1816 4515 1925 4570 δεῖν
1965 4516 2079 4578 τοῖς

504 4607 637 4681 περὶ
662 4607 793 4661 Θεοῦ
820 4607 999 4677 λόγοις
1027 4608 1424 4678 ἀκαταλήπτως
1446 4608 1740 4679 ὲντρυφᾷν,
1768 4608 1861 4662 καὶ
1887 4606 2079 4676 λύχνον

502 4697 697 4770 ὥσπερ
725 4698 846 4753 τινὰ
872 4699 1143 4753 ποιεῖσθαι
1173 4697 1235 4751 τὸ
1264 4697 1502 4769 Γρὰμμα
1533 4697 1593 4751 τὸ
1624 4696 1787 4770 ἱερὸν,
1819 4695 1959 4750 κατὰ
1987 4694 2078 4749 τὸν

503 4789 664 4858 ἅγιον
718 4789 1022 4861 ιῗάλμῳδὸν
1084 4782 1490 4861 ’διακεκραγότα
1541 4805 1601 4842 τε
1665 4787 1760 4843 καὶ
1814 4787 2076 4856 λεγοντα⁸

507 4901 529 4933 ι
566 4880 774 4951 Λύχνος
807 4884 921 4945 τοῖς
963 4881 1087 4935 ποσί
1137 4898 1239 4953 μου
1277 4882 1307 4935 ό
1337 4881 1499 4953 νόμος
1540 4897 1654 4945 σου,
1691 4879 1783 4934 καὶ
1818 4878 1935 4948 φῶς
1961 4881 2079 4938 ταῖς

501 4971 712 5042 τρίϐοις
739 4990 863 5043 μου.
900 4992 920 5024 ι
952 4971 1160 5027 Οὐκοῦν
1186 4972 1482 5044 ἐπειδήπερ
1511 4970 1695 5040 σαφῶς
1726 4968 1819 5023 καὶ
1842 4969 2075 5038 ἁναφανυ

500 5064 593 5117 ὢν
642 5063 786 5135 ζωῆς
832 5065 947 5118 ἔστι
1003 5064 1101 5135 τῆς
1143 5063 1362 5119 αἰωνίου
1412 5062 1689 5134 πρόξενον,
1729 5061 1824 5117 καὶ
1858 5058 2077 5132 ἀπάσης

499 5157 642 5227 ἡμῖν
663 5155 923 5226 εὐθυμίας
943 5156 1059 5222 ὁδὸς
1080 5155 1140 5210 τδ
1161 5153 1621 5228 περιεργάζεσθαι
1650 5152 1824 5223 φιλεῖν
1851 5152 1913 5206 τὸ
1940 5153 2077 5222 Χρι-

498 5244 637 5301 στοῦ
685 5249 1013 5319 μυστήριον·
1045 5249 1179 5321 φέρε
1208 5249 1273 5322 δὴ
1323 5247 1484 5302 πάλιν
1521 5244 1719 5319 ίδρῶτα
1747 5244 2077 5317 προσθέντες

496 5338 594 5393 τὸν
620 5338 962 5410 ὀνησιφόρον,
993 5339 1085 5393 καὶ
1113 5339 1220 5414 πρό
1246 5356 1311 5408 γε
1340 5336 1449 5392 τῶν
1481 5336 1654 5392 ἄλλων
1683 5335 1778 5389 καὶ
1818 5335 1948 5404 ἡμῖν
1977 5333 2075 5387 αύ-

497 5431 636 5498 τοτς,
654 5427 723 5483 τὰ
746 5427 813 5493 δι’
834 5420 908 5483 ὧν
929 5428 994 5484 ἂν
1018 5432 1151 5502 ἡμῖν
1173 5430 1232 5483 τὺ
1258 5428 1493 5502 Χριστοῦ
1517 5427 1814 5499 μυστήριον
1838 5420 1898 5478 εὖ
1929 5424 2073 5496 μάλα

570 5608 592 5643 ¹
619 5609 777 5667 Joan.
806 5627 859 5669 v.
893 5612 976 5669 t9.
1055 5609 1207 5676 ’,ϐοὶ
1241 5627 1296 5671 u,
1329 5610 1381 5664 3.
1447 5611 1467 5644 ³
1498 5611 1654 5666 Prov.
1688 5625 1745 5673 ιι,
1773 5608 1827 5674 4,
1858 5608 1908 5664 5.

2182 4337 2343 4392 nibus
2388 4352 2581 4392 vacare
2621 4336 2934 4392 volentibus
2965 4376 2980 4401 ,
3037 4344 3093 4390 et
3137 4346 3377 4393 mentem
3418 4337 3608 4392 divino
3667 4339 3758 4393 lu-

2177 4429 2324 4483 mine
2357 4428 2618 4497 repletam
2651 4427 2982 4482 habentibus
3016 4445 3029 4480 :
3062 4437 3354 4498 propterea
3398 4428 3543 4498 quod
3590 4444 3757 4499 Opor-

2178 4525 2288 4573 teat
2320 4517 2375 4571 in
2408 4517 2495 4581 iis,
2529 4532 2653 4587 quae
2690 4515 2760 4571 de
2800 4516 2912 4570 Deo
2952 4517 3155 4587 scripta
3201 4527 3350 4582 sunt,
3384 4516 3759 4573 indesinenter

2175 4622 2294 4663 sese
2337 4607 2641 4672 oblectare,
2673 4622 2737 4662 ac
2775 4607 2951 4662 veluti
3000 4608 3282 4663 lucernam
3330 4608 3622 4679 quamdam
3668 4625 3755 4664 sa-

2175 4713 2325 4753 cram
2359 4697 2692 4769 Scripturam
2745 4695 2847 4752 sibi
2892 4705 3168 4762 statuere.
3215 4699 3367 4770 juxta
3413 4699 3755 4755 Psalmistam

2180 4789 2504 4845 clamantem
2543 4803 2607 4844 ac
2642 4787 2953 4843 dicentem:
2989 4808 3007 4840 ι
3061 4788 3311 4845 Lucerna
3356 4791 3589 4861 pedibus
3618 4792 3754 4846 meis

2177 4877 2266 4933 lex
2293 4887 2402 4943 tua,
2437 4886 2493 4933 et
2523 4878 2705 4933 lumen
2736 4877 2948 4933 semitis
2977 4880 3115 4935 meis
3146 4880 3187 4933 δ.
3218 4899 3236 4931 ι
3262 4880 3399 4936 Cum
3432 4881 3613 4949 itaque
3643 4896 3752 4938 ma-

2178 4966 2375 5023 nifeste
2410 4974 2706 5037 aperteque
2753 4976 3007 5022 accurata
3044 4969 3288 5040 mysterii
3338 4968 3544 5024 Christi
3596 4969 3749 5024 inve-

2176 5060 2395 5131 stigatio
2429 5066 2691 5115 aeternam
2728 5059 2896 5116 vitam
2953 5060 3242 5123 conciliet,
3293 5066 3351 5114 et
3410 5059 3478 5114 ad
3534 5075 3750 5117 omnem

2177 5151 2344 5206 animi
2367 5152 2813 5222 tranquillitatem
2842 5162 2991 5209 recta
3009 5150 3169 5206 nobis
3193 5148 3266 5204 sit
3286 5151 3402 5216 via;
3427 5167 3545 5224 age,
3562 5169 3749 5209 rursus

2179 5243 2528 5299 utilissimum
2551 5244 2794 5300 laborem
2818 5242 3158 5313 adjicicntes,
3177 5255 3253 5297 .ac
3280 5256 3392 5312 pra:
3421 5242 3563 5308 aliis,
3586 5243 3750 5299 etiam

2177 5335 2339 5391 nobis
2362 5335 2514 5407 ipsis,
2542 5352 2606 5392 ea
2635 5352 2734 5407 per
2762 5352 2882 5406 qua:
2898 5334 3099 5390 Christi
3129 5334 3445 5407 mysterium
3469 5351 3631 5407 quam
3659 5350 3751 5409 or.

2177 5428 2309 5482 time
2354 5430 2517 5485 nobis
2558 5425 2849 5499 signiﬁcari
2898 5425 3092 5498 possit,
3130 5426 3386 5499 colligere
3433 5428 3642 5500 pariter
3697 5438 3751 5485 et

1989 5608 2010 5636 ⁸
2041 5607 2180 5665 Psal.
2221 5622 2398 5667 cxvm.
2432 5606 2548 5663 105.
