4052 6212
337 295 396 349 lii
1349 290 1404 346 S.
1446 290 1719 346 CYBILLI
1759 291 2228 349 ALEXANDRINI
2260 291 2578 350 ARCHIEP.
3525 299 3588 354 l6

330 426 439 481 quo
461 421 616 481 pacto
647 412 911 482 cujusque
949 408 1024 466 rei
1050 424 1244 465 sensus
1271 425 1389 465 sese
1419 410 1638 476 habent,
1659 411 1906 466 oratione

2017 412 2493 485 κατασημαίνοιτο,
2545 412 2860 484 συναγεῖραι
2908 429 2966 466 τε
3011 412 3144 485 ἅμα,
3202 423 3297 467 καὶ
3342 414 3490 481 ὅπως
3518 418 3587 472 ἂν

330 501 585 571 persequi
614 501 1041 569 contendamus,
1076 512 1136 556 ut
1162 516 1285 570 qua:
1313 515 1344 555 a
1378 500 1539 557 nobis
1566 501 1786 556 inventa
1821 500 1908 555 di-

332 602 525 662 etaque
572 601 721 658 sunt,
757 591 987 648 subtiles
1034 591 1393 663 cogitationes
1440 590 1728 654 habentia,
1768 606 1908 645 non-

331 700 610 754 nunquam
660 687 935 741 veriorum
986 683 1511 754 contemplationum
1571 683 1912 740 doctioribus

330 779 473 832 bona
505 778 616 833 sint
651 777 888 841 occasio,
923 784 980 831 et
1008 775 1210 848 gradus
1242 773 1646 845 quodammodo
1674 774 1741 831 ad
1768 789 1908 845 prte-

330 867 649 922 stantiorem
707 867 1051 937 maximeque
1104 865 1395 921 sublimem
1426 865 1573 921 illam
1625 865 1909 921 scientiam

329 959 644 1013 evehentes.
677 959 1027 1028 Exponemus
1058 957 1242 1028 itaque
1270 958 1480 1012 utiliter
1502 972 1566 1013 ea
1590 971 1711 1027 quae
1736 956 1908 1013 histo-

331 1054 442 1104 rice
476 1058 624 1120 gesta
653 1056 803 1113 sunt,
836 1049 1295 1119 convenientique
1322 1063 1514 1104 eorum
1540 1046 1910 1103 declaratione

329 1142 595 1207 adhibita,
625 1150 683 1197 et
706 1141 875 1197 veluti
909 1157 979 1197 ex
1024 1150 1152 1214 typo
1192 1149 1356 1213 atque
1402 1139 1594 1195 umbra
1633 1138 1909 1195 narratio-

330 1247 455 1287 nem
482 1231 955 1298 transformantes,
984 1233 1183 1288 claram
1211 1231 1661 1301 manifestamque
1689 1246 1810 1286 eam
1832 1230 1910 1287 εἴ.

332 1324 596 1388 liciemus,
633 1325 891 1379 tendente
924 1325 1084 1380 nobis
1110 1323 1359 1380 oratione
1383 1324 1451 1378 ad
1476 1323 1679 1379 Christi
1712 1331 1913 1393 myste-

333 1416 494 1481 rium,
521 1424 577 1471 et
604 1416 780 1486 ipsum
801 1416 1036 1471 habente
1062 1417 1225 1471 linem
1248 1433 1263 1469 :
1286 1414 1559 1485 siquidem
1581 1429 1771 1469 verum
1794 1423 1908 1479 est,

329 1507 474 1576 quod
516 1507 641 1562 linis
679 1508 813 1580 legis
841 1516 898 1563 et
938 1507 1330 1578 prophetarum
1369 1516 1454 1562 est
1496 1504 1747 1562 Christus
1776 1505 1817 1559 ⁵.
1852 1504 1909 1560 Si

330 1614 459 1654 vero
487 1599 690 1653 alicubi
736 1598 1037 1669 contingat,
1077 1599 1241 1653 etiam
1275 1598 1533 1653 aberrare
1571 1597 1641 1652 ab
1680 1597 1748 1652 iis
1789 1610 1912 1693 qua:

333 1690 502 1761 magis
530 1697 659 1744 sunt
687 1697 1075 1752 consentanea,
1106 1698 1294 1759 utpote
1319 1688 1375 1742 in
1404 1695 1554 1742 tanta
1578 1688 1911 1757 contempla—

333 1781 544 1837 tionum
570 1779 874 1834 subtilitate
900 1778 1440 1849 a’tque‘obscuritate,
1469 1793 1686 1848 aequum
1714 1782 1815 1833 est‘
1851 1786 1911 1831 ut

330 1872 545 1927 veniam
577 1870 723 1942 apud
750 1871 1014 1927 lectorem
1050 1870 1415 1926 inveniamus.
1452 1870 1749 1927 Sciendum
1776 1884 1911 1925 vero

331 1963 495 2018 etiam
518 1963 645 2029 hoc,
668 1962 813 2033 quod
835 1977 960 2017 cum
978 1960 1054 2015 De
1074 1962 1384 2016 adoratione
1398 1970 1447 2015 et
1469 1960 1615 2015 cultu
1640 1963 1697 2016 in
1717 1962 1910 2032 spiritu

334 2062 381 2106 et
398 2054 616 2108 veritate
640 2069 748 2108 xvn
762 2052 936 2108 libros
954 2051 1357 2123 scripserimus,
1375 2050 1714 2123 multamque
1733 2052 1789 2107 in
1804 2052 1911 2107 illis

332 2145 852 2216 runtemplationum
897 2144 1108 2215 cupiam
1161 2144 1429 2215 complexi
1476 2144 1683 2209 simus,
1733 2144 1912 2215 capita

335 2239 462 2293 huic
497 2238 649 2307 operi
675 2233 877 2292 inserta
910 2245 1062 2293 certo
1094 2236 1329 2291 consilio
1351 2236 1829 2307 praetermisimus,
1857 2244 1914 2291 et

334 2329 697 2383 incxaminata
727 2327 1050 2398 reliquimus
1085 2326 1345 2393 εἰσωθιεί
1395 2327 1673 2391 interdum
1712 2326 1913 2383 accidit

334 2430 394 2475 ut
433 2418 664 2488 alicujus
704 2434 893 2474 eorum
926 2418 1237 2474 necessaria
1279 2417 1349 2474 de
1390 2432 1554 2473 causa
1592 2416 1909 2472 memineri-

335 2526 475 2565 mus.
501 2508 794 2566 Ordiemur
814 2511 996 2581 itaque
1019 2510 1089 2567 ab
1116 2509 1185 2565 iis
1207 2524 1327 2581 qua:
1357 2508 1417 2565 in
1441 2508 1637 2566 Genesi
1661 2517 1789 2566 sunt
1816 2523 1913 2580 po-

335 2604 519 2659 litiora
550 2611 607 2658 et
636 2601 955 2671 selectiora;
984 2612 1148 2674 atque
1171 2602 1246 2657 ita
1271 2601 1530 2671 deinceps
1559 2600 1750 2656 ordine
1781 2596 1910 2655 reli-

333 2709 477 2765 quos
520 2694 684 2749 Mosis
715 2690 886 2751 libros
917 2702 1339 2765 percurrentes,
1382 2702 1634 2748 accurate
1665 2693 1717 2764 3
1756 2692 1911 2747 inve-

341 2785 685 2856 stigabimus,
717 2801 824 2840 una
851 2800 974 2840 eum
1002 2784 1089 2839 his
1111 2784 1277 2839 etiam
1305 2797 1369 2838 ea
1393 2797 1516 2853 qua:
1540 2798 1608 2837 ex
1634 2782 1743 2837 alio
1766 2796 1914 2837 com-

337 2878 603 2933 mentario
662 2877 730 2932 ad
790 2892 1016 2947 scopum
1082 2875 1241 2933 nobis
1297 2875 1640 2948 propositum
1701 2873 1912 2929 condu-

337 2980 488 3029 ριιῐιῑ.
1068 3016 1093 3031 ς

971 3061 1047 3116 De
1088 3062 1280 3117 Adam.

409 3156 460 3206 1.
480 3153 638 3224 Legis
651 3168 777 3207 vere
798 3153 1008 3222 peritus
1030 3161 1085 3205 et
1102 3149 1500 3206 sacratissimus
1518 3150 1739 3216 Paulus,
1765 3151 1912 3206 salu-

338 3246 410 3298 tis
439 3259 537 3313 per
580 3242 860 3297 Christum
903 3242 1220 3314 mysterium
1271 3240 1767 3313 exploratissimum
1814 3243 1913 3298 ha—

338 3337 506 3400 bens,
564 3336 678 3401 ait,
740 3334 1193 3390 instaurationem
1248 3333 1306 3388 in
1352 3334 1471 3404 ipso
1513 3332 1754 3389 futuram
1794 3349 1915 3389 om-

338 3427 517 3492 nium,
555 3441 677 3497 quae
732 3426 787 3480 in
816 3426 955 3480 ccelo
990 3434 1047 3480 et
1075 3439 1197 3495 qua:
1235 3423 1292 3478 in
1343 3432 1490 3479 terra
1522 3432 1669 3488 sunt,
1717 3423 1773 3478 in
1823 3423 1917 3479 be—

338 3519 609 3589 neplacito
634 3534 698 3574 ac
728 3518 1006 3573 voluntate
1034 3517 1130 3572 Dei
1152 3514 1329 3572 Patris
1344 3517 1385 3570 ἰ
1419 3516 1801 3571 universorum
1834 3518 1919 3571 ni-

338 3613 540 3667 mirum
583 3611 1102 3683 redintegrationem
1144 3625 1445 3680 eorumque
1499 3625 1624 3681 quae
1661 3619 1917 3680 corrupta

338 3710 531 3768 erant,
575 3703 639 3757 ad
688 3701 979 3773 pristinum
1030 3716 1191 3756 suum
1239 3708 1441 3756 statum
1478 3700 1915 3768 restitutionem,

341 3790 783 3863 anacephalaeosis
846 3792 960 3846 sive
1012 3790 1416 3845 instauratiom‘s
1462 3790 1682 3845 nomine
1729 3790 1917 3861 appel-

339 3884 479 3939 lans.
526 3883 850 3939 Meminerat
896 3881 1074 3947 enim,
1108 3881 1185 3936 uti
1222 3897 1320 3952 par
1357 3891 1468 3946 est,
1512 3880 1609 3937 Dei
1651 3881 1783 3936 alibi
1820 3898 1921 3954 per

339 3990 526 4031 vocem
578 3974 971 4045 prophetarum
1021 3972 1257 4029 dicentis
1303 3991 1316 4027 :
1368 3992 1386 4025 ι
1433 3971 1511 4028 Ne
1558 3973 1921 4028 memineritis

341 4066 609 4137 priorum,
654 4074 711 4120 et
755 4066 978 4135 antiqua
1013 4081 1082 4120 ne
1125 4064 1410 4136 colligatis.
1472 4063 1612 4119 Ecce
1641 4079 1743 4135 ego
1779 4064 1919 4120 facio

342 4166 502 4216 nova,
530 4166 652 4221 quae
679 4167 827 4207 nunc
865 4153 1135 4217 orientur,
1166 4152 1586 4230 et'cognoscetis
1611 4169 1675 4207 ea
1700 4154 1742 4208 ".
1788 4172 1805 4204 ι
1834 4151 1921 4208 Id-

341 4242 490 4297 circo
515 4239 681 4296 etiam
703 4240 840 4311 ipse,
865 4243 1054 4311 utpote
1083 4240 1137 4295 in
1164 4240 1366 4296 divinis
1399 4240 1748 4296 sermonibus
1780 4258 1919 4297 enu-

344 4333 524 4396 tritus,
547 4347 668 4402 quae
711 4329 870 4387 nobis
918 4331 975 4386 in
1015 4330 1106 4386 his
1136 4331 1398 4401 praedicta
1436 4339 1585 4396 sunt,
1620 4330 1781 4387 linem
1807 4333 1920 4403 jam

2011 503 2238 558 ἕκαστον
2267 504 2485 559 ἐννοιῶν
2526 503 2659 575 ἔχοι,
2689 506 2918 559 διειπεῖν
2961 506 3379 580 σπόυδάσωμενσ
3413 511 3489 578 ὡς
3516 515 3584 568 ἂν

2012 594 2222 662 γένοιτο
2246 594 2313 649 τὰ
2352 595 2486 665 πρὸς
2530 596 2686 666 ἡμῶν
2717 596 2982 667 είρημένα
3013 596 3215 663 λεπτὰς
3237 599 3430 671 ἔχοντα
3455 619 3586 672 φαν-

2009 687 2224 751 τασίας,
2255 685 2367 739 ἔσθ’
2403 687 2491 740 ὅτε
2526 686 2589 739 τὸ
2620 687 2980 760 ἀληθέστερον
3011 689 3403 762 θεωρημάτων,
3454 697 3588 767 πρόο

2013 796 2175 848 φασις
2226 779 2404 851 ἀγαθὴ
2459 783 2572 844 τοῖς
2625 781 3080 853 εὐμαθεστέροις,
3133 785 3229 839 καὶ
3281 786 3588 860 ἀναϐασμοὶ

2010 871 2211 943 τρόπον
2253 872 2394 932 τινὰ.
2432 872 2567 942 πρὸς
2608 872 2707 939 τὴν
2751 872 3011 944 ἀμείνονά
3047 891 3105 927 τε
3157 876 3252 928 καὶ
3299 878 3588 949 ὑπερτάτω

2013 963 2272 1034 κειμένην
2296 963 2714 1034 ἀνακομίζοντες
2738 964 2956 1033 γνῶσιν.
2976 965 3348 1038 Ἑκθησόμεθα
3375 969 3433 1023 δὲ
3453 987 3587 1041 χρη-

2015 1055 2211 1127 σίμως,
2266 1055 2528 1125 πρότερον
2573 1057 2690 1126 μὲν,
2739 1056 2807 1109 τά
2859 1057 3146 1127 ἱστορικῶς
3190 1061 3582 1131 πεπραγμέναο

2011 1146 2444 1217 διασαφήσαντες
2462 1147 2517 1201 δὲ
2548 1148 2618 1201 τά
2640 1148 2816 1202 τοιάδε
2846 1148 3194 1222 συμμέτρως,
3227 1152 3321 1205 καὶ
3352 1146 3441 1207 οἷά
3481 1170 3589 1225 περ

2013 1238 2077 1290 ὲκ
2123 1236 2297 1290 τύπου
2341 1237 2434 1290 καὶ
2474 1238 2632 1301 σκιᾶς
2681 1238 3145 1308 μεταπλάσττοντες
3198 1241 3262 1295 τὸ
3304 1242 3582 1315 διήγημα,

2014 1328 2161 1396 σαφῆ
2189 1327 2528 1397 ποιησόμεθα
2558 1327 2656 1399 τὴν
2684 1328 2981 1400 ἀφήγησιν,
3007 1331 3424 1398 ἀπονενευκότος
3449 1336 3584 1405 ἡμῖν

2011 1416 2105 1470 τοῦ
2143 1417 2300 1486 λόγου
2343 1416 2481 1490 πρὸς
2524 1417 2586 1471 τὸ
2628 1419 2867 1490 Χριστοῦ
2923 1425 3239 1493 μυστήριον,
3274 1424 3370 1478 καὶ
3420 1425 3584 1478 αὑτὸν

2013 1508 2227 1578 ἔχοντος
2255 1508 2452 1579 πέρας,
2489 1507 2647 1579 εῐπερ
2697 1510 2842 1563 ἐστὶν
2870 1510 3087 1580 ἀληθὲς,
3129 1515 3209 1567 ὅτι
3228 1514 3392 1578 τέλος
3419 1514 3583 1586 νόμου

2014 1601 2109 1653 καὶ
2167 1600 2463 1673 προφητῶν
2511 1601 2540 1654 ὁ
2597 1601 2853 1672 Χριστός.
2898 1602 2963 1657 Εί
3019 1603 3075 1658 δέ
3104 1623 3181 1676 πη
3228 1609 3437 1676 γένοιτο
3492 1608 3587 1663 καὶ

2015 1692 2356 1764 ἀφαμαρτεῖν
2406 1690 2515 1745 τῶν
2567 1692 3028 1764 πρεπωδεστέρων
3078 1695 3156 1760 ὼς
3201 1698 3259 1752 tv
3311 1699 3584 1769 ἰσχνότητι

2012 1784 2297 1853 νοημάτων
2340 1784 2433 1837 καὶ
2477 1783 2716 1855 ἀσαφείᾳ
2767 1783 2957 1856 πολλῇ,
3007 1786 3397 1859 συγγνώμονας
3444 1785 3584 1844 εἶναι

2014 1879 2278 1947 προσήκει
2328 1876 2453 1939 τοὺς
2506 1876 2940 1949 ἐντευξομένους.
3011 1879 3203 1933 ’ῐστέον
3257 1879 3314 1933 δὲ
3368 1881 3454 1952 δὴ.
3502 1884 3581 1937 ὅτι

2010 1965 2149 2037 Περὶ
2173 1965 2284 2035 τῆς
2304 1967 2375 2019 ἐν
2395 1968 2683 2034 πνεύματι
2715 1967 2813 2021 καὶ
2833 1968 3084 2038 ἀληθείᾳ
3113 1971 3587 2038 προσκυνήσεως

2012 2056 2110 2112 καὶ
2146 2058 2429 2126 λατρείας
2481 2058 2852 2112 ἑπτακαίδεκα
2904 2058 3186 2122 συνθέντες
3253 2059 3455 2130 βιϐλία.
3490 2063 3586 2115 καὶ

2012 2148 2215 2222 πολλὴν
2264 2152 2320 2203 ὲν
2365 2149 2595 2214 ἐκείνοις
2637 2148 2987 2222 ἀθροίσαντες
3017 2150 3304 2221 νοημάτων
3342 2150 3585 2222 πληθὺν,

2012 2245 2347 2316 παρήκαμεν
2389 2242 2748 2314 οἰκονομικῶς
2786 2245 2852 2314 τῇ
2907 2243 3245 2316 προκειμένῃ
3292 2248 3583 2317 συγγραφῇ

2011 2335 2080 2390 τὰ
2115 2335 2444 2403 ἐντεταμένα
2496 2334 2788 2403 κεφάλαια,
2837 2334 2931 2388 καὶ
2967 2333 3305 2388 ἀϐασάνιστα
3350 2337 3584 2406 τετηρήο

2011 2440 2221 2496 καμεν·
2256 2423 2358 2478 κᾶν
2399 2424 2452 2477 ετ
2474 2439 2578 2476 που
2614 2422 2811 2492 συνέϐη
2844 2421 3211 2493 μνημονεῦσαί
3239 2440 3384 2487 τινος
3426 2424 3500 2487 ὠς
3528 2426 3585 2490 ἐξ

2012 2515 2310 2590 ἀναγκαίου
2342 2515 2521 2585 λόγου.
2576 2513 2877 2587 ’Δρξόμεθα
2918 2513 3097 2570 τοίνυν
3128 2514 3236 2568 τῶν
3268 2515 3362 2567 ἐπὶ
3391 2517 3457 2585 τῇ
3491 2514 3587 2568 Γε-

2012 2610 2156 2665 vicet
2208 2607 2682 2681 γλαφυρωτέρων·
2733 2604 2877 2660 οὕτω
2933 2623 2992 2658 τε
3038 2605 3224 2659 λοιπὸν
3272 2604 3472 2675 ἑφεξῆς
3517 2605 3588 2660 τὰ

2013 2702 2177 2756 πέντε
2221 2700 2467 2764 Μωσέως
2513 2699 2817 2770 δραμόντες
2865 2697 3065 2767 βιΰλία,
3116 2696 3587 2769 περιεργασόμεθα

2014 2795 2153 2864 πρὸς
2187 2794 2368 2856 αὐτοῖς
2422 2791 2518 2845 καὶ
2545 2791 2613 2845 τὰ
2641 2792 2706 2844 ὲκ
2733 2790 2833 2861 τῆς
2867 2789 3057 2860 ἑτέρας
3089 2787 3308 2861 γραφῆς
3343 2786 3422 2859 τῷ
3452 2804 3588 2858 προ-

2015 2882 2253 2954 κειμένῳ
2281 2882 2527 2956 χρήσιμα
2566 2879 2772 2949 σκοπῷ.

2543 3053 2683 3123 Περὶ
2713 3054 2820 3109 τοῦ
2860 3051 3063 3126 Ἀδάμ.

2083 3155 2151 3204 αν,
2188 3149 2248 3202 ὐ
2268 3144 2581 3219 νομομαθὴς
2596 3145 2808 3218 ἀληθῶς
2824 3147 2917 3200 καὶ
2933 3146 3222 3218 ἱερώτατος
3240 3146 3471 3211 Παῦλος,
3490 3146 3591 3217 τῆς
3674 3138 3678 3142 Δ

2012 3240 2100 3295 διὰ
2145 3239 2379 3311 Χριστοῦ
2433 3239 2706 3310 σωτηρίας
2765 3237 3094 3312 ὲννενοηκὼς
3147 3238 3210 3294 τὸ
3271 3239 3586 3311 μυστήριον,

2015 3333 2493 3402 ἀνακεφαλαίωσιν
2530 3334 2588 3386 ἐν
2650 3331 2801 3404 αὐτῷ
2840 3331 3094 3400 γενέσθαι
3124 3331 3256 3403 φησὶ
3281 3329 3391 3386 τῶν
3423 3346 3482 3383 τε
3530 3330 3592 3383 tv

2014 3424 2228 3497 οὐρανῷ
2265 3425 2359 3480 καὶ
2403 3423 2511 3479 τῶν
2554 3426 2647 3479 ἐπὶ
2686 3424 2787 3496 τῆς
2812 3424 2940 3494 γῆς,
2977 3427 3036 3480 tv
3060 3423 3276 3495 εὐδοκία
3301 3440 3359 3477 τε
3381 3423 3475 3478 καὶ
3501 3421 3589 3475 θι-

2014 3518 2165 3589 λήσει
2201 3517 2295 3571 τοῦ
2323 3514 2455 3570 Θεοῦ
2503 3515 2599 3570 καὶ
2642 3517 2874 3587 Πατρδς,
2925 3516 3022 3587 τὴν
3060 3514 3168 3569 τῶν
3189 3515 3326 3569 ὅλων
3356 3515 3589 3579 ὲπανὸρο

2016 3609 2199 3673 θωσιν,
2235 3609 2329 3662 καὶ
2357 3606 2453 3679 τὴν
2482 3609 2560 3670 είς
2585 3608 2722 3676 ὅπερ
2746 3603 2814 3678 ἦν
2840 3609 2897 3660 ἐν
2924 3608 3065 3679 ἀρχῇ
3098 3605 3454 3677 ἀναφοίτησιν
3477 3602 3587 3657 τῶν

2016 3699 2498 3773 κατεφθαρμένων,
2529 3699 2609 3769 τῷ
2630 3698 2741 3767 τῆς
2765 3695 3338 3767 ἀνακεφαλαιώσεως
3363 3697 3585 3767 σαφηνί-

2018 3792 2125 3858 ζων
2151 3793 2394 3863 ὀνόματι.
2425 3792 2765 3863 Διεμέμνητο
2793 3792 2900 3861 γάρ
2922 3806 3045 3852 που.
3081 3787 3224 3842 κατά
3242 3804 3306 3857 γε
3332 3787 3394 3841 τὸ
3418 3787 3585 3851 εῑκδῖν

2016 3883 2152 3937 Θεοῦ
2175 3881 2423 3952 λέγοντος
2462 3880 2551 3936 διὰ
2599 3881 2783 3952 φωνῆς
2826 3877 3153 3950 προφητῶν·
3190 3897 3209 3930 ι
3250 3876 3343 3949 Μὴ
3375 3893 3589 3947 μνημο-
3634 3886 3635 3893 ‘

2018 3975 2203 4029 νεύετε
2248 3974 2317 4028 τὰ
2348 3974 2559 4046 πρῶτα,
2596 3972 2692 4027 καὶ
2728 3971 2797 4025 τὰ
2825 3971 3026 4041 ἀρχαῖα
3066 3968 3142 4040 μὴ
3187 3966 3583 4037 συλλογίζεσθε,

2032 4067 2162 4123 Ἰδοὺ
2191 4065 2302 4136 ἐγὼ
2326 4066 2464 4121 ποιῶ
2494 4063 2681 4126 καινὰ,
2708 4062 2744 4119 ἃ
2771 4061 2867 4117 νῦν
2898 4060 3164 4125 ἀνατελεῑ,
3192 4061 3287 4114 καὶ
3315 4057 3587 4129 γνώσεσθε

2018 4155 2176 4209 αὐτά.
2207 4173 2227 4208 ι
2254 4153 2540 4225 Τοιγάρτοι
2568 4152 2662 4206 καὶ
2690 4150 2851 4215 αὐτὸς
2874 4148 2967 4204 ἆτε
2990 4153 3082 4203 καὶ
3108 4149 3272 4214 θείοις
3293 4148 3592 4220 ἐντεθραμ-

2024 4246 2181 4318 μένος
2209 4247 2409 4315 λόγοις,
2440 4245 2540 4315 τὴν
2580 4246 2637 4299 tv
2678 4244 2889 4308 τούτοις
2916 4245 3049 4315 ἡμῖν
3076 4244 3472 4316 προαγόρευσιν
3496 4243 3590 4296 tx-

2020 4336 2440 4409 πεπερασμένην
2474 4337 2574 4407 ἤδη
2602 4352 2719 4399 πως
2746 4335 2804 4388 tv
2831 4333 3053 4406 Χριστῷ
3084 4334 3365 4407 παρέδειξε
3395 4332 3587 4402 λέγων’

342 4422 533 4477 sortita
560 4437 681 4477 esse
722 4423 779 4476 in
819 4421 1039 4478 Christo
1067 4421 1325 4488 ostendit,
1360 4421 1590 4478 dicens:
1626 4442 1643 4474 ι
1675 4422 1830 4490 Quod
1872 4424 1915 4479 si

2027 4450 2046 4483 ι
2086 4430 2247 4483 Ὥστε
2291 4427 2347 4481 ετ
2374 4444 2457 4492 τις
2503 4429 2561 4480 tv
2602 4425 2823 4498 Χριστῷ
2867 4425 3031 4498 καινὴ
3062 4426 3258 4490 κτίσις,
3284 4423 3352 4478 τὰ
3388 4424 3589 4494 ἀρχαῖα

342 4534 463 4588 quae
496 4519 554 4573 in
585 4518 802 4575 Christo
835 4528 919 4574 est
945 4533 1085 4574 nova
1114 4527 1396 4585 creatura,
1427 4528 1615 4575 vetera
1644 4520 1925 4590 praeterie-

344 4618 500 4676 runt;
540 4625 669 4666 ecce
711 4610 851 4665 facta
897 4617 1026 4665 sunt
1058 4610 1243 4664 omnia
1285 4626 1427 4666 nova
1471 4609 1513 4666 ⁸.
1559 4630 1578 4663 ι
1626 4610 1922 4667 Itel'ormati

342 4700 488 4755 enim
523 4716 713 4756 sumus
741 4702 795 4757 in
827 4701 1070 4769 Christo,
1097 4710 1155 4758 et
1183 4701 1310 4756 facti
1344 4716 1486 4756 nova
1514 4709 1765 4756 creatura
1796 4720 1809 4755 :
1838 4711 1923 4757 at-

342 4806 447 4861 que
482 4791 537 4846 in
578 4791 717 4862 ipso,
746 4801 802 4848 et
836 4794 1055 4863 quidem
1094 4793 1231 4858 solo,
1261 4807 1467 4847 novum
1502 4807 1701 4847 nomen
1741 4792 1924 4862 adepti

342 4899 550 4940 sumus.
599 4884 786 4940 Vocati
839 4885 986 4940 enim
1034 4900 1225 4941 sumus
1272 4882 1499 4940 Christi.
1551 4880 1914 4950 Quamobrem

342 4976 485 5031 idem
536 4976 756 5032 divinus
792 4977 994 5031 Paulus
1034 4975 1167 5030 alibi
1208 4990 1427 5029 rursum
1469 4974 1539 5029 de
1582 4973 1743 5029 nobis
1781 4974 1858 5028 ait
1902 4991 1914 5027 :

350 5089 368 5120 ι
402 5067 505 5135 Qui
531 5079 713 5125 autem
741 5078 872 5124 sunt
896 5066 1100 5124 Christi
1124 5067 1274 5131 Jesu,
1305 5082 1526 5121 carnem
1559 5081 1713 5121 suam
1741 5066 1922 5121 cruci-

344 5160 582 5214 tlxerunt
627 5176 754 5215 cum
801 5160 951 5216 vitiis
992 5168 1050 5215 et
1095 5158 1558 5229 concupiscentiis
1595 5159 1638 5211 '.
1673 5177 1691 5209 ι
1723 5155 1920 5211 Sancta

344 5252 489 5306 enim
519 5259 606 5309 est
628 5252 740 5307 vita
763 5267 954 5308 eorum
978 5251 1073 5322 qui
1098 5251 1152 5305 in
1177 5250 1396 5307 Christo
1419 5248 1633 5312 vivunt,
1657 5255 1713 5302 et
1736 5262 1926 5301 carna-

346 5340 491 5398 libus
513 5342 803 5398 all‘ectibus
818 5344 1091 5415 superior,
1116 5350 1444 5410 terrenaque
1465 5337 1812 5393 immunditia
1833 5352 1925 5409 va-

346 5448 466 5487 cua.
503 5431 660 5501 Quod
701 5441 883 5489 autem
927 5433 1291 5489 adventurum
1324 5440 1472 5487 esset
1513 5427 1677 5483 nobis
1725 5442 1925 5481 nomen

348 5506 570 5588 novum,
613 5523 846 5578 inditum
879 5521 1039 5578 nobis
1070 5521 1129 5576 in
1154 5521 1395 5587 Christo,
1434 5517 1781 5575 manifestum
1812 5516 1928 5571 lue-

2018 4518 2318 4591 παρῆλθεν,
2350 4516 2460 4570 ίδοὺ
2488 4515 2681 4584 γέγονε
2723 4514 2791 4569 τὰ
2817 4515 2992 4568 πάντα
3025 4513 3205 4567 καινά.
3250 4530 3270 4563 ι
3325 4512 3590 4563 ’Λνεστοι-

2019 4606 2294 4680 χειώμεθα
2308 4605 2416 4676 γὰρ
2438 4607 2494 4658 tv
2509 4602 2747 4675 Χριστῷ,
2767 4603 2862 4657 καὶ
2888 4601 3188 4671 γεγόναμεν
3210 4598 3366 4671 καινὴ
3388 4598 3585 4662 κτίσις.

2022 4697 2130 4750 Kal.
2151 4699 2207 4750 tv
2226 4693 2375 4765 αὐτῷ
2396 4694 2459 4765 δὴ
2489 4694 2584 4747 καὶ
2609 4693 2756 4765 μόνῳ
2782 4691 2843 4745 τδ
2873 4691 3056 4746 καινὸν
3085 4690 3252 4761 δνομα
3280 4687 3589 4760 πεπλουτή-

2021 4804 2214 4859 καμεν·
2243 4784 2556 4856 κεκλήμεθα
2573 4784 2680 4856 γὰρ
2704 4782 2963 4855 Χριστοῦ.
2980 4781 3089 4836 Καὶ
3105 4779 3235 4849 γοῦν
3249 4779 3411 4834 πάλιν
3429 4778 3590 4841 αὐτός

2026 4880 2126 4934 πού
2150 4896 2312 4951 φησιν
2334 4878 2362 4930 ὁ
2384 4876 2667 4939 θεσπέσιος
2684 4874 2892 4935 Παῦλος
2907 4875 3036 4944 περὶ
3060 4871 3237 4943 ἡμῶν·
3270 4890 3289 4923 ι
3328 4870 3392 4924 Ol
3420 4870 3476 4923 δὲ
3496 4869 3591 4924 τοῦ

2024 4968 2261 5042 Χριστοῦ
2298 4966 2471 5040 Ἰησοῦ
2517 4967 2616 5038 τὴν
2648 4966 2823 5038 σάρκα
2848 4962 3196 5035 ἐσταύρωσαν
3223 4962 3319 5015 σὺν
3344 4963 3459 5026 τοῖς
3488 4978 3595 5015 πα-

2026 5060 2233 5131 θήμασι
2279 5059 2375 5113 καὶ
2404 5059 2527 5121 ταῖς
2560 5053 2890 5125 ἐπιθυμίαις.
2940 5071 2959 5104 ι
3018 5049 3382 5122 ’Δγιοπρεπὴς
3419 5049 3529 5123 γὰρ
3565 5052 3596 5105 ό

2026 5150 2140 5221 βίος
2167 5152 2278 5211 τοῖς
2301 5150 2360 5202 tv
2396 5146 2637 5219 Χριστῷ,
2668 5144 2761 5198 καὶ
2793 5141 3069 5214 σαρκικῶν
3095 5141 3353 5195 ἐπέκεινα
3383 5139 3592 5203 παθῶν,

2022 5241 2117 5295 καὶ
2152 5239 2387 5308 γεώδους
2428 5235 2784 5307 ἀκαθαρσίας.
2819 5234 2943 5287 Ὅτι
2974 5232 3031 5286 δὲ
3065 5231 3290 5303 ἔμελλεν
3317 5232 3470 5303 ἥξειν
3508 5230 3593 5297 ἐφ’

2022 5332 2169 5404 ἡμᾶς
2205 5330 2266 5384 τὸ
2305 5329 2490 5383 καινὸν
2514 5326 2759 5398 ὄνοματὸ
2787 5324 3079 5396 ἐπικληθὲν
3103 5325 3237 5396 ἡμῖν
3263 5325 3321 5377 tv
3353 5317 3590 5391 Χριστῷ,

2027 5421 2192 5486 σαφὲς
2243 5419 2310 5473 ἂν
2351 5419 2583 5488 γένοιτο,
2628 5414 2763 5468 Θεοῦ
2801 5414 3228 5487 διακεκραγότος
3270 5408 3358 5463 διὰ
3409 5406 3595 5475 φωνῆς

2027 5512 2195 5582 ἁγίων
2215 5529 2228 5543 ·
2270 5531 2288 5564 ι
2334 5511 2458 5576 Τοῖς
2482 5507 2789 5566 δουλεύουσί
2816 5525 2907 5579 μοι
2932 5506 3264 5579 κληθήσεται
3280 5500 3451 5569 ὃνομα
3474 5514 3594 5553 καις

421 5711 439 5741 ⁸
478 5709 635 5767 Rom.
669 5724 720 5789 at,
749 5707 800 5763 4.
880 5706 901 5739 ⁸
930 5705 1130 5781 Ephes.
1161 5722 1199 5773 ι,
1232 5705 1318 5760 10.
1394 5706 1414 5740 ⁷
1444 5705 1547 5761 lsa.
1576 5719 1720 5771 xuu,
1754 5702 1839 5758 l8.

2035 5700 2158 5757 Cor.
2195 5717 2245 5765 γ,
2280 5699 2367 5767 l7;
2404 5700 2567 5768 Apoc.
2599 5713 2708 5761 χχι,
2736 5696 2787 5752 ὃ.
2867 5696 2886 5726 ⁹
2915 5692 3087 5749 Galat.
3113 5705 3166 5750 νη
3196 5687 3283 5743 ει.

3812 5176 3860 5232 ε
