4050 6210
323 345 389 402 l9
1309 347 1365 402 S.
1409 347 1682 406 CYRl-LLI
1718 352 2186 412 ALEXANDRINI
2224 359 2544 417 AHCHIEP.
3483 359 3555 416 το

315 468 400 515 lex
423 461 548 526 fuit,
586 463 635 532 5
663 464 920 534 solusque
945 475 1111 520 nutus
1147 466 1215 521 iis
1240 475 1422 522 ortum
1461 469 1712 539 prtebuit.
1746 471 1863 527 Cun

1989 479 2268 548 μιουργὸς,
2316 480 2412 533 καὶ
2443 480 2617 552 νεῦμα
2658 481 2816 551 μόνον
2850 482 2883 552 ή
2918 479 3150 549 γένεσις.
3197 478 3546 549 Ἀνδανούσιις

315 568 444 608 vero
466 569 647 608 rerum
670 565 978 611 crcatarum
1002 566 1226 613 ornatus
1239 573 1304 613 ac
1324 559 1678 628 pulchritudo
1716 563 1881 618 etiam

317 647 697 701 universorum
729 646 917 718 Opiﬁci
975 649 1247 719 placeret,
1289 661 1568 720 postremo
1614 654 1682 708 ad
1728 657 1880 726 ejus,

313 739 468 806 cujus
493 753 655 793 causa
685 738 801 793 haec
831 739 971 794 facta
1005 749 1182 805 erant,
1218 743 1550 799 creationem
1594 760 1652 799 se
1685 755 1881 801 contu-

313 829 398 892 lit,
441 828 697 893 hominis,
741 829 991 899 inquam-
1022 829 1319 900 Oportebat
1363 835 1532 900 enim,
1561 837 1878 905 oportebat,

311 919 556 972 omnium
579 928 906 985 creatorem,
935 921 1140 975 bonum
1171 937 1268 977 sua
1291 934 1484 980 natura
1508 928 1880 991 exsistentem,

309 1023 371 1062 ac
402 1009 586 1077 potius
621 1010 798 1078 ipsum
826 1011 1051 1076 bonum,
1081 1012 1133 1067 id
1161 1013 1308 1083 quod
1343 1025 1446 1080 est,
1480 1017 1644 1071 etiam
1672 1034 1701 1072 a
1722 1019 1882 1074 nobis

309 1102 581 1170 cognosci.
625 1101 922 1172 Oportebat
961 1116 1169 1160 terram
1206 1106 1462 1161 refertam
1508 1123 1627 1163 esse
1663 1109 1730 1163 iis
1785 1111 1880 1180 qui

309 1190 494 1258 ipsum
517 1192 819 1262 gloriﬁcare
849 1205 1090 1260 nossent,
1122 1204 1178 1251 et
1215 1212 1280 1251 ex
1315 1199 1681 1254 concinnitate
1724 1216 1878 1255 crea-

309 1291 554 1335 turarum
595 1283 871 1339 Creatoris
920 1287 1147 1356 gloriam
1188 1288 1412 1343 intueri.
1441 1290 1595 1355 Nam,
1625 1301 1685 1346 ut
1715 1292 1879 1346 Isaias

308 1373 572 1441 propheta
594 1375 710 1429 ait:
742 1395 760 1426 ι
791 1376 908 1430 Νοιι
928 1378 983 1431 in
1009 1393 1208 1432 vanum
1242 1379 1417 1435 fecisti
1451 1397 1590 1447 eam,
1624 1401 1644 1434 ι
1673 1392 1876 1438 terram

306 1462 595 1529 nimirum,
630 1485 648 1515 ι
693 1467 786 1520 sed
820 1476 878 1520 ut
922 1468 1262 1525 habitaretur
1295 1471 1354 1524 ".
1394 1491 1412 1522 ›
1443 1472 1677 1527 Necesse
1712 1475 1878 1544 igitur

304 1564 422 1609 erat
440 1555 638 1609 animal
663 1557 715 1610 in
737 1557 854 1627 ipsa
873 1557 1117 1625 formari,
1139 1561 1346 1615 ratione
1367 1562 1677 1630 prmditum,
1695 1573 1879 1618 osten-

303 1653 379 1707 sis
402 1654 556 1722 prius
584 1655 683 1722 ipsi
721 1655 996 1720 omnibus,
1027 1672 1148 1725 quae
1177 1657 1245 1711 ad
1275 1658 1691 1713 delectationem
1730 1660 1874 1714 face-

301 1751 444 1805 rent,
471 1761 719 1814 quaeque,
747 1752 807 1799 ut
833 1755 979 1800 recte
1019 1745 1160 1800 facta
1197 1747 1538 1812 viderentur,
1578 1750 1873 1818 persuade-

303 1843 440 1889 rent.
474 1832 683 1892 Idcirco
719 1847 1133 1907 praemonstrato
1169 1839 1224 1893 in
1260 1839 1472 1894 decenti
1505 1849 1696 1895 ornatu
1733 1842 1872 1896 cmlo

301 1939 362 1978 ac
389 1931 557 1989 terra,
589 1933 644 1980 et
667 1942 791 1995 qua:
823 1927 876 1980 in
909 1926 976 1981 iis
1000 1936 1146 1991 sunt,
1173 1928 1411 1984 hominis
1437 1931 1768 1984 creationem
1789 1939 1872 1985 est

299 2028 610 2084 aggressus,
629 2019 782 2088 cujus
809 2026 990 2072 ortum
1013 2019 1292 2087 antiquius
1313 2029 1494 2074 mente
1511 2031 1866 2091 conceperat;

300 2107 514 2161 tametsi
541 2123 766 2162 omnem
799 2109 958 2163 aliam
997 2120 1305 2165 creaturam
1331 2125 1397 2165 ex
1430 2119 1673 2181 tempore
1703 2115 1870 2169 verbo

293 2211 360 2253 ac
388 2200 610 2269 proprio
637 2217 887 2256 sermone
919 2201 1199 2266 formarat,
1233 2211 1293 2256 ut
1331 2203 1492 2258 Deus.
1523 2205 1657 2259 Cum
1686 2215 1868 2260 autem

298 2289 460 2343 homo
486 2291 685 2343 animal
717 2291 786 2344 sit
836 2307 1029 2346 revera
1063 2293 1350 2362 pulchrum
1393 2294 1613 2363 Deoque
1650 2295 1866 2350 similli-

296 2393 466 2444 mum,
536 2397 605 2435 ne
642 2381 923 2436 videretur
969 2398 1238 2452 supremae
1291 2384 1477 2453 gloria:
1515 2386 1868 2441 simulacrum

293 2473 485 2527 eodem
529 2472 872 2528 formationis
914 2475 1096 2539 modo,
1129 2491 1239 2544 quo
1280 2476 1398 2530 alim
1443 2485 1709 2532 creaturae
1747 2495 1868 2548 quae

294 2561 430 2614 tales
462 2576 570 2615 non
591 2573 737 2626 sunt,
761 2571 1033 2628 constare,
1059 2559 1473 2631 deliberatione,
1495 2567 1865 2637 manualique,

293 2657 352 2702 ut
382 2649 454 2703 ita
483 2649 681 2714 dicam,
711 2652 1027 2720 operatione
1050 2653 1169 2722 ejus
1203 2661 1531 2707 structuram
1560 2663 1644 2709 est
1675 2655 1866 2725 digna-

293 2749 398 2794 tus.
427 2740 683 2794 Formato
712 2741 860 2794 enim
901 2756 969 2794 ex
1008 2749 1153 2795 terra
1185 2742 1498 2806 simulacro,
1530 2745 1732 2798 animal
1778 2761 1865 2799 ra-

291 2830 439 2886 tione
473 2831 761 2900 praeditum
798 2832 930 2886 illud
965 2833 1168 2896 effecit,
1195 2843 1380 2902 atque,
1409 2842 1468 2888 ut
1491 2836 1726 2905 propria
1767 2854 1866 2892 na-

289 2927 425 2974 tura:
464 2920 732 2974 rationem
773 2929 1085 2990 superaret,
1126 2922 1494 2992 corruptionis
1535 2932 1758 2993 experte
1804 2940 1868 2980 ac

288 3009 595 3065 vivificante
642 3011 836 3081 spiritu
883 3013 1066 3066 statim
1119 3013 1418 3083 insignivit.
1464 3014 1739 3083 Scriptum
1781 3022 1866 3068 est

287 3101 433 3155 cnim
478 3119 493 3156 :
541 3122 558 3153 ι
591 3102 659 3156 Et
701 3103 994 3157 insulllavit
1031 3104 1085 3157 in
1129 3103 1322 3157 faciem
1365 3104 1485 3172 ejus
1529 3104 1862 3172 spiraculum

1981 566 2038 619 δὲ
2073 569 2166 620 καὶ
2199 567 2346 640 αὐτῷ
2375 568 2452 639 τῷ
2479 569 2590 622 τῶν
2620 569 2756 623 ὅλων
2789 568 3005 639 τεχνίτῃ
3037 568 3135 638 τῆς
3163 568 3221 620 ὲν
3249 569 3362 630 τοῖς
3391 581 3548 634 γεγοο

1981 659 2127 713 νόσιν
2152 660 2468 732 εὐκοσμίας,
2501 661 2693 730 σκέψις
2725 661 2896 731 εἰσῄει
2928 658 3114 712 λοιπὸν
3146 657 3308 726 ἑτέρα
3361 654 3452 709 τὸν
3484 653 3546 706 δι’

1981 748 2038 801 ὃν
2065 751 2248 803 ἐκεῖνα
2280 751 2535 822 παρήχθη
2566 750 2702 821 πρὸς
2733 749 2987 822 ὓπαρξιν,
3019 747 3330 802 τελευταῖον
3367 743 3549 812 εἰσφέ-

1983 855 2172 908 ρουσα,
2213 843 2355 909 φημὶ
2404 841 2459 895 δὲ
2504 843 2595 896 τὸν
2639 841 2944 912 ἄνθρωπον.
2983 841 3132 892 Ἔδει
3156 837 3284 907 γάρ,
3319 835 3427 889 ἔδει
3458 834 3549 888 τὸν

1978 928 2086 983 τῶν
2111 930 2248 982 ὅλων
2270 932 2610 1002 Δημιουργδν
2638 929 2840 1000 ἀγαθὸν
2869 931 2996 984 ὄντα
3025 928 3166 983 κατά
3197 927 3380 998 φύσιν,
3411 924 3549 995 pax.

1978 1021 2067 1074 λον
2097 1021 2153 1073 δὲ
2197 1022 2327 1075 αὐτὸ
2361 1023 2420 1075 τὸ
2452 1023 2654 1092 ἀγαθὸν
2694 1022 2839 1076 τοῦθ’
2889 1023 3028 1092 ὅπερ
3071 1020 3207 1084 ἐστὶ,
3266 1019 3358 1072 καὶ
3413 1015 3550 1087 πρὸς

1978 1115 2136 1185 ἡμῶν
2180 1114 2563 1184 γινώσκεσθαι.
2604 1114 2750 1168 Ἔδει
2793 1115 2974 1184 πλήρη
3016 1110 3268 1180 γενέσθαι
3302 1108 3398 1179 τὴν
3441 1107 3548 1175 γῆν

1977 1205 2085 1258 τῶν
2110 1206 2325 1258 εἰδότων
2347 1204 2663 1272 δοξολογείν,
2689 1205 2782 1258 καὶ
2803 1205 2908 1256 ἀπὸ
2928 1201 3190 1270 καλλονῆς
3211 1198 3547 1268 κτισμάτων,

1977 1296 2121 1350 καθὰ
2167 1297 2497 1366 γέγραπται,
2536 1297 2634 1366 τὴν
2683 1296 2776 1348 τοῦ
2824 1293 3345 1364 δεδημιουργηκὸτος
3374 1306 3547 1345 κατα·-

1977 1387 2306 1441 σκέπτεσθαι
2321 1387 2499 1453 δόξαν.
2533 1388 2622 1450 Ὠς
2641 1386 2750 1457 γάρ
2763 1387 2790 1439 ὁ
2809 1387 3094 1456 προφήτης
3111 1383 3274 1453 φησὶν
3297 1381 3542 1444 Ἡσαΐας,

1982 1499 1999 1532 ι
2039 1480 2151 1532 Ούκ
2191 1480 2270 1542 είς
2303 1477 2459 1531 κενὸν
2491 1478 2754 1547 ἐποίησας
2791 1476 2981 1545 αὐτὴν,
3019 1493 3038 1526 ι
3075 1473 3233 1542 δῆλον
3257 1473 3310 1525 δὲ
3337 1474 3417 1526 ὅτι
3448 1473 3546 1543 τὴν

1975 1567 2111 1636 γῆν,
2147 1586 2164 1618 ι
2199 1567 2312 1620 ἀλλ’
2355 1568 2434 1629 εἰς
2478 1565 2540 1618 τὸ
2601 1563 2995 1618 κατοικεῖσθαι.
3033 1581 3051 1614 ι
3099 1559 3206 1614 Ἦν
3246 1556 3340 1614 οὖν
3378 1562 3546 1627 ἀναγ·

1976 1661 2150 1722 καῖον,
2187 1655 2324 1720 ζῶον
2351 1658 2408 1708 ἐν
2435 1657 2571 1724 αὐτῇ
2602 1653 2932 1707 πλάττεσθαι
2962 1653 3199 1719 λογικδν,
3231 1652 3547 1724 προαναδει-

1975 1748 2212 1818 χθέντων
2251 1745 2416 1800 αὑτοῦ
2457 1745 2565 1798 τῶν
2599 1745 2698 1798 ὅσα
2733 1745 2850 1797 ἐστὶ
2877 1743 3132 1796 τελοῦντα
3160 1744 3299 1812 πρὸς
3333 1743 3544 1814 τέρψιν,

1905 1825 1945 1879 Β
1973 1839 2068 1893 καὶ
2099 1838 2235 1908 πρός
2255 1855 2317 1906 γε
2340 1833 2397 1890 εὖ
2427 1836 2755 1905 πεποιῆσθαι
2780 1836 2976 1888 δοκεῖν.
3009 1834 3278 1904 Ταύτῃτοι
3305 1851 3544 1902 προανα-

1971 1933 2144 2002 φήνας
2178 1933 2236 1982 ἐν
2267 1930 2456 1999 κόσμῳ
2485 1928 2564 1999 τῷ
2599 1928 2770 1981 δέοντι
2813 1928 2916 1997 γῆν
2943 1943 3002 1978 τε
3046 1927 3138 1979 καὶ
3164 1925 3409 1996 οὐρανὸν,
3449 1925 3544 1978 καὶ

1970 2023 2036 2074 τὰ
2065 2023 2122 2074 ἐν
2148 2023 2347 2085 αὐτοῖς,
2371 2020 2463 2072 ἐπὶ
2491 2019 2588 2091 τὴν
2609 2019 2704 2073 τοῦ
2743 2017 3028 2089 ἀνθρώπου
3058 2015 3340 2086 κεχώρηκε
3371 2031 3541 2068 κατα-

1973 2115 2206 2185 σκευήν·
2267 2100 2327 2165 ὸῦ
2372 2112 2470 2181 τῆς
2534 2109 2800 2178 γενέσεως
2868 2108 3246 2181 πρεσϐυτέραν
3307 2107 3542 2158 ἐποιεῖτο

1969 2207 2066 2277 τὴν
2108 2192 2326 2274 σκέψινῖ
2379 2203 2558 2256 καίτοι
2603 2203 2703 2272 τὴν
2746 2201 2911 2269 ἀλλην
2949 2200 3164 2253 ἃπασαν
3201 2197 3379 2252 κτίσιν
3407 2199 3542 2251 ἀπο-

1971 2296 2265 2365 σχεδιάζων
2313 2295 2539 2366 ῥήματι,
2589 2294 2682 2346 καὶ
2719 2291 2799 2361 τῷ
2852 2291 2964 2363 ἰδίῳ
2990 2291 3133 2361 λόγῳ
3165 2288 3418 2352 συνιστὰς
3464 2288 3542 2352 ὡς

1969 2388 2120 2450 Θεός.
2152 2386 2443 2458 Ἐπειδὴδέ
2469 2388 2616 2439 ἐστιν
2635 2384 2916 2453 ἄνθρωπος
2944 2383 3078 2448 ζῶον
3099 2383 3314 2453 άληθῶς
3345 2380 3540 2450 εὐφυὲς

1970 2478 2062 2532 καὶ
2115 2477 2536 2532 θεοειδέστατοψ
2594 2476 2670 2540 ὼς
2726 2475 2790 2529 ἂν
2829 2475 2902 2545 μὴ
2949 2475 3079 2545 δοκῇ
3127 2475 3225 2542 τῆς
3281 2470 3542 2525 ἀνωτάτω

1967 2569 2122 2640 δόξης
2151 2568 2211 2621 τὸ
2247 2569 2492 2638 μίμημα,
2524 2566 2633 2620 τῶν
2666 2566 2796 2620 ἴσων
2825 2568 2904 2631 είς
2932 2568 3150 2635 ποίησιν
3183 2567 3294 2626 τοῖς
3315 2565 3414 2633 οὐχ
3437 2555 3540 2615 ὧδε

1967 2660 2150 2731 ἔχουσι
2183 2660 2389 2730 λαχεῖν,
2427 2659 2518 2712 καὶ
2557 2658 2896 2728 προϐουλίοις
2937 2657 3100 2726 ἐτίμα
3126 2655 3218 2709 καί
3243 2653 3542 2726 αὐτουργίᾳ

1965 2754 2026 2805 τὸ
2069 2753 2336 2823 τέχνημα.
2383 2751 2642 2821 Ἀγαλμα
2687 2749 2744 2802 δὲ
2781 2749 3081 2812 διαπλάσας
3123 2750 3187 2800 ἐκ
3223 2747 3349 2816 γῆς,
3402 2747 3541 2810 ζῶον

1967 2843 2100 2896 αὐτὸ
2115 2842 2328 2911 λογικὸν
2357 2843 2628 2907 ἀποτελεῖ,
2652 2842 2746 2894 καὶ
2771 2841 2857 2893 ἵνα
2885 2841 3009 2902 τοὺς
3032 2839 3129 2909 τῆς
3161 2838 3295 2899 ἰδίας
3325 2838 3538 2904 φύσεως

1967 2934 2252 3004 ἀνατρέχοι
2281 2933 2491 3001 λόγους.
2525 2932 2819 3002 ἄφθαρτον,
2864 2929 3122 2995 ζωοποιδν
3160 2928 3320 2990 εὐθὺς
3346 2928 3536 2997 ἐνεχά-

1969 3039 2128 3091 ραττε
2151 3022 2366 3091 πνεῦμα
2386 3039 2400 3052 ·
2425 3023 2731 3092 γέγραπται
2749 3021 2879 3090 γάρ’
2912 3039 2930 3071 ι
2969 3020 3077 3072 Καὶ
3102 3017 3433 3088 ἐνεφύσησεν
3453 3019 3536 3083 είς

1965 3111 2025 3163 τὸ
2044 3111 2332 3179 πρόσωπον
2357 3110 2519 3163 αὑτοῦ
2543 3110 2709 3177 πνοὴν
2729 3107 2896 3178 ζωῆς,
2918 3109 3012 3161 καὶ
3033 3107 3251 3175 ἐγένετο
3282 3109 3311 3159 ὁ
3326 3107 3536 3176 ἄνθρω-

288 3192 439 3256 γίῐω,
463 3200 518 3246 et
558 3191 732 3245 factus
773 3199 859 3245 est
886 3193 1050 3245 homo
1073 3191 1124 3244 in
1150 3193 1385 3245 animam
1412 3193 1685 3245 viventem
1719 3193 1800 3245 ¹⁶⁹.
1839 3212 1856 3244 ι

1969 3215 2067 3260 πος
2107 3201 2186 3260 είς
2205 3198 2382 3270 ψυχὴν
2409 3196 2611 3261 ζῶσαν.
2655 3217 2673 3247 ›
2708 3199 2841 3250 Εἶτα
2862 3197 3186 3267 παραδείσου
3209 3198 3301 3250 καὶ
3323 3197 3536 3267 τρυφῆς

287 3281 493 3337 Deinde
518 3283 777 3353 paradiso
802 3299 865 3337 ac
887 3283 1099 3338 deliciis
1119 3285 1360 3347 donavit,
1385 3293 1439 3339 et
1465 3284 1518 3337 in
1540 3285 1721 3338 omnia
1747 3300 1867 3354 quae

288 3373 343 3428 in
375 3382 522 3429 terra
571 3383 698 3430 sunt
738 3375 1028 3444 imperium
1082 3375 1132 3430 ei
1174 3376 1400 3441 tribuit,
1438 3376 1864 3445 natatilibusque

287 3465 450 3519 simul
479 3473 535 3520 et
561 3465 880 3520 volucribus
907 3464 1152 3535 prtefccit
1177 3484 1191 3519 :
1219 3467 1350 3536 quin
1375 3474 1430 3520 et
1469 3467 1710 3521 ferorum
1744 3468 1863 3521 ani-

287 3555 508 3608 malium
549 3563 816 3621 armenta,
865 3570 1077 3609 necnon
1119 3571 1183 3610 ea
1241 3572 1360 3625 qua:
1402 3573 1674 3612 venenosa
1715 3565 1858 3621 sunt,

285 3647 446 3700 simul
467 3661 592 3701 cum
623 3647 748 3701 aliis
769 3647 870 3716 ipsi
902 3647 1154 3716 subjecit.
1183 3647 1336 3714 Quod
1367 3659 1546 3703 autem
1573 3651 1862 3704 conveniat

285 3739 465 3793 timeri
487 3738 786 3803 hominem,
810 3739 1151 3794 naturalibus
1176 3739 1388 3810 legibus
1411 3741 1698 3810 persuasit.
1729 3741 1861 3795 Erat

285 3834 468 3903 itaque
507 3847 775 3903 suprema:
813 3833 999 3903 gloria:
1031 3833 1406 3896 simulacrum,
1439 3841 1494 3886 et
1536 3832 1733 3888 divina:
1760 3849 1857 3902 po-

282 3923 494 3978 testatis
525 3924 700 3992 imago
722 3937 886 3992 super
916 3931 1138 3986 terram,
1162 3922 1350 3976 homo.
1375 3922 1512 3977 Cum
1539 3939 1668 3978 vero
1699 3940 1860 3994 opor-

285 4025 420 4070 teret
441 4032 566 4070 eum
591 4017 682 4086 qui
707 4017 762 4070 in
789 4024 935 4070 tanta
966 4016 1138 4086 gloria
1165 4025 1326 4086 atque
1354 4015 1566 4071 deliciis
1590 4026 1707 4078 erat
1729 4035 1858 4072 con-

280 4106 526 4170 stitutus,
551 4105 878 4175 intelligere,
911 4122 968 4160 se
1000 4107 1200 4160 habere
1227 4107 1401 4160 Deum
1435 4107 1744 4175 praefectum
1769 4125 1856 4163 re-

281 4212 508 4266 gemque
537 4212 605 4251 ac
625 4198 928 4260 dominum,
956 4213 1049 4260 ne,
1079 4197 1246 4250 nimia
1269 4198 1626 4266 prosperitate
1657 4200 1854 4262 elatus,

282 4285 535 4342 facillime
557 4287 688 4355 ϐίη
712 4303 832 4341 eam
863 4287 1245 4357 cogitationem
1278 4287 1580 4351 laberetur,
1607 4298 1666 4342 ut
1697 4304 1752 4344 se
1785 4291 1853 4343 ab

276 4381 416 4449 ejus,
440 4380 530 4448 qui
557 4378 847 4448 imperium
870 4387 1036 4444 tenet,
1057 4386 1323 4448 potestate
1345 4378 1578 4433 liberum
1601 4394 1720 4434 esse
1742 4379 1856 4434 exi-

277 4471 540 4533 stimaret,
570 4470 745 4539 legem
789 4469 970 4523 statim
1014 4469 1183 4532 dedit,
1229 4478 1284 4523 ct
1329 4471 1851 4540 transgressionibus

278 4555 452 4612 minas
484 4557 728 4612 vindices
759 4557 975 4626 adjecit.
1013 4557 1275 4612 Peccandi
1308 4557 1454 4610 enim
1484 4559 1630 4612 nulla
1671 4560 1850 4613 adhuc

273 4656 392 4702 crat
420 4647 477 4701 in
508 4647 690 4708 terris,
725 4662 835 4700 uno
868 4645 1165 4700 exsistente
1202 4661 1264 4698 ac
1288 4645 1424 4710 solo,
1456 4647 1614 4700 ratio.
1650 4647 1721 4702 Ut
1751 4663 1851 4700 au-

275 4750 383 4795 tem
417 4739 573 4795 ﬁeret
606 4739 771 4793 etiam
793 4739 896 4793 sub
926 4738 1064 4807 lege.
1120 4738 1428 4808 excogitata
1457 4746 1540 4792 est
1562 4738 1663 4807 ipsi
1703 4753 1853 4792 man-

273 4832 385 4886 dati
425 4829 752 4886 observandi
781 4830 935 4884 ratio.
970 4849 987 4880 ι
1016 4829 1093 4884 Ex
1118 4831 1266 4885 omni
1287 4829 1457 4894 enim,
1483 4829 1680 4899 inquit,
1705 4829 1853 4898 ligno

273 4924 420 4994 quod
461 4923 518 4978 in
559 4920 810 4993 paradiso
842 4929 926 4975 est
967 4921 1261 4975 comedes:
1295 4936 1361 4974 ex
1402 4920 1548 4990 ligno
1583 4935 1713 4974 vero
1759 4935 1852 4974 c0-

274 5014 568 5084 gnoscendi
606 5014 808 5067 bonum
850 5020 906 5067 et
930 5011 1152 5076 malum,
1182 5026 1289 5064 non
1332 5011 1630 5065 comedetis
1667 5026 1733 5065 ex
1759 5027 1843 5064 eo.

269 5105 385 5172 Qua
436 5113 619 5160 autem
661 5105 748 5160 die
793 5102 1142 5159 eomederitis
1183 5118 1249 5156 ex
1292 5116 1388 5164 eo,
1425 5110 1600 5156 morte
1641 5102 1843 5155 morie-

271 5195 403 5252 mini
429 5196 494 5250 ".
527 5216 545 5248 ι
574 5197 778 5252 Deinde
805 5203 1026 5266 accepta
1061 5210 1166 5248 una
1193 5202 1468 5249 costarum
1498 5195 1689 5249 Adami
1721 5211 1845 5249 mu-

272 5293 370 5342 tier
402 5287 686 5348 formatur,
723 5301 844 5355 qua:
886 5286 989 5355 ipsi
1022 5283 1090 5339 ad
1119 5283 1362 5338 sobolem
1395 5284 1716 5352 gignendam
1759 5285 1843 5339 in—

271 5381 517 5443 serviret,
551 5377 763 5448 ipsique
801 5378 1136 5442 conviveret,
1172 5376 1342 5431 veluti
1387 5375 1632 5445 ejusdem
1679 5393 1842 5446 gene-

270 5469 363 5532 ris,
393 5475 448 5522 et
485 5467 540 5522 in
571 5469 761 5523 eadem
793 5484 918 5523 cum
953 5483 1019 5523 eo
1052 5467 1399 5537 simplicitate
1427 5466 1667 5536 degeret.
1694 5468 1846 5522 Post-

269 5577 430 5631 quam
465 5575 596 5616 vero
627 5561 829 5616 diaboli
863 5560 1336 5615 circumventione
1364 5557 1432 5613 ad
1463 5561 1844 5630 transgressio-

383 5701 557 5794 “lsa.
595 5756 712 5804 m,
754 5737 842 5792 ts.
917 5738 976 5771 ιε·
1009 5735 1144 5793 Gen.
1174 5737 1311 5800 ",7.
1386 5737 1429 5770 ιτ
1465 5737 1595 5793 ibid.
1633 5733 1708 5800 ιο,
1751 5739 1830 5792 ιι.

1966 3287 2136 3356 ἠξίου,
2154 3289 2248 3342 καὶ
2271 3289 2329 3341 τὸ
2351 3289 2491 3342 κατὰ
2521 3291 2734 3344 πάντων
2757 3288 2865 3342 τῶν
2890 3289 2979 3342 ἐπὶ
3003 3290 3106 3359 γῆς
3133 3288 3280 3359 αὐτῷ
3306 3304 3535 3360 προσνε·

1965 3380 2172 3450 νεμηκε
2217 3379 2415 3451 κράτος
2441 3397 2454 3410 ο
2487 3382 2704 3450 νηκτοῖς
2729 3379 2968 3433 ἐπετίθει
3001 3381 3094 3433 καὶ
3118 3379 3340 3449 πτηνοῖς
3372 3375 3534 3447 ἡγού-

1967 3487 2158 3540 μενον,
2193 3471 2286 3524 καὶ
2309 3471 2506 3539 ἀγέλας
2534 3472 2631 3540 μὲν
2667 3472 2875 3541 ἀγρίων
2901 3469 3047 3540 αύτῷ
3086 3468 3418 3537 κατεζεύγνυ
3438 3468 3534 3539 θη-

1967 3561 2074 3633 ρῶν
2095 3603 2108 3623 .
2147 3562 2499 3631 ύπεστρώννυ
2520 3563 2575 3616 δὲ
2612 3563 2706 3617 καὶ
2735 3563 2874 3617 αὑτά
2896 3566 3008 3626 τοῖς
3037 3563 3216 3626 ἄλλοις
3250 3561 3384 3632 ὁμοῦ
3423 3559 3533 3613 τῶν

1966 3657 2186 3709 ἰοϐόλων
2211 3656 2279 3709 τὰ
2309 3655 2460 3724 γένη.
2502 3654 2825 3708 Ἑκδεδιέναι
2854 3654 2908 3706 δὲ
2935 3655 3015 3706 ὅτι
3043 3655 3308 3724 προσήκει
3335 3653 3426 3705 τὸν
3447 3649 3534 3704 ἄν·

1963 3744 2196 3814 θρωπον,
2227 3746 2476 3814 φυσικοῖς
2522 3744 2804 3796 ἐκέλευσεν
2845 3742 3156 3796 ἀναπείθειν
3191 3741 3396 3807 νόμοις.
3421 3737 3532 3792 Ἦν

1961 3832 2052 3888 οὖν
2077 3837 2184 3906 ἄρα
2209 3836 2305 3905 τῆς
2324 3834 2582 3888 ἀνωτάτω
2601 3834 2758 3904 δόξης
2776 3833 2836 3886 τὸ
2859 3835 3174 3903 ἐκμαγεῖον,
3196 3835 3289 3886 καὶ
3311 3831 3532 3902 θεοπρε-

1959 3928 2093 3990 ποῦς
2120 3928 2366 3994 ὲξουσίας
2395 3926 2560 3980 εἰκὼν
2581 3927 2672 3978 ἐπὶ
2693 3925 2797 3993 γῆς
2816 3928 2844 3980 6
2875 3925 3176 3995 ἄνθρωπος.
3211 3923 3427 3993 Ἐπειδὴ
3470 3922 3530 3976 δὲ

1957 4019 2046 4071 τὸν
2086 4020 2166 4080 εἰς
2207 4017 2364 4070 τοῦτο
2407 4019 2610 4088 ἥκοντα
2647 4015 2833 4069 λοιπὸν
2873 4014 3124 4079 εὐκλείας
3163 4015 3258 4068 καὶ⁹
3315 4014 3530 4086 τρυφῆς

1956 4107 2205 4160 διειδέναι
2245 4107 2308 4177 δή
2350 4124 2452 4160 που
2493 4105 2712 4168 πάντως
2752 4104 2942 4176 ἐχρῆν,
2993 4105 3074 4157 ὅτι
3103 4102 3234 4158 Θεὸν
3278 4102 3392 4171 ἔχει
3435 4102 3529 4154 τὸν

1958 4196 2314 4266 ἐφεστηκότα,
2343 4195 2565 4266 βασιλέα
2608 4212 2665 4248 τε
2696 4195 2790 4248 καὶ
2816 4195 3021 4264 κύριον·
3051 4193 3137 4247 ἵνα
3160 4191 3234 4263 μὴ
3249 4193 3362 4252 ταῖς
3389 4190 3531 4259 ἄγαν

1956 4289 2275 4358 εὐημερίαις
2327 4287 2645 4358 ἑτοιμότατα
2701 4287 3011 4357 διολισθήση
3062 4287 3142 4348 είς
3203 4285 3266 4338 τὸ
3321 4283 3530 4337 οίεσθαι

1953 4376 2112 4446 τυχὸν
2155 4376 2496 4446 ἀπηλλάχθαι
2539 4375 2632 4428 καὶ
2679 4375 2927 4440 ἐξουσίας
2981 4375 3075 4427 καὶ
3121 4374 3220 4444 τῆς
3268 4373 3360 4426 τοῦ
3393 4389 3530 4444 κρα-

1952 4467 2168 4528 τοῦντος
2191 4465 2484 4536 ὑπεροχῆς,
2509 4472 2671 4534 νόμον
2698 4465 2857 4527 εὐθὺς
2879 4465 3067 4526 ἐδίδου,
3087 4465 3181 4516 καὶ
3197 4466 3317 4526 ταῖς
3347 4479 3525 4533 παρα-

1955 4557 2174 4610 ϐάσεσιν
2225 4558 2458 4609 ἐποιεῖτο
2499 4555 2714 4623 γείτονα
2750 4554 2850 4624 τὴν
2893 4552 3226 4617 κολάζουσαν
3271 4553 3519 4622 ἀπειλήν.

1965 4646 2266 4718 Ἀμαρτίας
2299 4646 2397 4715 μὲν
2429 4644 2539 4716 γὰρ
2591 4644 2742 4698 οὔπω
2765 4662 2848 4706 τις
2885 4640 2952 4714 ἦν
2979 4644 3070 4696 ἐπὶ
3093 4645 3190 4713 τῆς
3223 4642 3370 4712 γῆςὸ
3395 4641 3522 4712 τρό-

1954 4753 2075 4798 πος,
2114 4735 2230 4797 ἐνὸς
2275 4735 2428 4797 ὄντος
2475 4734 2569 4786 καὶ
2603 4734 2785 4802 μόνου.
2824 4733 2942 4785 Ἵνα
2975 4732 3030 4784 δὲ
3060 4731 3268 4800 γένοιτο
3300 4729 3393 4783 καὶ
3419 4729 3524 4782 ὑπὸ

1951 4829 2132 4896 νόμον,
2149 4827 2418 4880 ὲπενοεῖτό
2435 4845 2518 4890 τις
2539 4826 2684 4896 αύτῷ
2706 4827 2798 4878 καὶ
2827 4824 3065 4894 φυλακῆς
3084 4823 3281 4893 τρόπος
3297 4838 3309 4852 ·
3333 4838 3354 4872 ι
3389 4820 3524 4875 Ἀπὸ

1956 4919 2063 4990 γὰρ
2089 4919 2290 4983 παντὸς
2312 4919 2486 4985 ξύλου,
2519 4921 2672 4989 φησὶ,
2695 4918 2786 4970 τοῦ
2811 4920 2866 4970 ἐν
2885 4915 2963 4987 τῷ
2989 4915 3300 4985 παραδείσῳ
3324 4913 3523 4985 βρώσει

1957 5015 2127 5085 φάγῃ.
2207 5013 2340 5066 Ἀπὸ
2371 5013 2426 5065 δὲ
2487 5012 2582 5064 τοῦ
2611 5011 2766 5077 ξύλου
2795 5010 2890 5062 τοῦ
2921 5007 3206 5078 γινώσκειν
3231 5007 3391 5061 καλὸν
3429 5008 3525 5063 καὶ

1956 5104 2207 5175 πονηρὸν,
2253 5105 2314 5156 οὐ
2359 5102 2598 5173 φάγεσθε
2644 5104 2739 5156 ἀπ’
2783 5100 2970 5154 αὑτοῦ.
3003 5101 3106 5154 Ἦν
3136 5101 3180 5153 δ’
3212 5099 3277 5154 ἂν
3311 5101 3523 5171 ἡμέραν

1954 5196 2163 5265 φάγητε
2210 5195 2305 5248 ἀπ’
2358 5194 2548 5259 αὑτοῦ,
2597 5193 2826 5247 θάνατον
2877 5192 3253 5247 ἀποθανεῖσθε.
3308 5211 3327 5246 ι
3389 5190 3522 5248 Εἶτα

1957 5289 2084 5355 μιᾶς
2119 5284 2214 5338 τοῦ
2268 5285 2439 5356 Ἀδάμ
2471 5284 2895 5355 παραιρεθείσης
2923 5283 3182 5354 πλευρᾶς,
3213 5284 3273 5337 τὸ
3303 5283 3519 5352 γύναιον

1951 5377 2008 5430 δὲ
2051 5378 2361 5438 πλάττεται.
2411 5377 2670 5447 καὶπρὸς
2723 5375 2924 5430 παίδων
2971 5375 3131 5444 γονὴν
3180 5373 3517 5444 ὑπηρετῆσον

1952 5467 2120 5537 αύτῷ,
2172 5471 2267 5522 καὶ
2314 5468 2700 5540 συμϐιοτεῦσον
2743 5469 2819 5533 ὼς
2861 5468 3140 5539 ὁμογενὲς,
3197 5467 3288 5520 καὶ
3317 5463 3379 5533 δὴ
3424 5461 3517 5518 καὶ

1954 5560 2406 5634 συνδιαιτώμενον
2450 5563 2508 5615 ἐν
2563 5562 2824 5633 ἁπλότητι
2875 5561 3124 5618 διατελεῖς
3198 5553 3410 5627 Ἐπειδὴ
3459 5555 3514 5611 δὲ
