4050 6210
419 314 479 369 2i
1447 315 1969 376 GLAPHYRORUM
2008 320 2074 376 IN
2111 320 2412 377 GENESlM
2450 321 2578 377 LIB.
2620 322 2659 377 Ι.
3613 320 3686 377 5.9.

417 435 536 496 ταῖς
564 428 660 485 τοῦ
690 428 940 483 διαὸόλου
972 430 1286 504 παρηνέχθη
1317 434 1703 502 συκοφαντίαις
1730 436 1865 507 πρὸς
1895 453 1993 491 πα-

2101 452 2225 492 nem
2259 437 2527 508 pellectus
2548 446 2652 502 est,
2676 447 2731 495 et
2750 437 3068 510 decerptum
3092 453 3122 494 e
3148 439 3313 494 vetita
3346 438 3539 495 arbore
3570 438 3685 495 fru-

417 523 672 596 ράὅασιν,
730 521 826 575 καὶ
868 520 932 574 τὸ
981 522 1289 593 ἀπόρρητον
1345 524 1452 579 τῶν
1502 523 1673 591 ξύλων
1734 526 1994 597 ἐδώδιμον

414 616 744 685 ἐποιήσατο·
774 611 1182 682 συγκατώλισθε
1211 613 1267 667 δὲ
1302 616 1395 669 καὶ
1420 616 1580 680 αὐτὸς
1618 618 1645 670 ό
1693 618 1995 688 προπάτωρ

427 707 621 776 Ἀδὰμ,
658 707 691 776 η
727 705 889 775 φύσις
918 704 1080 769 εὐθὺς
1110 705 1325 778 θανάτῳ
1350 707 1751 772 κατεδικάξετο.
1782 711 1892 764 Καὶ
1920 710 1997 782 τῷ

417 802 516 870 μὲν
549 799 779 881 γοναίῳὶ
806 798 887 865 τὸ,
922 817 941 849 ι
995 799 1084 853 Ἐν
1131 798 1329 863 λύπαις
1378 800 1507 872 τέξῃ
1544 800 1731 864 τέκνα.
1781 823 1796 855 ι
1830 801 1909 874 τῷ
1940 803 1997 858 δὲ

426 892 620 962 Ἀδὰμ,
658 910 677 943 ι
734 889 1163 962 Ἐπικατάρατος
1204 893 1236 964 ἡ
1267 894 1338 963 γῆ
1377 893 1433 947 ὲν
1462 896 1573 958 τοῖς
1603 893 1784 967 ἔργοις
1817 913 1931 960 σου,
1972 913 1989 947 ι

419 982 758 1052 προσεφώνει
800 979 953 1045 Θεός.
983 982 1091 1036 Καὶ
1134 983 1268 1053 πρός
1296 1000 1358 1053 γε
1387 983 1451 1055 δὴ
1484 984 1715 1050 τούτοις,
1757 987 1866 1041 τῶν
1897 1005 1994 1040 πο-

418 1072 686 1127 λυεύκτων
722 1073 816 1126 καὶ
854 1075 913 1126 ἐν
947 1074 1145 1145 ἀρχαῖς
1190 1075 1622 1149 ἐνδιαιτημάτων
1655 1081 1749 1133 καὶ
1777 1080 1873 1150 τῆς
1902 1081 1994 1134 τοῦ

424 1164 748 1234 παραδείσω
774 1164 987 1235 τρυφῆς
1033 1165 1431 1235 ἐξεπέμποντο.
1465 1168 1669 1239 Γυμνοὶ
1692 1169 1747 1221 δὲ
1788 1170 1871 1222 ὅτι
1902 1171 1995 1223 καὶ

419 1254 722 1325 ἀνείμονες,
744 1255 837 1308 καὶ
860 1258 919 1307 ὲν
944 1254 1101 1327 χρείᾳ
1123 1255 1309 1312 λοιπὸν
1336 1258 1659 1328 ἐσθημάτων
1682 1259 1851 1323 ὀντες.
1877 1262 1996 1314 τότε

413 1345 479 1414 δὴ
506 1345 657 1413 μόλις
709 1344 1038 1415 ἐμάνθανον·
1093 1346 1185 1400 xui.
1215 1346 1440 1417 χιτῶνες
1470 1344 1610 1421 ἦσαν
1643 1350 1823 1414 αὐτοῖς
1864 1351 1998 1423 πρὸς

416 1437 578 1491 τοῦτο
624 1437 964 1508 δερματινοὶ,
1000 1437 1137 1493 Θεοῦ
1188 1440 1691 1513 κατοικτείραντος·
1742 1442 1838 1497 καὶ
1892 1443 1998 1513 γῆν

423 1530 794 1599 ἐπεγράφοντο
840 1530 1071 1601 μητέρα,
1127 1531 1222 1586 καὶ
1268 1534 1381 1598 τοῖς
1412 1533 1513 1603 τῆς
1554 1533 1761 1605 φθορᾶς
1792 1535 1995 1605 ὑπεφέη

418 1637 574 1689 ροντο
597 1621 1064 1686 λίνοις,ὲλελοίπει
1096 1624 1173 1689 δὲ,
1205 1621 1379 1695 οἶμαι,
1411 1624 1688 1691 παντελῶς
1719 1626 1868 1682 οὐδὲν
1891 1628 1998 1683 τῶν

413 1714 495 1777 εις
518 1714 758 1783 ἐσχάτην
787 1715 1164 1787 ταλαιπωρίαν
1194 1717 1397 1781 αὐτοῖς.

482 1808 553 1870 γ’.
596 1802 756 1857 Ἀλλά
780 1804 834 1858 τί
859 1804 993 1875 δῆτα
1014 1823 1028 1871 ;
1052 1798 1275 1877 φήσειεν
1305 1807 1392 1875 ἂν,
1425 1805 1599 1880 οἶμαι,
1637 1809 1739 1873 τίςο
1773 1811 1823 1864 εί
1865 1810 2003 1882 πρὸς

410 1893 685 1965 τοσαύτην
709 1895 936 1965 ἔμελλεν
960 1896 1255 1968 ἀθλιότητα
1294 1899 1717 1969 κατοιχήσεσθαι
1754 1900 1994 1969 γεγονὼς

409 1987 440 2038 ὁ
467 1985 772 2057 ἄνθρωπος,
805 1987 923 2055 πῶς
949 1988 1051 2042 οὐκ
1076 1987 1299 2059 ἄμεινον
1323 1990 1472 2062 αύτῷ
1502 1991 1647 2063 παρά
1674 1993 1809 2048 πολὺ
1835 1995 1993 2047 νοοίτ⁹

409 2076 479 2129 ἀν
512 2078 736 2141 εἰκότως
761 2078 822 2131 τὸ
847 2077 924 2151 μὴ
948 2079 1213 2151 ὑπάρχειν
1235 2082 1397 2137 αὐτόν
1419 2098 1434 2148 ;
1458 2084 1724 2157 Λαμπρδν
1745 2084 1801 2138 δὲ
1823 2084 1994 2151 οὕτως

411 2170 508 2220 καὶ
532 2167 860 2237 ἀξιάγαστον
889 2170 1145 2225 ἀποτελεῖ
1184 2174 1275 2227 τὸν
1312 2174 1411 2227 οὐκ
1439 2175 1520 2236 είς
1554 2175 1771 2245 μακρὰν
1802 2176 1994 2247 ἐσόμε-

408 2277 501 2313 νον
520 2260 737 2333 οίκτρὸν
752 2263 845 2316 καὶ.
864 2263 1121 2331 ἐλεεινὸν,
1153 2264 1248 2318 καὶ
1268 2266 1325 2319 ἐν
1350 2266 1457 2337 ἀρᾷ
1482 2268 1574 2321 καὶ
1594 2266 1739 2339 δίκῃ.
1781 2268 1993 2337 Ἦγνόει

410 2351 515 2420 μὲν
544 2346 639 2405 οὖν
672 2353 877 2423 ἤκιστά
908 2371 971 2422 γε
1000 2356 1063 2408 τδ
1108 2355 1299 2425 μέλλον
1330 2357 1462 2422 Θεὸς
1490 2356 1565 2410 ὣν
1601 2358 1740 2412 κατά
1776 2358 1936 2427 φύσιν
1965 2362 1994 2416 ό

406 2446 775 2514 Δημιουργός.
824 2445 1043 2519 Ἐπειδὴ
1080 2447 1136 2500 δὲ
1183 2446 1337 2511 εἰδὼς
1377 2449 1689 2519 είργάζετο,
1732 2450 1847 2513 πῶς
1892 2453 1993 2506 οὐκ

407 2534 676 2606 ἀδικήσας
723 2537 924 2607 μᾶλλον
969 2537 1003 2607 ἢ
1047 2537 1178 2606 γοῦν
1222 2540 1420 2610 ὀνήσας
1460 2540 1729 2597 ἁλώσεται
1756 2586 1770 2609 ,
1834 2542 1993 2615 εἴπερ

407 2626 557 2679 ἐστὶν
580 2627 803 2696 ἄμεινον
827 2627 1043 2697 ἀληθῶς
1068 2631 1179 2693 τοῖς
1203 2630 1485 2701 ἐσομένοις
1512 2633 1712 2698 ἀθλίως
1739 2634 1801 2688 τὸ
1824 2635 1993 2704 μηδό-

404 2716 515 2780 λως
542 2718 720 2772 ἐλθεῖν
747 2720 830 2782 είς
867 2721 1098 2788 γένεσιν,
1128 2720 1272 2777 κατά
1304 2738 1366 2788 γε
1406 2722 1501 2794 τὴν
1544 2724 1709 2778 αὐτοῦ
1752 2725 1846 2779 τοῦ
1877 2727 1992 2781 Σω-

408 2811 576 2878 τῆρος
615 2809 801 2881 φωνὴν
819 2850 834 2873 ,
864 2812 932 2882 ἢν
960 2812 1053 2865 ἐπὶ
1079 2811 1158 2883 τῷ
1190 2813 1421 2886 προδότῃ
1448 2814 1711 2886 λελάληκε
1754 2816 1987 2888 μαθητῇ·

413 2918 432 2949 ι
474 2900 653 2954 Καλὸν
683 2897 752 2972 ἦν
777 2902 948 2974 αὐτῷ,
980 2906 1029 2958 εί
1053 2906 1154 2959 οὐκ
1188 2906 1449 2978 ἐγεννήθη
1479 2910 1507 2963 ό
1539 2908 1826 2980 ἄνθρωπος
1851 2909 1993 2962 ἐκεῖ·

407 3009 534 3058 νοςς
568 3012 589 3046 ο
816 2995 881 3065 δὴ
928 2995 997 3049 τὰ
1023 2998 1250 3052 τοιαῦτα
1300 2998 1465 3070 φαίην
1494 2999 1581 3062 ἂν,
1614 3000 1693 3054 ὅτι
1725 3000 1992 3073 σφαλερὸν

407 3085 553 3152 ἄγαν
577 3086 672 3140 καὶ
694 3087 794 3158 τῆς
818 3090 898 3151 είς
919 3086 1071 3159 λῆξιν
1106 3090 1346 3162 ἡκούσης
1368 3091 1771 3163 ἑμόροντησίας
1798 3094 1988 3162 ἐγγὺς,

414 3174 615 3245 μᾶλλον
650 3175 705 3230 δὲ
735 3175 867 3231 εἴσω
897 3196 958 3232 τε
988 3180 1081 3233 καὶ
1111 3181 1367 3235 ἐπέκεινα
1400 3182 1557 3247 πολὺ,
1592 3182 1652 3237 τὸ
1682 3170 1797 3247 τοῖς
1829 3183 1992 3248 θείοις

412 3268 728 3339 σκέμμασιν
771 3268 847 3334 ὡς
878 3271 979 3326 οὐκ
1028 3271 1205 3343 ὀρθῶς
1239 3274 1521 3341 γεγονόσιν
1563 3276 1857 3346 ἐπιτιμᾷν·
1900 3276 1995 3328 καὶ

410 3360 510 3430 τὴν
533 3361 798 3414 ἀνωτάτω
814 3362 995 3431 φύσιν,
1022 3362 1055 3435 ἢ
1079 3362 1170 3416 τοῦ
1202 3362 1503 3435 πρέποντος
1524 3364 1793 3434 ἀλογῆσαι
1808 3364 1993 3435 τυχὸν,

410 3453 444 3520 ἢ
474 3451 606 3521 γοῦν
636 3451 844 3508 οἴεσθαι
886 3453 1209 3525 διαμαρτεῖν
1257 3454 1353 3508 τοῦ
1389 3454 1663 3527 χρησίμου
1706 3471 1765 3508 τε
1794 3455 1888 3508 καὶ
1934 3456 1996 3508 ὲν

411 3544 695 3612 ἀμείνοσιν
725 3544 802 3606 ὡς
840 3544 896 3598 ἐν
937 3562 1000 3613 γε
1053 3548 1164 3609 τοῖς
1213 3544 1337 3600 καθ’
1384 3547 1552 3617 ἡμᾶς.
1601 3545 1807 3617 Πρέποι
1841 3545 1887 3598 δ’
1929 3544 1996 3599 ἂν

415 3636 616 3704 μᾶλλον
651 3638 711 3690 ἑν
737 3640 856 3701 ταῖς
887 3638 1103 3707 βουλαῖς
1143 3638 1236 3693 καὶ
1266 3639 1557 3710 πράγμασι
1588 3639 1646 3692 τὸ
1678 3639 1995 3710 ἀμωμήτως

411 3726 535 3795 ἔχον
598 3726 971 3797 ἀπονέμοντας
1017 3729 1176 3800 αὐτῇ,
1228 3730 1613 3799 παραιτεῖσθαι
1677 3733 1740 3784 τὸ
1779 3733 1995 3803 φρονεῖν

411 3820 553 3891 ὑπὲρ
582 3819 619 3872 ἀ
649 3820 732 3873 δεῖ
759 3822 997 3892 φρονεῖν,
1033 3820 1127 3875 καὶ
1157 3822 1219 3874 το
1248 3821 1536 3893 περίεργον
1567 3824 1625 3876 ὲν
1656 3822 1869 3889 τούτοις
1896 3824 1996 3876 οὐκ

412 3911 816 3982 ἀνεπίπληκτον
843 3913 960 3982 ὲᾷν.
1013 3913 1123 3967 Καὶ
1169 3913 1303 3984 πρός
1333 3928 1396 3982 γε
1429 3912 1495 3983 δὴ
1540 3913 1713 3983 τούτῳ
1750 3914 1992 3977 κάκεῖνο,

412 3999 566 4071 οἶμαί
593 4020 719 4068 που,
751 4003 1204 4072 καταλογίζεσθαι
1225 4006 1352 4076 χρή’
1388 4004 1614 4073 πότερον
1636 4007 1746 4068 τοῖς
1770 4005 1832 4059 τὸ
1856 4001 1994 4059 εἶναι

417 4094 554 4162 μετά
586 4094 681 4148 τού
725 4089 782 4148 εὖ
821 4088 963 4149 εἶναι
1000 4095 1290 4167 λαχοῦσιν,
1329 4096 1551 4165 ἄμεινον
1580 4097 1647 4167 δή
1682 4114 1784 4150 που
1822 4097 1882 4149 τὸ
1918 4097 1994 4166 μὴ

414 4183 587 4235 ἐλθεῖν
622 4184 701 4245 εἰς
731 4183 964 4251 γένεσιν.
1008 4186 1175 4254 ἠγουν
1216 4184 1278 4238 τὸ
1311 4183 1586 4255 ὑπάρξαι.
1619 4185 1715 4238 καὶ
1756 4185 1853 4254 τῆς
1898 4183 1993 4237 τοῦ

414 4274 764 4344 Δημιουργοῦ
819 4275 1142 4346 μεταλαχεω
1195 4277 1566 4348 ήμερότητος’
1625 4275 1738 4331 ἀλλ’
1775 4276 1876 4330 οὐκ
1927 4276 1993 4330 ἂν

413 4365 705 4419 ἐνδοιάσειέ
735 4382 840 4429 τις,
889 4365 1145 4431 καθάπερ
1185 4366 1418 4437 ἐγῷμαι.
1475 4368 1683 4437 Ὥσπερ
1728 4366 1836 4437 γὰρ
1880 4369 1992 4428 τοῖς

2096 537 2244 583 ctum
2268 530 2526 593 comedit,
2560 529 2745 602 lapsus
2778 539 2961 586 autem
2999 547 3105 586 una
3133 538 3217 586 est
3249 533 3460 601 primus
3485 546 3683 601 parens

2097 618 2288 686 Adam,
2311 630 2504 676 natura
2526 622 2708 676 statim
2732 630 2906 677 morte
2937 620 3191 675 damnata
3217 629 3318 677 est.
3373 621 3440 676 Et
3468 620 3682 677 mulieri

2096 711 2318 781 quidem
2354 729 2365 763 :
2409 731 2426 760 ι
2464 711 2649 767 Paries
2691 712 2748 766 in
2781 711 3062 767 doloribus
3092 710 3261 777 filios;
3304 731 3322 762 ι
3346 710 3477 767 Adae
3509 728 3678 769 vero:

2105 822 2123 853 ι
2152 802 2437 859 Maledicta
2470 812 2612 858 terra
2642 803 2696 858 in
2739 804 2998 875 operibus
3027 804 3156 869 tuis,
3190 823 3208 855 ι
3238 804 3382 859 Deus
3420 804 3684 860 acclama-

2098 895 2175 948 vit
2227 894 2291 948 ⁸⁸.
2341 896 2608 951 Prieterea
2641 896 3058 967 jucundissimis
3105 895 3243 961 illis,
3279 896 3482 967 quibus
3524 896 3683 951 initio

2099 986 2456 1053 fruebantur,
2502 988 3109 1059 voluptuosissimisque
3161 988 3298 1043 locis
3340 995 3396 1042 et
3440 986 3681 1059 paradisi

2098 1080 2312 1135 deliciis
2340 1088 2470 1134 sunt
2511 1079 2689 1151 ejecti.
2732 1077 2868 1135 Cum
2899 1094 3031 1133 vero
3071 1076 3203 1132 nudi
3235 1092 3299 1133 ac
3328 1075 3445 1133 sine
3479 1078 3680 1134 amietu

2097 1179 2300 1235 essent,
2332 1170 2687 1240 vestibusque
2732 1167 2992 1239 deinceps
3038 1167 3365 1238 indigerent,
3413 1176 3543 1223 tunc
3583 1167 3683 1221 dea

2098 1278 2249 1319 mum
2283 1271 2675 1337 cognoverunt.
2713 1260 2934 1316 Tunieaa
2983 1274 3148 1330 porro
3179 1269 3339 1314 erant
3387 1258 3519 1329 ipsis
3564 1260 3682 1330 pel-

2099 1354 2270 1419 liceae,
2291 1353 2708 1410 commiserante
2729 1352 2840 1408 Deo
2871 1368 2883 1405 :
2909 1358 2964 1406 et
2985 1358 3184 1405 terram
3210 1347 3399 1403 matris
3421 1348 3579 1402 titulo
3602 1348 3683 1402 in-

2099 1445 2460 1516 signiverunt,
2490 1444 2851 1513 interitusque
2886 1441 3023 1498 retia
3056 1441 3427 1505 incurrerunt,
3454 1455 3517 1495 ac
3543 1439 3681 1493 nihil

2101 1538 2258 1607 plane
2286 1535 2419 1608 ipsis
2452 1534 2522 1592 ad
2551 1543 2849 1590 extremam
2880 1531 3244 1589 calamitatem
3275 1528 3468 1585 detuit.

2038 1804 2077 1862 Β
2175 1816 2227 1870 5.
2257 1814 2528 1870 Caeterum
2556 1812 2700 1867 dicat
2723 1809 2876 1882 quis,
2920 1815 2982 1865 ut
3011 1806 3248 1863 arbitror
3285 1825 3296 1859 :
3339 1805 3401 1861 Si
3432 1804 3679 1859 futurum

2097 1915 2218 1962 erat
2251 1914 2311 1961 ut
2355 1906 2423 1961 ad
2458 1914 2661 1961 tantam
2695 1901 2974 1957 miseriam
3003 1900 3168 1955 homo
3207 1898 3383 1954 factus
3423 1897 3679 1967 prolabe-

2096 2004 2271 2059 retur,
2301 2009 2414 2064 quo
2440 2001 2601 2063 pacto
2633 2006 2743 2048 non
2783 1990 2955 2045 multo
2985 1989 3158 2044 satius
3190 1987 3387 2042 merito
3429 1986 3678 2059 judican-

2096 2085 2225 2140 dum
2282 2084 2381 2150 sit,
2425 2084 2604 2154 ipsum
2650 2098 2758 2137 non
2794 2080 3091 2137 exsistere?
3139 2076 3495 2150 Splendidam
3549 2093 3680 2132 vero

2096 2178 2233 2232 adeo
2264 2183 2424 2247 atque
2467 2175 2845 2231 admirabilem
2882 2171 3167 2228 constituit
3205 2186 3353 2235 eum,
3395 2168 3489 2241 qui
3534 2168 3679 2223 haud

2096 2270 2267 2325 multo
2289 2276 2410 2339 post
2427 2276 2573 2323 esset
2594 2266 2813 2321 futurus
2836 2262 3185 2329 miserabilis,
3207 2261 3678 2332 exsecrationique

2094 2370 2149 2415 et
2178 2376 2352 2431 pinna:
2390 2360 2678 2414 obnoxius.
2725 2356 2888 2427 Atqui
2924 2369 3268 2425 nequaquam
3297 2354 3519 2425 ignarus
3561 2362 3678 2407 erat

2095 2452 2405 2506 futurorum
2425 2450 2589 2513 Deus,
2612 2457 2804 2502 natura
2835 2447 3108 2502 exsistens
3133 2454 3368 2501 creator.
3391 2443 3527 2499 Cum
3548 2459 3678 2498 vero

2094 2540 2339 2614 prudens
2380 2555 2444 2595 ac
2482 2539 2671 2595 sciens
2700 2546 2957 2609 operatus
3002 2535 3187 2600 fuerit,
3219 2550 3328 2605 quo
3369 2542 3526 2604 pacto
3568 2549 3674 2588 nen

2094 2633 2346 2689 nocuisse
2395 2632 2578 2703 potius
2636 2646 2799 2700 quam
2847 2628 3055 2699 juvisse
3104 2624 3582 2697 deprehendetur,
3631 2625 3675 2679 si

2094 2727 2257 2783 modo
2286 2726 2458 2781 satius
2498 2740 2687 2779 revera
2727 2732 2812 2778 est
2846 2723 2933 2788 iis,
2977 2721 3070 2790 qui
3114 2718 3299 2774 miseri
3333 2716 3503 2771 futuri
3545 2717 3675 2783 sint,

2093 2836 2202 2878 non
2245 2819 2395 2874 nasci
2437 2817 2650 2888 potius,
2687 2818 2841 2886 juxta
2887 2814 3060 2884 ipsius
3105 2811 3402 2865 Salvatoris
3452 2825 3675 2874 vocem,

2094 2926 2257 2980 quam
2289 2909 2358 2965 de
2390 2908 2670 2979 proditore
2712 2905 2984 2975 discipulo
3029 2902 3205 2957 dixit:
3245 2921 3259 2949 ι
3311 2901 3519 2954 Bonum
3564 2912 3679 2955 erat

2095 2999 2175 3063 ei,
2244 3000 2289 3053 si
2361 3013 2471 3053 non
2542 3004 2706 3051 natus
2773 3002 2917 3049 esset
2986 2993 3149 3046 homo
3209 2989 3299 3044 ille
3361 2989 3443 3041 "1’
3512 3007 3530 3039 ι
3594 2987 3676 3044 Ad

2096 3090 2145 3161 7
2169 3089 2275 3146 hoc
2294 3103 2426 3144 vero
2460 3085 2858 3157 responderim,
2886 3082 3209 3137 damnosum
3236 3079 3502 3150 imprimis
3530 3094 3678 3135 sum-

2097 3199 2309 3255 mque
2332 3182 2569 3237 vesania:
2595 3178 2928 3250 proximum,
2961 3182 3056 3229 aut
3074 3174 3258 3244 potius
3285 3172 3478 3244 quavis
3515 3187 3677 3229 vesa-

2095 3277 2187 3330 nia
2217 3276 2393 3346 majus
2420 3289 2561 3338 esse,
2592 3271 2688 3326 Dei
2721 3268 2949 3326 consilia
2979 3275 3238 3336 tanquam
3271 3280 3382 3320 non
3406 3274 3563 3320 recta
3596 3264 3679 3321 in-

2097 3368 2376 3431 simulare,
2418 3377 2475 3421 et
2514 3378 2826 3435 supremam
2880 3362 3027 3415 illam
3076 3368 3330 3414 naturam
3389 3366 3483 3412 aut
3540 3359 3673 3412 recti

2096 3476 2282 3515 curam
2306 3459 2537 3515 fortasse
2583 3471 2694 3511 non
2728 3453 2933 3509 habere
2959 3450 3297 3511 existimare,
3354 3458 3449 3505 aut
3472 3449 3676 3519 alioqui

2095 3558 2289 3622 putare
2340 3550 2511 3620 ipsam
2565 3548 2621 3603 in
2671 3546 2758 3611 iis,
2813 3560 2936 3615 qua:
2981 3544 3146 3598 rebus
3195 3540 3400 3597 nostris
3442 3539 3678 3594 maxime

2095 3641 2433 3695 conveniunt
2461 3648 2625 3708 atque
2651 3635 2971 3707 expediunt,
3000 3634 3113 3689 falli
3146 3642 3204 3689 et
3228 3631 3427 3702 decipi.
3478 3630 3547 3686 At
3576 3645 3677 3700 po-

2096 3733 2208 3787 tius
2261 3746 2361 3802 par
2408 3735 2513 3794 est,
2562 3742 2833 3783 summam
2877 3725 3236 3781 consiliorum
3287 3724 3676 3792 actionumque

2096 3822 2490 3894 perfectionem
2546 3819 2651 3891 ipsi
2701 3819 3026 3882 tribuentes,
3062 3816 3222 3887 longe
3257 3815 3326 3870 ab
3370 3831 3437 3870 eo
3461 3816 3674 3880 abesse,

2097 3926 2157 3970 ut
2201 3915 2343 3970 ultra
2390 3929 2552 3984 quam
2599 3926 2794 3983 sapere
2830 3925 2941 3964 non
2973 3916 3189 3977 oportet
3235 3906 3529 3976 sapiamus,
3574 3924 3672 3962 an.

2096 4007 2351 4076 xiamque
2403 4006 2604 4059 borum
2642 4000 3137 4070 investigationem,
3187 4014 3309 4068 quae
3356 3997 3517 4067 culpa
3566 4014 3676 4053 non

2095 4106 2274 4162 vacat,
2304 4094 2746 4167 praetermittere.
2774 4093 2855 4149 Ad
2886 4093 3001 4148 haec
3026 4100 3209 4145 autem
3235 4088 3401 4144 etiam
3429 4088 3583 4153 illud,
3618 4098 3676 4144 ut

2097 4188 2360 4252 arbitror,
2388 4186 2823 4242 animadvertere
2855 4190 3074 4253 oportet
3103 4201 3115 4236 :
3158 4189 3342 4236 utrum
3376 4180 3460 4245 iis,
3497 4178 3590 4249 qui
3620 4188 3677 4233 et

2094 4293 2216 4336 esse
2248 4287 2305 4333 et
2344 4277 2484 4332 bene
2520 4291 2640 4332 esse
2688 4274 2870 4345 adepti
2901 4282 3047 4337 sunt,
3080 4273 3253 4329 satius
3285 4272 3356 4325 sit
3385 4278 3536 4326 ortos
3565 4285 3674 4322 non

2094 4386 2216 4428 esse
2254 4386 2324 4427 an
2350 4383 2487 4424 vero
2522 4368 2805 4431 exsistere,
2857 4376 2914 4422 et
2957 4365 3234 4423 Creatoris
3284 4363 3675 4435 benignitatem

409 4458 696 4527 ισομένοις
724 4456 1007 4521 ἀθλίως,ει
1035 4458 1419 4529 παρενεχθείεν
1446 4461 1525 4522 είς
1558 4458 1790 4526 γένεσιν,
1820 4459 1880 4512 τὸ
1913 4458 1989 4530 μὴ

2095 4461 2394 4531 consequi;
2430 4459 2701 4528 siquidem
2738 4472 2920 4521 nemo,
2955 4472 3075 4511 mea
3109 4455 3330 4525 quidem
3379 4453 3671 4517 sententia,

408 4550 602 4605 τούτου
625 4552 808 4620 τυχεῖν
846 4550 1003 4603 νοοῖτ⁹
1032 4549 1098 4604 ἂν
1127 4550 1349 4614 εἰκότως
1376 4550 1597 4620 ἄμεινόν
1624 4566 1680 4603 τε
1713 4551 1806 4603 καὶ⁹
1834 4549 1987 4621 dips-

409 4643 680 4713 ’ςοῖιτῖερον⁸
712 4641 853 4696 κατὰ
871 4643 962 4695 τὸν
984 4642 1166 4704 αὑτὸν.
1199 4636 1376 4711 οἶμαι,
1412 4642 1612 4712 τρόπον
1651 4641 1744 4697 καὶ
1775 4643 1885 4705 τοῖς
1911 4641 1988 4705 ὡς

408 4734 612 4802 ἥκιστα
631 4732 1056 4803 διακεισομένοις
1078 4735 1266 4805 χρῆμα
1286 4733 1450 4787 καλὸν
1474 4749 1533 4786 τε
1553 4732 1647 4786 καὶ
1665 4731 1991 4799 ἀξιόληπτον

409 4824 472 4875 τὸ
509 4826 569 4875 ὲν
596 4824 829 4895 ὑπάρξει
859 4825 1113 4892 γενέσθαι
1149 4825 1245 4881 καὶ
1277 4824 1398 4896 ζῇν.
1436 4823 1501 4877 Τί
1540 4820 1654 4885 οὖν.
1694 4826 1815 4878 εἰπέ
1860 4840 1986 4894 μοι;

410 4915 626 4984 Χρῆναι
647 4916 758 4983 γὶρ
781 4915 957 4983 ἔγωγέ
991 4932 1131 4984 φημι
1157 4915 1249 4970 τόν
1281 4916 1374 4969 ἐπὶ
1396 4914 1516 4968 τόδε
1547 4915 1703 4983 λόγον
1732 4914 1992 4970 ἀναδιδά-

411 5004 605 5069 ζξσθαι
650 5005 790 5076 πρὸς
829 5006 985 5076 ἡμῶν
1026 5010 1119 5061 καὶ
1160 5010 1239 5071 είς
1286 5007 1355 5061 τὰ
1384 5008 1519 5062 πολὺ
1554 5007 1674 5061 λίαν
1725 5007 1834 5061 τῶν
1862 5009 1989 5061 καθ’

412 5097 563 5164 ἡμᾶς
604 5097 894 5151 ἐπίκειναο
928 5099 1071 5170 φημὶ
1115 5098 1171 5151 δὲ
1212 5099 1280 5170 δὴ
1315 5096 1473 5152 πάλιν
1516 5100 1641 5163 τοὺς
1688 5098 1991 5168 μακαρίους

409 5188 700 5255 ἀγγέλους.
736 5190 1063 5260 Πεποὶηνται
1099 5191 1155 5244 δὲ
1186 5190 1248 5261 δὴ
1280 5190 1430 5260 παρὰ
1456 5189 1619 5258 Θεοῦ,
1663 5192 1756 5243 καὶ
1792 5190 1890 5260 τὴν
1931 5188 1993 5255 ἐξ

408 5279 514 5332 οὐκ
548 5277 721 5332 ὄντων
763 5279 974 5350 ἔχουσιν
1004 5282 1084 5343 εἰς
1117 5281 1177 5334 τὸ
1210 5276 1351 5335 εἶναι
1380 5280 1613 5352 πάροδον
1646 5281 1899 5350 ’Δγγελοί
1933 5297 1994 5336 τε

409 5375 507 5425 καὶ
524 5372 580 5423 Ἀ
590 5371 899 5442 ρχὰγγελοι,
916 5372 1104 5441 Θρόνοι
1115 5390 1173 5429 τε
1190 5373 1283 5428 καὶ
1298 5373 1585 5440 Ἒξουσίαι,
1615 5374 1879 5444 Δυνάμεις
1902 5373 1994 5426 καὶ

421 5464 640 5533 ἰὶρχαι,
659 5464 754 5516 καὶ
787 5464 924 5517 αὐτὰ
953 5464 1009 5518 δὲ
1036 5465 1169 5534 πρὸς
1212 5466 1422 5529 τούτοις
1449 5467 1513 5521 τὰ
1543 5466 1792 5521 ἀνώτατα
1827 5466 1992 5534 Σερα-

412 5551 537 5623 φίμ.
582 5554 788 5608 Ἐτὲλει
812 5555 865 5609 δὲ
887 5559 980 5610 καὶ
1002 5557 1160 5619 αὐτὸς
1188 5558 1244 5609 ἐν
1273 5560 1380 5620 τοῖς
1410 5558 1688 5626 γεγονόσιν
1717 5558 1744 5611 ό
1776 5557 1989 5628 δράκων

487 5725 532 5758 ⁸⁸
558 5726 696 5783 Gen.
731 5744 808 5795 ιιι,
842 5729 922 5797 16,
968 5730 1048 5787 l7.
1131 5732 1171 5764 ¹⁹
1202 5731 1362 5787 Marc.
1406 5748 1511 5802 xxv,
1553 5733 1642 5788 2i.

2097 4551 2449 4609 dubitaverit.
2495 4548 2966 4616 Quemadmodum
3001 4548 3147 4603 enim
3186 4546 3273 4609 iis,
3303 4561 3538 4617 quorum
3566 4545 3671 4599 mi-

2098 4660 2221 4701 sera
2265 4642 2508 4699 conditio
2555 4650 2640 4696 est
2686 4641 2889 4706 futura,
2940 4642 2985 4695 si
3032 4640 3101 4695 ad
3144 4646 3326 4693 ortum
3377 4638 3671 4701 ducantur,

2099 4737 2270 4793 satius
2301 4734 2498 4790 merito
2525 4732 2985 4803 expetibiliusque
3015 4730 3199 4792 fuerit,
3235 4728 3279 4784 si
3315 4730 3369 4783 id
3397 4746 3507 4784 non
3540 4743 3674 4783 con-

2098 4833 2442 4897 sequantur:
2474 4822 2665 4879 eadem
2710 4821 2872 4892 plane
2918 4821 3128 4876 ratione
3181 4820 3269 4882 iis,
3318 4818 3412 4887 qui
3465 4832 3671 4886 nequa-

2099 4934 2261 4989 quam
2297 4917 2370 4970 ita
2401 4914 2581 4969 affecti
2608 4913 2832 4975 fuerint,
2872 4912 3103 4982 pulchra
3151 4909 3549 4977 laudabilisque
3588 4923 3673 4961 res

2098 5008 2189 5072 sit,
2209 5006 2471 5061 exsistere
2504 5021 2567 5058 ac
2587 5005 2791 5059 vivere.
2816 5002 2957 5070 Quid
2985 5002 3150 5073 igitur
3174 5002 3197 5056 ?
3222 5000 3473 5055 obsecro.
3494 4995 3671 5066 Opor-

2100 5106 2216 5152 tere
2248 5095 2394 5152 enim
2428 5109 2635 5150 censeo
2677 5108 2989 5151 sermonem
3034 5092 3136 5146 hac
3178 5089 3245 5143 de
3294 5104 3353 5141 re
3391 5088 3555 5141 etiam
3604 5087 3670 5141 ad

2098 5199 2337 5258 ca,‘qu:n
2387 5188 2548 5259 longe
2597 5186 2876 5257 superiora
2930 5182 3088 5238 nobis
3126 5186 3273 5242 sunt,
3319 5178 3572 5234 traduci:
3606 5178 3677 5245 ad.

2100 5280 2309 5342 beatos,
2346 5278 2591 5349 inquam,
2642 5290 2832 5330 rursus
2858 5270 3101 5340 angelos.
3133 5267 3280 5325 Facti
3309 5268 3455 5323 enim
3492 5275 3618 5321 sunt
3642 5284 3671 5319 ιι

2094 5372 2224 5426 Deo.
2251 5378 2306 5426 et
2335 5386 2365 5425 a
2394 5385 2503 5424 non
2532 5383 2651 5423 esse
2692 5366 2758 5422 ad
2790 5380 2913 5420 esse
2968 5368 3095 5418 sunt
3149 5361 3324 5415 vocati
3374 5358 3564 5431 Angeli
3617 5364 3672 5412 et

2093 5461 2437 5532 Areltangeli,
2476 5457 2685 5513 'l‘hroni
2713 5471 2773 5511 ac
2797 5456 3117 5518 Potestates,
3145 5453 3386 5507 Virtutes
3424 5460 3479 5505 et
3510 5450 3668 5505 Priu-

2093 5555 2328 5626 cipatus,
2385 5551 2602 5622 aliaque
2652 5548 2737 5605 his
2783 5547 2962 5607 adhuc
3004 5547 3307 5618 superiora,
3361 5541 3667 5613 Seraphim.
