4052 6212
307 368 378 424 23
1330 371 1386 426 S.
1427 372 1702 430 CYRILLI
1741 375 2214 453 ALEXANDRINI
2250 376 2565 438 ARCHIEP.
3491 381 3562 438 25

305 486 582 540 Accensus
633 495 815 540 autem
863 495 946 542 est
992 487 1158 542 etiam
1213 489 1266 542 in
1315 489 1402 555 iis,
1439 505 1560 559 quae
1590 492 1881 557 exsistunt,

1987 495 2015 546 ὁ
2037 493 2368 564 ἀποστάτης,
2398 494 2491 546 καὶ
2523 493 2580 546 αἰ
2613 495 2709 548 σὺν
2737 493 2886 563 αὐτῷ
2923 493 3182 565 δυνάμεις
3207 493 3263 546 αἰ
3303 499 3558 566 πονηραὶ,

306 576 475 633 draco
516 584 778 648 apostata,
815 579 1041 648 aliaeque
1069 595 1191 634 cum
1223 595 1290 635 eo
1330 596 1510 651 pravae
1541 591 1878 652 potestates:

306 676 363 723 et
393 674 549 723 erant
578 685 682 724 una
723 685 848 724 cum
894 670 1016 724 aliis
1057 672 1259 726 sanctis
1302 681 1465 742 atque
1521 675 1880 731 rationalibus

307 762 609 825 creaturis,
663 777 928 830 supernas
980 765 1290 818 mansiones
1335 765 1644 834 implentes,
1696 769 1878 822 excel-

304 851 482 906 lentes
529 853 584 906 in
621 853 812 922 gloria,
855 853 1015 925 longe
1048 857 1426 925 prazstantiore
1457 864 1513 912 et
1536 857 1876 928 incompara-

304 941 491 998 biliter
541 945 896 1011 sublimiore,
952 963 1112 1017 quam
1158 959 1346 1004 nostra
1401 958 1505 1014 est,
1565 950 1877 1007 conditione

304 1032 519 1101 praediti
543 1051 563 1086 :‘
589 1034 732 1088 unde
763 1035 969 1090 dictum
1005 1046 1088 1091 est
1109 1037 1237 1090 alibi
1268 1053 1298 1091 a
1329 1039 1439 1093 Deo
1469 1057 1482 1091 :
1517 1058 1533 1090 ι
1563 1039 1698 1095 Cum
1733 1039 1880 1096 Che-

304 1121 484 1178 rubim
505 1125 666 1194 posui
689 1135 740 1180 te
769 1127 833 1179 το.
864 1147 881 1178 ι
917 1128 1187 1183 Caeterum
1215 1128 1428 1186 ﬁrmam
1449 1131 1668 1201 quidem
1686 1149 1748 1187 ac
1763 1141 1876 1189 sta~

303 1211 470 1268 bilem
509 1231 662 1269 suam
706 1217 930 1287 gloriam
962 1218 1165 1273 habent
1189 1230 1375 1274 saneta
1397 1218 1716 1285 Cherubim,
1747 1236 1876 1292 pro-

302 1304 587 1376 priamque
617 1307 934 1378 dignitatem
958 1308 1336 1364 inconcussam
1364 1319 1589 1366 tuentur
1613 1329 1629 1365 :
1653 1320 1708 1366 et
1728 1313 1876 1368 mille

302 1395 476 1452 millia
497 1398 745 1454 serviunt
765 1399 897 1466 Deo,
936 1416 1000 1456 ac
1023 1401 1249 1456 totidem
1280 1403 1552 1474 myriades
1584 1405 1878 1460 astiterunt

301 1487 359 1544 ei
393 1492 456 1543 ".
493 1489 703 1560 Lapsus
741 1499 923 1546 autem
957 1500 1043 1547 est
1076 1508 1201 1547 cum
1227 1493 1350 1548 aliis
1383 1493 1629 1558 Satanas,
1671 1510 1876 1564 suaque

300 1583 473 1652 gloria
522 1584 784 1652 privatus.
821 1583 956 1638 Cum
985 1583 1166 1654 itaque
1191 1600 1222 1638 a
1251 1586 1469 1655 propria
1490 1601 1586 1641 sua
1611 1585 1877 1656 dignitate

302 1671 621 1728 deiecturus
647 1682 810 1738 esset,
839 1689 937 1728 sua
961 1683 1152 1743 sponte
1188 1676 1254 1730 ad
1284 1676 1673 1730 otl‘endendum
1704 1677 1876 1730 Deum

301 1777 603 1818 conversus
641 1763 844 1828 eﬂ‘ecit,
899 1770 960 1817 ut
1001 1779 1034 1817 a
1091 1763 1366 1818 creatione
1421 1773 1753 1830 sanctorum,
1789 1765 1876 1820 in-

1981 584 2076 636 καί.
2103 579 2242 654 ἦσαν
2273 583 2409 654 ὁμοῦ
2437 585 2550 647 τοῖς
2590 583 2772 647 ἄλλοις
2813 584 2992 653 ἁγίοις
3037 585 3130 637 καὶ
3167 583 3407 651 λογικοῖς
3447 587 3563 638 κτί-

1982 692 2170 746 σμασι,
2193 673 2296 739 τάς
2325 676 2437 729 ἀνω
2469 675 2804 746 πληροῦντες
2850 677 3037 747 μονὰς,
3065 675 3462 744 διαπρέποντες
3504 676 3563 730 ὲν

1979 767 2127 838 δόξῃ,
2159 768 2252 820 καὶ
2273 767 2382 820 τῶν
2405 767 2529 820 καθ’
2545 770 2696 838 ἡμᾶς
2718 767 2853 820 πολὺ
2883 767 2946 838 δὴ
2966 767 3085 820 λίαν
3106 769 3164 820 ὲν
3185 767 3452 836 ἀμείνοσι,
3469 769 3564 820 καὶ

1979 857 2316 928 ἀσύγκριτον
2347 857 2564 928 ἔχοντες
2590 858 2687 928 τὴν
2726 859 3017 928 ὑπεροχήν.
3053 857 3164 910 Καὶ
3190 855 3320 924 γοῦν
3349 857 3563 927 εἰρηταί

1979 964 2082 1000 που
2114 947 2265 1019 παρὰ
2293 948 2451 1001 Θεοῦ·
2491 969 2509 1001 ι
2543 950 2698 1004 Μετά
2727 950 2836 1001 τῶν
2870 949 3148 1020 Χερουϐὶμ
3173 949 3392 1003 τέθεικά
3417 967 3497 1004 σε.
3535 967 3557 1003 ι

1991 1038 2132 1092 Ἀλλ’
2166 1041 2565 1110 ἐρηρεισμένην
2617 1040 2716 1111 μὲν
2752 1039 2934 1110 ἔχουσι
2974 1039 3072 1109 τὴν
3115 1040 3278 1106 δόξαν
3321 1040 3388 1094 τά
3429 1041 3562 1108 ἅγια

1977 1130 2292 1200 Χερουϐὶμ,
2345 1132 2438 1183 καὶ
2482 1131 2644 1196 σώζει
2697 1130 2928 1200 βεϐαίως
2969 1130 3068 1201 τὴν
3108 1131 3314 1183 οἰκείαν
3361 1132 3557 1202 ἀρχήν.

1979 1222 2089 1273 Καὶ
2118 1221 2287 1292 χίλιαί
2315 1239 2375 1274 τε
2403 1222 2638 1292 χιλιάδες
2667 1220 3040 1292 λειτουργοῦσι
3066 1220 3214 1290 Θεῷ,
3243 1223 3336 1293 καί
3367 1221 3558 1292 μύριαι

1981 1311 2241 1384 μυριάδες
2281 1315 2742 1384 παρειστήκεισαν
2781 1312 2950 1382 αὐτῷ.
2988 1310 3300 1365 Κατὼλισθε
3345 1312 3400 1364 δὲ
3437 1312 3556 1381 μεθ’

1978 1402 2180 1473 ἑτέρων
2207 1403 2235 1454 ὁ
2274 1401 2546 1466 Σατανᾶς,
2579 1402 2674 1453 καὶ
2700 1401 2797 1471 τῆς
2827 1402 3031 1464 οἰκείας
3059 1399 3216 1471 δόξης
3246 1400 3555 1470 ἐστέρηται.

1981 1491 2103 1562 ’.ἄρ’
2143 1487 2236 1545 οὖν
2288 1492 2589 1562 ἐπειδήπερ
2642 1492 2930 1546 ἀπολιπεῖν
2980 1491 3172 1562 ἔμελλε
3204 1492 3302 1562 τὴν
3351 1491 3558 1543 οἰκείαν

1977 1584 2150 1654 ἀρχὴν
2178 1583 2459 1653 ἐθελοντὴς
2487 1581 2773 1646 διανεύσας
2809 1583 2901 1635 ἐπὶ
2938 1583 3000 1635 τὸ
3026 1583 3390 1654 προσκρούειν
3416 1581 3555 1651 Θεῷ·

1977 1673 2132 1726 ὄκνον
2149 1674 2498 1744 εἰσδέχεσθαι,
2515 1674 2604 1728 τὸν
2621 1675 2713 1727 ἐπὶ
2731 1676 2797 1745 τῇ
2839 1674 3052 1744 ποιήσει
3076 1691 3148 1744 φη
3158 1675 3218 1743 μὶ
3263 1673 3369 1727 τῶν
3391 1674 3562 1741 ἁγίων

1979 1765 2244 1832 ἀγγέλων,
2267 1767 2358 1819 τὸν
2389 1766 2498 1820 τῶν
2533 1767 2669 1820 ὅλων
2701 1766 2890 1837 ἐδέησε
2915 1765 3259 1836 Δημιουργδν
3279 1805 3292 1828 ,
3324 1766 3419 1817 καὶ
3459 1763 3559 1834 τὴν

302 1867 489 1924 quam,
536 1856 875 1925 angelorum,
911 1854 1300 1910 universorum
1329 1854 1523 1926 Opifex
1561 1857 1872 1923 desisteret,

1983 1855 2124 1908 οὕτω
2157 1856 2414 1927 λαμπρὰν
2447 1857 2541 1909 καὶ
2585 1832 2910 1924 ἀξιάγαστον
2937 1832 3328 1907 ἀποσείσασθαι
3359 1832 3555 1907 κτίσιν.

300 1945 358 2014 8
403 1944 647 2015 adeoque
687 1945 943 2000 eximiam
969 1954 1132 2016 atque
1170 1947 1548 2002 admirabilem
1572 1957 1878 2004 creaturam

297 2033 640 2094 deturbaret.
686 2038 756 2094 At
786 2056 917 2095 vero
957 2055 1068 2111 quo
1116 2049 1274 2111 pacto
1303 2057 1413 2096 non
1451 2041 1650 2110 injuria
1686 2041 1879 2096 affecta

303 2125 606 2195 videretur,
649 2129 756 2186 nisi
804 2131 870 2185 ad
905 2139 1087 2186 ortum
1123 2131 1358 2187 adducta
1395 2129 1608 2197 fuisset,
1645 2133 1881 2187 circum-

301 2230 455 2279 stans
476 2237 601 2276 eum
626 2238 692 2277 eo
719 2238 892 2294 usque
921 2233 976 2279 et
1004 2225 1309 2279 inserviens
1335 2224 1649 2288 multitudo,
1681 2240 1745 2280 ac
1769 2226 1881 2280 Deo

302 2311 540 2366 creatori
590 2312 858 2384 integram
903 2329 960 2368 se
1012 2329 1258 2380 servans,
1293 2323 1347 2368 et
1383 2315 1618 2383 proprize
1649 2330 1761 2369 suae
1794 2315 1880 2369 di-

301 2402 526 2474 gniu’is
587 2403 922 2458 oblivionem
984 2420 1332 2476 nequaquam
1399 2406 1510 2475 pati
1557 2406 1883 2461 sustinens?

302 2492 446 2561 Quid
498 2497 669 2561 enim,
727 2495 816 2552 dic
855 2497 1010 2562 mihi,
1046 2497 1201 2552 valde
1227 2498 1402 2561 obest,
1429 2498 1472 2552 si
1493 2498 1742 2552 nonnulli
1767 2514 1881 2568 pra:

301 2601 400 2642 sua
452 2588 764 2658 arrogantia
816 2604 879 2643 ac
912 2588 1075 2652 fastu,
1133 2605 1162 2642 a
1211 2589 1356 2643 bono
1398 2597 1561 2654 statu,
1591 2589 1705 2644 sive
1733 2605 1877 2654 esse,

301 2680 672 2736 exciderunt?
706 2681 770 2735 Hi
809 2697 940 2737 vero
994 2683 1104 2736 illis
1137 2681 1548 2751 praastantiores
1583 2697 1708 2736 cum
1769 2682 1880 2735 Deo

301 2771 612 2837 exsistunt,
683 2772 964 2842 ipsiusque
1013 2772 1350 2843 benignitate
1408 2771 1617 2826 aﬂ‘atim
1669 2772 1878 2836 referti,

301 2863 540 2918 assiduis
571 2871 735 2933 atque
779 2863 1218 2919 indesinentibus
1245 2863 1502 2918 laudibus
1534 2879 1658 2918 eum
1690 2879 1880 2932 prosc-

301 2961 570 3023 quuntur.
618 2952 698 3008 Ac
745 2953 812 3009 de
840 2953 990 3024 ipsis,
1033 2955 1292 3018 arbitror,
1327 2955 1456 3009 alibi
1492 2955 1684 3010 beatus
1712 2955 1881 3009 David

300 3043 545 3114 loquitur
580 3064 594 3098 :
638 3065 654 3096 ι
691 3045 842 3101 Beati
873 3062 1064 3102 omnes
1110 3048 1421 3102 habitantes
1455 3047 1511 3099 in
1555 3047 1716 3100 domo
1766 3055 1878 3110 tua,

300 3135 360 3191 in
408 3136 607 3192 saecula
643 3139 967 3190 saeculorum
993 3138 1299 3192 laudabunt
1339 3145 1389 3190 te
1423 3139 1488 3188 ”.
1532 3155 1549 3186 ι
1590 3134 1726 3190 Cum
1751 3151 1882 3205 ergo
1909 3163 1949 3217 ο

301 3221 370 3277 de
399 3223 486 3277 his
523 3238 706 3277 sermo
732 3224 804 3276 ita
840 3238 896 3277 se
924 3224 1143 3289 habeat,
1179 3241 1298 3296 age,
1338 3225 1503 3279 etiam
1531 3225 1586 3278 in
1637 3225 1725 3289 iis,
1759 3242 1880 3296 quae

302 3311 371 3365 ad
425 3326 527 3366 nos
582 3311 732 3382 ipsos
753 3312 1056 3382 pertinent,
1095 3315 1345 3369 eamdem
1381 3315 1879 3371 considerationem

301 3401 680 3457 adhibeamus.

370 3493 423 3548 4.
454 3494 654 3549 Factus
671 3494 820 3550 enim
849 3505 933 3552 est
967 3496 1022 3552 in
1054 3497 1327 3568 principio
1349 3499 1536 3567 homo,
1573 3515 1685 3555 suae
1713 3499 1882 3570 ipsius

302 3583 599 3639 voluntatis
619 3583 894 3652 dominus,
938 3587 1210 3657 liberque,
1241 3589 1309 3643 ad
1344 3589 1490 3658 quod
1518 3589 1671 3654 velit,
1699 3597 1882 3644 motus

303 3675 355 3728 ei
405 3683 489 3730 est
529 3677 900 3732 concreditus.
952 3677 1119 3734 Liber
1151 3679 1298 3733 enim
1321 3688 1404 3734 est
1435 3681 1599 3744 Deus,
1630 3680 1699 3734 ad
1725 3681 1882 3750 cujus

305 3765 597 3836 imaginem
637 3766 906 3824 formatus
930 3778 1032 3825 est.
1061 3770 1138 3824 Ita
1168 3770 1462 3841 siquidem,
1492 3787 1670 3840 neque
1698 3772 1878 3837 aliter,

302 3855 522 3914 laudem
554 3860 814 3931 consequi
847 3859 1079 3930 poterat,
1111 3877 1276 3932 quam
1315 3862 1361 3916 si
1395 3863 1739 3916 voluntarius
1760 3877 1880 3917 cer-

304 3959 531 4004 neretur
571 3952 794 4008 virtutis
845 3963 1139 4023 operator,
1181 3970 1520 4026 operumque
1562 3955 1878 4025 puritatem,

304 4047 565 4111 tanquam
616 4045 819 4100 mentis
864 4044 1103 4100 fructum
1149 4047 1360 4113 ederet,
1384 4063 1496 4102 non
1522 4047 1691 4101 veluti
1719 4056 1883 4101 natu-

305 4133 435 4188 ralis
485 4135 830 4190 necessitatis
871 4137 1150 4202 eﬂ‘ectum,
1204 4154 1327 4208 qua:
1353 4147 1506 4193 extra
1530 4139 1582 4192 id
1610 4139 1756 4208 quod
1781 4139 1882 4193 bo-

303 4237 438 4279 num
478 4231 584 4290 est,
630 4240 758 4279 eum
795 4224 924 4279 ferri
970 4242 1081 4281 non
1127 4227 1355 4292 sineret,
1396 4229 1610 4282 etiamsi
1656 4229 1710 4282 id
1736 4230 1883 4298 quod

306 4313 412 4368 tale
446 4329 553 4368 non
587 4324 690 4381 est,
719 4315 898 4372 facere
926 4317 1109 4373 vellet.
1144 4317 1387 4388 Adeptus
1433 4319 1598 4391 igitur
1650 4327 1734 4375 est
1777 4320 1883 4374 ini-

307 4403 386 4459 tio
415 4404 580 4458 homo
609 4405 846 4461 liberum
872 4415 1034 4476 atque
1059 4407 1373 4482 expeditum
1399 4409 1466 4463 ad
1488 4409 1738 4480 quamvis
1767 4424 1884 4464 rem

1984 1943 2117 1998 Εἶτα
2141 1945 2257 2008 πῶς
2285 1948 2384 2000 οὐκ
2415 1947 2482 2000 ἂν
2509 1945 2795 2016 ἠδικῆσθαι
2830 1944 3052 2008 δόξειεν,
3097 1943 3146 1994 εἰ
3192 1943 3266 2012 μὴ
3299 1940 3554 2010 παρήχθη

1983 2035 2118 2106 πρὸς
2139 2035 2351 2103 γένεσιν
2385 2037 2416 2107 ἡ
2448 2033 2779 2106 παρεστῶσά
2808 2050 2864 2085 τε
2898 2035 2976 2095 εἰς
3002 2031 3163 2100 δεῦρο
3191 2030 3288 2083 καὶ
3312 2029 3554 2096 λειτουρ-

1979 2127 2154 2196 γοῦσα
2187 2126 2393 2197 πληθὺς
2411 2166 2426 2191 ,
2452 2129 2547 2181 καὶ
2574 2126 2695 2196 Θεῷ
2716 2126 2792 2197 τῷ
2815 2122 3204 2194 τεκτηναμένῳ
3226 2119 3468 2190 τηροῦσα
3492 2118 3559 2170 τὸ

1980 2219 2224 2288 γνήσιον,
2251 2219 2345 2270 καὶ
2376 2217 2439 2270 τὸ
2468 2219 2547 2280 εἰς
2569 2217 2741 2288 λήθην
2763 2214 2937 2268 ἐλθεῖν
2967 2213 3067 2282 τῆς
3099 2211 3234 2273 ἰδίας
3252 2209 3436 2279 ’ἀρχῆς
3456 2207 3558 2260 οὐκ

1980 2307 2284 2378 ἀνεχομένη
2310 2307 2538 2374 παθεῖν;
2573 2307 2640 2360 Τί
2667 2306 2797 2377 γὰρ,
2828 2305 2947 2358 εἰπέ
2991 2321 3100 2375 μοι,
3132 2302 3193 2355 τὸ
3229 2300 3432 2369 σφόδρα
3461 2298 3556 2350 λυ-

1981 2400 2136 2464 ποῦν,
2181 2401 2230 2452 εἰ
2275 2397 2684 2469 διημαρτήκασι
2715 2414 2859 2460 τινες
2905 2395 2966 2460 ἐξ
3011 2392 3312 2465 ὑπεροψίας
3354 2389 3450 2442 τοῦ
3495 2384 3556 2442 εὖ

1981 2487 2118 2544 εἶναι
2147 2490 2341 2560 τυχόν;
2378 2490 2646 2557 Ἀλλ“οἴγε
2671 2491 2876 2542 τούτων
2901 2487 3176 2558 ἀμείνους,
3207 2485 3396 2537 ἑστᾶσι
3421 2482 3558 2551 μετά

1980 2582 2136 2644 Θεοῦ,
2181 2583 2276 2634 καὶ
2305 2581 2402 2651 τῆς
2439 2581 2777 2650 ἡμερότητος
2805 2579 2970 2633 αὑτοῦ
3020 2577 3291 2637 πλουσίως
3320 2574 3560 2642 ἀναπιμσο

1981 2674 2244 2744 πλὰμενοι
2269 2714 2284 2738 ,
2334 2677 2571 2745 μακραῖς
2634 2674 2728 2726 καὶ
2764 2671 3162 2740 ἀκαταλήκτοις
3235 2663 3560 2730 δοξολογίαις

1980 2766 2456 2836 καταγεραίρουσι.
2493 2765 2603 2817 Καὶ
2630 2764 2760 2833 περὶ
2787 2762 2988 2826 αὐτῶν,
3019 2756 3170 2830 οἶμαί
3195 2775 3320 2819 που,
3345 2756 3509 2826 φησὶν
3529 2755 3560 2805 ό

1986 2858 2252 2930 μακάριος
2277 2858 2439 2912 Δαϐίδ
2459 2875 2472 2888 ο
2510 2877 2528 2910 ι
2562 2857 2836 2928 Μακάριοι
2870 2856 3072 2918 πάντες
3103 2853 3152 2906 οἰ
3179 2849 3558 2912 κατοικοῦντες

1982 2953 2039 3003 ὲν
2061 2949 2138 3020 τῷ
2159 2952 2292 3020 οἴκῳ
2313 2965 2428 3011 σου,
2460 2951 2538 3012 εἰς
2559 2950 2685 3011 τοὺς
2702 2948 2904 3010 αἰῶνας
2925 2946 3032 2999 τῶν
3055 2945 3268 2998 αἰώνων
3284 2938 3555 2996 αἰνὲσουσί

1984 3057 2064 3093 σε.
2105 3058 2124 3092 ι
2167 3041 2418 3109 Ἐχοντος
2450 3039 2506 3092 δὲ
2544 3032 2645 3091 ὦδε
2676 3038 2771 3091 τοῦ
2803 3038 2931 3108 περὶ
2963 3036 3168 3090 τούτων
3196 3034 3392 3118 λόγου,
3423 3031 3557 3102 φέρε

1983 3129 2241 3194 καθέντες
2265 3131 2365 3202 τὴν
2397 3131 2628 3200 βάσανον
2661 3131 2756 3184 καὶ
2785 3132 2842 3184 ὲν
2870 3133 2981 3192 τοῖς
3009 3129 3131 3183 καθ’
3163 3127 3311 3199 ἡμᾶς
3337 3121 3556 3188 αὐτοὺς.

1983 3221 2157 3276 ἐκεῖνο
2179 3220 2620 3292 διασκεψώμεθα.

2051 3502 2114 3556 δ’.
2151 3500 2424 3570 Πεποίητο
2465 3500 2564 3570 μὲν
2591 3499 2701 3572 γὰρ
2732 3501 2760 3553 ὀ
2799 3497 3084 3570 ἄνθρωπος
3125 3497 3183 3548 ὲν
3222 3495 3419 3566 ἀρχαῖς
3449 3493 3561 3548 τῶν

1986 3590 2129 3644 ἰδίων
2154 3589 2473 3660 θελημάτων
2504 3589 2602 3652 τὰς
2645 3589 2799 3659 ⁴ἡνίας
2830 3585 3294 3657 πεπιστευμένος,
3329 3586 3423 3639 καὶ
3461 3583 3559 3655 τὴν

1982 3682 2065 3750 ἐφ’
2093 3674 2246 3752 ᾧπερ
2279 3681 2344 3734 ἂν
2368 3680 2543 3734 ἕλοιτο
2586 3678 2756 3750 ῥοπὴν
2789 3678 3080 3748 ἀνειμένην
3109 3676 3269 3747 ἔχων.
3316 3673 3560 3728 Ἐλεύθε-

1984 3787 2076 3841 ρον
2101 3769 2210 3840 γάρ
2237 3768 2297 3822 τὸ
2319 3767 2492 3832 Θεῖον,
2523 3768 2659 3838 πρὸς
2679 3765 2708 3819 ὃ
2732 3765 2826 3818 καὶ
2860 3765 3207 3835 μεμόρφωτο.
3232 3757 3361 3813 Ὧδε
3388 3758 3447 3812 δὲ
3469 3753 3558 3830 ἦν,

1981 3858 2155 3931 οἶμαι,
2196 3859 2290 3915 καὶ
2333 3860 2432 3929 οὐχ
2461 3859 2660 3928 ἑτέρως
2707 3856 3008 3926 κεκτῆσθαι
3036 3855 3095 3908 τὸ
3122 3853 3482 3920 ἀξιάγαστον,
3511 3850 3560 3902 εἰ

1982 3952 2272 4024 ἐθελοντὴς
2315 3950 2490 4022 ὁρῷτο
2521 3951 2620 4019 τῆς
2661 3949 2866 4020 ἀρετῆς
2905 3949 3163 4019 ὲργάτης,
3209 3947 3305 4000 καὶ
3337 3944 3562 4014 γνώμης

1984 4047 2122 4117 ἔχων
2155 4043 2366 4114 καρπὸν
2386 4082 2401 4106 ,
2427 4041 2488 4094 τὸ
2520 4043 2576 4094 ὲν
2609 4040 2790 4111 ἔργοις
2830 4039 3138 4110 εἰλικρινὲς,
3175 4038 3273 4091 οὐκ
3318 4037 3560 4107 ἀνάγκης

1984 4139 2173 4208 ὥσπερ
2210 4134 2556 4202 ἀποτέλεσμα
2588 4133 2843 4202 φυσικῆς,
2877 4131 2975 4187 οὐκ
3009 4128 3255 4199 ἐφιείσης
3283 4127 3418 4191 ὅλως
3458 4125 3563 4191 ἔξω

1986 4229 2249 4300 φέρεσθαι
2275 4226 2371 4280 τοῦ
2400 4225 2588 4292 καλοῦ,
2618 4225 2721 4278 κᾶν
2757 4225 2803 4276 εἰ
2831 4223 2965 4295 δρᾷν
2991 4222 3167 4275 ἕλοιτο
3195 4221 3254 4274 τὸ
3286 4220 3360 4291 μὴ
3390 4220 3562 4283 οὓτως

1986 4318 2128 4388 ἔχον.
2161 4315 2370 4370 Οὐκοῦν
2402 4315 2611 4383 ἀνῆπτο
2639 4315 2736 4383 μὲν
2763 4315 2820 4365 ἐν
2847 4315 3043 4382 ἀρχαῖς
3071 4314 3100 4364 ὁ
3137 4311 3422 4380 ἄνθρωπος
3461 4311 3566 4374 τὴν

1987 4407 2071 4476 ἐφ’
2099 4407 2271 4460 ἅπασι
2293 4406 2405 4465 τοῖς
2426 4402 2720 4472 πρακτέοις
2743 4400 3035 4469 ἀνειμένην
3054 4415 3114 4451 τε
3136 4399 3231 4451 καὶ
3247 4397 3444 4466 ἄφετον
3462 4395 3562 4463 τῆς

309 4497 575 4568 agendam
623 4499 824 4554 mentis
878 4508 1086 4554 motum
1125 4519 1138 4554 :
1188 4510 1446 4556 caeterum
1491 4501 1745 4557 draconis
1778 4502 1881 4555 im-

1986 4498 2220 4559 διανοίας
2244 4496 2415 4568 ῥοπήν
2430 4511 2444 4525 ⁶
2467 4493 2602 4548 ἀλλά
2623 4496 2734 4556 τοῖς
2755 4495 2850 4544 τοῦ
2870 4492 3160 4563 δράκοντος
3183 4491 3556 4558 φενακισμοῖς,

312 4589 557 4658 posturis
613 4590 683 4644 ad
717 4607 842 4661 qua:
868 4593 1096 4648 minime
1129 4593 1510 4658 conveniebat,
1565 4594 1887 4664 impruden-

1985 4592 2069 4658 ἐφ’
2098 4588 2133 4643 ἃ
2167 4589 2241 4659 μὴ
2270 4585 2569 4658 προσῆκεν,
2606 4581 2880 4645 ἀσυνέτως
2915 4580 3334 4653 παρεκομίζετο,
3363 4577 3458 4631 καὶ
3489 4576 3557 4630 δι’

308 4688 392 4734 ter
443 4689 527 4734 est
566 4681 850 4750 abreptus,
895 4683 1212 4754 nullamque
1252 4684 1413 4754 plane
1443 4685 1881 4755 transgressionis

1985 4678 2198 4742 οὐδενὸς
2251 4678 2487 4730 ἐποιεῖτο
2547 4675 2704 4743 λόγου
2753 4671 2851 4745 τὴν
2902 4670 3232 4743 παράϐασιν.
3290 4667 3560 4737 Ταύτῃτοι

307 4770 580 4826 rationem
608 4771 819 4826 habuit.
863 4772 1074 4828 Idcirco
1107 4783 1283 4830 morte
1306 4783 1470 4845 atque
1496 4775 1721 4830 interitu
1750 4776 1889 4830 mul-

307 4869 453 4918 tatus
500 4873 585 4918 est
609 4902 622 4927 ,
670 4863 1024 4934 praevidente,
1056 4874 1117 4921 ut
1136 4867 1392 4931 arbitror,
1425 4868 1538 4922 Deo
1574 4869 1886 4934 utilitatem,

306 4967 428 5025 qua:
472 4954 527 5008 id
579 4955 726 5026 quod
776 4955 1052 5012 acciderat
1099 4967 1356 5013 secutura
1393 4968 1557 5016 esset.
1607 4959 1886 5016 Converso

307 5045 454 5099 enim
488 5047 655 5101 semel
691 5047 759 5101 ad
797 5056 1081 5117 peccatum
1112 5049 1353 5114 homine,
1380 5051 1660 5121 ipsiusque
1685 5061 1882 5108 natura

308 5135 611 5193 deﬂexione
662 5138 718 5193 in
769 5138 964 5194 vitium
999 5139 1301 5204 laborante,
1354 5141 1526 5196 instar
1560 5142 1671 5198 fere
1700 5143 1883 5212 impu-

311 5240 496 5280 rorum
541 5227 854 5296 spirituum,
899 5236 1224 5299 perpetuum
1266 5229 1320 5283 in
1357 5237 1506 5284 terra
1536 5231 1738 5285 malum
1785 5232 1883 5288 de-

309 5319 642 5386 prehensum
691 5330 792 5375 est.
851 5321 1070 5378 Utiliter
1123 5321 1306 5392 itaque
1345 5323 1564 5378 inventa
1585 5331 1670 5378 est
1701 5323 1883 5379 carnis

311 5422 480 5472 mors,
504 5424 616 5464 non
635 5408 692 5464 in
714 5410 1024 5467 absolutum
1047 5413 1330 5470 interitum
1353 5413 1551 5469 animal
1567 5414 1881 5485 traducens,

314 5498 414 5554 sed.
443 5500 626 5570 potius
666 5500 723 5556 in
754 5503 1183 5570 renovationem,
1205 5513 1390 5575 atque,
1418 5513 1479 5562 ut
1507 5505 1580 5560 ita
1612 5505 1880 5572 dicamus,

317 5593 574 5660 tauquam
611 5605 708 5646 vas
733 5593 1007 5663 quoddam
1033 5593 1370 5650 contractum
1392 5610 1492 5651 suo
1523 5604 1766 5668 tempore
1791 5613 1883 5650 re-

1987 4768 2372 4834 κατεδικάζετο
2415 4767 2631 4837 θανάτῳ
2670 4765 2764 4819 καὶ
2807 4764 3011 4836 φθορᾷ,
3051 4757 3518 4833 προαναθροῦντος
3541 4797 3558 4820 ,

1986 4859 2163 4934 οἶμαι,
2194 4863 2329 4916 Θεοῦ
2355 4861 2416 4914 τὸ
2436 4861 2512 4924 ὡς
2538 4861 2593 4914 έν
2625 4877 2689 4930 γε
2712 4858 2788 4929 τῷ
2809 4855 3174 4928 συμϐεϐηκότι
3195 4850 3562 4906 λυσιτελέστε-

1997 4972 2106 5026 ρον.
2129 4953 2494 5017 Διανενευκὼς
2511 4953 2622 5024 γάρ
2642 4951 2787 5016 ἅπαξ
2808 4953 2888 5014 εἰς
2917 4945 3184 5019 ἁμαρτίαν
3207 4947 3237 4999 ὁ
3254 4936 3562 5016 ἄνθρωπος,

1990 5049 2084 5101 καὶ
2111 5047 2497 5120 ἀρρωστούσης
2521 5045 2668 5116 αὐτῷ
2692 5044 2792 5115 τῆς
2818 5043 3030 5112 φύσεως
3050 5040 3151 5110 τὴν
3179 5041 3260 5102 εἰς
3287 5039 3356 5092 τὰ
3384 5037 3568 5107 φαῦλα

1993 5138 2186 5209 ῥοπὴν,
2223 5140 2282 5191 ὲν
2315 5139 2415 5208 ἴσῳ
2449 5154 2552 5191 που
2590 5137 2732 5206 τάχα
2759 5137 2872 5198 τοῖς
2903 5131 3233 5202 ἀκαθάρτοις
3266 5129 3564 5200 πνεύμασι,

1989 5229 2233 5299 διηνεκὲς
2266 5228 2360 5282 ἐπὶ
2391 5230 2496 5299 γῆς
2524 5227 2878 5296 κατεφωρᾶτο
2899 5223 3087 5278 κακόν.
3129 5223 3434 5276 Ἐπενοεῖτο
3457 5221 3565 5273 τοί-

1992 5338 2085 5374 νυν
2113 5321 2401 5392 χρησίμως
2419 5322 2447 5373 ὁ
2471 5319 2572 5389 τῆς
2600 5316 2799 5384 σαρκὸς
2829 5317 3078 5379 θάνατος,
3111 5315 3213 5368 οὐκ
3246 5314 3325 5377 εἰς
3345 5312 3562 5388 ὄλεθρον

1989 5410 2210 5481 ὁλοτελῆ
2255 5408 2642 5482 παραπέμπων
2687 5407 2749 5461 τὸ
2792 5406 2961 5472 ζῶον·
2998 5407 3079 5468 εἰς
3127 5400 3472 5472 καινουργίαν
3502 5395 3560 5448 δὲ

1994 5503 2215 5574 μᾶλλον,
2253 5503 2367 5570 καὶ,
2391 5501 2458 5555 ἶν’
2482 5499 2660 5564 οὕτως
2678 5500 2942 5570 εἴπωμεν,
2968 5500 3049 5561 εἰς
3079 5493 3378 5604 ἀνασὲιευέλν
3391 5483 3481 5543 οἷά
3505 5502 3592 5604 τιι

1991 5595 2186 5661 σκεῦος
2239 5592 2699 5664 συντεθλασμένον
2747 5591 2888 5646 κατὰ
2937 5589 3160 5662 καιροὺς
3211 5579 3586 5654 ὲφυλάττετο.ξ

388 5769 432 5802 "
457 5767 657 5824 Ezecb.
689 5784 874 5838 xxvut,
900 5769 985 5825 ιι.
1059 5772 1100 5804 ³⁸
1128 5771 1264 5827 Dan.
1296 5787 1389 5838 vn,
1423 5770 1506 5826 l0.
1583 5773 1626 5804 ³³
1654 5771 1795 5827 Psal.
1837 5787 2056 5840 unm,
2091 5771 2149 5829 5.
