4050 6210
375 333 450 392 25

1408 335 1676 389 nutent
1687 335 1927 390 ιιωιυν

2032 346 2035 388 ι
2074 338 2375 392 emesm
2415 338 2543 393 Lm.
2589 350 2628 392 ι.
3554 323 3623 376 26

375 447 502 503 Ὅτι
539 445 639 515 μὶν
671 441 786 517 γὰρ
816 444 1151 517 συμϐήσεται
1183 444 1387 518 μεταξὺ
1420 445 1499 517 τῷ
1520 446 1645 519 ζώῳ
1671 449 1732 502 τὸ
1764 448 1927 503 παθεῖ

2058 449 2352 506 flciendum
2381 446 2638 507 servavit.
2664 450 2822 520 Quod
2859 453 3006 508 enim
3036 452 3142 510 hoc
3170 454 3380 511 homini
3408 466 3636 513 eventu-

371 537 470 611 τὴν
499 536 741 608 φθορὰν,
768 537 870 590 οὐκ
904 536 1172 609 ἠγνόηκεν
1205 540 1234 592 ό
1279 538 1642 610 Δημιουργδς,
1675 538 1791 591 ἀλλ’
1821 540 1953 610 ηπί-

369 645 562 691 στατο.
600 628 742 701 μετὰ
777 629 968 682 τούτου
1001 630 1096 682 καὶ
1130 629 1240 682 τῶν
1276 630 1493 683 ἀτόπων
1523 630 1621 701 τὴν
1648 630 1822 693 λύσιν,
1859 633 1954 685 καὶ

364 719 468 790 τῆς
490 717 705 790 φθορᾶς
734 718 834 789 τὴν
864 718 1161 789 ἀναίρεσιν,
1194 720 1288 773 καί
1310 720 1388 783 είς
1420 720 1481 774 τὸ
1504 719 1725 791 ἄμεινον
1757 721 1953 774 ἀνακο-

370 812 552 882 μιδὴν,
579 809 805 863 καὶτῶν
829 810 889 863 ὲν
916 809 1109 881 ἀρχαῖς
1129 809 1349 878 ἀγαθῶν
1369 810 1467 882 τὴν
1485 810 1769 882 ἀνάληψιν.
1795 810 1948 883 "usa

366 903 476 975 γὰρ
500 904 586 957 δτι
625 901 837 972 πέμψει
880 903 1023 956 κατά
1050 903 1276 974 καιροὺς
1305 902 1397 956 τὸν
1429 903 1560 956 ἴδιον
1603 902 1731 957 Υἱὸν
1764 903 1823 956 ὲν
1856 904 1950 956 ἀν-

372 995 616 1066 θρωπεία
658 996 840 1065 μορφῇ
869 993 1258 1066 τεθνηξόμενον
1305 994 1446 1065 ὑπὲρ
1483 993 1640 1065 ήμῶν
1662 1034 1677 1058 ,
1715 995 1809 1049 καὶ
1852 993 1948 1048 τοῦ

374 1085 602 1138 θανάτου
645 1082 1023 1138 καταλύσοντα
1065 1085 1296 1156 κράτος,
1340 1084 1429 1138 ῖνα
1472 1086 1567 1139 καὶ
1609 1083 1819 1156 νεκρῶν
1853 1087 1949 1139 καὶ

373 1175 590 1239 ζώντων
624 1173 909 1246 κυριεύσῃ.
945 1175 1010 1228 Τί
1047 1176 1191 1249 γάρ]
1225 1179 1274 1230 εἰ
1310 1176 1386 1249 μὴ
1419 1176 1619 1239 πάντες
1657 1175 1947 1229 πεπιστεύ-

369 1282 560 1329 κασιν,
599 1265 713 1319 ἀλλ’
752 1266 856 1336 ἦγε
903 1264 1015 1320 τῶν
1058 1268 1416 1339 σεσωσμένων
1458 1266 1666 1339 πληθὺς
1697 1266 1945 1338 ἀριθμῶν

362 1359 633 1428 κρείττων
666 1360 986 1433 ὑπάρχουσα
1009 1399 1026 1424 ,
1070 1359 1173 1430 τῆς
1215 1360 1438 1415 ἐκείνων
1475 1359 1752 1423 ἀπωλείας
1780 1360 1945 1413 οἱονεὶ

364 1451 767 1522 κατορχήσεται
796 1467 813 1481 ·
862 1450 958 1505 καὶ
1000 1450 1063 1504 τὸ
1104 1449 1308 1505 λυποῦν
1349 1450 1437 1504 ἐπ’
1482 1450 1733 1517 ἐκείνοις,
1774 1449 1941 1504 ἕωλον

368 1542 664 1605 ἀποτανεί,
699 1541 985 1612 μονονουχὶ
1028 1541 1262 1610 λέγουσα
1279 1557 1294 1572 ·
1332 1540 1634 1612 Τοιγαροῦν
1682 1558 1701 1592 ι
1732 1540 1940 1594 ἔδονται

363 1631 463 1699 τῆς
497 1630 708 1683 ἑαυτῶν
742 1629 864 1684 ὁδοῦ
897 1631 1022 1693 τοὺς
1062 1631 1326 1702 καρπούς.
1366 1649 1386 1682 ι
1423 1628 1793 1707 ,διασώζεσθαι
1831 1630 1939 1702 γὰρ

357 1720 502 1787 ἐξὸν,
529 1723 582 1775 εἰ
616 1722 984 1793 βεϐοὑλοιντο,
1017 1722 1111 1778 καὶ
1135 1722 1416 1796 διαδρᾶναι
1462 1724 1559 1794 μὲν
1596 1722 1704 1776 τῶν
1736 1723 1937 1795 μεταξὺ

2062 556 2184 597 rum
2217 551 2384 609 esset,
2422 551 2482 599 ut
2523 542 2809 599 interitum
2837 544 3068 611 subiret,
3102 561 3449 618 nequaquam
3478 549 3655 620 igno-'

2059 634 2219 690 rabat
2268 634 2528 704 Creator;
2550 636 2647 692 sed
2690 636 2898 693 sciebat
2925 637 3342 694 subsecuturam
3368 639 3426 710 9
3446 650 3634 710 postea

2058 726 2188 781 mali
2232 726 2585 793 solutionem,
2633 736 2691 783 et
2736 726 2992 783 interitus
3024 727 3380 793 ablutionem,
3408 730 3634 784 restitu-

2058 814 2372 885 tionemque
2406 816 2462 870 in
2492 816 2711 881 melius,
2741 832 2806 872 ac
2825 817 3182 886 pristinorum
3225 816 3495 883 bonorum
3549 835 3634 875 re-

2056 906 2382 974 eeptionem.
2426 907 2645 963 Sciebat
2701 909 2850 963 enim
2896 909 3043 980 quod
3091 910 3334 987 mitteret
3364 926 3466 965 suo
3489 919 3633 965 tem-

2054 1008 2187 1063 pore
2214 994 2413 1050 Filium
2432 1012 2593 1053 suum
2614 997 2672 1052 in
2699 997 2939 1052 humana
2965 997 3159 1063 forma,
3197 999 3292 1068 qui
3326 1013 3427 1068 pro
3470 999 3632 1055 nobis

2053 1086 2355 1142 moriturus
2384 1095 2550 1153 esset,
2601 1088 2903 1159 mortisque
2948 1088 3239 1159 imperium
3301 1089 3627 1155 aboliturus,

2052 1184 2114 1231 ut
2158 1177 2410 1232 vivorum
2447 1179 2611 1233 simul
2650 1187 2706 1234 et
2745 1187 3091 1234 mortuorum
3122 1178 3456 1235 dominetur.
3485 1179 3627 1247 Quid

2048 1266 2243 1322 enim?
2267 1268 2324 1324 Si
2349 1284 2458 1323 non
2478 1283 2669 1325 omnes
2696 1269 3073 1335 crediderunt,
3102 1278 3253 1324 certe
3295 1269 3625 1325 salvator-um

2049 1359 2466 1415 innumerabilis
2514 1360 2810 1416 multitudo
2867 1361 3088 1416 illorum
3143 1361 3426 1416 interitum
3492 1377 3624 1432 quo-

2048 1450 2338 1508 dammodo
2387 1455 2625 1510 elevabit
2656 1473 2670 1509 :
2713 1470 3017 1526 eorumque
3065 1454 3167 1511 hac
3191 1454 3258 1509 de
3282 1470 3445 1510 causa
3464 1456 3618 1511 dolo—

2046 1558 2164 1599 rem
2209 1561 2412 1601 vanum
2460 1547 2784 1614 declarabit,
2830 1555 3043 1603 tantum
3073 1564 3181 1603 non
3209 1550 3398 1604 dicens
3430 1567 3443 1602 :
3477 1568 3494 1598 ι
3520 1548 3624 1605 Co-

2046 1635 2275 1691 medunt
2323 1652 2434 1693 suae
2485 1638 2731 1708 ipsorum
2784 1640 2887 1694 vim
2924 1640 3135 1695 fructus
3166 1640 3232 1692 ”.
3273 1659 3290 1691 ι
3326 1639 3460 1695 Cum
3490 1640 3623 1709 ipsis

2046 1724 2242 1779 salvari
2271 1725 2481 1792 liceret,
2517 1728 2565 1782 si
2588 1728 2912 1794 voluissent,
2946 1738 3002 1783 et
3024 1744 3110 1794 ea,
3139 1729 3344 1800 quibus
3377 1739 3620 1801 postmo-

356 1813 867 1884 παρεισδεδυκότων
906 1813 977 1868 τὰ
1015 1814 1188 1887 βλάϐη
1208 1855 1224 1881 ,
1250 1815 1341 1869 τὸν
1373 1814 1643 1888 λυτρωτὸν
1679 1815 1740 1868 οὐ
1773 1832 1927 1886 προσ-

2039 1816 2171 1870 dum
2209 1816 2440 1872 involuti
2489 1827 2638 1885 sunt,
2669 1819 2867 1875 damna
2910 1820 3140 1886 evitare,
3195 1821 3618 1891 Rcdemptorem

356 1904 573 1969 ίενται,
628 1904 912 1969 τουτέστι,
948 1905 1204 1977 Χριστόν.
1247 1902 1395 1976 Ἆρα
1424 1905 1534 1975 γὰρ
1573 1905 1626 1958 εἰ
1658 1922 1763 1971 τις,
1811 1905 1934 1958 εἰπέ

357 2013 472 2068 μοι,
515 1997 588 2050 τά
611 1999 691 2061 εἰς
713 1997 977 2067 γηπονίαν
1002 1998 1276 2069 τεχνίτης,
1302 2000 1415 2062 τοῖς
1445 1998 1553 2051 τῶν
1580 1997 1815 2069 δένδρων
1841 1997 1933 2050 εὐ-

353 2086 680 2159 φυεστέροις
701 2086 794 2141 τδν
815 2087 944 2142 ῐδιον
961 2088 1268 2162 ἐνεπίμπλη
1299 2091 1494 2161 κῆπονο
1517 2087 1635 2143 εἶτα
1661 2088 1734 2161 μὴ
1756 2089 1932 2144 πάντα

349 2177 645 2246 διαφυγεῖν
669 2178 735 2230 τὰ
766 2180 831 2233 ἔκ
855 2177 1127 2252 διαφόρων
1156 2180 1344 2235 αἰτιῶν
1375 2181 1687 2251 συμϐέϐηκε
1724 2180 1894 2253 βλάϐη
1916 2198 1929 2213 ·

350 2272 455 2325 οὐκ
485 2270 556 2324 ἂν
583 2270 746 2323 etot-.6
772 2287 852 2333 τις
890 2271 965 2342 μὴ
994 2272 1168 2343 ὀρθῶς
1195 2272 1411 2327 ἑλέσθαι
1432 2274 1615 2328 πονεῖν
1634 2273 1729 2328 τὸν
1760 2289 1933 2344 γηπο-

350 2365 462 2415 νεῖν
492 2361 813 2432 ᾑρημένονς
859 2362 998 2415 ‘AD.’
1030 2363 1130 2415 οὐκ
1162 2362 1250 2426 ἂν,
1283 2358 1458 2433 οἶμαι,
1481 2363 1565 2429 τὶς
1594 2365 1929 2435 καταμωμή-

352 2469 527 2506 σαιτο.
557 2450 762 2505 Πολλοῦ
787 2467 851 2519 γε
879 2451 974 2506 καὶ
999 2451 1112 2505 δεῖ·
1143 2454 1173 2507 ό
1199 2453 1298 2523 μὲν
1320 2452 1430 2524 γὰρ
1451 2452 1550 2525 τὴν
1570 2453 1795 2507 δέουσαν
1820 2453 1930 2506 τῶν

350 2543 779 2614 πεφυτευμένων
813 2544 1048 2598 ἐποιεῖτο
1093 2546 1380 2617 φροντίδα,
1415 2545 1484 2599 τὰ
1507 2545 1564 2598 δὲ
1604 2543 1929 2618 ὴρῤὡστησε

350 2636 412 2688 τὶ
436 2634 650 2689 παθεῖν.
673 2631 800 2705 'A9‘
822 2630 914 2688 οὖν
936 2634 1165 2706 ἐροῦμεν
1186 2636 1261 2699 ὡς
1280 2631 1347 2705 ἦν
1366 2636 1583 2706 ἄμεινον
1603 2636 1665 2690 τὸ
1688 2636 1930 2708 μηδόλως

352 2726 552 2798 χρῆναί
589 2742 744 2789 τινας
779 2724 918 2780 ἰέναι
945 2725 1037 2780 ἐπὶ
1076 2726 1135 2780 τὸ
1175 2728 1465 2797 γηπονεῖν’
1510 2726 1647 2796 μήτε
1684 2725 1790 2796 μὴν
1817 2728 1928 2789 τοῖς

348 2819 763 2888 εὐγενεστάτοις
810 2817 1151 2888 ἐντεθηλέναι
1196 2819 1383 2888 φυτοῖς
1424 2816 1515 2871 τὸν
1566 2817 1924 2888 παράδεισον,

347 2913 442 2984 Liv
467 2912 524 2966 δὲ
557 2908 759 2981 μᾶλλον
787 2909 997 2962 ἀνελεῖν
1029 2909 1108 2973 εἰς
1146 2907 1291 2963 ἀπαν
1322 2910 1421 2980 τῆς
1447 2908 1776 2980 φυτουργίας
1801 2908 1927 2972 τοὺς

346 3004 616 3072 τρόπους,
645 3003 732 3055 ῖνα
761 3002 837 3072 μὴ
871 3001 1139 3055 ἀδικοῖντο
1172 2999 1281 3054 τῶν
1309 3000 1735 3071 πεφυτευμένων
1761 3001 1921 3067 τινάς

349 3097 459 3151 Καὶ
489 3094 609 3158 πῶς
640 3090 734 3148 οὖν
763 3094 865 3147 οὐκ
892 3091 1236 3165 ἀπόπληκτον
1266 3092 1459 3165 κομιδῇ
1485 3092 1549 3146 τὸ
1578 3090 1752 3162 ὀρθῶς
1777 3091 1920 3162 ἔχειν

347 3186 559 3261 οἷερθαι
582 3186 738 3242 ταυτί
759 3203 777 3254 ;

415 3372 481 3425 ε’.
507 3365 625 3421 Οὔκ
649 3360 742 3420 οῦν
771 3364 873 3419 οὐκ
897 3364 956 3418 ὲν
979 3362 1101 3434 δίκῃ
1123 3361 1444 3435 γραψόμεθα
1467 3359 1559 3414 τὸν
1584 3363 1829 3431 Δημιουρ
1840 3357 1926 3427 γδν

348 3458 759 3530 παρενεγκόντα
791 3458 928 3528 πρὸς
959 3452 1226 3525 ὓπαρξιν,
1261 3452 1487 3516 ἑαυτοὺς
1518 3452 1575 3505 δὲ
1616 3450 1817 3523 μᾶλλον
1842 3451 1927 3504 αἰ-

346 3548 653 3619 τιασόμεθα
695 3548 795 3619 τὴν
823 3546 1129 3601 ἐθελούσιον
1161 3544 1424 3608 παθόντες
1471 3541 1674 3615 βλάϐην
1694 3580 1710 3605 ,
1740 3543 1789 3596 εἰ
1830 3542 1923 3596 νοῦ

348 3642 443 3693 κιιί⁸
474 3638 673 3711 φρενός
706 3640 874 3707 ἐσμεν
920 3639 978 3691 ὲν
1005 3634 1176 3707 καλῷ.
1224 3636 1349 3691 Ὀτι
1393 3634 1503 3707 γὰρ
1534 3634 1924 3707 παρακομίζων

345 3729 510 3793 εὐθὺς
534 3730 614 3793 είς
649 3726 713 3781 τὸ
735 3723 874 3781 εἶναι
900 3726 990 3781 τὸν
1017 3725 1325 3798 ἄνθρωπον,
1354 3724 1554 3779 ἐνενόει
1581 3726 1677 3796 μὲν
1718 3725 1800 3778 ὅτι
1836 3741 1925 3778 πε-

347 3820 522 3871 σεῖται
565 3819 647 3881 εἰς
681 3817 781 3889 τὴν
822 3815 1061 3888 φθοράν·
1102 3816 1204 3870 οὐκ
1231 3814 1416 3885 ἠγνόει
1443 3815 1502 3868 δὲ
1534 3815 1628 3868 καὶ
1657 3816 1783 3879 τοὺς
1825 3816 1925 3887 τῆς

347 3907 640 3980 θεραπείας
688 3906 958 3978 τρόπους,
1011 3903 1295 3959 ἀναπείθει
1347 3902 1533 3973 σαφῶς
1564 3905 1594 3958 ὀ
1640 3903 1923 3967 θεσπέσιος

347 3999 685 4069 Παῦλος.τῆς
706 3998 796 4052 διὰ
817 3997 1053 4072 Χριστοῦ
1084 3997 1357 4068 σωτηρίας
1381 3997 1481 4067 τὴν
1499 3995 1574 4059 ὡς
1604 3997 1661 4048 ὲν
1685 3994 1923 4066 προγνώ-

344 4106 431 4146 eu
474 4090 788 4162 πνεύματος
837 4090 1169 4161 ἀρχαιότητα
1217 4088 1528 4159 μαρτυρῶν.
1588 4088 1920 4142 Ἐπιστέλλει

343 4180 454 4253 γὰρ
484 4178 658 4243 οὕτως
702 4177 953 4249 Τιμοθέῳ
992 4177 1071 4248 τῷ
1113 4177 1298 4248 οἰκείῳ
1346 4176 1589 4248 μαθητῇ⁹
1631 4195 1649 4228 ι
1698 4177 1791 4248 Μὴ
1827 4175 1920 4232 οῦν

344 4272 714 4344 ἐπαισχυνθῇς
744 4272 807 4325 τὺ
849 4271 1147 4344 μαρτύριον
1186 4270 1281 4325 τοῦ
1315 4271 1519 4343 Κυρίου
1561 4270 1739 4341 ἡμῶν,
1785 4273 1919 4342 μηδὲ

336 4368 443 4438 ἐμὲ
462 4367 554 4420 τὸν
604 4365 826 4435 δέσμιον
878 4363 1077 4418 αὐτοῦ·
1126 4362 1262 4436 ἀλλά
1310 4363 1795 4433 συγκακοπάθησον
1840 4365 1918 4434 τῷ

338 4456 661 4528 Εὐαγγελίῳ
688 4456 831 4509 κατά
871 4454 1097 4525 δύναμιν
1128 4453 1264 4508 Θεοῦ
1304 4454 1397 4508 τοῦ
1446 4453 1716 4518 σώσαντος
1747 4455 1914 4525 ἡμᾶς,

338 4550 433 4603 καὶ
458 4546 788 4610 καλέσαντος
819 4546 1012 4616 κλήσει
1037 4545 1188 4617 ἁγία,
1215 4546 1278 4600 οὐ
1305 4545 1449 4600 κατά
1472 4545 1544 4599 τὰ
1570 4544 1707 4617 ἔργα
1732 4546 1911 4617 ἡμῶν,

336 4640 476 4694 ἀλλὰ
501 4638 645 4693 κατὰ
669 4639 803 4693 ἰδίαν
823 4638 1081 4709 πρόθεσιν
1107 4638 1197 4691 καὶ
1215 4636 1376 4709 χάριν
1396 4638 1496 4710 τὴν
1516 4637 1758 4692 δοθεῖσαν
1781 4638 1912 4709 ἡμῖν

336 4734 396 4784 ἰν
420 4731 645 4804 Χριστῷ
678 4729 850 4802 Ἰησοῦ
868 4730 975 4801 πρὸ
1002 4730 1209 4801 χρόνων
1231 4729 1485 4797 αἰωνίων,
1511 4731 1912 4802 φανερωθεῖσαν

335 4824 395 4876 δὲ
430 4823 522 4876 ἐπ’
556 4822 800 4893 ἐσχάτων
828 4820 937 4874 τῶν
966 4821 1172 4892 χρόνων
1212 4819 1301 4874 διὰ
1330 4821 1426 4891 τῆς
1470 4820 1789 4889 ἐπιφανείας
1816 4819 1910 4872 τοῦ

336 4914 594 4984 Σωτῆρος
633 4912 791 4984 ἡμῶν
848 4912 1024 4983 Ἰησοῦ
1058 4911 1318 4984 Χριστοῦ.
1359 4930 1379 4962 ι
1427 4911 1662 4981 Ἐτέροις
1706 4910 1764 4963 δὲ
1801 4905 1868 4964 αὖ
1892 4925 1907 4941 ⁸

344 5024 363 5055 ι
389 5004 647 5074 οἴδαμεν,
671 5006 755 5058 ὅτι
773 5006 889 5069 τοῖς
907 5002 1163 5072 ἀγαπῶσι
1183 5002 1272 5056 τὸν
1293 5002 1426 5056 Θεὸν
1455 5002 1634 5056 πάντα
1660 5003 1913 5074 συνεργεῖ

333 5099 419 5161 εἰς
458 5095 694 5164 ἀγαθὸν,
721 5097 834 5159 τοῖς
863 5094 1007 5149 κατά
1035 5094 1293 5165 πρόθεσιν
1326 5094 1541 5164 κλητοῖς
1576 5089 1745 5147 οὖσιν.
1790 5095 1910 5147 Ὀτι

330 5187 432 5250 οὓς
460 5187 730 5258 προέγνω,
760 5186 856 5240 καὶ
881 5183 1155 5256 προώρισε
1187 5185 1545 5256 συμμόρφους
1574 5187 1675 5253 τῆς
1704 5184 1911 5248 εἰκόνος

327 5276 430 5333 ⁴τοῦ
472 5277 605 5332 Υἱοῦ
654 5276 852 5343 αὑτοῦ,
882 5278 963 5341 εἰς
1004 5277 1064 5331 τὸ
1102 5272 1245 5330 εἶναι
1273 5276 1436 5329 αὐτὸν
1476 5275 1819 5349 πρωτότοκον
1850 5277 1908 5328 ὲν

333 5371 553 5434 mihi;
606 5369 873 5439 ἀδελφοῖς.
923 5369 1031 5433 Οὓς
1082 5370 1138 5425 δὲ
1195 5369 1498 5442 προώρισε,
1549 5367 1769 5431 τούτους
1813 5367 1907 5422 καὶ

331 5462 562 5518 ἐκάλεσε
583 5475 598 5490 ’
631 5463 724 5516 καὶ
763 5461 855 5527 οὓς
884 5462 1110 5518 ἐκάλεσε
1130 5505 1145 5529 ,
1182 5462 1402 5525 τούτους
1441 5462 1537 5517 καὶ
1568 5460 1903 5515 ἐδικαίωσεν.

330 5552 445 5618 οὓς
470 5553 530 5609 δὲ
556 5553 868 5623 ἐδικαίωσε,
895 5553 1118 5618 τούτους
1151 5554 1244 5608 καὶ
1288 5552 1557 5619 ἐδόξασεν.
1596 5570 1616 5603 ι
1667 5551 1905 5616 Ἀκούεις

407 5730 459 5769 '-
479 5732 643 5792 Prov.
670 5747 710 5801 ι,
741 5729 832 5786 τι.
908 5730 953 5765 ’τι
978 5730 1022 5791 ιι
1051 5728 1192 5785 Tim.
1232 5744 1271 5798 ι,
1307 5727 1455 5784 8-10.

2042 1921 2150 1960 non
2196 1906 2513 1973 admittunt,
2567 1909 2671 1964 hoc
2720 1917 2805 1964 est
2853 1909 3153 1965 Christum.
3202 1911 3259 1965 Si
3288 1911 3411 1980 quis
3447 1911 3615 1975 enim,

2040 1996 2255 2061 amabo,
2304 1997 2547 2054 colenda:
2577 2008 2738 2055 terra:
2784 2000 2981 2056 artifex
3005 2001 3466 2071 pratstantissimis
3488 2001 3615 2072 qui-

2041 2087 2251 2159 busque
2274 2091 2564 2148 arboribus
2584 2093 2807 2148 hortum
2838 2109 3001 2149 suum
3033 2094 3343 2165 impleverit
3371 2114 3383 2148 :
3416 2095 3615 2150 deinde

2036 2195 2170 2235 vero
2213 2197 2325 2237 non
2373 2199 2565 2240 omnes
2618 2185 2838 2252 damna,
2884 2203 3006 2257 qua:
3042 2186 3274 2242 diversis
3326 2187 3395 2242 de
3433 2188 3616 2243 causis

2037 2272 2299 2330 obvenire
2348 2276 2545 2343 solent,
2565 2277 2847 2349 eﬂ’ugiant,
2891 2294 3075 2343 nemo,
3111 2287 3172 2333 ut
3202 2278 3461 2344 arbitror,
3494 2279 3614 2334 exi-

2036 2366 2342 2421 stimaverit
2391 2377 2554 2424 terra:
2592 2370 2862 2425 cultorem
2903 2380 3050 2426 recte
3084 2371 3326 2441 plantare
3347 2371 3609 2467 noluisse?

2034 2471 2213 2525 neque
2268 2472 2399 2514 vero
2439 2459 2750 2529 quisquam,
2776 2460 2857 2515 uti
2879 2461 3095 2532 opinor,
3128 2461 3280 2515 illum
3310 2433 3612 2531 repretliif-

2034 2547 2196 2603 derit.
2239 2549 2423 2622 Longe
2481 2552 2630 2607 enim
2688 2553 2895 2608 abest:
2947 2553 3220 2624 siquidem
3266 2567 3610 2632 eammquam

2033 2639 2278 2708 oportuit
2305 2638 2373 2693 ad
2410 2639 2768 2710 plantandum
2797 2657 2987 2697 curam
3032 2641 3305 2706 adhibuit,
3341 2641 3448 2696 illa:
3480 2657 3612 2697 vero

2032 2729 2350 2786 infirmitate
2397 2732 2738 2787 laborarunt.
2768 2732 2852 2787 An
2889 2732 3071 2803 itaque
3117 2733 3364 2789 dicemus
3400 2732 3613 2804 praesti-

2034 2819 2164 2873 tisse
2188 2828 2249 2875 ut
2280 2822 2506 2875 omnino
2530 2837 2561 2876 a
2593 2822 2931 2893 plantatione
2958 2832 3216 2888 cessaret,
3245 2837 3423 2893 neque
3443 2838 3609 2893 gene-

2033 2909 2332 2965 rosissimis
2377 2911 2578 2980 plantis
2635 2912 2857 2969 hortum
2913 2929 3075 2969 suum
3109 2921 3446 2977 consereret,
3492 2928 3612 2967 om-

2031 3014 2270 3069 nemque
2334 3000 2392 3055 in
2449 2994 2771 3056 uuiVersum
2826 3003 3071 3058 colendae
3125 3012 3283 3058 terrae
3339 3003 3607 3059 rationem

2033 3090 2351 3156 tollendam,
2387 3106 2456 3146 ne
2490 3092 2767 3162 aliquibus
2808 3093 3011 3163 plantis
3039 3093 3151 3164 jam
3173 3094 3441 3148 consertis
3457 3093 3610 3147 dam-

1953 3169 1996 3227 C
2029 3195 2160 3236 num
2210 3181 2464 3237 accidat?
2505 3182 2625 3249 Quo
2668 3192 2827 3253 pacto
2878 3199 3010 3239 vero
3044 3199 3154 3239 non
3180 3184 3478 3239 absurdum
3507 3172 3637 3238 ad-l

2026 3273 2250 3328 modum
2293 3274 2478 3339 fuerit,
2513 3273 2558 3328 si
2588 3274 2694 3329 hoc
2721 3283 2869 3330 recte
2904 3291 2963 3330 se
3000 3274 3205 3330 habere
3239 3277 3609 3330 censeamus?

2080 3364 2133 3419 5.
2147 3364 2497 3435 Nequaquam
2517 3365 2680 3436 igitur
2693 3366 2866 3421 Deum
2885 3366 3261 3421 incusabimus
3279 3374 3604 3431 creatorem,

2024 3456 2119 3527 qui
2155 3463 2313 3511 ortus
2344 3456 2520 3511 nostri
2560 3465 2755 3512 auctor
2811 3456 3000 3521 fuerit,
3058 3458 3155 3513 sed
3205 3458 3261 3511 in
3311 3473 3414 3512 nos
3460 3458 3609 3529 ipsos

2024 3547 2206 3617 potius
2248 3548 2463 3619 culpam
2503 3548 2876 3613 conferemus,
2924 3549 3019 3618 qui
3058 3548 3368 3602 voluntario
3405 3548 3607 3603 damno

2023 3637 2312 3705 allicimur,
2372 3640 2416 3693 si
2467 3629 2630 3696 modo
2672 3650 2821 3696 recte
2865 3640 3115 3710 judicare
3147 3639 3400 3694 velimus.
3446 3640 3602 3706 Quod

2023 3730 2170 3785 enim
2214 3729 2398 3784 statim
2446 3730 2727 3786 hominem
2779 3730 2847 3785 ad
2878 3730 3253 3785 exsistendum
3285 3729 3599 3793 traducens,

2022 3822 2190 3876 sciret
2237 3837 2362 3876 eum
2402 3822 2685 3892 lapsurum
2725 3821 2782 3875 in
2817 3821 3122 3887 interitum,
3146 3821 3403 3891 quodque
3439 3838 3600 3876 cura-

2024 3913 2189 3968 tionis
2241 3913 2432 3967 modos
2473 3928 2586 3968 non
2623 3912 2928 3983 ignorabat,
2979 3912 3265 3966 manifeste
3306 3913 3593 3981 persuadet

2022 4005 2243 4061 divinus
2259 4006 2480 4069 Paulus,
2503 4005 2735 4059 salutem
2758 4019 2858 4072 per
2884 4003 3184 4066 Christum,
3212 4018 3332 4056 eam
3355 4018 3477 4072 qua:
3514 4016 3599 4059 est

2018 4095 2173 4150 velut
2196 4095 2252 4148 in
2271 4091 2696 4163 praecognitione
2727 4091 2974 4162 spiritus,
3007 4089 3327 4147 testiﬁcans.
3351 4091 3430 4147 lta
3446 4092 3596 4148 enim

2022 4184 2309 4239 Timotheo
2364 4182 2593 4254 proprio
2649 4198 2750 4238 suo
2806 4181 3078 4252 discipulo
3134 4182 3372 4238 scribit:
3419 4203 3437 4233 ι
3471 4183 3594 4238 Noli

2021 4274 2205 4345 itaque
2243 4273 2575 4330 erubescere
2616 4272 2994 4328 testimonium
3030 4273 3246 4328 Domini
3274 4274 3468 4339 nostri,
3496 4290 3595 4329 nc-

2018 4383 2125 4437 que
2166 4381 2252 4422 me
2295 4367 2540 4422 vinctum
2603 4366 2754 4421 illius
2791 4383 2805 4418 :
2846 4364 2943 4420 sed
2981 4364 3255 4420 collabora
3303 4365 3596 4436 Evangelia

2013 4458 2167 4527 juxta
2194 4457 2495 4526 potentiam
2529 4455 2662 4520 Dei,
2717 4454 2813 4523 qui
2844 4470 2945 4508 nos
2974 4453 3252 4516 liberavit,
3289 4462 3345 4508 ct
3381 4455 3596 4510 vocavit

2018 4547 2301 4602 vocatione
2348 4561 2446 4601 sua
2478 4555 2684 4610 sancta,
2720 4559 2828 4600 non
2868 4543 3170 4599 secundum
3194 4559 3361 4613 Opera
3383 4554 3592 4611 nostra,

2017 4638 2112 4694 sed
2146 4637 2448 4693 secundum
2482 4636 2822 4707 propositum
2862 4635 2965 4704 ιο
3006 4649 3189 4698 suum,
3236 4643 3293 4688 et
3338 4635 3592 4704 gratiam,

2016 4743 2139 4798 qua:
2178 4727 2306 4782 data
2350 4734 2434 4781 est
2472 4725 2634 4780 nobis
2672 4725 2728 4778 in
2779 4723 3000 4779 Christo
3023 4724 3149 4779 Jesu
3193 4731 3319 4778 ante
3346 4733 3593 4795 tempora

2016 4818 2318 4882 srceularia,
2368 4816 2715 4871 manifestata
2764 4823 2849 4870 est
2892 4825 3074 4870 autem
3123 4815 3356 4870 nuncin
3384 4816 3593 4871 ultimis

2018 4911 2359 4979 temporibus
2412 4925 2512 4980 per
2557 4909 3016 4964 illuminationem
3066 4907 3364 4964 Salvatoris
3413 4909 3587 4963 nostri

2014 5002 2145 5055 Jesu
2162 5001 2446 5056 Christi”.
2473 5020 2490 5051 ι
2523 4999 2661 5055 Aliis
2681 5007 2863 5054 autem
2892 5014 3118 5054 rursus:
3152 5019 3171 5049 ι
3207 4998 3420 5053 Scimus
3441 4996 3586 5066 quod

2016 5091 2377 5162 diligntibus
2417 5092 2588 5146 Deum
2631 5092 2815 5147 omnia
2857 5098 3222 5162 cooperantur
3250 5088 3302 5143 in
3357 5087 3584 5154 bonum,

2016 5183 2104 5237 his
2157 5182 2253 5253 qui
2287 5183 2441 5253 juxta
2469 5182 2813 5253 propositum
2846 5183 3023 5236 vocati
3070 5179 3422 5234 suntsancti.
3450 5180 3584 5235 Nam

2013 5290 2153 5344 quos
2183 5275 2479 5346 prmscivit,
2508 5275 2728 5331 eosdem
2761 5282 2818 5328 et
2839 5273 3245 5343 praedestinavit
3276 5272 3587 5333 conformes

2014 5366 2133 5422 ﬁeri
2167 5366 2418 5438 imaginis
2447 5367 2570 5422 Filii
2601 5367 2709 5429 sui,
2748 5374 2809 5420 ut
2833 5366 2949 5435 ipse
2987 5365 3059 5420 sit
3092 5366 3490 5437 primogenitus
3529 5366 3585 5421 in

2013 5459 2202 5514 multis
2219 5458 2499 5515 fratribus.
2525 5458 2672 5525 Quos
2696 5464 2877 5513 autem
2911 5458 3335 5528 prmdestinavit,
3362 5457 3585 5514 eosdem

2013 5562 2069 5607 et
2123 5551 2381 5618 vocavit;
2423 5558 2479 5608 et
2535 5558 2675 5621 ques
2717 5549 2954 5617 vocavit,
3006 5550 3105 5606 hos
3142 5558 3195 5607 et
3227 5549 3582 5623 justiﬁeavit;
