4050 6210
381 351 450 406 27
1396 350 1452 406 S.
1494 350 1771 407 CYRILLI
1809 349 2282 407 ALEXANDRINI
2319 349 2643 405 ARCHIEP.
3559 338 3639 398 9.8

378 481 522 537 quos
561 472 746 520 autem
771 464 1112 536 justiﬂeavit,
1143 466 1324 523 hoset
1349 467 1675 539 gloriﬁcavit
1700 468 1767 522 ".
1799 487 1816 519 ι
1848 468 1958 523 Au-

2078 431 2203 532 ἰπως
2229 467 2475 522 δεδόσθαι
2498 464 2632 536 φησί
2654 463 2756 537 τὴν
2779 465 2839 519 ἓν
2866 465 3091 538 Χριστῷ
3110 467 3270 538 χάριν
3299 463 3407 535 πρὸ
3428 462 3636 536 χρόνων

381 555 469 612 dis
524 570 634 625 quo
685 563 849 625 pacto
895 554 1078 609 datam
1123 570 1244 611 esse
1287 555 1366 609 ait
1393 556 1623 626 gratiam
1658 554 1712 609 in
1734 554 1955 610 Christo

382 653 509 700 ante
546 651 751 700 aeterna
784 652 1033 714 tempora
1067 660 1080 697 :
1114 644 1399 714 praescitos
1423 654 1604 700 autem
1633 660 1697 700 ae
1717 642 1960 715 praeﬁni-

383 744 469 791 tos
511 734 798 791 manifeste
848 751 881 790 a
919 735 1034 789 Deo
1075 744 1131 790 et
1162 736 1326 791 Patre
1358 751 1474 802 eos,
1515 737 1611 806 qui
1650 736 1961 793 eonformes

383 827 554 883 futuri
592 835 751 883 erant
780 827 1007 898 imagini
1057 827 1183 882 Filii
1232 828 1449 898 ipsius?
1482 828 1773 884 Praescitus
1810 828 1960 883 enim

383 925 489 983 est,
516 926 578 972 ut
607 917 720 972 dixi
744 959 758 984 ,
792 915 1191 973 incarnationis
1225 917 1440 973 modus.
1481 916 1803 988 Opportune
1828 933 1961 972 vero

388 1020 636 1080 tempore
666 1011 986 1066 morborum
1012 1011 1212 1066 solutio
1240 1010 1621 1066 administrata
1673 1018 1776 1075 est,
1813 1011 1961 1081 quod

386 1100 564 1172 ipsum
598 1101 801 1156 Paulus
834 1117 1055 1156 rursum
1103 1109 1356 1167 testatur,
1398 1102 1474 1157 ita
1508 1101 1798 1157 scribens:
1843 1121 1861 1153 ι
1898 1101 1961 1156 Ei

386 1202 572 1249 autem
622 1195 717 1264 qui
768 1202 965 1265 potens
1005 1203 1090 1250 est
1121 1210 1218 1251 vos
1253 1195 1578 1251 conﬁrmare
1603 1197 1756 1267 juxta
1780 1196 1965 1250 Evan-

386 1284 592 1355 gelium
630 1299 812 1339 meum
853 1295 911 1340 et
958 1285 1408 1355 praedicationem
1437 1285 1567 1341 Iesu
1598 1285 1823 1350 Christi,
1874 1300 1963 1339 se-

388 1375 632 1430 cundum
680 1375 1071 1430 revelationem
1120 1376 1385 1448 mysterii,
1435 1376 1777 1448 temporibus
1802 1384 1963 1430 mter-

389 1469 476 1524 nis
498 1470 674 1534 taciti,
705 1470 852 1539 quod
881 1485 1029 1524 nunc
1058 1470 1391 1539 patefactum
1411 1478 1495 1526 est
1522 1486 1622 1541 per
1655 1470 1966 1540 Scripturas

389 1563 803 1633 prophetarum,
842 1563 1149 1618 secundum
1193 1571 1526 1633 praeceptum
1562 1562 1750 1618 aeterni
1777 1563 1873 1617 Dei
1897 1562 1963 1617 ad

389 1651 763 1707 obeditionem
802 1654 951 1719 lldei,
993 1656 1048 1710 in
1077 1659 1291 1713 cunctis
1322 1659 1579 1729 gentibus
1603 1658 1835 1729 cogniti:
1865 1657 1966 1711 soli

390 1743 625 1812 sapienti
653 1744 766 1799 Deo
791 1760 890 1815 per
917 1746 1105 1802 Jesum
1135 1747 1436 1813 Christum,
1470 1748 1559 1803 cui
1582 1747 1754 1818 gloria
1782 1745 1839 1801 in
1864 1762 1965 1801 sae-

391 1834 533 1889 cula.
577 1833 752 1890 Amen
799 1836 866 1890 “.
910 1855 928 1888 ι
980 1836 1233 1894 Tacitum
1275 1838 1424 1893 enim
1464 1849 1583 1893 erat
1625 1838 1968 1910 mysterium,

392 1924 801 1981 manifestatum
836 1937 1019 1985 autem
1054 1945 1200 1985 nunc
1226 1946 1321 2000 per
1344 1931 1519 2001 legem
1560 1938 1617 1985 et
1656 1931 1970 2001 prephetas,

389 2017 545 2089 juxta
572 2017 910 2073 voluntatem
938 2020 1034 2076 Dei
1070 2036 1133 2076 ac
1156 2022 1353 2080 Patris.
1381 2021 1664 2093 Siquidem
1686 2023 1972 2078 instaurati

398 2124 590 2164 sumus
626 2108 685 2162 in
713 2107 936 2165 Christo
994 2111 1061 2166 ad
1090 2112 1383 2182 pristinum
1409 2121 1632 2179 statum,
1664 2113 1883 2168 abolitis
1906 2114 1974 2169 iis

402 2213 523 2269 quae
561 2199 912 2268 postmodum
946 2200 1214 2257 diabolica
1241 2202 1430 2257 fraude
1455 2202 1613 2258 nobis
1642 2202 1970 2257 acciderant.

406 2290 484 2346 Ita
534 2292 683 2367 enim
715 2307 938 2347 rursum
978 2292 1182 2348 Paulus
1212 2292 1282 2348 de
1306 2293 1551 2348 omnium
1582 2302 1833 2349 nostrum
1861 2292 1976 2348 Sal-

394 2389 583 2438 vatore
630 2382 849 2439 Christo
897 2385 1014 2439 ait:
1063 2403 1081 2435 ι
1113 2384 1174 2439 In
1201 2400 1310 2455 quo
1354 2385 1621 2441 habemus
1641 2385 1973 2456 redemptio-

396 2488 522 2528 nem
564 2489 665 2544 per
688 2475 1007 2546 sanguinem
1044 2476 1186 2547 ejus,
1225 2476 1604 2532 remissionem
1626 2487 1975 2548 peccatorum

397 2564 702 2619 secundum
735 2565 955 2620 divitias
980 2566 1167 2637 gratia:
1194 2567 1333 2638 ejus,
1362 2583 1485 2638 quae
1512 2568 1979 2638 superabundavit

398 2652 457 2709 in
482 2653 662 2719 nobis,
697 2655 755 2710 in
784 2655 933 2710 omni
961 2656 1227 2726 sapientia
1268 2666 1325 2711 et
1355 2658 1666 2727 prudentia,
1700 2666 1760 2713 ut
1785 2666 1978 2713 notum

399 2746 607 2802 faceret
638 2746 799 2801 nobis
851 2757 1252 2803 sacramentum
1294 2748 1595 2803 voluntatis
1618 2764 1751 2814 suae,
1778 2764 1978 2805 secun-

399 2838 531 2894 dum
584 2838 990 2909 beneplaeitum
1035 2839 1174 2910 ejus,
1221 2840 1365 2910 quod
1401 2842 1685 2913 proposuit
1712 2842 1768 2897 in
1804 2858 1890 2907 eo,
1924 2844 1980 2899 in

399 2929 809 2999 dispensatione
849 2928 1208 2999 plenitudinis
1269 2937 1580 3000 temporum
1608 2973 1623 2997 ,
1677 2932 1981 2987 instaurare

400 3018 586 3073 omnia
647 3018 703 3072 in
754 3017 998 3084 Christo,
1050 3035 1171 3091 qua:
1217 3020 1272 3074 in
1325 3022 1480 3076 caelis
1514 3028 1661 3087 sunt,
1689 3028 1745 3074 et
1772 3036 1892 3088 qua:
1926 3020 1981 3074 in

403 3120 549 3165 terra
578 3117 728 3174 sunt,
766 3109 823 3163 in
856 3110 996 3179 ipso.
1032 3110 1090 3163 ln
1117 3125 1227 3180 quo
1256 3110 1423 3163 etiam
1452 3118 1508 3163 ct
1554 3125 1655 3163 nos
1694 3109 1835 3163 forte
1882 3124 1980 3163 vo-

402 3201 509 3255 cati
531 3214 742 3263 sumus,
765 3198 1133 3268 praedestinati
1156 3197 1458 3253 secundum
1480 3197 1823 3267 propositum
1840 3198 1977 3269 ejus,

402 3288 497 3357 qui
520 3293 782 3357 operatur
806 3286 991 3339 omnia
1016 3286 1170 3356 juxta
1199 3286 1492 3340 consilium
1522 3287 1823 3342 voluntatis
1847 3303 1980 3352 sum,

405 3383 468 3431 ut
506 3375 681 3430 simus
719 3374 775 3429 in
816 3374 1038 3430 laudem
1075 3374 1261 3446 gloria:
1288 3375 1435 3431 illius
1464 3392 1565 3432 nos
1592 3377 1688 3448 qui
1710 3385 1837 3432 ante
1864 3393 1985 3449 spe-

407 3467 649 3522 ravimus
696 3466 753 3521 in
779 3465 1000 3521 Christo
1029 3466 1095 3520 ".
1136 3485 1153 3517 ι
1186 3466 1329 3521 Ecce
1360 3483 1554 3523 rursus
1586 3469 1837 3539 praeﬁniti
1864 3471 1986 3540 qui-

406 3556 533 3612 dem
559 3571 769 3621 sumus,
790 3557 944 3627 juxta
973 3557 1314 3626 propositum
1341 3559 1541 3625 Patris,
1581 3560 1679 3629 11
1705 3560 1984 3630 antiquio-

410 3662 528 3703 rem
582 3645 989 3716 quodammodo
1043 3646 1209 3700 etiam
1257 3662 1408 3717 spem
1441 3665 1605 3718 quam
1641 3650 1820 3719 ipsum
1864 3667 1985 3706 esse

411 3738 581 3805 nacti,
615 3737 729 3793 Deo
791 3736 897 3792 hoc
942 3737 1288 3806 prae-sciente,
1338 3754 1402 3793 ac
1435 3740 1655 3809 propria
1707 3740 1987 3796 voluntate

412 3845 533 3899 quae
587 3827 747 3883 nobis
796 3837 1063 3883 eventura
1113 3838 1274 3883 erant
1325 3828 1635 3884 ordinante.
1690 3830 1986 3899 Postquam

410 3920 560 3975 enim
612 3918 828 3988 decepit
877 3918 1147 3981 Adamum
1200 3918 1360 3972 initio
1404 3928 1462 3975 et
1513 3920 1784 3977 vecordiae
1832 3937 1987 3977 reum

413 4009 605 4064 statuit
657 4008 868 4079 peccati
924 4008 1197 4072 inventor,
1270 4008 1338 4063 ad
1382 4017 1615 4065 mortem
1652 4012 1729 4067 ita
1774 4011 1987 4067 traduci

412 4102 662 4171 contigit,
688 4115 960 4170 poenaque
997 4100 1051 4153 in
1087 4115 1279 4153 omnes
1311 4100 1563 4157 homines
1587 4103 1844 4172 pervasit,
1872 4107 1989 4160 vel-

413 4190 495 4245 uti
538 4205 607 4245 ex
643 4190 828 4243 radice
858 4189 915 4243 in
949 4204 1133 4243 ramos
1160 4191 1293 4243 vitio
1326 4205 1446 4243 sese
1482 4203 1830 4263 propagante.
1880 4197 1989 4251 Re-

413 4280 599 4351 gnavit
618 4278 767 4332 enim
800 4277 870 4332 ab
900 4276 1074 4331 Adam
1100 4286 1156 4331 et
1183 4292 1355 4346 usque
1385 4278 1453 4331 ad
1480 4278 1719 4349 Moysen.
1750 4283 1989 4337 Peccan-

415 4370 565 4425 tibus
611 4382 744 4423 vero
784 4368 839 4421 in
892 4365 1255 4421 similitudine
1308 4368 1755 4439 transgressionis
1794 4370 1987 4437 Adam,

2055 558 2321 612 αἰωνίων·
2371 555 2753 629 προεγνῶσθαι
2802 554 2860 610 δὲ
2911 558 3006 611 καὶ
3052 556 3392 628 προωρίσθαι
3448 555 3633 626 σαφῶς

2057 645 2209 718 παρὰ
2231 646 2325 700 τοῦ
2349 644 2486 699 Θεοῦ
2521 645 2617 699 καὶ
2655 643 2869 716 Πατρδς
2895 643 3023 707 τοὺς
3056 645 3416 714 συμμόρφους
3441 639 3634 713 ἐσομέ-

2057 754 2180 801 νους
2210 737 2308 808 τῆς
2341 737 2549 801 εἰκόνος
2589 734 2684 790 τοῦ
2719 735 2852 789 Υίοῦ
2884 733 3071 789 αὑτοῦ.
3122 733 3477 806 Προέγνωστο
3502 736 3632 804 γὰρ,

2058 828 2134 891 ὡς
2163 827 2333 899 έφην,
2363 830 2391 882 6
2411 828 2512 897 τῆς
2545 827 3008 900 ἑνανθρωπήσεως
3045 825 3279 899 τρόπος⁸
3317 824 3636 897 έταμιεύετο

2057 919 2116 973 δὲ
2140 919 2319 990 καιρῷ
2339 918 2419 990 τῷ
2439 920 2768 991 προσήκοντι
2788 918 2898 971 τῶν
2925 915 3374 989 ἀρρωστημάτων
3399 919 3433 987 ή
3460 914 3632 981 λύσις,

2060 1012 2155 1065 καὶ
2185 1011 2527 1083 μαρτυρήσει
2557 1011 2720 1066 πάλιν
2740 1012 2769 1064 6
2796 1010 3025 1074 Παῦλος,
3045 1009 3145 1063 ὡδὶ
3165 1008 3467 1080 ἐγγράψαςο
3500 1027 3519 1058 ι
3545 1006 3636 1078 Τῷ

2060 1103 2118 1156 δὲ
2139 1101 2421 1173 δυναμένῳ
2448 1103 2594 1173 ημᾶς
2620 1102 2868 1172 στηρίξαι
2893 1102 3034 1155 κατά
3053 1100 3115 1154 r6
3152 1099 3484 1169 Εὑαγγέλιόν
3511 1114 3634 1168 μου,

2061 1194 2157 1248 καὶ
2189 1194 2253 1247 r6
2296 1195 2560 1265 κήρυγμα
2606 1191 2781 1262 Ἰησοῦ
2812 1191 3047 1262 Χριστοῦ
3066 1229 3081 1255 ,
3123 1189 3262 1244 κατά
3293 1186 3637 1256 ἀποκάλυψιν

2065 1286 2366 1358 μυστηρίου
2393 1285 2607 1357 χρόνοις
2631 1283 2868 1346 αἰωνίοις
2894 1283 3274 1352 σεσιγημένου,
3302 1278 3636 1353 φανερωθέν⁹

2062 1395 2153 1441 τος
2178 1377 2273 1431 νῦν
2293 1378 2380 1432 διά
2404 1395 2462 1430 τε
2485 1375 2715 1448 Γραφῶν
2742 1373 3091 1446 προφητικῶν
3113 1374 3230 1426 κατ’
3258 1372 3517 1441 ἐπιταγὴν
3541 1370 3636 1427 τοῦ

2065 1468 2281 1522 αἰωνίου
2311 1467 2470 1531 Θεοῦ,
2516 1468 2595 1531 είς
2635 1464 2881 1536 ὑπακοὴν
2920 1464 3157 1526 πίστεως
3181 1500 3194 1525 ,
3226 1464 3304 1525 εἰς
3350 1462 3527 1514 πάντα
3574 1466 3643 1516 τὰ

2066 1559 2194 1628 ἔθνη
2228 1558 2647 1630 γνωρισθέντος,
2680 1557 2826 1628 μόνῳ
2856 1555 3004 1626 σοφῷ
3026 1554 3146 1625 Θεῷ
3178 1553 3266 1608 διὰ
3301 1550 3475 1623 Ἰησοῦ
3505 1551 3643 1621 Χρι-

2070 1650 2217 1711 στοῦ,
2248 1643 2292 1717 ᾧ
2317 1651 2350 1721 ή
2375 1649 2501 1714 δόξα
2523 1650 2603 1714 εἰς
2632 1649 2721 1702 τὸν
2746 1647 2933 1701 αἰῶνα.
2969 1646 3163 1717 Ἀμήν.
3201 1663 3220 1695 ι
3255 1644 3518 1714 Σεσίγητο
3546 1639 3645 1713 μὲν

2068 1742 2176 1814 γὰρ
2195 1741 2255 1795 τὸ
2291 1743 2618 1814 μυστήριον,
2648 1739 3002 1810 πεφανέρωτο
3036 1736 3092 1790 δὲ
3129 1735 3247 1797 νῦν.
3281 1734 3369 1789 διά
3393 1752 3449 1787 τε
3481 1733 3643 1803 νόμον

2002 1816 2043 1870 Β
2072 1834 2166 1887 καὶ
2198 1833 2526 1904 προφητῶν,
2557 1832 2696 1885 κατά
2726 1831 2943 1901 θέλησιν
2977 1827 3070 1882 τοῦ
3104 1826 3238 1882 Θεοῦ
3289 1828 3382 1881 καὶ
3412 1825 3642 1897 Πατρός.

2085 1923 2600 1995 Ἀνεστοιχειώμεθα
2648 1923 2742 1977 καὶ
2789 1923 2899 1994 γὰρ
2949 1923 3004 1975 ὲν
3042 1919 3263 1992 Χριστῷ
3313 1919 3449 1989 πρὸς
3485 1917 3547 1970 τὸ
3587 1917 3648 1971 ἐν

2071 2016 2300 2087 ἀρχαῖς,
2334 2014 2828 2086 ἀνατετραμμένων
2867 2013 2975 2067 τῶν
3011 2012 3212 2083 μεταξὺ
3249 2007 3650 2080 παρεισόεῧλη-

2073 2107 2247 2160 κότων
2278 2107 2335 2174 ἐξ
2361 2107 2577 2177 ἀπάτης
2608 2106 2940 2177 διαδολικῆς.
2974 2106 3117 2174 Ἔφη
3158 2103 3267 2172 γάρ
3296 2096 3399 2155 ὧδε
3434 2099 3594 2155 πάλιν
3617 2103 3646 2154 6

2073 2196 2285 2260 Παῦλος
2316 2197 2443 2267 περί
2470 2195 2564 2249 τοῦ
2594 2196 2812 2249 πάντων
2866 2196 3024 2267 ἡμῶν
3087 2194 3339 2264 θυτῆρος
3374 2189 3611 2261 Χριστοῦ
3629 2202 3649 2223 ’

2081 2305 2100 2340 ι
2122 2288 2210 2340 Ἐν
2233 2280 2277 2355 ᾧ
2298 2286 2493 2357 ἔχομεν
2516 2285 2614 2357 τὴν
2651 2285 3029 2357 ἀπολύτρωσιν
3062 2282 3152 2337 διὰ
3182 2282 3276 2335 τοῦ
3307 2282 3537 2351 αἵματος
3555 2277 3653 2332 αὕ-

2073 2376 2191 2440 τοῦ,
2226 2375 2323 2447 τὴν
2350 2375 2544 2444 ἄφεσιν
2570 2375 2677 2428 τῶν
2701 2374 3115 2445 ἁμαρτημάτων
3131 2371 3272 2425 κατά
3300 2370 3388 2424 τὸν
3421 2367 3653 2423 πλοῦτον

2076 2467 2175 2537 τῆς
2204 2467 2571 2537 χρηστότητος
2594 2465 2785 2530 αὐτοῦ,
2809 2462 2877 2538 ἧς
2892 2465 3278 2537 ἐπερίσσευσεν
3306 2465 3384 2526 εἰς
3410 2464 3577 2532 ἡμᾶς,
3595 2462 3653 2514 ὲν

2077 2559 2226 2630 πάσῃ
2262 2558 2422 2629 σοφία
2451 2557 2545 2611 καὶ
2571 2558 2851 2630 φρονήσει,
2885 2556 3154 2628 γνωρίσας
3195 2558 3326 2626 ημῖν
3353 2554 3412 2608 τὸ
3448 2553 3656 2626 μυστήο

2080 2665 2193 2720 ριον
2217 2647 2309 2702 τοῦ
2337 2647 2639 2719 θελήματος
2667 2646 2855 2714 αὐτοῦ,
2886 2648 3027 2701 κατά
3059 2647 3157 2717 τὴν
3186 2645 3433 2699 εὐδοκίαν
3463 2643 3652 2706 αὑτοῦ,

2079 2739 2146 2809 ἣν
2175 2738 2432 2810 προέθετο
2456 2741 2514 2793 ὲν
2540 2739 2690 2810 αὖτῷ
2722 2742 2800 2803 εἰς
2823 2739 3135 2810 οἰκονομίαν
3164 2737 3260 2791 τοῦ
3291 2735 3653 2808 πληρώματος

2079 2829 2188 2882 τῶν
2225 2829 2463 2903 καιρῶν,
2511 2830 3096 2899 ἀνακεφαλαιώσασθαι
3138 2830 3208 2883 τὰ
3255 2829 3431 2882 πάντα
3480 2828 3536 2880 ὲν
3576 2825 3656 2896 τῷ

2081 2920 2319 2991 Χριστῷ,
2345 2920 2410 2973 τα
2442 2922 2498 2973 ὲν
2525 2923 2636 2983 τοῖς
2667 2920 2934 2991 οὐρανοῖς,
2963 2920 3057 2974 καὶ
3091 2922 3159 2973 τὰ
3189 2908 3283 2973 ὲπί
3309 2918 3409 2987 τῆς
3444 2918 3566 2986 γῆς,
3600 2918 3657 2969 ιν

2081 3008 2248 3078 αὐτῷ.
2287 3011 2374 3061 Ἐν
2401 3002 2445 3076 ᾧ
2479 3010 2574 3063 καὶ
2614 3010 3038 3081 ἐκληρώθημεν,
3069 3010 3483 3081 προορισθέντες
3517 3004 3659 3060 κατά

2084 3098 2340 3168 πρόθεσιν
2368 3099 2463 3154 τοῦ
2484 3100 2553 3155 τά
2579 3101 2753 3154 πάντα
2787 3101 3136 3174 ἐνεργοῦντος
3173 3102 3315 3157 κατὰ
3337 3100 3436 3171 τὴν
3464 3097 3659 3171 βουλὴν

2081 3187 2175 3241 τοῦ
2213 3188 2514 3259 θελήματος
2549 3192 2737 3257 αὐτοῦ,
2773 3195 2852 3257 εἰς
2872 3194 2933 3248 τὸ
2974 3191 3111 3247 εἶναι
3146 3194 3293 3263 ἡμᾶς
3328 3193 3407 3255 εἰς
3440 3192 3661 3245 ἔπαινον

2081 3280 2237 3350 δόξης
2260 3282 2424 3336 αὐτοῦ
2446 3287 2572 3347 τοὺς
2593 3283 3002 3355 προηλπικότας
3026 3284 3082 3336 ὲν
3106 3282 3182 3353 τῷ
3202 3281 3442 3353 Χριστῷ.
3470 3300 3488 3332 ι
3528 3281 3657 3334 Ἰδοὺ

2082 3374 2147 3446 δὴ
2180 3375 2340 3430 πάλιν
2371 3375 2758 3448 προωρίσμεθα
2791 3377 2886 3447 μὲν
2906 3417 2920 3441 ,
2964 3375 3101 3429 κατὰ
3129 3375 3386 3448 πρόθεσιν
3416 3372 3510 3426 τοῦ
3547 3374 3657 3425 Πα-

2083 3468 2210 3538 τρός
2232 3486 2245 3501 ο
2272 3469 2655 3540 πρεσϐυτέραν
2679 3470 2735 3522 δὲ
2751 3469 2901 3523 ὥσπε
2910 3487 2941 3540 ρ
2968 3469 3062 3523 καὶ
3076 3468 3175 3536 τὴν
3191 3467 3380 3520 ἐλπίδα
3405 3466 3501 3520 τοῦ
3521 3461 3659 3519 εἶναι

2086 3559 2565 3630 πεπλουτήκαμεν,
2618 3555 2751 3614 Θεοῦ
2791 3561 2851 3613 τὺ
2882 3560 3070 3630 χρῆμα
3103 3558 3531 3628 προεγνωκότος,
3565 3556 3659 3608 καὶ

2086 3650 2145 3703 ὲν
2177 3650 2333 3712 ἰδίαις
2363 3649 2579 3720 βουλαῖς
2608 3650 2677 3704 τά
2711 3651 2795 3720 ἐφ’
2829 3651 2962 3720 ήμίν
3002 3649 3243 3719 ἑπόμενα
3282 3646 3660 3717 καταγράφονο

2086 3758 2197 3805 τος.
2246 3741 2465 3813 Ἐπειδὴ
2500 3741 2607 3813 γὰρ
2663 3742 2993 3809 πεφενάκικε
3036 3740 3130 3793 τὸν
3185 3740 3372 3809 Ἀδὰμ,
3418 3738 3661 3798 καὶτοῖς

2087 3831 2188 3903 τῆς
2216 3831 2501 3904 ῥᾳστώνης
2530 3832 2869 3901 ἐγκλήμασιν
2886 3831 3069 3900 ἔνοχον
3087 3829 3363 3900 ἀπέφηνεν
3383 3830 3439 3882 ὲν
3469 3827 3661 3897 ἀρχαῖς

2088 3927 2117 3978 6
2146 3925 2246 3996 τῆς
2293 3923 2567 3995 ἁμαρτίας
2603 3921 2853 3993 εὑρετὴς,
2907 3920 3376 3990 κατακομισθῆναί
3418 3935 3478 3972 τε
3522 3917 3663 3971 οῦτω

2093 4017 2287 4087 συνέϐη
2320 4017 2457 4088 πρὸς
2490 4016 2718 4071 θάνατον
2742 4055 2757 4079 ,
2814 4013 3107 4084 διαϐέὸηκε
3138 4013 3195 4066 δὲ
3224 4015 3305 4076 εἰς
3335 4013 3544 4076 πάντας
3569 4014 3663 4066 ἀν-

2091 4109 2343 4181 θρώπους
2380 4112 2413 4182 ή
2448 4111 2594 4183 δίκη,
2628 4109 2880 4181 καθάπερ
2910 4112 2975 4162 ὲκ
3011 4107 3167 4180 ῥίζης
3198 4108 3289 4161 ἐπὶ
3318 4105 3384 4161 τὰ
3413 4106 3471 4171 ἐξ
3496 4106 3664 4175 αὐτῆς

2096 4203 2265 4266 ἰόντος
2295 4203 2387 4255 τοῦ
2418 4204 2645 4268 πάθους⁸
2689 4202 3039 4273 βεϐασίλευκε
3082 4200 3191 4272 γὰρ
3226 4200 3334 4254 ἀπὸ
3374 4198 3543 4267 Ἀδὰμ
3572 4196 3665 4250 καὶ

2096 4290 2256 4359 μέχρι
2285 4292 2546 4355 Μωσέως,
2578 4293 2670 4345 καὶ
2700 4294 2790 4344 ἐπὶ
2821 4292 2945 4354 τοὺς
2987 4292 3414 4360 ἁμαρτήσαντας
3465 4287 3557 4339 ἐπὶ
3588 4283 3665 4354 τῷ

2092 4378 2396 4447 ὁμοιώματι
2419 4379 2522 4448 τῆς
2539 4381 2905 4450 παραϐάσεως
2940 4382 3110 4449 ’Λδὰμ
3154 4380 3339 4433 λοιπὸν
3355 4377 3664 4443 ἀναγκαίως

415 4456 728 4513 necessario
767 4456 1028 4527 deinceps
1067 4456 1304 4527 providit
1343 4458 1459 4515 suis
1506 4460 1775 4515 creaturis
1805 4475 1977 4516 rerurr

2097 4468 2393 4539 προενόησε
2436 4469 2544 4521 τῶν
2580 4472 2722 4522 ἰδίων
2773 4472 3086 4540 κτισμάτων
3113 4474 3140 4523 6
3174 4468 3532 4537 Δημιουργδς,
3572 4468 3665 4518 καὶ

415 4550 627 4622 Opilex,
677 4557 734 4604 et
783 4549 1081 4605 secundam
1115 4550 1521 4619 quodammodo
1570 4551 1731 4607 nobis
1784 4554 1977 4623 generi:

2095 4558 2252 4630 ῥίζαν
2287 4561 2415 4629 ἡμῖν
2461 4558 2649 4630 ὥσπερ
2678 4559 2772 4613 τοῦ
2802 4561 2995 4627 γένους
3033 4559 3345 4629 ἐμηχανᾶτο
3381 4556 3659 4625 δευτέραν,

418 4642 657 4696 radicem
704 4641 1049 4696 machinatus
1087 4649 1191 4703 est,
1230 4656 1352 4710 quae
1385 4657 1488 4697 nos
1516 4642 1581 4696 ad
1608 4642 1892 4711 pristinam
1915 4644 1977 4697 in-

2093 4650 2172 4712 είς
2216 4648 2525 4720 ἀφθαρσίαν
2569 4651 2715 4720 ἡμᾶς
2754 4649 2850 4720 τὴν
2894 4650 3167 4720 προτέραν
3204 4645 3660 4709 ἀναϐιϐάζουσαν,

415 4732 828 4801 corruptionem
887 4733 1209 4798 reduceret,
1260 4742 1321 4787 ut
1373 4735 1835 4803 quemadmodum
1894 4753 1977 4791 nos

2091 4743 2160 4798 ἵν’
2192 4743 2383 4815 ὥσπερ
2421 4746 2567 4814 ἡμᾶς
2610 4747 2643 4815 ὴ
2675 4744 2769 4798 τοῦ
2821 4743 3040 4815 πρώτου
3068 4760 3127 4795 τε
3161 4744 3257 4793 καὶ
3286 4741 3392 4793 ἀπὸ
3432 4740 3530 4808 τῆς
3560 4738 3664 4806 γῆς

415 4821 594 4893 prima
628 4838 691 4875 ac
721 4830 940 4875 terrena
970 4822 1147 4893 imago
1190 4822 1460 4878 moriendi
1493 4826 1822 4879 necessitate
1858 4826 1993 4882 insi-

416 4915 609 4987 gnivit,
653 4922 709 4970 et
746 4913 999 4968 interitus
1044 4913 1255 4984 laqueis
1284 4913 1546 4971 involvit:
1584 4916 1659 4971 ita
1689 4916 1849 4971 nobis
1872 4934 1996 4972 rur-

418 5024 513 5063 sus
561 5008 860 5063 secundum
907 5016 963 5062 et
1008 5013 1133 5077 post
1181 5007 1336 5062 illum
1386 5008 1736 5079 principium,
1770 5010 1875 5065 hoc
1906 5021 1991 5067 est

417 5099 703 5163 Christus,
751 5099 1161 5170 similitudoque
1202 5115 1327 5154 cum
1382 5100 1498 5171 ipso
1548 5117 1647 5171 per
1696 5102 1986 5171 spiritum,

421 5191 613 5244 mortis
658 5200 910 5261 expertes
950 5190 1192 5247 declaret
1240 5200 1334 5246 :et
1367 5193 1510 5247 sicut
1538 5210 1638 5248 nos
1660 5193 1772 5248 illic
1797 5194 1990 5249 inobe-

422 5276 626 5333 dientia
657 5280 725 5333 ad
788 5283 1116 5352 supplicium
1149 5282 1326 5347 duxit,
1388 5283 1462 5339 ita
1518 5283 1608 5338 hie
1675 5285 1990 5340 obedientia

426 5367 823 5427 benedictionis
896 5374 1137 5429 caelestis
1210 5383 1374 5445 atque
1463 5383 1705 5446 paternae
1769 5378 1993 5446 partici-

427 5472 522 5528 pes
544 5458 760 5514 elliciat.
803 5480 821 5511 ι
856 5462 1051 5518 Factus
1079 5473 1163 5519 est
1193 5465 1362 5531 enim,
1420 5486 1436 5518 ι
1500 5467 1695 5536 inquit,
1731 5486 1748 5517 ι
1783 5468 1995 5539 primus

427 5546 590 5605 homo
648 5551 815 5607 Adam
868 5554 922 5608 in
983 5557 1219 5612 animam
1279 5558 1549 5614 viventem
1600 5577 1610 5611 :
1666 5560 1992 5616 novissimus

2094 4833 2360 4905 ἐχάραξεν
2404 4833 2592 4899 εἰκὼν,
2640 4834 2701 4888 τὸ
2750 4833 3064 4887 ὲκτεθνάναι
3109 4833 3240 4894 δεῖν,
3292 4831 3387 4883 καὶ
3433 4833 3545 4891 τοῖς
3569 4827 3666 4899 τῆς

2091 4925 2299 4995 φθορᾶς
2326 4924 2588 4978 ὲναλῶναι
2619 4924 2833 4995 βρόχοις
2851 4939 2864 4953 ·
2889 4922 3030 4975 οὕτω
3051 4921 3213 4975 πάλιν
3237 4920 3417 4990 ήμῐνή
3439 4916 3664 4987 δευτέρα

2097 5015 2192 5069 καὶ
2223 5016 2338 5085 μετ’
2370 5017 2575 5068 ἐκεῖνον
2602 5012 3046 5085 ἀρχὴ,τουτέστι,
3072 5010 3324 5082 Χριστὸς.
3352 5012 3445 5064 καὶ
3474 5012 3508 5080 ἡ
3532 5008 3666 5081 πρὸς

2095 5106 2257 5161 αὑτὸν
2285 5105 2544 5177 ὁμοίωσις
2575 5105 2661 5157 διὰ
2698 5103 3028 5174 πνεύματος,
3063 5102 3123 5157 τὸ
3170 5100 3473 5171 ἀνώλεθρον
3506 5102 3666 5171 ἐνση⁹

2099 5200 2333 5270 μήνηται
2360 5213 2375 5229 ⁸
2419 5199 2514 5251 καὶ
2551 5197 2737 5267 ὥσπερ
2767 5197 2911 5266 ἡμᾶς
2958 5197 3015 5247 ὲν
3065 5193 3258 5264 ἐκείνῳ
3322 5192 3383 5247 r6
3409 5192 3669 5261 δυσήκοον

2098 5293 2219 5352 ταῖς
2248 5289 2543 5360 τιμωρίαις
2565 5290 2896 5358 ὑπήνεγκεν,
2925 5285 3097 5350 οὕτως
3125 5287 3182 5339 ὲν
3208 5284 3383 5355 τούτῳ
3408 5284 3469 5337 τὸ
3499 5285 3668 5335 εἰκτι-

2099 5380 2194 5434 κον
2222 5380 2400 5433 καὶτὸ
2439 5382 2517 5443 εἰς
2555 5378 2701 5434 ἀπαν
2744 5376 2992 5441 εὐπειθὲς
3049 5375 3296 5445 εὐλογίας
3338 5376 3436 5444 τῆς
3463 5370 3668 5428 ἀνωθεν

2101 5470 2194 5524 καὶ
2220 5470 2370 5541 παρὰ
2395 5470 2606 5542 Πατρὺς
2626 5472 2879 5540 ἀποφήνῃ
2909 5468 3331 5539 μετεσχηκότας.
3359 5482 3379 5514 ι
3422 5460 3667 5527 Ἐγένετο

2100 5559 2228 5629 γὰρ,
2256 5577 2274 5611 ι
2314 5560 2498 5631 φησὶν,
2525 5580 2542 5613 ι
2577 5563 2604 5615 6
2634 5560 2847 5633 πρῶτος
2875 5559 3158 5631 ἄνθρωπος
3192 5558 3363 5627 Ἀδὰμ
3383 5557 3461 5619 εἰς
3489 5553 3666 5626 ψυχὴν

500 5731 545 5770 ³³
570 5733 723 5791 ﬂent.
761 5752 871 5803 vm,
903 5737 1084 5795 28-50.
1162 5742 1205 5775 ²⁶
1233 5742 1389 5799 Rom.
1428 5760 1533 5809 xvi,
1564 5744 1744 5799 “35-27.
1824 5747 1865 5778 ²⁷
1902 5745 2099 5815 Ephcs.
2137 5762 2175 5805 ι.
2207 5745 2236 5800 7
2274 5745 2354 5799 l2.
