4050 6210
298 382 362 440 9')

1304 381 1823 457 GLAPHYRORUM
1861 385 1929 441 ΙΝ
1967 385 2270 443 GENESIM
2305 385 2434 443 LIB.
2475 386 2519 441 1.

3457 392 3529 447 50

298 489 484 553 ζῶσαν,
514 491 545 543 6
588 489 819 561 ἔσχατος
870 492 1038 564 Ἀδὰμ
1089 495 1170 557 εἰς
1213 493 1431 565 πνεῦμα
1476 494 1791 561 ζωοποιοῦν.
1827 515 1847 549 ι

1957 498 2126 555 Adam
2155 499 2210 555 in
2257 498 2511 570 spiritum
2552 494 2920 556 viviﬁcantem
2944 500 3010 555 ⁸⁸.
3047 517 3066 553 ι
3106 496 3529 558 Βατειιεόσιοω

297 580 392 633 Καὶ
423 579 591 635 πάλιν
630 581 835 653 ἑτέρως
863 584 995 654 ἡμῖν
1031 583 1164 638 αὐτὸ
1196 583 1459 654 διεσάφει,
1489 586 1691 655 λέγων’
1725 606 1746 639 ι
1794 587 1853 641 '0

296 670 503 743 πρῶτος
540 671 836 743 ἄνθρωπος
865 675 931 728 ὲκ
955 675 1058 744 γῆς
1080 676 1261 746 χοϊκός
1284 692 1299 706 ·
1319 678 1349 730 6
1372 675 1618 749 δεύτερος
1644 676 1856 749 άνθρωυ

294 764 422 826 ποςό
443 761 653 833 Κύριος
680 763 741 829 ἐξ
771 763 1019 835 οὐρανοῦ.
1049 762 1176 830 Οίος
1204 768 1235 821 ό
1270 767 1474 839 χοῖκδς,
1501 768 1730 823 τοιοῦτοι
1760 768 1856 821 καὶ

293 854 335 906 οἰ
364 853 539 923 χοϊκοί
558 869 575 886 ο
609 854 704 908 καὶ
745 850 858 919 οἷος
903 857 934 911 6
982 856 1326 928 ἐπουράνιος,
1381 857 1613 912 τοιοῦτοι
1667 858 1764 912 καὶ
1805 858 1855 911 οἱ

295 945 612 1016 ἐπουράνιοι.
647 946 758 999 Καὶ
798 944 980 1010 καθὼς
1012 947 1354 1019 ἑφορέσαμεν
1392 948 1490 1020 τὴν
1538 950 1723 1005 εἰκόνα
1759 949 1855 1004 τοῦ

298 1035 490 1104 χοϊκοῦ,
518 1034 826 1107 φορισομεν
859 1036 952 1090 καὶ
978 1035 1079 1107 τὴν
1108 1037 1294 1093 εἰκόνα
1325 1039 1418 1094 τοῦ
1451 1041 1793 1113 ἐπουρανίου.
1830 1060 1850 1094 ι

303 1125 404 1179 Καὶ
429 1121 597 1189 αὖθιςο
622 1145 642 1178 ι
671 1126 913 1197 Χριστὸς
938 1129 1087 1198 ἡμᾶς
1110 1129 1442 1202 ἐξηγόρασεν
1463 1133 1528 1187 ἑκ
1558 1133 1659 1203 τῆς
1684 1134 1855 1187 κατά-

302 1233 391 1287 ρας
408 1216 500 1270 τοῦ
516 1216 703 1288 νόμου,
720 1219 1008 1289 γενόμενος
1029 1220 1169 1291 ὑπὲρ
1180 1223 1213 1291 ἡ
1223 1221 1339 1291 μῶν
1354 1221 1588 1295 κατάρα.
1603 1240 1725 1276 ι-ι
1752 1225 1824 1278 Τε
1835 1251 1856 1265 ο

296 1309 593 1363 ταπείνωκε
623 1309 735 1380 γὰρ
773 1311 986 1377 ἑαυτὸν,
1018 1330 1037 1363 ι
1064 1311 1208 1366 καθὰ
1230 1313 1541 1385 γέγραπται
1561 1333 1575 1347 ο
1604 1314 1858 1369 καθίκετο

292 1399 344 1452 δὲ
377 1400 471 1453 καὶ
502 1399 788 1471 ἐθελοντὴς
825 1402 884 1455 ἐν
911 1404 1023 1467 τοῖς
1046 1401 1167 1456 καθ’
1197 1404 1347 1474 ἡμᾶς
1374 1407 1402 1458 6
1445 1405 1739 1475 μονογενὴς
1760 1404 1855 1458 τοῦ

296 1488 423 1542 Θεοῦ
447 1490 636 1557 Λόγος,
667 1490 768 1560 οὐχ
798 1490 885 1545 ἵνα
920 1492 1037 1562 μεθ’
1068 1491 1225 1563 ἡμῶν
1265 1492 1609 1564 βασιλεύηται
1658 1490 1737 1564 τῷ
1762 1492 1857 1546 θαα

303 1582 458 1652 νάτῳ,
500 1581 957 1653 παραπέμποντος
983 1583 1077 1636 τοῦ
1121 1582 1291 1656 Ἀδὰμ
1320 1584 1414 1639 καὶ
1457 1586 1537 1648 εἰς
1570 1583 1732 1637 αὑτὸν
1756 1584 1857 1656 τὴν

298 1673 550 1743 νέκρωσιν
569 1688 583 1700 ·
618 1672 807 1743 ἐπειδη
842 1674 991 1726 ἐστιν
1013 1673 1177 1739 αὐτὸς
1198 1675 1227 1728 6
1243 1678 1310 1728 τά
1332 1676 1511 1730 πάντα
1543 1674 1824 1745 ξωογονῶν
1838 1692 1854 1709 ·

291 1763 398 1815 ἀλλ’
432 1762 523 1815 τνα
548 1763 613 1815 τὸ
645 1766 713 1835 τῇ
748 1762 925 1835 φθορᾷ
956 1764 1185 1835 κάτοχον
1230 1761 1370 1830 εἶδος
1414 1767 1721 1838 ἀποφήνας,
1755 1783 1857 1837 με-

289 1855 676 1927 ταστοιχειώσῃ
717 1856 856 1927 πρὸς
908 1856 1078 1927 ζωήν.
1124 1856 1391 1929 Ταύτῃτοι
1446 1859 1638 1928 γέγονε
1696 1857 1852 1929 σάρξ.

287 1941 438 1996 Οὕτω
465 1945 561 1997 καὶ
589 1947 621 1998 ὁ
646 1944 804 2013 σοφὸς
844 1946 1044 2017 γράφει
1073 1946 1311 2009 Παῦλοςο
1351 1966 1368 1998 ι
1401 1932 1630 2018 Ἐπειδὴ
1656 1947 1764 2016 γὰρ
1787 1946 1853 2000 δι’

285 2032 572 2103 ἀνθρώπου
608 2034 859 2099 θάνατος,
887 2038 982 2090 καὶ
1008 2037 1076 2090 δι’
1106 2037 1395 2109 ἀνθρώπου
1438 2040 1734 2102 ἀνάστασις
1771 2057 1858 2092 νε-

286 2125 452 2194 κρῶν,
474 2127 570 2179 καὶ
599 2120 788 2198 ὥσπερ
815 2129 872 2181 ἐν
887 2129 963 2199 τῷ
993 2128 1164 2200 Ἀδὰμ
1185 2130 1384 2193 πάντες
1401 2132 1853 2203 ἀποθνήσκουσιν,

285 2217 426 2271 οὕτω
448 2218 548 2272 καί
580 2218 639 2272 ὲν
675 2217 753 2288 τῷ
785 2217 1007 2289 Χριστῷ
1036 2219 1237 2283 πάντες
1264 2216 1780 2291 ζωοποιηθήσονται.
1830 2239 1850 2273 ι

296 2307 530 2380 Ἀμαθὲς
558 2309 667 2380 γὰρ
689 2309 919 2373 οἴεσθαι,
944 2310 1153 2382 γηγενῆ
1181 2310 1278 2381 μὲν
1299 2310 1427 2364 ὄντα
1450 2312 1542 2365 καὶ
1569 2310 1855 2382 ἄνθρωπον

283 2402 370 2457 τόν
397 2402 573 2473 ’Δδὰμ
593 2403 694 2472 τῆς
725 2403 811 2454 ἐπ’
834 2401 985 2473 αὐτῷ
1007 2401 1303 2474 γενομένης
1324 2403 1461 2473 ἀρᾶς
1483 2402 1584 2473 τὴν
1601 2403 1854 2473 δύναμιν,

287 2495 533 2566 καθάπερ
566 2493 690 2547 τινὰ
735 2493 959 2566 κλῆρον,
999 2494 1286 2567 διάττοντα
1326 2494 1590 2563 φυσικῶς,
1630 2497 1709 2559 εἰς
1735 2496 1855 2549 ὅλον

290 2585 500 2655 πέμψαι
535 2585 596 2638 τὸ
635 2583 792 2653 γένος
818 2600 832 2615 ·
882 2583 1087 2639 άνωθεν
1124 2585 1182 2638 δὲ
1214 2584 1344 2638 ὄντα
1373 2586 1467 2639 καὶ
1505 2585 1567 2650 ἐξ
1598 2585 1853 2657 οὐρανοῦ,

284 2679 373 2731 καὶ
398 2677 535 2731 Θεὸν
563 2677 706 2732 κατὰ
752 2676 916 2747 φύσιν
944 2675 1034 2730 τὸν
1079 2676 1445 2747 Ἐμμανουὴλ,
1482 2676 1687 2729 καὶτὸν
1721 2678 1856 2748 πρὸς

284 2770 427 2839 ἡμᾶς
457 2768 719 2839 ὁμοίωσιν
751 2768 1045 2838 ἐσχηκότα,
1089 2767 1185 2822 καὶ
1221 2765 1472 2837 δεύτερον
1513 2768 1645 2836 ἡμῖν
1687 2766 1858 2836 Ἀδὰμ

284 2859 570 2928 γεγονότα,
608 2860 684 2931 μὴ
726 2859 850 2929 οὐχὶ
884 2858 985 2930 τῆς
1012 2858 1220 2920 οἰκείας
1247 2856 1393 2926 ζωῆς
1426 2855 1698 2919 πλουσίως
1730 2873 1857 2926 μετ-

284 2953 586 3024 εσχηκότας
613 2953 891 3021 ἀποφῆναι
916 2949 1076 3004 πάλιν
1104 2949 1231 3012 τοὺς
1257 2948 1377 3001 οίπε
1387 2964 1417 3019 ρ
1444 2947 1510 3001 ἂν
1532 2947 1736 3000 ἕλοιντο
1758 2948 1859 3016 τῆς

283 3046 414 3115 πρὸς
447 3044 614 3097 αὐτὸν
631 3041 962 3113 οἰκειότητος
988 3041 1046 3094 ἐν
1076 3041 1256 3093 πίστει
1279 3039 1617 3109 μεταλαχεῖν.
1644 3038 1859 3092 Σύσσω-

288 3152 371 3205 μοι
410 3134 516 3205 μὲν
547 3133 658 3205 γάρ
693 3132 1004 3203 γεγόναμεν
1048 3129 1197 3201 αὖτῷ
1230 3130 1296 3183 δι’
1331 3130 1578 3198 εὐλογίας
1623 3129 1725 3199 τῆς
1759 3147 1858 3199 μυ-

284 3225 493 3295 στικῆς.
534 3221 825 3294 Ἥνώμεθα
846 3220 902 3274 δὲ
932 3221 1025 3275 καί
1045 3219 1167 3274 καθ’
1191 3220 1378 3293 ἕτερον
1407 3220 1628 3292 τρόπον,
1650 3222 1732 3275 ὅτι
1758 3220 1857 3289 τῆς

281 3314 431 3377 θείας
482 3313 650 3368 αὐτοῦ
702 3312 919 3384 φύσεως
965 3312 1268 3382 γεγόναμεν
1322 3312 1567 3365 κοινωνοὶ
1623 3310 1712 3364 διὰ
1760 3310 1855 3364 τοῦ

280 3406 614 3477 πνεύματος.
678 3403 1052 3469 Ἐναυλίζεται
1081 3404 1191 3476 γὰρ
1224 3405 1345 3467 ταῖς
1380 3403 1493 3457 τῶν
1538 3403 1709 3473 ἁγίων
1756 3402 1856 3470 ψυ-

281 3500 439 3567 χαῖς,
478 3498 575 3551 καὶ
609 3496 686 3560 ὡς
737 3498 767 3550 6
816 3497 1082 3568 μακάριος
1142 3494 1393 3564 Ἰωάννης
1443 3495 1607 3565 φησίν
1642 3511 1654 3525 ο
1703 3513 1722 3546 ι
1768 3494 1856 3548 Ἐν

281 3588 459 3657 τούτῳ
486 3585 832 3657 γινώσκομεν
862 3588 944 3641 ὅτι
972 3588 1030 3640 ὲν
1051 3587 1185 3655 ἡμῖν
1206 3586 1373 3652 ἐστιν,
1396 3586 1461 3640 ὲκ
1490 3585 1584 3639 τοῦ
1605 3585 1855 3656 Πνεῦμα-

283 3699 371 3746 τος
404 3675 474 3736 οὗ
502 3680 702 3735 ἔδωκεν
739 3681 894 3750 ἡμῖν.
953 3697 974 3730 ι
1031 3676 1241 3732 Οὐκοῦν
1271 3678 1435 3742 αὐτός
1462 3680 1610 3732 ὲστιν
1639 3678 1794 3748 ἡμῶν
1822 3679 1854 3749 ἡ

282 3769 416 3839 ζωὴ,
447 3769 614 3832 αὐτὸς
636 3769 670 3838 ἡ
692 3766 995 3831 δικαίωσις.
1026 3766 1342 3839 Γέγραπται
1363 3766 1421 3821 δὲ
1448 3768 1642 3822 πάλιν·
1675 3787 1693 3820 ι
1733 3768 1854 3839 'A9’

280 3856 372 3915 οὖν
408 3860 487 3923 ὠς
502 3859 572 3913 δι’
595 3859 712 3924 ἑνὸς
736 3858 1185 3929 παραπτώματος
1214 3860 1293 3921 εἰς
1310 3859 1518 3922 πάντας
1537 3857 1858 3930 ἀνθρώπους

281 3952 361 4014 είς
394 3948 740 4022 κατάκριμα,
780 3948 922 4002 οὕτω
973 3948 1065 4001 καὶ
1099 3947 1166 4001 δι’
1214 3948 1334 4012 ἑνὸς
1371 3947 1738 4020 δικαιώματος
1779 3952 1858 4014 εἰς

283 4044 491 4107 πάντας
526 4040 849 4111 ἀνθρώπους
875 4042 954 4104 εἰς
972 4039 1254 4093 δικαίωσιν
1273 4039 1439 4110 ζωῆς.
1475 4059 1493 4093 ι
1520 4041 1626 4095 Καὶ
1666 4042 1854 4095 πάλινο

286 4154 304 4185 ι
344 4134 558 4203 Ὠσπερ
580 4134 690 4203 γὰρ
714 4131 803 4185 διὰ
833 4132 933 4201 τῆς
970 4131 1255 4203 παρακοῆς
1292 4132 1387 4185 τοῦ
1421 4132 1537 4196 ἐνὸς
1568 4132 1858 4204 ἀνθρώπου

276 4225 595 4296 ἁμαρτωλοί
635 4223 1047 4295 κατεστάθησαν
1091 4224 1141 4277 οἰ
1179 4223 1385 4287 πολλοὶ,
1430 4224 1573 4277 οὕτω
1623 4224 1711 4279 διὰ
1760 4226 1859 4296 τῆς

278 4317 533 4389 ὑπακοῆς
554 4316 650 4371 τοῦ
680 4314 799 4379 ἑνὸς
819 4314 1107 4386 ἀνθρώπου
1130 4315 1329 4369 δίκαιοι
1359 4315 1857 4387 κατασταθήσονται

271 4409 325 4461 οἰ
352 4406 563 4461 πολλοί.
601 4426 622 4460 ι
655 4407 813 4460 Ἐστι
842 4406 1023 4459 τοίνυν
1045 4404 1145 4459 οὐκ
1172 4406 1513 4475 άσυμφανὲς,
1547 4406 1624 4470 ὡς
1658 4407 1755 4462 καὶ
1800 4410 1858 4461 ὲν

1885 1845 1928 1900 Β

1884 3186 1925 3242 C

1956 590 2117 646 aliter
2151 590 2257 646 hoc
2292 591 2471 660 ipsum
2509 590 2671 646 nobis
2710 591 2973 656 declarat,
3012 590 3308 661 inquiens:
3353 611 3373 645 ι
3411 593 3532 649 Pri-

1955 698 2079 737 mus
2127 682 2293 738 homo
2335 682 2405 738 de
2433 690 2579 738 terra
2617 691 2911 749 terrenus;
2946 681 3223 738 secundus
3244 682 3432 749 homo,
3459 682 3529 739 de

1956 775 2097 830 coelo
2153 774 2413 830 caelestis.
2465 773 2655 841 Qualis
2696 782 2984 839 terrenus,
3031 776 3168 830 tales
3208 785 3266 830 et
3321 778 3528 832 terreni

1957 870 2086 920 sunt
2115 881 2128 917 :
2153 863 2332 933 qualis
2353 863 2612 927 emlestis,
2633 863 2769 918 tales
2792 872 2848 918 et
2861 865 3113 920 caelestes
3152 864 3322 934 igitur
3338 880 3531 935 quem-

1956 956 2252 1011 admodum
2286 955 2619 1026 gestavimus
2664 954 2958 1025 imaginem
2993 955 3221 1021 terreni,
3247 965 3530 1025 portemus

1954 1052 2012 1098 et
2057 1044 2351 1115 imaginem
2395 1045 2636 1100 cmlestis
2686 1046 2753 1099 ³⁸.
2787 1063 2807 1095 ι
2856 1045 2926 1100 Et
2953 1061 3188 1101 rursus:
3230 1065 3249 1097 ι
3275 1045 3530 1102 Christus

1956 1152 2058 1191 nos
2108 1136 2338 1193 redemit
2379 1137 2449 1192 de
2505 1136 2797 1191 maledicto
2847 1136 3004 1207 legis,
3034 1136 3213 1193 factus
3238 1153 3341 1207 pro
3364 1137 3528 1193 nobis

1956 1226 2308 1281 maledictum
2330 1227 2394 1280 “.
2425 1245 2549 1278 ι-ι
2577 1225 2896 1281 Humiliavit
2915 1226 3061 1280 enim
3091 1226 3467 1296 semetipsum,
3500 1245 3520 1278 ι

1954 1317 2100 1372 sicut
2141 1316 2405 1385 scriptum
2436 1316 2607 1381 est",
2657 1330 2865 1385 suaque
2890 1324 3084 1386 sponte
3122 1316 3179 1369 in
3218 1322 3405 1371 nostra
3429 1314 3527 1370 de-

1956 1404 2171 1461 scendit
2209 1406 2550 1477 unigenitum
2576 1406 2672 1462 Dei
2701 1406 2961 1471 Verbum,
2985 1422 3095 1462 non
3117 1414 3179 1462 ut
3202 1422 3310 1462 una
3339 1406 3528 1462 nobis-

1957 1512 2082 1552 cum
2127 1496 2323 1553 mortis
2357 1498 2647 1568 imperium
2677 1498 2906 1563 subiret,
2934 1497 3335 1553 transmittente
3363 1497 3529 1553 etiam

1958 1590 2015 1644 in
2039 1590 2217 1661 ipsum
2236 1590 2446 1646 Adamo
2475 1589 2950 1646 mortiﬁcationem
2976 1589 3269 1660 (siquidem
3304 1589 3417 1660 ipse
3443 1595 3530 1643 est

1958 1682 2143 1737 omnia
2176 1679 2517 1751 viviﬁcans);
2562 1681 2658 1736 sed
2692 1690 2751 1736 ut
2784 1681 3022 1751 speciem
3050 1680 3211 1734 morti
3237 1678 3527 1732 obnoxiam

1959 1773 2275 1839 ostendens,
2322 1772 2391 1827 ad
2437 1772 2602 1826 vitam
2638 1770 2977 1826 transferret.
3007 1771 3218 1825 idcirco
3242 1769 3417 1824 factus
3445 1776 3531 1823 est

1956 1877 2124 1915 caro:
2155 1870 2319 1931 atque
2342 1860 2417 1914 ita
2449 1860 2665 1931 sapiens
2698 1860 2901 1915 Paulus
2938 1859 3131 1914 scribit
3162 1876 3175 1911 :
3223 1876 3241 1908 ι
3275 1856 3531 1923 Quando-

1956 1953 2179 2023 quidem
2223 1951 2371 2007 enim
2400 1966 2499 2022 per
2534 1951 2810 2006 hominem
2845 1966 3010 2015 mors,
3041 1956 3098 2004 ct
3125 1965 3223 2019 per
3252 1949 3531 2004 hominem

1956 2046 2122 2099 etiam
2154 2044 2484 2099 resurrectio
2517 2058 2547 2097 a
2580 2042 2814 2097 mortuis
2842 2058 2855 2094 :
2886 2050 2942 2097 et
2961 2041 3104 2095 sicut
3131 2041 3185 2094 in
3209 2039 3378 2094 Adam
3407 2052 3529 2092 om-

1955 2149 2055 2189 nes
2091 2133 2423 2197 moriuntur,
2460 2132 2535 2187 ita
2571 2132 2738 2186 etiam
2780 2130 2836 2185 in
2873 2129 3091 2186 Christo
3126 2144 3319 2184 omnes
3349 2126 3530 2182 viviﬁ-

1957 2226 2232 2281 cabuntur
2252 2225 2315 2278 ³³.
2345 2244 2362 2275 ι
2388 2223 2704 2279 Absurdum
2721 2223 2870 2278 enim
2894 2223 2995 2292 12
3019 2221 3187 2277 fuerit
3211 2219 3530 2276 existimare

1955 2335 1986 2373 c
2012 2327 2158 2373 terra
2187 2316 2409 2389 quidem
2435 2314 2660 2380 factum,
2688 2323 2853 2385 atque
2877 2314 3155 2369 hominem
3177 2312 3531 2367 cxsistentem

1955 2406 2150 2471 Adam,
2188 2404 2600 2469 exsecrationis,
2627 2419 2749 2473 qua:
2779 2402 2883 2473 ipsi
2904 2401 3249 2468 accidit,vim
3272 2409 3529 2471 tanquam

1956 2493 2331 2549 bwreditatcm
2361 2490 2652 2562 quamdam
2673 2490 2997 2545 naturaliter
3024 2489 3080 2544 in
3108 2488 3424 2543 universum
3442 2504 3532 2559 ge-

1955 2601 2061 2641 nus
2098 2585 2400 2639 humanum
2453 2580 2871 2637 transmittere:
2925 2594 3225 2651 supernum
3284 2593 3417 2633 vero
3468 2592 3532 2632 ac

1956 2677 2259 2741 cmlestem,
2297 2683 2354 2730 et
2394 2675 2561 2730 Deum
2594 2672 2897 2728 secundum
2925 2680 3178 2726 naturam
3202 2669 3530 2725 Emmanue-

1956 2769 2085 2834 lem,
2120 2776 2475 2836 nostramque
2517 2764 2933 2820 similitudinem
2966 2772 3208 2827 nactum,
3237 2776 3300 2817 ac
3332 2775 3531 2816 secun-

1958 2859 2089 2912 dum
2117 2858 2280 2912 nobis
2303 2857 2473 2911 Adam
2504 2856 2782 2919 eﬁ'eetum,
2816 2869 2927 2908 non
2954 2854 3119 2907 etiam
3144 2851 3373 2922 perinde
3406 2851 3533 2905 vita:

1959 2964 2070 3004 sua:
2116 2948 2413 3018 participes
2448 2946 2665 3002 abunde
2692 2944 2907 3000 efﬁcere
2937 2960 3033 2998 eos
3064 2943 3159 3013 qui
3189 2940 3531 2996 familiarita-

1959 3048 2068 3096 tem
2115 3056 2240 3095 cum
2278 3039 2396 3110 ipso
2430 3039 2486 3094 in
2528 3037 2631 3093 ﬁde
2665 3035 2804 3091 inire
2831 3035 3125 3089 voluerint.
3163 3031 3531 3102 Concorporei

1958 3131 2106 3185 enim
2136 3130 2188 3186 ei
2217 3129 2347 3185 facti
2370 3144 2560 3184 sumus
2586 3144 2686 3198 per
2732 3125 3015 3199 mysticam
3067 3125 3531 3182 benedictionem.

1959 3223 2108 3279 Uniti
2143 3230 2327 3277 autem
2373 3236 2564 3275 sumus
2607 3220 2773 3274 etiam
2816 3219 2923 3273 alio
2966 3217 3151 3283 modo,
3179 3216 3306 3287 quia
3337 3216 3532 3272 divina:

1959 3314 2133 3383 ipsius
2155 3321 2367 3368 natura:
2396 3312 2523 3367 facti
2556 3326 2747 3366 sumus
2781 3309 3081 3380 participes
3117 3322 3215 3380 per
3245 3307 3531 3378 Spiritum.

1957 3404 2230 3459 inhabitat
2261 3404 2408 3458 enim
2454 3412 2769 3457 sanctorum
2816 3400 3046 3464 animas,
3085 3407 3143 3453 et
3176 3397 3533 3468 quemadmo-

1957 3498 2088 3552 dum
2118 3497 2178 3552 Β.
2226 3496 2464 3552 Joannes
2501 3494 2620 3549 ait:
2664 3512 2682 3544 ι
2716 3493 2776 3547 In
2818 3492 2923 3546 hoc
2959 3490 3341 3561 cognoscimus
3387 3488 3534 3559 quod

1957 3590 2013 3644 in
2038 3589 2199 3644 nobis
2220 3595 2325 3653 est,
2353 3603 2420 3644 ex
2443 3586 2650 3658 Spiritu
2691 3599 2853 3655 quem
2877 3583 3028 3638 dedit
3057 3582 3219 3637 nobis
3255 3581 3317 3635 ⁸⁸.
3358 3600 3376 3632 ι
3414 3580 3534 3651 Ipse

1958 3683 2125 3754 igitur
2171 3688 2255 3737 est
2291 3688 2480 3735 nostra
2522 3678 2653 3743 vita,
2706 3677 2823 3747 ipse
2868 3674 3207 3747 justiﬁcatio.
3257 3673 3533 3743 Scriptum

1957 3782 2139 3830 autem
2174 3782 2258 3829 est
2282 3787 2532 3827 rursum:
2569 3790 2587 3821 ι
2609 3769 2779 3841 Igitur
2794 3768 3047 3837 sicutper
3068 3766 3231 3820 unius
3250 3764 3532 3825 delictum,

1958 3866 2013 3920 in
2069 3879 2260 3921 omnes
2291 3861 2545 3917 homines
2577 3860 2635 3915 in
2659 3857 3170 3915 condemnationem
3197 3873 3212 3920 ς
3245 3855 3326 3910 sic
3356 3862 3413 3908 et
3438 3868 3534 3923 per

1956 3954 2120 4010 unius
2138 3953 2429 4025 justitiam,
2462 3951 2518 4006 in
2540 3964 2731 4005 omnes
2751 3947 2999 4002 homines
3018 3946 3071 4000 in
3089 3942 3532 4016 justiﬁeationem

1955 4046 2083 4101 vita:
2107 4046 2173 4100 “.
2203 4065 2221 4097 ι
2257 4046 2326 4100 Et
2367 4057 2587 4098 rursum
2621 4059 2634 4094 :
2672 4059 2692 4091 ι
2727 4039 2881 4093 Sicut
2902 4037 3050 4091 enim
3079 4050 3178 4107 per
3207 4032 3535 4088 inobedien-

1957 4139 2086 4192 tiam
2104 4135 2267 4191 unius
2289 4133 2530 4189 hominis
2550 4139 2866 4203 peccatores
2891 4126 3172 4184 constituti
3194 4132 3321 4180 sunt
3346 4124 3535 4185 multi:

1957 4230 2034 4284 ita
2090 4242 2191 4298 per
2253 4225 2628 4281 obedientiam
2691 4222 2858 4278 unius
2933 4220 3066 4292 justi
3131 4221 3544 4278 constituentur

1955 4320 2116 4376 multi
2138 4319 2205 4373 ³⁵.
2228 4338 2245 4370 ι
2270 4317 2491 4374 Minime
2521 4316 2687 4387 igitur
2699 4315 2997 4370 obscurum
3010 4322 3120 4379 est,
3137 4312 3283 4384 quod
3300 4312 3535 4367 etiamin

1955 4412 2135 4481 primo
2177 4409 2369 4465 Adam-
2396 4407 2602 4464 Christi
2642 4405 2965 4478 mysterium
3001 4413 3131 4460 tunc
3151 4403 3534 4459 adumbratum

270 4499 458 4571 ’Δδάμ
487 4499 567 4571 τῷ
615 4497 818 4570 πρώτῳ
843 4497 905 4551 τὸ
930 4498 1024 4551 ἐπὶ
1041 4498 1097 4588 ~X
1109 4498 1289 4568 ριστὸν
1314 4500 1610 4571 μυστήριον
1637 4499 1855 4571 6:57:99—

1958 4504 2080 4568 fuit,
2102 4518 2212 4558 non
2224 4517 2322 4573 per
2334 4500 2542 4570 mquale
2565 4499 2788 4554 omnino
2819 4498 3196 4552 indifferenter
3221 4494 3535 4566 ﬁguratum,

268 4588 450 4659 φοῦτο
469 4591 612 4658 τότε,
641 4591 702 4645 οὐ
734 4588 826 4644 διά
851 4604 915 4657 γε
951 4588 1014 4643 τὸ
1040 4582 1157 4642 ἴσον
1192 4589 1627 4657 ἀπαραλλάκτως
1655 4590 1849 4644 ἀνατυ-

264 4683 577 4753 πούμενον,
618 4681 735 4735 ἀλλ’
780 4682 983 4753 ἑτέρως
1024 4696 1083 4733 τε
1135 4680 1258 4750 ἔχον
1291 4683 1385 4736 καὶ
1424 4683 1484 4735 ὲν
1514 4683 1854 4755 ἀντιστρόφῳ

264 4776 546 4846 σχήματι.
585 4774 645 4827 ὐ
673 4774 771 4844 μὲν
794 4771 903 4841 γὰρ
937 4766 1007 4843 ἦν
1033 4771 1176 4843 ἀρχὴ
1203 4771 1282 4843 τῷ
1312 4773 1483 4841 γένει,
1518 4773 1656 4843 πρὸς
1693 4772 1855 4828 θάνα-

258 4883 390 4929 τον,
433 4863 571 4934 πρὸς
601 4862 763 4935 ἀρὰν,
800 4864 936 4933 πρὸς
985 4864 1331 4936 κατάκρισιν·
1381 4867 1410 4919 6
1438 4866 1494 4920 δὲ
1540 4864 1678 4935 πρὸς
1746 4867 1854 4920 πᾶν

257 4949 611 5015 τούναντίον,
648 4952 730 5014 εἰς
768 4950 935 5022 ζωὴν,
977 4953 1060 5016 εἰς
1113 4952 1387 5021 εὐλογίαν,
1438 4956 1518 5018 εἰς
1547 4954 1851 5012 δικαίωσιν.

256 5039 392 5094 Καὶ
416 5041 447 5093 6
485 5039 586 5109 μὲν
630 5040 711 5105 εἰς
742 5039 919 5110 σάρκα
948 5040 1076 5111 μίαν
1106 5039 1317 5111 ἐδέχετο
1340 5043 1441 5114 τὴν
1473 5047 1726 5114 γυναῖκα,
1758 5048 1852 5100 καὶ

251 5130 501 5185 διόλωλε
529 5130 596 5184 δι’
625 5130 795 5201 αὐτῆς
813 5145 827 5160 '
859 5131 1094 5201 Χριστὸς
1117 5131 1173 5184 δὲ
1196 5132 1295 5203 τὴν
1323 5134 1645 5207 Ἐκκλησίαν
1676 5137 1852 5211 ἑαυτῷ

249 5220 574 5277 συνάπτων
595 5220 685 5276 διά
716 5220 812 5275 τοῦ
844 5222 1174 5291 πνεύματος,
1210 5224 1467 5294 ὲκρύεταί
1494 5244 1555 5280 τε
1582 5230 1674 5282 καὶ
1718 5229 1850 5284 ἀνα-

249 5312 468 5379 σώζει,
502 5314 596 5367 καὶ
621 5314 843 5385 ἀπάτης
886 5312 1199 5384 διαϐολικῆς
1242 5316 1498 5372 ἀποτελεῖ
1541 5320 1850 5391 κρείττονα.

246 5408 576 5482 Τοιγάρτοι
605 5411 701 5464 καὶ
733 5409 1017 5464 ἀναπείθει
1065 5410 1224 5482 βοᾷψ
1272 5430 1290 5464 ι
1342 5412 1417 5466 Οὐ
1451 5410 1561 5482 γάρ
1592 5412 1755 5466 αὑτοῦ
1784 5412 1854 5466 τὰ

249 5502 526 5572 νοήματα
555 5500 884 5573 ἀγνοοῦμεν.
925 5520 943 5553 ι
976 5503 1086 5556 Καὶ
1112 5505 1140 5557 6
1172 5504 1270 5573 μὲν
1316 5504 1618 5575 προπάτωρ
1659 5504 1852 5575 Ἀδὰμ,

248 5592 553 5664 ἁμαρτίας
572 5592 804 5663 ὀψώνιον
820 5595 915 5649 καὶ
942 5595 1308 5665 παραϐάσεως
1331 5594 1488 5665 δίκην
1518 5595 1730 5665 ἐδέχετο
1758 5595 1854 5664 τὴν

337 5706 391 5738 ⁸⁸
418 5709 440 5763 ι
472 5709 606 5766 Cor.
639 5728 728 5774 xv,
759 5711 846 5765 45.
922 5713 967 5743 ’³
1002 5711 1131 5768 ibid.
1167 5713 1348 5767 [ΓΙ-49.
1422 5714 1467 5745 ³ο
1499 5712 1671 5770 Galal.
1705 5730 1781 5775 ιιι.
1816 5713 1900 5768 15.

258 5789 352 5842 ιιι,
378 5775 497 5837 Ξὶί
535 5781 597 5873 ’³⁸
629 5782 788 5838 Rom.
823 5797 874 5849 ν,
916 5781 996 5837 18.
1074 5782 1119 5815 ³³
1152 5781 1282 5842 ibid.
1317 5783 1396 5839 19.
1474 5785 1517 5814 “
1544 5784 1585 5844 ll
1608 5784 1732 5841 Cor.
1758 5800 1815 5853 ιι,
1840 5784 1924 5845 il.

1958 4593 2052 4648 sed
2075 4590 2441 4647 diversimode
2459 4605 2517 4645 se
2544 4589 2775 4654 habens,
2798 4597 2853 4643 et
2879 4603 2909 4642 e
2945 4601 3231 4643 converso.
3267 4585 3361 4640 ille
3389 4584 3535 4638 enim

1959 4685 2063 4740 fuit
2103 4682 2433 4755 principium
2464 4682 2651 4753 generi
2690 4681 2931 4736 humano
2947 4680 3013 4735 ad
3033 4677 3505 4744 mortem,maledi

1959 4776 2197 4831 ctionem
2210 4783 2265 4830 et
2289 4772 2797 4828 condemnationem
2817 4791 2828 4825 :
2847 4772 2939 4826 hic
2955 4786 3085 4826 vero
3097 4771 3164 4825 ad
3183 4770 3363 4825 omnia
3378 4769 3535 4839 plane

1960 4867 2258 4933 contraria,
2304 4865 2372 4921 ad
2400 4865 2591 4931 vitam,
2623 4864 3067 4921 benedictionem
3094 4879 3156 4919 ac
3188 4862 3534 4933 iustiﬁcatio-

1962 4973 2108 5015 nem.
2145 4957 2326 5028 Atque
2361 4957 2452 5013 ille
2495 4956 2716 5027 quidem
2757 4956 2813 5010 in
2853 4972 3016 5011 unam
3044 4970 3264 5011 carnem
3297 4950 3535 5020 suscepit

1960 5048 2269 5112 mulierem,
2289 5055 2343 5103 et
2358 5046 2619 5117 perillam
2639 5044 2880 5102 interiit:
2912 5046 3163 5102 Christus
3188 5056 3319 5096 vero
3345 5039 3535 5094 Eccle-

1960 5142 2096 5196 siam
2142 5139 2248 5195 sibi
2282 5138 2385 5210 ipsi
2433 5139 2815 5210 conglutinans
2836 5154 2933 5208 per
2963 5136 3238 5207 spiritum,
3275 5131 3448 5186 salvat
3471 5145 3535 5186 ac

1959 5232 2176 5297 liberat,
2214 5241 2272 5287 et
2302 5230 2590 5286 diabolicis
2639 5230 2928 5284 fraudibus
2957 5225 3295 5295 superiorem
3347 5220 3530 5277 eﬁicit.

1958 5324 2167 5378 Idcirco
2202 5324 2365 5379 etiam
2398 5323 2629 5378 clamare
2663 5320 2856 5376 suadet
2886 5337 2898 5371 :
2937 5339 2954 5370 ι
2982 5317 3169 5386 Neque
3193 5314 3338 5371 enim
3364 5313 3535 5385 ipsius

1960 5412 2316 5485 cogitationes
2338 5413 2652 5484 ignoramus
2695 5410 2761 5463 ³⁸.
2800 5428 2817 5460 ι
2868 5409 2934 5463 Et
2953 5408 3162 5479 primus
3189 5406 3410 5478 quidem
3437 5421 3535 5475 pa~

1962 5519 2090 5559 rens
2134 5503 2305 5560 Adam
2352 5502 2562 5574 peccati
2613 5498 2943 5561 mercedem,
2997 5512 3061 5553 ac
3090 5495 3537 5568 transgressionis

1962 5612 2073 5651 sua:
2107 5611 2322 5668 pcenam
2353 5593 2477 5649 tulit
2509 5592 2790 5648 interitum
2816 5608 2830 5655 ;
2855 5591 3073 5649 Christo
3096 5598 3277 5645 autem
3302 5588 3373 5643 ad
3403 5604 3535 5659 pec-

2014 5714 2055 5746 "
2090 5713 2285 5785 Philip.
2314 5728 2371 5779 ιι,
2400 5711 2433 5767 8
2530 5712 2572 5746 π
2611 5710 2629 5766 l
2664 5709 2792 5767 Cor.
2825 5727 2912 5779 xv,
2948 5708 3038 5774 ει,
3078 5708 3167 5769 22.
3250 5680 3293 5739 δι
3321 5706 3340 5761 ι
3369 5705 3531 5762 ιοςιιι.
