4050 6210
399 362 465 422 ει
1420 358 1475 415 S.
1517 358 1788 415 CYBILLI
1834 358 2303 416 ALEXANDRINI
2339 362 2659 419 ARCHIEP.
3575 364 3648 422 δᾶ

399 479 585 529 catum
624 471 840 544 iustitia
890 471 1283 543 imputabatur,
1318 473 1622 527 secundum
1667 470 1981 528 Judasorum

2087 471 2291 541 φθοράν
2313 491 2325 503 ·
2362 474 2616 546 ἔγκλημα
2635 475 2693 529 δὲ
2726 470 2794 547 ἦν
2824 476 2856 548 ἡ
2884 476 3198 547 δικαιοσύνη
3240 479 3481 551 Χριστῷ,
3509 485 3648 535 κατα

400 575 704 638 stuporem.
755 564 969 620 Idcirco
1012 579 1112 635 per
1166 564 1475 634 passionem
1522 563 1716 618 mortis
1766 563 1977 617 honore

399 668 696 715 coronatur
744 668 801 714 et
850 658 1044 729 gloria,
1089 660 1246 730 juxta
1294 657 1441 714 beati
1485 656 1639 711 Pauli
1688 668 1878 710 vocem
1908 653 1974 706 ³⁷.

399 752 669 807 Praeterea
699 748 880 820 primo
911 749 989 804 illi
1016 748 1187 804 Adam
1216 748 1330 803 sola
1358 744 1737 802 tantummodo
1771 759 1835 799 ea
1856 757 1980 812 quae

400 844 455 897 in
503 852 648 898 terra
668 850 849 906 erant,
881 841 1127 912 subjecta
1155 848 1332 903 erant,
1361 838 1583 894 Christo
1611 850 1742 891 vero
1771 833 1976 889 omnia.

399 931 654 987 Flectunt
672 932 819 986 enim
850 931 955 1002 ipsi
983 945 1127 1002 genu
1160 931 1364 991 omnia,
1394 927 1658 989 coelestia,
1692 922 1974 980 terrestria

399 1030 564 1094 atque
596 1023 828 1089 inferna,
852 1033 911 1079 et
934 1024 1115 1079 omnis
1138 1022 1239 1092 13
1268 1022 1452 1092 lingua
1483 1016 1795 1080 confitetur,
1825 1014 1970 1085 quod

401 1113 667 1172 Dominus
695 1116 854 1172 Jesus
874 1115 1129 1173 Christus
1154 1114 1211 1169 in
1232 1114 1404 1185 gloria
1426 1110 1525 1167 Dei
1547 1108 1742 1166 Patris.
1767 1106 1962 1161 Amen.

938 1322 1016 1377 De
1049 1320 1182 1378 Cain
1211 1331 1261 1376 et
1296 1318 1445 1376 Αιεί.

475 1410 526 1466 1.
548 1410 802 1483 Subiecta
830 1410 1050 1481 quidem
1081 1411 1186 1466 fuit
1215 1408 1454 1464 hominis
1481 1414 1695 1469 natura,
1729 1403 1894 1459 veluti
1919 1401 1973 1455 in

2076 579 2138 631 γε
2174 564 2271 635 τὴν
2304 566 2413 620 τῶν
2459 567 2727 623 Ἰουδαίων
2780 568 3197 641 ἐμϐροντησίαν.
3226 572 3530 646 Τοιγάρτοι
3560 575 3647 627 διὰ

2074 654 2137 706 τὺ
2166 655 2397 729 πάθημα
2432 658 2525 712 τοῦ
2554 658 2787 714 θανάτου
2839 665 2971 734 τιμῇ
3001 662 3360 733 στεφανοῦται
3387 666 3480 719 καὶ
3500 666 3645 738 δόξῃ,

2076 746 2218 799 κατὰ
2241 748 2341 816 τὴν
2372 748 2467 803 τοῦ
2519 751 2792 823 μακαρίου
2823 752 3038 806 Παύλου
3075 755 3279 826 φωνήν.
3307 755 3417 809 Kal
3440 754 3518 828 τῷ
3553 757 3649 827 μὲν

2090 834 2264 907 Ἀδὰμ
2317 840 2454 906 μόνα
2484 857 2544 894 τε
2582 842 2677 895 καὶ
2722 841 2876 912 μόλις
2917 841 2987 896 τὰ
3014 844 3106 897 ἐπὶ
3149 845 3252 915 γῆς
3282 845 3643 900 ὑπετὼτετο·
3676 906 3679 907 ν

2079 923 2300 998 Χριστῷ
2328 928 2386 982 δὲ
2420 930 2486 985 τὰ
2517 931 2713 986 πάντα.
2763 932 2987 1004 Κάμψει
3021 932 3131 1004 γὰρ
3183 934 3332 1006 αὑτῷ
3373 938 3483 989 πᾶν
3514 937 3647 1006 γόνυ

2077 1016 2439 1089 ἐπουρανίων,
2457 1025 2552 1076 καὶ
2573 1024 2958 1093 ὲπιγείων,καὶ
2982 1026 3370 1095 καταχθονίων,
3408 1027 3502 1081 καὶ
3541 1030 3647 1082 πᾶ-

2072 1122 2141 1159 σα
2183 1109 2404 1177 γλῶσσα
2436 1113 2858 1184 ἑξομολογεῖται,
2903 1116 2986 1173 ὅτι
3025 1116 3228 1189 Κύριος
3265 1116 3468 1189 Ἰησοῦς
3510 1120 3645 1193 Χρι-

2075 1199 2197 1264 στὸς
2224 1203 2305 1267 είς
2327 1204 2483 1273 δόξαν
2514 1207 2653 1261 Θεοῦ
2674 1209 2903 1278 Πατρός.
2942 1211 3131 1282 Ἀμήν.

2368 1318 2506 1387 Περί
2534 1318 2641 1374 τοῦ
2666 1320 2834 1386 Κάτν,
2863 1321 2961 1375 καὶ
2993 1322 3097 1376 τοῦ
3129 1324 3323 1378 Ἅϐελ.

2142 1413 2211 1464 a'.
2262 1408 2657 1482 ’Υπενήνεκται
2703 1412 2800 1484 μὲν
2842 1415 2876 1484 ἠ
2923 1412 3437 1484 ἀνθρώπουᾳύσις,
3472 1418 3547 1480 ὠς
3589 1420 3647 1471 ὲν

405 1501 675 1573 principio
700 1503 920 1573 generis
952 1502 1008 1557 in
1035 1502 1265 1565 Adamo,
1308 1510 1369 1557 ut
1397 1501 1560 1555 modo
1578 1497 1715 1560 dixi,
1741 1497 1898 1550 morti
1928 1504 1978 1547 et

2087 1501 2214 1573 ὶρχῇ
2245 1500 2341 1554 τοῦ
2380 1502 2569 1570 γένους
2614 1503 2672 1556 ὲν
2720 1502 2914 1573 Ἀδὰμ,
2961 1502 3215 1573 καθάπερ
3239 1502 3377 1573 ἔφην
3420 1504 3648 1580 ἀρτίως,

406 1601 615 1661 peccato
646 1592 967 1662 :redempta
997 1601 1179 1647 autem
1226 1600 1307 1646 est
1339 1606 1449 1645 non
1482 1589 1643 1644 aliter
1679 1600 1843 1657 quam
1883 1600 1982 1655 per

2087 1590 2306 1655 φανὰτῳ
2351 1593 2449 1646 καί
2481 1592 2768 1661 ἁμιιρτίςιέ
2812 1592 3148 1663 λελὺτρωται
3189 1592 3246 1647 δὲ
3280 1593 3377 1665 οὐχ
3424 1593 3647 1669 ἑτέρως,

407 1684 583 1739 solum
613 1684 913 1741 Christum.
965 1685 1102 1740 Nam
1130 1684 1276 1740 sicut
1299 1682 1472 1754 ipsius
1512 1680 1815 1749 discipulus
1836 1678 1975 1732 scri-

2087 1681 2220 1754 πλὴν
2247 1682 2329 1736 ὅτι
2356 1683 2443 1737 διὰ
2465 1683 2625 1754 μόνου
2642 1683 2902 1756 Χριστοῦ.
2941 1685 3026 1748 Ὠς
3047 1683 3155 1757 γὰρ
3182 1686 3210 1738 ό
3227 1684 3390 1738 αὐτοῦ
3407 1685 3649 1754 γέγραφε

409 1777 488 1832 hit
527 1795 541 1831 :
583 1796 601 1828 ι
639 1776 757 1832 Non
787 1787 872 1833 est
899 1776 1048 1833 aliud
1076 1792 1275 1832 nomen
1295 1776 1398 1832 sub
1425 1774 1562 1830 coelo
1594 1773 1780 1828 datum
1803 1772 1979 1826 homi-

2087 1774 2350 1846 μαθητὴς,
2388 1794 2407 1828 ι
2453 1776 2568 1830 Οὐκ
2602 1776 2747 1829 ἐστιν
2770 1776 2940 1847 ὄνομα
2963 1776 3148 1847 ἕτερον
3184 1777 3288 1831 ὑπὸ
3312 1776 3401 1829 τὸν
3425 1776 3651 1849 οὐρανὸν

407 1867 590 1935 nibus,
633 1869 690 1924 in
735 1885 845 1940 quo
882 1878 1135 1940 oporteat
1179 1883 1281 1924 nos
1325 1866 1521 1921 salvari
1545 1866 1610 1917 ".
1643 1884 1661 1916 ι
1726 1863 1978 1933 Oportuit

2087 1867 2142 1918 τὸ
2169 1865 2450 1936 δεδομένον
2471 1868 2529 1920 ὲν
2552 1866 2876 1938 ἀνθρώποις,
2908 1870 2964 1921 ἐν
2988 1859 3032 1935 ᾧ
3059 1868 3138 1921 δεῖ
3168 1868 3399 1937 σωθῆναι
3427 1867 3591 1937 ἡμᾶς.
3626 1884 3644 1916 ο

407 1963 554 2021 enim
584 1977 712 2018 eum
741 1977 842 2033 per
864 1976 1030 2033 quem
1054 1958 1238 2015 omnia
1269 1966 1449 2013 ortum
1491 1964 1650 2012 nacta
1689 1961 1853 2019 sunt,
1890 1953 1975 2006 in-

2087 1953 2383 2051 :Edstyap,
2419 1954 2525 2008 ἔδει
2554 1954 2644 2008 τὸν
2684 1954 2749 2008 δι’
2783 1949 2843 2009 οὗ
2886 1957 2951 2008 τὲ
3002 1957 3176 2009 πάντα
3221 1954 3476 2026 παρήχθη
3517 1955 3649 2026 πρὸς

410 2062 770 2111 stauratorem
827 2054 947 2110 fieri
992 2067 1184 2108 eorum
1223 2066 1345 2120 quae
1389 2056 1644 2117 corrupta
1679 2053 1856 2109 erant,
1894 2045 1978 2099 vi-

411 2146 657 2216 tiumque
696 2160 765 2200 ex
803 2153 1029 2215 peccato
1066 2150 1405 2196 contractum
1452 2137 1770 2209 profligare,
1809 2135 1982 2205 quod-

410 2253 517 2306 que
547 2236 686 2291 male
717 2235 958 2290 habebat
983 2234 1223 2297 abolere,
1264 2240 1427 2301 atque
1452 2230 1521 2285 iis
1551 2228 1645 2300 qui
1665 2243 1764 2299 per
1801 2225 1978 2297 ipsum

411 2327 537 2382 facti
565 2334 743 2392 erant,
769 2326 977 2381 bonum
1013 2324 1262 2379 habitum
1303 2320 1528 2393 largiter
1559 2319 1848 2389 impertiri.
1887 2317 1980 2372 Di-

412 2420 551 2475 vina:
580 2419 727 2474 enim
757 2419 1017 2489 potentiae
1038 2432 1103 2473 ac
1124 2416 1314 2472 virtuti
1351 2414 1672 2486 praeclarum
1708 2410 1815 2465 hoc
1845 2424 1983 2479 opus

412 2511 722 2578 tribuerim,
750 2527 876 2567 cum
906 2526 969 2565 ea
992 2526 1114 2580 quae
1144 2525 1252 2564 non
1275 2516 1404 2564 sunt
1429 2505 1497 2561 ad
1528 2520 1647 2561 esse
1673 2504 1981 2566 traducere,

413 2613 528 2659 tum
553 2617 620 2658 ea
644 2618 766 2674 quae
787 2619 819 2657 a
844 2609 993 2657 recto
1035 2600 1420 2670 inculpatoque
1449 2605 1593 2653 statu
1622 2594 1982 2655 deﬂexerunt,

412 2694 481 2749 ad
507 2694 713 2749 bonum
740 2693 990 2748 habitum
1020 2706 1299 2747 revocare.
1327 2695 1592 2745 Ustcnsus
1611 2678 1793 2758 itaque
1818 2698 1901 2742 est
1928 2686 1984 2739 in

415 2786 583 2841 Adam
608 2784 774 2856 hujus
819 2785 900 2840 rei
934 2794 1114 2856 typus.
1144 2783 1344 2839 Videas
1383 2790 1566 2837 autem
1599 2780 1776 2850 ipsum
1813 2777 1986 2832 nihilo

415 2877 594 2933 secius
619 2876 675 2932 id
702 2876 757 2931 in
779 2875 902 2931 aliis
936 2875 1004 2929 ab
1024 2875 1143 2946 ipso
1168 2873 1326 2929 factis
1364 2871 1788 2927 describentem.
1820 2867 1983 2924 Sum-

416 2968 603 3024 matim
630 2966 780 3023 enim
825 2966 882 3021 in
912 2965 1133 3021 Christo
1159 2962 1367 3035 colligit
1392 2962 1572 3017 omnia
1598 2977 1720 3031 qua:
1749 2960 1804 3015 in
1833 2960 1987 3016 caelis

412 3070 611 3130 etquae
650 3058 703 3113 in
740 3068 884 3114 terra
909 3059 1056 3112 Deus
1099 3067 1155 3112 et
1181 3058 1360 3111 Pater.
1391 3056 1459 3109 Et
1488 3053 1633 3124 quod
1667 3052 1733 3106 ad
1768 3067 1832 3106 ea
1865 3065 1987 3119 qua:

416 3150 639 3205 minime
669 3148 957 3212 convenit,
986 3147 1198 3215 lapsum
1237 3151 1374 3207 erat,
1412 3143 1479 3197 ad
1510 3143 1748 3213 primum
1784 3150 1984 3196 statum

417 3239 664 3303 reducit;
695 3239 765 3294 iis
788 3253 910 3308 quae
943 3237 1155 3291 interea
1176 3235 1519 3297 acciderant,
1556 3232 1728 3302 ipsius
1772 3247 1836 3286 ac
1860 3232 1983 3301 qui-

2082 2040 2335 2113 ὓπαρξιν,
2356 2043 2746 2115 ἀνακαινιστὴν
2768 2043 3019 2113 γενέσθαι
3036 2044 3143 2098 τῶν
3164 2044 3648 2115 κατεφθαρμένων,

2082 2134 2176 2186 καὶ
2206 2135 2300 2205 τὴν
2328 2137 2391 2188 ὲκ
2426 2136 2527 2206 τῆς
2550 2136 2824 2208 ἁμαρτίας
2874 2136 3157 2202 ὲξελᾶσθαι
3207 2139 3452 2208 πήρωσιν
3476 2150 3491 2165 ·
3522 2153 3652 2189 κατι

2079 2229 2317 2298 αργῆσαι
2339 2228 2394 2281 δὲ
2422 2228 2485 2282 τὸ
2507 2229 2730 2291 λυποῦν,
2775 2231 2868 2282 καὶ
2897 2230 2958 2283 τὸ
2999 2226 3059 2283 εὖ
3103 2225 3241 2283 εἶναι
3273 2230 3433 2285 πάλιν
3454 2229 3653 2284 διανεῖ-

2083 2337 2182 2390 μαι
2208 2319 2473 2382 πλουσίως
2502 2322 2616 2384 τοῖς
2645 2320 2711 2375 δι’
2743 2320 2908 2374 αὐτοῦ
2931 2320 3198 2390 γεγονόσι.
3226 2320 3519 2392 Δυνάμεως
3545 2321 3652 2392 γὰρ

2079 2409 2181 2477 τῆς
2227 2408 2586 2480 θεοπρεποῦς,
2631 2411 2726 2464 καὶ
2763 2411 2947 2482 μέντοι
2985 2412 3079 2466 καὶ
3102 2410 3371 2479 ἐξουσίας,
3413 2412 3561 2483 δοίην
3588 2414 3654 2469 ἂν

2082 2498 2259 2567 ἔγωγε
2292 2500 2553 2572 λαμπρὰν
2592 2501 2846 2569 γενέσθαι
2880 2502 3242 2573 κατόρθωσιν,
3271 2502 3448 2561 καὶτὸ
3475 2504 3538 2556 ὲκ
3560 2501 3652 2555 τοῦ

2086 2593 2160 2665 μὴ
2190 2593 2341 2657 ὄντος
2378 2595 2458 2657 είς
2498 2592 2559 2646 τὸ
2591 2589 2726 2647 εἶναι
2759 2592 3022 2650 δῦνασθαι
3059 2597 3435 2665 παρενεγκεῖν,
3467 2594 3561 2647 καὶ
3589 2594 3656 2647 τὰ

2082 2676 2176 2733 τοῦ
2200 2680 2379 2742 καλῶς
2391 2697 2450 2733 τε
2472 2680 2566 2733 καὶ
2590 2679 2886 2751 causam;
2912 2679 3055 2751 ἔχειν
3077 2664 3437 2753 ἡμαρτηκότα
3471 2701 3656 2753 μονον-
3685 2664 3698 2680 ’

2082 2772 2203 2840 ουχὶ
2231 2771 2602 2841 παλινάγρετα
2632 2771 2767 2842 πρὸς
2792 2770 2853 2825 τὸ
2894 2767 2953 2825 εὖ
2982 2767 3120 2826 εἶναι
3158 2773 3361 2827 καλεῖν.
3383 2772 3654 2826 Δέδεικται

2088 2859 2188 2930 μὲν
2224 2855 2317 2913 οὖν
2350 2861 2408 2912 ὲν
2458 2859 2631 2926 Ἀδὰμ
2672 2861 2700 2913 ὁ
2733 2860 2826 2913 ἐπὶ
2854 2860 2991 2931 τῷδε
3030 2861 3219 2925 τύπος.
3253 2861 3379 2914 ’ῐδοι
3403 2861 3449 2915 δ’
3471 2860 3537 2915 ἄν
3574 2879 3655 2926 τις

2084 2951 2237 3004 οὐδὲν
2284 2945 2449 3022 ἦττον
2495 2950 2657 3004 αὐτὸν
2701 2952 2796 3005 καὶ
2841 2952 2898 3005 ὲν
2933 2953 3046 3015 τοῖς
3092 2950 3153 3017 ἐξ
3197 2950 3362 3005 αὑτοῦ
3405 2953 3659 3022 γεγονόσι

2085 3041 2452 3112 γραφόμενον.
2496 3040 3017 3110 Ἀνακεφαλαιοῦται
3045 3041 3151 3114 γὰρ
3182 3045 3240 3097 ὲν
3264 3042 3486 3113 Χριστῷ
3510 3043 3577 3098 τά
3599 3061 3656 3097 τε

2087 3135 2145 3186 ὲν
2177 3137 2287 3196 τοῖς
2318 3135 2569 3206 οὐρανοῖς
2601 3134 2694 3187 καὶ
2722 3135 2791 3193 τὰ
2814 3134 2905 3187 ἐπὶ
2926 3136 3023 3205 τῆς
3053 3134 3157 3205 γῆς
3189 3137 3217 3187 ό
3246 3133 3377 3198 Θεὸς
3415 3134 3511 3188 καὶ
3550 3153 3657 3187 πα-

2088 3225 2212 3294 τήρ.
2243 3226 2352 3278 Kal
2379 3225 2440 3278 τὸ
2461 3227 2545 3294 ἐφ’
2574 3224 2610 3280 ἃ
2646 3226 2720 3297 μὴ
2754 3224 3031 3297 προσῆκεν
3056 3224 3372 3295 ὀλισθῆσαν,
3401 3225 3660 3280 ἀναϐιϐά-

414 3330 538 3383 dem
561 3328 733 3383 solius
755 3327 1065 3384 interventu
1103 3325 1171 3380 de
1194 3324 1376 3380 medio
1412 3323 1661 3386 sublatis,
1686 3321 1863 3392 iisque
1892 3322 1984 3392 qui

2091 3313 2242 3378 ζεται
2262 3314 2395 3387 πρὸς
2417 3315 2477 3369 τὸ
2506 3317 2564 3369 ἐν
2598 3316 2814 3386 ἀρχαῖς,
2843 3316 2914 3369 δι’
2949 3315 3113 3369 αὐτοῦ
3149 3315 3213 3387 δὴ
3238 3316 3331 3375 καὶ
3367 3316 3526 3387 μόνου
3552 3318 3660 3370 τῶν

416 3420 471 3474 in
518 3428 666 3475 terra
714 3426 844 3473 sunt
893 3417 962 3473 ad
988 3418 1289 3474 novitatem
1336 3425 1600 3472 creatura:
1648 3415 1986 3471 instauratis.

418 3510 565 3565 Nova
602 3510 751 3565 enim
780 3499 841 3564 fit
879 3521 1134 3565 creatura
1164 3510 1218 3562 in
1253 3508 1391 3579 ipso,
1412 3514 1469 3561 et
1491 3523 1655 3562 verus
1678 3517 1762 3563 est
1786 3522 1985 3562 sermo.

418 3601 553 3657 Vide
601 3602 783 3673 itaque
820 3603 987 3658 etiam
1029 3602 1084 3657 in
1119 3601 1255 3656 Abel
1300 3610 1356 3656 et
1376 3600 1509 3656 Cain
1554 3599 1758 3655 Christi
1792 3607 1991 3671 myste-

419 3696 584 3757 rium,
609 3709 708 3764 per
720 3693 866 3763 quod
887 3694 1051 3749 etiam
1076 3692 1265 3748 salvati
1295 3707 1503 3747 sumus.
1526 3690 1799 3760 Scriptura
1824 3691 1990 3762 igitur

417 3793 506 3841 est
537 3784 808 3839 inCencsi
845 3801 859 3838 :
895 3802 914 3835 ι
952 3784 1125 3839 Adam
1152 3792 1335 3839 autem
1378 3781 1632 3853 cognovit
1659 3781 1826 3837 Evam
1859 3798 1992 3836 uxo-

420 3891 537 3931 rem
592 3890 769 3939 suam,
812 3883 869 3929 et
897 3873 1216 3943 concipiens
1242 3872 1455 3943 peperit
1480 3872 1635 3936 Cain,
1691 3881 1749 3927 et
1802 3873 1986 3929 dixit:

421 3966 643 4022 Possedi
675 3966 950 4022 hominem
989 3982 1086 4036 per
1108 3966 1299 4027 Deum,
1330 3973 1387 4019 et
1420 3963 1631 4018 addidit
1660 3980 1853 4035 parere
1881 3964 1988 4017 fra-

420 4068 559 4113 trem
611 4059 730 4126 ejus
763 4057 921 4112 Abel.
967 4057 1036 4111 Et
1082 4055 1356 4111 fuit'Ahel
1397 4064 1581 4125 pastor
1617 4054 1987 4120 ovium;Cain

419 4160 601 4204 autem
633 4149 1011 4220 fuitagricola.
1044 4150 1113 4205 Et
1138 4147 1338 4206 factum
1369 4158 1472 4210 est,
1514 4157 1640 4219 post
1668 4147 1788 4203 dies
1825 4149 1990 4203 obtu-

421 4237 482 4293 lit
512 4237 645 4291 Cain
679 4237 748 4292 de
775 4236 1047 4292 fructibus
1091 4246 1250 4292 terrae
1286 4236 1615 4292 sacrificium
1644 4236 1904 4299 Domino,
1935 4246 1993 4291 et

420 4327 554 4382 Abel
587 4326 787 4382 obtulit
817 4337 874 4382 et
908 4326 1022 4396 ipse
1055 4326 1121 4381 de
1138 4326 1514 4399 primogenitis
1534 4327 1718 4381 ovium
1744 4341 1988 4389 suarum,

419 4426 475 4472 et
506 4417 573 4472 de
606 4416 860 4488 adipibus
886 4431 1095 4471 earum.
1127 4416 1197 4471 Et
1229 4416 1467 4486 respexit
1499 4417 1645 4471 Deus
1675 4413 1743 4469 ad
1771 4412 1905 4468 Abel
1936 4422 1993 4467 et

419 4508 485 4564 ad
516 4524 743 4564 munera
784 4510 905 4579 ejus
935 4526 948 4562 :
976 4508 1045 4563 ad
1102 4506 1237 4562 Cain
1280 4517 1461 4563 autem
1503 4516 1560 4562 et
1610 4505 1676 4560 ad
1725 4502 1990 4561 sacriﬁcia

419 4602 539 4671 ejus
574 4615 686 4654 non
719 4598 972 4655 attendit.
1040 4599 1110 4653 Et
1152 4597 1483 4653 tristificavit
1539 4596 1672 4652 Cain
1722 4594 1899 4657 valde,
1932 4603 1987 4649 ct

418 4684 657 4745 concidit
679 4689 863 4744 vultus
912 4688 1048 4758 ejus.
1098 4687 1202 4760 14
1248 4687 1317 4742 Et
1361 4685 1499 4740 dixit
1537 4684 1801 4739 Dominus
1845 4683 1989 4737 Deus

419 4780 552 4835 Cain
590 4778 825 4847 :,Quare
880 4778 1054 4835 tristis
1100 4778 1277 4834 factus
1324 4793 1405 4839 es,
1446 4783 1501 4828 et
1543 4790 1711 4844 quare
1753 4773 1992 4828 concidit

420 4872 584 4926 facies
604 4872 737 4926 tua?
786 4872 978 4925 Nonne
1035 4870 1079 4925 si
1116 4878 1261 4923 recte
1312 4866 1599 4930 obtuleris,
1631 4876 1777 4921 recte.
1810 4874 1990 4921 autem

423 4978 528 5017 non
561 4962 834 5026 diviseris,
858 4961 1132 5033 peccasti?
1160 4960 1410 5026 Quiesce,
1433 4965 1489 5013 et
1520 4958 1586 5013 ad
1617 4966 1670 5013 te
1705 4958 1993 5014 conversio

419 5055 556 5124 ejus,
593 5064 648 5109 et
682 5062 739 5109 tu
774 5053 944 5124 ipsius
972 5050 1346 5106 dominaberis
1368 5051 1433 5103 ⁸⁵.
1477 5069 1493 5101 1
1530 5050 1599 5104 Et
1618 5051 1781 5120 paulo
1817 5059 1939 5121 post
1976 5068 1988 5104 :

428 5165 446 5197 ι
483 5146 550 5200 Et
596 5145 733 5201 dixit
764 5144 898 5202 Cain
945 5144 1011 5199 ad
1057 5141 1193 5198 Abel
1225 5142 1447 5197 fratrem
1487 5157 1645 5195 suum
1686 5159 1698 5195 :
1736 5141 1991 5212 Egredia-

421 5257 545 5296 mur
584 5241 641 5295 in
679 5255 890 5312 agrum.
939 5240 1009 5296 Et
1032 5240 1232 5294 factum
1258 5246 1362 5302 est,
1392 5253 1516 5292 cum
1546 5247 1728 5292 essent
1752 5238 1805 5291 in
1827 5253 1987 5308 agro,

422 5333 660 5390 surrexit
690 5333 823 5388 Cain
851 5333 904 5388 in
949 5333 1085 5389 Abel
1125 5331 1347 5387 fratrem
1400 5345 1592 5394 suum,
1623 5340 1679 5386 et
1720 5331 1995 5387 interfecit

421 5441 567 5479 eum.
597 5424 662 5480 Et
702 5423 779 5478 ait
821 5423 1086 5480 Dominus
1119 5423 1187 5480 ad
1213 5423 1383 5480 Cain:
1409 5422 1514 5480 Ubi
1546 5430 1630 5477 est
1658 5423 1795 5479 Abel
1824 5422 1994 5478 frater

425 5516 587 5571 tuus?
635 5515 703 5571 Et
724 5514 898 5569 dixit:
936 5514 1053 5569 Non
1089 5516 1203 5570 scio
1240 5533 1251 5568 :
1287 5514 1532 5586 nunquid
1576 5523 1760 5569 custos
1812 5515 1995 5570 fratris

426 5607 530 5664 mei
562 5622 680 5663 sum
722 5605 874 5678 ego?
924 5606 991 5662 Et
1023 5605 1160 5661 dixit
1214 5606 1357 5661 Deus
1392 5625 1403 5659 :
1436 5605 1575 5674 Quid
1619 5605 1793 5665 fecisti
1845 5606 1995 5661 hoc?

2094 3404 2295 3475 μεταξὺ
2343 3404 2926 3474 παρεισὸεϐληκότων,
2972 3405 3268 3476 οἰχομένων
3301 3406 3401 3482 ήδη
3439 3406 3571 3479 προς
3603 3405 3662 3462 τί]

2094 3496 2285 3566 μηδὲν,
2310 3496 2405 3550 καὶ
2425 3496 2505 3556 είς
2529 3497 2827 3567 καινότητα
2857 3497 3087 3561 κτίσεως
3108 3496 3664 3568 ἀιιαστοιχειουμένων

2088 3588 2195 3640 τῶν
2242 3589 2335 3641 ἐπὶ
2365 3589 2465 3658 τῆς
2515 3589 2638 3658 γῆς.
2685 3589 2866 3660 Καινὴ
2900 3588 3008 3658 γὰρ
3049 3589 3228 3653 κτίσις
3259 3592 3315 3642 ὲν
3356 3589 3525 3659 αὐτῷ,
3566 3590 3663 3643 καὶ

2088 3678 2291 3750 ἀληθὴς
2321 3679 2349 3730 ὁ
2375 3678 2551 3746 λόγος.
2587 3679 2777 3748 Ἀθρει
2803 3679 2866 3750 δὴ
2896 3675 3009 3743 οὖν,
3036 3679 3192 3750 ἄθρει
3217 3680 3308 3732 καὶ
3334 3683 3391 3732 ἐν
3422 3679 3586 3733 ’Ἅϐελ
3603 3697 3662 3733 τε

2089 3768 2184 3823 καὶ
2219 3770 2378 3834 me),
2412 3769 2472 3823 τὸ
2507 3768 2743 3840 Χριστοῦ
2787 3771 3108 3842 μυστήριον,
3163 3770 3230 3824 δι’
3276 3765 3335 3825 οὗ
3369 3773 3460 3825 καὶ
3496 3770 3664 3825 σεσώ-

2090 3863 2284 3933 σμεθα.
2311 3862 2625 3934 Γέγραπται
2652 3863 2830 3916 τοίνυν
2870 3864 2927 3916 ἐν
2949 3865 3010 3933 τῇ
3056 3863 3268 3916 Γενέσει
3295 3880 3308 3894 ο
3353 3883 3371 3915 ι
3416 3864 3585 3934 ’Ᾱδὰμ
3608 3864 3666 3918 δὲ

2089 3954 2230 4021 ἔγνω
2261 3953 2407 4009 Εὔαν
2433 3954 2531 4026 τὴν
2547 3957 2782 4024 γυναῖκα
2811 3955 2998 4018 αὐτοῦ,
3029 3955 3120 4008 καὶ
3148 3956 3483 4010 συλλαϐοῦσα
3514 3956 3667 4011 ἔτεκε

2089 4045 2179 4096 τὸν
2205 4045 2367 4110 Κάῖν,
2405 4046 2498 4099 καὶ
2522 4042 2675 4099 εἶπεν
2700 4063 2713 4078 ·
2751 4045 3102 4117 Ἐκτησάμην
3128 4047 3413 4119 ἄνθρωπον
3455 4049 3545 4103 διὰ
3573 4048 3666 4102 τοῦ

2090 4136 2248 4199 Θεοῦ,
2286 4138 2380 4192 καὶ
2421 4137 2719 4209 προσέθετο
2748 4141 2928 4192 τεκεῖν
2965 4137 3057 4193 τὸν
3107 4138 3335 4210 ἀδελφὺν
3378 4140 3542 4194 αὑτοῦ
3576 4142 3668 4193 τὶν

2095 4229 2280 4284 Ἀσελ.
2314 4230 2423 4284 Kal
2450 4230 2669 4300 ἐγένετο
2692 4228 2858 4284 Ἀὄελ
2882 4230 3084 4301 ποιμὴν
3111 4230 3417 4302 προϐάτων.
3448 4231 3587 4285 Kcin
3610 4232 3668 4283 δὲ

2089 4315 2158 4384 ἦν
2191 4320 2561 4390 ἐργαζόμενος
2601 4321 2698 4392 τὴν
2730 4324 2853 4394 γῆν.
2884 4324 2992 4375 Kal
3021 4323 3236 4391 ἐγένετο
3276 4322 3396 4394 μεθ’
3430 4323 3665 4392 ἡμέρας,

2091 4412 2290 4478 ἦνεγκε
2337 4409 2477 4462 Κάῖν
2523 4412 2632 4464 ἀπὸ
2662 4412 2771 4465 τῶν
2813 4413 3041 4484 καρπῶν
3074 4414 3174 4480 τῆς
3219 4413 3323 4481 γῆς
3357 4411 3546 4472 θυσίαν
3589 4412 3668 4480 rip

2092 4498 2300 4571 Κυρίῳ,
2337 4500 2431 4553 καὶ
2464 4501 2630 4553 ’Ἅϐελ
2653 4502 2851 4572 ἢνεγκε
2880 4502 2972 4555 καὶ
2998 4502 3159 4565 αὐτὸς
3186 4502 3292 4554 ἀπὸ
3324 4501 3431 4554 τῶν
3459 4517 3658 4571 πρωτοο

2094 4591 2264 4644 ’όκων
2297 4590 2407 4644 τῶν
2452 4590 2738 4663 προϐάτων
2773 4590 2957 4656 αὑτοῦ,
2994 4591 3085 4644 καὶ
3121 4592 3228 4645 ἀπὸ
3271 4592 3380 4643 τῶν
3428 4590 3666 4643 στεάτων

2093 4682 2289 4737 αὐτῶν.
2329 4683 2436 4736 Kal
2474 4683 2683 4735 ἐπεῖδεν
2710 4684 2737 4736 ό
2770 4682 2898 4745 Θεὸς
2927 4683 3020 4735 ἐπὶ
3059 4683 3243 4745 Ἅϐελ,
3285 4683 3378 4734 καὶ
3428 4682 3518 4733 ἐπὶ
3556 4685 3669 4744 τοῖς

2091 4775 2281 4846 δώροις
2317 4773 2510 4828 αὑτοῦ·
2547 4775 2638 4826 ἐπὶ
2670 4773 2725 4827 δὲ
2756 4775 2891 4827 Κάῖν
2930 4790 3020 4826 και
3058 4774 3149 4826 ἐπὶ
3182 4775 3297 4838 ταῖς
3330 4772 3537 4835 θυσίαις
3572 4772 3671 4826 αὑ·-

2092 4862 2186 4916 τοῦ
2210 4865 2271 4917 οὐ
2305 4862 2593 4935 προσέσχε.
2630 4865 2741 4917 Καὶ
2786 4862 3026 4937 ἐλύπησε
3071 4864 3162 4918 τὸν
3210 4863 3351 4917 xm
3388 4863 3527 4927 λίαν,
3574 4863 3670 4918 καὶ

2095 4955 2358 5009 συνέπεσε
2389 4955 2449 5009 τὸ
2497 4956 2788 5026 πρόσωπον
2838 4954 3024 5015 αὑτοῦ.
3075 4955 3185 5009 Kal
3237 4954 3359 5009 εἷπε
3395 4955 3599 5029 Κύριος
3641 4957 3670 5011 ὁ

2094 5045 2225 5108 Θεὸς
2251 5045 2327 5117 τῷ
2354 5047 2513 5100 Κάϊν·
2571 5047 2732 5101 Ἰνατί
2778 5046 3075 5117 περίλυπος
3126 5045 3337 5114 ἐγένου,
3385 5048 3481 5102 καὶ
3528 5048 3671 5106 ίνατί

2098 5139 2360 5192 συνέπεσε
2412 5139 2471 5193 τὸ
2506 5140 2794 5209 πρόσωπόν
2827 5155 2957 5205 σου;
3004 5140 3117 5194 Οὐκ
3153 5138 3248 5194 ἐὰν
3289 5141 3466 5213 ὀρθῶς
3509 5156 3667 5213 προσ.

2098 5232 2347 5303 ενέγκῃς,
2380 5230 2554 5303 ὀρθῶς
2595 5232 2651 5285 δὲ
2701 5231 2774 5302 μὴ
2821 5230 3022 5303 διέλῃς,
3053 5232 3334 5304 ἥμαρτες
3377 5234 3661 5304 ἡσύχασαν.

2092 5323 2225 5394 πρὸς
2241 5324 2346 5395 σὲή
2373 5325 2674 5395 ἐπιστροφὴ
2699 5323 2882 5391 αὑτοῦ,
2910 5325 3002 5377 καὶ
3022 5325 3085 5377 σὺ
3112 5323 3296 5396 ἄρξεις
3324 5323 3504 5378 αὑτοῦ.
3522 5341 3537 5371 ο
3557 5319 3662 5372 Καὶ

2096 5421 2209 5489 μετ’
2225 5419 2398 5488 ὀλίγα·
2421 5439 2438 5472 ι
2466 5420 2572 5474 Kal
2599 5413 2719 5473 εἷπε
2741 5420 2881 5476 Κάῖν
2897 5420 3030 5491 πρὸς
3046 5422 3213 5475 Ἀὅελ
3231 5422 3322 5476 τὸν
3336 5416 3555 5485 ἀδελφὸν
3573 5415 3665 5466 αὖα

2093 5514 2207 5569 τοῦ’
2227 5514 2527 5585 Διέλθωμεν
2540 5514 2602 5587 δὴ
2621 5516 2698 5580 εἰς
2711 5515 2770 5569 τὸ
2785 5515 2982 5571 πεδίον.
2998 5517 3105 5571 Kal
3129 5516 3342 5583 ἐγένετο
3354 5514 3408 5565 ὲν
3433 5507 3507 5579 τῷ
3525 5503 3668 5566 εἶναι

2095 5607 2289 5672 αὐτοὺς
2314 5607 2370 5661 ἐν
2400 5606 2477 5677 τῷ
2518 5608 2702 5680 πεδίῳ.
2741 5610 2833 5665 καὶ
2865 5609 3062 5678 ἀνέστη
3094 5607 3231 5661 me,
3257 5602 3347 5657 ἐπὶ
3376 5600 3539 5657 Ἅϐελ
3572 5597 3663 5655 τὶν

497 5724 538 5754 ³⁷
565 5722 762 5793 Philip.
795 5737 853 5789 tt,
880 5721 933 5776 9.
1014 5720 1057 5755 ³⁸
1080 5721 1237 5786 ibid.,
1271 5721 1353 5785 IO,
1392 5723 1473 5777 ll.
1519 5722 1559 5753 δ”
1598 5723 1717 5778 Act.
1760 5740 1829 5789 tv,
1864 5723 1943 5778 3‘2.

2096 5723 2229 5778 Gen.
2265 5739 2336 5787 tv,
2375 5722 2487 5781 f—7.
