4050 6210
352 227 426 281 35

1374 227 1897 288 CLAPHYRORUM
1936 232 2003 288 IN
2037 233 2338 293 GENESIM
2379 240 2510 294 LIB.
2552 241 2592 294 1.
3547 258 3616 312 δι

350 337 581 406 ἀδελφὸν
609 337 802 402 αὑτοῦ,
838 340 930 392 καὶ
957 338 1275 394 ἀπέκτεινεν
1303 340 1484 396 αὐτόν.
1533 343 1642 396 Καὶ
1672 339 1794 398 εἶπε
1829 343 1911 399 Κύ

2047 348 2158 402 Vox
2191 352 2474 422 sanguinis
2504 353 2688 409 fratris
2713 357 2788 410 tui
2810 358 3006 414 clamat
3025 360 3092 415 ad
3126 376 3210 416 me
3233 363 3302 417 de
3341 373 3507 420 terra.
3549 367 3612 424 Et

349 443 466 500 ριος
491 429 522 480 6
561 428 697 492 Θεὸς
739 429 878 499 πρὸς
923 431 1096 484 Κάῖνο
1135 431 1244 483 Ποῦ
1275 431 1421 485 ἐστιν
1465 433 1630 486 ’Ἅϐελ
1657 433 1686 484 6
1711 434 1939 505 ἀδελφός

349 535 475 583 σονς
507 519 566 572 '0
592 519 650 572 δὲ
679 513 852 571 εἶπεν·
879 521 952 572 Ού
982 519 1234 588 γινώσκω
1255 539 1267 552 ο
1293 521 1369 592 μὴ
1393 523 1568 591 φύλαξ
1589 524 1680 578 τοῦ
1705 526 1933 595 ἀδελφοῦ

349 608 453 680 μού
484 609 602 678 είμι
628 607 779 676 ἐγώς
811 609 922 660 Καὶ
953 605 1105 662 εἶπεν
1127 611 1155 662 6
1174 609 1326 674 Θεὸς·
1361 612 1426 663 Τί
1450 612 1747 684 ἐποίησαςς
1777 615 1934 688 Φωνὴ

347 700 579 769 αἵματος
612 699 708 751 τοῦ
741 698 970 767 ἀδελφοῦ
1017 717 1108 752 σου
1155 701 1254 771 βοᾷ
1285 701 1420 772 πρός
1459 719 1528 771 με
1570 705 1633 756 ὲκ
1676 704 1774 774 τῆς
1804 705 1929 774 γῆς’

347 791 458 844 Καὶ
487 789 586 843 νῦν
621 790 1031 861 ἐπικατάρατος
1071 791 1135 843 σὺ
1166 793 1259 844 ἐπὶ
1292 795 1390 862 τῆς
1429 794 1552 863 γῆς,
1601 795 1636 865 ἣ
1679 795 1837 866 ἔκανε
1870 799 1932 850 τὸ

2045 453 2193 492 nunc
2232 440 2558 496 maledictus
2593 451 2649 496 tu
2692 460 2724 498 a
2759 454 2924 511 terra,
2975 463 3098 518 qua:
3124 450 3338 518 aperuit
3365 466 3428 506 os
3455 467 3616 507 suum

2042 527 2108 582 ad
2141 530 2552 600 suscipiendum
2578 538 2900 606 sanguinem
2935 538 3121 594 fratris
3145 542 3221 594 tui
3244 557 3273 596 a
3315 558 3474 597 manu
3500 555 3612 599 tua.

2039 618 2306 683 Quoniam
2325 625 2646 692 operaberis
2669 636 2892 695 terram,
2929 639 2984 685 et
3017 647 3126 686 non
3161 633 3325 689 addet
3353 637 3613 691 virtutem

2037 725 2191 764 suam
2213 712 2342 768 dare
2375 715 2510 780 tibi,
2541 717 2824 786 suspirans
2843 730 2897 775 et
2917 729 3156 777 tremens
3179 723 3290 778 eris
3322 739 3486 794 super
3500 733 3614 779 ter-

2038 815 2174 854 ram.
2208 801 2276 856 Et
2312 803 2453 858 dixit
2499 805 2632 860 Cain
2681 808 2748 862 ad
2788 809 3114 867 Dominum:
3157 814 3328 886 Majus
3353 815 3613 871 delictum

356 884 526 954 στόμα
553 882 723 952 αὐτῆς
747 880 1009 946 δέξασθαι
1040 881 1100 935 τὸ
1144 876 1286 951 αἷμα
1334 881 1426 935 τοῦ
1465 883 1696 952 ἀδελφοῦ
1738 902 1833 938 σου
1871 888 1911 940 ὲι

2041 908 2224 946 meum
2250 911 2414 964 quam
2451 908 2511 953 ut
2552 901 2868 956 remittatur
2902 904 3055 959 mihi.
3093 907 3162 960 Et
3199 876 3256 961 si
3281 909 3471 979 ejicias
3520 923 3614 968 me

355 977 452 1046 τῆς
483 973 656 1046 χειρός
687 989 805 1027 σου.
832 970 960 1026 Ὅτι
984 975 1122 1044 ὲργᾷ
1146 973 1245 1044 τὴν
1265 974 1394 1044 γῆν,
1418 976 1513 1028 καὶ
1544 976 1605 1028 οὺ
1633 978 1932 1048 προσθήσει

359 1067 458 1136 τὴν
485 1067 632 1135 ίσχὺν
655 1063 828 1134 αὐτῆς
860 1065 1046 1118 δοῦναί
1076 1081 1158 1116 σοι
1181 1080 1194 1094 ·
1233 1065 1436 1118 στένων
1466 1067 1561 1118 καὶ
1590 1067 1807 1138 τρέμων
1833 1068 1928 1140 ἔσῃ

357 1158 450 1210 ἐπὶ
480 1157 578 1226 τῆς
607 1156 732 1227 γῆς.
765 1157 874 1208 Καὶ
906 1153 1026 1208 εἶπε
1053 1154 1194 1208 Κάῖν
1219 1155 1358 1226 πρὸς
1387 1155 1612 1226 Κύριον·
1643 1153 1858 1222 Μείζων
1891 1162 1923 1230 ή

349 1247 497 1301 αίτία
532 1264 635 1318 μου
659 1246 755 1299 τοῦ
782 1245 1050 1315 ἀφεθῆναί
1084 1261 1174 1316 με.
1211 1245 1322 1298 Καὶ
1349 1247 1398 1298 εί
1439 1246 1684 1312 ἐκϐαλεῖς
1723 1264 1790 1318 με
1831 1251 1926 1318 σή-

345 1356 515 1411 μερον
534 1338 645 1393 ἀπὸ
671 1336 964 1409 προσώπου
995 1338 1092 1407 τῆς
1108 1337 1232 1406 γῆς,
1259 1337 1353 1390 καὶ
1385 1337 1492 1390 ἀπὸ
1516 1337 1608 1391 τοῦ
1633 1336 1924 1408 προσώπου

343 1450 443 1486 σου
474 1431 840 1504 κρυϐήσομαι,
878 1430 974 1483 καὶ
1009 1429 1201 1500 ἔσομαι
1236 1430 1436 1482 στένων
1467 1429 1560 1482 xal
1591 1430 1806 1500 τρέμων
1832 1431 1924 1484 ἐπὶ

345 1521 446 1591 τῆς
472 1522 596 1592 γῆς,
635 1522 726 1573 καὶ
771 1519 947 1582 ἔσται,
995 1520 1104 1581 πᾶς
1133 1521 1162 1572 6
1206 1517 1478 1589 εὑρίσκων
1528 1534 1594 1587 με
1633 1519 1925 1573 ἀποκτενεῖ

2033 983 2196 1040 hodie
2229 1003 2260 1041 a
2288 988 2427 1045 facie
2469 1000 2650 1058 terrm,
2681 1003 2736 1048 et
2755 1011 2784 1048 a
2818 995 2955 1051 facie
2979 1005 3071 1052 tua
3101 999 3427 1065 abscondar,
3447 1010 3504 1056 et
3517 1015 3614 1056 ero

2031 1088 2257 1142 gemens
2294 1086 2350 1132 et
2401 1087 2644 1138 tremens
2692 1099 2857 1154 super
2883 1094 3089 1141 terram
3123 1106 3136 1142 :
3185 1098 3242 1144 et
3268 1091 3394 1155 erit,
3433 1091 3614 1147 omnis

2033 1164 2324 1224 inveniens
2354 1185 2441 1226 me
2453 1173 2669 1230 occidet
2691 1191 2798 1230 me.
2823 1177 2890 1231 Et
2914 1177 3053 1232 dixit
3073 1179 3124 1234 ei
3146 1181 3411 1237 Dominus
3434 1183 3608 1238 Deus:

2029 1254 2149 1310 Non
2186 1259 2287 1323 ‘sic,
2307 1263 2486 1318 omnis
2504 1265 2596 1334 qui
2615 1267 2878 1321 occiderit
2908 1267 3062 1333 Cain,
3097 1281 3305 1340 septem
3341 1251 3612 1332 vindictas

2029 1348 2290 1404 exsolvet.
2319 1351 2386 1405 Et
2407 1356 2590 1423 posuit
2620 1357 2882 1412 Dominus
2914 1360 3058 1414 Deus
3086 1362 3301 1432 signum
3335 1363 3498 1428 Cain,
3549 1373 3611 1420 ut

2029 1453 2139 1492 non
2171 1439 2506 1500 interficeret
2543 1463 2672 1501 eum
2705 1451 2885 1504 omnis
2904 1451 2998 1520 qui
3030 1452 3328 1508 invenisset
3346 1469 3494 1510 eum.
3541 1455 3610 1512 Et

2027 1542 2282 1598 egressus
2309 1543 2394 1588 est
2423 1535 2555 1591 Cain
2579 1553 2608 1592 a
2645 1538 2784 1593 facie
2823 1540 2919 1595 Dei
2941 1541 3005 1594 ⁸¹.
3048 1560 3066 1592 ι

340 1629 433 1684 με.
477 1614 587 1666 Kal
629 1607 784 1665 εἶπεν
825 1610 976 1704 αύτῷ
1027 1608 1230 1704 Κύριος
1271 1611 1300 1662 6
1333 1608 1494 1704 8564'
1694 1608 1915 1704 putt-ig“—
1944 1616 2053 1679 πᾶς
2108 1619 2137 1670 6
2205 1622 2530 1689 ἀποκτείνας
2589 1630 2746 1692 Κάῖν,
2784 1632 2923 1684 ἐπτά
2960 1631 3320 1702 ὲκδικούμενα
3359 1633 3607 1704 παραλύ.

338 1719 449 1756 σει.
479 1702 590 1755 Καὶ
622 1700 776 1754 ἔθετο
806 1700 1009 1798 Κύριος
1030 1702 1059 1754 ὁ
1089 1699 1231 1798 Θξὺὶ
1251 1700 1479 1798 σἾμδῖον
1512 1697 1590 1770 τῷ
1628 1699 1789 1765 Κάῖν,
1822 1700 1916 1756 τοῦ
1958 1707 2031 1776 μὴ
2063 1709 2270 1766 ἀνελεῖν
2285 1714 2446 1770 αὑτὸν
2497 1718 2673 1772 πάντα
2721 1721 2813 1775 τὸν
2832 1722 3155 1792 εὑρίσκοντα
3175 1697 3358 1779 αὐτόν.
3384 1697 3604 1798 Ἐξῆλθε

333 1794 395 1848 δὲ
426 1794 571 1846 Κάῖν
607 1792 718 1845 ἀπο
747 1791 1041 1864 προσώπου
1071 1791 1162 1845 τοῦ
1195 1789 1352 1844 Θεοῦ.
1386 1810 1404 1844 ι

411 1955 478 2024 β’.
520 1955 661 2009 Κάῖν
722 1955 821 2026 μὲν
842 1955 1022 2009 τοίνυν
1067 1956 1161 2008 καὶ
1189 1956 1371 2026 μέντοι
1401 1958 1495 2010 καὶ
1529 1957 1714 2025 Ἀϐελ,
1751 1960 1911 2030 ἄμφω

2098 1972 2152 2026 2.
2186 1973 2320 2030 Cain
2342 1973 2526 2045 itaque
2555 1976 2761 2032 ctAbcl
2797 1977 2958 2031 ambo
2982 1977 3094 2032 nati
3132 1986 3262 2032 sunt
3311 1993 3376 2032 ex
3407 1979 3602 2043 Adam,

337 2047 443 2111 μὲν
487 2045 782 2117 ἐγενέσθην
828 2046 889 2111 ἐξ
949 2046 1137 2119 Ἀδὰμ,
1195 2047 1398 2112 κλῶνες
1443 2049 1499 2101 δὲ
1544 2045 1684 2120 ἦσαν
1734 2049 1922 2122 ῶσπερ

331 2139 600 2208 τρυφεροί
615 2155 673 2190 τε
689 2140 783 2192 καὶ
809 2139 1073 2202 εὐανθεῖς,
1122 2138 1281 2210 ῥίζης
1307 2139 1618 2210 ἀνίσχοντες
1644 2141 1702 2193 ἐν
1727 2141 1922 2212 ἀρχαῖς

331 2245 394 2280 τε
447 2229 541 2281 καὶ
585 2227 828 2300 πρώτης’
867 2230 961 2283 καὶ
992 2214 1092 2282 ἐπ”
1123 2231 1309 2294 αὐτοῖς
1352 2232 1386 2301 ή
1425 2231 1712 2303 ἀνθρώπου
1762 2232 1922 2302 φύσις

333 2318 574 2388 ἐμελέτα
600 2319 660 2373 τὸ
692 2319 1054 2390 καρπογόνον,
1087 2320 1180 2373 καὶ
1209 2321 1270 2374 τὸ
1292 2321 1619 2385 αὐξάνεσθαι
1654 2324 1748 2375 καὶ
1788 2323 1922 2395 πλη-

334 2409 595 2462 (ιύνεσθαι
640 2410 792 2479 μόλις
834 2406 906 2479 ἦν
947 2413 1005 2464 ὲν
1034 2413 1176 2482 ἀρχῇ
1215 2411 1310 2464 τοῦ
1355 2413 1663 2482 φαίνεσθαι,
1717 2414 1814 2466 καὶ
1862 2417 1919 2468 ὲν

335 2499 490 2569 ίσχύι
548 2500 754 2554 λοιπόν.
801 2501 941 2554 Ἀλλ’
967 2504 996 2555 6
1025 2501 1124 2570 μὲν
1149 2503 1290 2556 Κάῖν
1319 2505 1601 2574 προεπήδα
1639 2505 1816 2576 χρόνῳ
1841 2505 1919 2576 τῷ

332 2593 480 2645 κατὰ
509 2592 746 2658 γένεσιν.
776 2592 977 2646 Εῖπετο
1002 2593 1058 2645 δὲ
1090 2593 1186 2646 καὶ
1211 2589 1280 2664 ἦν
1312 2594 1431 2662 μετ’
1463 2595 1623 2649 αὑτὸν
1654 2597 1682 2648 6
1731 2597 1914 2650 Ἀσελο

331 2683 428 2733 καὶ
453 2681 562 2745 ἕως
588 2682 687 2752 μὲν
711 2682 883 2752 ﬂat-qv
905 2682 1100 2736 ἁπαλοί
1126 2700 1186 2736 τε
1207 2684 1300 2737 καὶ
1332 2684 1462 2748 νέοι,
1495 2686 1748 2756 καθάπερ
1775 2689 1916 2750 τινὲς

330 2773 540 2826 νεοττοὶ
568 2772 973 2842 παρετρέφοντο
995 2776 1108 2837 τοῖς
1151 2775 1555 2843 γεγεννηκόσιν.
1615 2776 1831 2848 Ἐπειδὴ
1860 2778 1915 2830 δὲ

327 2863 411 2922 si;
455 2861 597 2933 ἥϐην
620 2865 670 2915 οῖ
703 2863 912 2916 νεανίαι
952 2858 1136 2934 ἦλθον,
1176 2865 1270 2918 καὶ
1309 2864 1495 2918 λοιπὸν
1530 2865 1812 2930 τελοῦντες
1857 2869 1915 2920 ὲν

323 2953 591 3024 ἀνδράσιν
620 2953 922 3022 ἐφαίνοντο,
952 2953 1087 3024 πρὸς
1116 2954 1407 3024 διαφόρους
1442 2955 1748 3027 ἐτράποντο
1795 2955 1912 3024 φιλ.

324 3046 546 3117 nptias.
572 3046 681 3099 Kal
704 3048 733 3100 6
763 3047 863 3116 μὲν
891 3045 1054 3112 Κάῖν,
1085 3045 1291 3116 ἡσθεὶς,
1333 3041 1485 3116 οἶμαί
1529 3065 1655 3112 που,
1683 3047 1913 3118 χλοηφο-

325 3141 505 3211 ρούσῃ
534 3141 600 3210 τῇ
631 3142 724 3210 γῇ,
749 3139 846 3194 καὶ
873 3139 1007 3195 πολὺ
1031 3140 1095 3210 δὴ
1127 3139 1245 3194 λίαν
1285 3141 1507 3208 εῦξυλόν
1540 3159 1597 3194 τε
1628 3144 1721 3195 καὶ
1759 3143 1911 3214 εὖερέ

321 3234 603 3300 γεστάστην
642 3231 804 3302 ὁρῶν,
859 3232 953 3285 καὶ
1007 3234 1240 3303 καρποῖς
1278 3233 1499 3304 ὡραίοις
1551 3234 1909 3304 πεποικιλμέ·

2022 2060 2352 2133 fueruntque
2384 2074 2641 2135 tanquam
2683 2067 2792 2120 duo
2840 2068 3013 2122 teneri
3061 2083 3124 2123 ac
3162 2068 3424 2125 ﬂorentes
3476 2086 3602 2126 sur-

2021 2154 2153 2218 culi,
2182 2171 2248 2210 cx
2282 2173 2389 2210 una
2419 2173 2481 2212 ac
2521 2159 2695 2228 prima
2725 2159 2909 2214 radice
2952 2160 3058 2214 orti
3087 2178 3100 2213 :
3141 2168 3197 2216 et
3223 2160 3280 2214 in
3319 2160 3406 2216 his
3422 2161 3602 2216 homi-

2020 2243 2107 2298 nis
2133 2253 2328 2300 natura
2351 2246 2738 2302 fecunditatem
2775 2250 3102 2314 exercebat,
3147 2266 3503 2321 crescereque
3537 2266 3602 2308 ac

2020 2335 2373 2405 multiplicari
2409 2338 2631 2392 vixdum
2664 2339 2824 2394 initio
2848 2341 3160 2406 videbatur,
3197 2350 3253 2396 et
3283 2342 3481 2396 robore
3505 2358 3600 2398 au-

2019 2424 2153 2493 geri.
2192 2424 2460 2480 Cazterum
2480 2426 2612 2482 Cain
2633 2428 2857 2496 quidem
2889 2438 3044 2483 ortus
3083 2437 3327 2499 tempore
3361 2445 3599 2500 praeces-

2017 2513 2107 2565 sit.
2144 2511 2482 2569 Subsecutus
2521 2523 2706 2569 autem
2752 2531 2880 2569 eum
2925 2523 3009 2570 est
3048 2516 3217 2581 Abel;
3252 2531 3316 2570 ac
3351 2515 3595 2586 quandiu

2020 2605 2205 2658 tenelli
2249 2620 2314 2660 ac
2349 2607 2631 2676 juvenculi
2669 2615 2874 2672 essent,
2915 2606 3088 2662 instar
3127 2608 3404 2677 pullorum
3451 2605 3595 2678 apud

2017 2704 2272 2762 parentes
2322 2697 2713 2752 educabantur.
2776 2699 3068 2767 Postquam
3119 2713 3250 2752 vero
3293 2696 3598 2767 pubertatis

2018 2795 2235 2856 tempus
2257 2797 2632 2852 excesserunt,
2657 2797 2714 2843 et
2746 2790 2812 2842 ad
2837 2790 3050 2843 virilem
3087 2797 3303 2844 aetatem
3331 2803 3595 2857 pervene-

2017 2886 2164 2942 runt,
2201 2879 2431 2934 diversis
2461 2881 2658 2935 studiis
2707 2889 2872 2948 atque
2899 2880 3161 2947 operibus
3187 2893 3310 2931 sese
3349 2876 3595 2930 tradide-

2017 2977 2165 3022 runt.
2206 2969 2283 3022 Ac
2329 2969 2465 3023 Cain
2518 2969 2783 3039 quidem,
2844 2967 3065 3036 opinor,
3110 2977 3270 3021 terra:
3314 2967 3592 3022 viriditate

2013 3059 2335 3123 delectatus,
2376 3075 2605 3128 eamque
2637 3056 3004 3113 ﬂoridissimis
3035 3055 3328 3112 arboribus
3363 3061 3418 3109 et
3449 3062 3590 3108 tem-

2012 3151 2238 3222 pestivis
2294 3150 2564 3205 fructibus
2597 3159 2845 3204 ornatam
2893 3148 3123 3211 videns,
3187 3146 3255 3200 ad
3298 3145 3587 3200 cultiorem

2011 3257 2131 3296 eam
2168 3242 2511 3296 cernentium
2535 3241 2706 3295 oculis
2738 3239 3101 3294 exhibendam
3121 3278 3134 3302 ,
3159 3237 3401 3292 studium
3425 3250 3589 3291 suum

321 3338 451 3387 νην,
498 3321 610 3372 δεῖν
663 3320 818 3390 ᾠήθη
866 3322 989 3384 ταῖς
1034 3321 1356 3385 ὲπιεικείαις
1405 3323 1728 3392 ἀποφαίνειν
1774 3326 1908 3395 ἡμε-

2013 3331 2402 3386 conferendum
2433 3331 2682 3402 putavit:
2719 3345 2947 3400 qumque
2979 3345 3048 3384 ex
3084 3344 3143 3384 se
3180 3343 3244 3383 ac
3269 3338 3458 3398 suapte
3485 3343 3587 3383 na-

327 3413 566 3482 ροτὲραν
623 3412 731 3464 τῶν
769 3412 1066 3483 ὁρωμένων
1099 3411 1198 3485 τὴν
1236 3412 1393 3481 ὄψινο
1445 3414 1539 3466 καὶ
1580 3413 1651 3467 τά
1700 3413 1908 3467 οἴκοθέν

323 3517 384 3553 τε
421 3500 520 3553 ναὶ
559 3500 805 3570 φυσικῶς
848 3501 1146 3574 ἀξιέραστα
1177 3504 1272 3558 καὶ
1301 3504 1623 3573 αὐτομάτως
1645 3507 1724 3570 είς
1751 3506 1908 3560 τοῦτο

322 3591 587 3662 διήκοντα
627 3593 856 3656 κάλλους
915 3593 1168 3648 διενοεῖτό
1229 3611 1333 3647 που
1357 3633 1372 3659 ,
1424 3595 1566 3649 κατά
1611 3613 1675 3665 γε
1728 3603 1790 3650 τὸ
1833 3599 1910 3651 εί·-

324 3683 424 3748 κὸς
489 3684 565 3746 ὡς
615 3687 664 3738 εί
723 3685 933 3754 τύχοιεν
985 3685 1208 3756 ἱδρῶτος
1267 3686 1641 3754 γεωπονικοῦ,
1708 3689 1907 3760 ῥᾳδίως

324 3777 393 3829 ἂν
444 3785 522 3838 εἰς
571 3776 693 3846 ὕψιν
741 3777 912 3830 ἐλθεῖν
945 3817 960 3840 ,
991 3777 1089 3848 τὴν
1157 3777 1505 3848 ἀσυγκρίτως
1539 3780 1904 3850 προφερεπέ-

325 3884 432 3938 ρτν
491 3867 847 3931 Ἐσκευάζετο
870 3868 934 3938 δὴ
975 3864 1067 3921 οὖν
1096 3869 1583 3940 ἀγροικοπρεπῶς,
1621 3871 1716 3924 καὶ
1742 3870 1904 3924 παντὶ

322 3961 390 4029 δὴ
440 3958 617 4011 σθένει
672 3958 982 4029 χρώμενος.
1019 3960 1408 4031 ἀποπεραίνειν
1441 3961 1602 4032 ἤθελε
1646 3963 1738 4016 τὸν
1781 3979 1905 4016 σκο-

324 4050 452 4101 πόν.
489 4048 688 4102 Ἐδίδου
728 4049 785 4102 δὲ
817 4049 966 4121 αύτῷ
1013 4048 1201 4120 ῖσωςή
1250 4049 1412 4119 φύσις
1452 4051 1514 4104 τὸ
1559 4051 1758 4106 εἰδέναι
1809 4053 1903 4108 καὶ

324 4139 502 4194 ταῦτα
522 4180 538 4205 ,
575 4141 670 4193 καί
695 4141 836 4204 θεῖος
867 4142 946 4204 είς
988 4142 1112 4194 νοῦν
1146 4142 1240 4195 καὶ
1272 4142 1586 4215 ἀπόρρητος
1629 4144 1793 4213 νόμος
1819 4146 1904 4197 ὲν-

320 4231 593 4302 εχάραττέ
631 4247 732 4285 που
768 4231 866 4303 τὴν
891 4225 965 4284 ὧν
993 4232 1058 4285 ἀν
1085 4232 1258 4286 ἕλοιτο
1283 4232 1506 4301 γνῶσιν.
1552 4233 1714 4286 Ἀλλά
1740 4234 1898 4288 ταυτὶ

326 4326 429 4392 μὲν
474 4325 502 4376 6
531 4323 671 4377 Κάῖν
704 4324 940 4394 σπουδῆς
963 4323 1212 4393 ἠξιοῦτο,
1241 4326 1337 4379 καὶ
1367 4325 1566 4379 πόνων·
1604 4327 1771 4381 Ἀὄελ
1795 4329 1850 4381 δὲ
1873 4330 1902 4381 6

324 4415 496 4483 σοφὸς
533 4415 627 4468 τὸν
661 4414 754 4468 ἐπὶ
785 4413 962 4481 ξύλοις
1003 4414 1231 4486 ἱδρῶτα,
1261 4417 1355 4469 καὶ
1392 4417 1646 4488 σκαπάνῃ
1687 4417 1894 4488 μεθεὶς.

317 4508 420 4558 καὶ
462 4506 569 4577 μὴν
605 4509 697 4562 καὶ
740 4509 922 4582 ἇρπης
968 4508 1069 4561 ούκ
1112 4507 1468 4577 ἀνεχόμενος,
1504 4509 1726 4576 ἀγέλαις
1769 4509 1899 4563 ὀΐων

316 4597 674 4666 ἀπετρέπετο.
703 4595 1077 4668 Παρεκόμιζον
1104 4597 1161 4650 δὲ
1195 4597 1326 4662 ἴσως
1365 4601 1444 4663 εἰς
1481 4599 1640 4653 τοῦτο
1670 4599 1896 4672 γνώμης

317 4685 509 4749 αὑτὸν,
541 4687 744 4757 ἁρνειοὶ
773 4690 873 4759 μὲν
901 4688 1172 4760 μητράσιν
1201 4688 1394 4742 λεπτὸν
1427 4691 1763 4760 ὑπηχοῦντες
1793 4692 1892 4758 ἔτι,

317 4777 418 4829 καὶ
455 4777 609 4845 μόλις
643 4779 1098 4852 ἀναϐληχόμενοι,
1129 4780 1357 4843 ἁπαλοῖς
1383 4781 1440 4834 δὲ
1480 4782 1572 4834 καὶ
1604 4784 1896 4851 νεοπαγὲσι

319 4868 486 4921 ποσὶν
528 4868 748 4924 εὐανθεῖ
792 4872 902 4942 πόα
949 4871 1122 4944 βραχὺ
1172 4872 1600 4943 διασκαίροντες·
1651 4875 1746 4928 καὶ
1792 4874 1898 4945 μὴν

319 4959 418 5010 ἐπὶ
452 4959 610 5012 τοῦτο
651 4963 745 5014 καὶ
775 4963 831 5015 αἱ
875 4963 1116 5034 μηκάδες
1156 4958 1311 5031 αἶγες
1345 4963 1414 5016 τὰ
1453 4964 1764 5033 ὑψηλότατα
1793 4967 1898 5020 τῶν

319 5049 543 5117 πετρῶν
591 5052 830 5120 ἀμογητὶ
883 5052 1336 5125 διαϐρώσκουσαι.
1384 5054 1564 5123 Ψήφῳ
1599 5053 1677 5117 δὲ,
1718 5052 1894 5124 οἶμαι,

316 5139 582 5211 παγκάλῃ
608 5143 707 5211 τὴν
754 5143 1081 5213 ποιμενικὴν
1112 5141 1408 5212 στεφανοῦν
1439 5143 1592 5212 ἠξίου
1633 5144 1793 5212 σοφὸς
1823 5143 1896 5198 ῶν

314 5231 502 5298 ἄγαν,
531 5231 632 5300 τῆς
675 5235 760 5285 ἐπ’
791 5234 1100 5303 ἀνθρώποις
1144 5233 1446 5304 ἡγεμονίας
1493 5233 1894 5303 προμελέτησιν

313 5323 514 5392 ὥσπερ
549 5324 674 5376 τινὰ
706 5324 765 5392 το
807 5325 994 5394 χρῆμα
1020 5324 1189 5387 τιθεὶς
1209 5365 1224 5386 ,
1256 5318 1358 5378 ὧδέ
1397 5341 1454 5376 τε
1485 5323 1628 5392 ἔχειν
1659 5323 1898 5394 ἡγούμε-

317 5431 432 5480 νος.
475 5414 637 5468 Δαῶν
677 5415 938 5485 ποιμένας
967 5417 1092 5480 τοὺς
1126 5415 1295 5469 ἐθνῶν
1325 5414 1357 5485 ἢ
1391 5415 1617 5479 πόλεων,
1649 5414 1682 5485 ἦ
1708 5414 1896 5485 δήμων

389 5618 437 5652 δ’
467 5617 608 5674 Gen.
651 5635 725 5684 tv,
755 5619 901 5674 8-16.
970 5656 972 5658 τ

2010 3425 2135 3474 tura
2181 3419 2250 3473 ad
2291 3434 2532 3474 amorem
2563 3418 2647 3473 sui
2693 3418 3082 3488 provocabant,
3126 3432 3192 3472 ac
3231 3426 3587 3486 spontaneam

2009 3511 2158 3565 illam
2182 3511 2648 3581 pulchritudinem
2681 3525 2795 3580 prae
2821 3525 2880 3564 se
2921 3509 3193 3572 ferebant,
3224 3508 3581 3580 excogitavit;

2008 3611 2089 3667 ut,
2118 3603 2298 3673 quoad
2317 3604 2436 3674 ejus
2458 3602 2578 3658 ﬁeri
2607 3608 2810 3672 posset,
2852 3600 2952 3670 15
2995 3600 3342 3671 agriculturae
3371 3598 3583 3680 benefl-

2007 3691 2092 3748 cio
2116 3691 2275 3762 longe
2297 3693 2735 3762 przestantiorem
2775 3699 3057 3760 aspectum
3089 3691 3161 3744 ob
3187 3691 3376 3746 oculos
3413 3705 3584 3760 pone-

2007 3791 2150 3838 rent.
2180 3785 2459 3838 Rusticam
2489 3784 2674 3854 itaque
2697 3784 2865 3838 vitam
2890 3782 3104 3852 agebat,
3128 3781 3465 3852 summisque
3493 3779 3585 3837 vi-

2006 3873 2160 3929 ribus
2179 3874 2247 3928 ad
2284 3875 2391 3930 hoc
2443 3875 2686 3930 studium
2726 3875 3058 3929 enitebatur.
3101 3873 3261 3928 Dedit
3297 3879 3480 3927 autem
3527 3874 3586 3928 ei

2003 3973 2198 4020 natura
2216 3981 2416 4034 parens
2448 3966 2552 4020 hoc
2586 3966 2643 4019 in
2695 3979 2895 4034 genere
2927 3963 3234 4023 scientiam,
3285 3961 3580 4031 divinaque

2003 4065 2060 4110 et
2089 4057 2382 4110 ineﬂ‘ahilis
2412 4056 2501 4109 lex
2529 4054 2808 4125 impressit
2840 4067 3031 4108 eorum
3052 4067 3174 4122 qua:
3209 4051 3462 4122 cupiebat
3481 4067 3578 4109 co-

2003 4146 2323 4216 gnitionem.
2378 4144 2556 4217 Atque
2589 4145 2696 4200 hac
2721 4143 2943 4214 quidem
2977 4144 3033 4197 in
3072 4158 3132 4198 re
3174 4142 3308 4198 Cain
3336 4144 3577 4200 studium

2002 4251 2161 4290 suum
2187 4251 2252 4291 ac
2281 4234 2526 4291 laborem
2568 4233 2857 4304 impendit.
2900 4232 3130 4303 Sapiens
3161 4248 3293 4288 vero
3323 4233 3480 4299 Abel,
3505 4235 3578 4289 li—

2001 4326 2234 4398 genibus
2259 4341 2324 4381 ac
2351 4325 2583 4381 falcibus
2602 4325 2950 4396 posthabitis,
2987 4325 3067 4379 rei
3100 4326 3370 4394 pecuariae
3391 4325 3578 4382 stude-

2002 4416 2112 4471 bat.
2161 4416 2525 4470 Adduxerunt
2574 4429 2710 4470 vero
2746 4413 2996 4469 fortassis
3033 4428 3160 4468 eum
3193 4414 3248 4468 in
3279 4413 3420 4468 hanc
3450 4430 3575 4470 sen-

2002 4509 2226 4563 tentiam
2259 4507 2492 4578 agniculi
2515 4505 2734 4576 quidem
2760 4505 3026 4560 matribus
3055 4504 3168 4558 suis
3193 4513 3380 4574 argute
3399 4506 3576 4562 succi-

2001 4607 2214 4663 nentes,
2235 4613 2301 4652 ac
2320 4597 2544 4652 vixdum
2566 4596 2831 4661 halantes,
2857 4596 3222 4666 mollibusque
3255 4611 3318 4652 ac
3357 4597 3572 4653 tenellis

1999 4689 2233 4759 pedibus
2264 4703 2366 4759 per
2423 4702 2622 4743 vernas
2662 4686 2862 4742 herbas
2901 4687 3248 4742 lascivientes
3301 4703 3566 4748 :_nccnon

1995 4795 2172 4849 capra:
2203 4779 2511 4842 balatrices,
2540 4777 2802 4832 altissima
2819 4793 3049 4847 quaeque
3074 4777 3294 4847 rupium
3317 4780 3570 4848 praecipi-

1996 4870 2070 4924 tia
2110 4870 2262 4925 nullo
2312 4867 2532 4939 negotio
2579 4867 2968 4937 persultantes.
3017 4865 3238 4937 Optimo
3285 4882 3418 4920 vero
3445 4868 3571 4934 jure

1995 4960 2323 5030 pastoralem
2353 4959 2518 5012 vitam
2545 4957 2763 5027 sapiens
2799 4957 3096 5011 admodum
3123 4957 3257 5011 Abel
3295 4955 3567 5025 probavit,

1997 5050 2598 5120 praeexercitamentum
2631 5048 2904 5118 quoddam
2930 5047 3264 5117 praefecturae
3285 5045 3426 5114 apud
3466 5044 3568 5098 lto-

1995 5140 2171 5193 mines
2189 5139 2241 5193 id
2273 5139 2378 5194 sibi
2398 5147 2666 5201 statuens,
2695 5146 2857 5206 atque
2878 5137 2951 5189 ita
2979 5150 3038 5187 se
3072 5149 3185 5187 rem
3208 5133 3410 5189 habere
3435 5149 3568 5189 cen-

1995 5249 2138 5286 sens.
2171 5233 2342 5286 Porro
2365 5247 2532 5285 sacra:
2562 5231 2726 5284 etiam
2762 5243 2825 5282 ac
2845 5225 3109 5282 divinitus
3129 5224 3403 5295 inspirata:
3420 5225 3568 5282 Scri-

1994 5337 2170 5394 ptura:
2209 5333 2265 5378 et
2293 5321 2516 5378 Graacize
2555 5322 2862 5389 sapientum
2893 5316 3233 5372 consuetudo
3263 5323 3349 5372 est
3382 5326 3569 5387 pasto-

1997 5433 2084 5472 res
2102 5416 2428 5488 pOpulorum
2454 5427 2648 5469 vocare
2664 5426 2759 5467 eos
2779 5409 2872 5481 qui
2893 5408 3171 5480 gentibus,
3189 5417 3287 5466 aut
3316 5407 3564 5474 urbibus,
