4050 6210
453 256 520 311 35
1467 244 1522 302 S.
1562 244 1838 300 CYRILLI
1874 245 2343 302 ALEXANDRINI
2385 243 2701 300 ARCHIEP.
3623 252 3692 307 36

447 379 547 426 aut
599 365 817 438 populis
878 371 1006 418 sunt
1061 361 1324 432 praefecti.
1370 359 1510 416 Cum
1566 361 1750 431 itaque
1789 361 2025 416 duorum

2134 361 2536 434 προεστηκότας
2562 360 2849 431 ὀνομάζειν
2871 361 2990 426 ἔθος
3021 362 3114 417 καὶ
3139 364 3276 436 αὐτῇ
3300 365 3364 435 τῇ
3397 365 3584 438 Γραφῇ
3623 370 3692 439 τῇ

455 457 683 514 istorum
727 457 993 526 juvenum
1043 453 1184 508 alter
1214 467 1272 508 se
1302 450 1648 522 agriculturae
1687 451 2022 516 tradidisset,

2134 451 2488 522 θεοπνεύστῳ,
2511 453 2610 506 καὶ
2640 454 2754 516 τοῖς
2801 452 3070 522 Ἐλλήνων
3097 453 3340 522 λογάσιν.
3381 455 3693 511 ’Δπονενιυ-

445 549 587 602 alter
613 561 744 600 vero
775 542 1140 614 praestantiori
1156 541 1368 605 studio,
1400 539 1686 610 pastoritio
1719 540 1979 594 nimirum
2010 559 2022 594 :

2134 545 2306 598 κότοιν
2336 544 2401 614 δὴ
2425 540 2518 598 οῦν
2555 546 2668 596 τοῖν
2695 543 2954 609 νεανίαιν,
2984 542 3078 597 τοῦ
3125 543 3224 614 μέν
3268 544 3362 598 ἐπὶ
3405 546 3687 614 γηπονίαν.

454 635 716 705 temporis
733 645 1054 704 progressus
1073 629 1244 686 Caino
1264 629 1487 699 quidem
1509 629 1718 695 hortos,
1737 630 2026 684 arboribus

2134 635 2354 704 θατέρου
2387 651 2450 702 γε
2486 635 2593 705 μὴν
2619 635 2695 696 ὡς
2723 634 2814 686 ἐπί
2839 651 2892 686 τι
2924 633 3034 687 τῶν
3065 635 3399 705 ἀμεινόνων,
3439 638 3540 707 τὴν
3571 653 3692 690 ποι-

453 729 686 791 densos,
738 735 794 780 et
835 722 1176 793 tempestivis
1219 720 1488 776 fructibus
1543 729 1790 785 onustos,
1853 720 2023 785 dedit,

453 819 610 874 Abeli
635 826 818 872 autem
849 815 905 869 in
934 814 1279 868 innumeram
1313 810 1724 866 multitudinem
1751 826 1873 880 qua:
1911 811 2026 866 col-

453 910 665 980 legerat
687 905 964 977 produxit.
1019 903 1224 959 Deinde
1258 903 1346 958 lex
1383 917 1506 972 quas
1538 903 1595 956 in
1628 902 1787 956 nobis
1814 911 1898 957 est
1941 901 1996 955 in

455 1009 596 1055 natae
645 999 742 1054 Dei
771 997 978 1052 notitize
1024 1011 1120 1050 eos
1161 996 1310 1050 viros
1350 994 1600 1050 incitavit
1649 994 1717 1049 ad
1750 993 2029 1049 offerenda

455 1091 702 1147 omnium
725 1088 974 1145 Creatori
1001 1097 1165 1157 atque
1199 1087 1380 1142 omnis
1407 1086 1538 1141 boni
1561 1086 1738 1140 datori
1762 1087 1895 1151 Deo,
1931 1101 2030 1156 pro

455 1183 694 1251 acceptis
717 1179 1018 1243 beneﬁciis,
1036 1177 1323 1233 sacriﬁcia.
1347 1177 1582 1233 Tametsi
1603 1177 1750 1232 enim
1773 1186 2030 1247 corrupta

455 1282 560 1330 est.
594 1285 770 1340 neque
792 1284 923 1324 vera
959 1283 1078 1323 esse
1104 1267 1354 1322 cernitur
1375 1281 1566 1322 eorum
1596 1267 1688 1337 qui
1715 1266 1876 1322 idolis
1911 1281 2029 1322 ser-

453 1367 611 1419 viunt
639 1359 1000 1432 pernoscendi
1028 1359 1168 1413 ratio
1189 1357 1312 1428 quis
1337 1359 1408 1413 sit
1438 1358 1818 1413 universorum
1841 1357 2034 1424 factor,

457 1461 637 1508 tamen
663 1452 848 1506 innata
873 1449 1120 1519 quasdam
1155 1464 1218 1503 ac
1249 1448 1560 1504 necessaria
1586 1448 1670 1502 lex
1694 1447 1801 1502 hoc
1823 1448 1953 1515 agit,
1979 1457 2037 1502 et

2131 725 2379 797 μενικὴν,
2411 723 2636 795 προῖὼν,
2665 726 2694 777 6
2717 723 2908 796 χρόνος
2927 724 3006 795 τῷ
3027 725 3166 778 Κάῖν
3202 725 3298 795 μέν
3317 725 3452 779 δασὺ
3479 726 3694 797 κομῶν-

2127 834 2227 881 τας
2255 817 2381 880 τοὺς
2401 817 2608 886 κήπους
2634 816 2727 870 καὶ
2759 817 2988 886 καρποῖς
3013 815 3237 886 ὡραίοις
3275 816 3454 869 ἐπίθει
3481 816 3694 888 διαϐρι-

2130 908 2262 972 θεῖς’
2328 907 2406 977 τῷ
2459 906 2515 960 δὲ
2574 906 2742 960 ’Δϐελ
2804 907 3153 979 προήκουσαν
3213 907 3294 970 είς
3353 907 3564 977 πληθὺν
3621 908 3696 970 ὡς

2130 998 2388 1068 πλείστην
2437 999 2570 1067 ὅσην
2621 997 2874 1051 ἀπετέλει
2921 998 2990 1051 τά
3031 998 3507 1068 συναγηγερμένα.
3563 993 3694 1050 Εἶτα

2131 1088 2293 1159 νόμος
2335 1089 2364 1140 ό
2401 1089 2458 1140 ἐν
2503 1090 2634 1158 ήμῖν
2674 1089 2774 1157 τῆς
2817 1087 3058 1158 ἐμφύτου
3098 1087 3456 1156 θεογνωσίας,
3511 1087 3694 1141 ἐκάλει

2129 1179 2256 1242 τοὺς
2297 1177 2493 1248 ἄνδρας
2529 1179 2665 1249 πρὸς
2700 1178 2763 1231 τὸ
2794 1179 2906 1232 δεῖν
2949 1180 3210 1232 ἀνάπτειν
3250 1179 3319 1232 τὰ
3365 1179 3695 1248 χαριστήρια

2129 1269 2209 1342 τῷ
2255 1269 2474 1323 πάντων
2532 1269 2885 1340 Δημιουργῷ,
2937 1270 3032 1322 καὶ⁸
3077 1269 3276 1332 παντὸς
3325 1271 3456 1339 ἡμῖν
3488 1267 3692 1336 ἀγαθοῦ

2125 1357 2318 1430 δοτῆρι
2365 1357 2504 1430 Θεῷ.
2555 1358 2619 1411 Et
2659 1358 2767 1427 γάρ
2795 1358 2912 1410 ἐστι
2965 1357 3410 1426 κατεφθαρμένος
3459 1357 3553 1410 καὶ
3595 1354 3696 1408 οὐκ

2130 1449 2336 1520 ἀληθὴς
2362 1451 2552 1520 δρᾶται
2578 1447 2740 1517 τυχὸν
2784 1449 2842 1501 ἐν
2868 1450 2981 1512 τοῖς
3024 1447 3257 1500 εἰδώλων
3302 1448 3698 1518 προσκυνηταῖς

456 1551 753 1611 spontanea
769 1537 1008 1609 cognitio
1031 1538 1233 1592 excitat
1251 1537 1317 1592 ad
1342 1536 1596 1606 superius
1617 1534 1750 1605 quid
1771 1535 2033 1604 longeque

2134 1542 2152 1595 5
2169 1539 2263 1594 τοῦ
2283 1539 2530 1592 διειδέναι
2545 1538 2746 1602 σκοπὸς
2761 1538 2843 1602 τίς
2857 1539 2886 1592 6
2904 1537 3013 1592 τῶν
3031 1537 3166 1591 ὅλων
3186 1538 3302 1590 ἐστὶ
3319 1537 3566 1608 ποιητὴς,
3585 1537 3701 1590 ἀλλ’

456 1633 805 1703 praestantius
815 1645 976 1700 quam
996 1645 1082 1682 res
1095 1628 1428 1694 mortalium,
1443 1629 1549 1683 hoc
1560 1638 1645 1683 est
1657 1627 2036 1691 Deum,mente

457 1701 899 1794 concipiendum.
917 1719 1089 1775 Oﬂert
1116 1718 1299 1786 itaque
1325 1731 1480 1771 sacer
1508 1731 1574 1770 ac
1603 1714 2038 1785 sapientissimus
2064 1701 2105 1757 Β

457 1814 590 1867 Abel
609 1813 812 1882 optima
833 1824 895 1865 ac
915 1808 1268 1863 sclectissima
1289 1821 1516 1876 quaeque
1535 1823 1565 1861 e
1585 1821 1684 1861 suo
1699 1820 1880 1875 grege.
1895 1822 1913 1854 ι
1932 1803 2040 1858 Ob-

460 1903 586 1958 tulit
605 1902 773 1966 enim,
807 1921 825 1953 ›
867 1901 1064 1972 inquit,
1099 1919 1116 1952 ι
1155 1901 1223 1955 de
1258 1900 1639 1971 primogenitis
1690 1900 1876 1954 ovium
1903 1913 2032 1954 sua-

459 2001 676 2058 rum,et
702 1993 768 2047 de
783 1992 1038 2062 adipibus
1058 2007 1266 2051 earum.
1293 2011 1311 2042 ι
1343 1991 1449 2046 hoc
1481 2001 1566 2046 est
1588 1990 2029 2060 praestantissima

456 2089 620 2150 atque
647 2079 864 2134 eximia.
904 2079 971 2133 Et
995 2078 1247 2133 sacriﬁcii
1274 2078 1504 2132 rationis
1535 2092 1645 2132 non
1670 2077 1910 2149 ignarus,
1939 2092 2035 2146 ap-

457 2171 639 2241 posuit
669 2171 876 2240 adipes.
909 2170 1016 2240 16
1043 2168 1176 2223 Cain
1227 2184 1360 2223 vero
1397 2184 1510 2223 non
1547 2169 1700 2232 item,
1731 2168 1829 2224 sed
1861 2169 2034 2222 multo

459 2245 853 2332 negligentius;
903 2259 1138 2330 optimos
1185 2260 1335 2313 enim
1385 2275 1634 2330 quosque
1669 2258 1884 2314 fructus
1918 2260 2033 2313 suis

460 2352 653 2407 usibus
674 2351 959 2414 servabat,
991 2349 1250 2404 secundis
1286 2359 1470 2404 autem
1515 2365 1581 2404 ac
1625 2351 1914 2405 vilioribus
1945 2367 2033 2405 su-

459 2455 709 2510 premum
739 2440 908 2493 Deum
934 2437 1256 2492 honorabat.
1285 2437 1428 2507 ignis
1454 2437 1636 2508 itaque
1667 2439 1881 2494 coalitus
1915 2439 2036 2494 des-

459 2531 702 2586 cendens
747 2530 935 2585 Abelis
966 2543 1194 2583 munera
1228 2528 1560 2598 absumpsit.
1607 2547 1625 2579 ι
1656 2529 1738 2583 Ad
1771 2528 1904 2583 Cain
1940 2544 2035 2582 au—

461 2632 592 2686 tem,
617 2631 673 2675 et
703 2620 966 2674 sacriﬁcia
991 2620 1109 2690 ejus
1136 2634 1248 2674 non
1273 2619 1525 2684 attendit,
1565 2637 1584 2670 »
1624 2619 1822 2689 inquit.
1848 2620 2035 2688 Neque

461 2710 607 2765 enim
656 2711 851 2765 solitus
893 2710 1034 2780 ignis
1078 2710 1200 2780 ejus
1243 2708 1510 2764 sacriﬁcia
1554 2709 1774 2764 invasit.
1817 2708 1934 2776 Qua
1965 2709 2034 2763 de

460 2817 625 2856 causa
653 2801 830 2856 doluit
858 2801 1118 2871 graviter,
1147 2801 1443 2869 animoque
1470 2801 1710 2854 concidit
1747 2799 1900 2854 Cain.
1928 2800 2036 2854 Co-

460 2892 610 2961 gnita
642 2905 772 2945 vero
810 2891 922 2946 odii
962 2907 1148 2955 causa,
1178 2900 1236 2945 et
1284 2905 1384 2945 cur
1427 2890 1562 2945 Abel
1591 2891 1848 2960 praelatus
1867 2899 2032 2954 esset,

2122 1626 2217 1685 οὖν
2238 1629 2473 1700 ἔμφυτός
2499 1645 2558 1682 τε
2575 1629 2668 1681 καὶ
2693 1630 2984 1696 ἀναγκαῖος
3005 1627 3270 1681 διανύττει
3289 1629 3472 1697 νόμος,
3499 1629 3593 1681 καὶ
3607 1629 3698 1682 αύ-

2125 1720 2480 1782 τοκέλευστος
2512 1711 2715 1788 ἐγείρει
2739 1717 2961 1785 γνῶσις,
2983 1718 3062 1780 εἷς
3087 1734 3149 1786 γε
3179 1718 3238 1770 τὸ
3262 1718 3457 1788 χρῆναι
3485 1720 3624 1772 νοεῖν
3643 1718 3702 1770 τὸ

2125 1811 2477 1884 ύπερτεροῦν,
2491 1811 2585 1863 καὶ⁸
2607 1811 2824 1876 ἄμεινον
2840 1809 3177 1880 ἀσυγκρίτως
3197 1807 3228 1877 ἢ
3247 1807 3411 1877 καθ⁹ή
3422 1809 3704 1877 μᾶς,τουτ-

2124 1905 2238 1958 ἐστι
2276 1903 2424 1956 Θεόν.
2463 1902 2618 1969 Ἀγει
2645 1900 2709 1970 δὴ
2745 1895 2836 1953 οὖν
2864 1901 2893 1952 6
2921 1901 3017 1971 μὲν
3053 1899 3196 1971 ίερός
3218 1917 3277 1953 τε
3303 1899 3397 1953 καὶ
3428 1899 3699 1968 πάνσοφος

2137 1993 2304 2046 Ἀϐελ
2323 1993 2389 2046 τὰ
2415 1992 2515 2062 τῆς
2546 1992 2746 2062 ἀγέλης
2768 1989 3064 2054 ἀπόλεκτα,
3096 1989 3191 2041 καὶ
3211 1987 3520 2060 ἀριστίνδην
3546 1988 3704 2056 ἐγκε-

2135 2084 2387 2155 κριμένα·
2429 2101 2447 2134 ι
2497 2083 2734 2153 Ἤνεγκε
2775 2081 2905 2153 γὰρ,
2936 2099 2956 2134 ι
2992 2082 3178 2151 φησὶν,
3209 2100 3228 2132 ι
3267 2079 3378 2134 ἀπὸ
3403 2079 3514 2133 τῶν
3546 2096 3698 2150 πρωο

2135 2176 2368 2230 τοτόκων
2393 2173 2501 2227 τῶν
2529 2173 2740 2245 ἀμνῶν,
2777 2173 2872 2228 καὶ
2891 2172 2998 2227 ἀπὸ
3028 2171 3138 2226 τῶν
3175 2172 3415 2226 πεάτων
3447 2170 3646 2233 αὐτῶν,
3677 2187 3698 2222 ι

2135 2267 2380 2322 τουτέστι
2418 2266 2490 2320 τὰ
2525 2265 2832 2338 προύχοντα
2860 2268 2956 2319 καὶ
2998 2264 3275 2335 ἐξαίρετα.
3315 2264 3424 2317 Καὶ
3469 2261 3562 2316 τὸν
3604 2262 3702 2332 τῆς

2137 2358 2449 2430 ἱερουργίας
2512 2358 2612 2410 ούκ
2679 2359 2952 2428 ἀγνοήσας
3005 2355 3236 2426 τρόπον.
3295 2353 3576 2424 παρετίθει
3636 2354 3704 2406 τά

2137 2451 2356 2503 στέατα.
2382 2450 2521 2502 Κάῖν
2545 2447 2602 2499 δὲ
2631 2449 2730 2517 οὐχ
2757 2447 2948 2510 οῦτως,
2979 2446 3114 2499 πολὺ
3145 2445 3202 2498 δὲ
3232 2444 3352 2498 λίαν
3385 2442 3691 2515 ἀτημελῶς⁶

2135 2540 2200 2592 τὰ
2233 2539 2330 2609 μὲν
2358 2537 2466 2609 γάρ
2495 2539 2578 2591 ὅτι
2613 2537 2851 2608 μάλιστα
2880 2535 2988 2589 τῶν
3023 2534 3248 2606 ὼρίμων
3278 2533 3556 2604 ἐκπρεπῆ.
3585 2535 3703 2594 ταῖς

2141 2629 2296 2692 ἰδίαις
2336 2627 2620 2698 ἐχαρίζετο
2659 2628 2928 2698 τρυφαῖς,
2958 2624 3147 2678 ἐλύπει
3195 2623 3252 2678 δέ
3298 2627 3410 2687 τοῖς
3433 2623 3706 2694 δευτέροις

2134 2722 2226 2774 τὸν
2272 2720 2363 2774 ἐπὶ
2418 2719 2635 2772 πάντων
2682 2719 2834 2772 Θεόν.
2889 2717 3100 2771 Οὐκοῦν
3161 2717 3256 2770 ἐπὶ
3303 2717 3404 2786 μὲν
3447 2717 3557 2777 τοῖς
3608 2713 3703 2767 τοῦ

2141 2809 2308 2865 Ἀσελ
2354 2808 2547 2880 δώροις
2587 2807 2702 2878 πῦρ
2761 2807 2951 2862 καθιὲν
3002 2805 3320 2875 οὐρανόθεν,
3365 2803 3706 2857 δαπανᾶσθαι

2139 2899 2518 2970 παρεσκεύασε
2543 2897 2616 2956 ,τά
2652 2896 2933 2967 ἱερώματα
2953 2913 2966 2927 ο
3003 2916 3021 2948 ‹
3071 2896 3192 2948 Ἐπὶ
3223 2895 3280 2948 δὲ
3311 2895 3453 2948 Κάἲν
3477 2896 3570 2950 καὶ
3611 2897 3704 2948 ἐπὶ

460 2997 571 3037 non
601 2981 665 3035 ad
700 2981 870 3050 culpa:
901 2996 1012 3036 suae
1035 2980 1434 3036 correctionem
1461 2981 1644 3050 potius
1685 2995 1743 3033 se
1781 2981 2033 3043 contulit,

2141 2993 2262 3053 ταῖς
2283 2991 2495 3050 θυσίαις
2513 2987 2676 3043 αὐτοῦ
2697 3028 2713 3055 ,
2736 2989 2796 3041 ού
2821 2988 3091 3060 προσέσχε
3111 3005 3156 3050 ,ι
3187 2986 3372 3057 φησίν.
3405 2987 3478 3040 Ού
3509 2987 3615 3059 γὰρ
3644 2986 3706 3042 τδ

461 3075 557 3131 sed
586 3076 642 3129 in
670 3075 1022 3144 impotentem
1046 3074 1181 3127 iram
1208 3079 1522 3143 proreptus,
1577 3070 1786 3138 primus
1830 3070 1901 3124 ab
1935 3071 2033 3124 lio-

2142 3079 2369 3149 σύνηθες
2411 3079 2630 3147 ἐπηφίει
2677 3077 2788 3148 πῦρ
2817 3080 2932 3142 τοῖς
2979 3075 3530 3148 προσενηνεγμένοις.
3589 3075 3703 3130 Ἑν-

463 3167 705 3220 minibus
726 3165 867 3219 natis
894 3163 1174 3216 indomita:
1209 3161 1429 3215 invidiae
1449 3168 1644 3214 auctor
1671 3160 1795 3225 fuit,
1823 3176 1887 3214 ac
1910 3170 2034 3215 tan-

465 3267 580 3312 tum
605 3271 714 3308 non
735 3254 803 3308 de
847 3253 1035 3307 divino
1061 3251 1188 3306 odio
1212 3251 1510 3305 vindictam
1547 3265 1770 3305 sumens
1811 3251 2038 3306 Abelem

463 3347 622 3403 laude
639 3345 973 3400 cumulatum
999 3343 1124 3397 dolo
1157 3341 1540 3406 circumvenit,
1565 3342 1851 3411 mutuique
1884 3357 2038 3396 amo-

463 3441 544 3494 ris
579 3440 753 3509 legem
779 3437 1042 3506 infringit,
1078 3435 1351 3490 diabolica
1376 3433 1600 3504 quidem
1635 3435 1902 3503 pravitate
1937 3433 2038 3487 im-

463 3527 675 3598 piisque
701 3524 944 3579 consiliis
981 3531 1220 3577 mentem
1260 3522 1514 3576 refertam
1544 3522 1790 3588 habens,
1830 3522 2039 3594 ﬁngens

462 3625 644 3671 autem
671 3615 874 3669 bonum
909 3614 1094 3668 verbis
1127 3631 1139 3666 :
1185 3632 1202 3665 ι
1255 3611 1612 3683 Egrediamur
1635 3614 1806 3678 enim,
1836 3613 2034 3683 inquit,

466 3706 522 3760 in
539 3721 810 3776 campum.
844 3725 861 3756 ι
897 3705 1067 3759 Audis
1099 3720 1208 3774 quo
1238 3713 1398 3774 pacto
1419 3705 1626 3760 vocarit
1657 3705 1713 3759 in
1735 3721 1946 3775 agrum,
1978 3713 2038 3758 ut

463 3808 740 3868 spectator
779 3813 889 3852 sua:
918 3797 1214 3867 diligentiae
1253 3798 1590 3865 cultumque
1628 3807 1794 3862 esset,
1839 3807 1894 3852 et
1917 3797 2038 3865 pul-

463 3891 735 3944 cherrima
759 3888 955 3942 ﬂorum
995 3888 1256 3942 varietate
1277 3888 1465 3942 oculos
1498 3888 1786 3958 pasceret?
1815 3887 1884 3942 At
1904 3903 2037 3942 vero

463 3981 758 4037 nefandum
792 3980 1055 4052 ﬂagitium
1094 3980 1407 4044 committit,
1469 3995 1533 4034 ac
1561 3979 1732 4034 v‘eluti
1766 3979 2036 4050 primitias

463 4074 724 4142 quasdam
764 4074 924 4127 morti
978 4072 1198 4127 fratrem
1246 4087 1405 4126 suum
1459 4072 1625 4137 dicat,
1676 4072 2036 4142 humanasque

465 4161 830 4216 naturzeviam
861 4159 928 4212 ad
942 4159 1296 4214 homicidium
1322 4161 1514 4229 aperit.
1542 4163 1914 4232 lntcrrogantc
1941 4179 2038 4217 au-

464 4259 575 4304 tem
595 4250 706 4303 Deo
732 4265 796 4304 ac
833 4248 1049 4302 dicente
1083 4265 1095 4300 :
1140 4266 1156 4297 (
1184 4247 1287 4303 Ubi
1319 4258 1407 4303 est
1451 4249 1586 4302 Abel
1625 4249 1792 4303 frater
1823 4253 1987 4306 tuus?
2011 4271 2028 4302 ι

2137 3171 2327 3224 τεῦθεν
2365 3171 2394 3222 6
2439 3170 2578 3223 Κάῖν
2622 3169 2839 3223 ἀνιᾶται
2888 3169 3128 3240 σφόδρα,
3164 3166 3260 3221 καὶ
3303 3167 3456 3222 ἀλύει
3496 3167 3704 3232 δεινῶς.

2140 3260 2535 3330 Διδασκόμενος
2579 3259 2636 3313 δέ
2681 3260 2780 3330 τῆς
2820 3259 3175 3329 ἀποστροφῆς
3232 3256 3330 3329 τὴν
3376 3258 3580 3323 αἰτίαν,
3613 3259 3707 3313 καὶ

2137 3352 2318 3421 ψῆφον
2356 3351 2566 3414 ἑλόντος
2593 3349 2692 3421 τήν
2720 3351 2931 3420 ἀμείνω
2961 3349 3057 3402 τοῦ
3092 3348 3282 3411 Ἀϐελ,
3312 3349 3410 3401 οὐκ
3438 3348 3707 3419 ἐτράπετο

2143 3443 2342 3513 μᾶλλον
2378 3443 2514 3512 πρὸς
2561 3441 2932 3512 ἐπανόρθωσιν
2973 3441 3080 3494 τῶν
3125 3439 3581 3509 διεπταισμένων·
3626 3440 3706 3502 εἰς

2137 3533 2306 3606 ὀργὰς
2339 3533 2396 3585 δέ
2440 3533 2704 3603 ἀκαίρους
2743 3531 3220 3602 ἀποταυρούμενος
3267 3530 3481 3601 πρῶτος
3513 3533 3570 3584 ἐν
3614 3531 3708 3584 ἀνα

2139 3619 2378 3690 θρώποις
2416 3619 2505 3672 τὸν
2539 3620 2828 3673 ἀτίθασσον
2855 3620 3036 3674 ὼδίνει
3084 3619 3298 3688 φθόνον·
3340 3619 3623 3690 μονονουχὶ
3648 3620 3705 3674 δὲ

2136 3710 2238 3779 τῆς
2283 3707 2631 3778 ἀποστροφῆς
2674 3710 3014 3779 ἀμυνόμενος
3065 3710 3156 3764 τὸν
3214 3711 3324 3765 τῶν
3369 3713 3506 3766 ὅλων
3551 3712 3708 3777 Θεὸν,

2137 3801 2274 3870 δόλῳ
2306 3799 2512 3870 μέτεισι
2545 3799 2636 3852 τδν
2667 3799 3140 3872 τεθαυμασμένον.
3173 3804 3282 3857 Καὶ
3314 3804 3478 3874 νόμον
3514 3805 3706 3859 ἐπάτει

2138 3891 2548 3961 φιλοστοργίας,
2595 3889 2906 3960 διαδολικῆς
2959 3892 3058 3962 μὲν
3103 3894 3438 3964 φαυλότητος
3477 3897 3571 3949 καὶ
3612 3897 3707 3949 ἀν·

2136 3981 2297 4034 οσίων
2327 3979 2657 4050 σκεμμάτων
2678 4019 2692 4041 ,
2737 3981 3228 4051 ἐκμεμεστωμένον
3262 3982 3402 4052 ἔχων
3441 3983 3530 4037 τὸν
3556 3982 3704 4037 νοῦνο

2138 4071 2502 4144 πλαττόμενος
2541 4071 2597 4125 δὲ
2626 4070 2687 4124 τὺ
2726 4071 2961 4143 χρηστὸν
3006 4072 3084 4135 είς
3110 4072 3321 4140 λόγους·
3356 4091 3376 4125 ι
3403 4074 3708 4145 Διέλθωμεν

2137 4164 2277 4233 γὰρ,
2307 4163 2471 4234 φησὶν
2493 4203 2506 4226 ,
2536 4163 2616 4227 είς
2648 4163 2710 4215 τὸ
2739 4162 2939 4216 πεδίον.
2980 4181 2998 4213 ι
3057 4164 3298 4229 Ἀκούεις
3334 4165 3486 4227 ὅπως
3523 4165 3708 4219 ἐκάλει

2142 4254 2237 4322 μὲν
2275 4255 2361 4306 ἐπ’
2407 4255 2612 4324 ἀγροὺς
2654 4253 2730 4318 ὡς
2775 4255 3020 4324 ἐπόπτης
3062 4255 3237 4308 ἔσοιτο
3279 4258 3379 4324 τῆς
3410 4256 3709 4320 ἐπιεικείας

465 4341 727 4396 mentitur
742 4341 908 4397 miser
935 4381 948 4405 ,
979 4355 1278 4410 aspereque
1315 4339 1531 4394 obviam
1559 4339 1620 4402 it,
1663 4359 1681 4390 ι
1709 4339 1827 4394 Non
1861 4343 2026 4406 scio”

2138 4343 2338 4408 αὐτοῦ,
2370 4347 2464 4396 καὶ
2507 4346 2608 4413 τῆς
2653 4345 2762 4397 τῶν
2795 4346 3001 4399 ἀνθέων
3050 4346 3365 4407 πολυειδοῦς
3409 4345 3708 4399 ἀπολαύσοι

467 4432 737 4500 inquiens.
771 4432 1064 4500 Postquam
1090 4445 1222 4485 vero
1246 4428 1529 4484 homicidii
1555 4429 1840 4483 convictus
1867 4437 1950 4483 est
1977 4439 2034 4484 et

463 4522 942 4576 maledictionibus
973 4521 1284 4590 subjectus;
1320 4521 1657 4574 existimavit
1685 4530 1869 4575 autem
1908 4537 2030 4575 rur-

463 4626 584 4666 sum
605 4612 750 4680 quod
783 4613 1082 4666 moriturus
1120 4619 1266 4665 esset
1288 4612 1454 4665 etiam
1485 4611 1600 4680 ipse
1624 4651 1638 4676 ,
1665 4611 1881 4666 etiamsi
1929 4627 2038 4668 non

463 4700 626 4754 vellet
647 4701 809 4764 Deus,
826 4699 1081 4769 quodque
1099 4701 1215 4754 htec
1240 4700 1423 4756 futura
1445 4710 1590 4755 esset
1608 4700 1806 4757 divina:
1837 4702 1931 4756 ira:
1946 4717 2036 4758 so-

463 4791 620 4846 lutio.
641 4791 785 4846 Dixit
804 4791 950 4844 enim
975 4809 987 4844 :
1023 4812 1040 4842 ‹
1063 4792 1119 4846 Si
1143 4792 1330 4862 ejicies
1353 4806 1438 4846 me
1464 4791 1668 4846 hodica
1692 4792 1829 4847 facie
1852 4800 2032 4857 terrae,

463 4890 519 4935 et
530 4897 559 4936 a
580 4881 715 4936 facie
737 4889 827 4934 tua
839 4880 1163 4944 abscondar,
1189 4890 1245 4935 et
1269 4896 1364 4934 ero
1378 4896 1440 4951 ge
1448 4890 1666 4935 mensct
1693 4891 1931 4936 tremens
1944 4898 2034 4936 su-

462 4991 562 5045 per
582 4984 806 5038 terram,
828 4981 883 5028 et
898 4973 1024 5038 erit,
1044 4975 1220 5028 omnis
1241 4974 1523 5029 inveniens
1543 4989 1630 5029 me
1646 4975 1862 5030 occidet
1875 4991 1979 5031 me.
2003 4996 2020 5026 ι

461 5060 732 5121 Cteterum
761 5066 905 5143 quod
937 5065 1161 5120 omnino
1193 5072 1355 5135 atque
1394 5067 1758 5137 undequaque
1796 5068 2026 5123 maledi-

463 5157 737 5212 ctionibus
768 5158 1094 5228 subiaceret,
1134 5157 1568 5228 flagitiorumque
1591 5175 1813 5214 suorum
1838 5176 2028 5230 poenas

462 5247 654 5311 lueret,
679 5249 1042 5304 miserrimam
1066 5250 1121 5303 in
1151 5249 1313 5304 terris
1331 5248 1497 5302 vitam
1519 5265 1701 5320 agens,
1722 5251 2026 5307 certissimo

461 5339 640 5402 scivit,
691 5341 907 5396 dicente
953 5340 1239 5396 manifeste
1289 5341 1441 5396 Deo:
1493 5360 1512 5393 ι
1551 5342 1670 5396 Non
1729 5343 1838 5409 sic;
1901 5345 2030 5414 quia

462 5429 642 5484 omnis
664 5430 757 5500 qui
781 5431 1221 5496 occideritCain,
1263 5441 1471 5502 septem
1517 5432 1794 5488 vindictas
1847 5435 2029 5489 exsol-

462 5527 572 5572 vet.
620 5539 638 5570 ›
691 5521 911 5590 Septem
955 5538 1086 5577 vero
1116 5524 1387 5595 ponitpro
1407 5524 1612 5590 multis,
1669 5525 1822 5595 quasi
1847 5525 2026 5580 dicat:

463 5609 760 5667 Multorum
816 5621 977 5685 atque
1025 5615 1314 5686 impiorum
1368 5616 1692 5673 delictorum
1734 5617 2030 5674 fratricida:

2139 4431 2300 4498 θέας;
2360 4432 2720 4485 Ἀνοσιεύεται
2765 4435 2855 4497 δὲ,
2902 4436 2995 4488 καὶ
3040 4436 3366 4506 πρωτόλειον
3417 4433 3606 4502 ὥσπερ
3651 4448 3706 4483 τι

2138 4520 2234 4574 καὶ
2268 4519 2520 4592 ἀπαρχὴν
2553 4518 2632 4588 τῷ
2672 4519 2888 4590 θανάτῳ
2938 4522 3122 4574 δίδωσι
3167 4522 3259 4574 τὸν
3292 4521 3580 4590 ὁμαίμονα,
3609 4517 3704 4572 καὶ⁵

2135 4614 2236 4683 τῆς
2273 4615 2354 4678 είς
2397 4613 2711 4683 μιαιφονίαν
2756 4613 2876 4667 ὁδοῦ
2909 4617 2972 4684 τῇ
3022 4612 3308 4684 ἀνθρώπου
3353 4612 3514 4682 φύσει
3563 4611 3706 4665 διδάο

2136 4703 2334 4768 σκαλος
2365 4701 2452 4776 ἦν.
2486 4706 2995 4776 Διαπυνθανομένου
3026 4706 3081 4759 δὲ
3103 4706 3196 4759 τοῦ
3228 4704 3360 4758 Θεοῦ
3394 4706 3490 4758 καὶ
3521 4703 3705 4772 λέγον-

2131 4812 2240 4859 τος,
2279 4815 2298 4848 ‹
2342 4797 2450 4850 Ποῦ
2481 4798 2646 4851 ’Ἅϐελ
2682 4801 2710 4852 ὁ
2743 4800 2968 4870 ἀδελφός
3003 4816 3130 4864 σου;
3168 4819 3186 4851 ι
3217 4800 3508 4869 ψευδοεπεῖ
3547 4799 3646 4871 μὲν
3678 4799 3708 4851 6

2130 4885 2360 4952 δείλαιος
2381 4928 2395 4952 ,
2425 4890 2515 4942 καὶ
2549 4889 2866 4953 ὑπαντιάζει
2903 4890 3150 4961 σκληρῶς
3179 4891 3270 4957 τὸ,
3300 4910 3318 4942 ι
3363 4890 3478 4944 Οὐκ
3509 4887 3644 4956 οἶδα,
3682 4910 3700 4942 ι

2134 4979 2324 5048 λέγων.
2379 4980 2594 5051 Ἐπειδὴ
2637 4981 2694 5034 δὲ
2725 4982 2984 5052 φονευτὴς
3027 4981 3326 5052 ἠλέγχετο,
3359 4981 3455 5036 καὶ
3499 4983 3705 5052 ὑπενή-

2134 5088 2318 5125 νεκται
2347 5075 2465 5132 ταῖς
2499 5075 2677 5144 ἀραῖς,
2700 5073 2855 5144 ᾠήθη
2887 5073 2942 5126 δὲ
2973 5073 3134 5127 πάλιν
3159 5075 3241 5127 ὅτι
3264 5074 3584 5146 τεθνήξεται
3612 5072 3703 5126 καὶ

2133 5164 2330 5229 αὐτὸς,
2372 5166 2462 5217 καὶ
2490 5167 2538 5219 εἰ
2571 5165 2645 5236 μὴ
2683 5165 2922 5234 βούλοιτο
2953 5166 3085 5231 Θεὸς
3105 5207 3118 5231 ,
3153 5167 3247 5220 καὶ
3281 5167 3434 5231 λύσις
3458 5167 3608 5221 ἔσται
3641 5162 3700 5215 τὸ

2133 5255 2320 5326 χρῆμα
2350 5255 2498 5326 αύτῷ
2526 5256 2624 5326 τῆς
2653 5259 2718 5308 ἐκ
2755 5256 2889 5310 Θεοῦ
2921 5257 3108 5329 ὀργῆς.
3141 5261 3389 5330 Ἔφασκε
3415 5258 3547 5327 γάρ’
3580 5274 3599 5304 ‹
3639 5253 3698 5306 Εἰ

2136 5347 2368 5420 ἐκϐάλῃς
2403 5365 2471 5419 με
2521 5349 2760 5420 σήμερον
2803 5351 2911 5404 ἀπὸ
2957 5352 3252 5423 προσώπου
3298 5356 3396 5422 τῆς
3437 5352 3560 5419 γῆς.
3606 5345 3700 5398 καὶ

2135 5439 2241 5491 ἀπὸ
2267 5439 2358 5492 τοῦ
2393 5439 2684 5510 προσώπου
2714 5457 2806 5495 σου
2835 5442 3207 5516 κρυϐήσομαι,
3234 5444 3327 5498 καὶ
3355 5441 3548 5508 ἔσομαι
3578 5435 3698 5490 στέο

2135 5548 2242 5583 νων
2281 5531 2376 5584 καὶ
2417 5529 2634 5602 τρέμων
2670 5533 2763 5585 ἐπ)¹
2788 5534 2888 5604 τῆς
2916 5535 3042 5605 γῆς,
3069 5538 3162 5590 καὶ
3189 5535 3369 5592 ἔσται,
3406 5529 3511 5591 πᾶς
3546 5527 3576 5579 6
3604 5527 3696 5579 εὑ-

2137 5619 2338 5691 ρίσκων
2375 5638 2440 5690 με
2474 5623 2760 5679 ἀποκτενεῖ
2800 5642 2886 5695 με.
2935 5645 2953 5678 ι
3006 5625 3242 5680 Ἀλλ“ὅτι
3287 5621 3461 5691 πάντη
3505 5635 3560 5672 τε
3609 5621 3702 5671 tu".
