4050 6210
349 269 422 323 57
1379 257 1898 316 CLAPHYRORUM
1934 261 2001 317 IN
2039 261 2337 318 GENESIM
2378 263 2505 319 LIB.
2550 266 2587 319 l.
3535 270 3608 327 38

349 381 566 441 πάντως
595 373 946 431 ὑποκείσεται
971 378 1089 439 ταῖς
1128 376 1289 447 ἀραῖς
1323 377 1417 429 καὶ
1444 377 1552 430 τῶν
1578 375 1797 431 οίκείων
1827 378 1907 431 ἀνα

2025 378 2156 434 Cain
2194 396 2413 451 poenam
2456 381 2718 445 exsolvet,
2765 382 2860 451 qui
2905 384 3024 454 ejus
3061 385 3396 453 corporalem
3435 386 3604 442 vitam

341 470 804 544 οσιουργημάτων
851 469 1038 537 ὑφέξει
1081 469 1182 533 τὰς
1221 470 1380 534 δίκας
1421 469 1730 542 τρισάθλιον
1764 470 1822 524 ὲν
1852 475 1922 542 γῇ

343 562 638 635 διατρίϐων
662 561 795 632 βίον,
819 561 1245 634 ἐπληροφορεῖτο
1274 563 1464 633 σαφῶς
1489 562 1622 615 Θεοῦ
1653 563 1920 631 λέγοντος·

347 676 365 708 ε
400 657 520 725 Οὐχ
560 655 760 716 οὕτως,
787 652 868 705 ὅτι
912 654 1022 716 πᾶς
1055 655 1083 706 ὁ
1118 655 1446 718 ἀποκτείνας
1486 655 1625 708 Κάῖν
1666 654 1806 708 ἑπτὰ
1834 657 1926 708 ὲκ-

339 747 645 817 δικούμενα
693 743 1019 815 παραλύσει.
1074 763 1093 796 ι
1140 746 1214 799 Τὸ
1259 746 1318 799 δὲ
1369 746 1508 800 ὲπτά
1547 746 1762 816 τίθησιν
1806 747 1926 800 ἀντὶ

341 839 438 894 τοῦ
462 837 657 901 πολλὰ,
672 839 860 907 ὅμοιον
884 834 978 891 οὖν
998 837 1074 901 ὼς
1099 840 1147 890 εί
1166 838 1334 906 λέγει,
1362 838 1572 891 πολλῶν
1583 839 1682 892 ’καὶ
1699 840 1926 893 ἀνοσίων

347 928 838 999 πλημμελημάτων
895 931 1168 999 χαριεῖται
1227 927 1383 997 δίκην
1429 928 1508 999 τῷ
1551 929 1926 1000 ἀδελφοκτόνῳ

350 1020 563 1084 Κάῖν,ὁ
587 1019 688 1087 τῆς
716 1018 1039 1087 ὲνσωμάτου
1068 1017 1212 1088 ζωῆς
1250 1019 1421 1081 ἀνιεὶς
1465 1019 1648 1072 αὐτόν.
1679 1019 1741 1071 El
1768 1019 1826 1072 δὲ
1860 1019 1922 1089 δή

351 1128 440 1174 τις
465 1111 636 1163 ’ἐλοιτο
661 1111 758 1164 καὶ
786 1109 929 1163 ἑπτὰ
964 1109 1056 1162 τὸν
1089 1109 1322 1180 ἀριθμὸν
1360 1105 1498 1163 εἶναι
1525 1109 1707 1178 λέγειν
1733 1109 1802 1164 τὰ
1830 1112 1923 1163 ὲκ-

353 1200 665 1270 δικούμενα,
701 1198 940 1269 χαλεπὸν
983 1199 1134 1252 οὐδὲν
1173 1199 1589 1272 ἀναμετροῦντα
1615 1203 1810 1266 εἰπεῖν,
1842 1201 1924 1253 ὅτι

347 1290 538 1362 πρώτη
575 1291 676 1360 μὲν
709 1291 956 1362 ἁμαρτία
996 1290 1074 1360 τῷ
1103 1291 1266 1353 Κάῖν,
1296 1291 1356 1344 τὸ
1388 1291 1462 1362 μὴ
1495 1290 1686 1344 διελεῖν
1723 1291 1920 1362 ὀρθῶς,

347 1384 488 1452 μήτε
527 1382 631 1452 μὴν
667 1382 936 1452 ἀναθῆναι
965 1381 1085 1452 Θεῴ
1118 1381 1187 1434 τά
1226 1382 1443 1436 πάντων
1481 1381 1757 1453 ἐξαίρετα.
1793 1381 1923 1434 A513-

345 1490 512 1543 τερον
540 1473 676 1544 δὲδὴ
694 1474 752 1527 τὸ
785 1473 1032 1543 μαθόντα
1059 1474 1160 1544 τὴν
1196 1474 1467 1544 ἁμαρτίαν
1507 1473 1580 1543 μὴ
1617 1473 1920 1545 τραπέσθαι

354 1563 495 1632 πρὸς
523 1562 855 1631 μετάγνωσιν
877 1602 892 1626 ,
918 1562 1013 1615 καὶ
1041 1565 1161 1626 ταῖς
1194 1563 1275 1624 είς
1314 1561 1377 1615 τὸ
1419 1562 1639 1632 ἄμεινον
1684 1563 1916 1634 ἀναδρο-

348 1657 481 1723 μαῖς
511 1655 842 1726 ἐπανορθοῦν
869 1656 936 1709 τὰ
961 1653 1354 1725 διεπταισμένα
1373 1696 1387 1721 ,
1431 1653 1838 1725 καταθήγεσθαι
1861 1655 1920 1708 δὲ

2027 472 2246 526 laeserit.
2284 472 2340 527 Si
2368 474 2492 543 quis
2519 481 2704 528 autem
2730 473 2864 528 velit
2899 477 3268 544 septenarium
3292 493 3602 543 numerum,

2025 580 2088 619 ea
2113 565 2226 634 ipsa
2265 580 2500 634 quorum
2543 565 2786 620 vindicta
2827 567 3102 632 sumitur,
3156 568 3360 632 dicere,
3400 585 3606 640 nequa-

2027 671 2191 726 quam
2219 656 2504 711 erraverit.
2538 658 2782 712 Primum
2810 658 2958 712 enim
3003 669 3288 728 peccatum
3311 659 3445 715 Cain
3475 662 3602 725 fuit,

2030 748 2132 817 17
2161 748 2308 818 quod
2332 764 2442 803 non
2470 759 2618 805 recte
2654 751 2892 821 partitus
2925 751 3112 815 fuerit,
3143 767 3324 821 neque
3357 753 3604 807 omnium

2025 839 2232 909 optima
2255 841 2368 895 Deo
2389 841 2744 896 consecrarit.
2782 841 3096 896 Secundum
3123 856 3278 905 vero,
3312 842 3480 912 quod,
3512 859 3604 898 eo-

2025 929 2177 1001 gnito
2201 930 2788 998 peccato,paanitentia
2813 929 3011 984 ductus
3037 945 3149 984 non
3185 931 3275 994 sit,
3301 946 3480 1000 neque
3516 947 3604 986 re-

2025 1020 2141 1074 ditu
2168 1020 2238 1074 ad
2261 1020 2456 1074 melius
2480 1027 2766 1090 peccatum
2801 1035 2961 1074 suum
2988 1020 3316 1085 emendarit,
3347 1022 3603 1092 quodque

2026 1110 2394 1166 inﬂammatus
2419 1109 2586 1165 fuerit
2623 1109 2691 1163 ad
2722 1110 2880 1174 iram,
2917 1111 3262 1180 proximique
3301 1112 3386 1165 sui
3430 1112 3603 1182 gloria

2026 1203 2296 1268 irritatus,
2325 1218 2489 1274 quem
2523 1203 2726 1257 imitari
2751 1203 2936 1272 potius
2964 1219 3062 1273 par
3086 1211 3226 1268 erat,
3260 1219 3370 1258 non
3413 1204 3590 1259 inimi-

2025 1311 2150 1351 cum
2177 1311 2422 1359 censere,
2447 1281 2609 1364 atque
2643 1294 2845 1364 iniquis
2883 1295 3058 1350 oculis
3100 1295 3322 1350 intueri.
3354 1295 3598 1350 Tertium

2023 1394 2228 1450 autem,
2253 1401 2318 1440 ac
2338 1385 2508 1440 veluti
2539 1384 2722 1438 aditus
2754 1383 2981 1454 quidam
3017 1384 3086 1438 ad
3110 1385 3313 1439 caedem
3344 1387 3598 1440 commit-

2025 1477 2264 1542 tendam,
2326 1475 2568 1530 crudelis
2607 1476 2834 1532 invidia.
2887 1475 3154 1542 Quartum
3204 1491 3371 1540 vero,
3427 1476 3598 1530 illud:

2031 1588 2048 1620 ι
2092 1568 2451 1638 Egrediamur
2482 1568 2539 1622 in
2561 1583 2835 1637 campum,
2882 1587 2902 1618 ι
2935 1567 3046 1622 doli
3084 1584 3149 1622 ac
3190 1568 3398 1623 fraudis
3435 1583 3600 1638 argu-

2023 1668 2290 1714 mentum.
2321 1660 2584 1726 Quintum
2635 1661 2815 1729 impia:
2849 1658 3014 1712 caidis
3053 1660 3281 1713 crimen.
3318 1660 3600 1713 Annumc-

347 1747 485 1815 πρὸς
534 1746 740 1816 ὀργὰς,
785 1747 880 1799 καὶ
939 1749 1061 1808 ταῖς
1115 1745 1208 1798 τοῦ
1268 1745 1440 1808 πέλας
1504 1746 1911 1816 εὐδοκιμήσεσιι

2027 1751 2137 1805 rari
2167 1766 2299 1805 vero
2354 1765 2452 1820 pro
2491 1759 2645 1803 sexto
2695 1758 2920 1819 peccato
2939 1758 3152 1819 potest,
3194 1749 3418 1803 mentiri
3464 1750 3596 1804 Deo.

344 1835 756 1906 ἐποτρῦνεσθαν
787 1835 846 1889 ὃν
877 1835 984 1889 ἔδει
1031 1853 1134 1889 που
1186 1835 1403 1898 πάντως
1445 1834 1660 1888 ἑλέσθαι
1702 1835 1918 1906 ζηλοῦν,

341 1927 444 1979 οὐκ
474 1926 669 1998 ἐχθρὸν
695 1927 950 1996 ἡγεῖσθαι
970 1969 986 1994 ,
1017 1928 1112 1982 καὶ
1153 1927 1360 1990 ἀδίκοις
1404 1925 1647 1996 ὄμμασιν
1687 1926 1920 1980 ὑποϐλέο

343 2018 567 2073 πεσθαι.
598 2019 769 2090 Τρίτη
799 2019 853 2072 δὲ
895 2020 988 2072 καὶ
1027 2019 1350 2090 προεισεολή
1383 2036 1467 2081 τις
1509 2018 1698 2090 ὥσπερ
1717 2021 1816 2091 τῆς
1841 2021 1921 2084 είς

341 2108 406 2161 τὸ
449 2109 650 2180 χρῆναι
700 2112 866 2181 φονᾷν
907 2111 1267 2182 ἀγριότητος,
1311 2113 1339 2164 ὁ
1383 2111 1655 2182 ἀνήμερος
1702 2111 1915 2179 φθόνος.

341 2198 596 2271 Τετάρτῃ
620 2201 665 2253 δ’
699 2201 849 2263 αὐτὸ,
888 2221 908 2253 ι
941 2202 1246 2273 Διέλθωμεν
1275 2203 1354 2266 εἰς
1379 2202 1438 2256 τὸ
1463 2203 1664 2268 πεδίον,
1711 2221 1730 2254 ι
1763 2201 1915 2256 δόλου

339 2290 437 2342 καὶ
474 2291 694 2361 ἀπάτης
732 2290 1003 2356 ἀπόδειξιν
1041 2291 1182 2362 ἔχον.
1207 2292 1436 2362 Πέμπτη
1477 2293 1534 2345 δὲ
1575 2294 1672 2364 τῆς
1699 2293 1913 2346 ἀνοσίου

345 2383 657 2451 μιαιφονίας
695 2383 764 2436 τὰ
795 2384 1137 2454 ἐγκλήματα.
1184 2383 1617 2455 Καταλογισθείη
1655 2384 1700 2436 δ’
1738 2384 1804 2436 ἂν
1839 2385 1919 2448 είς

342 2475 500 2528 ἕκτον
534 2476 686 2546 αὐτῷ
719 2477 1119 2546 πλημμέλημα,
1144 2475 1204 2529 τὸ
1241 2475 1606 2546 ψευδοεπῆσαι
1643 2475 1731 2529 τὸν
1760 2475 1914 2528 Θεόν.

343 2566 442 2628 El;
478 2567 704 2636 ἕϐδομον
736 2566 815 2631 δὲ,
843 2567 905 2620 τὸ
933 2568 1154 2630 ἄκοντος
1177 2565 1269 2620 τοῦ
1303 2565 1458 2631 Θεοῦ,
1489 2567 1730 2637 νομίζειν
1752 2565 1914 2620 δύναο

331 2657 474 2709 ςσθαι
505 2657 779 2730 διαδρᾶναι
802 2657 902 2722 τὰς
932 2657 1103 2722 δίκας,
1134 2660 1234 2727 τῆς
1279 2661 1338 2710 ἐν
1387 2657 1602 2726 σώματι
1644 2657 1787 2726 ζωῆς
1811 2658 1912 2711 οὐκ

2026 1841 2132 1897 Pro
2155 1841 2407 1910 septimo,
2435 1839 2584 1909 quod
2631 1839 2804 1893 invito
2836 1839 2948 1893 Deo
2973 1840 3310 1894 existimaret
3343 1855 3401 1894 se
3441 1855 3600 1910 posse

2025 1933 2266 2002 ell'ugere
2320 1930 2672 2000 supplicium,
2710 1929 2819 1982 vita
2864 1929 3137 1998 corporali
3186 1939 3387 1998 praeter
3427 1929 3602 2000 ipsius

2022 2024 2360 2077 voluntatem
2428 2030 2698 2090 ereptum.
2756 2018 3070 2075 «Cseterum
3125 2021 3317 2085 dedit,
3383 2020 3600 2090 inquit,

2025 2113 2170 2168 Deus
2193 2112 2408 2181 signum
2439 2109 2604 2173 Cain,
2645 2117 2707 2163 ut
2735 2123 2846 2163 non
2881 2109 3217 2164 interﬁceret
3244 2125 3372 2164 eum
3421 2110 3601 2165 omnis

2023 2203 2118 2274 qui
2169 2201 2467 2256 invenisset
2493 2216 2640 2255 eum.
2690 2200 2758 2253 Et
2799 2214 3057 2269 egressus
3088 2208 3173 2254 est
3217 2199 3353 2255 Cain
3389 2215 3420 2254 a
3461 2199 3599 2254 facie

2021 2292 2137 2346 Dei.
2187 2311 2206 2344 ι
2269 2292 2462 2347 Statim
2523 2301 2705 2346 autem
2771 2290 3249 2346 maledictionibus
3322 2289 3601 2360 subjectus

2013 2382 2137 2448 fuit,
2167 2382 2390 2452 odiique
2415 2381 2610 2436 modus
2645 2381 2974 2436 subsecutus
3000 2389 3103 2435 est.
3144 2382 3282 2435 Eum
3329 2380 3478 2434 enim
3502 2379 3597 2448 qui

2007 2474 2119 2546 jam
2148 2474 2216 2528 ad
2247 2489 2520 2528 summum
2555 2473 2799 2526 omnium
2826 2472 3095 2526 malorum
3130 2472 3466 2542 pervenerit,
3487 2485 3598 2541 quo

2011 2573 2169 2635 pacto
2192 2565 2485 2635 purissima
2527 2564 2978 2634 sanctissimaque
3024 2573 3220 2618 natura
3253 2579 3362 2619 non
3403 2579 3594 2634 asper-

2009 2665 2173 2712 netur
2194 2656 2218 2708 ’ἶ

341 2745 682 2819 ἀνεθελήτως
711 2748 1151 2818 ἀπηλλαγμένον.
1195 2767 1214 2799 ‹
1275 2747 1437 2800 Ἀλλά
1470 2747 1699 2810 δέδωκε,
1767 2748 1951 2818 φησὶν,
1988 2748 2017 2799 ὁ
2058 2746 2190 2808 Θεὸς
2240 2747 2462 2816 σημεῖον
2496 2743 2574 2814 τῷ
2605 2744 2747 2797 Κάῖν
2793 2743 2887 2797 τοῦ
2928 2744 3003 2814 μὴ
3045 2744 3365 2799 ἀποκτεῖναι
3433 2745 3595 2800 αὐτὸν

340 2839 522 2894 πᾶντα
581 2841 670 2893 τὸν
718 2842 1044 2910 εὑρίσκοντα
1087 2841 1276 2895 αὐτόν.
1323 2839 1546 2910 Ἐξῆλθε
1582 2841 1639 2893 δὲ
1679 2842 1820 2893 Κάῖν
1885 2841 1994 2893 ἀπὸ
2033 2836 2325 2908 προσώπου
2377 2836 2472 2890 τοῦ
2520 2835 2676 2890 Θεοῦ.
2727 2855 2746 2888 ι
2799 2836 3086 2918 ’Υπέκειτο
3136 2836 3194 2888 δὲ
3252 2838 3594 2908 παραχρῆμα

334 2936 459 2995 ταῖς
483 2934 664 3004 ἀραῖς,
695 2935 789 2986 καὶ
816 2934 964 3004 ὁτῆς
1001 2935 1350 3006 ἀποστροφῆς
1384 2933 1666 3004 ἠκολούθει
1693 2934 1912 3005 τρόπος.
1954 2933 2059 2987 Τὸν
2090 2933 2196 3002 γάρ
2225 2947 2306 2984 τοι
2346 2931 2483 3001 πρὸς
2544 2930 2696 3000 λῆξιν
2757 2928 2851 2982 τοῦ
2881 2928 3085 2991 παντὸς
3125 2929 3226 2999 ήδη
3272 2930 3594 2986 διελάσαντα

335 3028 516 3082 κακοῦ
553 3014 939 3082 ὲποπτεῦσειεν
983 3030 1050 3083 ἂν
1084 3030 1200 3094 πῶς
1234 3033 1268 3100 ἡ
1304 3031 1578 3099 πάναγνος
1603 3032 1698 3083 καὶ
1741 3029 2019 3100 ἀγιωτάτη
2051 3027 2250 3097 φύσις;

393 3125 477 3180 γ’.
517 3119 628 3172 Καὶ
659 3121 817 3171 ταυτὶ
841 3119 939 3190 μὲν
986 3121 1118 3190 ἡμῖν
1158 3120 1235 3183 ὼς
1278 3121 1335 3172 ὲν
1377 3119 1540 3190 πάχει
1570 3121 1911 3190 πραγμάτων

2090 3117 2142 3170 5.
2184 3118 2360 3184 Atque
2385 3114 2503 3168 haec
2530 3112 2753 3182 quidem
2798 3111 2923 3166 rudi
2949 3107 3112 3167 modo
3135 3120 3297 3183 atque
3334 3113 3594 3172 historice

335 3210 434 3262 καὶ
479 3209 770 3278 ίστορικῶς
817 3210 1055 3280 εἰρήσθω
1095 3211 1253 3274 τέως.
1307 3211 1796 3280 Μεταχρωννύντες
1854 3211 1911 3263 δὲ

332 3298 528 3369 ὥσπερ
555 3298 653 3368 τῆς
671 3298 878 3364 εἰκόνος
903 3299 1002 3370 τὴν
1031 3300 1267 3371 γραφὴν,
1292 3300 1385 3352 καὶ
1409 3299 1506 3370 τὴν
1542 3301 1598 3352 ὲν
1631 3299 1710 3370 τῷ
1734 3300 1911 3370 γράμ-

336 3406 470 3460 ματι
503 3389 666 3442 σκιάν
698 3390 1203 3462 μεταχαράττοντες
1237 3393 1320 3454 είς
1351 3390 1630 3461 ἀλήθειαν,
1663 3392 1792 3460 φέρε
1821 3391 1909 3460 δὴ,

333 3483 470 3554 φέρε
489 3523 505 3549 ,
532 3483 626 3536 καὶ
657 3482 777 3535 λίαν
822 3483 1016 3553 ἰσχνῶς
1043 3482 1250 3537 ἕκαστα
1292 3483 1670 3554 βασανίζοντες
1689 3524 1703 3545 ,
1735 3483 1912 3536 ἐκεῖνο

329 3574 620 3644 λέγωμεν,
651 3575 732 3627 ὅτι
758 3575 820 3628 τὸ
857 3575 1095 3646 Χριστοῦ
1128 3577 1428 3647 μυστήριον
1454 3575 1800 3646 καταθρήσαι
1824 3591 1910 3638 τις

330 3665 398 3718 ἂν
427 3664 980 3736 προανατυπούμενον
1010 3666 1066 3718 έν
1097 3665 1293 3737 ἀρχαῖς
1328 3665 1402 3729 ὡς
1432 3668 1488 3719 ἐν
1520 3667 1646 3736 σκιᾷ
1666 3664 1740 3735 τῷ
1770 3682 1909 3734 συμ-

328 3756 613 3824 ϐεᾶηκὸτι.
648 3757 793 3810 Ἔδει
826 3757 955 3827 γὰρ,
979 3755 1084 3810 ἔδει
1115 3755 1214 3826 τῆς
1243 3756 1528 3826 ἀνθρώπου
1559 3755 1773 3825 φύσεως
1798 3755 1911 3808 δια-

328 3845 585 3914 τεθείσης
609 3847 691 3908 είς
725 3845 1018 3916 ἁμαρτίαν,
1048 3844 1142 3897 καὶ
1176 3847 1286 3906 τοῖς
1311 3844 1404 3909 τοῦ
1428 3845 1658 3898 θανάτου
1696 3844 1909 3913 βρόχοις

327 3935 614 4005 ἀδοκήτως
652 3933 1049 4004 ὲνειλημμένης
1069 3971 1084 3996 ,
1108 3934 1171 3986 τὸ
1197 3935 1296 4004 τῆς
1322 3936 1398 3996 εἰς
1427 3934 1487 3986 τὸ
1515 3934 1739 4004 ἄμεινον
1772 3935 1904 3986 ἀνα·

285 4045 289 4048 ν
327 4025 566 4095 κομιδῆς
613 4025 1128 4096 προαναφωνεῖσθαι
1180 4026 1509 4096 μυστήριον,
1556 4024 1653 4078 καλ⁸
1697 4023 1789 4076 τὸν
1836 4024 1906 4078 δι’

325 4119 485 4186 ἡμᾶς
530 4119 624 4171 καὶ
667 4117 808 4189 ὑπὲρ
851 4119 1009 4189 ἡμῶν
1048 4117 1441 4188 τεθνηξόμενον
1489 4115 1632 4170 κατὰ
1677 4117 1905 4187 καιροὺς

337 4207 421 4275 μὴ
455 4205 774 4276 ἀγνοηθῆναι
796 4209 1052 4278 Χριστόν.
1088 4207 1388 4277 Πεποίηται
1417 4206 1596 4260 τοίνυν
1633 4207 1661 4257 ὁ
1692 4205 1908 4277 προπά-

323 4313 452 4367 τωρ
499 4296 662 4368 Ἀδὰμ
693 4299 836 4352 κατά
863 4315 927 4367 γε
962 4297 1060 4368 τὴν
1103 4299 1283 4351 πίστιν
1309 4296 1418 4350 τῶν
1453 4295 1612 4366 ἱερῶν
1638 4296 1904 4366 Γραμμὰ-

320 4405 440 4442 των
459 4428 474 4452 ,
503 4389 622 4441 κατ’
652 4389 836 4442 είκόνα
869 4390 965 4443 καὶ
997 4389 1118 4443 καθ’
1140 4388 1397 4460 ὁμοίωσιν
1425 4386 1582 4441 Θεοῦ.
1603 4388 1902 4456 Γεγέννην-

2014 3204 2282 3259 hactenus
2317 3203 2462 3256 dicta
2507 3201 2638 3255 sint.
2667 3201 2736 3254 At
2779 3215 2912 3254 vero
2946 3200 3199 3271 imaginis
3247 3202 3594 3260 lineamentis

2013 3310 2141 3349 suos
2161 3295 2371 3349 colores
2386 3292 2726 3363 superducen
2736 3299 2836 3357 tes,
2861 3301 2917 3347 et
2935 3293 3182 3347 umbram
3213 3293 3409 3351 litterae
3429 3296 3496 3350 ad
3513 3297 3593 3352 rei

2012 3386 2296 3442 veritatem
2333 3383 2812 3448 transformantes,
2844 3399 2909 3439 ac
2947 3384 3160 3454 singula
3186 3386 3470 3442 subtiliter
3502 3389 3591 3443 in-

2011 3473 2363 3543 vestigantcs,
2391 3471 2528 3525 illud
2562 3471 2830 3535 dicamus,
2859 3471 3008 3541 quod
3033 3471 3240 3527 Christi
3269 3475 3592 3545 mysterium

2011 3564 2066 3618 in
2106 3563 2174 3617 iis
2227 3577 2348 3631 qua:
2396 3561 2527 3614 olim
2577 3561 2898 3616 acciderunt
2927 3601 2940 3625 ,
2980 3561 3389 3632 praefiguratum
3432 3563 3590 3619 facile

2011 3654 2136 3724 quis
2167 3660 2442 3723 agnoscat.
2477 3651 2778 3721 Oportebat
2822 3653 2971 3707 enim
3006 3653 3261 3722 prolapsa
3301 3654 3358 3708 in
3401 3670 3592 3724 pecca-

2011 3754 2125 3800 tum
2154 3745 2396 3798 humana
2442 3752 2658 3808 natura,
2699 3745 3004 3814 mortisque
3036 3745 3254 3814 laqueis
3306 3745 3591 3815 inapinato

2010 3837 2278 3901 involuta,
2315 3837 2634 3908 mysterium
2665 3837 3103 3891 restitutionisin
3126 3837 3320 3891 melius
3344 3837 3587 3906 praedici,

2008 3935 2064 3980 ct
2101 3943 2228 3982 eum
2258 3928 2352 3996 qui
2388 3935 2615 3997 propter
2645 3942 2767 3990 nos,
2802 3942 2866 3980 ac
2891 3943 2994 3996 pro
3023 3927 3185 3981 nobis
3214 3943 3314 3981 suo
3344 3935 3588 3999 tempore

2007 4015 2309 4069 moriturus
2329 4023 2466 4078 erat,
2498 4013 2779 4068 Christum
2811 4029 2921 4066 non
2949 4014 3208 4082 ignorari.
3253 4014 3449 4068 Factus
3483 4015 3587 4085 igi-

2007 4113 2098 4158 tur
2115 4114 2199 4159 est
2236 4105 2448 4174 primus
2471 4111 2626 4173 pater
2651 4103 2846 4167 Adam,
2886 4111 3052 4172 prout
3075 4118 3242 4158 sacra:
3258 4104 3478 4159 Litterae
3505 4113 3587 4160 te-

2005 4204 2240 4260 stantur,
2267 4196 2424 4266 juxta
2462 4195 2754 4265 imaginem
2779 4210 2843 4249 ac
2863 4194 3282 4250 similitudinem
3317 4196 3434 4250 Dei.
3464 4196 3586 4253 Nati

2005 4293 2189 4339 autem
2237 4292 2365 4338 sunt
2395 4291 2452 4338 et
2487 4292 2878 4354 processerunt
2913 4284 2982 4338 ab
3005 4299 3092 4348 eo,
3129 4285 3341 4352 primus
3363 4283 3586 4354 quidem

2004 4377 2176 4444 Cain;
2239 4377 2515 4432 secundus
2560 4389 2693 4428 vero
2731 4383 2855 4443 post
2883 4374 3072 4439 illum,
3112 4373 3268 4428 Abel.
3313 4374 3586 4429 Czeterum

318 4497 415 4534 ται
446 4480 504 4533 δὲ
532 4481 627 4533 καὶ
661 4481 930 4551 προῆλθον
958 4481 1052 4534 ἀπ’
1093 4480 1280 4543 αὐτοῦ,
1307 4479 1520 4549 πρῶτος
1555 4480 1654 4548 μὲν
1682 4481 1710 4532 6
1741 4479 1902 4543 Κάῖν,

2014 4469 2181 4525 Caino
2203 4469 2426 4539 quidem
2460 4465 2679 4521 lsraelis
2700 4481 2996 4536 personam
3024 4466 3581 4522 accommodabimus.

315 4570 580 4639 δεύτερος
612 4570 668 4623 δὲ
698 4572 812 4640 μετ’
837 4572 1042 4624 ἐκεῖνον
1065 4571 1093 4623 ὀ
1126 4569 1312 4623 νΑὸελ.
1352 4569 1509 4621 Ἀλλά
1533 4567 1610 4640 τῷ
1640 4568 1738 4638 μὲν
1761 4569 1902 4622 Κάῖν

314 4661 378 4713 τὸ
407 4659 474 4726 ἐξ
517 4661 737 4731 Ἰσραὴλ
770 4661 1060 4730 πρόσωπον
1096 4661 1484 4732 περιθήσομεν.
1525 4657 1675 4711 Ἐπεί
1701 4675 1782 4710 τοι
1808 4656 1898 4710 καὶ

314 4752 489 4814 αὐτὸς
518 4753 548 4804 ὁ
569 4751 804 4822 Χριστὸς
837 4752 1154 4822 ίσοτρόπους
1185 4751 1344 4814 δντας
1367 4749 1444 4820 τῷ
1469 4751 1609 4802 Κάῖν
1641 4749 1768 4812 τοὺς
1793 4747 1903 4800 τῶν

326 4841 605 4895 Ἰουδαίων
633 4842 869 4912 δήμους,
903 4843 1066 4896 αὑτὸν
1099 4841 1495 4914 προσημαίνειν
1529 4841 1700 4909 ἠξίου.
1729 4839 1903 4902 Αὐτὸς

315 4935 434 5004 γὰρ
467 4934 727 5002 ἔφασκεν·
773 4954 793 4988 ι
838 4936 964 4990 Ἐὰν
1005 4937 1161 5006 ὑμεῖς
1211 4935 1407 5004 μένητε
1445 4933 1504 4986 ἐν
1531 4933 1608 5003 τῷ
1645 4931 1788 5000 λόγῳ
1821 4930 1899 5001 τῷ

316 5021 479 5090 ἐμῷ,
516 5021 734 5091 ἀληθῶς
791 5024 1030 5095 μαθηταί
1075 5041 1177 5095 μου
1221 5023 1442 5086 ἔσεσθε,
1485 5022 1579 5076 καλ⁵
1622 5021 1898 5090 γνώσεσθε

313 5111 420 5183 τὴν
456 5113 751 5184 ἀλήθειαν,
785 5115 882 5169 καλ⁸
925 5119 959 5186 ἡ
1005 5115 1232 5187 ἀλήθεια
1275 5112 1634 5186 ἐλευθερώσει
1679 5113 1842 5183 ὑμᾶς.
1877 5132 1896 5165 ι

310 5203 377 5255 οι
404 5201 468 5254 δὲ
493 5202 592 5269 τῆς
617 5205 892 5276 πατρικῆς
915 5205 1228 5277 ἐλευθερίας
1255 5204 1316 5257 οὐ
1353 5203 1627 5264 συνιέντες
1667 5201 1728 5254 τὺ
1769 5201 1901 5255 κάλ-

311 5293 438 5358 λος,
479 5299 768 5365 σαρκικοῖς
816 5299 1129 5368 αὐχήμασιν
1181 5293 1596 5366 ὲναγλαῒςζεσθαι
1643 5295 1754 5348 δεῖν
1802 5297 1898 5347 ἐπ-

308 5388 597 5457 εχείρουν,
635 5389 908 5456 λέγοντες·
956 5409 975 5442 ι
1013 5376 1244 5460 Σπέρμα
1289 5388 1540 5460 Ἀϐραάμ
1574 5389 1773 5458 ἐσμεν,
1801 5386 1896 5440 καὶ

307 5477 494 5532 οὐδενὶ
538 5479 964 5551 δεδουλεύκαμεν
1012 5479 1254 5534 πώποτε.
1284 5480 1405 5544 Πῶς
1453 5481 1518 5533 σὺ
1563 5477 1776 5546 λέγεις,
1811 5478 1892 5529 ὅτι

380 5655 435 5688 δ’
470 5656 634 5712 Joan.
669 5675 778 5720 vm,
814 5659 904 5720 3l.
935 5659 1023 5715 δί.
1126 5659 1169 5691 ⁸³
1207 5659 1340 5714 ibid.
1379 5659 1466 5712 55.

2000 4565 2283 4635 Siquidem
2342 4563 2459 4633 ipse
2529 4564 2693 4618 etiam
2745 4562 3021 4627 Christus,
3079 4563 3312 4632 populos
3365 4562 3583 4618 Judaeo-

2009 4671 2128 4712 I'um
2150 4656 2359 4712 eisdem
2379 4670 2503 4710 cum
2539 4654 2710 4710 Caino
2736 4655 2986 4709 moribus
3015 4655 3271 4724 praeditos
3298 4655 3476 4725 ipsum
3506 4655 3582 4710 si-

2002 4749 2263 4820 gniﬁcare
2314 4747 2662 4818 prmdicabat.
2711 4747 2790 4802 ita
2837 4745 2988 4801 enim
3025 4746 3102 4800 ait
3141 4764 3153 4799 :
3195 4764 3212 4797 ι
3258 4745 3313 4800 Si
3345 4762 3442 4800 vos
3481 4748 3585 4816 18

2003 4837 2318 4892 manseritis
2340 4837 2395 4890 in
2422 4851 2674 4891 sermone
2711 4850 2856 4900 meo,
2887 4851 3017 4890 vere
3040 4835 3296 4905 discipuli
3324 4836 3429 4889 mei
3469 4836 3581 4890 eri-

2008 4928 2099 4993 tis,
2129 4936 2184 4982 et
2226 4928 2567 4997 cognoscetis
2609 4927 2895 4982 veritatem
2920 4967 2934 4991 ,
2981 4934 3038 4982 et
3083 4927 3290 4980 veritas
3325 4925 3582 4981 liberabit

2006 5035 2104 5076 vos
2134 5020 2198 5072 ".
2236 5039 2254 5070 ι
2301 5019 2383 5074 Illi
2421 5035 2553 5074 vero
2596 5028 2839 5090 paternae
2885 5019 3160 5074 libertatis
3211 5017 3578 5087 pulchritudi-

1999 5127 2124 5167 nem
2147 5126 2493 5181 nequaquam
2533 5112 2921 5182 intelligentes,
2951 5108 3346 5180 carnaligloria
3381 5107 3579 5164 ﬂorere

1999 5203 2312 5266 studebant,
2346 5202 2594 5258 dicentes
2628 5221 2642 5257 :
2687 5222 2705 5255 ι
2753 5203 2952 5258 Semen
2985 5200 3219 5256 Abrahae
3239 5214 3434 5253 sumus
3458 5239 3471 5263 ,
3522 5209 3578 5254 et

1995 5295 2202 5350 nemini
2243 5295 2572 5349 servivimus
2601 5311 2861 5364 unquam.
2899 5291 3184 5359 Quomodo
3206 5299 3266 5345 tu
3294 5291 3450 5356 dicis,
3485 5289 3578 5344 Li-

1995 5386 2112 5440 beri
2163 5386 2322 5441 eritis
2353 5386 2434 5438 ”?
2462 5406 2479 5437 ι
2513 5385 2654 5452 Quid
2687 5385 2854 5456 igitur
2883 5384 2949 5438 ad
2977 5383 3093 5438 haec
3123 5382 3418 5438 Christus?
3447 5401 3465 5432 ‹
3519 5380 3577 5436 Si

1994 5478 2124 5542 ﬁlii,
2164 5496 2181 5527 ι
2218 5477 2416 5547 inquit,
2450 5497 2468 5529 ι
2519 5477 2752 5533 Abraha:
2781 5477 3008 5542 essetis,
3040 5489 3204 5546 opera
3229 5471 3463 5529 Abralm
3494 5470 3576 5525 ιιι-
