4052 6212
531 271 602 326 59
1555 259 1610 316 S.
1653 259 1927 316 CYRILLI
1968 259 2440 318 ALEXANDRINI
2474 263 2793 320 ARCHIEP.

3716 269 3791 328 40

532 379 748 437 ceretis.
779 378 935 434 Nunc
967 386 1150 432 autem
1191 375 1439 446 quaeritis
1469 390 1556 430 me
1596 373 1908 430 interficere
1937 375 2111 430 homi-

2232 378 2538 451 Ἐλεύθεροι
2570 379 2796 446 ἔσεσθες
2840 398 2858 431 ι
2896 380 2961 434 Τί
2987 373 3079 434 οὖν
3119 379 3255 453 πρὸς
3303 381 3472 437 ταῦτα
3517 383 3788 456 Χριστόςς

530 488 677 538 nem,
717 470 813 540 qui
846 469 1135 524 veritatem
1171 468 1328 522 vobis
1353 468 1572 521 locutus
1598 479 1720 521 sum
1749 505 1764 529 ,
1809 481 1973 535 quam
2011 480 2112 521 au-

531 565 642 620 divi
675 579 704 617 a
738 563 940 628 Patre;
987 561 1092 614 hoc
1129 560 1405 614 Abraham
1443 573 1555 613 non
1588 556 1721 612 fecit
1741 557 1807 610 “.
1840 576 1857 607 ›
1897 558 2113 612 Patrem

529 664 713 710 autem
745 654 878 725 ipsis
907 653 1100 708 tribuit
1140 651 1396 706 Satanam
1420 692 1434 715 ,
1473 650 1664 705 dicens
1699 668 1711 703 :
1744 668 1762 700 ‹
1793 650 1902 704 Vos
1932 649 2114 704 facitis

529 765 694 819 opera
721 748 892 818 patris
931 746 1123 801 vestri.
1154 745 1250 798 Ille
1274 741 1551 797 homicida
1585 750 1704 796 erat
1735 741 1804 794 ab
1829 740 1990 794 initio
2011 781 2025 803 ,
2058 747 2115 793 et

529 840 586 894 in
621 841 850 895 veritate
867 853 978 892 non
1001 836 1172 900 stetit,
1205 834 1332 904 quia
1356 833 1589 888 mendax
1624 841 1728 896 est,
1762 832 2114 901 quemadmo-

527 932 662 986 dum
689 937 744 985 et
771 938 925 1000 pater
963 929 1082 998 ejus
1111 927 1178 980 ⁸⁸.
1214 944 1232 978 ι
1277 925 1634 994 Nequaquam
1661 939 1794 979 vero
1828 921 2113 978 existima-

528 1023 731 1086 bimus,
778 1028 927 1074 reete
968 1017 1272 1073 sentientes
1297 1056 1310 1080 ,
1339 1014 1622 1070 Christum
1661 1013 1816 1084 pravi
1854 1029 1918 1068 ac
1947 1014 2115 1068 totius

530 1113 656 1168 mali
693 1111 938 1166 auctoris
972 1109 1238 1164 daemonis
1264 1106 1617 1170 meminisse;
1649 1103 1746 1159 sed
1788 1103 1997 1158 rabidis
2013 1103 2113 1158 Ju-

527 1206 680 1271 daais,
715 1203 1046 1274 impiamque
1089 1201 1192 1270 ipsi
1237 1200 1443 1255 caedem
1485 1196 1962 1259 machinantibus,
1993 1194 2113 1264 pri-

531 1312 678 1350 mum
712 1295 869 1349 illum
893 1293 1224 1348 homicidam
1245 1290 1630 1359 mendaciique
1642 1288 2110 1351 concinnatorem,

526 1390 681 1452 Cain,
716 1389 938 1456 inquam
959 1425 973 1451 ,
1011 1395 1223 1454 patrem
1254 1384 1532 1447 statuisse,
1572 1391 1738 1452 atque
1782 1381 1931 1436 illius
1954 1380 2111 1435 Sata-

529 1495 654 1533 nam
708 1477 919 1548 peccati
981 1483 1286 1530 auctorem.
1345 1474 1731 1541 Quaerentibus
1786 1471 2107 1534 nonnullis,

528 1585 691 1640 quem
721 1577 932 1638 patrem
976 1567 1210 1622 dzemoni
1265 1566 1446 1620 daturi
1485 1566 1679 1630 simus,
1718 1571 1813 1618 aut
1840 1564 2001 1633 quale
2024 1563 2111 1616 di-

529 1660 671 1716 cturi
694 1660 865 1714 simus
887 1673 1009 1713 esse
1031 1657 1202 1727 ipsius
1227 1657 1510 1727 pravitatis
1528 1657 1881 1726 archetypum
1905 1671 1919 1719 ;
1943 1653 2112 1709 Caino

2222 492 2239 523 ι
2265 472 2327 525 Εἰ
2353 471 2538 537 τέκνα,
2578 491 2596 523 ι
2625 472 2811 542 φησὶν,
2840 491 2858 524 ι
2893 471 2990 525 τοῦ
3021 472 3274 543 Ἀϐραὰμ
3303 468 3422 544 ἦτε,
3449 475 3516 528 τὰ
3543 475 3680 547 ἔργα
3693 477 3790 531 τοῦ

2229 565 2476 637 Ἀϐραὰμ
2509 567 2741 619 ἐποιεῖτε
2772 565 2858 620 ἀν.
2895 565 3031 620 Νυνὶ
3051 565 3109 618 δὲ
3135 565 3348 636 ζητεῖτέ
3375 582 3442 636 με
3471 567 3792 623 ἀποκτεῖναι

2215 656 2519 728 ἄνθρωπον,
2543 658 2603 721 ὃς
2625 657 2725 727 τὴν
2752 656 3008 728 ἀλήθειαν
3033 659 3162 728 ὑμῖν
3188 658 3564 730 λελάληκα,ἥν
3583 662 3793 731 ηκουσα

2218 745 2369 814 παρὰ
2411 744 2506 798 τοῦ
2558 746 2790 817 Πατρός·
2837 744 2997 799 τοῦτο
3041 747 3290 818 Ἀϐραὰμ
3340 755 3440 800 οὐκ
3484 747 3730 818 ἐποίησε.
3766 767 3786 801 ι

2216 833 2437 904 Πατέρα
2483 835 2540 888 δέ
2595 836 2778 899 αὐτοῖς
2829 835 3094 905 ἀπονέμει
3141 835 3234 889 τὸν
3275 837 3556 905 Σατανᾶν,
3594 836 3789 906 λέγων·

2221 945 2240 976 ‹
2282 925 2471 995 Ὑμεῖς
2507 929 2709 980 ποιεῖτε
2749 927 2816 980 τὰ
2842 925 2980 997 ἔργα
3007 927 3102 980 τοῦ
3151 926 3359 998 πατρὸς
3390 926 3564 999 ὑμῶν.
3617 928 3794 981 Ἐκεῖο

2213 1032 2302 1078 νος
2330 1016 2777 1088 ἀνθρωποκτόνος
2801 1013 2869 1088 ἦν
2895 1017 2992 1071 ἀπ’
3023 1018 3197 1089 ἀρχῆς
3215 1059 3230 1080 .
3259 1019 3355 1072 καὶ
3383 1021 3439 1071 ἐν
3463 1021 3529 1090 τῇ
3563 1018 3793 1091 ἀληθείᾳ

2212 1109 2310 1178 οὐχ
2336 1108 2583 1179 ἕστηκεν,
2608 1109 2689 1161 ὅτι
2715 1107 2957 1178 ψεύστης
2996 1109 3134 1173 ἐστὶ,
3174 1107 3359 1172 καθὼς
3400 1110 3494 1162 καὶ
3533 1110 3562 1162 6
3607 1113 3791 1182 πατὴρ

2213 1197 2399 1259 αὐτοῦ.
2435 1215 2452 1248 ι
2486 1198 2596 1250 Καὶ
2619 1198 2844 1250 οὑδέπου
2865 1197 3444 1268 νομιοῦμεν,νοοῦντες
3473 1199 3669 1269 ὀρθῶς,
3693 1200 3790 1254 τοῦ

2216 1288 2452 1358 πονηροῦ
2492 1306 2552 1341 τε
2585 1288 2682 1341 καὶ
2726 1288 3037 1359 ὰρχεκάκου
3084 1289 3342 1360 δαίμονος
3384 1291 3788 1363 διαμεμνῆσθαι

2213 1381 2469 1452 Χριστόψ
2517 1380 2937 1451 ὲκλελυττηκόσι
2977 1380 3032 1434 δὲ
3073 1385 3191 1445 τοῖς
3231 1383 3523 1447 Ἰουδαίοις,
3564 1384 3658 1437 καὶ
3687 1383 3786 1454 τὴν

2213 1474 2433 1526 ἀνοσίαν
2463 1474 2583 1527 κατ’
2615 1473 2781 1526 αὑτοῦ
2812 1474 3127 1544 μιαιφονίαν
3154 1474 3425 1542 ὠδίνουσι,
3451 1476 3541 1529 τὸν
3573 1477 3785 1546 πρῶτον

2212 1565 2658 1634 ἀνθρωποκτόνον
2699 1566 2794 1618 καὶ
2833 1565 2930 1619 τοῦ
2970 1565 3201 1636 ψεύδους
3239 1568 3618 1639 ἐπιτηδευτὴν,
3648 1569 3790 1638 φημὶ

2211 1657 2276 1726 δὴ
2303 1657 2394 1710 τὸν
2422 1657 2586 1722 Κάῖν,
2614 1657 2798 1710 δίδωσι
2830 1659 3066 1730 πατέρα,
3101 1659 3356 1713 κάκείνου
3381 1661 3470 1714 τὸν
3521 1661 3786 1725 Σατανᾶν,

530 1754 713 1822 itaque
759 1749 931 1804 veluti
976 1750 1273 1820 archetypo
1321 1756 1579 1817 tanquam
1631 1745 1862 1816 eﬂigiem
1923 1745 2111 1800 tribuit

2215 1746 2306 1802 τὸν
2351 1747 2448 1818 τῆς
2482 1748 2755 1820 ἁμαρτίας
2802 1748 3050 1821 εὑρετήν.
3096 1749 3579 1804 Ἐπιδιδασκόντων
3625 1750 3790 1804 τινῶν

528 1859 624 1900 eos
653 1843 747 1913 qui
786 1841 1084 1912 impietatis
1117 1856 1225 1910 qua
1255 1839 1347 1893 ille
1383 1838 1644 1908 praditus
1667 1845 1770 1901 est,
1802 1835 2116 1890 similitudi-

530 1951 654 1990 nem
676 1949 786 2004 pra:
809 1949 865 1988 se
891 1933 1095 1987 ferunt.
1125 1930 1283 1997 Quod
1305 1930 1454 1984 enim
1489 1928 1758 1984 Salvatori
1787 1927 2010 1984 Christo
2029 1928 2114 1983 fa-

530 2025 743 2080 miliare
783 2023 855 2079 sit
889 2022 1146 2077 Satanam
1201 2035 1398 2075 vocare
1428 2033 1555 2073 eum
1595 2018 1690 2088 qui
1737 2019 1886 2073 illius
1932 2034 2115 2074 mores

529 2117 716 2179 refert,
744 2114 1000 2170 facillime
1023 2113 1149 2182 quis
1177 2111 1400 2173 viderit,
1426 2124 1552 2164 cum
1585 2109 1703 2178 ipse
1723 2109 1930 2164 sanctis
1949 2108 2115 2163 disci-

528 2205 674 2275 pulis
706 2203 854 2258 dicat
891 2220 903 2255 :
944 2220 962 2252 ‹
996 2201 1188 2256 Nonne
1218 2215 1320 2270 ego
1365 2213 1463 2253 vos
1509 2196 1804 2252 duodecim
1855 2198 2028 2268 elegi,
2057 2205 2115 2251 et

528 2311 657 2350 ecce
691 2311 836 2350 unus
861 2310 930 2349 ex
957 2293 1116 2348 vobis
1147 2292 1402 2347 diabolus
1435 2299 1522 2347 est
1538 2291 1619 2344 πῖ
1648 2310 1666 2342 ι
1702 2288 2115 2360 Comparandus

531 2388 712 2457 itaque
741 2395 825 2441 est
846 2386 1017 2441 Caino
1047 2384 1235 2448 Israel,
1267 2385 1335 2439 de
1363 2400 1473 2454 quo
1495 2383 1762 2453 scriptum
1799 2391 1920 2437 est:
1966 2401 1984 2433 ι
2021 2381 2113 2436 Fi-

531 2479 637 2533 Iius
681 2492 836 2531 meus
885 2475 1286 2547 primogenitus
1321 2474 1487 2529 Israel
1508 2473 1574 2526 ⁵⁷.
1607 2493 1624 2523 ι
1660 2474 1789 2529 Post
1836 2471 2112 2542 primoge-

529 2568 705 2623 nitum
724 2582 854 2621 vero
890 2567 1054 2621 Israel
1083 2565 1359 2620 secundus
1395 2574 1662 2634 tempore,
1700 2572 1756 2618 et
1782 2563 2115 2618 novissimus

525 2667 753 2713 exortus
791 2666 876 2712 est
922 2657 1208 2721 Christus,
1241 2656 1388 2711 filius
1419 2657 1585 2711 etiam
1626 2656 1742 2726 ipse
1795 2654 1987 2710 Adam.
2028 2653 2113 2708 ld-

528 2747 678 2804 circo
709 2748 876 2802 etiam
930 2746 1126 2801 Filium
1159 2749 1384 2802 hominis
1415 2748 1696 2818 sapienter
1738 2753 1997 2816 certaque
2028 2760 2113 2800 ra-

527 2840 676 2894 tione
705 2839 946 2908 seipsum
981 2838 1187 2908 ubique
1218 2839 1478 2908 appellat.
1501 2837 1771 2893 Caeterum
1806 2835 1973 2891 Israel
2015 2851 2109 2890 co-

526 2930 640 2987 lere
678 2931 848 2984 Deum
885 2930 1112 3000 putabat
1135 2969 1149 2993 ,
1182 2929 1424 2985 oﬂ‘erens
1459 2929 1817 3000 temporarias
1842 2929 2112 2997 facileque

527 3028 937 3076 marcescentes
971 3035 1079 3083 res,
1113 3028 1170 3075 et
1191 3035 1424 3090 quarum
1458 3037 1627 3090 parva
1677 3021 1818 3073 ratio
1852 3019 2108 3081 habetur,

2215 1838 2340 1892 τίνα
2369 1839 2584 1910 πατέρα
2608 1839 2686 1910 τῷ
2720 1840 2954 1911 διαϐόλῳ
2975 1840 3240 1912 δώσομεν,
3274 1842 3306 1912 ἢ
3334 1845 3484 1896 ποῖον
3517 1838 3655 1897 εἷναί
3688 1861 3790 1912 φα-

2219 1947 2320 2000 μεν
2356 1933 2457 2002 τῆς
2495 1931 2702 1984 ἐκείνου
2770 1932 3103 2003 δυστροπίας
3141 1933 3204 1986 τὸ
3239 1933 3574 2004 ἀρχέτυπον,
3621 1935 3788 2005 ἀρχε-

2215 2022 2370 2093 τύπῳ
2399 2023 2456 2076 δὲ
2486 2022 2676 2096 ὥσπερ
2701 2023 2777 2095 τῷ
2803 2025 2942 2078 Κάῖν
2970 2025 3222 2096 καθάπερ
3258 2025 3444 2079 εἰκόνα
3484 2025 3790 2098 προσνέμει

2214 2115 2343 2178 τοὺς
2370 2115 2469 2184 τῆς
2507 2115 2734 2187 ἐνούσης
2776 2115 2925 2187 αὐτῷ
2957 2117 3274 2182 δυσσεϐείας
3306 2117 3404 2189 τὴν
3435 2118 3514 2181 εἰς
3541 2119 3650 2171 πᾶν
3680 2119 3790 2170 ὁτι-

2215 2206 2308 2260 οῦν
2342 2206 2640 2278 ἐμφέρειαν
2667 2210 2843 2261 νοσεῖν
2883 2207 3226 2279 εἰρημένους.
3264 2209 3389 2262 Ὄτι
3426 2208 3536 2278 γὰρ
3564 2209 3686 2272 ἔθος
3714 2207 3790 2277 τῷ

2217 2297 2430 2368 Σωτῆρι
2455 2296 2694 2368 Χριστῷ.
2727 2298 2970 2352 Σατανᾶν
2991 2297 3286 2351 ἀποκαλεῖν
3319 2298 3410 2350 τὸν
3435 2303 3547 2360 τοῖς
3575 2300 3785 2352 ἐκείνου
3851 2345 3860 2352 .

2217 2388 2570 2458 προσεοικότα
2621 2389 2879 2458 τρόποις,
2929 2389 3366 2460 καταθρήσωμεν
3421 2389 3486 2443 ἂν
3523 2391 3618 2444 καὶ
3663 2389 3786 2443 λίαν

2215 2479 2451 2549 ἀμογητὶ
2478 2481 2590 2542 τοῖς
2634 2479 2812 2547 ἀγίοις
2857 2479 3082 2548 λέγοντα
3129 2481 3399 2552 μαθηταῖς
3419 2497 3434 2512 ο
3473 2500 3492 2533 ‹
3533 2483 3650 2535 Οὐκ
3673 2479 3788 2548 ἐγὼ

2215 2567 2360 2636 ὑμᾶς
2384 2568 2508 2630 τοὺς
2535 2566 2743 2621 δώδεκα
2774 2567 3126 2639 ἐξελεξάμην,
3160 2570 3255 2622 καὶ
3297 2570 3406 2622 ἰδοὺ
3437 2565 3517 2633 εἷς
3540 2569 3602 2633 ἐξ
3629 2569 3786 2640 ὑμῶν

2212 2653 2458 2717 διάϐολός
2501 2655 2658 2720 tam;
2701 2657 3110 2728 Παρεικαστέον
3153 2657 3332 2711 τοίνυν
3391 2657 3469 2728 τῷ
3518 2658 3661 2712 Κάῖν
3693 2656 3789 2712 τδν

2225 2746 2464 2817 Ἰσραὴλ,
2495 2747 2627 2819 περὶ
2653 2739 2714 2802 οὗ
2738 2747 3067 2816 γέγραπταιο
3104 2767 3122 2799 ι
3160 2748 3286 2811 Υἱὸς
3318 2747 3659 2818 πρωτότοκός
3682 2764 3786 2817 μου

2227 2839 2461 2910 Ἰσραήλ.
2527 2858 2546 2890 ι
2583 2840 2740 2894 Μετὰ
2789 2841 2845 2893 δέ
2899 2857 2965 2908 γε
3002 2841 3094 2894 τὸν
3138 2839 3481 2910 πρωτότοκον
3544 2836 3784 2908 Ἰσραὴλ,

2213 2928 2464 2999 δεύτερος
2508 2929 2696 2997 ὥσπερ
2740 2931 2799 2982 ἐν
2840 2930 3050 3000 χρόνῳ,
3093 2929 3189 2983 καὶ
3236 2928 3501 2990 νεώτατος
3541 2929 3785 3000 ἀνεφάνη

2213 3020 2468 3088 Χριστὸς,
2507 3019 2622 3082 υίὸς
2661 3019 2756 3073 καὶ
2799 3021 2960 3084 αὐτὸς
3000 3020 3097 3074 τοῦ
3149 3021 3338 3091 Ἀδάμ.
3373 3021 3660 3093 Τοιγάρτοι
3691 3020 3790 3076 καὶ

527 3110 870 3180 terrenisque
891 3110 1090 3165 studiis
1119 3117 1230 3164 tota
1263 3108 1668 3178 quodammodo
1704 3116 1887 3160 mente
1915 3104 2105 3160 afﬁxus

2217 3110 2354 3163 Υἱύν
2389 3108 2709 3178 ἀνθρώπου
2745 3111 2924 3179 σοφῶς
2954 3129 3012 3165 τε
3061 3118 3154 3166 καὶ
3187 3113 3546 3184 οἰκονομικῶς
3592 3111 3789 3166 ἑαυτὸν

527 3207 666 3256 erat.
709 3218 728 3251 ι
761 3199 1123 3268 Agricultura:
1151 3198 1300 3253 enim
1321 3197 1551 3251 vacabat
1571 3195 1726 3260 Cain,
1761 3195 1897 3250 Abel
1925 3203 2110 3250 autem

524 3301 647 3345 erat
674 3298 859 3358 pastor
894 3289 1080 3344 ovium
1120 3308 1166 3344 ι.
1207 3289 1505 3344 Praefectus
1546 3287 1694 3342 enim
1739 3294 1824 3342 est
1857 3285 2109 3342 rationali

527 3381 678 3453 gregi
712 3380 1058 3445 Emmanuel,
1089 3390 1255 3450 atque
1291 3379 1406 3450 ipse
1439 3385 1524 3434 est
1568 3379 1760 3432 Pastor
1787 3377 1879 3432 ille
1909 3377 2106 3438 bonus,

528 3472 622 3542 qui
652 3491 669 3522 ι
708 3471 764 3526 in
808 3473 928 3527 loco
974 3472 1164 3543 pingui
1207 3479 1265 3527 et
1284 3471 1503 3542 pascuis
1550 3469 1864 3534 uberrimis,
1894 3488 1912 3520 ι
1970 3469 2112 3523 sicut

533 3562 637 3634 ιθ
677 3562 945 3633 scriptum
973 3571 1059 3618 est
1081 3563 1146 3628 ⁸⁸,
1177 3577 1447 3632 supernos
1476 3576 1540 3616 ac
1577 3561 1671 3630 qui
1698 3575 1864 3630 super
1909 3568 2110 3615 terram

528 3664 657 3710 sunt
699 3671 892 3726 greges
944 3655 1139 3726 pascit.
1189 3653 1273 3709 Ad
1320 3669 1486 3724 quem
1542 3654 1710 3716 etiam
1758 3652 2110 3725 propheticus

528 3762 711 3803 sermo
737 3747 989 3803 clamavit
1035 3764 1048 3800 :
1089 3766 1108 3798 ι
1145 3748 1313 3803 Pasce
1354 3747 1618 3817 populum
1670 3756 1826 3800 tuum
1863 3745 1919 3800 in
1956 3744 2109 3815 virga

528 3840 791 3895 custodia:
821 3847 946 3904 tuae,
985 3851 1116 3893 oves
1154 3837 1492 3893 hmreditatis
1526 3848 1634 3894 tua:
1655 3838 1720 3891 δ’.
1761 3857 1778 3890 ι
1810 3837 1974 3892 Israel
2004 3837 2110 3892 ita-

528 3946 636 4003 que
662 3931 898 3986 terrenis
926 3930 1094 3985 rebus
1121 3931 1296 3985 Deum
1325 3931 1574 3996 colebat,
1613 3930 1851 3986 offerens
1879 3930 2072 4001 Iegalia
2092 3970 2106 3995 ,

527 4027 586 4074 et
640 4019 852 4090 ingrata
903 4018 1006 4090 ipsi
1037 4017 1302 4074 sacrificia
1341 4019 1922 4079 eonsecrans.ldcirco
1943 4024 2106 4080 etiam

528 4109 742 4163 audivit
766 4125 864 4178 per
893 4125 1082 4164 vocem
1105 4111 1278 4166 sancti
1301 4113 1583 4181 prophetae
1609 4129 1621 4166 :
1666 4132 1686 4166 ι
1717 4114 2106 4173 Holocaustum

530 4196 764 4252 arietum
798 4205 1036 4261 tuorum,
1097 4208 1154 4252 et
1198 4199 1416 4269 adipem
1448 4202 1653 4267 ovium,
1694 4212 1752 4258 et
1788 4209 2106 4277 sanguinem

531 4286 814 4340 hircorum
853 4301 917 4339 ac
944 4295 1229 4340 taurorum
1281 4303 1391 4342 non
1429 4289 1576 4354 volo,
1628 4307 1809 4361 neque
1847 4297 2109 4352 veneritis

2213 3198 2468 3270 ὠνόμαζε
2505 3203 2768 3274 πανταχῆο
2801 3202 2916 3256 ἀλλ’
2943 3204 2973 3255 6
3006 3204 3106 3275 μὲν
3144 3205 3382 3276 Ἰσραὴλ,
3412 3205 3577 3276 τιμᾷν
3608 3203 3789 3259 ἐδόκει

2213 3289 2346 3342 Θεὸν
2386 3289 2710 3361 προσφέρων
2737 3290 2809 3344 τὰ
2837 3291 3152 3363 πρόσκαιρα
3177 3294 3271 3346 καί
3314 3294 3656 3364 εὐμάραντα,
3687 3294 3789 3347 καὶ

2213 3375 2288 3434 ὧν
2330 3382 2391 3434 οὐ
2443 3383 2648 3452 σφόδρα
2695 3382 2858 3447 πολὺς
2905 3385 2934 3436 6
2979 3384 3167 3452 λόγος,
3212 3385 3304 3437 καὶ
3349 3387 3464 3448 τοῖς
3508 3386 3636 3454 περὶ
3678 3385 3790 3455 γῆν

2214 3470 2645 3542 σπουδάσμασιν,
2678 3472 2798 3527 ὅλον
2842 3471 3031 3543 ὥσπερ
3069 3473 3236 3526 ἐτίθει
3263 3474 3354 3528 τὸν
3394 3474 3571 3530 νοῦν.ι
3595 3477 3791 3546 Ἐτρά-

2213 3579 2344 3616 πετο
2376 3562 2482 3634 γὰρ
2511 3565 2591 3626 εἰς
2619 3563 2916 3635 γεηπονίαν
2941 3566 2970 3616 6
3003 3565 3166 3628 Κάῖν,
3202 3565 3369 3618 Ἀϐελ
3397 3566 3454 3619 δὲ
3482 3561 3550 3638 ἧν
3579 3567 3788 3639 ποιμὴν

2213 3652 2520 3724 προϐάτων.
2581 3654 2893 3724 Καθηγεῖτο
2946 3654 3055 3727 γὰρ
3103 3656 3200 3728 τῆς
3248 3657 3472 3728 λογικῆς
3514 3659 3714 3731 ἀγέλης
3754 3660 3790 3712 6

2224 3745 2605 3817 Ἐμμανουὴλ,
2653 3746 2748 3799 καὶ
2801 3744 2963 3808 αὑτός
3009 3747 3160 3798 ἐστιν
3208 3746 3237 3798 6
3282 3747 3495 3818 Ποιμὴν
3538 3749 3567 3800 6
3619 3749 3787 3814 καλὸς

2210 3840 2239 3891 6
2277 3857 2296 3889 ι
2333 3839 2390 3890 ἐν
2421 3837 2575 3908 τόπῳ
2611 3837 2787 3902 πίονι,
2831 3837 2926 3891 καὶ
2975 3838 3033 3890 ἐν
3091 3840 3230 3909 νομῇ
3291 3839 3511 3910 ἀγαθῇ,
3561 3858 3580 3891 ι
3637 3841 3786 3896 καθά

2210 3931 2546 4001 γέγραπται,
2587 3928 2688 3992 τὰς
2725 3928 2838 3983 ἀνω
2876 3947 2935 3983 τε
2983 3932 3079 3985 καὶ
3121 3931 3214 3984 ἐπὶ
3251 3934 3353 4002 γῆς
3391 3931 3784 4002 διαποιμαίνων

2209 4020 2429 4088 ἀγέλας.
2473 4020 2618 4090 Πρὸς
2671 4019 2730 4073 ὃν
2771 4021 2866 4074 καὶ
2911 4023 2940 4075 6
2991 4023 3328 4094 προφητικδς
3383 4022 3781 4094 ἀναπεφώνηκι

2209 4111 2382 4180 λόγος’
2431 4130 2451 4164 ι
2486 4111 2748 4182 Ποίμαινε
2785 4112 2878 4167 τὸν
2907 4113 3033 4167 λαόν
3077 4131 3171 4168 σου
3211 4116 3268 4168 ἐν
3311 4114 3492 4185 ῥάϐδῳ
3530 4115 3783 4186 φυλακῆς

2213 4221 2334 4266 σου,
2385 4203 2631 4274 πρόϐατα
2677 4203 3043 4276 κληρονομίας
3093 4223 3210 4262 σου,
3265 4223 3286 4269 ρ
3350 4206 3561 4262 Οὐκοῦν
3603 4210 3633 4262 6
3683 4207 3784 4279 μὲν

2221 4292 2433 4366 Ἰσραὴλ
2450 4295 2562 4357 τοῖς
2583 4294 2968 4366 γεωδεστέροις
2996 4295 3150 4366 ἠξίου
3173 4299 3338 4368 τιμᾷν
3361 4299 3452 4352 τὸν
3475 4299 3626 4365 Θεὸν,
3653 4317 3785 4372 καρ-

529 4384 793 4447 apparere
821 4377 977 4431 mihi.
1006 4376 1140 4444 Quis
1167 4379 1315 4432 enim
1340 4381 1594 4448 quaesivit
1626 4383 1742 4438 haec
1757 4383 1826 4438 de
1853 4387 2106 4443 manibus

2214 4385 2463 4456 ποφορῶν
2509 4386 2580 4438 τὰ
2623 4387 2681 4439 ἐν
2729 4386 2915 4456 νόμῳ,
2962 4386 3060 4441 καὶ
3102 4387 3200 4451 τὰς
3238 4388 3589 4458 ἀνεθελήτους
3633 4389 3782 4453 αὗτῷ

530 4465 993 4522 vestris?ealcare
1025 4468 1229 4521 atrium
1255 4482 1436 4522 meum
1460 4484 1569 4523 non
1594 4471 1901 4540 apponetis.
1927 4472 1983 4527 Si
2001 4475 2103 4528 oh-

2214 4451 2400 4542 θυσίας
2424 4477 2727 4546 ἀνατιθείς.
2769 4451 3071 4549 Τοιγαροῦν
3104 4478 3198 4533 καὶ
3238 4451 3780 4547 ἤκουσε-διὰφωνῆς

532 4559 768 4613 tuleritis
788 4559 1169 4629 similaginem,
1191 4575 1424 4625 vanum;
1447 4561 1750 4627 incensum,
1773 4563 2108 4623 abominatio

2214 4569 2403 4638 ἁγίων·
2451 4588 2470 4622 ι
2517 4566 2904 4638 Ὀλοκαύτωμα
2946 4567 3054 4620 τῶν
3093 4567 3264 4638 κριῶν
3311 4583 3439 4631 σου,
3486 4566 3580 4620 καὶ
3611 4567 3776 4639 στέαρ

529 4656 615 4702 est
644 4647 779 4701 mihi
812 4649 878 4701 ⁵ο.
912 4668 930 4699 ι
967 4649 1035 4703 Ει
1076 4649 1275 4704 iterum
1309 4667 1322 4703 :
1359 4668 1378 4701 ι
1411 4649 1682 4717 Quorsum
1719 4655 1857 4709 mihi
1885 4656 2014 4712 thus
2041 4673 2108 4714 ex

2214 4657 2408 4730 ἀρνῶν,
2440 4658 2534 4711 καὶ
2573 4653 2710 4728 αἷμα
2748 4659 2965 4731 τράγων
3002 4657 3096 4710 καὶ
3127 4653 3361 4725 ταύρων,
3386 4655 3446 4708 οὐ
3482 4653 3778 4724 βούλομαι,

530 4733 673 4788 Saba
702 4733 910 4790 aﬂ‘ertis
929 4776 944 4801 ,
975 4745 1032 4792 et
1062 4737 1470 4794 cinnamomum
1496 4739 1564 4796 de
1595 4751 1743 4798 terra
1776 4744 2109 4816 longinqua?

2214 4743 2315 4797 οὐδ’
2345 4744 2410 4796 ἂν
2456 4743 2688 4814 ἐρχησθε
2737 4743 2968 4814 ὀφθῆναὶ
3020 4760 3133 4814 μοι.
3183 4742 3277 4806 Τίς
3323 4741 3432 4813 γὰρ
3481 4741 3780 4814 ἐξεζήτησε

529 4827 860 4883 Holocausta
889 4836 1071 4884 vestra
1103 4846 1214 4887 non
1247 4840 1377 4887 sunt
1419 4834 1555 4889 mihi
1590 4843 1762 4906 grata,
1800 4853 1979 4906 neque
2017 4854 2109 4893 sa-

2214 4831 2380 4886 ταῦτα
2405 4833 2469 4886 ἐκ
2496 4833 2606 4886 τῶν
2637 4833 2836 4904 χειρῶν
2883 4832 3074 4903 ὑμῶνς
3107 4835 3297 4886 πατεῖν
3325 4831 3425 4904 τὴν
3470 4833 3638 4904 αὐλήν
3676 4849 3780 4902 μου

529 4919 738 4974 criticia
767 4927 950 4975 vestra
994 4937 1081 4976 me
1132 4923 1409 4980 delectant
1443 4925 1510 4980 ³¹.
1560 4946 1579 4978 ι
1637 4928 1752 4982 Hoc
1791 4938 1981 4999 aperte
2021 4939 2108 4986 est

2214 4925 2270 4976 οὐ
2319 4923 2713 4996 προσθήσεσθε.
2769 4925 2894 4978 Ἐὰν
2933 4926 3127 4996 φέρετε
3173 4923 3472 4995 σεμίδαλιν,
3527 4926 3779 4996 μάταιον

530 5011 703 5065 Deum
752 5011 820 5067 ad
859 5012 1128 5068 sacrificia
1171 5015 1306 5070 Cain
1337 5033 1450 5073 non
1481 5018 1804 5074 attendisse.
1839 5020 1974 5076 Abel
2003 5039 2104 5078 au-

2214 5012 2462 5084 θυμίαμα
2482 5053 2496 5079 ,
2527 5014 2800 5085 βδέλυγμά
2829 5015 2918 5085 μοί
2947 5017 3085 5070 ἐστι.
3128 5033 3147 5067 ι
3177 5017 3285 5071 Καὶ
3309 5016 3493 5084 πάλιν,
3524 5036 3544 5071 ι
3583 5018 3699 5071 Ἵνα
3727 5019 3784 5072 τί

531 5111 640 5156 tem
663 5103 878 5173 justus,
905 5105 1014 5159 hoc
1040 5111 1125 5160 est
1168 5105 1443 5172 Christus,
1477 5108 1678 5163 obtulit
1709 5112 1821 5165 Deo
1860 5113 2102 5167 rationa-

2214 5123 2305 5177 μοι
2337 5106 2550 5159 λίϐανον
2582 5107 2648 5159 ἐκ
2667 5105 2853 5159 Σαϐϐᾶ
2879 5105 3092 5177 φέρετε,
3120 5108 3214 5162 καὶ
3239 5108 3562 5180 κινάμωμον
3585 5110 3651 5162 ἐκ
3675 5107 3784 5176 γῆς

531 5189 664 5244 lium
720 5194 949 5248 ovilium
994 5194 1378 5266 primogenita,
1413 5196 1520 5252 hoc
1548 5205 1651 5262 est,
1682 5198 1871 5255 faciles
1897 5217 1961 5256 ac
1989 5210 2103 5257 tra-

2214 5198 2517 5269 μακρόθεν;
2566 5199 2645 5251 Τὰ
2676 5196 3104 5268 ὁλοκαυτώματα
3131 5199 3285 5271 ὑμῶν
3311 5203 3380 5256 οὐ
3445 5201 3557 5255 εἰσὶ
3589 5197 3778 5263 δεκτὰ,

531 5280 760 5336 etabiles
805 5283 971 5338 corde
995 5324 1010 5349 ,
1061 5292 1117 5340 et
1149 5284 1386 5340 infantes
1415 5286 1646 5352 malitia,
1677 5288 2021 5360 selectosque
2045 5290 2103 5344 in

531 5370 867 5437 virtutibus,
909 5389 974 5429 ac
1021 5375 1382 5431 similitudine
1430 5392 1556 5432 cum
1584 5377 1703 5447 ipso
1749 5379 2102 5450 primogeniti

531 5461 753 5531 gloriam
777 5475 891 5533 pra:
919 5481 978 5521 se
1014 5466 1275 5524 ferentes.
1300 5468 1549 5525 Ecclesia
1587 5470 1733 5526 enim
1765 5471 2102 5543 primogeni-

607 5572 649 5650 f‘
674 5573 968 5650 laetatur,
1000 5577 1088 5650 59,
1113 5577 1202 5650 49.
1271 5581 1317 5612 ⁸⁵
1340 5580 1475 5635 ibid.
1509 5583 1594 5637 44,
1667 5585 1712 5617 ⁴⁶
1743 5584 1898 5640 Joan.
1939 5600 2013 5650 vr,
2049 5584 2135 5640 7i.

533 5637 708 5699 “Isa.
735 5659 770 5710 ι,
799 5637 977 5700 11-15.
1055 5637 1098 5680 εἰ
1133 5649 1338 5706 Jerem.
1381 5667 1453 5717 νι,
1493 5652 1579 5706 eo.

2209 5289 2388 5340 καὶαι
2432 5286 2610 5342 θυσίαι
2645 5289 2798 5359 ὑμῶν
2839 5291 2938 5360 οὐχ
2979 5290 3180 5361 ἥδυνάν
3211 5310 3302 5364 με.
3349 5312 3368 5346 ι
3423 5293 3593 5348 Τοῦτό
3633 5294 3786 5346 ἐστιν

2209 5377 2454 5448 ἐναργῶς
2483 5378 2543 5432 τὸ
2572 5379 2664 5433 ἐπὶ
2683 5383 2804 5445 ταῖς
2832 5379 3046 5447 θυσίαις
3068 5383 3162 5436 τοῦ
3195 5385 3336 5439 Κάῖν
3362 5384 3436 5454 μὴ
3469 5399 3787 5455 προσεσχη-

2211 5469 2362 5524 κέναι
2403 5468 2558 5525 Θεόν.
2593 5471 2852 5540 Ἀϐελδέ
2890 5476 2920 5529 6
2961 5474 3202 5541 δίκαιος,
3240 5475 3486 5530 τουτέστι
3513 5473 3782 5542 Χριστὸς,

2211 5584 2252 5617 ⁸⁷
2284 5583 2455 5643 Exod.
2493 5601 2566 5653 tv,
2604 5585 2696 5642 τε.
2772 5587 2818 5622 ⁸³
2855 5589 2959 5646 Isa.
2991 5607 3114 5656 xxx,
3138 5589 3228 5644 9.5.
3303 5590 3346 5622 "
3375 5585 3536 5640 Mieh.
3567 5603 3658 5651 vn,
3687 5587 3776 5646 {6.
