4052 6212
489 281 559 337 215
1489 282 1544 336 S.
1585 280 1855 337 εγιιιιιι
1896 283 2043 337 ALE‘.

2143 285 2360 339 ςυιιικι
2400 285 2715 342 ARCHIEP.
3661 285 3730 348 α

492 397 725 453 Domini.
768 416 784 448 ι
818 395 946 450 Tale
981 394 1111 464 quid
1155 392 1355 449 accidit
1385 393 1666 458 lsraelitis,
1710 394 1775 447 ad
1801 409 1938 462 quos
1967 393 2043 447 di-

2158 393 2253 463 τὴν
2284 395 2377 447 τοῦ
2402 398 2680 467 προφήτου
2708 398 2907 469 φωνὴν,
2939 399 3031 452 καὶ
3063 399 3217 453 τοῦτο
3238 397 3390 462 εἰδὼς
3417 402 3728 470 προανεφώο

490 501 634 544 ctum
674 499 758 544 est
787 504 885 557 per
910 501 1099 541 vocem
1131 486 1409 555 prophetae
1445 503 1457 537 :
1492 504 1508 535 ι
1539 483 1770 550 Quando
1793 484 2054 538 extende-

491 580 611 634 ritis
646 594 839 633 manus
860 586 1072 633 vestras
1112 577 1178 631 ad
1213 592 1322 641 me,
1359 583 1600 631 avertam
1640 577 1829 630 oculos
1849 591 1999 629 meos
2026 591 2055 629 a

488 673 671 737 vobis;
697 672 809 726 etsi
832 669 1324 739 multiplicaveritis
1345 669 1648 723 orationem
1668 675 1924 730 vestram,
1947 683 2057 722 non

487 763 770 816 exaudiam
809 776 924 814 vos.
965 760 1150 814 Manus
1179 759 1327 814 enim
1370 769 1566 813 vestra:
1594 758 1858 829 sanguine
1885 759 2058 826 plenae

488 861 615 906 sunt
635 852 701 903 ‘°.
747 870 764 902 ι
792 848 1122 906 Occideruut
1153 847 1299 902 enim
1333 849 1712 901 universorum
1741 846 2053 910 Dominum,

487 943 589 1010 21
617 952 671 996 et
694 957 804 1010 pra:
828 940 997 994 nimia
1034 939 1311 1008 impietate
1341 936 1456 991 ausi
1483 944 1611 991 sunt
1632 937 1846 992 dicere:
1874 957 1891 988 ι
1918 937 2056 992 San-

487 1035 607 1103 guis
636 1035 755 1104 ejus
777 1047 940 1102 super
963 1046 1064 1085 nos
1095 1038 1150 1084 et
1178 1046 1342 1100 super
1386 1028 1525 1083 ﬁlios
1564 1037 1784 1083 nostros
1802 1029 1867 1083 ⁶¹.
1895 1047 1912 1080 ι
1954 1029 2054 1084 At-

485 1129 579 1197 qui
602 1127 822 1197 sanguis
857 1125 990 1179 Abel
1025 1123 1286 1178 adversus
1323 1123 1498 1178 solum
1524 1121 1924 1177 interfectorem
1946 1122 2057 1176 cla-

486 1219 653 1273 mavit
700 1235 713 1270 :
752 1216 1026 1287 pretiosus
1054 1231 1184 1269 vero
1217 1213 1422 1270 Christi
1451 1214 1674 1284 sanguis
1699 1213 1813 1268 fere
1841 1222 2052 1268 tantum

483 1308 736 1363 clamavit
781 1306 1045 1361 adversus
1096 1304 1409 1360 Judazorum
1461 1304 1842 1359 crudelitatem
1889 1310 2053 1372 atque

483 1397 928 1470 ingratitudincm
975 1414 989 1450 :
1040 1396 1292 1450 liberavit
1339 1403 1519 1449 autem
1553 1394 1818 1449 mundum
1854 1410 1885 1448 a
1920 1408 2051 1462 pee—

481 1503 635 1554 eato,
672 1498 860 1560 utpote
885 1489 1039 1544 fusus
1061 1504 1161 1559 pro
1205 1489 1344 1558 ipso.
1387 1487 1595 1541 Idcirco
1639 1487 1803 1541 etiam
1831 1484 2053 1538 divinus
2117 1544 2130 1556 ,

483 1582 683 1636 Paulus
711 1581 808 1647 ait,
864 1597 882 1631 ι
912 1579 1173 1634 accedere
1204 1594 1324 1641 nos,
1346 1579 1438 1647 qui
1464 1593 1561 1646 per
1585 1577 1746 1631 ﬁdem
1767 1574 2048 1646 justiﬁcati

479 1687 698 1735 sumus,
758 1670 971 1724 fusione
1009 1669 1290 1739 sanguinis
1342 1669 1540 1724 melius
1577 1670 1837 1738 loquente
1881 1681 2046 1735 quam

2161 501 2260 547 νει,
2295 484 2487 554 λέγων’
2523 505 2539 537 ι
2574 490 2682 542 Καὶ
2713 490 2760 541 εἰ
2791 489 2866 559 μὴ
2897 490 3098 556 Κύριος
3125 489 3349 543 Σαϐαὼθ
3371 491 3726 558 ἐγκατέλιπεν

2159 579 2288 647 ἡμῖν
2337 579 2590 650 σπέρμα,
2637 581 2711 644 ὼς
2747 581 2954 652 Σόδομα
3000 583 3066 634 ἂν
3114 569 3472 652 ἐγενήθημεν,
3517 583 3610 636 καὶ
3653 584 3727 644 ὡς

2158 667 2408 740 Γόμορρα
2435 668 2500 721 ἂν
2520 668 2896 740 ὡμοιώθημεν.
2930 691 2948 722 ι
2973 670 3083 724 Καὶ
3105 672 3202 740 μέν
3223 688 3304 722 τοι
3327 671 3420 724 καὶ
3441 671 3576 741 πρὸς
3597 671 3729 740 τῷδε

2158 760 2250 812 καὶ
2279 760 2308 811 ὁ
2352 759 2636 823 Θεσπέσιος
2668 760 2920 832 namss;
2940 800 2954 822 ,
2989 761 3063 832 μὴ
3094 763 3173 824 εἱς
3201 761 3345 815 ἅπαν
3377 761 3732 830 ἀφανίζεσθαι

2155 849 2247 900 τὸν
2285 849 2500 921 Ἰσραὴλ
2535 851 2783 922 ἐλιπάρει
2819 851 2954 923 πρὸς
2978 852 3068 905 τὸν
3099 853 3204 904 τῶν
3231 853 3366 905 ὅλων
3395 852 3560 905 Θεόν’
3596 872 3614 904 ι
3641 853 3728 922 Μὴ

2155 941 2480 1012 ἀποκτείνῃς
2520 944 2746 1008 αὐτοὺς,
2796 945 3003 1014 μήποτε
3039 944 3403 998 ἐπιλάθωνται
3433 945 3525 998 τοῦ
3559 945 3724 1016 νόμου

2157 1049 2268 1086 σου.
2309 1051 2327 1082 ι
2377 1031 2522 1101 Πλὴν
2567 1033 2870 1104 ἐκδέὃηκεν
2911 1038 2938 1088 ὁ
2980 1035 3119 1088 Κάῖν
3161 1035 3269 1088 ἀπὸ
3306 1035 3598 1106 προσώπου
3635 1035 3727 1089 τοῦ

2154 1125 2309 1181 Θεοῦ.
2339 1127 2648 1197 Γέγραπται
2676 1126 2783 1196 γὰρ
2811 1125 3011 1189 οὕτως·
3046 1145 3064 1176 ι
3115 1126 3337 1195 Ἐξῆλθε
3368 1127 3424 1180 δὲ
3453 1127 3591 1179 Κάῖν
3625 1129 3732 1180 ἀπὸ

2155 1215 2446 1287 προσώπου
2472 1215 2566 1269 τοῦ
2593 1215 2747 1270 Θεοῦ·
2781 1235 2798 1267 ι
2839 1217 3135 1272 πεπόνθασι
3161 1218 3216 1270 δέ
3243 1235 3296 1271 τι
3323 1218 3565 1271 τοιοῦτον
3597 1221 3644 1272 οἱ
3674 1221 3731 1284 ἐξ

2167 1307 2398 1378 Ἰσραὴλ,
2428 1306 2561 1377 πρὸς
2599 1305 2692 1370 οὓς
2715 1306 2928 1378 εἴρηται
2952 1307 3040 1362 διὰ
3079 1312 3261 1379 φωνῆς
3294 1309 3389 1362 τοῦ
3417 1310 3692 1381 προφήτου
3712 1329 3724 1341 ·

2160 1418 2178 1451 ι
2229 1401 2393 1452 Ὅταν
2429 1402 2525 1464 τὰς
2557 1403 2743 1471 χεῖρας
2779 1399 2934 1470 ὑμῶν
2963 1401 3240 1470 ὲκτείνητε
3276 1401 3413 1470 πρός
3461 1418 3548 1470 με,
3596 1402 3726 1455 ἀπο-

2155 1485 2372 1556 στρέψω
2394 1487 2518 1549 τοὺς
2552 1486 2864 1557 ὀφθαλμούς
2893 1503 2996 1556 μου
3029 1487 3122 1555 ἀφ’
3157 1487 3328 1558 ὑμῶν,
3354 1489 3446 1541 καὶ
3470 1489 3562 1542 ἐὰν
3595 1489 3726 1559 πλη-

2153 1576 2345 1648 θύνητε
2371 1577 2468 1649 τὴν
2505 1579 2709 1648 δέησιν,
2749 1579 2846 1632 οὐκ
2874 1580 3266 1650 εἰσακούσομαι
3304 1582 3478 1652 ὑμῶν.
3518 1584 3580 1636 Αἰ
3618 1584 3726 1656 γὰρ

2152 1673 2330 1741 χεῖρες
2361 1669 2513 1740 ὑμῶν
2535 1671 2762 1741 αἵματος
2787 1671 3036 1740 πλήρεις,
3071 1692 3088 1724 ›
3131 1673 3478 1726 Ἀπέκτειναν
3504 1673 3613 1745 γὰρ
3636 1675 3724 1727 τὸν

476 1763 697 1833 sanguis
725 1762 910 1817 Abelis
937 1763 1004 1816 θ’.
1043 1781 1060 1811 ι
1098 1760 1238 1814 Illud
1275 1776 1408 1814 vero
1457 1759 1622 1814 etiam
1655 1759 1724 1813 iis
1757 1773 1877 1828 qua:
1904 1756 2043 1811 dicta

2149 1761 2257 1814 τῶν
2284 1761 2420 1815 ὅλων
2443 1761 2666 1830 Κύριον,
2691 1764 2785 1815 καὶ
2808 1763 3203 1834 τετολμήκασιν
3230 1767 3403 1818 εἰπεῖν
3431 1766 3495 1818 ἐκ
3527 1765 3723 1837 πολλῆς

474 1864 603 1910 sunt
642 1854 1010 1926 adjiciendum
1038 1860 1172 1923 puto
1217 1870 1229 1905 :
1271 1871 1289 1903 ι
1328 1852 1620 1920 Postquam
1645 1850 1814 1915 enim,
1849 1848 2045 1919 inquit.

474 1953 724 1999 mortuus
749 1952 833 1998 est
875 1942 1043 2006 Abel,
1081 1941 1335 2012 cognovit
1384 1939 1555 1994 Adam
1604 1939 1772 1993 Evam
1821 1954 2047 1993 uxorem

472 2052 624 2090 suam
651 2076 664 2100 ,
693 2044 749 2090 et
773 2034 1090 2104 concipiens
1136 2032 1351 2104 peperit
1398 2031 1590 2095 lilium,
1626 2038 1682 2085 et
1713 2032 1928 2085 vocavit
1952 2047 2049 2086 no-

471 2141 596 2180 men
621 2127 740 2197 ejus
769 2125 933 2189 Seth,
976 2124 1203 2179 dicens:
1237 2122 1532 2177 Suscitavit
1565 2121 1710 2176 enim
1736 2121 1872 2174 mihi
1905 2121 2048 2176 Deus

469 2233 658 2272 semen
707 2217 857 2272 aliud
906 2231 1008 2286 pro
1063 2215 1240 2279 Abel,
1296 2229 1459 2283 quem
1498 2213 1700 2267 occidit
1740 2212 1875 2267 Cain
1906 2211 1970 2265 “.
2019 2231 2037 2262 ι

469 2314 673 2368 Deinde
697 2313 860 2382 paulo
881 2320 1040 2381 post:
1067 2329 1086 2361 ι
1111 2309 1256 2365 Vixit
1288 2318 1492 2372 autem,
1528 2327 1545 2359 ι
1587 2307 1784 2376 inquit,
1828 2325 1844 2356 ι
1873 2306 2042 2360 Adam

467 2405 735 2460 ducentos
785 2413 842 2459 et
867 2402 1086 2473 triginta
1107 2416 1311 2464 annos,
1343 2407 1399 2454 et
1427 2400 1782 2470 genuitjuxta
1805 2399 2041 2469 speciem

467 2493 662 2564 ipsius,
697 2501 754 2547 et
777 2494 932 2564 juxta
967 2490 1255 2560 imaginem
1292 2489 1482 2559 ipsius,
1511 2495 1566 2543 et
1587 2488 1804 2543 vocavit
1841 2503 2041 2542 nomen

463 2585 585 2656 ejus
619 2584 832 2640 Seth“.
860 2603 878 2636 ι
913 2583 1046 2638 Vide
1079 2582 1264 2651 itaque
1292 2580 1439 2650 quod
1461 2588 1586 2650 post
1616 2580 1829 2634 obitum
1853 2580 2042 2634 Abelis

463 2676 778 2732 simillimus
817 2675 898 2741 ei,
929 2676 1023 2746 qui
1071 2673 1140 2729 ad
1182 2673 1475 2744 imaginem
1522 2687 1586 2727 ac
1620 2672 2040 2728 similitudinem

463 2770 557 2825 Dei
586 2769 763 2825 factus
811 2777 962 2832 erat,
997 2767 1102 2821 hoc
1146 2775 1231 2820 est
1282 2765 1508 2829 Adamo,
1543 2765 1786 2819 nascitur
1819 2779 2038 2819 rursum

465 2859 606 2913 filius
641 2857 794 2912 Seth.
819 2857 1114 2925 Postquam
1144 2854 1288 2909 enim
1319 2853 1622 2908 secundum
1650 2868 1869 2908 carnem
1889 2868 2039 2908 mor-

465 2957 592 3002 tuus
615 2955 699 3002 est
716 2946 1040 3000 Emmanuel
1062 2986 1077 3010 ,
1121 2945 1270 3000 aliud
1298 2944 1480 3000 statim
1509 2951 1693 2998 ortum
1727 2952 1814 2998 est
1847 2958 2034 2998 semen

461 3040 688 3104 Adamo,
722 3053 1039 3108 supremam
1082 3037 1138 3091 in
1170 3037 1350 3107 seipso
1381 3035 1580 3091 divina:
1613 3033 1863 3106 imaginis
1907 3034 2031 3104 pul-

460 3130 832 3186 chritudinem
862 3127 1211 3183 lucrifaciens
1242 3145 1254 3179 :
1287 3146 1304 3178 ι
1340 3125 1731 3180 Transformati
1761 3125 1910 3179 enim
1941 3139 2036 3178 su-

463 3239 584 3278 mus
612 3223 668 3276 in
690 3219 970 3276 Christum
1000 3234 1096 3288 per
1129 3217 1382 3288 Spiritum
1413 3216 1700 3272 credentes
1729 3216 1794 3270 ⁸³.
1829 3235 1846 3266 ι
1877 3214 2034 3282 Quod

460 3321 642 3370 autem
672 3313 760 3367 bis
808 3312 976 3366 veluti
1022 3310 1176 3364 radix
1207 3309 1454 3380 quaxdam
1485 3308 1701 3378 generis
1729 3316 1786 3362 et
1821 3307 2035 3362 occasio

457 3401 664 3456 Christi
717 3415 866 3456 mors
932 3399 1131 3464 fuerit,
1195 3399 1427 3468 ipsemet
1479 3405 1732 3462 testatur,
1781 3397 1972 3451 dicens
2018 3415 2030 3450 :

468 3512 485 3544 ι
528 3493 723 3558 Amen,
769 3508 929 3547 amen
973 3491 1098 3546 dico
1127 3489 1282 3546 vobis
1314 3509 1326 3544 :
1359 3490 1472 3545 Nisi
1501 3505 1729 3561 granum
1771 3488 2032 3543 frumenti

459 3585 661 3640 cadens
681 3585 736 3639 in
753 3593 952 3639 terram
969 3591 1244 3638 mortuum
1258 3581 1625 3652 fuerit,ipsum
1637 3581 1810 3636 solum
1830 3590 2032 3648 manet;

459 3679 507 3734 si
531 3693 662 3734 vero
699 3684 973 3734 mortuum
998 3676 1186 3742 fuerit,
1208 3676 1441 3730 multum
1464 3674 1701 3730 fructum
1731 3673 1910 3729 affert.
1935 3674 1981 3705 ⁸⁸
2008 3692 2026 3725 ι

457 3768 688 3836 Quando
715 3769 880 3840 igitur
898 3768 1097 3824 cecidit
1124 3767 1178 3821 in
1202 3774 1405 3822 terram
1427 3765 1596 3820 veluti
1613 3779 1839 3835 granum
1858 3763 2034 3832 quod-

458 3862 604 3927 dam,
629 3861 802 3916 instar
823 3861 1004 3932 spicae,
1029 3860 1312 3930 multiplex
1336 3866 1584 3913 exortum
1605 3867 1707 3921 est,
1742 3855 2034 3910 reformata

459 3951 514 4006 in
539 3951 657 4022 ipso
680 3951 918 4006 humana
948 3961 1144 4006 natura
1173 3948 1242 4003 ad
1270 3948 1501 4019 primam
1532 3947 1678 4000 illam
1713 3945 2028 4016 imaginem,

457 4042 522 4097 ad
546 4044 702 4113 cujus
720 4041 1134 4096 similitudinem
1154 4039 1366 4110 primus
1390 4038 1555 4093 homo
1582 4045 1800 4094 creatus
1832 4035 1954 4090 luit.

2147 1849 2286 1917 ἄγαν
2324 1850 2700 1921 ἀνοσιότητος,
2750 1872 2768 1904 ι
2818 1853 2892 1906 Τὸ
2927 1848 3066 1924 αἷμα
3095 1854 3259 1907 αὐτοῦ
3299 1855 3385 1922 ἐφ’
3425 1857 3604 1927 ἡμᾶς,
3629 1857 3723 1909 καὶ

2147 1940 2239 1992 ἐπὶ
2267 1939 2336 1993 τὰ
2360 1941 2526 1994 τέκνα
2550 1942 2727 2012 ἡμῶν.
2773 1961 2792 1993 ι
2852 1943 3015 1996 Ἀλλὰ
3044 1945 3104 1998 τὸ
3136 1945 3232 2015 μὲν
3259 1940 3398 2016 αἷμα
3430 1945 3524 1999 τοῦ
3558 1946 3724 2000 ’Λῦελ

2149 2031 2307 2102 μόνον
2339 2033 2478 2104 τάχα
2499 2052 2600 2087 που
2632 2037 3038 2108 κατακεκράγει
3061 2037 3156 2090 τοῦ
3180 2036 3460 2108 φονευτοῦ·
3488 2038 3550 2091 τὸ
3572 2039 3628 2092 δέ
3658 2055 3722 2107 γε

2144 2123 2324 2192 τίμιον
2358 2121 2497 2195 αἷμα
2539 2126 2631 2178 τοῦ
2672 2127 2910 2198 Χριστοῦ
2947 2129 3329 2199 κατακέκραγε
3373 2129 3472 2198 μὲν
3501 2131 3596 2183 καὶ
3623 2131 3724 2200 τῆς

2143 2215 2250 2267 τῶν
2289 2215 2553 2269 Ἰουδαίων
2573 2216 2854 2287 ὠμότητος
2881 2219 2973 2271 καὶ
2995 2219 3342 2288 ἀχαριστίας-⁸
3371 2218 3532 2288 ἐξῆρε
3553 2219 3610 2271 δὲ
3632 2219 3725 2271 τὸν

2144 2300 2348 2370 κόσμον
2367 2302 2462 2371 τῆς
2487 2303 2778 2375 ἁμαρτίας,
2805 2304 2879 2367 ὡς
2906 2305 3202 2373 κεχυμένον
3225 2306 3363 2375 ὑπὲρ
3388 2304 3573 2358 αὑτοῦ.
3604 2306 3719 2358 Τοι-

2142 2388 2333 2459 γάρτοι
2360 2391 2523 2460 φησὶν
2547 2393 2574 2444 ὁ
2599 2392 2877 2455 Θεσπέσιος
2903 2393 3126 2457 Παῦλοςσ
3165 2413 3183 2444 ι
3221 2393 3546 2466 Προσελθεῖν
3569 2395 3718 2465 ἡμᾶς

2140 2482 2265 2545 τοὺς
2304 2483 2362 2536 ἐν
2405 2483 2582 2535 πίστει
2634 2483 3112 2554 δεδικαιωμένους,
3157 2484 3389 2554 αἵματος
3437 2485 3718 2556 ῥαντισμῴ

2141 2574 2386 2643 κρεῖττον
2431 2572 2674 2626 λαλοῦντι
2721 2574 2877 2644 παρά
2907 2573 2997 2626 τὸν
3047 2574 3234 2628 Ἅϐελ.
3266 2593 3284 2626 ι
3340 2575 3548 2646 Πρέποι
3578 2573 3622 2626 δ’
3652 2574 3718 2628 ἂν

2139 2665 2379 2730 κάκεῖνο,
2398 2659 2572 2736 οἶμαι,
2589 2668 2700 2729 τοῖς
2721 2667 3030 2737 εἰρημένοις
3052 2667 3388 2736 ἐπενεγκεῖν.
3403 2686 3421 2718 ι
3435 2664 3590 2720 Μετά
3613 2665 3720 2736 γάρ

2137 2774 2220 2810 τοι
2249 2756 2308 2810 τὸ
2329 2757 2667 2823 ὲκτεθνάναι,
2693 2759 2824 2829 φησὶ
2844 2799 2858 2822 ,
2885 2759 2974 2811 τὸν
3000 2759 3187 2824 Ἅϐελ,
3218 2759 3359 2828 ἔγνω
3387 2759 3557 2829 ’Δδᾶμ
3577 2758 3720 2811 Εὕαν

2136 2848 2235 2918 τὴν
2263 2851 2496 2916 γυναῖκα
2529 2849 2692 2902 αὑτοῦ
2715 2889 2729 2912 ,
2757 2849 2852 2902 καὶ
2892 2849 3230 2903 συλλαϐοῦσα
3258 2850 3442 2902 ἔτεκεν
3466 2848 3600 2914 υἱὸν⁹
3625 2849 3719 2902 καὶ

2136 2939 2458 3009 ἐπωνόμασε
2480 2940 2541 2992 τὸ
2562 2939 2732 3010 ὄνομα
2752 2939 2914 2992 αὑτοῦ
2929 2940 3058 3009 Σὴθ,
3077 2940 3330 3007 λέγουσα·
3361 2941 3718 3012 Ἐξανέστησε

2136 3029 2246 3101 γάρ
2281 3047 2370 3099 μοι
2410 3032 2438 3082 ὁ
2474 3030 2603 3093 Θεὸς
2650 3030 2872 3102 σπέρμα
2911 3029 3100 3100 ἕτερον
3141 3031 3263 3084 ἀντὶ
3289 3031 3473 3096 Ἀϐελ,
3525 3033 3586 3087 ὃν
3620 3034 3720 3086 ἀπο

2141 3121 2347 3175 έκτεινε
2369 3121 2527 3176 Κὰῖν.
2555 3141 2572 3173 ι
2592 3117 2724 3174 Εἶτα
2754 3120 2870 3192 μεθ’
2899 3120 3082 3193 ἔτερα·
3124 3122 3361 3194 «Ἔζησε
3391 3123 3469 3188 δὲ,
3489 3148 3508 3182 ι
3531 3125 3715 3195 φησὶν,

2147 3211 2350 3282 «Ἀδὰμ
2371 3214 2664 3284 τριάκοντα
2686 3214 2779 3266 καὶ
2798 3214 3042 3268 διακόσια
3056 3215 3172 3285 ἔτη·
3192 3215 3283 3267 καὶ
3305 3215 3556 3285 ἐγέννησε
3581 3214 3718 3268 κατὰ

2139 3304 2239 3375 τὴν
2282 3303 2426 3357 ἰδέαν
2461 3303 2662 3372 αὐτοῦ,
2707 3305 2802 3357 καὶ
2830 3305 2970 3358 κατὰ
3013 3307 3112 3375 τὴν
3151 3306 3334 3358 εἰκόνα
3377 3305 3577 3371 αὑτοῦ,
3623 3307 3718 3358 καὶ

2139 3400 2463 3471 ἐπωνόμασε
2486 3399 2546 3453 τὸ
2586 3401 2754 3471 ὄνομα
2787 3400 2950 3452 αὐτοῦ
2991 3400 3120 3470 Σήθ.
3153 3419 3171 3452 ι
3221 3400 3411 3472 Ἀθρει
3432 3400 3495 3471 δὴ
3519 3382 3612 3454 οῦν
3634 3401 3713 3453 ὅτι

2143 3491 2280 3564 μετὰ
2298 3492 2388 3545 τὸν
2411 3491 2576 3544 Ἅϐελ
2596 3491 2843 3554 θάνατον,
2868 3492 3270 3564 ἐμφερέστατος
3289 3493 3366 3563 τῷ
3391 3493 3509 3546 κατ’
3532 3494 3716 3546 εἰκόνα

2141 3585 2235 3637 καὶ
2275 3583 2534 3654 ὁμοίωσιν
2573 3581 2740 3646 Θεοῦ,
2790 3583 3037 3635 τουτέστι
3095 3583 3172 3654 τῷ
3227 3584 3430 3654 Ἀδὰμ,
3474 3585 3715 3638 τίκτεται

2143 3673 2302 3726 πάλιν
2339 3674 2452 3734 υίὸς
2487 3671 2616 3743 Σήθ.
2660 3673 2812 3726 Μετᾶ
2854 3673 2962 3744 γάρ
2998 3690 3080 3726 τοι
3127 3674 3187 3726 τὸ
3232 3674 3523 3728 ἀποθανεῖν
3574 3675 3715 3728 κατὰ

2141 3763 2320 3832 σάρκα
2341 3763 2431 3814 τὸν
2466 3761 2832 3832 Ἐμμανουὴλ,
2863 3762 3047 3833 ἕτερον
3088 3763 3250 3828 εὐθὺς
3281 3765 3452 3834 ἀνέφυ
3495 3765 3714 3837 σπέρμα

2137 3852 2214 3923 τῷ
2249 3852 2441 3922 Ἀδὰμ,
2475 3852 2880 3906 καταπλουτοῦν
2906 3856 2962 3908 ὲν
3000 3853 3178 3924 ἑαυτῷ
3203 3855 3301 3925 τῆς
3329 3855 3479 3919 θείας
3511 3857 3717 3919 εἰκόνος

2135 3944 2196 3997 τὸ
2221 3945 2522 4013 ὑπέρτατον
2546 3943 2762 4007 κάλλος’
2789 3963 2808 3996 ι
2837 3946 3322 4017 Ἀναμορφούμεθα
3358 3949 3467 4019 γὰρ
3487 3949 3716 4018 εἱςΧρι-

2138 4034 2263 4088 στὸν
2299 4035 2388 4088 διὰ
2413 4035 2722 4106 πνεύματος
2750 4035 2800 4089 οἱ
2820 4037 3188 4102 πιστεύοντες.
3221 4058 3240 4091 ι
3270 4039 3393 4093 Ὅτι
3432 4039 3488 4092 δὲ
3511 4039 3719 4103 τούτοις

454 4133 644 4202 γένους
668 4132 791 4202 ῥίζα
815 4150 898 4195 τις
917 4131 1104 4202 ὥσπερ
1125 4131 1218 4182 καὶ
1239 4130 1510 4200 πρόφασις
1529 4133 1556 4183 ό
1579 4129 1816 4200 Χριστοῦ
1842 4129 2030 4197 γέγονε
2067 4126 2316 4192 θάνατος,
2341 4127 2502 4192 αὐτὸς
2521 4127 2680 4182 τοῦτο
2717 4129 3050 4185 πιστώσεται
3109 4131 3302 4200 λέγων’
3325 4147 3346 4181 ι
3366 4128 3718 4204 ’Δμὴν,ἀμὴν

453 4224 597 4292 λέγω
631 4225 781 4294 ύμῖν·
818 4221 914 4276 ἐὰν
965 4221 1040 4293 μὴ
1079 4222 1106 4274 ό
1146 4221 1344 4284 κόκκος
1377 4219 1471 4273 τοῦ
1522 4221 1669 4274 σίτου
1719 4220 2028 4282 πεσὼνέἰς
2062 4221 2161 4290 τὴν
2207 4221 2313 4289 γῆν
2377 4220 2660 4293 ἀποθάνῃ,
2708 4219 2870 4287 αὐτὸς
2906 4223 3065 4294 μόνος
3111 4224 3291 4296 μένει·
3325 4223 3423 4279 ἐὰν
3460 4225 3518 4280 δὲ
3576 4229 3716 4280 ἀπο-

456 4319 624 4392 θάνῃ,
667 4317 833 4372 πολὺν
868 4317 1079 4386 καρπὸν
1103 4315 1278 4386 φέρει.
1325 4336 1343 4369 ι
1369 4316 1497 4368 Ὅτε
1548 4315 1726 4368 τοίνυν
1779 4315 2070 4368 πέπτωκεν
2107 4312 2196 4368 οἷά
2232 4334 2318 4379 τις
2359 4317 2558 4381 κόκκος
2596 4321 2676 4382 εἰς
2728 4321 2854 4390 γῆν,
2899 4322 3165 4390 ἀστάχυος
3201 4321 3376 4391 δίκην,
3428 4321 3720 4385 πολλοστὸς

455 4413 622 4480 ἀνέφυ
647 4449 662 4473 ,
709 4409 806 4480 τῆς
851 4405 1141 4476 ἀνθρώπου
1187 4405 1400 4476 φύσεως
1447 4404 1926 4475 ἀναπλαττομένης
1969 4404 2026 4454 ὲν
2066 4405 2234 4472 αὐτῷ,
2261 4406 2394 4478 πρὸς
2419 4407 2517 4478 τὴν
2557 4409 2614 4460 ἐν
2659 4410 2857 4480 ἀρχαῖς
2917 4411 3135 4474 εἰκόνα,
3170 4410 3293 4464 καθ’
3340 4411 3407 4482 ἢν
3441 4413 3469 4465 ό
3497 4412 3712 4481 πρῶτος

454 4501 676 4569 γέγονεν
705 4499 1009 4568 ἄνθρωπος.

522 4592 575 4644 4.
615 4589 809 4660 Operae
852 4587 1089 4658 pretium
1135 4601 1266 4641 vero
1303 4584 1468 4640 fuerit
1501 4584 1815 4656 progeniem
1857 4587 2024 4640 etiam

2199 4584 2262 4639 δ’.
2296 4587 2476 4651 Ἄξιον
2497 4587 2553 4640 δὲ
2576 4589 2670 4641 καὶ
2697 4589 2756 4641 τὸ
2776 4589 2833 4654 ἐξ
2851 4589 3052 4659 ἀμφοῖν
3069 4591 3101 4660 ἠ
3109 4591 3214 4659 μᾶς
3235 4591 3705 4662 πολυπραγμονεῖς.

455 4682 742 4750 utriusque
789 4679 1088 4749 inquirere,
1116 4676 1293 4741 Caini,
1331 4677 1571 4746 inquam,
1603 4684 1660 4730 et
1692 4676 1842 4732 Seth.
1893 4677 2028 4731 Nam

451 4772 614 4825 etiam
667 4769 795 4824 inde
842 4768 1054 4839 aliquid
1099 4768 1351 4823 utilitatis
1399 4767 1557 4822 nobis
1592 4767 1904 4822 accesserit.
1951 4769 2030 4823 Ita

449 4880 584 4920 vero
647 4861 913 4932 scriptum
969 4870 1053 4914 est
1082 4877 1096 4912 :
1129 4879 1147 4911 ι
1191 4859 1260 4914 Et
1311 4859 1564 4929 cognovit
1611 4859 1744 4915 Cain
1800 4873 2026 4914 uxorem

451 4971 628 5020 suam,
669 4960 726 5010 et
762 4950 1080 5022 concipiam
1127 4951 1342 5022 peperit
1386 4950 1553 5011 Enos.
1593 4959 1650 5005 et
1692 4959 1814 5006 erat
1852 4950 2026 5006 aedili-

451 5062 582 5103 cans
629 5046 846 5109 urbem,
893 5051 950 5097 et
997 5041 1402 5112 cognominavit
1434 5041 1626 5096 urbem
1663 5043 1882 5098 nomine
1928 5041 2027 5098 filii

451 5136 534 5190 sui
568 5135 777 5191 Euoch.
827 5131 1032 5190 Genuit
1075 5139 1256 5186 autem
1289 5130 1435 5185 Enos
1467 5129 1695 5196 Gaidad,
1723 5142 1780 5187 et
1819 5132 2024 5189 Gaidad

449 5226 641 5296 genuit
679 5225 938 5290 Maviael;
970 5231 1026 5278 et
1068 5222 1291 5278 Maviael
1335 5221 1522 5292 genuit
1558 5223 1936 5290 Mathusalem,
1971 5233 2028 5280 et

451 5315 802 5371 Mathusalem
829 5314 1018 5386 genuit
1049 5312 1311 5376 Lamech;
1340 5321 1396 5367 et
1424 5313 1636 5384 accepit
1662 5314 1766 5370 sibi
1789 5315 2022 5372 Lamech

450 5407 556 5478 22
581 5405 720 5461 duas
741 5417 962 5468 uxores,
981 5417 1179 5459 nomen
1203 5403 1296 5460 uni
1319 5403 1462 5470 Ada,
1486 5412 1543 5459 et
1559 5420 1754 5460 nomen
1773 5407 2026 5464 secundae

452 5499 614 5553 Sella.
665 5497 811 5552 Dixi:
855 5506 1036 5551 autem
1081 5495 1317 5552 Lamech
1363 5497 1626 5553 uxoribus
1665 5498 1783 5556 suis
1818 5497 1933 5554 Ada
1968 5509 2025 5554 et

523 5615 566 5644 °°
593 5615 690 5668 lsa.
723 5630 780 5675 ιι,
815 5613 896 5667 15.
975 5614 1015 5644 ⁸¹
1053 5615 1241 5679 Matth.
1286 5617 1556 5682 xxvn,25.
1635 5620 1677 5652 "
1714 5619 1881 5674 Hebr.
1920 5636 2012 5683 xu,
2047 5619 2136 5676 21.

455 5683 498 5714 ⁸⁸
524 5684 679 5742 Joan.
711 5700 799 5749 xu,
828 5683 917 5737 2t.

2131 4676 2306 4743 γένος,
2343 4677 2403 4730 τό
2444 4695 2504 4730 τε
2542 4677 2636 4730 τοῦ
2678 4679 2815 4732 Κάῖν
2849 4680 2990 4750 φημὶ
3018 4681 3110 4732 καὶ
3138 4679 3231 4732 τοῦ
3268 4679 3397 4752 Σήθ⁶
3424 4681 3710 4750 περιέσται

2131 4767 2238 4840 γὰρ
2265 4769 2327 4840 δή
2360 4787 2412 4822 τι
2447 4768 2741 4823 κάντεῦθεν
2772 4771 2905 4840 ἡμῖν
2941 4770 3002 4822 τὸ
3029 4769 3214 4824 τελοῦν
3250 4773 3329 4834 είς
3367 4771 3570 4841 ὄνησιν
3612 4772 3708 4840 γέ·

2131 4877 2372 4932 γραπται
2417 4860 2474 4914 δὲ
2519 4861 2721 4924 οὓτωςο
2760 4879 2778 4912 ι
2821 4861 2928 4914 Καὶ
2965 4861 3105 4930 ἔγνω
3143 4863 3284 4916 Κάῖν
3327 4863 3426 4934 τὴν
3472 4865 3708 4930 γυναῖκα

2129 4951 2315 5016 αὑτοῦ,
2351 4952 2446 5005 καὶ
2474 4952 2811 5006 συλλαϐοῦσα
2843 4951 2996 5006 ἔτεκε
3032 4953 3124 5006 τὸν
3169 4952 3334 5016 Ὲνὼς
3355 4994 3370 5019 ,
3406 4955 3500 5007 καὶ
3525 4949 3594 5026 ἦν
3633 4957 3711 5008 οἰ-

2129 5043 2372 5115 κοδομῶν
2403 5044 2577 5108 πόλιν,
2603 5046 2698 5099 καὶ
2725 5045 3044 5116 ἐπωνόμασε
3067 5046 3164 5118 τὴν
3195 5045 3349 5098 πόλιν
3371 5047 3462 5100 ἐπὶ
3492 5045 3568 5116 τῷ
3594 5047 3708 5100 ὀνό-

2132 5152 2264 5205 ματι
2291 5135 2386 5188 τοῦ
2415 5135 2532 5189 υἱοῦ
2557 5136 2722 5190 αὐτοῦ
2761 5134 2946 5200 Ἐνώς.
2989 5138 3278 5210 Ἐγεννήθη
3309 5139 3367 5194 δὲ
3397 5138 3474 5210 τῷ
3519 5138 3704 5201 Ἐνώς,

2128 5225 2356 5289 ruma,
2385 5226 2481 5279 xui
2509 5226 2705 5280 Γαῖδάδ
2734 5227 2992 5300 ἐγέννησε
3025 5230 3116 5283 τὸν
3142 5232 3415 5288 Μαουῖαν.
3449 5233 3557 5286 Καὶ
3588 5233 3707 5286 Μα-

2127 5316 2279 5379 ουῖας
2305 5316 2563 5388 ἐγέννησε
2583 5317 2672 5372 τὸν
2695 5319 3048 5385 Μαθουσάλα,
3075 5324 3167 5376 καὶ
3195 5323 3527 5379 Μαθουσάλα
3555 5323 3707 5392 ἐγέν-

2124 5423 2254 5476 νησε
2279 5406 2370 5461 τὸν
2395 5406 2604 5478 Λάμεχ,
2631 5411 2726 5463 καὶ
2749 5409 2941 5464 ἐλαϐεν
2968 5413 3145 5484 ἑαυτῷ
3171 5415 3362 5486 Λάμεχ
3393 5414 3486 5468 δύο
3518 5417 3699 5482 γυναῖο

2126 5515 2247 5563 καςο
2279 5498 2449 5570 ὄνομα
2471 5499 2528 5554 δὲ
2554 5501 2656 5572 μιᾷ
2687 5500 2834 5567 Ἀδὰ,
2857 5504 2950 5558 καὶ
2968 5503 3136 5577 ὄνομα
3160 5509 3223 5578 τῇ
3255 5506 3484 5576 δευτέρᾳ
3513 5505 3702 5558 Σελλά.

2236 5621 2280 5654 ⁸³
2313 5619 2448 5677 Gen.
2477 5637 2548 5685 Iv,
2579 5621 2668 5677 25.
2735 5622 2782 5655 ⁸⁸
2807 5622 2943 5680 Gen.
2979 5644 3031 5691 γ,
3061 5627 3111 5679 5.
3193 5625 3280 5678 "l
3309 5624 3434 5679 Cor.
3476 5638 3570 5689 xu,
3612 5623 3701 5680 27.
