4050 6210
342 278 409 338 t5
1392 266 1906 334 CLAPHYRORUM
1947 277 2013 332 IN
2051 274 2348 334 GENESIM
2388 264 2513 333 [ιιι.
2557 278 2595 332 ι.
3523 262 3590 327 tt;

340 399 474 455 εἶπε
524 399 585 454 δὲ
630 400 877 467 γυναιῇν
923 396 1046 471 Ἀδᾷ
1093 400 1186 454 καὶ
1230 400 1416 471 Σελλᾴ·
1487 400 1778 454 Ἀκούσατε
1821 401 1921 470 τῆς

2022 401 2164 455 Sella
2205 419 2217 453 :
2252 399 2451 455 Audite
2477 406 2665 455 vocem
2701 414 2898 462 meam,
2933 414 3126 452 uxores
3159 388 3414 464 Lamecb,
3442 399 3589 454 attri-

340 492 526 563 φωνῆς
564 509 669 561 μου
692 532 707 553 ,
752 494 1009 560 γυναῖκες
1039 492 1229 562 Λάμεχ
1248 507 1261 521 ·
1289 492 1615 546 ὲνωτίσασθέ
1659 509 1761 561 μου
1792 490 1919 554 τοὺς

332 572 548 652 λόγους·
583 584 667 637 ὅτι
709 583 878 652 ἄνδρα
912 584 1207 638 ἀπέκτεινα
1248 587 1329 649 εἰς
1368 583 1591 656 τραῦμα
1634 585 1777 651 ἐμοὶ,
1827 565 1919 639 καὶ

337 674 624 726 νεανῐσκον
652 673 733 736 είς
766 673 1011 743 μώλωπα
1037 674 1178 744 ἐμοί’
1211 675 1293 728 ὅτι
1316 675 1545 739 ἑπτάκις
1579 673 1920 745 ὲκδεδίκηται

337 765 401 815 ἑκ
424 763 589 823 Κὰῖν,
618 764 684 816 ἐκ
710 758 770 816 δὲ
793 763 984 835 Λάμεχ
1013 764 1473 837 ἑϐδομηκοντάκις
1496 768 1655 821 ἑπτά.
1688 785 1707 819 ι
1736 768 1919 836 Ἔχεις

338 857 398 906 ὲν
428 854 641 917 τούτοις
685 856 786 925 τῆς
824 858 886 909 ὲκ
921 857 1062 910 Κάῖν
1110 857 1458 926 τεκνολογίας
1493 859 1640 929 σαφῆ
1677 858 1775 931 τὴν
1813 860 1918 927 ἁφ-

341 950 559 1017 ήγησινο
597 948 797 1019 ἴδωμεν
822 950 918 1002 καὶ
945 950 1029 1013 τίς
1061 944 1128 1020 ἦν
1158 950 1192 1019 ἠ
1228 946 1335 1002 ἀπὸ
1368 949 1499 1021 Σήθ.
1523 950 1833 1022 Γέγραπται
1864 950 1921 1003 δὲ

343 1037 506 1090 πάλιν
539 1034 734 1100 οὕτως’
779 1054 798 1088 ε
843 1031 1045 1107 Ἔζησε
1084 1038 1141 1092 δὲ
1173 1039 1283 1108 Σὴθ
1327 1040 1490 1093 πέντε
1532 1040 1625 1093 καὶ
1667 1040 1919 1093 διακόσια

346 1126 465 1197 ἔτη,
497 1128 587 1180 καὶ
615 1127 770 1181 ἔτεκε
797 1129 891 1183 τὸν
922 1129 1109 1194 Ἐνώς·
1142 1148 1162 1181 ι
1200 1132 1326 1201 περὶ
1344 1123 1406 1183 οὗ
1427 1122 1487 1185 16
1514 1131 1657 1203 ἱερὸν
1683 1127 1919 1202 Γράμμα

345 1218 500 1289 φησί·
531 1238 550 1271 ε
580 1212 750 1282 Οὗτος
781 1218 1008 1291 ἧλπισεν
1031 1222 1410 1276 ἐπικαλεῖσθαι
1434 1221 1495 1275 16
1522 1221 1690 1292 ὄνομα
1718 1220 1921 1291 Κυρίου

340 1310 437 1364 τοῦ
470 1310 628 1365 Θεοῦ.
667 1329 686 1363 ι
719 1312 831 1366 Καὶ
864 1312 1115 1380 ἐγένοντο
1143 1306 1314 1367 πᾶσαι
1343 1314 1398 1368 αἱ
1428 1313 1631 1385 ἡμέραι
1661 1308 1791 1383 Σὴθ,
1822 1310 1923 1364 δώ-

340 1402 479 1455 δεκα
510 1403 605 1456 καὶ
633 1402 921 1455 ἐννακόσια
962 1402 1057 1475 ἔτη
1081 1445 1096 1459 .
1138 1405 1231 1457 καὶ
1278 1404 1536 1457 ἀπέθανε.
1582 1403 1692 1456 Καὶ
1730 1402 1923 1471 ἔζησεν

357 1489 527 1553 Ἐνὼς
569 1491 661 1561 ἔτη
711 1488 905 1545 ἑκατὸν
953 1493 1337 1564 ἐννενήκοντα,
1380 1494 1473 1547 καὶ
1526 1492 1783 1563 ἐγέννησε
1830 1491 1923 1547 τὸν

345 1581 578 1633 Καῖναψ
620 1581 716 1633 καὶ
747 1581 993 1648 ἐγένοντο
1019 1580 1191 1635 πᾶσαι
1237 1583 1293 1635 αἱ
1322 1582 1526 1651 ἡμέραι
1573 1578 1736 1643 Ἐνὼς
1762 1579 1923 1632 πέντε

344 1672 442 1724 καὶ
475 1672 762 1725 ἐννακόσια
790 1671 883 1744 ἔτη
907 1713 922 1737 ,
961 1674 1055 1727 καὶ
1098 1671 1357 1726 ἀπέθανε.
1387 1671 1497 1726 Καὶ
1526 1666 1687 1741 ἔζησε
1714 1668 1922 1723 Καϊνὰν

2019 491 2122 546 bus
2160 493 2423 562 percipite
2464 506 2748 546 sermones
2793 505 2942 544 meos
2980 507 2991 543 :
3026 489 3152 560 quia
3197 489 3373 543 virum
3409 491 3587 544 occidi

2019 581 2073 635 in
2105 584 2302 638 vulnus
2342 582 2496 647 mihi,
2533 592 2591 637 et
2632 580 3037 637 adolescentem
3075 581 3130 635 in
3158 581 3385 635 livorem
3431 580 3585 644 mihi,

2017 674 2144 745 quia
2192 674 2393 745 septies
2442 674 2777 730 vindicatum
2823 683 2906 728 est
2944 688 3011 727 ex
3047 671 3203 737 Cain,
3236 688 3303 728 ex
3352 672 3586 727 Lantech

2019 776 2201 822 autem
2246 767 2557 838 septuagies
2602 766 2804 838 septies
2836 766 2901 819 ".
2941 783 2959 817 ι
2993 764 3176 822 Habes
3213 765 3266 818 in
3298 764 3385 819 his
3411 764 3585 818 mani-

2017 857 2211 912 festam
2246 857 2480 913 llliorum
2509 870 2573 914 ac
2606 857 2886 929 progeniei
2914 854 3049 912 Cain
3079 857 3467 911 narrationem.
3492 855 3586 909 Vi-

2019 947 2244 1004 deamus
2295 958 2479 1005 autem
2525 950 2690 1005 etiam
2738 940 2868 1003 Seth
2920 947 3258 1018 progeniem.
3310 938 3586 1015 Scriptum

2019 1044 2201 1097 autem
2236 1051 2320 1098 est
2356 1058 2548 1098 rursus
2579 1056 2592 1095 :
2627 1061 2645 1093 ι
2674 1036 2822 1098 Vixit
2862 1049 3043 1095 autem
3074 1034 3207 1095 Selh
3243 1039 3510 1093 ducentos
3535 1047 3590 1092 ct

2020 1126 2261 1205 quinque
2307 1149 2500 1198 annos,
2531 1140 2588 1190 et
2623 1133 2811 1205 genuit
2842 1132 2989 1187 Enos
3012 1131 3077 1184 ⁸⁸.
3110 1149 3128 1183 ι
3174 1133 3249 1185 De
3289 1146 3400 1201 quo
3435 1146 3588 1184 sacra

2021 1225 2302 1295 Scriptura
2349 1225 2568 1295 inquit:
2610 1244 2627 1276 ι
2663 1224 2763 1280 Hic
2812 1221 3055 1294 speravit
3096 1220 3340 1277 invocari
3368 1217 3589 1276 nomine

2021 1314 2235 1369 Domini
2257 1314 2352 1369 Dei
2378 1306 2463 1369 ⁸⁸⁸.
2498 1334 2516 1366 ι
2549 1346 2619 1355 -
2651 1334 2669 1367 ε
2696 1308 2765 1370 Et
2788 1314 2911 1369 facti
2943 1322 3069 1369 sunt
3098 1328 3290 1368 omnes
3315 1312 3434 1367 dies
3457 1311 3588 1366 Seth

2020 1405 2308 1460 duodecim
2335 1412 2391 1462 et
2412 1407 2671 1478 nongenti
2704 1407 2854 1472 anni,
2877 1415 2932 1461 et
2957 1413 3208 1460 mortuus
3233 1412 3335 1458 est.
3366 1404 3434 1458 Et
3458 1405 3593 1458 vixit

2022 1485 2168 1550 Enos
2213 1504 2385 1552 annos
2431 1506 2649 1553 centum
2693 1498 3006 1568 nonaginta,
3042 1507 3098 1552 et
3139 1495 3330 1567 genuit
3362 1494 3589 1557 Cainan,

2021 1594 2079 1642 et
2112 1586 2236 1642 facti
2274 1596 2400 1643 sunt
2439 1600 2631 1643 omnes
2658 1587 2777 1643 dies
2811 1589 2957 1643 Enos
2984 1588 3226 1658 quinque
3253 1597 3309 1643 et
3333 1588 3592 1658 nongenti

2022 1675 2172 1739 anni,
2205 1685 2260 1730 et
2307 1685 2556 1732 mortuus
2595 1684 2697 1731 est.
2742 1674 2811 1731 Et
2852 1675 2988 1729 vixit
3025 1675 3229 1731 Cain'an
3274 1686 3494 1735 centum
3538 1686 3595 1730 et

346 1762 720 1834 ἑϐδομήκοντα
746 1763 841 1836 ἐτη
871 1739 966 1819 καὶ
988 1764 1201 1828 ἑκατὸν,
1232 1765 1326 1819 καὶ
1354 1739 1719 1835 ὲγέννησεῖτὸν
1746 1761 1921 1815 Μαλε-

2022 1768 2361 1837 septuaginta
2391 1782 2581 1832 annos,
2604 1776 2660 1823 et
2684 1766 2873 1838 genuit
2896 1766 3199 1821 Malalehel.
3226 1761 3294 1821 Et
3316 1766 3442 1821 facti
3466 1778 3595 1821 sunt

341 1854 497 1926 λεήλ.
531 1856 641 1908 Καὶ
661 1856 921 1923 ἐγένοντο
937 1858 1107 1910 πᾶσαι
1137 1849 1194 1910 αἱ
1218 1856 1421 1928 ἡμέραι
1454 1854 1660 1909 Καϊνὰν
1678 1854 1807 1907 δέκα
1827 1851 1921 1922 ἐτη

344 1949 444 2001 καὶ
484 1950 772 2003 ἐννακόσια
793 1988 809 2013 ,
850 1948 946 2002 καὶ
988 1946 1244 2002 ἀπέθανε.
1294 1944 1406 2003 Καὶ
1441 1947 1601 2018 ἔζησε
1643 1942 1925 2014 Μαλελεὴλ

344 2038 511 2093 πέντε
539 2039 635 2094 καὶ
657 2041 923 2112 ἑξήκοντα
943 2041 1039 2094 καὶ
1070 2033 1261 2093 ἑκατὸν
1287 2039 1403 2105 ἔτη,
1430 2040 1524 2092 καὶ
1559 2036 1816 2107 ἐγέννησε
1834 2035 1924 2087 τὸν

353 2124 556 2200 Ὶὰρεδ.
585 2130 696 2183 Καὶ
728 2129 979 2199 ἐγένοντο
1002 2130 1167 2184 πᾶσαι
1201 2129 1260 2183 αἱ
1288 2127 1491 2199 ἡμέραι
1520 2124 1805 2197 Μαλελεὴλ
1829 2124 1924 2195 ἔτη

339 2221 508 2273 πέντε
539 2219 636 2273 καὶ
669 2222 1023 2291 ἐννενήκοντα
1059 2220 1155 2273 καὶ
1178 2216 1504 2278 ὀκτακόσια,
1537 2216 1633 2269 καὶ
1663 2214 1920 2269 ἀπέθανε.

342 2311 458 2364 Καὶ
485 2309 683 2380 ἔζησεν
719 2310 891 2381 Ίαρὲδ
917 2309 1011 2365 δύο
1039 2311 1131 2364 καὶ
1163 2310 1428 2381 ἑξήκοντα
1456 2307 1549 2379 ἐτη
1584 2308 1681 2362 καὶ
1706 2305 1921 2371 ἑκατὸν,

342 2398 442 2467 καὶ
477 2398 737 2468 ἐγέννησε
765 2401 853 2452 τὸν
893 2398 1093 2469 Ἑνώχ*
1123 2417 1142 2450 ι
1170 2395 1288 2452 εἶτά
1312 2412 1495 2467 φησιν·
1529 2416 1547 2449 t
1577 2396 1924 2467 Εὑηρέστησε

339 2489 403 2539 δὲ
448 2486 618 2558 Ἑνὼχ
645 2488 723 2559 τῷ
755 2488 893 2560 Θεῷ,
921 2490 1015 2543 καὶ
1047 2490 1145 2561 οὐχ
1182 2488 1498 2560 εὑρίσκετο,
1526 2486 1659 2540 διότι
1693 2485 1924 2558 μετέθη-

344 2595 446 2631 κεν
474 2579 641 2633 αὑτὸν
668 2582 696 2634 6
718 2580 870 2644 θεός.
898 2598 917 2631 ι
953 2580 1141 2652 Ἀθρει
1167 2580 1232 2648 δὴ
1259 2578 1370 2642 οὖν,
1400 2579 1492 2632 καὶ
1515 2579 1619 2650 πρό
1638 2594 1702 2646 γε
1724 2577 1791 2648 δὴ
1817 2578 1924 2631 τῶν

340 2669 546 2733 ἄλλων,
574 2668 650 2732 ὼς
680 2666 1041 2739 όνομάζονταῖ
1073 2670 1168 2740 μὲν
1211 2672 1258 2723 οἱ
1297 2672 1360 2723 ὲκ
1401 2669 1564 2731 Κάῖν,
1610 2669 1706 2721 καὶ
1746 2670 1776 2721 6
1824 2669 1925 2738 τῆς

336 2759 454 2814 τῶν
482 2760 659 2829 γενῶν
693 2760 940 2831 διαδοχῆς
972 2761 1128 2830 ἕρπει
1161 2760 1338 2828 λόγος.
1365 2760 1440 2813 υῦ
1476 2758 1583 2831 μὴν
1612 2759 1694 2812 ὃτι
1726 2760 1820 2811 καὶ
1847 2759 1927 2822 εἰς

337 2852 513 2905 πόσον
546 2851 679 2903 ἑτῶν
708 2851 938 2922 ἀριθμόν
969 2852 998 2903 6
1025 2851 1126 2922 τῆς
1164 2853 1404 2921 ἑκάστης
1446 2849 1592 2920 ζωῆς
1636 2848 1925 2903 ἐκτέταται

336 2943 540 3015 χρόνος
561 2943 951 3014 προενήνεκται
977 2941 1185 3012 σαφῶς,
1212 2942 1464 3013 καθάπερ
1493 2940 1684 3010 ἀμέλει
1710 2939 1802 2993 καὶ
1834 2939 1926 2992 ἐπὶ

334 3035 455 3087 τῶν
485 3033 785 3101 γεγονότων
821 3032 932 3087 ἀπὸ
963 3033 1090 3104 Σήθ.
1147 3031 1586 3103 Ἀναγέγραπται
1618 3030 1726 3102 γὰρ
1771 3031 1924 3101 ἀκρι-

337 3125 456 3188 ϐῶς
485 3126 516 3176 6
546 3124 775 3178 ἑκάστου
803 3125 1025 3195 χρόνος,
1059 3124 1179 3178 τίνα
1213 3140 1271 3177 τε
1316 3125 1408 3176 καὶ
1440 3123 1604 3176 πόσον
1639 3122 1800 3185 ἐϐίω,
1833 3122 1927 3174 καὶ

336 3216 455 3287 πρὸ
486 3216 692 3269 τέκνων
730 3216 894 3284 γονῆς
914 3253 929 3279 ,
964 3215 1060 3269 καὶ
1094 3215 1233 3285 μετὰ
1264 3213 1452 3280 τοῦτο,
1485 3214 1567 3267 ἔτι
1595 3213 1802 3275 λεπτῶς
1836 3213 1928 3266 καὶ

336 3305 592 3376 ἀκριϐῶς
621 3305 889 3377 ἀναμάθοι
912 3321 995 3369 τις
1022 3304 1089 3359 ἂν
1116 3308 1180 3359 ὲκ
1208 3305 1316 3360 τῶν
1369 3304 1528 3377 ἱερῶν
1556 3304 1923 3375 Γραμμὰτων.

335 3399 596 3467 Μήνυσις
632 3393 725 3451 οὖν
749 3397 858 3468 ἄρα
885 3397 980 3450 καὶ
1002 3392 1160 3450 τοῦτό
1189 3399 1304 3450 ἔστι
1337 3397 1437 3450 οὐκ
1466 3397 1790 3467 ἀσυμφανὴς
1818 3396 1926 3457 τοῖς

336 3504 407 3558 γε
440 3487 580 3551 ὅλως
609 3486 678 3539 τὰ
704 3487 879 3541 τοιάδε
911 3486 1239 3558 φιλοκρινεῖν
1271 3487 1598 3558 ᾑρημένοις,
1631 3486 1706 3551 ὡς
1732 3486 1833 3539 οὐκ
1861 3486 1928 3539 ἂν

336 3579 639 3648 ἀνάσχοιτο
650 3577 781 3641 Θεὸς
798 3577 897 3649 τὴν
914 3578 1020 3632 τῶν
1034 3578 1348 3649 φιλαμαρτη
1357 3578 1531 3648 μόνων
1547 3577 1743 3649 ειδέναι
1757 3574 1923 3648 ζωήν.

349 3669 709 3725 ’Δκούσονται
734 3668 864 3738 γοῦν
889 3670 982 3723 ἰπὶ
1008 3670 1103 3723 τοῦ
1125 3670 1270 3723 θείου
1294 3670 1535 3741 βήματος
1558 3669 1807 3737 λέγοντος
1831 3668 1924 3722 τοῦ

337 3758 608 3832 Χριστοῦ·
640 3778 660 3811 ι
694 3760 868 3833 Ἀμην
900 3759 1041 3828 λέγω
1060 3762 1209 3832 ὑμῖν,
1237 3761 1492 3815 οὐδέποτε
1516 3761 1687 3829 ἔγνων
1709 3761 1872 3832 ὑμᾶς.
1901 3781 1920 3813 ο

334 3850 637 3903 Atat-time:
667 3850 767 3919 μὲν
794 3851 907 3921 γὰρ
926 3850 1079 3904 οὐδὲν
1106 3851 1167 3904 τό
1187 3868 1253 3919 γε
1266 3846 1401 3924 ἧκον
1434 3853 1515 3916 εἰς
1534 3852 1760 3922 εἴδησιν,
1782 3851 1926 3920 λέγω

333 3942 437 3995 τὸν
464 3940 573 3994 τῶν
595 3941 732 3994 ὅλων
758 3941 911 3997 Θεόν.
943 3942 1112 4006 Είδὼς
1139 3944 1196 3997 δὲ
1226 3944 1326 3996 οὐκ
1354 3940 1462 3996 οἶδε
1493 3944 1618 4006 τοὺς
1644 3946 1923 4013 φιλαμαρο

335 4034 589 4102 τήμονας
608 4073 623 4089 .
648 4031 738 4084 διά
764 4048 827 4100 γε
856 4033 953 4104 τῆς
981 4035 1060 4098 είς
1094 4034 1291 4098 αὐτοὺς
1322 4035 1676 4105 ἀποστροφῆς
1700 4032 1760 4086 16
1786 4032 1925 4101 ἄγαν

335 4122 578 4185 ἐντενές.
601 4122 808 4177 Οὐκοῦν
839 4124 1175 4197 σεσιώπηται
1207 4127 1305 4197 μὲν
1330 4128 1442 4188 τοῖς
1468 4126 1534 4178 ἐκ
1565 4124 1726 4189 Κάῖν,
1756 4126 1785 4177 6
1826 4123 1925 4192 τῆς

335 4213 496 4282 ζωῆς
529 4212 743 4282 χρόνος.
786 4214 1111 4286 Πεπράχασι
1152 4217 1262 4288 γὰρ
1307 4214 1663 4281 ἀξιάκουστον
1704 4213 1803 4284 μὲν
1835 4213 1926 4266 οὐ·

332 4309 436 4362 δέν
459 4327 475 4340 ο
508 4305 548 4359 ἃ
576 4307 634 4361 δὲ
678 4301 745 4376 ἦν
777 4307 957 4372 είκὸς,
1007 4309 1102 4362 καὶ
1148 4308 1284 4380 πρὸς
1328 4306 1532 4378 ζημίαν
1562 4304 1781 4359 ἔσεσθαι
1812 4306 1925 4367 τοῖς

2024 1873 2214 1915 omnes
2238 1861 2356 1915 dies
2377 1851 2583 1915 Cainan
2607 1859 2795 1914 decem
2822 1861 2875 1913 et
2894 1858 3153 1928 nongenti
3184 1857 3334 1922 anni,
3361 1864 3416 1912 et
3444 1872 3592 1911 mor-

2027 1958 2154 2007 tuus
2199 1961 2301 2006 est.
2336 1949 2403 2006 Et
2446 1940 2579 2007 vixit
2633 1950 2912 2007 Malalehel
2962 1958 3181 2005 centum
3219 1957 3274 2003 et
3318 1949 3594 2018 sexaginta

2023 2044 2266 2114 quinque
2297 2059 2490 2108 annos,
2526 2053 2582 2099 et
2623 2044 2812 2114 genuit
2844 2042 3019 2098 lared.
3052 2041 3120 2096 Et
3155 2040 3280 2095 facti
3316 2050 3439 2095 sunt
3474 2055 3594 2095 om-

2024 2147 2123 2187 nes
2157 2132 2277 2188 dies
2303 2132 2586 2188 Malalehel
2616 2131 2914 2203 octingenti
2944 2140 3000 2187 et
3028 2131 3324 2201 nonaginta
3353 2130 3595 2199 quinque

2023 2222 2173 2287 anni,
2205 2231 2260 2277 et
2291 2230 2542 2282 mortuus
2570 2230 2673 2277 est.
2714 2211 2783 2276 Et
2821 2221 2958 2275 vixit
2989 2219 3144 2275 Iared
3171 2229 3347 2274 annos
3374 2226 3594 2274 centum

2024 2316 2301 2386 sexaginta
2342 2315 2502 2379 duos,
2534 2323 2591 2370 et
2631 2314 2821 2385 genuit
2858 2313 3047 2368 Enoch
3073 2313 3138 2366 ".
3178 2330 3196 2362 ι
3232 2310 3439 2365 Deinde
3469 2310 3546 2365 ait
3576 2332 3590 2365 τ

2032 2426 2050 2458 ε
2082 2407 2150 2462 Et
2179 2406 2382 2477 placuit
2407 2406 2595 2462 Enoch
2622 2408 2753 2471 Deo,
2785 2414 2841 2462 et
2872 2421 2981 2461 non
3019 2403 3435 2471 inveniebatur;
3468 2403 3595 2474 quia

2024 2498 2303 2553 transtulit
2348 2513 2474 2553 eum
2519 2499 2665 2552 Deus
2693 2498 2760 2551 ⁷⁸.
2800 2516 2818 2549 ι
2871 2496 3037 2551 Vides
3082 2496 3288 2567 itaque,
3321 2508 3434 2565 prae
3475 2495 3598 2550 aliis

2024 2604 2134 2659 quo
2168 2599 2329 2659 pacto
2365 2588 2719 2644 nominantur
2752 2588 2973 2659 (pridem
3010 2587 3215 2658 posteri
3240 2584 3397 2651 Cain,
3431 2600 3596 2657 gene-

2025 2680 2208 2749 risque
2248 2680 2420 2749 ipsius
2457 2682 2629 2735 series
2660 2687 2823 2749 atque
2861 2680 3135 2735 suc¢essio
3166 2688 3421 2733 narratur
3447 2695 3462 2731 :
3488 2692 3615 2737 nu-.

2025 2782 2212 2822 merus
2249 2783 2381 2822 vero
2424 2783 2695 2822 annorum
2738 2767 2865 2822 vitae
2908 2767 3338 2839 uniuscujusque
3386 2780 3596 2835 nequa-

2024 2870 2189 2930 quam
2211 2868 2581 2931 computatur,
2604 2858 3061 2929 quemadmodum
3082 2867 3424 2929 posterorum
3442 2857 3594 2915 Seth.

2026 2947 2366 3003 Describitur
2386 2948 2534 3002 enim
2557 2948 2986 3018 uniuscujusque
3005 2948 3131 3002 vitae
3152 2948 3410 3018 spatium,
3431 2949 3595 3004 etiam

1951 3059 1994 3119 ο
2027 3046 2319 3107 antequam
2366 3038 2507 3094 ﬁlios
2550 3039 2854 3111 gignerent,
2884 3046 2940 3093 et
2981 3047 3191 3109 postea,
3223 3047 3284 3094 ut
3321 3054 3389 3096 ex
3427 3041 3599 3096 sacris

2028 3127 2252 3182 Litteris
2284 3128 2441 3183 facile
2485 3129 2661 3183 cuivis
2695 3129 3022 3184 constiterit.
3058 3129 3395 3201 Argumento
3433 3131 3600 3202 igitur

2029 3218 2134 3273 hoc
2165 3218 2389 3274 minime
2415 3220 2649 3275 obscuro
2676 3219 2858 3284 fuerit,
2888 3220 2957 3275 iis
2980 3220 3075 3291 qui
3109 3228 3257 3276 recte
3284 3222 3509 3277 omnino
3532 3222 3599 3279 de

2028 3309 2115 3365 his
2137 3309 2383 3380 judicare
2404 3310 2596 3375 velint,
2622 3311 2767 3381 quod
2800 3311 2944 3366 Deus
2972 3326 3080 3366 non
3107 3311 3376 3367 sustineat
3401 3328 3597 3384 pecca-

2029 3409 2208 3455 torum
2247 3400 2413 3455 vitam
2452 3412 2807 3472 cognoscere.
2834 3400 3072 3456 Audierit
3104 3402 3287 3472 itaque
3327 3403 3387 3457 in
3414 3401 3601 3459 divino
3700 3386 3717 3400 ’

2028 3492 2289 3546 tribunali
2332 3492 2605 3546 dicentem
2648 3492 2927 3548 Christum
2960 3511 2973 3547 ι
3013 3513 3031 3544 ι
3062 3492 3234 3549 Amen
3268 3493 3394 3550 dico
3421 3494 3599 3556 vobis,
3660 3538 3667 3539 γ

2028 3592 2306 3646 nunquam
2346 3578 2577 3648 cognovi
2612 3594 2711 3634 vos
2741 3580 2806 3633 ⁷¹.
2839 3599 2857 3632 ι
2893 3581 3058 3651 Atqui
3095 3582 3234 3636 nihil
3265 3583 3425 3653 plane
3452 3584 3599 3654 quod

2029 3668 2082 3721 in
2111 3670 2478 3739 cognitionem
2504 3670 2671 3735 cadit,
2693 3671 2863 3726 Deum
2884 3673 3052 3727 totius
3078 3674 3315 3728 universi
3335 3676 3594 3745 praeterit.

2030 3756 2221 3812 Sciens
2273 3766 2479 3823 autem,
2524 3775 2633 3814 non
2672 3761 2825 3815 novit
2873 3772 3209 3831 peccatores,
3262 3763 3333 3818 ob
3373 3764 3597 3819 nimiam

2027 3848 2268 3918 ipsorum
2295 3850 2655 3905 eversionem.
2693 3850 2903 3905 Idcirco
2928 3851 3149 3906 silentio
3172 3853 3595 3922 prvetermissum

2025 3946 2109 3993 est
2149 3939 2255 4008 23
2296 3946 2513 4008 tempus
2545 3939 2671 3992 vitae
2708 3946 3052 4007 posterorum
3084 3937 3240 3992 Cain.
3269 3937 3417 3992 Nihil
3448 3939 3595 3994 enim

2024 4040 2257 4100 egerunt
2281 4030 2542 4084 memoria
2569 4030 2815 4100 dignum,
2833 4029 2929 4085 sed
2954 4045 3077 4100 qua:
3101 4029 3285 4100 potius
3299 4030 3597 4088 verisimile

2023 4129 2143 4175 erat
2164 4120 2364 4176 damno
2391 4120 2576 4176 futura
2613 4121 2684 4177 iis
2714 4121 2808 4192 qui
2837 4122 2892 4176 in
2917 4137 3110 4177 eorum
3141 4122 3433 4179 lectionem
3457 4124 3595 4180 inci-

2024 4212 2253 4268 dissent.
2288 4213 2482 4268 Merito
2522 4214 2689 4285 igitur
2726 4213 2780 4267 in
2817 4214 3081 4269 memoria
3111 4213 3257 4284 apud
3283 4213 3455 4269 Deum
3485 4231 3594 4270 non

2024 4304 2266 4359 fuerunt.
2295 4304 2543 4374 Magnam
2576 4320 2709 4360 vero
2743 4305 3008 4359 rationem
3040 4304 3205 4359 habet
3232 4307 3593 4376 cognoscendi

334 4401 753 4470 ἐντευξομένοις
776 4404 843 4472 τῇ
866 4401 996 4472 περὶ
1021 4398 1200 4452 αὐτῶν
1230 4401 1543 4469 συγγραφῇ.
1570 4396 1921 4467 Ηὺμοιρήκα-

2023 4404 2274 4449 accurate
2324 4395 2490 4449 vitam
2537 4404 2881 4459 sanctorum,
2922 4395 3190 4465 nihilque,
3230 4404 3291 4449 ut
3332 4396 3591 4461 arbitror.
3647 4450 3657 4457 .

336 4508 398 4544 σι
460 4484 527 4560 δὴ
560 4486 654 4543 οὖν
674 4529 689 4553 ,
742 4492 834 4545 καὶ
878 4488 1024 4561 μάλα
1061 4488 1286 4552 δικαίως
1313 4530 1326 4553 ,
1363 4489 1457 4543 καὶ
1489 4491 1589 4557 τῆς
1621 4486 1770 4557 παρὰ
1798 4484 1918 4556 Θεῷ

335 4583 593 4653 μνήμης.
631 4582 868 4635 Ποιεῖταί
892 4597 954 4650 γε
986 4579 1094 4652 μὴν
1121 4581 1182 4633 ἰν
1207 4578 1371 4649 λόγῳ,
1401 4579 1463 4632 τὸ
1484 4579 1681 4633 εἰδέναι
1706 4576 1917 4639 λεπτῶς

330 4672 442 4742 τὴν
469 4671 581 4723 τῶν
614 4672 782 4741 ἁγίων
797 4671 963 4741 ζωὴν,
992 4670 1087 4725 καὶ
1112 4670 1286 4734 οὐδὲν,
1309 4665 1483 4739 οἶμαι,
1515 4669 1627 4722 τῶν
1665 4668 1788 4723 κατ’
1820 4667 1917 4719 αὺ-

331 4763 470 4824 τοῦς
514 4761 779 4831 ὲξοίχοιτο
821 4762 888 4815 ἂν
927 4761 1020 4815 τὸν
1057 4760 1200 4814 θεῖόν
1223 4777 1283 4812 τε
1332 4760 1425 4812 καὶ
1459 4759 1733 4829 ἀκήρατον
1766 4756 1911 4810 νοῦν.

338 4854 459 4907 Καὶ
488 4850 820 4904 πιστώσεται
845 4851 1020 4916 λέγων
1055 4853 1084 4904 ὁ
1120 4848 1325 4920 Κύριος
1355 4848 1508 4919 ἡμῶν
1555 4846 1761 4917 Ἰησοῦς
1792 4845 1920 4916 Χριο

341 4944 504 5005 svi;-
533 4960 551 4991 ι
594 4941 727 5011 Οὐχὶ
770 4940 863 4994 δύο
900 4940 1158 5012 στρουθία
1188 4940 1451 5009 ἀσσαρίου
1494 4938 1788 5001 πωλεῖταις
1825 4935 1917 4989 καὶ

335 5034 402 5085 ἐν
440 5029 500 5094 ἐξ
537 5030 714 5084 αὐτῶν
730 5031 792 5084 οὐ
828 5034 1074 5085 πεσεῖται
1106 5032 1200 5084 ἐπὶ
1238 5031 1338 5098 τῆς
1369 5029 1470 5099 γῆς
1499 5029 1639 5098 ,ἄνευ
1671 5027 1763 5081 τοῦ
1812 5027 1917 5079 Πα-

329 5123 476 5191 τρὸς
522 5120 680 5190 ἡμῶν
724 5121 817 5174 τοῦ
864 5122 923 5174 ἐν
970 5123 1081 5184 τοῖς
1121 5122 1402 5192 οὐρανοῖς·
1440 5119 1593 5190 ὑμῶν
1629 5118 1685 5171 δὲ
1720 5117 1814 5170 καὶ
1858 5117 1915 5169 αἱ

332 5213 534 5284 τρίχες
568 5212 668 5283 τῆς
701 5211 942 5281 κεφαλῆς
971 5213 1141 5266 πᾶσαι
1186 5208 1560 5282 ἠριθμημέναι
1601 5209 1758 5262 εἰσίν.
1800 5226 1819 5259 t
1855 5207 1918 5260 El

332 5306 398 5358 δὲ
438 5307 500 5356 ἐν
543 5302 686 5373 λόγῳ
729 5303 968 5358 τέθειται
1018 5301 1168 5374 παρὰ
1209 5301 1327 5373 Θεῷ
1363 5302 1456 5355 καὶ
1497 5302 1525 5353 6
1574 5299 1683 5353 τῶν
1716 5298 1918 5370 τριχῶν

335 5393 603 5465 ἀριθμὸς,
640 5393 729 5448 διά
750 5411 834 5447 τοι
864 5395 925 5449 16
970 5395 1147 5449 πάντα
1189 5393 1375 5464 σαφῶς
1429 5392 1625 5446 ειδέναι
1682 5391 1751 5444 τὰ
1795 5391 1917 5444 κατ’

333 5487 571 5550 αὐτοὺς,
649 5487 759 5540 καί
816 5489 876 5540 ἂν
973 5486 1214 5557 φροντίδι
1289 5488 1433 5539 ποιεῖ
1491 5502 1505 5515 ·
1591 5483 1732 5537 κατὰ
1796 5482 1915 5535 τίνα

2024 4481 2171 4552 quod
2214 4483 2281 4537 ad
2323 4498 2420 4538 eos
2460 4483 2717 4553 pertinet,
2743 4483 2985 4539 divinam
3026 4493 3189 4553 atque
3231 4483 3591 4542 immortalem

2025 4581 2263 4629 mentem
2318 4575 2579 4644 praeterit.
2631 4574 2787 4641 Quod
2836 4584 2895 4630 et
2935 4575 3052 4646 ipse
3099 4575 3363 4632 Dominus
3406 4585 3593 4633 noster

2019 4662 2177 4719 Jesus
2201 4662 2454 4718 Christus
2493 4673 2743 4729 testatur,
2775 4664 2999 4720 dicens:
3037 4682 3055 4716 ι
3092 4665 3283 4721 Nonne
3319 4665 3431 4722 duo
3465 4682 3590 4737 pas-

2021 4755 2220 4822 serculi
2261 4770 2383 4810 asse
2417 4756 2698 4811 veneunt?
2729 4764 2785 4811 et
2824 4770 2969 4811 unus
2997 4770 3066 4811 ex
3104 4757 3173 4812 iis
3203 4772 3312 4812 non
3342 4756 3503 4814 cadet
3532 4758 3587 4812 in

2022 4853 2223 4899 terram
2253 4844 2460 4914 absque
2498 4846 2656 4901 Patre
2685 4860 2808 4901 meo
2829 4846 2926 4916 qui
2972 4846 3030 4901 in
3074 4846 3233 4903 caelis
3266 4854 3353 4901 est
3380 4863 3395 4900 :
3424 4846 3587 4900 vestri

2020 4943 2204 4990 autem
2227 4935 2392 4990 etiam
2413 4935 2595 5006 capilli
2616 4936 2811 5006 capitis
2829 4951 3020 4992 omnes
3038 4935 3308 4991 numerati
3331 4941 3461 4989 sunt
3475 4936 3542 4991 τ’.
3562 4955 3580 4987 ι

2023 5025 2079 5083 Si
2108 5034 2288 5080 autem
2313 5026 2634 5097 capillorum
2658 5027 2821 5083 etiam
2847 5036 3159 5083 nostrorum
3188 5039 3452 5080 numerus
3476 5026 3588 5082 Deo

2021 5130 2167 5172 cura:
2201 5116 2291 5181 sit,
2324 5116 2557 5187 ideoque
2582 5119 2767 5173 omnia
2796 5134 2917 5188 qua:
2942 5117 3010 5172 ad
3039 5132 3140 5172 nos
3168 5115 3465 5187 pertinent,
3485 5116 3587 5188 ipsi

2020 5208 2300 5277 explorata
2330 5207 2461 5273 sint,
2488 5223 2789 5277 eorumque
2813 5208 3079 5262 rationem
3108 5206 3326 5273 habeat,
3349 5221 3587 5278 quonam

2021 5308 2180 5369 pacto
2210 5298 2335 5357 vitae
2369 5307 2583 5369 tempus
2610 5296 2854 5371 ignorat?
2889 5316 2909 5350 ‹
2940 5296 3095 5353 Oculi
3128 5299 3298 5365 enim,
3334 5317 3354 5353 ι
3387 5299 3588 5370 inquit,

2030 5408 2049 5440 ι
2081 5389 2293 5444 Domini
2329 5405 2494 5460 super
2522 5390 2730 5459 justum
2761 5388 2828 5442 ⁷³.
2860 5408 2878 5440 ι
2918 5389 3081 5460 Αιῴιὶ
3106 5391 3382 5445 secundus
3403 5393 3591 5449 statim

2022 5497 2052 5536 a
2077 5478 2210 5536 Cain
2247 5479 2457 5542 Enoch,
2494 5478 2581 5533 sui
2614 5477 2853 5534 nominis
2888 5480 3082 5535 urbem
3112 5480 3166 5535 in
3204 5489 3343 5541 terra
3369 5481 3595 5552 habuit,

410 5604 456 5633 "
477 5602 620 5658 Gen.
650 5619 720 5668 tv,
748 5562 933 5659 μίξει.
1007 5604 1053 5638 ⁸⁸
1083 5603 1218 5662 Gen.
1249 5621 1303 5668 ν,
1332 5607 1386 5659 6.
1483 5603 1546 5635 ⁶⁸⁶
1581 5602 1716 5659 Gen.
1761 5618 1833 5665 Iv,
1870 5601 1921 5656 2(

2055 5601 2099 5633 ‘9
2128 5598 2265 5653 ibid.
2319 5597 2463 5651 749.
2537 5597 2583 5629 ⁷ο
2624 5595 2784 5657 lbid.,
2823 5595 2913 5653 24.
3013 5599 3055 5631 ⁷⁸
3095 5597 3284 5654 Matth.
3328 5612 3450 5662 xxv,
3486 5594 3588 5664 ﬂ;

340 5674 479 5728 Luc.
523 5688 637 5738 mi,
677 5665 767 5728 Ἦ.
841 5675 888 5706 ’⁸
915 5673 1100 5729 Matth.
1126 5665 1401 5738 x,29,30.
1476 5675 1521 5707 ⁷³
1555 5673 1690 5728 Psal.
1719 5688 1900 5739 xxxiii,
