4052 6212
446 293 515 352 ω
1471 297 1527 351 S.
1567 297 1839 354 CYRILL!
1878 296 2350 356 ALEXANDMNI
2382 303 2701 362 ARCBlEP.
3641 311 3710 370 48

448 431 571 473 eum
608 414 812 490 alioqui
856 414 1029 469 sancti
1085 413 1140 469 id
1197 414 1300 469 sibi
1344 415 1695 488 cogitandum
1733 432 1797 473 ac
1834 417 2013 472 dicen-

2128 421 2191 494 δὴ
2227 424 2462 495 τρόπον,
2516 429 2548 481 ό
2598 426 2771 497 αὐτῆς
2816 427 2915 498 τῆς
2958 425 3104 499 ζωῆς
3148 427 3445 499 ἀγνοηθείη
3486 429 3710 501 καιρόςῖ

447 507 598 574 dum,
641 515 805 579 atque
852 507 908 560 in
951 505 1057 561 hoc
1103 506 1446 577 gloriandum
1494 497 1753 563 censeant
1790 526 1803 561 :
1852 528 1869 559 ι
1899 508 2025 563 .Non

448 600 715 656 habemus
742 598 1172 659 hicmianentem
1204 598 1503 661 civitatem,
1536 598 1631 654 sed
1662 598 1901 654 futuram
1939 600 2025 653 in-

435 691 753 761 quirimus,
818 691 974 760 cujus
1046 689 1384 745 architectus
1457 699 1622 761 atque
1690 690 1870 761 opifex
1943 700 2027 747 est

442 786 591 839 Deus
626 783 692 837 7‘.
729 803 748 834 ι
794 781 973 838 Vitam
1007 788 1140 838 vero
1182 784 1347 855 hujus
1386 784 1591 850 smeuli,
1625 782 2024 854 peregrinatio-

446 892 570 932 nem
606 891 726 932 esse
758 875 1078 931 existiment
1102 884 1159 930 et
1186 883 1400 930 vocent.
1432 875 1508 930 ita
1536 891 1668 931 vero
1700 875 1905 930 alicubi
1938 876 2023 930 di-

442 969 609 1025 vinus
650 968 820 1024 David
859 967 1044 1038 psallit
1077 984 1091 1021 :
1141 985 1157 1017 ι
1190 967 1429 1022 Remitte
1467 967 1622 1032 mihi,
1655 969 1781 1038 quia
1815 967 2025 1023 advena

444 1077 565 1117 sum
622 1060 678 1115 in
727 1069 876 1115 terra
917 1066 974 1114 et
1019 1059 1375 1130 peregrinus,
1425 1058 1567 1114 sicut
1608 1075 1800 1115 omnes
1839 1067 2026 1131 patres

445 1152 553 1208 mei
584 1152 651 1206 ⁷⁸.
688 1171 705 1204 ι
733 1152 811 1207 De
838 1151 905 1206 iis
928 1151 1176 1221 veroqui
1214 1160 1425 1207 terrena
1445 1136 1704 1224 cogitant,
1735 1152 1791 1206 in
1815 1152 2024 1221 psalmo

443 1243 862 1315 quadragesimo
889 1249 1084 1298 octavo
1124 1243 1200 1297 ita
1235 1242 1313 1298 ait
1339 1261 1352 1296 :
1383 1262 1401 1293 ι
1432 1242 1900 1314 Cognominarunt
1920 1257 2023 1297 no-

443 1337 591 1391 mina
615 1353 714 1392 sua
733 1337 788 1392 in
810 1335 1260 1408 generationibus
1277 1334 1476 1390 suis".
1504 1353 1522 1386 ι
1549 1332 1717 1390 Ortus
1734 1342 1917 1390 autem
1937 1342 2023 1389 est

439 1445 508 1483 ex
551 1428 685 1485 Seth
706 1428 931 1484 divinus
962 1429 1130 1494 Enos,
1154 1426 1223 1482 de
1247 1443 1358 1497 quo
1394 1427 1662 1498 scriptum
1695 1434 1780 1481 est
1809 1443 1823 1479 :
1868 1445 1885 1477 ι
1921 1425 2022 1481 ilic

440 1520 683 1591 speravit
703 1520 948 1576 invocari
971 1520 1193 1575 nomine
1219 1519 1435 1575 Domini
1457 1519 1554 1574 Dei
1574 1519 1659 1573 sui
1685 1518 1754 1573 ⁷⁷.
1783 1537 1801 1569 ι
1835 1516 2025 1575 Genus

437 1612 585 1666 enim
616 1612 672 1666 in
699 1611 921 1667 Christo
950 1626 1166 1667 sacrum
1198 1626 1264 1666 ac
1294 1620 1564 1676 sanctum,
1595 1619 1651 1667 et
1680 1611 1737 1665 in
1765 1625 1861 1681 spe
1900 1610 2021 1681 glo-

438 1702 533 1757 ria:
559 1718 722 1773 supra
747 1701 1026 1758 hominem
1053 1711 1324 1757 versatur.
1356 1702 1640 1772 Siquidem
1662 1718 1788 1757 cum
1811 1702 2017 1757 terreni

438 1793 628 1859 simus,
656 1793 897 1865 adoptati
935 1808 1125 1848 sumus
1159 1793 1215 1848 in
1249 1792 1392 1849 ﬁlios
1420 1794 1666 1849 omnium
1692 1794 1932 1859 Domini,
1962 1803 2019 1849 et
2048 1769 2089 1824 Β

437 1883 495 1939 ὶιι
526 1883 724 1940 fratres
752 1883 979 1951 Christi,
1013 1882 1108 1954 qui
1137 1893 1363 1955 propter
1384 1899 1486 1939 nos
1511 1884 1688 1940 factus
1717 1892 1802 1941 est
1824 1884 2020 1940 similis

266 2052 269 2059 _
322 2032 332 2040 ,
436 1977 614 2041 nobis,
653 1986 715 2031 ut
744 1976 908 2031 etiam
935 1992 1037 2031 nos
1063 1992 1163 2046 per
1183 1977 1363 2047 ipsum
1387 1976 1820 2047 praestantiorem
1855 1984 2019 2046 atque

435 2068 677 2124 humana
714 2069 974 2140 majorem
995 2068 1247 2139 gloriam,
1281 2067 1358 2123 dii
1379 2068 1639 2122 nimirum
1663 2068 1838 2139 gratia
1850 2075 2019 2139 atque

434 2161 773 2233 benignitate
799 2162 1360 2232 ,[consequeremum
1384 2161 1499 2232 Ego
1536 2162 1686 2217 enim
1701 2160 1837 2227 dixi,
1880 2180 1899 2213 ι
1935 2162 2021 2216 in-

433 2251 554 2322 quit
580 2268 593 2304 :
619 2269 638 2303 ι
669 2250 755 2306 Dii
793 2249 947 2315 estis,
978 2250 1151 2305 etiilii
1171 2250 1386 2306 Exoelsi
1403 2267 1594 2308 omnes
1620 2253 1689 2306 ⁷⁸.
1713 2271 1732 2303 ›
1767 2251 2021 2322 Speravit

434 2344 619 2414 itaque
652 2342 800 2397 Enos
827 2342 1011 2397 vocari
1040 2342 1109 2398 ab
1134 2342 1502 2419 aliisyomine
1536 2343 1754 2399 Domini
1782 2344 1879 2399 Dei
1908 2344 2014 2413 sui,

431 2435 539 2491 hoc
567 2443 669 2500 est,
695 2435 861 2490 Deus.
890 2433 1029 2490 Cum
1054 2433 1203 2489 enim
1231 2441 1380 2490 esset
1405 2448 1516 2491 non
1543 2434 1749 2506 absque
1774 2436 2015 2494 admira-

434 2526 583 2580 tione
620 2524 928 2581 sanctitatis
959 2524 1131 2596 gloria
1163 2524 1458 2590 excellens,
1492 2524 1663 2582 Deum
1700 2526 1880 2597 ipsum
1914 2543 2014 2584 vo-

431 2623 629 2672 carunt
667 2615 1023 2671 humaniores
1059 2615 1305 2687 quidam,
1341 2632 1601 2688 supremo
1643 2619 1798 2692 illum
1842 2620 2018 2676 hono-

432 2723 491 2763 re
519 2723 720 2764 ornare
755 2707 1060 2780 cupientes.
1089 2707 1357 2765 Procedat
1392 2708 1579 2779 itaque
1610 2711 1772 2766 nobis
1793 2712 1860 2767 ad
1882 2728 2014 2783 pro—

430 2800 671 2871 positum
694 2815 895 2856 sermo.
917 2799 1093 2856 Judaei
1117 2799 1322 2855 etenim
1347 2800 1464 2871 (qui
1483 2809 1540 2856 et
1560 2800 1729 2872 ﬁgura
1757 2803 1866 2874 24,
1887 2812 2016 2858 sunt

430 2901 775 2964 posterorum
802 2890 959 2963 Cain)
987 2891 1134 2963 quod
1175 2891 1399 2963 quidem
1437 2892 1567 2959 sint,
1608 2904 2015 2965 cognoscuntur

427 2986 498 3042 ab
527 2984 776 3041 omnium
819 2984 934 3039 Deo
962 2999 976 3037 :
1000 2982 1151 3053 quod
1193 2999 1327 3039 vero
1365 2999 1475 3040 non
1506 2985 1617 3040 sint
1652 2986 1912 3058 descripti
1956 2988 2013 3045 in

2135 533 2154 563 ι
2203 514 2500 589 Ὀφθαλμοὶ
2525 518 2654 590 γὰρ,
2690 536 2709 569 ι
2749 518 2905 589 φησὶ,
2943 536 2961 570 ι
3006 519 3214 590 Κυρίου
3259 517 3352 572 ἐπὶ
3382 520 3647 584 δικαίους.
3686 541 3706 573 ι

2128 606 2235 659 Καὶ
2263 608 2291 660 ὁ
2327 609 2425 678 μὲν
2457 608 2709 683 δεύτερος
2757 608 2918 674 εὐθὺς
2956 609 3064 669 ἀπὸ
3107 611 3247 665 Κάῖν
3290 608 3475 675 Ἑνὼς,
3505 612 3713 665 ἐπώνυ-

2128 714 2228 767 μον
2258 697 2415 770 ἔσχεν
2458 701 2516 753 ἐν
2551 703 2614 772 τῇ
2654 704 2724 773 γῇ
2759 701 2913 756 πόλιν
2935 719 2948 732 '
2988 702 3165 755 καίτοι
3195 701 3304 755 τῶν
3336 702 3505 771 ἁγίων
3546 702 3621 766 ὡς
3654 704 3712 755 ὲν

2125 790 2439 861 αὐχήματος
2465 790 2616 857 τάξει
2649 794 3032 865 πεποιημένων
3060 794 3119 848 τὸ
3149 796 3349 865 χρῆναι,
3378 796 3595 867 φρονεῖν
3617 795 3712 848 καὶ

2124 880 2336 951 λέγειν·
2374 884 2487 937 Οὐκ
2513 884 2708 955 ἔχομεν
2752 878 2854 940 ὧδε
2900 885 3166 955 μένουσαν
3205 886 3395 940 πόλων
3441 884 3581 940 ἀλλὰ
3614 887 3712 957 τὴν

2126 973 2429 1045 μέλλουσαν
2477 976 2867 1048 ἐπιζητοῦμεν,
2921 972 2988 1049 ἧς
3031 978 3284 1049 τεχνίτης
3323 978 3418 1032 καὶ
3446 979 3712 1051 δημιουρ-

2124 1062 2216 1130 γὸς
2248 1063 2276 1115 ό
2310 1062 2466 1126 Θεός.
2509 1082 2528 1114 ι
2563 1065 2911 1137 Ἠγουμένων
2941 1083 2999 1119 τε
3032 1068 3126 1122 καὶ
3166 1067 3543 1137 ὀνομαζόντων
3578 1086 3712 1142 παρ⁴

2123 1150 2301 1203 οικίαν
2360 1150 2458 1222 τὴν
2499 1151 2556 1203 ὲν
2598 1149 2735 1222 τῷδε
2779 1152 2858 1223 τῷ
2901 1153 3002 1225 βίῳ
3040 1154 3205 1226 ζωήν.
3249 1154 3457 1209 Ψάλλει
3512 1154 3568 1207 δέ
3608 1174 3708 1209 που

2122 1241 2217 1295 καὶ
2248 1243 2276 1295 ὁ
2311 1240 2599 1307 Θεσπέσιος
2626 1244 2822 1298 Δαϐίδο
2868 1263 2887 1298 ι
2928 1246 3089 1310 ’Δνες
3126 1264 3237 1317 μοι,
3267 1247 3349 1300 ὅτι
3380 1245 3493 1315 ἐγὼ
3522 1247 3710 1319 πάροι-

2122 1330 2218 1395 κός
2255 1333 2373 1403 εἰμι
2412 1334 2470 1388 ἐν
2513 1337 2580 1405 τῇ
2609 1337 2679 1407 γῇ
2716 1336 2811 1389 καὶ
2853 1337 3254 1409 παρεπίδημος,
3291 1337 3474 1403 καθὼς
3503 1340 3706 1403 πάντες

2119 1424 2169 1478 oi
2203 1423 2437 1496 πατέρες
2477 1442 2599 1496 μου.
2645 1445 2665 1479 ι
2707 1428 2841 1499 Περὶ
2868 1426 2925 1481 δὲ
2949 1428 3059 1482 τῶν
3098 1428 3170 1482 τὰ
3209 1430 3428 1497 ἐπίγεια
3459 1431 3709 1503 φρονούν·

2118 1531 2246 1582 των,
2274 1517 2332 1570 ὲν
2358 1516 2435 1588 τῷ
2465 1523 2557 1589 μη¹
2578 1516 2778 1590 ψαλμῷ
2798 1519 2970 1588 λέγει·
2997 1540 3015 1573 ‹
3039 1517 3470 1576 Ἐπεκαλέσαντο
3498 1522 3570 1576 τὰ
3598 1522 3707 1576 ὀνό-

2121 1623 2268 1677 ματα
2296 1607 2475 1660 αὐτῶν
2514 1609 2606 1662 ἐπὶ
2639 1610 2749 1663 τῶν
2776 1609 2950 1680 γενῶν
2976 1611 3174 1667 αὐτῶν.
3200 1631 3218 1665 ι
3264 1612 3458 1682 Ἀνέφυ
3504 1613 3561 1666 δὲ
3599 1613 3707 1668 ἀπὸ

2120 1700 2227 1770 Σὴθ
2255 1702 2284 1753 ὁ
2312 1699 2600 1766 θεσπέσιος
2643 1702 2829 1766 Ἐνὼς,
2855 1704 2985 1774 περὶ
3014 1698 3076 1758 οὗ
3111 1706 3423 1777 γέγραπται
3441 1723 3454 1737 ’
3477 1726 3494 1758 ι
3536 1702 3703 1770 uino;

2120 1793 2350 1864 ἧλπισεν
2390 1795 2772 1851 ἐπικαλεῖσθαι
2810 1796 2888 1869 τῷ
2928 1797 3153 1868 ὀνόματι
3199 1798 3406 1871 Κυρίου
3441 1798 3536 1853 τοῦ
3567 1798 3702 1853 Θεοῦ
3790 1866 3801 1873 υ

2120 1885 2309 1941 αὐτοῦ.
2352 1904 2373 1939 ι
2415 1887 2488 1941 Τὸ
2515 1888 2626 1960 γὰρ
2667 1891 2725 1944 ὲν
2758 1890 2983 1962 Χριστῷ
3012 1891 3170 1959 γένος
3213 1891 3369 1960 ἅγιον
3408 1893 3502 1947 καὶ
3537 1893 3703 1964 ἱερὸν,

2121 1978 2218 2032 καὶ
2267 1978 2325 2031 ὲν
2366 1977 2545 2032 ἑλπίδι
2572 1980 2731 2051 δόξης
2768 1981 2871 2052 τῆς
2909 1983 3050 2055 ὑπὲρ
3081 1982 3391 2054 ἄνθρωπον.
3421 1984 3590 2056 Εἴπερ
3618 1983 3703 2037 ὗν-

2118 2086 2211 2132 τες
2243 2071 2310 2123 ἐκ
2344 2069 2472 2140 γῆς,
2515 2070 2834 2143 κεκλήμεθα
2870 2073 3007 2144 πρὸς
3054 2074 3327 2128 υἱοθεσίαν
3359 2073 3453 2127 τοῦ
3486 2075 3703 2142 πόψτων

2118 2163 2420 2227 Δεσπότου,
2468 2164 2570 2218 καὶ⁸
2619 2165 2700 2229 είς
2745 2165 3087 2237 ἀδελφότητα
3130 2165 3222 2220 τοῦ
3255 2166 3515 2238 Χριστοῦ.
3552 2166 3611 2229 ὃς
3634 2164 3699 2218 δι’

2118 2257 2264 2327 ἡμᾶς
2290 2258 2483 2326 γέγονε
2533 2256 2655 2311 καθ’
2680 2260 2852 2330 ἡμᾶς,
2899 2261 2986 2314 ἵνα
3030 2260 3123 2314 καὶ
3162 2258 3323 2330 ἡμεῖς
3360 2261 3426 2313 δι’
3451 2259 3613 2312 αὑτὸν
3641 2260 3700 2310 ἐν

2114 2349 2369 2421 ἀμείνοσί
2399 2368 2458 2404 τε
2499 2350 2595 2405 καὶ
2634 2351 2774 2423 ὑπὲρ
2814 2352 3100 2424 ἄνθρωπον
3144 2352 3276 2418 θεοὶ,
3310 2350 3551 2420 δηλονότι
3598 2350 3694 2420 χά-

2116 2458 2226 2512 ριτι
2251 2442 2344 2496 καὶ
2378 2441 2778 2513 φιλανθρωπίᾳ,
2804 2442 2902 2513 τὴν
2935 2443 3091 2508 δόξαν
3123 2439 3631 2513 ἀποκερδαίνοντες.
3670 2460 3689 2489 ι

2120 2553 2141 2586 ‹
2162 2533 2305 2603 Ἐγὼ
2317 2534 2423 2606 γὰρ
2443 2530 2794 2606 εἷπα,ιφησί’
2838 2533 2985 2588 »Θεοί
3016 2535 3161 2596 ἔστε,
3190 2532 3285 2588 καὶ
3305 2531 3413 2585 υἱοὶ
3439 2516 3694 2599 Ὑψίστου

2115 2625 2337 2688 πάντες.
2394 2642 2416 2675 ›
2452 2625 2687 2679 Ἥλπισε
2738 2624 2920 2678 τοίνυν
2959 2622 3125 2686 Ἑνὼς
3167 2619 3535 2691 κληθήσεσθαι
3568 2617 3696 2685 παρ’

2113 2720 2316 2792 ἐτέρων
2336 2720 2422 2772 ἐπ’
2438 2717 2663 2789 ὀνόματι
2689 2716 2897 2787 Κυρίου
2918 2714 3010 2768 τοῦ
3035 2712 3173 2768 Θεοῦ
3200 2711 3363 2767 αὑτοῦ
3381 2727 3394 2741 ·
3428 2708 3695 2771 τουτέστι,

2113 2809 2268 2873 Θεός.
2300 2808 2519 2881 Ἐπειδὴ
2546 2809 2654 2880 γὰρ
2675 2804 2745 2880 ἦν
2772 2809 2874 2861 οὐκ
2908 2806 3259 2876 ἀθαύμαστος
3290 2806 3404 2866 τοῖς
3432 2802 3529 2873 τῆς
3556 2799 3697 2854 ὁσιό-

2113 2918 2276 2972 τητος
2326 2900 2628 2971 ἐμπρέπων
2669 2899 2972 2969 αὐχήμασι,
3023 2897 3157 2949 Θεὸν
3199 2895 3483 2964 ὠνόμαζον
3533 2891 3698 2947 αὐτὸν

2108 2991 2224 3046 τῶν
2242 2990 2664 3062 ἐπιεικεστέρων
2696 2991 2834 3056 τάχα
2868 2988 2971 3042 πού
2993 3005 3134 3051 τινες
3161 2991 3224 3057 τῇ
3254 2987 3531 3057 ὑπερτάτη
3561 2988 3693 3056 τιμῇ

429 3077 572 3134 libro
612 3077 759 3142 vitae,
799 3074 1151 3133 manifestum
1184 3084 1272 3133 est
1308 3093 1379 3133 ex
1410 3093 1478 3133 eo
1504 3078 1651 3148 quod
1692 3078 1800 3135 vita
1832 3090 2013 3151 poste-

2115 3080 2411 3152 στεφανοῦν
2436 3084 2542 3153 ᾑρη
2554 3082 2722 3152 μένοι.
2764 3081 2976 3137 Ἦκέτω
2998 3080 3061 3152 δὴ
3087 3076 3182 3133 οὖν
3204 3081 3231 3132 ὁ
3251 3078 3407 3146 λόγος
3436 3081 3570 3148 ἡμῖν
3602 3079 3694 3131 ἐπὶ

429 3185 618 3225 rerum
655 3168 793 3224 Cain
839 3168 1061 3222 silentio
1108 3168 1477 3238 pretermissa
1523 3170 1614 3225 sit.
1656 3169 1813 3238 Quod
1859 3173 2009 3228 enim

426 3261 767 3331 descriptum
792 3257 863 3314 sit
894 3273 1069 3330 genus
1088 3260 1145 3314 in
1165 3259 1407 3326 Christo,
1426 3269 1483 3316 et
1500 3260 1556 3315 in
1581 3264 1845 3318 memoria
1865 3265 2010 3335 apud

428 3351 625 3415 Deum,
657 3350 999 3405 demonstrat
1036 3357 1227 3420 aperte
1266 3350 1467 3406 litteris
1496 3353 1767 3422 proditam
1795 3369 1916 3410 esse
1946 3371 2012 3411 ac

428 3442 759 3513 descriptam
781 3443 1050 3513 iustorum
1081 3443 1273 3508 vitam,
1301 3459 1515 3511 eorum,
1545 3445 1788 3516 inquam,
1816 3448 1912 3519 qui
1942 3464 2011 3503 ex

428 3537 561 3593 Seth
594 3536 702 3592 orti
732 3543 880 3591 sunt.
907 3535 1086 3606 Atque
1117 3535 1308 3591 Enoch
1337 3536 1562 3606 quidem
1591 3538 1867 3594 secundus
1895 3547 2009 3598 sta.

429 3625 526 3682 tim
559 3642 626 3683 ex
662 3624 820 3692 Cain,
861 3625 1056 3680 urbem
1094 3625 1287 3680 habuit
1332 3642 1401 3681 ex
1447 3641 1549 3682 suo
1592 3628 1834 3684 nomine.
1881 3628 2009 3685 Sola

425 3718 632 3775 etenim
658 3725 876 3773 terrena
897 3717 1139 3789 cogitant
1166 3718 1354 3774 miseri
1385 3718 1581 3786 Judaei,
1612 3720 2008 3793 primogenitu-

427 3825 549 3865 rum
584 3808 887 3864 Eeciesiam
930 3823 1045 3878 non
1085 3820 1506 3878 cognoscentes,
1550 3826 1731 3880 neque
1772 3812 1841 3867 ad
1892 3828 2009 3870 cm—

425 3904 618 3960 iestem
670 3902 950 3958 civitatem
1001 3901 1417 3959 contendentes.
1473 3904 1777 3961 Praeclarus
1823 3914 2008 3962 autem

422 3995 608 4051 evadit
636 3995 784 4050 illius
818 3994 972 4061 Seth,
998 3994 1104 4052 hoc
1135 4003 1240 4062 est,
1274 3995 1441 4053 Enos.
1466 3995 1704 4052 Vocatur
1723 3997 1871 4054 enim
1894 3998 2007 4070 jam

422 4089 591 4142 etiam
614 4087 779 4142 Deus.
804 4086 978 4157 Hujus
998 4102 1131 4142 vero
1154 4087 1233 4144 rei
1255 4088 1430 4159 gloria
1457 4088 1644 4145 donati
1676 4103 1888 4157 sumus,
1910 4092 2005 4162 qui

425 4194 523 4249 per
562 4176 725 4232 fidem
763 4175 984 4231 Christo
1012 4190 1114 4229 nos
1139 4176 1539 4245 eopulavimus,
1579 4178 1807 4248 speique
1839 4179 1897 4234 in
1925 4180 2008 4250 ip-

424 4286 546 4326 sum
570 4268 823 4324 ﬁrmiter
872 4267 1224 4323 adhaesimus.
1275 4268 1483 4324 Addam
1524 4285 1660 4325 vero
1702 4271 1791 4326 his
1832 4272 2006 4326 aliam

421 4363 589 4420 etiam
629 4377 741 4418 non
780 4359 1029 4416 inutilem
1061 4358 1582 4416 considerationem.
1618 4360 1672 4416 Si
1701 4362 1827 4433 quis
1856 4364 2003 4418 enim

2110 3174 2202 3228 τὸν
2230 3175 2429 3227 οἰκεῖον
2468 3174 2691 3227 σκοπόν.
2737 3172 2978 3226 Ἰουδαῖοι
3030 3172 3128 3243 μὲν
3173 3170 3301 3241 γὰρ,
3335 3169 3384 3224 οἳ
3425 3169 3521 3223 καὶ
3557 3170 3697 3222 εἰσὶν

2110 3266 2320 3329 εἰκόνες
2362 3265 2470 3318 τῶν
2512 3265 2621 3318 ἀπὸ
2679 3264 2850 3319 Κάῖν·
2905 3265 2987 3319 ὅτι
3037 3264 3140 3335 μέν
3182 3266 3309 3322 εἰσι.
3335 3261 3693 3331 γινώσκονται

2111 3357 2263 3428 παρά
2282 3375 2346 3426 γε
2372 3356 2460 3410 τοῦ
2485 3357 2701 3412 πάντων
2724 3355 2859 3410 Θεοῦ
2884 3374 2897 3387 ο
2923 3357 3005 3410 ὃτι
3033 3355 3089 3410 δὲ
3140 3355 3239 3426 τὴν
3268 3355 3599 3427 ἀπογραφὴν
3634 3355 3692 3437 ἐν

2111 3449 2279 3522 βίϐλῳ
2302 3449 2449 3519 ζωῆς
2476 3450 2577 3503 οὐκ
2605 3449 2810 3519 ἔχουσι.
2843 3448 3011 3517 σαφὲς
3054 3446 3122 3502 ἂν
3150 3447 3360 3516 γένοιτο
3388 3446 3477 3501 διά
3502 3462 3567 3513 γε
3595 3443 3691 3498 τοῦ

2102 3542 2434 3614 νσεσιγῆσθαι
2466 3542 2578 3595 τῶν
2615 3540 2725 3596 ἀπὸ
2760 3542 2899 3595 Κάῖν
2928 3540 3028 3613 τὴν
3066 3538 3235 3611 ζωήν.
3268 3540 3391 3593 ’Ότι
3419 3538 3528 3608 γὰρ
3556 3538 3687 3591 ἀνά-

2108 3648 2356 3703 γραπτον
2380 3630 2442 3685 τὸ
2468 3632 2526 3685 ὲν
2548 3629 2769 3701 Χριστῷ
2794 3630 2973 3699 γένος,
3004 3629 3100 3682 καὶ
3133 3630 3192 3681 ἐν
3223 3629 3413 3700 μνήμῃ
3445 3630 3511 3699 τῇ
3538 3627 3692 3697 παρὰ

2108 3721 2249 3792 Θεῷ,
2279 3719 2657 3792 παραδείξειεν
2705 3719 2795 3785 ἂν,
2828 3714 2983 3789 οἶμαί
3014 3735 3139 3783 που,
3172 3718 3234 3771 τὸ
3274 3717 3692 3789 ἀναγεγράφθαι

2110 3811 2321 3882 σαφῶς,
2367 3811 2468 3880 τὴν
2510 3811 2620 3866 τῶν
2670 3810 2894 3864 δικαίων
2938 3809 3120 3882 ζωὴν,
3151 3810 3294 3880 φημὶ
3338 3808 3403 3879 δὴ
3438 3808 3546 3862 τῶν
3579 3808 3690 3862 ἀπὸ

2107 3903 2241 3975 Σήθ.
2268 3902 2376 3958 Καὶ
2408 3905 2437 3956 ὁ
2478 3902 2577 3973 μὲν
2615 3901 2781 3965 Ἐνὼς
2809 3901 3065 3974 δεύτερος
3096 3901 3258 3963 εὐθὺς
3288 3901 3355 3954 ὲκ
3395 3900 3557 3964 Κάῖν,
3589 3900 3687 3954 πό-

2106 3996 2189 4050 λιν
2213 3994 2371 4065 ἔσχεν
2403 3992 2718 4064 ἐπώνυμον.
2759 3993 3019 4065 Φρονοῦσι
3049 3992 3161 4064 γὰρ
3201 3991 3339 4061 μόνα
3368 3990 3437 4045 τὰ
3468 3991 3561 4044 ἐπὶ
3584 3992 3689 4062 γῆς

2103 4088 2154 4141 oi
2198 4086 2427 4150 τάλανες
2464 4085 2727 4150 Ἰουδαῖοι,
2757 4084 2854 4156 τὴν
2886 4085 2994 4139 τῶν
3027 4084 3384 4156 πρωτοτόκων
3417 4083 3518 4137 οὐκ
3548 4083 3689 4136 εἰδό-

2105 4196 2194 4243 τες
2219 4177 2533 4249 ἐκκλησίαν,
2569 4176 2692 4231 οὕτε
2732 4177 2840 4249 μὴν
2870 4179 2951 4241 εἰς
2980 4177 3077 4248 τὴν
3104 4175 3215 4231 ἄνω
3243 4175 3561 4238 σπεύδοντες
3585 4176 3686 4229 πόα

2104 4272 2207 4325 λιν.
2234 4272 2527 4342 Εὐδοκιμεῖ
2564 4270 2621 4324 δὲ
2651 4269 2771 4324 λίαν
2814 4271 2844 4322 ό
2874 4270 2984 4323 ἀπὸ
3021 4268 3152 4340 Σὴθ,
3179 4268 3451 4330 τουτέστι,
3499 4266 3687 4331 Ἐνώς.

2116 4362 2474 4433 ὐνομάζεται
2526 4362 2637 4433 γὰρ
2668 4361 2770 4433 ἤδη
2818 4360 2913 4415 καὶ
2945 4359 3099 4417 Θεὸς.
3132 4359 3592 4430 Πεπλουτήκαμεν
3629 4359 3685 4412 δὲ

423 4454 579 4509 Caini
608 4462 666 4509 et
700 4452 830 4509 Seth
870 4461 1216 4523 posterorum
1247 4466 1424 4522 genus
1450 4460 1754 4519 recenseat,
1784 4452 2006 4524 praeﬁxo

2114 4454 2192 4509 διὰ
2217 4453 2455 4518 πίστεως
2486 4452 2587 4524 τὴν
2625 4453 2719 4505 ἐπὶ
2757 4451 2894 4522 τῷδε
2924 4451 3101 4516 δόξαν,
3122 4453 3173 4504 οἱ
3197 4450 3420 4523 Χριστῷ
3462 4450 3688 4521 προσδε-

424 4547 713 4617 utriusque
744 4546 918 4601 veluti
954 4544 1141 4600 radice
1172 4544 1406 4615 quadam
1434 4543 1666 4611 Adamo,
1706 4546 2000 4616 septimum

422 4638 646 4709 quidem
681 4637 750 4691 ab
775 4652 844 4692 eo
871 4635 1116 4691 inveniet
1143 4635 1378 4691 Lameeh
1406 4651 1474 4691 ex
1499 4635 1635 4691 Cain
1663 4646 1881 4705 natum;
1911 4654 2000 4695 se-

422 4730 655 4802 ptimum
704 4743 837 4784 vero
890 4714 1112 4784 rursum
1159 4728 1347 4783 Enocb
1398 4743 1467 4783 ex
1512 4728 1644 4784 Seth
1689 4747 1701 4783 :
1741 4730 1815 4786 ita
1851 4734 2000 4787 enim

422 4821 709 4893 utriusque
738 4822 910 4876 series
941 4836 1063 4877 sese
1092 4821 1260 4876 habet
1294 4839 1306 4873 :
1344 4839 1361 4871 ι
1394 4820 1587 4885 Adam,
1609 4820 1767 4888 Cain,
1791 4822 1999 4889 Enoch,

420 4912 648 4979 Gaidad,
667 4912 922 4979 Maviael,‘
946 4912 1322 4975 Mathusalem,
1347 4910 1605 4966 Lamech.
1637 4931 1654 4963 ι
1687 4912 1755 4967 Et
1774 4929 1999 4968 rursus:

427 5023 446 5057 ι
484 5005 685 5070 Adam,
728 5003 896 5070 Seth,
947 5004 1122 5069 Enos,
1165 5003 1403 5069 Cainan,
1462 5004 1778 5069 Malalehel,
1814 5005 1998 5071 Jul-ed,

421 5096 680 5153 Erleebu
716 5096 1016 5153 Videamus
1048 5096 1237 5167 itaque
1272 5095 1328 5149 in
1367 5096 1569 5166 quibus
1599 5105 1853 5167 uterque.
1891 5097 1998 5152 La-

423 5189 580 5244 meeh
610 5189 760 5244 enim
796 5204 925 5245 eum
965 5189 1232 5245 uxoribus
1259 5189 1375 5245 suis
1399 5189 1855 5246 consuetudinem
1899 5191 1998 5245 ha-

423 5278 563 5344 buit,
599 5279 793 5337 dicens
825 5299 841 5335 :
883 5300 902 5332 ι
936 5280 1135 5337 Audite
1176 5296 1369 5338 vocem
1410 5295 1610 5346 meam,
1646 5296 1844 5336 uxores
1891 5281 1998 5337 La-

422 5372 601 5437 mech,
626 5372 853 5428 auribus
870 5373 1138 5445 percipite
1160 5387 1447 5429 sermones
1464 5386 1644 5438 meos;
1665 5372 1794 5443 quia
1818 5373 1997 5429 virum

420 5464 596 5520 occidi
622 5466 677 5521 in
696 5465 898 5520 vulnus
920 5466 1075 5531 mihi,
1105 5473 1162 5522 et
1195 5464 1662 5522 adolescentulum
1688 5464 1742 5518 in
1766 5465 1997 5521 livorem

423 5554 578 5618 mihi,
607 5556 735 5626 quia
768 5557 974 5627 septies
1006 5556 1343 5613 vindicatum
1379 5562 1465 5611 est
1491 5571 1560 5611 ex
1591 5553 1725 5611 Cain
1753 5571 1766 5607 :
1791 5570 1857 5610 ex
1891 5554 1996 5608 La-

485 5672 532 5703 ⁷⁵
550 5668 722 5739 Hebr.
760 5673 967 5736 mm”.

422 5742 574 5799 Joan.
616 5759 671 5807 ς,
699 5743 786 5796 Si.

1076 5674 1123 5705 "
1148 5674 1290 5729 Psal.
1315 5689 1536 5737 xxxvm,
1579 5671 1665 5738 i3,
1696 5672 1781 5727 Η.
1859 5670 1906 5703 ’⁸
1946 5670 2087 5726 Psal.
2115 5688 2297 5738 sum,
2345 5671 2431 5726 η.

2106 4546 2480 4619 δραμηκάτες,
2522 4544 2618 4599 καὶ
2655 4544 2756 4615 τῆς
2784 4545 2863 4607 είς
2899 4543 3063 4597 αὑτὸν
3107 4542 3341 4606 ἐλπίδος,
3374 4543 3544 4614 ἀπρὶξ
3575 4543 3683 4612 iw.-

2112 4639 2286 4712 μένοι.
2317 4638 2625 4710 Προσθείην
2673 4637 2718 4689 δ’
2750 4635 2816 4690 ἃν
2863 4635 2942 4689 ἔτι
2993 4634 3088 4688 καὶ
3131 4635 3347 4705 ἑτέραν,
3383 4628 3462 4698 οἷς
3526 4620 3719 4703 ἔφην(

2109 4731 2436 4801 ἐπιτήρησιν
2463 4728 2791 4797 ἀναγκαίαν.
2822 4727 3169 4795 Γενεαλογεῖν
3197 4727 3307 4796 γὰρ
3328 4724 3488 4795 εἴπερ
3513 4721 3688 4776 ἓλοιτό

2105 4839 2190 4885 τις
2221 4822 2349 4886 τούς
2378 4838 2437 4874 τε
2468 4821 2576 4875 ἀπὸ
2603 4821 2744 4876 Κάῖν
2773 4821 2870 4875 καὶ
2902 4820 3030 4891 Σὴθ,
3065 4819 3390 4889 προαναθεὶς
3419 4817 3685 4887 ἑκατέρου

2108 4914 2264 4986 ῥίζαν
2305 4912 2496 4983 ῶσπερ
2539 4910 2665 4965 τινὰ
2711 4911 2803 4964 τὸν
2842 4910 3033 4980 Ἀδὰμ,
3064 4910 3291 4979 ἕϐδομον
3332 4908 3432 4977 μὲν
3460 4908 3687 4977 εὑρήσει

2103 5004 2296 5076 Λάμεχ
2341 5004 2447 5058 διὰ
2472 5003 2566 5057 τοῦ
2608 5004 2748 5058 Κάἶν
2791 5002 3109 5075 ἐρχόμενον·
3152 4999 3381 5070 ἓὸδομον
3428 4999 3485 5052 δὲ
3521 4997 3684 5053 αὐτὸν

2118 5096 2289 5167 Ἑνὼχ
2312 5094 2401 5150 διὰ
2426 5094 2521 5148 τοῦ
2557 5094 2665 5165 Σὴθ
2718 5095 3003 5163 γεγονότα.
3039 5094 3194 5162 Ἔχει
3228 5091 3285 5144 δὲ
3310 5090 3484 5155 οὕτως
3530 5092 3562 5160 ὴ
3598 5090 3687 5141 ἐπ’

2105 5188 2307 5258 ἀμφοῖν
2351 5186 2462 5240 τῶν
2502 5186 2749 5257 γενητῶν
2788 5185 3199 5256 ἅπαρίθμησις·
3233 5200 3253 5235 ε
3296 5182 3488 5253 Ἀδὰμ,
3520 5180 3681 5239 Κάῖν.

2117 5277 2303 5345 Ἐνὼς,
2344 5276 2561 5341 rem,
2597 5278 2870 5342 Μαουῖας,
2898 5276 3254 5341 Μαθουσάλι,
3288 5276 3500 5348 Λάμεχ.
3525 5292 3544 5325 ι
3575 5271 3683 5324 Καὶ

2102 5369 2298 5423 πάλιν·
2337 5388 2357 5422 ι
2409 5367 2587 5439 ’Δδὰμ
2608 5407 2623 5430 ,
2675 5367 2817 5438 Σὴθ,
2865 5365 3063 5431 Ἐνὼς,
3112 5366 3323 5428 Καῖὰν,
3376 5358 3682 5430 Μαλελεὴλι

2114 5463 2307 5533 Ἰάρεδ,
2341 5460 2531 5533 Ἑνώχ.
2581 5480 2600 5514 ι
2639 5460 2873 5533 Ἴὸωμεν
2911 5461 3093 5514 τοίνυν
3134 5461 3195 5513 ὲν
3228 5458 3368 5511 τίσιν
3401 5453 3677 5523 ἑκάτερος.

2111 5554 2173 5607 '0
2196 5553 2298 5625 μὲν
2326 5552 2436 5625 γὰρ
2463 5555 2656 5627 Λάμεχ
2681 5556 2802 5619 ταῖς
2830 5552 3027 5608 ἑαυτοῦ
3051 5549 3298 5621 γυναιξὶν
3315 5543 3682 5610 ἀνεκοινοῦτον

2552 5673 2597 5704 ’⁷
2638 5670 2777 5728 Gen.
2818 5688 2892 5738 ιν,
2931 5668 3018 5724 26.
3133 5668 3179 5700 "
3203 5664 3347 5720 Psal.
3393 5676 3569 5726 unt,
3610 5661 3680 5727 6;
