4052 6212
404 313 464 370 ει
1419 311 1476 369 S.
1517 313 1792 370 CYRILU
1828 312 2299 375 ALEXANDRINI
2337 313 2653 372 ARCHIEP.
3591 318 3662 374 Μ

403 431 670 505 ιοιψοιιὶε
687 430 1004 488 hominibus
1021 431 1167 486 Deus
1181 430 1330 488 Suos
1353 449 1367 484 ι
1391 430 1662 503 siquidem
1679 447 1804 488 cum
1821 429 1972 502 justi-

2084 432 2360 504 Κέκληται
2405 432 2516 505 γὰρ
2558 432 2709 506 παρὰ
2756 435 2868 497 τοῖς
2921 426 3177 505 τηνικάδε
3217 433 3348 499 Θεὸς
3389 438 3421 490 ὁ
3469 437 3659 502 Ἐνώς.

402 524 512 588 tiae,
544 539 652 595 qua
682 523 949 594 prazditus
978 531 1118 588 erat,
1149 524 1582 594 magnitudinem
1620 525 1974 589 mirarentur,

402 617 573 671 Deum
612 615 796 670 statim
839 615 1228 679 nominarunt,
1275 616 1697 671 convenientem
1741 615 1977 671 maxime

401 705 641 761 hominis
660 704 851 759 virtuti
875 720 997 760 eam
1026 705 1449 776 appellationem
1472 706 1865 761 existimantes.
1897 706 1977 760 Ex

400 800 549 857 Enos
580 814 732 861 vero,
761 797 877 856 sive
917 814 985 854 eo
1026 799 1115 853 cui
1148 815 1450 870 cognomen
1497 810 1618 855 erat
1661 801 1826 863 Deus,
1860 801 1973 855 nati

399 897 529 944 sunt
557 888 670 952 alii,
702 899 825 958 post
853 905 994 959 quos
1021 890 1186 946 etiam
1222 891 1457 947 Lamech
1494 901 1650 962 pater
1686 891 1802 947 Noe
1831 910 1844 945 :
1881 893 1974 963 qui

400 979 454 1033 in
491 980 588 1035 lilii
631 980 915 1035 nativitate
957 983 1225 1052 prepheta
1274 982 1460 1038 statim
1510 989 1596 1037 est
1643 981 1973 1048 declaratus,

397 1072 860 1142 quemadmodum
891 1074 1006 1129 fere
1044 1074 1210 1129 etiam
1237 1074 1529 1129 Zacharias
1579 1074 1633 1128 in
1673 1074 1835 1130 beato
1869 1074 1974 1129 Ba-

398 1164 579 1233 pBista.
613 1163 849 1219 Lamech
877 1164 1027 1219 enim
1055 1164 1226 1220 ﬁlium
1254 1181 1412 1221 suum
1447 1165 1660 1220 vocavit
1678 1165 1973 1236 Noe,un

396 1254 667 1325 signiﬁcat
706 1256 976 1325 requiem,
1009 1257 1055 1312 si
1099 1257 1157 1311 in
1198 1267 1442 1313 nostram
1484 1257 1728 1329 linguam
1767 1274 1833 1314 ea
1870 1274 1976 1313 vox

396 1346 780 1403 transferatur.
822 1347 1082 1405 Reddens
1116 1365 1250 1403 vero
1281 1349 1685 1419 quodammodo
1714 1350 1974 1421 hujusce-

393 1435 544 1492 modi
569 1438 954 1509 appellationis
977 1454 1198 1495 causam
1218 1438 1455 1495 Lamech
1488 1457 1500 1493 :
1535 1459 1553 1492 ι
1583 1439 1704 1506 Hic,
1729 1459 1747 1491 ι
1772 1440 1971 1511 inquit,

400 1545 417 1575 ι
447 1524 738 1595 quiescere
783 1525 950 1582 faciet
997 1514 1101 1584 nos
1155 1526 1226 1582 ab
1269 1526 1532 1598 operibus
1575 1527 1799 1593 nostris,
1844 1536 1903 1583 et
1942 1544 1974 1583 a

393 1628 541 1673 terra
582 1617 674 1673 cui
697 1619 983 1676 maledixit
1005 1618 1273 1675 Dominus
1292 1620 1436 1676 Deus
1452 1618 1521 1674 ⁸².
1542 1639 1560 1672 ›
1587 1620 1664 1675 De
1687 1619 1973 1691 splendida

391 1711 560 1782 igitur
592 1711 735 1770 adeo
783 1721 950 1784 atque
997 1712 1204 1783 optima
1236 1728 1331 1784 spe
1364 1713 1481 1768 Noe
1526 1713 1785 1769 nativitas
1827 1728 1973 1783 pra:-

386 1804 538 1861 dicta
579 1812 666 1863 est
706 1806 1010 1863 veteribus.
1061 1805 1131 1862 Et
1184 1805 1410 1876 quidem
1460 1805 1708 1861 decimus
1749 1805 1856 1861 fuit
1904 1806 1974 1861 ab

389 1896 563 1951 Adam
586 1911 687 1966 per
731 1895 865 1953 Seth
914 1896 989 1959 in,
1015 1896 1234 1968 generis
1276 1895 1458 1961 serie,
1500 1895 1860 1967 pervenitque
1902 1895 1973 1952 ad

391 1987 568 2055 ipsum
597 2002 770 2057 usque
799 1987 988 2043 vocari
1008 1987 1079 2043 ab
1098 1987 1356 2044 omnibus
1381 1988 1523 2043 Deos
1549 1988 1698 2042 Enos
1721 1994 1974 2057 posteros

389 2086 750 2145 cognomento
763 2079 914 2134 Dei.c
937 2077 1207 2135 Caeterum
1225 2088 1397 2145 erat,»
1420 2080 1650 2151 inquit,«
1676 2079 1790 2135 Noe
1812 2079 1975 2149 quin-

388 2178 679 2235 gentorum
721 2160 1049 2238 annorum;
1075 2180 1133 2228 et
1182 2174 1372 2243 genuit
1421 2181 1534 2229 tres
1582 2172 1759 2238 ﬁlios,
1812 2172 1969 2239 Sem,

388 2258 584 2325 (illam,
621 2267 681 2314 et
704 2260 964 2330 Japbeth;
994 2281 1013 2314 ι
1049 2271 1107 2320 et
1148 2262 1275 2318 Sem
1308 2262 1553 2332 quidem,
1599 2262 1646 2317 si
1684 2263 1969 2336 Hebraiam

390 2336 848 2418 signiﬁcationem
867 2350 1055 2409 Graec
1083 2353 1402 2418 transferas,
1433 2353 1824 2424 perfectionem,
1855 2354 1971 2411 sive

390 2439 636 2511 plantam
687 2442 961 2515 signiﬁcat
998 2461 1013 2499 :
1060 2442 1230 2500 Cham
1271 2460 1403 2500 vero
1438 2444 1765 2501 caliditatem
1807 2448 1842 2500 :'
1882 2447 1973 2502 Ja-

388 2530 561 2601 pbet‘b
617 2541 802 2588 autem
860 2532 1250 2589 dilatationem.
1317 2535 1525 2590 Deinde
1583 2537 1761 2607 inquit
1817 2553 1969 2593 sacra

391 2620 678 2692 Scriptura
706 2640 719 2677 :
752 2643 771 2675 ι
800 2623 871 2680 Ει
900 2623 1106 2682 factum
1142 2634 1249 2691 est,
1285 2626 1506 2697 quando
1543 2638 1831 2699 coeperunt
1866 2630 1973 2685 how.

390 2713 570 2774 mines
595 2715 950 2787 multiplicari
977 2733 1144 2787 super
1174 2726 1397 2784 terram,
1436 2729 1494 2775 et
1528 2720 1650 2776 ﬁliae
1672 2731 1813 2778 nata:
1842 2732 1971 2778 sunt

390 2806 488 2861 eis.
524 2806 785 2864 Videntes
818 2818 1002 2865 autem
1037 2810 1154 2865 ﬁlii.
1176 2811 1272 2866 Dei
1306 2810 1444 2867 ﬁlias
1482 2812 1791 2878 hominum,
1823 2816 1969 2885 quod

388 2896 637 2966 pulchra
676 2905 828 2964 sunt,
869 2907 1200 2969 acceperunt
1237 2900 1341 2955 sibi
1376 2917 1578 2958 uxores
1613 2919 1680 2957 ex
1712 2905 1972 2961 onmibus

391 3005 529 3057 quas
553 2989 853 3062 elegerant.
886 2991 955 3047 Et
993 2991 1130 3048 dixit
1162 2993 1427 3050 Dominus
1463 2995 1607 3051 Deus
1637 3013 1650 3049 :
1680 2996 1796 3051 Non
1840 3013 1968 3068 per-

2094 526 2309 598 Ἐπειδὴ
2346 527 2457 598 γὰρ
2502 528 2839 599 ἐτεθήπεσαν
2879 527 2978 597 τῆς
3018 527 3246 599 ἐνούσης
3280 528 3430 601 αὐτῷ
3457 530 3663 585 δικαιο-

2082 617 2247 688 σύνης
2287 618 2349 671 τὸ
2397 618 2649 690 μέγεθος,
2687 619 2822 673 Θεδν
2866 618 3151 691 ὠνόμαζον
3197 621 3383 684 εὐθὺς,
3427 621 3661 693 πρέπειν

2079 710 2164 763 ὅτι
2208 710 2445 782 μάλιστά
2476 728 2538 780 γε
2574 713 2641 783 τῇ
2674 710 2769 764 τοῦ
2797 711 2991 784 ἀνδρὸς
3020 712 3190 785 ἀρετῇ
3215 711 3312 783 τὴν
3343 712 3659 784 ἐπωνυμίαν

2081 802 2393 874 ἡγούμενοι.
2452 803 2584 857 ’Λπὸ
2630 803 2686 857 δὲ
2732 803 2826 857 τοῦ
2878 802 3074 870 Ἐνὼς,
3137 805 3258 874 ἦτοι
3290 804 3385 858 τοῦ
3429 805 3661 875 ἐπίκλην

2078 896 2238 961 Θεοῦ,
2281 897 2571 966 γεγόνασιν
2603 897 2800 968 ἕτεροι,
2842 897 2960 969 μεθ’
2988 896 3082 962 οὒς
3127 898 3222 951 καὶ
3250 898 3444 970 Λάμεχ
3468 900 3497 952 6
3535 900 3659 953 Νῶε

2080 991 2282 1063 πατὴρ,
2325 990 2384 1054 ὃς
2414 992 2509 1044 ἐπὶ
2540 994 2607 1062 τῇ
2635 990 2728 1044 τοῦ
2764 990 2954 1055 παιδὸς
2982 991 3226 1061 γενήσει,
3259 992 3548 1062 προφήτης
3571 994 3664 1045 εὖ-

2079 1085 2174 1143 θὺς
2194 1084 2597 1137 ἀναδείκνυται’
2633 1082 2886 1153 καθάπερ
2921 1081 3113 1152 ἀμέλει
3142 1082 3238 1134 καὶ
3274 1083 3548 1153 Ζαχαρίας
3566 1084 3659 1135 ἐπὶ

2076 1173 2152 1245 τῷ
2189 1173 2445 1244 μακαρίῳ
2472 1173 2773 1241 Βαπτιστῇ.
2806 1171 2930 1224 Νῶε
2968 1171 3067 1241 μὲν
3100 1171 3206 1244 γὰρ
3236 1173 3265 1225 6
3296 1170 3489 1242 Λάμεχ
3519 1171 3657 1224 ὠνό-

2080 1264 2217 1337 μαζε
2258 1264 2347 1319 τὸν
2387 1265 2537 1318 υἱόν·
2578 1265 2607 1319 ὅ
2654 1266 2801 1317 ἐστιν
2853 1263 3181 1326 ἀνάπαυσις,
3243 1265 3293 1316 εί
3327 1261 3550 1333 γλώσσῃ
3590 1265 3657 1354 τῇ

2076 1355 2200 1409 καθ’
2226 1357 2373 1426 ἡμᾶς
2390 1356 2423 1425 ἡ
2440 1354 2584 1419 λέξις
2608 1352 3036 1425 διερμηνεόοιτο.
3063 1352 3372 1417 Ἀποδιδοὺς
3392 1352 3447 1407 δὲ
3469 1352 3659 1422 ὥσπερ

2074 1445 2174 1517 τὴν
2200 1445 2381 1500 αἰτίαν
2413 1446 2511 1516 τῆς
2537 1443 2751 1498 τοιᾶσδε
2784 1442 3080 1514 κλήσεωςό
3111 1442 3321 1512 Λάμεχ,
3355 1461 3373 1493 ι
3416 1437 3604 1506 Οὗτος,
3635 1461 3653 1492 ι

2075 1537 2230 1607 φησὶ,
2266 1553 2285 1587 ι
2312 1534 2839 1605 διαναπαύσειήμᾶς
2870 1533 2980 1587 ἀπὸ
3011 1532 3123 1586 τῶν
3149 1531 3327 1603 ἔργων
3359 1532 3537 1604 ἡμῶν,
3564 1534 3661 1587 καὶ

2074 1628 2185 1684 ἀπὸ
2216 1630 2317 1700 τῆς
2345 1629 2449 1697 γῆς
2477 1624 2544 1700 ἦς
2573 1626 2928 1698 κατηράσατο
2959 1624 3166 1696 Κύριος
3206 1626 3236 1678 ό
3264 1624 3418 1688 Θεός.
3466 1644 3486 1678 ι
3536 1625 3659 1678 Ἐπὶ

2074 1719 2355 1791 λαμπραῖς
2396 1715 2490 1773 οὖν
2537 1717 2681 1772 οὕτω
2724 1720 2820 1773 καὶ
2860 1718 3269 1789 λιπαρωτάταις
3324 1717 3571 1783 ἐλπίσιν,
3624 1721 3657 1788 ἡ

2076 1812 2197 1866 Νῶε
2228 1813 2444 1881 γένεσις
2488 1813 2929 1883 προανεφωνεῖτο
2960 1812 3076 1874 τοῖς
3105 1808 3294 1864 πάλαι.
3334 1810 3447 1862 Καὶ
3481 1804 3550 1880 ἦν
3575 1809 3658 1861 δέ·

2073 1921 2239 1968 κατος
2268 1902 2328 1971 ἐξ
2369 1901 2545 1973 Ἀδὰμ
2581 1900 2670 1955 διὰ
2716 1899 2824 1973 Σὴθ
2878 1898 3402 1971 γενεαλογούμενος,
3463 1899 3658 1969 μέγρις

2071 1993 2239 2050 αὐτοῦ
2266 1994 2570 2067 διήκοντος,
2606 1992 2701 2047 τοῦ
2720 1990 3113 2063 διαηκλῆσθαι
3150 1990 3283 2054 δεῖν,
3316 1990 3452 2062 πρὸς
3486 1991 3659 2045 ἀπάν-

2071 2104 2181 2141 των
2222 2085 2411 2149 Θεοὺς,
2453 2085 2581 2143 τοὺς
2632 2082 2693 2149 ἐξ
2737 2079 2908 2146 Ἐνὼς
2943 2082 3240 2152 γεγονότας
3284 2080 3381 2134 τοῦ
3428 2082 3659 2153 ἐπίκλην

2071 2179 2229 2234 Θεοῦ.
2269 2197 2290 2231 ι
2342 2178 2486 2231 Ἀλλ’
2513 2173 2582 2249 ἦν
2604 2180 2633 2231 ὁ
2659 2175 2806 2241 Νῶε,
2842 2194 2862 2227 ι
2890 2175 3080 2247 φησὶμ
3101 2173 3469 2227 πεντακοσίων
3496 2172 3656 2233 ἐτῶν.

2072 2272 2165 2326 καὶ
2197 2270 2454 2340 ἐγέννησε
2483 2271 2632 2339 τρεῖς
2658 2267 2830 2332 υἱοὺς,
2860 2266 2953 2321 τὸν
2974 2264 3116 2335 Σὴμ.
3149 2266 3241 2318 τὸν
3257 2264 3407 2335 Χάμ,
3428 2265 3521 2316 τὸν
3555 2262 3655 2318 Ίά-

2073 2364 2195 2434 φεθ.
2232 2383 2251 2414 ι
2289 2362 2400 2418 Καὶ
2427 2361 2456 2413 6
2484 2360 2584 2432 μὲν
2608 2360 2729 2431 Σὴμ
2750 2358 3208 2432 τελειότης,ἧτοι
3227 2357 3499 2426 φύτευμα
3524 2370 3651 2425 μετ-

2068 2455 2387 2526 ονομάζοιτο
2438 2452 2506 2509 ἂν
2567 2452 2628 2518 ἐξ
2686 2452 2954 2525 Ἐϐραίων
3004 2451 3086 2514 είς
3144 2448 3372 2503 Ἐλλάδα
3436 2448 3648 2517 φωνήν·

2069 2549 2360 2618 θερμασία
2389 2546 2447 2600 δὲ
2480 2548 2508 2600 6
2538 2545 2669 2617 Χάμ
2690 2563 2701 2576 ·
2738 2544 3096 2613 πλατυσμὸς
3132 2543 3188 2596 δὲ
3209 2543 3237 2595 6
3278 2541 3481 2612 ⁸1ἀιρεθ.
3522 2535 3652 2593 Εἷτά

2070 2658 2205 2711 φησι
2259 2640 2321 2694 τὸ
2361 2640 2601 2710 Γράμμα
2657 2639 2717 2693 τὸ
2786 2638 2959 2709 ἱερόν·
3017 2655 3035 2688 ι
3093 2635 3344 2703 Ἐγένετο
3390 2633 3448 2689 δὲ
3495 2632 3654 2703 ἡνίκα

2070 2734 2306 2806 ἤρξαντο
2347 2724 2407 2787 οῖ’
2435 2732 2713 2804 ἄνθρωποι
2753 2731 2938 2785 πολλοὶ
2980 2729 3230 2798 γίνεσθαι
3264 2729 3359 2782 ἐπὶ
3399 2727 3497 2794 τῆς
3525 2725 3653 2795 γῆς,

2069 2824 2166 2879 καὶ
2192 2823 2495 2896 θυγατέρες
2512 2824 2886 2895 ἐγεννήθησαν
2911 2822 3118 2885 αὐτοῖς.
3136 2821 3360 2881 Ἰδόντες
3382 2817 3439 2871 δὲ
3465 2819 3514 2871 οἱ
3551 2817 3657 2870 uici.

2068 2917 2168 2971 τοῦ
2208 2915 2347 2971 Θεοῦ
2385 2916 2485 2979 τὰς
2524 2915 2835 2986 θυγατέρας
2870 2913 2980 2967 τῶν
3010 2910 3335 2983 ἀνθρώπων,
3370 2911 3455 2963 ὅτι
3496 2907 3658 2964 καλαί

2068 3009 2226 3072 εἰσιν,
2259 3006 2450 3061 ἔλαϐον
2494 3008 2710 3068 ἑαυτοῖς
2740 3005 3006 3074 γυναῖκας
3043 3003 3151 3057 ἀπὸ
3196 3002 3390 3055 πασῶν
3439 2994 3513 3054 ὧν
3567 3001 3657 3065 ἐξα

392 3079 637 3146 manebit
661 3080 891 3152 spiritus
916 3098 1073 3143 meus
1109 3083 1166 3167 in
1192 3084 1511 3164 hominibus
1546 3085 1686 3151 istis,
1723 3086 1778 3142 in
1807 3094 1970 3143 teter?

2076 3096 2345 3163 ελὲξαντο.
2373 3096 2486 3149 Καὶ
2506 3091 2626 3148 εἷπε
2656 3093 2861 3165 Κύριος
2888 3095 2917 3148 ὁ
2946 3093 3109 3157 Θεός·
3140 3092 3217 3148 Οὐ
3251 3093 3326 3166 μὴ
3351 3092 3658 3163 καταμείνῃ

393 3188 546 3237 num,
585 3189 653 3228 eo
688 3174 835 3243 quod
869 3174 981 3229 sint
1020 3174 1125 3245 ipsi
1171 3191 1388 3231 carnes.
1423 3176 1601 3233 Erunt
1638 3187 1822 3233 autem
1855 3178 1974 3234 dies

393 3264 611 3320 illorum
660 3273 880 3321 centum
911 3265 1102 3338 viginti
1135 3268 1285 3333 anni.
1315 3267 1386 3323 At
1412 3267 1658 3340 gigantes
1688 3277 1846 3325 erant
1876 3285 1972 3329 su-

394 3369 491 3421 per
516 3361 717 3409 terram
746 3354 1026 3411 indiebus
1050 3356 1160 3411 illis
1180 3356 1248 3411 ⁸³.
1274 3377 1292 3408 ι
1320 3356 1388 3413 Et
1413 3365 1537 3428 post
1565 3357 1702 3413 illud
1729 3377 1742 3412 :
1780 3378 1800 3410 ι
1820 3359 1975 3416 Post-

391 3459 557 3513 quam
602 3443 836 3516 ingressi
861 3454 990 3501 sunt
1027 3446 1124 3502 ﬁlii
1165 3449 1261 3504 Dei
1295 3448 1365 3504 ad
1402 3448 1543 3506 ﬁlias
1570 3450 1880 3519 hominum,
1914 3461 1973 3507 et

390 3544 704 3604 genuerunt
731 3537 843 3594 illis
872 3556 884 3592 :
916 3538 1007 3594 isti
1036 3539 1263 3596 fuerunt
1288 3542 1536 3614 gigantes
1561 3559 1594 3599 a
1628 3545 1831 3599 sarculo
1867 3545 1971 3599 Ιιοη

392 3629 569 3691 mines
625 3630 895 3688 nominati
942 3630 1012 3689 “.
1057 3653 1077 3687 ι
1129 3635 1425 3707 Postquam
1468 3636 1616 3694 enim
1668 3637 1969 3695 humanum

390 3738 564 3791 genus
593 3723 650 3779 in
672 3739 924 3795 magnam
950 3727 1359 3785 multitudinem
1379 3737 1465 3786 est
1496 3739 1876 3805 prepagatum,
1915 3730 1969 3787 in

389 3815 631 3872 absurda
679 3818 975 3875 mulierum
1021 3820 1297 3878 desideria
1339 3823 1600 3893 prolapsi,
1642 3824 1840 3894 inquit,
1872 3824 1969 3879 ﬁlii

390 3906 508 3971 Dei,
534 3918 869 3979 acceperunt
889 3910 993 3966 sibi
1020 3910 1155 3982 ipsis
1181 3913 1441 3969 mulieres
1467 3930 1532 3969 ex
1556 3913 1815 3970 omnibus
1834 3931 1972 3986 quas

387 3999 683 4071 elegerant.
714 4000 825 4073 28
842 4001 1030 4073 Neque
1046 4019 1179 4059 vero
1205 4004 1542 4078 ignoramus,
1565 4006 1619 4060 in
1640 4005 1968 4076 quibusdam

387 4093 794 4162 exemplaribus
815 4095 891 4150 ita
920 4106 1110 4166 aperte
1132 4097 1237 4170 legi
1267 4116 1279 4152 :
1313 4118 1331 4149 ι
1360 4098 1624 4155 Videntes
1649 4107 1834 4154 autem
1868 4112 1969 4153 an-

389 4182 494 4252 geli
524 4183 623 4239 Dei
654 4183 794 4239 ﬁlias
825 4185 1130 4249 hominum.
1154 4208 1172 4239 ι
1198 4189 1466 4243 Praeterea
1492 4190 1822 4262 detorquent
1850 4191 1972 4263 qui-

389 4273 512 4337 dam
541 4275 901 4346 voluptuariaz
931 4277 1096 4349 hujus
1118 4280 1243 4335 vitae
1272 4279 1693 4348 incusationem,
1722 4284 1970 4354 adeoque

391 4366 631 4436 turpium
676 4368 1038 4440 cupiditatum
1088 4373 1305 4453 culpam
1358 4373 1415 4428 in
1456 4373 1701 4445 perditos
1749 4376 1971 4447 angelos

2072 3187 2137 3242 τὸ
2170 3186 2389 3258 πνεῦμά
2418 3203 2520 3257 μου
2546 3186 2604 3239 ἐν
2644 3188 2756 3249 τοῖς
2809 3183 3119 3257 ἀνθρώποις
3168 3186 3414 3250 τούτοις,
3454 3186 3532 3249 εἰς
3567 3183 3658 3237 τὸν

2073 3279 2265 3345 αίῶνα,
2290 3277 2379 3332 διὰ
2417 3277 2477 3331 τὸ
2520 3272 2663 3333 εἶναι
2700 3277 2899 3340 αὐτοὺς
2945 3276 3176 3347 σάρκας.
3214 3276 3472 3329 Ἔσονται
3506 3274 3563 3328 δὲ
3600 3275 3655 3326 ai

2073 3375 2283 3446 ἡμέραι
2312 3370 2476 3426 αὐτοῦ
2514 3370 2598 3443 ρκ’
2626 3369 2742 3443 ἐτη.
2776 3371 2839 3423 Οί
2876 3370 2934 3423 δέ
2977 3370 3235 3439 γίγαντες
3270 3364 3412 3440 ἦσαν
3441 3368 3533 3421 ἐπὶ
3559 3367 3657 3437 τῆς

2074 3463 2197 3532 γῆς.
2245 3464 2301 3516 ἐν
2345 3464 2468 3525 ταῖς
2507 3459 2743 3532 ἡμέραις
2772 3460 3031 3524 ἐκείναις.
3078 3479 3097 3512 ι
3130 3460 3241 3513 Καὶ
3284 3458 3404 3530 μετ’
3442 3459 3651 3512 ἐκεῖνοο

2080 3574 2097 3605 ι
2143 3556 2230 3617 Ὠς
2253 3553 2320 3608 ἂν
2350 3553 2762 3624 εἰσεπορεύοντο
2789 3553 2840 3606 οἱ
2873 3553 2979 3606 uio".
2993 3551 3088 3607 τοῦ
3110 3551 3246 3606 Θεοῦ
3264 3551 3402 3623 πρὸς
3430 3549 3530 3613 τὰς
3558 3547 3654 3602 θυ-

2073 3645 2316 3717 γατέρας
2333 3645 2441 3699 τῶν
2472 3645 2570 3699 ἀνο
2580 3644 2800 3715 ρώπων,
2824 3645 2918 3698 καὶ
2943 3643 3241 3713 ἐγέννησαν
3261 3644 3495 3706 ἑαυτοῖς·
3516 3643 3657 3696 ἐκεῖ·

2072 3756 2155 3795 νοι
2186 3733 2330 3809 ἦσαν
2365 3739 2414 3791 οἱ
2442 3736 2695 3806 γίγαντες
2728 3737 2778 3790 οἱ
2813 3735 2910 3791 ἀπ’
2950 3734 3151 3798 αἰῶνος
3195 3735 3245 3787 οἱ
3290 3731 3572 3807 ἅνθρωποι
3602 3733 3653 3784 oi

2071 3829 2380 3902 ὀνομαστοί.
2422 3847 2439 3881 ι
2495 3828 2713 3900 Ἐπειδὴ
2742 3828 2852 3897 γὰρ
2873 3829 2954 3892 εἰς
2985 3826 3188 3898 πολλὴν
3219 3825 3319 3899 ήδη
3356 3824 3566 3896 πληθὺν
3597 3824 3659 3878 τὺ

2073 3924 2183 3977 τῶν
2220 3921 2527 3994 ἀνθρώπων
2552 3918 2851 3986 ἐξετείνετο
2879 3920 3057 3990 γένος,
3085 3921 3166 3983 εἰς
3192 3918 3486 3988 ἐπιθυμίαν
3506 3919 3659 3971 sm

2074 4013 2333 4085 πωτάτην
2368 4012 2606 4081 γυναίων
2644 4013 3067 4075 ἐκπεπτωκότες
3113 4012 3164 4064 οἱ
3201 4010 3341 4074 υἱοὶ,
3370 4008 3527 4080 φησὶ,
3559 4007 3655 4061 τοῦ

2071 4103 2241 4169 Θεοῦ,
2296 4103 2488 4157 ἔλαϐον
2531 4104 2747 4167 ἑαυτοῖς
2784 4106 3050 4172 γυναῖκας
3086 4100 3195 4156 ἀπὸ
3233 4100 3423 4154 πασῶν
3457 4093 3533 4152 ὧν
3569 4098 3656 4162 ἐξ·

2072 4198 2341 4265 ελέξαντο.
2378 4197 2612 4268 Οἴδαμεν
2644 4192 2737 4251 οὖν
2774 4196 2990 4251 ὅτιτῶν
3018 4194 3370 4266 ἀντιγράφων
3410 4192 3532 4247 τινὰ
3570 4210 3659 4251 πε-

2074 4290 2245 4363 ριέχει
2281 4290 2467 4359 σαφῶς
2491 4306 2503 4318 ο
2540 4310 2558 4340 ι
2592 4289 2812 4352 Ἰδόντες
2847 4289 2904 4343 δὲ
2940 4291 2989 4341 οἱ
3019 4287 3243 4357 ἄγγελοι
3268 4284 3363 4339 τοῦ
3393 4282 3532 4339 Θεοῦ
3560 4283 3659 4348 τὰς

2073 4379 2381 4452 θυγατέρας
2421 4379 2530 4433 τῶν
2564 4377 2886 4448 ἀνθρώπων.
2928 4398 2946 4431 ι
2983 4373 3118 4431 Εἶτα
3149 4377 3541 4449 περιτρέπουσί
3579 4394 3660 4431 τι-

392 4461 713 4532 cnnjiciunt,
750 4464 879 4535 quia
911 4480 943 4519 a
981 4465 1254 4539 principio
1281 4482 1381 4523 suo
1412 4466 1786 4538 desciverunt,
1827 4470 1971 4525 sicut

2074 4489 2163 4536 νες
2204 4475 2304 4544 τῆς
2345 4471 2706 4543 φιλοσαρκίας
2754 4470 2821 4524 τὰ
2861 4470 3217 4541 ἐγκλήματα.
3252 4470 3346 4524 καὶ
3387 4470 3489 4540 τῆς
3518 4469 3660 4523 οὕτω

393 4552 657 4623 scriptum
687 4564 772 4611 est
796 4556 865 4609 ⁸⁸.
894 4558 1009 4629 Ego
1048 4574 1180 4614 vero
1215 4560 1465 4630 quemvis
1500 4559 1671 4615 animi
1713 4562 1969 4619 morbum

2080 4564 2480 4635 μνσαρωτάτης
2506 4562 2802 4633 ἐπιθυμίας
2828 4561 3132 4616 ἀνάπτουσι
3180 4561 3280 4624 τὰς
3312 4562 3496 4625 αἰτίας
3532 4560 3660 4614 ὠλι-

389 4642 497 4695 illis
520 4645 815 4701 convenire
844 4647 1100 4715 dixerim,
1129 4660 1294 4720 atque
1325 4651 1655 4716 asseruerim
1681 4670 1694 4715 ς
1731 4652 1811 4707 rei
1836 4670 1970 4711 vero

2078 4654 2338 4726 σθηκόσιν
2361 4654 2634 4723 ἀγγέλοις,
2655 4653 2704 4706 οῖ
2733 4651 2829 4723 τὴν
2847 4650 2982 4705 ἰδίαν
3014 4651 3192 4723 ἀρχὴν
3214 4651 3275 4705 οὒ
3296 4653 3658 4724 τετηρήκασι,

390 4734 768 4802 probationem
812 4753 978 4808 quam
1008 4742 1326 4815 longissime
1358 4744 1428 4811 ab
1467 4759 1536 4799 eo
1575 4745 1723 4816 quod
1768 4747 1968 4803 rationi

2076 4746 2218 4808 κατὰ
2241 4745 2303 4809 τὸ
2332 4743 2743 4815 γεγραμμένον.
2788 4739 2931 4810 Ἐγὼ
2962 4739 3019 4794 δὲ
3057 4742 3140 4794 ὅτι
3176 4741 3285 4794 πᾶν
3321 4738 3660 4810 ἀρρώστημα

387 4836 819 4885 consentaneum
851 4839 955 4895 est,
984 4832 1116 4888 ferri
1144 4834 1324 4891 sinere
1349 4835 1650 4896 absurdum
1676 4837 1968 4909 imprimis,

2074 4837 2167 4903 νοῦ
2215 4837 2415 4909 πρέποι
2452 4835 2518 4890 ἂν
2560 4835 2811 4899 ἐκείνοις,
2855 4833 3026 4904 φαίην
3059 4832 3125 4886 ἂν
3160 4833 3255 4886 καὶ
3287 4830 3657 4901 συνθήσομαι’

388 4934 512 4973 meo
539 4919 763 4989 quidem
783 4920 1017 4993 judicio,
1054 4924 1241 4981 fuerit.
1271 4926 1387 4983 Hoc
1409 4928 1557 4985 enim
1591 4937 1844 4985 nostrum
1883 4929 1972 4985 in-

2074 4928 2131 4982 τὺ
2166 4929 2225 4983 δέ
2252 4945 2315 4997 γε
2342 4927 2436 4980 τοῦ
2470 4926 2683 4991 εἰκότος
2708 4923 2973 4996 λογισμοῦ
2999 4923 3101 4995 τὴν
3135 4922 3230 4977 ἐπὶ
3262 4921 3342 4989 τῷ
3371 4920 3660 4991 πράγματι

387 5010 640 5067 stitutum
669 5021 774 5078 est,
810 5015 1174 5086 singulorum,
1199 5033 1322 5088 qua:
1354 5019 1559 5091 scripta
1591 5031 1741 5088 sunt,
1768 5023 1972 5081 verita-

2074 5023 2256 5076 πίστιν
2278 5021 2353 5086 ὡς
2387 5020 2662 5086 ἀπωτάτω
2691 5020 2956 5090 φέρεσθαι
2992 5018 3319 5089 συγχωρεῖν,
3356 5014 3444 5087 εἴη
3466 5014 3554 5079 ἂν,
3586 5014 3660 5079 ὦς

391 5111 499 5158 tem
532 5103 847 5176 inquirere,
878 5123 988 5163 non
1013 5117 1197 5164 autem
1223 5109 1277 5164 in
1307 5110 1626 5167 universum
1649 5112 1970 5175 daemoniaci

2074 5114 2133 5183 γέ
2157 5098 2553 5185 μοιῂφαίνεται,
2594 5113 2704 5168 τῶν
2744 5111 3130 5169 ἀτοπωτάτων.
3154 5107 3366 5170 Σκοπὸς
3402 5105 3511 5177 γὰρ
3534 5109 3662 5178 ἡμῖν

386 5194 565 5271 gregis
594 5197 817 5253 morbos
846 5197 1170 5271 intelligere.
1203 5199 1432 5270 Semper
1466 5200 1613 5255 enim
1638 5202 1972 5272 cupiditates

2079 5206 2176 5276 τὴν
2229 5207 2313 5277 ἐφ’
2362 5206 2578 5276 ἐκάστῳ
2623 5204 2734 5260 τῶν
2786 5200 3192 5272 γεγραμμένων
3216 5197 3474 5269 ἀλήθειαν
3499 5214 3660 5250 κατα-

390 5285 608 5345 innatos
651 5286 704 5340 in
741 5290 903 5346 nobis
945 5298 1129 5346 motus
1170 5292 1327 5361 sequi
1367 5292 1634 5347 videmus.
1668 5293 1777 5349 Aut
1821 5297 1967 5351 enim

2080 5295 2410 5350 σκέπτεσθαι
2455 5295 2650 5365 φιλεῖν,
2681 5294 2777 5349 καὶ
2794 5293 2915 5364 οὐχὶ
2944 5292 3008 5364 δὴ
3042 5292 3260 5354 πάντως
3303 5289 3371 5344 τὰ
3413 5290 3510 5360 τῆς
3552 5287 3661 5340 τῶν

389 5379 570 5434 carnis
599 5380 731 5447 vitia
758 5397 1024 5449 amamus,
1068 5396 1165 5441 aut
1194 5401 1293 5456 per
1333 5402 1457 5457 quae
1483 5403 1569 5451 ea,
1595 5403 1716 5457 quae
1745 5387 1814 5443 ad
1843 5404 1968 5443 car-

2077 5386 2347 5458 δαιμόνων
2367 5386 2568 5459 ἀγέλης
2594 5387 2796 5449 ἐννοεῖν
2822 5383 3082 5456 ἀρῤωστή
3090 5401 3257 5455 ματα.
3286 5381 3537 5436 Μάλιστα
3563 5380 3659 5448 μὲν

389 5488 514 5535 nem
538 5475 818 5542 pertinent
844 5476 1001 5544 ﬁunt,
1026 5479 1246 5547 maximi
1272 5467 1454 5545 iacere
1480 5481 1741 5543 solemus,
1799 5482 1968 5538 Volu-

2077 5473 2187 5550 γὰρ
2240 5478 2328 5532 ἀεὶ
2378 5480 2479 5541 τὰς
2528 5477 2826 5549 ἐπιθυμίας
2873 5476 3147 5547 ἑπομένας
3190 5474 3410 5544 ὁρῶμεν
3454 5473 3564 5533 τοῖς
3603 5471 3657 5520 ὲν

392 5572 569 5644 plates
608 5575 791 5628 autem
826 5584 1169 5651 nequaquam
1190 5588 1289 5630 nos
1325 5582 1478 5633 extra
1508 5574 1784 5637 naturales
1823 5572 1971 5643 leges

2078 5574 2208 5642 ἡμῖν
2243 5574 2424 5642 αὐτοῖς
2450 5574 2539 5627 καὶ
2565 5574 2826 5649 ἐμφῦτοις
2860 5572 3172 5644 κινήμασιν.
3197 5570 3265 5620 Ἦ
3284 5565 3390 5644 γὰρ
3425 5562 3490 5627 τὰ
3530 5579 3655 5631 σαφ’

461 5740 505 5771 “
545 5743 682 5798 Gen.
707 5760 759 5807 v,
783 5743 873 5799 29.
956 5744 1158 5801 “Gen.
1187 5763 1259 5811 vl,
1292 5749 1396 5801 i-i.
1432 5742 1435 5745 ’
1474 5750 1519 5780 ⁸⁸
1546 5748 1683 5805 Ibid.
1753 5745 1805 5776 “
1829 5748 1985 5804 Joan.
2014 5763 2125 5811 \‘lll,
2168 5748 2254 5802 Η.
