4052 6212
288 344 359 397 Ξὶὖ
1317 344 1839 404 GLAPHYRORUM
1880 345 1888 401 l

1987 342 2290 401 caussa
2330 342 2459 399 LIB.
2498 339 2576 401 ιι..
3485 324 3564 395 ιιι·

284 458 383 523 ,ὡς
407 459 721 529 ἀγαπῶμεν
751 457 919 530 πάθη,
944 458 977 529 ἦ
1004 458 1075 513 δι’
1097 451 1174 515 ὧν
1208 459 1276 515 ἃν
1305 461 1515 530 γένοιτο
1549 461 1619 516 τὰ
1653 462 1876 534 σαρκὸς,

1981 457 2188 524 ferunt,
2215 459 2367 530 juxta
2393 458 2448 513 id
2471 456 2630 528 quod‘
2649 455 2784 513 mihi
2809 455 2951 512 bene
2986 470 3050 511 ac
3084 470 3214 513 vere
3239 455 3445 514 habere
3472 463 3555 515 vi—

284 549 463 603 ταῦτα
506 550 639 621 περὶ
686 549 941 603 πλείστου
979 552 1158 605 ποιεῖν
1199 550 1506 622 εἰθίσμεθα.
1537 549 1685 618 Ἔξω
1715 552 1772 606 δὲ
1797 552 1878 605 νό-

1977 551 2171 617 detur;
2202 558 2410 621 utpote,
2439 549 2674 620 exempli
2703 548 2898 621 gratia,
2923 554 3053 605 esus
3079 562 3143 604 ac
3170 557 3352 620 potus,
3378 559 3434 607 et
3457 566 3553 607 na-

288 658 411 711 μων
433 641 546 695 τῶν
567 641 839 711 φυσικῶν,
880 641 982 695 οὐκ
1015 641 1443 713 ἀποκομίζουσιν
1481 645 1629 715 ἡμᾶς
1666 644 1874 715 ἡδοναὶ,

1979 641 2174 697 turalis
2220 657 2349 696 eum
2401 640 2731 697 mulieribus
2775 652 3105 712 congressus
3129 679 3144 706 ,
3197 640 3381 697 carnis
3429 652 3557 698 sunt

286 734 437 786 κατά
467 749 543 802 γε
582 734 644 786 τὺ
695 733 847 805 αὐτῷ
892 750 985 805 μοι
1022 734 1205 800 καλῶς
1240 753 1304 790 τε
1354 737 1451 791 καὶ
1484 734 1701 807 ἀληθῶς
1734 737 1878 809 ἔχειν

1977 744 2146 804 opera
2168 740 2225 787 et
2247 731 2739 787 vitia.Divitiarum
2761 738 2946 786 autem
2972 730 3241 807 acgloriae
3260 730 3553 796 desideria,

283 825 504 878 δοκοῦν.
536 818 664 878 Οξον
690 823 822 895 φέρε
852 826 1052 891 εἰπεῖν,
1077 826 1278 898 βρῶσίς
1300 845 1358 881 τε
1391 828 1485 881 καὶ
1516 828 1693 894 πόσις,
1718 829 1813 882 καὶ
1841 828 1876 899 ἡ

1977 823 2163 881 carnis
2203 821 2580 894 voluptatibus
2609 821 2937 887 inserviunt,
2977 820 3271 891 omniaque
3311 821 3428 878 fere
3458 837 3557 893 per

290 912 529 980 γυναίων
572 915 735 985 τυχὸν
771 915 959 986 ὁμιλία
987 917 1219 989 φυσικὴ,
1261 923 1462 988 σαρκὸς
1507 918 1574 973 ἂν
1597 915 1708 973 εἷεν
1741 920 1879 991 ἔργα

1978 917 2095 973 haec
2121 916 2178 971 in
2199 915 2406 971 mundo
2427 912 2737 985 procedunt
2758 911 2911 978 vitia,
2926 911 3082 983 juxta
3106 910 3241 967 illud
3263 927 3293 966 a
3309 911 3554 981 sapiente

288 1019 351 1054 τε
388 1003 488 1056 καὶ
517 1004 685 1075 παθη.
732 1002 973 1060 Πλούτου
1012 1006 1070 1061 δὲ
1111 1004 1179 1062 αὖ
1224 1010 1319 1063 καὶ
1359 1009 1519 1080 δόξης
1553 1010 1875 1081 ἐπιθυμίαι,

1980 1009 2250 1080 discipulo
2295 1008 2505 1063 dictum
2535 1004 2841 1073 :Quoniam
2873 1023 2892 1056 ι
2942 1018 3104 1060 omne
3158 1004 3307 1074 quod
3354 1014 3439 1060 est
3498 1005 3553 1059 in

289 1096 416 1158 ταῖς
462 1095 560 1166 τῆς
606 1097 808 1169 σαρκὸς
845 1098 1209 1170 ὑπηρετοῦσιν
1249 1102 1501 1172 ἡδοναῖς,
1552 1103 1644 1155 καὶ
1693 1103 1878 1173 σχεδὸν

1979 1101 2206 1165 mundo,
2228 1096 2673 1170 concupiscentia
2700 1096 2882 1152 carnis
2900 1105 3004 1161 est,
3028 1104 3086 1152 et
3110 1096 3553 1166 concupiscentia

297 1186 515 1241 inm-ra
534 1188 620 1242 διὰ
653 1189 859 1244 τούτων
883 1190 1107 1263 ἔρχεται
1136 1191 1207 1247 τὰ
1232 1196 1291 1247 ὲν
1323 1193 1514 1265 κόσμῳ
1540 1194 1708 1264 πάθη,
1737 1193 1879 1247 κατὰ

1978 1191 2286 1258 oculorum,
2314 1200 2372 1248 et
2396 1189 2653 1261 superbia
2679 1189 2806 1244 vitae
2830 1189 2897 1243 ⁸⁸.
2928 1208 2945 1241 ι
2981 1188 3329 1260 Ejuscemodi
3369 1202 3552 1243 rerum

289 1278 357 1331 τὸ
390 1278 578 1350 λεχθὲν
615 1280 695 1351 τῷ
722 1282 872 1353 σοφῷ
907 1284 1146 1357 μαθητῇ,
1183 1287 1265 1339 ὅτι
1300 1305 1320 1337 ι
1362 1287 1471 1339 πᾶν
1494 1286 1637 1339 τδ-ἑν
1664 1287 1874 1357 κόσμῳ,

1977 1300 2081 1340 nos
2119 1285 2320 1341 acerba
2350 1284 2643 1355 graviaque
2666 1282 2939 1338 desideria
2994 1281 3155 1336 facile
3188 1280 3438 1336 inescant
3485 1278 3550 1333 ad

287 1372 325 1439 ἠ
358 1370 627 1443 ἐπιθυμία
654 1375 757 1444 τῆς
800 1377 1006 1448 σαρκὸς
1052 1378 1147 1431 καὶ
1185 1379 1218 1450 ὴ
1258 1378 1521 1449 ἐπιθυμία
1541 1378 1650 1433 τῶν
1678 1378 1880 1448 ὀφθαλ-

1977 1392 2040 1433 ea
2069 1376 2357 1448 cogitanda
2397 1390 2463 1432 ac
2499 1374 2748 1431 facienda
2787 1390 2910 1445 quae
2937 1374 3119 1430 carnis
3152 1381 3297 1429 sunt.
3328 1372 3399 1428 Ut
3421 1388 3552 1427 vero

290 1462 437 1531 μῶν,
468 1466 562 1518 καὶ
585 1466 619 1535 ἡ
649 1465 933 1529 ἀλαζονεία
962 1468 1057 1523 τοῦ
1087 1469 1226 1538 βίου.
1263 1488 1282 1521 ι
1308 1470 1430 1524 Τῶν
1453 1468 1710 1526 τοιούτων
1732 1472 1878 1541 ἡμᾶς

1978 1483 2042 1523 ea
2063 1484 2185 1538 qua:
2207 1476 2362 1523 extra
2388 1482 2588 1539 corpus
2616 1480 2680 1521 ac
2713 1475 2914 1537 prater
2950 1473 3202 1520 naturam
3235 1473 3362 1520 sunt
3402 1479 3551 1518 ame-

285 1552 353 1606 αί
398 1556 594 1624 πικραὶ
620 1558 901 1629 ἐπιθυμίαι
945 1559 1039 1612 καὶ
1079 1559 1271 1623 δειναὶ,
1304 1559 1694 1632 σαγηνεύουσιν
1729 1561 1879 1615 εὐκόο

1980 1576 2122 1625 mus,
2146 1560 2297 1616 nulla
2320 1560 2460 1617 ratio
2485 1560 2644 1615 nobis
2664 1557 3019 1629 persuaserit.
3037 1557 3245 1613 Deinde
3266 1573 3375 1628 quo
3397 1567 3555 1628 pacto

284 1646 401 1712 λως
432 1647 528 1699 ἐπὶ
554 1648 618 1701 τὸ
650 1653 868 1721 φρονεῖν
893 1650 1109 1706 ἑλέσθαι
1139 1652 1232 1705 καὶ
1267 1652 1400 1723 δρᾷν
1427 1652 1499 1706 τὰ
1519 1653 1617 1723 τῆς
1641 1653 1841 1723 σαρκός
1858 1669 1874 1683 ·

1979 1668 2091 1708 non
2121 1652 2368 1709 stultitia:
2406 1651 2720 1722 proximum
2763 1650 2835 1705 sit
2877 1649 3063 1705 dicere
3118 1649 3346 1720 spiritus
3388 1664 3552 1705 carne

287 1739 401 1793 τῶν
426 1756 495 1808 γε
543 1741 652 1811 μὴν
683 1741 788 1808 ἔξω
816 1740 1068 1810 σώματος
1095 1744 1191 1796 καὶ
1223 1743 1375 1814 παρὰ
1404 1742 1566 1811 φύσιν
1603 1744 1756 1814 ἑρᾷν,
1795 1742 1881 1795 οὐ·

1974 1743 2317 1813 superiores,
2365 1742 2434 1797 ab
2482 1756 2658 1810 eaque
2691 1748 2951 1802 semotus,
3009 1739 3309 1795 carnalium
3366 1755 3552 1795 amore

284 1828 403 1892 δεὶς
434 1829 720 1883 ἀναπείσει
747 1829 922 1899 λόγος.
960 1826 1093 1884 Εἶτα
1125 1831 1244 1896 πῶς
1270 1813 1371 1886 οὒκ
1416 1830 1483 1886 ἂν
1518 1831 1727 1901 γένοιτο
1765 1848 1877 1901 μω-

1950 1828 1952 1859 θ
1983 1833 2128 1903 tangi
2158 1851 2170 1887 :
2198 1833 2416 1903 qualem
2439 1831 2509 1886 ad
2544 1831 2651 1885 hoc
2678 1831 2983 1886 naturalem
3016 1838 3225 1886 motum
3268 1830 3550 1894 habentes,

290 1920 418 1988 ρίας
459 1920 631 1990 ἐγγὺς
665 1921 727 1975 τὺ
765 1921 1046 1994 σαρκικῶν
1082 1922 1311 1996 ἐρᾶσθαι
1348 1924 1528 1993 λέγειν
1565 1923 1633 1978 τὰ
1675 1923 1878 1995 σαρκδς

1978 1934 2073 1981 aut
2098 1940 2206 1995 qua
2238 1926 2356 1995 lege
2382 1938 2480 1979 eos
2502 1921 2791 1988 incitante,
2817 1923 3280 1993 quemadmodum
3312 1922 3424 1980 fere
3455 1938 3555 1980 nos

285 2012 553 2083 ἀνωτέρω
576 2012 671 2065 καὶ
695 2011 1026 2085 ἐξεστηκότα
1065 2015 1351 2087 πνεύματα
1369 2030 1384 2046 ·
1415 2015 1576 2070 ποίαν
1611 2016 1692 2078 εἰς
1719 2014 1879 2068 τοῦτο

1978 2017 2127 2085 ipsos
2174 2016 2243 2071 ad
2288 2014 2626 2087 ejuscemodi
2672 2013 2962 2070 aﬁ‘ectibns
3012 2013 3408 2077 laborandum,
3462 2023 3554 2069 aut

286 2104 512 2173 κίνησιν
525 2104 716 2176 ἔχοντα
733 2106 989 2177 φυσικὴν,
1005 2106 1037 2178 ἢ
1058 2107 1215 2162 ποίου
1230 2108 1396 2179 νόμου
1412 2105 1875 2181 κατερεθίζοντος,

1976 2107 2130 2163 aliis?
2166 2107 2354 2177 Neque
2396 2120 2534 2161 vero
2570 2106 2767 2161 harum
2812 2121 2996 2160 rerum
3039 2105 3199 2177 culpa
3247 2105 3553 2161 dmmonum

285 2191 547 2264 καθάπερ
580 2194 795 2264 ᾴμέλει,
840 2196 935 2250 καὶ
964 2197 1110 2267 ἡμᾶς
1139 2196 1341 2261 αὐτοὺς
1380 2197 1463 2263 είς
1501 2213 1566 2267 γε
1588 2196 1649 2250 τὸ
1674 2198 1878 2269 χρῆναι

1979 2199 2199 2255 turbam
2228 2197 2549 2252 liberamus.
2583 2196 2791 2267 lmpuri
2822 2196 2972 2251 enim
3011 2212 3077 2253 ac
3115 2196 3352 2268 profani,
3393 2204 3554 2268 atque

280 2283 451 2355 διψᾷν
477 2286 548 2338 τὰ
573 2287 752 2340 τοιάδε
776 2286 885 2341 τῶν
903 2287 1113 2353 παθῶν,
1135 2287 1311 2353 ἄλλως
1338 2306 1396 2343 τε
1417 2306 1431 2354 ;
1462 2289 1554 2361 Μὴ
1577 2288 1687 2362 γὰρ
1708 2288 1773 2362 δὴ
1788 2307 1874 2343 τυ-

1977 2290 2036 2345 ἰιι
2063 2287 2297 2361 quodvis
2320 2286 2681 2358 turpitudinis
2713 2301 2889 2358 genus
2916 2287 3191 2357 proclives
3215 2293 3365 2343 sunt.
3391 2286 3560 2358 Atqui

286 2378 389 2446 χδν
414 2377 520 2448 τῆς
540 2378 634 2431 ἐπὶ
660 2378 872 2443 τούτοις
896 2381 1076 2445 αίτίας
1108 2380 1524 2453 ἀπαλλάττομεν
1558 2381 1671 2435 τῶν
1695 2383 1879 2454 δαιμο-

1978 2382 2191 2438 Iaboret
2235 2380 2422 2446 etiam,
2468 2380 2514 2435 si
2567 2380 2765 2451 placet,
2810 2393 2937 2434 cum
2986 2379 3129 2445 aliis,
3180 2379 3555 2451 voluptatibus

286 2468 423 2520 νίων
455 2468 517 2521 τὸ
550 2469 754 2538 στίφος.
774 2469 1014 2525 ’Δνόσιον
1035 2472 1144 2543 γὰρ
1167 2473 1262 2527 καὶ
1287 2472 1636 2544 βέὄηλον,καὶ
1666 2474 1746 2539 είς
1768 2475 1877 2527 πᾶν

1977 2487 2198 2544 quoque
2213 2482 2422 2528 natura:
2440 2484 2553 2525 sua:
2571 2468 3024 2540 repugnantibus.
3045 2466 3317 2524 Caeterum
3335 2465 3566 2538 quando-

287 2558 474 2612 ὁτιοῦν
510 2560 619 2615 τῶν
661 2561 908 2615 ἐκτόπων
944 2562 1191 2627 εὐπετές.
1216 2564 1328 2618 Καὶ
1355 2566 1578 2619 νοσείτω
1602 2565 1741 2636 μετὰ
1766 2566 1877 2621 τῶν

1976 2566 2161 2622 divina
2173 2563 2455 2634 Scriptura
2492 2561 2674 2632 inquit
2698 2560 2846 2633 quod
2859 2559 3137 2632 congressi
3151 2570 3282 2615 sunt
3296 2575 3420 2616 cum
3436 2574 3557 2613 mu-

288 2644 497 2706 ἇλλων.
521 2647 570 2699 εί
598 2645 763 2710 δοκεῖ,
782 2649 878 2702 καὶ
898 2648 1001 2713 τὰς
1020 2650 1171 2723 παρὰ
1183 2651 1346 2723 φύσιν
1365 2653 1577 2725 ἡδονάς.
1595 2655 1877 2710 unum

1976 2656 2227 2721 lieribus,
2254 2656 2362 2727 39
2378 2655 2484 2711 illa:
2506 2670 2639 2710 vero
2676 2660 3009 2731 pepererunt
3032 2661 3257 2708 vocatos
3289 2651 3554 2723 gigantes.

287 2738 322 2808 ἡ
362 2737 486 2790 θεία
512 2736 666 2806 λέγει
699 2739 912 2811 Γραφὴ,
942 2742 1018 2808 ὡς
1042 2744 1312 2817 συνῄεσαν
1343 2745 1441 2816 μὲν
1465 2747 1577 2810 τοῖς
1606 2748 1873 2817 γυναίοις,

1978 2748 2084 2805 hoc
2115 2757 2220 2813 est,
2246 2747 2486 2819 ingentia
2524 2754 2791 2810 monstra,
2816 2754 3078 2801 caterum
3113 2743 3367 2799 homines
3387 2743 3553 2798 ratio~

286 2827 359 2881 τὰ
388 2826 450 2882 δὲ
471 2828 629 2882 ἔτεκε
672 2830 801 2895 τοὺς
840 2832 1209 2904 καλουμένους
1238 2834 1503 2904 γίγαντας
1523 2851 1538 2867 ’
1573 2836 1875 2900 τουτέστιν,

1975 2843 2066 2898 nis
2085 2840 2385 2912 participes
2400 2881 2415 2903 ,
2446 2840 2577 2909 quid
2609 2839 2679 2895 de
2702 2838 2808 2894 hoc
2833 2836 3068 2909 amplius
3090 2836 3369 2908 ambigere
3392 2851 3554 2905 opor-

288 2916 513 2982 ἐξαίσια
560 2918 785 2989 τέρατα,
833 2920 974 2993 πλὴν
1017 2922 1337 2994 ἀνθρώπους
1389 2924 1677 2994 λογικούς⁹
1705 2928 1759 2981 τί
1810 2928 1874 3001 δὴ

1978 2934 2093 2990 tet?
2113 2933 2301 3003 Neque
2324 2932 2471 2986 enim
2494 2947 2523 2988 ε
2559 2931 2848 3002 spiritibus
2879 2927 3197 3001 longissime
3216 2944 3252 2982 a
3276 2941 3442 2982 carne
3468 2941 3555 2981 se-

286 3008 404 3080 ἄρα
452 3010 593 3082 πρὸς
629 3012 789 3066 τοῦτο
827 3013 1228 3085 διαλογίζεσθαι
1247 3018 1388 3090 χρής
1416 3019 1490 3073 Οὐ
1517 3019 1627 3091 γὰρ
1655 3021 1765 3075 ἀπό
1810 3037 1875 3091 γε

1976 3026 2146 3081 motis
2170 3023 2264 3079 ﬁat
2295 3022 2351 3077 in
2381 3023 2609 3079 muliere
2636 3021 2879 3078 hominis
2906 3019 3248 3078 constitutio.
3273 3018 3557 3089 Nugantur

288 3103 628 3174 πνευμάτων
662 3105 771 3158 τῶν
799 3107 1073 3162 ἀπωτάτω
1105 3109 1310 3181 σαρκὸς
1343 3111 1541 3179 γένοιτ’
1578 3113 1645 3167 ἂν
1670 3114 1751 3177 είς
1778 3113 1876 3183 γύο

1977 3104 2161 3173 ουιειῆ
2186 3115 2459 3180 nonnulli,
2487 3124 2544 3171 et
2571 3114 2729 3170 vanis
2751 3112 3078 3170 commentis
3098 3125 3216 3165 rem
3246 3109 3556 3172 involvunt,

287 3213 449 3252 ναιον
473 3194 763 3267 ἀνθρώπου
796 3199 1092 3270 καταϐολή.
1132 3200 1556 3272 Εἰκαιομυθοῠσι
1594 3202 1652 3257 δέ
1707 3221 1874 3270 τινες,

1980 3207 2392 3273 verisimilibus,
2419 3216 2482 3262 ut
2504 3206 2862 3270 arbitrantur,
2882 3201 3188 3259 rationibus
3208 3201 3263 3257 id
3280 3201 3425 3272 quod
3450 3200 3554 3256 im-

292 3289 390 3341 καὶ
431 3287 892 3357 κατασοφίζονται
922 3289 984 3341 τὸ
1026 3288 1236 3361 χρῆμα,
1260 3291 1509 3354 πιθανοῖς
1556 3293 1633 3352 ὡς
1675 3294 1876 3348 οἴονται

1978 3299 2242 3371 possibile
2266 3306 2370 3362 est,
2410 3296 2717 3367 palliantes.
2746 3295 2974 3366 lllapsos
3010 3293 3158 3349 enim
3198 3292 3473 3348 daemones
3499 3291 3554 3348 in

296 3381 584 3449 ;.ογισμοτς
621 3379 678 3432 τὸ
700 3379 960 3466 ἀδύνατον
993 3381 1419 3446 ὑποκλέπτοντες
1435 3400 1449 3415 ο
1484 3383 1748 3451 γεγοιότα
1769 3384 1877 3456 γὰρ

1979 3392 2153 3448 malos
2171 3391 2345 3456 aiunt,
2373 3405 2436 3444 ac
2460 3404 2556 3464 per
2576 3389 2722 3459 ipsos
2740 3388 2950 3442 semina
2971 3386 3231 3441 immissa.
3250 3383 3554 3440 Absurdam

291 3472 352 3523 ὲν
382 3470 617 3541 ἀνδράσι
637 3470 708 3524 τὰ
743 3471 957 3544 πονηρά
987 3488 1119 3542 φασι
1145 3473 1419 3545 δαιμόνια,
1449 3475 1517 3529 δι’
1551 3475 1727 3530 αὐτῶν
1765 3478 1879 3548 sip-

1975 3503 2111 3545 vero
2121 3496 2285 3557 atque
2300 3484 2620 3557 ignorantiae
2635 3483 2854 3553 plenam
2868 3496 2989 3537 esse
3014 3494 3208 3536 eorum
3232 3478 3562 3535 sententiam

290 3564 501 3631 τὰζετο
523 3563 621 3629 τὰς
659 3562 768 3617 τῶν
814 3565 1146 3636 σπερμάτων
1194 3564 1520 3629 καταϐολὰς.
1559 3566 1794 3638 Ἀκαλλῆ
1820 3567 1878 3621 δὲ

1977 3579 2137 3635 facile
2162 3576 2584 3647 compericmus.
2611 3573 2748 3630 Nam
2789 3571 2934 3643 quod
2958 3586 3115 3628 sacra
3142 3568 3427 3641 Scriptura
3447 3583 3562 3624 non

293 3654 510 3726 σφόδρα
536 3654 633 3708 καὶ
664 3655 906 3726 ἀμαθίας
929 3656 1176 3727 ἔμπλεων
1203 3656 1293 3710 τὸν
1311 3657 1471 3725 λόγον
1499 3657 1683 3721 αὐτοῖς
1712 3658 1878 3731 εὑρή-

1977 3677 2231 3735 testatur,
2244 3683 2479 3739 quanam
2500 3666 2715 3721 ratione
2732 3663 3105 3728 admittemus,
3119 3670 3282 3731 atque
3296 3675 3397 3731 pro
3412 3659 3560 3716 veris

296 3763 491 3818 σομεν.
530 3749 600 3801 Ὃ
637 3747 751 3820 γὰρ
787 3748 888 3802 οὐκ
931 3747 1153 3819 εἴρηκεν
1209 3748 1243 3819 ἠ
1284 3747 1400 3802 θεία
1425 3746 1637 3820 Γραφὴ,
1663 3748 1783 3804 τίνα
1811 3748 1877 3821 δὴ

1979 3759 2343 3815 habebimus?
2362 3757 2511 3812 Hanc
2534 3756 2704 3827 igitur
2717 3754 2902 3824 potius
2918 3752 3210 3808 lectionem
3231 3766 3527 3822 sequemur
3544 3770 3554 3804 :

295 3839 505 3910 τρόπον
549 3839 986 3911 παραδεξόμεθα,
1031 3840 1125 3893 καὶ
1181 3840 1240 3893 ὲν
1279 3841 1393 3904 τοῖς
1434 3838 1650 3911 ἀληθῶς
1694 3839 1878 3910 ἔχουσι

1988 3870 2007 3902 ι
2033 3850 2295 3907 Videntes
2320 3859 2503 3904 autem
2533 3847 2631 3901 ﬁlii
2651 3846 2749 3901 Dei
2777 3843 2915 3900 ﬁlias
2936 3843 3241 3909 hominum,
3263 3841 3409 3913 quod
3433 3843 3554 3911 pul-

296 3928 815 4000 καταλογιούμεθας
874 3928 1083 3983 οὐκοῦν
1149 3928 1577 3999 ἀναγνωσόμεθα
1642 3928 1844 4000 μᾶλλον
1862 3945 1877 3960 '

1979 3942 2127 3997 ειη-ω
2147 3949 2349 4004 essent,
2370 3944 2701 4007 acceperunt
2722 3934 2826 3989 sibi
2848 3947 3050 3988 uxores
3063 3947 3132 3988 ex
3152 3931 3406 3986 omnibus
3421 3947 3557 4001 quas

302 4039 324 4071 ι
356 4020 588 4085 Ἰδόντες
615 4020 677 4074 δὲ
702 4021 753 4075 οἱ
792 4021 898 4074 υἱοὶ
926 4020 1020 4074 τοῦ
1049 4018 1184 4074 Θεοῦ
1214 4019 1312 4084 τὰς
1334 4019 1640 4092 θυγατέρας
1662 4020 1772 4074 τῶν
1794 4021 1882 4075 ἀνι

1979 4032 2277 4103 clegerant.
2306 4049 2324 4082 ι
2346 4030 2497 4083 Facit
2518 4035 2699 4082 autem
2725 4026 2791 4081 ad
2815 4026 2979 4095 hujus
2994 4021 3249 4080 lectionis
3267 4021 3555 4077 conlinun-

298 4111 561 4183 θρώπων,
604 4112 689 4166 ὅτι
729 4111 889 4166 καλαί
933 4112 1090 4176 εἰσιν,
1123 4111 1313 4165 ἔλαϐον
1350 4113 1563 4175 ἑαυτοῖς
1613 4115 1882 4180 γυναῖκας

1981 4123 2186 4177 tionem
2207 4120 2443 4175 aliorum
2458 4118 2623 4172 etiam
2652 4116 3015 4187 interpretum
3037 4112 3339 4170 translatio.
3359 4112 3552 4183 Aquila

247 4258 255 4264 ,
299 4204 412 4259 ἀπὺ
464 4205 658 4260 πασῶν
707 4199 784 4259 ὧν
826 4205 1155 4272 ἐξελέξαντο.
1178 4225 1197 4259 ι
1240 4204 1500 4275 Ἐμπεδοῖ
1555 4203 1615 4258 δὲ
1679 4205 1847 4276 μᾶλλο

1981 4213 2129 4270 enim
2149 4210 2363 4283 inquit:
2386 4209 2623 4264 Videnm
2643 4215 2821 4265 autem
2845 4205 2948 4276 ﬁlii
2972 4206 3189 4263 deorum
3220 4204 3364 4275 ﬁlias
3386 4207 3554 4261 homi-

301 4298 438 4367 ἡμῖν
461 4294 641 4369 ὀρθῶς
686 4295 913 4367 ἔχουσαν
937 4296 1037 4367 τὴν
1055 4296 1263 4351 τοιάνδε
1285 4295 1521 4368 γραφὴν,
1543 4296 1638 4350 καὶ
1663 4298 1696 4367 ἡ
1728 4294 1882 4366 παρὰ

1982 4322 2128 4363 num.
2147 4301 2508 4377 Symmachus
2525 4313 2677 4365 vero,
2700 4313 2799 4370 pro
2816 4297 2919 4368 ﬁlii
2939 4298 3177 4364 deorum,
3206 4297 3482 4354 transtulit
3494 4296 3556 4366 ﬁ-

301 4387 411 4443 τῶν
437 4387 644 4459 ἑτέρων
684 4388 1030 4460 ἑρμηνευτῶν
1067 4388 1338 4452 ἀπόδοσις.
1380 4389 1611 4453 ’Δκύλας
1645 4389 1746 4460 μὲν
1770 4389 1878 4461 γάρ

1982 4397 2042 4451 lii
2070 4404 2339 4468 potentum
2363 4409 2381 4448 :
2413 4391 2558 4446 ﬁlios
2574 4390 2765 4460 utique
2788 4388 3019 4447 deorum
3038 4404 3103 4445 ac
3116 4395 3404 4459 potentum
3420 4387 3558 4443 ﬁlios

303 4498 496 4551 φησιν,
546 4481 804 4546 Ἰδόντες
835 4479 905 4534 δὲ
946 4484 999 4535 σί
1030 4478 1146 4535 υἱοὶ
1181 4478 1300 4535 τῶν
1332 4481 1483 4535 θεῶν
1506 4482 1613 4547 τὰς
1634 4481 1879 4550 θυγατέ-

1960 4536 1964 4557 ,
1984 4488 2115 4545 Seth
2132 4497 2294 4557 atque
2310 4485 2459 4540 Enos
2470 4490 2822 4548 vocaverunt;
2837 4480 2908 4538 ob
2919 4495 3040 4537 eam
3054 4478 3391 4557 qua-pmditi
3404 4488 3560 4535 erant

298 4589 416 4641 ρας
450 4572 579 4627 τῶν
619 4571 966 4641 ἀνθρώπων.
1003 4571 1299 4642 Σύμμαχος
1345 4571 1402 4625 δὲ
1455 4567 1524 4626 αὖ
1585 4572 1706 4626 ἀντὶ
1760 4571 1878 4638 τοῦ,

1987 4576 2399 4636 sanctimoniam
2424 4589 2487 4630 ac
2509 4573 2790 4645 pietatem,
2814 4571 3075 4644 quodque
3095 4585 3288 4626 omnes
3302 4569 3557 4625 adversa-

301 4664 424 4718 υἱοὶ
448 4662 573 4717 τῶν
604 4662 772 4727 θεῶν,
804 4664 1097 4719 ἐκδέδωκεν
1124 4668 1177 4719 οι
1200 4662 1315 4720 υἱοί
1346 4664 1465 4719 τῶν
1487 4665 1883 4722 δυναστευόν-

1988 4669 2099 4725 rios
2120 4667 2276 4724 facile
2297 4670 2643 4737 superarent,
2666 4663 2970 4734 opitulante
2995 4660 3148 4733 ipsis,
3182 4668 3246 4716 ut
3266 4658 3561 4715 verisimile

304 4772 445 4809 των.
484 4756 647 4820 Υίοὺς
673 4755 732 4810 δὲ
752 4754 891 4810 θεῶν
919 4756 1012 4810 καὶ
1034 4757 1141 4828 μὴν
1169 4758 1264 4812 καὶ
1287 4757 1720 4815 δυναστευόντων
1754 4762 1882 4826 τοὺς

1986 4765 2090 4823 est,
2109 4758 2241 4823 Deo,
2266 4763 2629 4827 sanctumque
2646 4766 2820 4823 genus
2841 4750 3171 4814 illustrante,
3192 4747 3342 4821 quod
3359 4762 3561 4819 nequa-

308 4847 420 4901 ἀπό
439 4863 503 4917 γε
530 4846 628 4901 τοῦ
652 4847 759 4919 Σὴθ
788 4848 881 4902 καὶ
906 4847 1001 4902 τοῦ
1043 4848 1214 4915 Ἐνὼς
1244 4849 1549 4922 ὠνόμαζον,
1580 4851 1669 4908 δια
1701 4872 1760 4907 τε
1781 4854 1882 4925 τὴν

1986 4863 2152 4919 quam
2195 4846 2351 4902 alteri
2391 4844 2703 4900 immistum‘
2747 4850 2888 4907 erat,
2939 4841 3046 4899 hoc
3086 4849 3193 4906 est,
3246 4840 3314 4896 iis
3349 4839 3442 4911 qui
3496 4854 3559 4894 ex

309 4938 538 4993 ινοῦσαν
564 4940 749 5004 αὐτοῖς
779 4941 1033 5012 ὁσιότητα
1068 4943 1162 4996 καὶ¹
1204 4941 1499 5011 φιλοθειαν,
1531 4945 1626 5000 καὶ
1649 4945 1712 4999 τὸ
1744 4946 1881 4999 πᾶν·

1979 4939 2113 4996 Cain
2163 4937 2270 4992 orti
2316 4943 2493 5002 erant,
2539 4943 2596 4992 et
2638 4934 2898 5000 Lamech,
2933 4932 3029 5005 qui
3074 4932 3339 4988 nimirum
3386 4937 3562 4999 pater-

310 5046 422 5082 των
448 5030 708 5084 δύνασθαι
739 5032 1029 5086 καταθλεῖν
1057 5033 1164 5086 τῶν
1187 5033 1599 5104 ἀνθεστηκότων
1617 5053 1633 5069 ·
1663 5036 1881 5108 ἐπαμύ-

1980 5030 2069 5086 nis
2114 5029 2359 5100 vestigiis
2417 5027 2698 5091 insistens,
2762 5027 2867 5083 fuit
2918 5023 3213 5080 homicida.
3269 5021 3563 5077 Confessus

309 5123 495 5186 νοντός
522 5139 625 5175 που
664 5126 808 5179 κατὰ
831 5125 893 5178 τὸ
929 5125 1076 5189 εἰκὸς
1100 5125 1194 5179 τοῦ
1242 5125 1401 5195 Θεοῦ,
1435 5129 1528 5182 καὶ
1586 5128 1886 5199 περιφανὲς

1980 5119 2128 5175 enim
2147 5126 2269 5174 est:
2297 5136 2318 5169 ι
2348 5116 2618 5184 Quoniam
2654 5116 2835 5173 virum
2863 5113 3045 5171 occidi
3093 5113 3151 5168 in
3175 5112 3377 5167 vulnus
3406 5111 3561 5173 mihi,

309 5215 706 5283 ἀποφαίνοντος
729 5216 793 5270 τὺ
827 5215 1116 5287 ἱερώτατόν
1139 5233 1199 5271 τε
1231 5219 1326 5273 καὶ
1347 5219 1501 5287 ἅγιον
1530 5219 1686 5288 γένος
1705 5238 1719 5252 ·
1745 5220 1886 5292 ὅπερ

1981 5217 2038 5265 et
2091 5209 2560 5267 adolescentulum
2605 5208 2663 5266 in
2706 5208 2945 5264 vibicem
3001 5205 3156 5260 mihi.
3225 5223 3244 5258 ι
3309 5203 3562 5272 Quandiu

308 5301 381 5375 ἦν
418 5306 650 5375 ἄμικτον
693 5307 775 5377 τῷ
808 5307 1000 5379 ἑτέρῳ,
1030 5309 1297 5373 τουτέστι,
1323 5313 1436 5373 τοῖς
1473 5311 1580 5365 ἀπὸ
1614 5311 1753 5365 Κάῖν
1789 5311 1886 5366 καὶ

1993 5300 2179 5370 itaque
2223 5315 2441 5356 sacrum
2483 5314 2657 5374 genus
2676 5298 2884 5369 absque
2928 5296 3044 5351 ullo
3069 5295 3198 5351 mali
3234 5295 3564 5351 commercio

315 5392 425 5464 μὴν
446 5394 542 5448 καὶ
575 5395 793 5466 Λάμεχο
825 5396 883 5461 ὃς
910 5397 973 5467 δὴ
997 5398 1093 5452 καὶ
1107 5402 1228 5453 κατ’
1255 5399 1396 5471 ἴχνος
1422 5400 1524 5457 ίὼν
1536 5400 1629 5454 τοῦ
1657 5403 1880 5475 πατρὸς,

1991 5392 2149 5458 vixit,
2197 5392 2418 5463 pietatis
2460 5407 2590 5463 erga
2630 5391 2806 5445 Deum
2854 5385 3212 5458 pulchritudo
3279 5400 3417 5458 pura
3467 5386 3564 5440 ad-

314 5482 506 5550 γέγονε
533 5486 793 5556 φονευτής
820 5501 833 5512 ·
855 5485 1124 5556 ὡμολόγει
1183 5489 1310 5562 γὰρ,
1342 5508 1360 5542 ι
1388 5490 1509 5543 Ὅτι
1560 5489 1731 5562 ἄνδρα
1773 5492 1882 5545 ἀπο

1991 5485 2100 5541 huc
2159 5493 2217 5539 et
2282 5486 2498 5541 sincera
2554 5482 2613 5537 in
2672 5480 2815 5552 ipsis.
2870 5478 3134 5550 fulgebat,
3183 5478 3564 5534 admirabiles-

317 5572 534 5624 ἐιιτεινα
563 5575 641 5635 είς
656 5572 876 5644 τραῦμα
899 5576 1040 5645 ἐμοὶ,
1076 5578 1170 5631 καὶ
1202 5577 1482 5635 νεανίσκον
1517 5579 1596 5642 είς
1644 5578 1882 5646 μώλωπα

1991 5594 2097 5648 que
2147 5595 2243 5634 eos
2297 5576 2549 5633 faciebat.
2586 5577 2881 5645 Postquam
2921 5587 3053 5627 vero
3094 5571 3162 5627 ad
3203 5571 3384 5628 carnis
3419 5571 3552 5627 desi-

392 5748 438 5778 “
473 5749 517 5804 ll
559 5750 714 5807 Joan.
749 5767 806 5817 ιι,
840 5752 939 5807 ιο.-
