4050 6210
529 345 598 406 59
1558 347 1614 404 S.
1655 343 1928 402 CYRILIJ
1971 341 2438 398 ALEXANDRINI
2476 341 2792 398 ARCIIIEP.
3722 331 3791 387 60

600 461 656 516 ι.
692 458 830 517 Cum
865 461 1049 532 itaque
1085 477 1269 519 sermo
1312 464 1472 520 nobis
1506 464 1617 518 huc
1666 478 1842 532 usque
1874 461 1946 516 sit
1992 477 2119 530 per-

2289 460 2351 515 δ’.
2403 461 2730 531 ’Δφιγμὲνου
2757 459 2814 512 δὲ
2843 459 2941 529 ἤδη
2972 457 3108 528 πρὸς
3136 456 3292 508 τοῦτο
3330 456 3458 525 ἡμῖν
3491 453 3582 505 τοῦ
3613 452 3792 519 λόγου,

528 549 765 615 ductus,
791 559 848 605 et
871 550 925 604 in
937 551 1100 606 nudae
1121 552 1319 608 littera:
1339 553 1654 608 narratione
1683 551 1946 606 historico
1973 565 2124 604 more

534 649 930 710 consumptus,
976 643 1114 697 nihil
1152 644 1333 709 ultra,
1365 653 1427 698 ut
1449 660 1550 715 ego
1585 643 1807 714 quidem
1848 643 2123 705 arbitror,

538 732 859 801 requiritur.
912 733 1023 804 Age
1065 734 1284 804 itaque,
1326 736 1543 805 singula
1591 750 1785 790 eorum
1828 748 1950 803 qua!
1979 733 2125 788 dicta

539 832 670 876 sunt
694 823 872 892 capita
914 832 1264 894 repetentes,
1300 827 1572 881 occultam
1620 827 1770 880 intus
1819 825 1872 878 in
1907 825 1975 878 iis
1997 839 2127 877 con-

539 913 949 981 templationem
1028 915 1458 978 transferentes,
1503 915 1734 970 Christi
1803 912 2125 984 mysterium

537 1000 930 1054 concinnemus
950 1042 964 1066 ,
991 1011 1048 1056 et
1079 1003 1275 1057 salutis
1306 1019 1404 1072 per
1430 1004 1607 1073 ipsum
1643 1002 1893 1072 prazstita:
1937 1001 2128 1071 imagi-

540 1105 662 1143 nem
677 1091 968 1160 quamdam
981 1108 1043 1147 ac
1059 1102 1241 1164 typum
1254 1094 1420 1148 fuisse
1432 1094 1784 1149 ostendamus
1796 1093 1908 1146 Noe
1925 1093 2124 1161 ipsum,

541 1183 867 1254 sapiensque
909 1193 1073 1254 atque
1107 1185 1384 1240 ineffabile
1428 1185 1494 1240 de
1545 1202 1670 1240 arca
1707 1184 1906 1239 divinae
1945 1183 2128 1252 provi-

539 1272 741 1328 dentia:
765 1275 1075 1330 consilium.
1116 1276 1287 1330 Natus
1311 1277 1494 1346 itaque
1527 1285 1612 1332 est
1637 1277 1750 1330 Noe
1773 1291 1840 1330 ex
1867 1275 2124 1340 Lamech,

539 1377 648 1416 non
665 1378 732 1416 eo
754 1363 848 1432 qui
869 1364 1049 1418 virum
1073 1374 1130 1419 et
1165 1365 1564 1420 adolescentem
1597 1366 1909 1430 occiderat,
1939 1365 2034 1420 sed
2061 1381 2128 1419 ex

537 1452 644 1506 alio
668 1453 914 1523 ejusdem
935 1454 1174 1509 nominis
1199 1469 1264 1508 ex
1284 1455 1435 1509 Seth.
1462 1455 1620 1510 Ortus
1649 1466 1831 1510 autem
1855 1463 1940 1509 est
1962 1455 2127 1509 etiam

538 1545 803 1599 Dominus
849 1556 1038 1601 noster
1083 1547 1244 1602 Jesus
1282 1547 1534 1602 Christus
1570 1563 1640 1603 ex
1687 1548 1890 1611 Israel,
1936 1555 2128 1602 sancto

537 1633 759 1702 quidem
801 1644 1025 1705 propter
1061 1645 1276 1706 patres,
1309 1646 1567 1692 cmterum
1601 1654 1668 1693 ex
1705 1639 1908 1708 populo
1948 1653 2130 1692 mores

542 1725 774 1780 Lamech
836 1727 1142 1790 referente,
1185 1734 1349 1796 atque
1391 1729 1634 1798 ejusdem
1687 1745 1812 1783 cum
1857 1728 2128 1782 homicida

2223 551 2300 615 ὡς
2349 552 2407 605 ἑν
2453 552 2725 621 ἀφηγήσει
2765 549 2949 602 λοιπὸν
3002 551 3068 618 τῇ
3125 546 3264 600 κατὰ
3319 545 3379 598 τὸ
3411 542 3644 614 γράμμα
3702 543 3795 592 καὶ

2225 643 2532 713 ίστορικῶς,
2550 642 2708 704 ἑνδεῖ,
2733 639 2808 704 ὥς
2821 655 2885 708 γε
2906 633 3079 709 οἶμαι,
3100 635 3374 698 παντελῶς
3392 632 3560 687 οῦδὲν.
3577 633 3712 702 Φέρε
3729 631 3794 699 δὴ

2224 729 2318 787 οῦν
2345 735 2464 786 κατ’
2503 735 2647 803 ίχνος
2700 732 2810 784 τῶν
2855 729 3158 802 εἰρημένων
3202 727 3300 799 τὴν
3345 726 3452 778 ἑσω
3478 723 3797 794 κεκρυμμέ-

2225 843 2322 897 νην
2359 823 2766 895 διακομίζοντες
2807 823 3062 892 θεωρίαν,
3111 819 3173 873 τὸ
3221 815 3457 889 Χριστοῦ
3499 816 3795 886 μυστήριον

2224 918 2656 988 διαπλάττωμεν,
2697 917 2792 970 καί
2832 915 2932 982 τῆς
2970 913 3037 966 δι’
3059 911 3224 966 αὑτοῦ
3291 908 3565 978 σωτηρίας
3611 907 3796 958 εἰκόνα

2225 1010 2556 1078 δεικνύωμεν
2600 1007 2725 1061 Νῶέ
2765 1023 2825 1059 τε
2859 1005 3042 1068 αὑτὸν,
3075 1003 3170 1056 καὶ
3207 1001 3305 1072 τὴν
3339 998 3433 1052 ἐπὶ
3469 1001 3534 1068 τῇ
3581 994 3796 1064 κιϐωτῷ

2229 1101 2398 1170 σοφὴν
2425 1101 2518 1153 καὶ
2545 1099 2854 1169 ἀπόρρητον
2895 1095 3225 1164 οἰκονομίαν.
3263 1089 3587 1158 Γεγὲννηται
3617 1085 3798 1138 τοίνυν

2227 1191 2348 1245 Νῶε
2377 1193 2464 1244 διὰ
2493 1191 2704 1261 Λάμεχ,
2730 1189 2852 1259 οὐχὶ
2877 1186 2968 1241 τοῦ
2991 1180 3492 1256 προπεφονευκότος
3511 1178 3682 1248 ἄνδρα
3705 1177 3800 1227 καὶ

2229 1283 2529 1342 νεανίσκον,
2563 1280 2677 1333 ἀλλ’
2702 1277 2763 1343 ἑξ
2817 1275 3108 1346 ὁμωνύμου
3147 1271 3240 1325 τοῦ
3292 1271 3378 1324 διὰ
3434 1268 3562 1339 Σήθ.
3600 1267 3798 1333 ’Ᾱνέφυ

2227 1374 2284 1427 δὲ
2316 1373 2412 1427 καὶ
2442 1374 2474 1425 0
2514 1369 2716 1441 Κύριος
2759 1367 2918 1438 ἡμῶν
2963 1363 3170 1435 Ἰησοῦς
3206 1361 3440 1433 Χριστὸς
3463 1360 3523 1423 ἑξ
3556 1357 3798 1428 Ἰσραὴλ,

2228 1465 2386 1532 ἁγίου
2440 1463 2537 1533 μὲν
2581 1461 2669 1514 διὰ
2709 1461 2833 1522 τοὺς
2867 1457 3138 1528 πατέρας’
3167 1454 3224 1520 ἐξ
3273 1449 3702 1523 ὁμοτροποῦντος
3741 1449 3799 1500 δὲ

2227 1553 2358 1608 λαοῦ
2388 1552 2718 1621 τοῦ⁵Λάμεχ
2761 1550 2856 1602 καὶ
2886 1543 3394 1618 ὁμογνωμονοῦντος
3426 1540 3505 1610 τῷ
3535 1540 3799 1608 φονευτῇ·

2228 1645 2515 1716 ὁμωνύμου
2580 1659 2639 1698 τε
2693 1641 2791 1711 ἤδη
2841 1639 2976 1694 καθὸ
3031 1637 3282 1706 φονευτῇ.
3324 1633 3553 1704 Εἴρηται
3595 1629 3652 1682 δέ
3697 1645 3802 1679 που

2230 1737 2366 1808 πρὸς
2407 1734 2726 1794 Ἰουδαίουςο
2770 1751 2788 1783 ι
2847 1732 2980 1783 Τίνα
3022 1729 3134 1782 τῶν
3185 1724 3479 1798 προφητῶν
3526 1722 3624 1773 οὐκ
3675 1723 3789 1774 ὰπ-

538 1817 852 1881 εεηιεηιίαξ,
891 1818 1135 1888 ejusdem
1174 1819 1339 1873 etiam
1381 1819 1618 1874 nominis
1647 1828 1918 1889 quatenus
1944 1818 2122 1872 homi-

2234 1796 2476 1883 ἔκτειναν
2511 1827 2561 1879 οί
2604 1823 2842 1894 πατέρες
2895 1820 3082 1893 ύμῶν;
3107 1840 3126 1873 ι
3163 1796 3274 1872 Kal.
3311 1815 3465 1888 παρὰ
3524 1813 3766 1885 Χριστοῦ
3790 1829 3804 1843 ο

539 1903 697 1958 cidae.
737 1905 954 1961 Dictum
994 1917 1185 1962 autem
1219 1919 1304 1964 est
1328 1909 1458 1963 alibi
1481 1909 1547 1963 ad
1588 1909 1849 1964 Judaeos:
1887 1928 1903 1959 ι
1950 1908 2123 1974 Quem

541 1996 930 2066 prophetarum
959 2016 1070 2059 non
1099 2001 1422 2057 occiderunt
1444 2011 1628 2071 patres
1644 2000 1813 2056 vestri
1833 2000 1916 2052 ³δῖ
1945 2020 1964 2051 ι
2001 2001 2066 2054 Et
2092 2017 2123 2056 a

540 2088 794 2145 Christo:
841 2113 860 2143 ‹
899 2093 968 2146 Et
1006 2109 1105 2148 vos
1151 2094 1373 2163 implete
1428 2108 1738 2148 mensuram
1778 2101 1995 2162 patrum
2035 2107 2126 2146 ve-

539 2187 776 2235 strorum
798 2184 864 2237 ”.
898 2203 914 2234 ι
932 2184 1075 2250 Quin
1095 2186 1260 2240 etiam
1286 2200 1383 2255 per
1396 2200 1585 2240 vocem
1607 2184 1758 2239 Isaia:
1773 2184 1907 2238 aitzc
1939 2182 2123 2249 Quan-

541 2270 612 2325 do
660 2274 1023 2330 extenderitis
1073 2281 1272 2331 manus
1321 2283 1534 2330 vestras
1593 2275 1659 2329 ad
1709 2290 1830 2339 me,
1881 2283 2124 2328 avertam

525 2364 730 2419 oculos
760 2381 913 2421 meos
936 2382 965 2420 a
1003 2367 1194 2423 vobis:
1224 2376 1282 2424 et
1311 2368 1355 2422 si
1387 2366 1886 2436 multiplicaveritis
1919 2366 2126 2420 oratio-

541 2468 665 2507 nem
688 2495 701 2517 ,
732 2471 843 2510 non
875 2458 1163 2513 exaudiam
1194 2475 1324 2525 vos;
1355 2475 1552 2514 manus
1582 2458 1730 2513 enim
1769 2466 1967 2514 vestra:
1998 2474 2126 2514 san-

539 2546 705 2618 guine
729 2548 904 2617 plenae
925 2549 1034 2604 sint
1065 2550 1133 2602 ’°.
1167 2569 1186 2602 ι
1214 2550 1380 2619 Atqui
1411 2549 1524 2604 Noe
1558 2549 1885 2604 undecimus
1927 2550 2032 2604 fuit
2060 2566 2130 2605 ex

538 2636 732 2692 Adam.
759 2637 1012 2694 Christus
1043 2655 1177 2694 vero
1199 2655 1419 2694 rursum
1453 2639 1622 2694 veluti
1662 2640 1718 2693 in
1751 2641 1942 2716 ultimo
1966 2650 2130 2710 atque

543 2726 836 2782 undecimo
872 2737 1117 2798 tempore
1175 2745 1398 2785 carnem
1443 2731 1771 2801 assumpsit,
1823 2741 2130 2803 nostraeque

543 2818 737 2873 salutis
796 2820 1328 2876 administrationem
1375 2831 1462 2878 est
1527 2837 1707 2878 orsus.
1753 2823 1909 2891 Quod
1947 2829 2022 2879 ita
2073 2841 2132 2880 se

542 2909 779 2974 habere,
827 2927 1134 2982 verumque
1181 2908 1336 2979 esSe,
1389 2914 1549 2970 facile
1586 2931 1654 2970 ex
1703 2917 1875 2972 sacris
1909 2917 2132 2972 Litteris

542 3000 823 3057 didiceris.
857 3004 949 3058 Ille
983 3005 1131 3059 enim
1168 3006 1263 3074 qui
1313 3007 1596 3076 operarios
1625 3007 1876 3062 mercede
1920 3009 2131 3062 condu-

541 3109 672 3150 cens
697 3094 752 3149 in
782 3096 998 3151 vineam
1019 3113 1174 3152 suam
1202 3099 1432 3152 vocabat
1453 3099 1588 3151 hora
1613 3097 1898 3151 undecima
1917 3136 1932 3161 ,
1968 3114 2132 3166 quos-
2157 3126 2199 3182 ο

540 3185 666 3240 dam
700 3187 772 3240 ita
807 3188 1177 3255 compellavit,
1201 3194 1393 3257 gentes
1430 3188 1690 3240 nimirum
1727 3206 1739 3240 :
1789 3207 1806 3238 ι
1846 3187 1987 3253 Quid
2025 3198 2136 3242 sta-

539 3276 615 3330 tis
629 3276 732 3345 33
759 3275 847 3329 hic
871 3285 979 3329 tota
997 3275 1085 3330 die
1099 3277 1260 3332 otiosi
1281 3278 1326 3309 ’⁷
1340 3278 1390 3330 7»
1417 3278 1554 3347 Ipsis
1571 3292 1702 3332 vero
1727 3287 1916 3348 aperte
1941 3278 2134 3333 dicen-

543 3365 690 3419 tibus
728 3365 873 3434 quod
907 3381 1068 3420 nemo
1103 3382 1200 3422 eos
1229 3368 1580 3423 conduxisset
1635 3369 1819 3439 (nemo
1862 3369 2133 3440 siquidem

542 3464 670 3511 ante
701 3455 999 3511 Salvatoris
1015 3458 1191 3512 nostri
1212 3458 1509 3514 adventum
1534 3468 1726 3530 gentes
1747 3460 1814 3515 ad
1837 3462 1931 3515 Dei
1952 3461 2136 3531 cogni-

544 3547 748 3601 tionem
784 3549 1044 3627 vocavit),
1083 3550 1316 3620 benigne
1353 3564 1418 3604 ac
1453 3551 1754 3606 clementer
1809 3553 2130 3623 respondit:

550 3656 568 3686 ι
605 3638 682 3692 Ite
709 3648 766 3693 et
787 3653 883 3694 vos
912 3641 966 3694 in
995 3640 1244 3705 vineam,
1281 3651 1338 3695 et
1359 3642 1727 3712 quodcunque
1748 3645 2133 3715 fueritjustum

543 3729 687 3784 dabo
708 3730 864 3785 vobis
879 3733 946 3784 9".
985 3752 1002 3782 ι
1045 3733 1216 3788 Porro
1246 3734 1332 3789 lex
1363 3734 1529 3788 etiam
1563 3750 1662 3804 per
1705 3735 1925 3806 Moysen
1951 3737 2095 3791 edita
2116 3777 2131 3802 ,

543 3821 669 3891 agni
712 3822 1094 3878 mactationem
1160 3825 1227 3878 ad
1267 3840 1560 3894 vesperum
1611 3835 1667 3880 et
1720 3825 1790 3880 ad
1851 3827 2133 3882 lucernam

544 3913 729 3984 peragi
747 3913 930 3983 jussit.
958 3914 1238 3984 Siquidem
1263 3915 1480 3970 labente
1502 3916 1615 3987 jam
1635 3917 2038 3987 quodammodo
2066 3918 2134 3973 ad

544 4017 800 4058 occasum
847 4014 1126 4076 tempore,
1157 4023 1220 4062 ac
1272 4015 1483 4066 tantum
1519 4024 1627 4062 non
1665 4009 2024 4064 contrahente
2076 4026 2134 4066 se

547 4105 815 4162 praesente
850 4100 1082 4162 sarculo,
1130 4100 1446 4170 unigenitns
1489 4101 1584 4155 Dei
1635 4101 1806 4157 Filius
1834 4102 2000 4158 homo
2053 4113 2137 4158 est

545 4184 754 4248 factus,
785 4196 1127 4257 mortemque
1146 4205 1246 4257 pro
1267 4193 1524 4245 omnibus
1555 4201 1638 4246 est
1653 4207 1973 4262 perpessus,
2003 4195 2138 4250 libe-

548 4291 676 4330 rans
703 4291 733 4329 a
767 4291 926 4345 paena
943 4285 1000 4331 et
1022 4279 1294 4347 supplicio
1314 4318 1328 4342 ,
1360 4289 1524 4347 atque
1545 4280 1615 4331 ab
1631 4282 1779 4334 omni
1804 4284 2134 4351 ejuscemodi

548 4376 698 4422 metu
731 4368 1045 4439 longissime
1089 4384 1379 4424 removens
1410 4384 1507 4424 eos
1559 4368 1655 4438 qui
1687 4369 1847 4424 Iidem
1878 4387 2136 4440 suscepe-

2230 1939 2249 1971 ι
2273 1919 2384 1971 Καὶ
2423 1918 2582 1988 ὑμεῖς
2621 1911 3049 1983 ἀναπληρώσατε
3083 1911 3146 1964 τδ
3174 1910 3376 1980 μέτρον
3401 1905 3512 1958 τῶν
3538 1904 3802 1974 πατέρων

2227 2010 2400 2080 ὑμῶν.
2425 2027 2442 2058 ι
2483 2009 2590 2060 Καὶ
2645 2005 2750 2077 μὴν
2813 2006 2907 2058 καὶ
2953 2003 3043 2058 διὰ
3088 2001 3272 2071 φωνῆς
3327 1997 3548 2052 Ἡσαΐου
3601 1995 3804 2066 φησίν·

2240 2122 2258 2154 ι
2285 2102 2452 2154 Ὅταν
2482 2099 2580 2161 τὰς
2632 2101 2822 2168 χεῖρας
2877 2095 3152 2164 ὲκτείνητε
3175 2091 3312 2163 πρὸς
3353 2090 3441 2162 μὲ,
3472 2087 3810 2158 ἀποστρέψαι)

2225 2195 2351 2257 τοὺς
2388 2191 2700 2263 ὀφθαλμούς
2753 2207 2853 2260 μου
2903 2189 2996 2258 ἀφ’
3020 2185 3202 2257 ὑμῶν·
3237 2184 3331 2238 καὶ⁵
3364 2182 3460 2236 ἑὰν
3493 2179 3809 2250 πληθύνητε

2225 2289 2324 2356 τὴν
2357 2287 2560 2355 δέησιν,
2592 2283 2690 2336 οὐκ
2721 2279 3110 2349 είσακούσομαι
3165 2275 3338 2346 ὑμῶν’
3386 2276 3443 2327 αἱ
3489 2271 3597 2342 γὰρ
3623 2273 3810 2341 χεῖρες

2229 2377 2383 2448 ὑμῶν
2447 2377 2680 2445 αἵματος
2737 2373 3025 2442 πλήρεις.»
3080 2369 3190 2421 Καὶ
3239 2365 3521 2428 ἑνδέκατος
3577 2365 3674 2435 μὲν
3743 2363 3813 2429 ἐξ

2240 2471 2410 2539 ’Δδὰμ
2430 2470 2458 2522 ὁ
2480 2467 2629 2520 Νῶεο
2664 2463 2897 2533 Χριστὸς
2925 2461 2982 2514 δὲ
3012 2459 3076 2530 δὴ
3112 2458 3271 2512 πάλιν
3297 2457 3371 2518 ὡς
3402 2458 3460 2509 ἑν
3493 2455 3704 2525 ἐσχάτῳ
3740 2471 3809 2506 τε

2229 2563 2324 2616 καὶ
2357 2559 2628 2628 ἑνδεκάτῳ
2675 2555 2852 2626 καιρῴ
2886 2553 3212 2624 γεγέννηται
3262 2549 3405 2604 κατὰ
3462 2549 3663 2620 σάρκα,
3710 2549 3812 2600 καὶ

2227 2654 2328 2724 τῆς
2360 2651 2445 2720 ἐφ’
2478 2651 2608 2720 ἡμῖν
2655 2646 2965 2716 οἰκονομίας
3019 2645 3267 2715 ἄρχεται.
3302 2641 3473 2694 Τοῦτο
3511 2639 3556 2692 δ’
3602 2637 3668 2691 ἂν
3700 2639 3812 2707 μά-

2232 2743 2344 2806 θοις
2365 2736 2466 2795 ὦδὲ
2500 2757 2558 2793 τε
2596 2739 2738 2808 ἔχειν
2768 2737 2859 2789 καὶ
2889 2735 3102 2805 ἀληθὲς,
3134 2734 3215 2786 ὅτι
3247 2731 3423 2797 πάντη
3455 2746 3514 2783 τε
3546 2730 3638 2781 καὶ
3670 2728 3815 2781 πάν-

2230 2853 2340 2900 τως
2361 2835 2522 2905 ἐρεῖς.
2553 2831 2662 2885 ἀπό
2687 2846 2750 2898 γε
2773 2827 2880 2881 τῶν
2914 2826 3071 2898 ἱερῶν
3102 2823 3452 2895 Γραμμάτων
3510 2822 3815 2874 ἀναπεπει-

2237 2925 2452 2996 σμὲνος.
2496 2923 2556 2974 Ὀ
2599 2920 2708 2989 γάρ
2740 2934 2820 2969 τοι
2844 2917 2968 2976 τοὺς
2998 2914 3233 2985 ἐργάτας
3272 2913 3351 2976 είς
3386 2911 3477 2962 τὸν
3509 2907 3819 2980 ἀμπελῶνα

2239 3013 2596 3087 μισθούμενος
2632 3014 2689 3064 ἐν
2727 3008 2846 3079 ὥρα
2867 3010 2933 3077 τῇ
2967 3005 3228 3076 ἑνδεκάτῃ
3253 3000 3687 3075 προσπεφώνηκέ
3715 3017 3812 3087 τι-

2239 3081 2320 3155 σιν
2347 3117 2358 3131 ·
2391 3081 2536 3154 οῦτοι
2558 3100 2602 3152 δ’
2638 3098 2702 3151 ἂν
2727 3093 2836 3149 εἶεν
2862 3097 2910 3148 οἱ
2945 3093 3005 3159 ἑξ
3033 3092 3226 3156 ἐθνῶν,
3273 3110 3292 3142 ι
3315 3092 3381 3144 Τί
3419 3090 3684 3159 ἑστήκατε
3707 3081 3819 3141 ὧδε

2239 3193 2367 3264 ὅλην
2398 3192 2496 3262 τὴν
2529 3189 2741 3260 ἡμέραν
2773 3186 2966 3258 ἀργοί;
2995 3205 3012 3237 ι
3050 3184 3170 3236 Τῶν
3192 3183 3248 3237 δὲ
3277 3179 3578 3250 ἀναφανδὸν
3603 3178 3824 3249 εἰρηκό.

2242 3302 2374 3347 των,
2398 3284 2482 3335 ὅτι
2505 3281 2688 3343 Οὐδεὶς
2725 3281 2872 3349 ἡμᾶς
2907 3275 3250 3347 ἐμισθώσατο
3272 3289 3288 3304 ⁸
3324 3272 3558 3342 κέκληκε
3587 3271 3697 3341 γὰρ
3725 3268 3826 3322 οὐ-

2238 3377 2350 3440 δεὶς
2379 3375 2485 3447 πρὸ
2520 3375 2617 3444 τῆς
2657 3372 2751 3425 τοῦ
2800 3370 3053 3441 Σωτῆρος
3081 3367 3240 3439 ἡμῶν
3271 3365 3568 3436 ἐπιδημίας
3594 3364 3675 3426 είς
3703 3362 3825 3415 θεο-

2239 3468 2473 3537 γνωσίαν
2531 3467 2599 3520 τὰ
2653 3464 2810 3535 ἑθνηο
2871 3460 3123 3533 χρηστῶς
3179 3458 3273 3513 καὶ
3328 3455 3815 3528 φιλοικτιρμόνως,

2244 3578 2263 3610 ι
2299 3558 2566 3626 Ὑπάγετε
2595 3556 2689 3610 καὶ
2727 3555 2904 3625 ὑμεῖς,
2930 3573 2948 3604 ι
2986 3553 3172 3621 φησιν,
3213 3551 3332 3614 (είς
3369 3549 3461 3602 τὸν
3491 3545 3821 3617 ἀμπελῶνα,

2239 3649 2334 3702 καὶ
2360 3649 2388 3702 δ
2423 3648 2518 3702 ἐὰν
2641 3647 2870 3711 δίκαιον,
2911 3642 3068 3697 δώσω
3120 3641 3271 3712 ὑμῖν.
3295 3659 3312 3692 ι
3372 3640 3479 3694 Καὶ
3501 3641 3528 3692 0
3559 3637 3648 3691 διὰ
3681 3638 3819 3690 Μω-

2241 3742 2375 3804 σέως
2403 3740 2567 3810 νόμος
2597 3737 2695 3808 τὴν
2718 3735 2813 3789 τοῦ
2845 3735 3119 3806 προϐάτου
3149 3732 3364 3803 σφαγὴν
3405 3730 3676 3801 ἀναμέσον
3703 3729 3822 3780 τῶν

2239 3829 2565 3902 ἑσπερινῶν,
2601 3827 2738 3899 πρὸς
2782 3825 3024 3898 ἑσπέραν
3052 3841 3112 3878 τε
3164 3823 3258 3876 καὶ
3292 3823 3398 3876 ὑπὸ
3433 3821 3664 3892 λύχνους
3709 3819 3819 3890 ἤδη

2237 3922 2507 3977 τελεῖσθαι
2553 3919 2940 3990 προστέταχεν.
2987 3917 3166 3971 Οἱονεὶ
3206 3915 3316 3988 γάρ
3353 3932 3471 3978 πως
3514 3913 3601 3965 ἐπ’
3626 3913 3820 3974 αὐταῖς

2239 4018 2338 4090 ήδη
2384 4015 2616 4084 δυσμαῖς
2661 4013 2889 4082 ἥκοντος
2937 4009 3032 4063 τοῦ
3076 4007 3294 4079 καιροῦ,
3333 4005 3615 4078 μονονουχὶ
3639 4004 3693 4057 δὲ
3721 4005 3821 4057 καὶ

2241 4103 2664 4175 συστελλομένου
2701 4101 2888 4156 λοιπὸν
2925 4099 3021 4154 τοῦ
3051 4099 3316 4172 παρόντος
3345 4096 3559 4162 αἰῶνος,
3594 4095 3821 4164 γέγονεν

2240 4199 2522 4272 ἄνθρωπος
2551 4199 2579 4252 0
2599 4194 2911 4266 Μονογενής
2940 4190 3034 4245 τοῦ
3063 4190 3200 4246 Θεοῦ
3227 4190 3420 4259 Λόγος,
3439 4190 3533 4244 καὶ
3561 4187 3658 4258 τὴν
3679 4185 3820 4254 ὑπὲρ

2241 4295 2460 4347 πάντων
2479 4292 2672 4360 ἀνέτλη
2705 4289 2937 4359 σφαγὴν,
2968 4285 3161 4354 ποινῆς
3185 4285 3280 4336 καὶ
3312 4285 3469 4353 δίκης
3496 4280 3817 4346 ἐλευθερῶν,

2243 4382 2336 4437 καὶ
2369 4381 2566 4442 παντὸς
2625 4378 2720 4431 τοῦ
2779 4376 2988 4429 τοιοῦδε
3041 4373 3295 4442 δείματος
3342 4369 3615 4422 ἀπωτάτω
3646 4366 3820 4428 τιθεὶς

549 4459 676 4514 rint.
724 4461 844 4530 Ipse
883 4461 1032 4516 enim
1058 4478 1225 4517 verus
1256 4471 1341 4518 est
1363 4463 1511 4528 Noe,
1551 4462 1656 4519 hoc
1681 4472 1793 4528 est,
1828 4463 2040 4534 justitia
2083 4473 2132 4518 et

2241 4477 2366 4537 τοὺς
2417 4471 2870 4530 πεπιστευκότας.
2905 4466 3077 4527 Αὐτὸς
3120 4465 3226 4534 γάρ
3270 4463 3416 4513 ἐστιν
3455 4461 3485 4511 0
3522 4455 3662 4511 κατὰ
3686 4455 3818 4522 ἀλή-

549 4551 768 4620 requies
803 4571 814 4606 :
847 4553 952 4608 hoc
1007 4555 1154 4610 enim
1220 4570 1422 4610 nomen
1472 4556 1651 4624 ipsum
1721 4554 2134 4624 interpretatur.

557 4643 890 4698 «Justiﬁcati
931 4647 1135 4700 etenim
1179 4663 1406 4712 sumus,
1452 4647 1756 4703 secundum
1792 4645 2135 4717 Scripturas,

551 4745 662 4785 non
681 4747 749 4786 ex
767 4733 1026 4801 operibus
1042 4735 1269 4805 justitize
1290 4777 1304 4800 ,
1329 4753 1451 4806 quae
1477 4737 1709 4792 fecimus
1727 4750 1846 4798 nos,
1873 4735 1968 4790 sed
1983 4736 2139 4806 juxta

552 4837 801 4893 magnam
831 4824 1001 4893 ipsius
1034 4826 1536 4884 misericordiam”.
1574 4848 1590 4879 ι
1622 4827 1820 4882 Factus
1846 4827 2028 4896 itaque
2053 4836 2140 4882 est

554 4913 714 4968 nobis
733 4915 1312 4987 credentibusjustitia
1331 4919 1584 4975 Christus
1607 4960 1620 4984 ,
1647 4935 1749 4974 nec
1771 4935 1879 4973 nou
1897 4920 2138 4989 requies,

553 5003 600 5058 si
635 5005 798 5060 modo
832 5022 962 5062 vere
991 5008 1196 5063 dicitur
1229 5028 1241 5062 :
1281 5030 1298 5059 α
1329 5010 1485 5076 Quod
1526 5012 1737 5082 languit
1776 5011 1892 5081 ipse
1917 5019 2140 5081 propter

553 5093 872 5164 iniquitates
899 5105 1150 5163 nostras,
1185 5107 1242 5152 et
1281 5107 1505 5168 propter
1534 5110 1756 5170 peccata
1805 5111 1992 5156 nostra
2027 5111 2141 5156 tra-

552 5185 701 5242 ditus
720 5196 824 5254 est,
857 5199 913 5244 et
935 5190 1114 5245 vibice
1148 5191 1269 5263 ejus
1320 5207 1514 5246 omnes
1562 5193 1736 5247 sanati
1784 5209 1974 5248 sumus
2008 5211 2020 5246 :
2049 5202 2138 5256 et,

553 5277 817 5334 Dominus
866 5282 1094 5336 tradidit
1137 5283 1316 5353 ipsum
1363 5299 1492 5354 pro
1529 5283 1771 5354 peccatis
1819 5285 2058 5348 nostris,
2116 5305 2133 5336 ι

2241 4568 2394 4621 θειαν
2425 4564 2572 4627 Νῶε,
2617 4561 2918 4621 τουτέστιν,
2952 4558 2986 4626 ἡ
3027 4553 3340 4622 δικαιοσύνη
3394 4551 3487 4603 καὶ
3515 4552 3546 4619 ἠ
3573 4547 3817 4600 ἀνάπαυ-

2244 4677 2358 4723 σις·
2417 4653 2775 4726 ἑρμηνεύεται
2838 4647 2948 4719 γὰρ
2982 4640 3083 4700 ὦδε
3137 4646 3199 4698 τὸ
3236 4644 3424 4714 ὄνομα.
3487 4634 3818 4692 ιΔεδικαιώ-

2248 4751 2385 4824 μεθα
2414 4748 2544 4818 γὰρ,
2591 4745 2733 4798 κατὰ
2764 4740 2863 4805 τὰς
2895 4737 3137 4811 Γραφὰς,
3168 4737 3283 4824 ούκ
3315 4733 3374 4824 ἑξ
3411 4733 3586 4824 ἔργων
3612 4728 3818 4824 ⁸δικαιοο

2242 4814 2437 4910 σύνης,
2476 4814 2550 4890 ῶν
2585 4834 2919 4902 ἐποιήσαμεν
2969 4828 3153 4898 ἡμεῖς,
3208 4823 3342 4876 ἀλλὰ
3403 4819 3546 4874 κατὰ
3579 4818 3639 4869 τὸ
3683 4814 3818 4910 πολὺ

2239 4907 2403 4986 αὐτοῦ
2433 4928 2600 4988 ἕλεος.
2625 4944 2642 4977 ι
2677 4923 2872 4991 Γέγονε
2903 4918 3084 4974 τοίνυν
3109 4919 3245 4987 ἡμῖν
3275 4915 3390 4976 τοῖς
3427 4907 3819 4965 πεπιστευκόσι

2238 5019 2554 5088 δικαιοσύνη
2594 5014 2849 5088 Χριστὸς,
2882 5011 2978 5066 καὶ
3032 5009 3136 5081 μὴν
3180 5008 3276 5062 καὶ
3301 5006 3628 5064 ἀνάπαυσις,
3662 4997 3819 5088 εἴπερ

2242 5114 2388 5168 ἐστὶν
2417 5086 2698 5180 ἀληθὲς(
2730 5109 2817 5170 Ὠς
2847 5103 3250 5176 μεμαλάκισται
3284 5099 3383 5169 μὲν
3412 5094 3574 5156 αὐτὸς
3608 5089 3696 5145 διὰ
3722 5086 3818 5148 τὰς

2243 5197 2474 5270 ἀνομίας
2520 5195 2698 5266 ἡμῶν,
2739 5193 2835 5247 καὶ
2889 5191 2978 5244 διὰ
3037 5189 3136 5253 τὰς
3168 5185 3444 5260 ἁμαρτίας
3501 5181 3656 5255 ἡμῶν
3687 5193 3817 5270 παρ-

2244 5269 2423 5362 εδόθη,
2463 5290 2557 5342 καὶ
2605 5287 2681 5357 τῷ
2735 5283 2963 5357 μώλωπι
2992 5283 3158 5338 αὑτοῦ
3203 5283 3362 5352 ἡμεῖς
3407 5278 3649 5348 ἰάθημεν.
3686 5269 3815 5362 ,Καὶν

548 5370 702 5437 juxta
749 5373 1034 5441 praphetaa
1073 5391 1266 5432 vocem
1295 5377 1333 5429 ¹.
1361 5375 1499 5433 Cum
1542 5375 1730 5444 itaque
1758 5375 2012 5431 Christus
2044 5392 2132 5447 prc

2246 5360 2451 5453 Κύριος
2505 5379 2821 5450 παρέδωκεν
2875 5375 3036 5430 αὐτὸν
3085 5377 3202 5437 ταῖς
3251 5371 3544 5442 ἁμαρτίαις
3589 5360 3808 5434 ἡμῶν,ι

555 5461 715 5516 nobis
740 5478 934 5532 passus
966 5466 1039 5520 sit
1075 5468 1405 5533 carnaliter,
1441 5467 1586 5524 beati
1622 5475 1787 5538 atque
1838 5468 2132 5523 admirandi

2249 5473 2392 5527 κατὰ
2438 5471 2538 5540 τὴν
2593 5467 2685 5523 τοῦ
2737 5467 3016 5537 προφήτου
3082 5468 3284 5538 φωνήν.
3324 5459 3559 5534 Χριστοῦ
3589 5453 3680 5510 οῦν
3713 5469 3814 5505 πα-

555 5565 762 5610 smnus.
790 5556 934 5622 Quid
969 5560 1117 5615 enim
1155 5578 1268 5617 non
1300 5563 1568 5633 ejusmodi
1606 5563 1886 5618 consecuti
1922 5578 2144 5626 sumus,

625 5667 672 5698 ”
696 5668 813 5724 Act.
852 5687 920 5724 vn
949 5713 960 5731 ,
999 5673 1081 5725 52.

1194 5678 1240 5708 9⁵
1266 5675 1451 5730 Matth.
1507 5694 1653 5740 “In,
1683 5677 1769 5730 51.

561 5737 576 5768 ’
608 5737 710 5794 lsa.
744 5755 855 5803 un,
883 5742 934 5806 5,
961 5743 1008 5796 6.

1872 5677 1914 5708 ⁹⁶
1957 5675 2055 5728 Isa.
2083 5693 2118 5738 ι,
2156 5676 2233 5728 I3.

2251 5562 2434 5624 θόντος
2463 5558 2602 5629 ὑπὲρ
2635 5561 2667 5629 ή
2678 5557 2794 5628 μῶν
2824 5557 3007 5627 σαρκὶ,
3038 5557 3299 5627 μακάριοι
3328 5554 3421 5606 καὶ
3444 5546 3812 5615 ἀξιοζήλωτοι,

2335 5649 2600 5728 “Matth.
2644 5672 2808 5736 “,6.
2916 5672 2962 5701 υ
2995 5669 3135 5724 Ibid.
3175 5669 3225 5720 7.
3331 5664 3556 5718 "Rom.
3613 5676 3689 5724 ιιι,
3723 5659 3810 5713 ει.
