4050 6210
257 360 305 412 6|
1253 357 1524 413 CLAPHY
1535 360 1770 416 ιιυιιυιι

1917 364 2213 422 GENESIM
2256 366 2382 420 LIB.
2424 365 2486 420 ll.
3419 359 3489 414 6?.

260 476 346 528 Καὶ
370 473 418 525 τί
455 473 598 543 γάρ;
641 471 762 543 οὐχὶ
791 472 899 526 τῶν
940 473 1158 526 τοιῶνδε
1212 474 1681 545 μετακεκλήμεθα,
1716 478 1799 532 καὶ

1911 483 2225 538 caelestibus
2251 483 2411 539 donis
2447 483 2758 545 amuentes,
2783 493 3082 549 eorumque
3110 479 3485 548 participatio—

254 565 348 617 τῶν
383 565 657 634 οὐρανίων
706 564 1060 634 χαρισμάτων
1107 565 1565 636 κατατρυφῶμεν,
1593 569 1685 620 καὶ
1711 585 1810 622 κα-

254 655 646 725 ταπλουτοῡμεν
695 655 794 724 τὴν
850 654 1086 726 μέθεξιν,
1138 657 1234 710 καὶ
1276 658 1337 711 τὺ
1391 658 1658 729 δυσαχθὲς
1709 661 1810 730 τῆς

257 745 511 814 ἁμαρτίας
560 742 922 806 ἀποϐαλόντες
955 744 1191 814 φορτίον,
1224 745 1484 815 άνιέμεθα
1517 745 1702 800 λοιπὸν
1731 749 1811 810 εἰς

255 834 537 904 εὐημερίαν
568 835 982 904 πνευματικήν;
1029 833 1242 888 Ἑκάλει
1269 835 1376 908 γὰρ
1409 839 1556 907 ἡμᾶς
1587 839 1667 900 εἰς
1691 839 1812 892 τοῦ-

254 944 309 980 το
333 928 498 994 λέγων
529 927 692 988 αὑτός
713 924 934 978 ἰΔεῦτε
958 926 1094 996 πρὸς
1129 927 1220 996 μὲ,
1256 929 1458 992 πάντες
1483 930 1533 982 οἱ
1565 931 1808 982 κοπιῶν-

255 1033 333 1078 τες
399 1016 490 1068 καὶ
568 1015 1008 1085 πεφορτισμένοι,
1074 1016 1230 1083 κάγὼ
1281 1019 1579 1072 ἀναπαύσω
1643 1023 1806 1090 ὑμᾶς.

259 1111 442 1175 ’Ἄρατε
493 1106 586 1158 τὸν
640 1106 803 1174 ζυγόν
851 1125 952 1177 μου
1000 1109 1085 1175 ἐφ’
1114 1111 1276 1179 ὑμᾶς,
1330 1112 1424 1164 καὶ
1471 1112 1670 1182 μάθετε
1715 1117 1807 1168 ἀπ’

252 1197 377 1267 ἐμοῦ
423 1199 501 1250 ὅτι
550 1197 725 1267 πρᾶός
767 1200 880 1268 εἰμι
929 1200 1021 1250 καὶ
1054 1201 1307 1264 ταπεινὸς
1349 1206 1414 1272 τῇ
1457 1205 1675 1274 καρδία,
1717 1208 1810 1260 καὶ

251 1288 493 1356 εὑρήσετε
537 1287 844 1340 ἀνάπαυσιν
895 1291 1014 1351 ταῖς
1047 1288 1244 1358 ψυχαῖς
1288 1291 1462 1360 ὑμῶν.
1487 1311 1504 1342 ι
1537 1293 1658 1346 Ὀτι
1701 1294 1809 1364 γὰρ

249 1376 459 1444 ἔμελλεν
489 1375 800 1430 ἀναπαῦσαι
832 1379 977 1447 ἡμᾶς
1016 1379 1045 1428 6
1072 1379 1325 1448 Χριστὸς,
1349 1377 1497 1434 καῖό
1534 1383 1807 1454 ἀρχάγγε-

247 1468 329 1530 λος
373 1467 610 1537 Γαϐριὴλ
650 1468 1018 1537 προανεφώνει
1046 1474 1112 1542 τῇ
1163 1473 1292 1542 ἁγίᾳ
1326 1474 1585 1546 Παρθένῳ
1612 1477 1804 1545 λέγων’

256 1581 272 1610 ι
299 1559 384 1629 Μὴ
410 1559 596 1628 φοϐοῦ,
625 1559 879 1630 Μαριάμ·
910 1556 1067 1632 εὗρες
1092 1562 1200 1634 γὰρ
1221 1563 1380 1635 χάριν
1401 1567 1548 1636 παρὰ
1563 1566 1640 1636 τῷ
1665 1568 1803 1638 Θεῷ.

247 1653 333 1706 καὶ
377 1653 486 1704 ἰδοὺ
531 1652 772 1723 συλληψῃ
814 1655 870 1704 ἐν
908 1655 1124 1724 γαστρὶ,
1173 1657 1265 1708 καὶ
1311 1656 1483 1721 τέξεις
1531 1659 1680 1712 υίὸν’
1711 1660 1808 1713 καὶ

247 1743 485 1808 καλέσεις
517 1745 579 1797 τδ
606 1744 777 1814 ὄνομα
806 1745 969 1798 αὑτοῦ
1007 1746 1206 1816 Ἰησοῦν
1229 1765 1240 1778 ’
1283 1750 1444 1813 αὐτὸς
1487 1751 1594 1818 γὰρ
1642 1750 1804 1804 σώσει

1911 589 2036 628 nem
2059 575 2273 645 adepti,
2333 583 2390 629 et
2443 574 2657 645 abjecto
2709 571 3040 644 gravissimo
3085 571 3293 640 peccati
3334 571 3484 641 jugo,

1909 682 2091 721 nonne
2125 668 2394 737 spirituali
2446 666 2700 736 deinceps
2749 664 3009 719 felicitate
3057 663 3321 717 fruimur?
3367 663 3485 733 Ipse

1907 756 2055 810 enim
2096 771 2196 810 nos
2249 757 2315 811 ad
2361 757 2466 810 hoc
2506 756 2749 820 vocavit,
2788 755 3018 808 dicens:
3062 773 3080 804 ι
3113 754 3369 808 Accedite
3416 755 3484 808 ad

1909 861 2017 909 me,
2042 863 2232 901 omnes
2251 848 2344 917 qui
2370 847 2630 900 laboratis
2655 855 2711 900 et
2733 846 2942 901 onerati
2966 847 3118 910 estis,
3139 854 3193 899 et
3213 862 3312 916 ego
3338 846 3482 899 refo-

1907 937 2106 991 cillabo
2144 953 2257 991 vos.
2287 937 2482 990 Tollite
2515 938 2703 1007 jugum
2742 952 2923 991 meum
2959 952 3122 1005 super
3149 954 3245 990 vos
3266 979 3278 1000 ,
3316 948 3371 992 et
3396 937 3482 991 di-

1907 1029 2042 1084 scite
2071 1044 2101 1082 a
2126 1044 2210 1082 me
2234 1029 2362 1099 quia
2385 1030 2535 1083 mitis
2557 1045 2675 1083 sum
2710 1037 2764 1082 et
2790 1029 3011 1081 humilis
3033 1028 3218 1091 corde,
3238 1037 3293 1081 et
3317 1030 3483 1082 inve-

1907 1120 2071 1174 nietis
2106 1121 2351 1189 requiem
2405 1120 2694 1174 animabus
2736 1121 2933 1174 vestris
2977 1123 3020 1169 ².
3063 1140 3078 1170 ι
3126 1119 3280 1184 Quod
3335 1120 3480 1174 enim

1907 1212 2148 1280 quietem
2173 1212 2334 1266 nobis
2355 1211 2584 1266 daturus
2601 1222 2748 1266 esset
2765 1211 3016 1266 Christus
3037 1251 3049 1273 ,
3075 1211 3292 1265 Gabriel
3317 1211 3481 1265 etiam

1906 1303 2264 1373 archangelus
2281 1313 2481 1357 sancta:
2502 1303 2706 1373 Virgini
2723 1304 2802 1357 sic
2823 1303 3098 1372 praedixit:
3128 1322 3145 1352 ι
3169 1302 3245 1356 Ne
3268 1303 3479 1363 timeas,

1906 1397 2105 1450 Maria:
2130 1397 2384 1450 invenisti
2413 1397 2558 1450 enim
2599 1398 2824 1466 gratiam
2856 1395 2997 1466 apud
3033 1397 3222 1450 Deum.
3251 1395 3318 1449 Et
3354 1412 3482 1450 cecc

1905 1489 2182 1558 concipies
2218 1488 2273 1542 in
2313 1498 2498 1551 utero,
2526 1496 2581 1544 et
2617 1490 2796 1558 paries
2825 1487 3025 1551 illium,
3059 1496 3116 1541 et
3145 1487 3364 1542 vocabis
3386 1501 3483 1540 no~

1906 1595 2029 1632 men
2059 1581 2177 1649 ejus
2204 1579 2410 1634 Jesum.
2445 1580 2564 1649 lpse
2608 1581 2756 1633 enim
2788 1580 2996 1634 salvum
3029 1578 3193 1632 faciet
3221 1579 3480 1646 populum

1904 1683 2064 1722 suum
2087 1684 2116 1720 a
2141 1669 2379 1736 peccatis
2409 1668 2523 1722 suis
2543 1671 2581 1721 ³.
2619 1688 2636 1719 ι
2670 1667 2980 1734 Quinetiam
3011 1668 3179 1722 divini
3203 1669 3482 1737 prephetze

1905 1757 2148 1826 requiem
2170 1772 2267 1825 per
2283 1757 2459 1826 ipsum
2474 1767 2792 1810 eventuram
2812 1765 3065 1810 accurate
3081 1756 3478 1826 praedixerunt;

244 1835 324 1888 τὸν
351 1835 479 1887 λαὸν
525 1835 693 1890 αὐτοῦ
755 1837 864 1889 ἀπὸ
915 1837 1023 1889 τῶν
1074 1839 1359 1908 ἁμαρτιῶν
1411 1841 1654 1895 αὐτῶν.»
1692 1843 1799 1896 Καὶ

1905 1819 2140 1916 quorum
2172 1819 2356 1902 unus:
2393 1867 2409 1898 ι
2453 1847 2711 1911 Conﬁde,
2764 1866 2781 1897 ι
2829 1847 3040 1917 inquit,
3146 1847 3316 1910 Sion,
3371 1865 3480 1902 non

247 1926 344 1993 μὴν
365 1927 462 1978 καὶ
487 1927 538 1979 οἱ
567 1925 842 1980 θεσπέσιοι
895 1929 1172 1998 προφῆται
1201 1931 1299 1999 τὴν
1328 1931 1396 1983 δ.⁹
1435 1932 1600 1985 αὑτοῦ
1638 1951 1799 2004 γενη.

244 2019 468 2087 σομένην
513 2019 821 2074 ἀνάπαυσιν
861 2026 1275 2090 προαναφωνεῖν
1337 2025 1683 2089 ἐσπούδαζον.
1744 2029 1802 2080 Ὀ

243 2107 337 2176 μὲν
356 2108 466 2178 γὰρ
502 2107 708 2178 ἔφασκε
731 2126 745 2141 ο
820 2128 838 2160 ι
859 2110 1085 2181 Θάρσει,
1129 2110 1286 2175 Σιὼν,
1315 2113 1389 2183 μὴ
1424 2114 1803 2184 παρείσθωσαν

239 2201 292 2251 αἱ
337 2199 516 2270 χεῖρές
569 2215 684 2263 σου,
731 2200 984 2272 Κύριοςό
1013 2200 1279 2265 Θεόςισου
1327 2205 1394 2255 ὲν
1421 2205 1504 2257 σοὶ
1554 2205 1796 2270 δυνατὸς,

239 2290 395 2343 σώσει
426 2308 508 2350 σε,
532 2293 626 2344 καὶ
647 2295 956 2347 άνακαινιεῖ
980 2311 1039 2347 σε
1067 2297 1125 2347 ἐν
1151 2298 1217 2366 τῇ
1257 2296 1532 2368 ἀγαπήσει
1559 2297 1741 2353 αὑτοῦ.
1775 2317 1792 2350 ι

247 2383 467 2446 Ἡσαΐας
498 2385 555 2437 δὲ
587 2381 653 2438 αὖ
682 2386 964 2455 μονονουχὶ
992 2389 1083 2439 καὶ
1106 2389 1166 2440 ὲν
1194 2385 1318 2456 ὄψει
1346 2387 1532 2442 λοιπὸν
1565 2392 1800 2443 ἐποιεῖτο

234 2475 436 2542 λέγων’
499 2495 518 2526 ι
549 2475 847 2546 Ἰσχύσατε,
879 2480 1058 2548 χεῖρες
1099 2479 1414 2548 άνειμέναι,
1463 2482 1556 2534 καὶ⁵
1595 2482 1798 2548 γόνατα

234 2567 674 2638 παραλελυμένα,
701 2570 1141 2640 παρακαλέσατε,
1164 2573 1214 2624 oi
1250 2571 1557 2642 ὀλιγόψυχοι
1593 2576 1658 2644 τῇ
1686 2573 1799 2627 δια-

234 2661 366 2730 νοίᾳ,
420 2661 698 2729 ἰσχύσατε,
752 2662 826 2732 μὴ
887 2661 1154 2729 φοϐεῖσθε.
1199 2663 1328 2716 Ἰδοὺ
1377 2666 1405 2717 6
1444 2663 1574 2726 Θεὸς
1619 2664 1795 2735 ἡμῶν.

247 2754 369 2808 Ίὼὺ
416 2753 623 2825 Κύριος
670 2755 810 2825 μετὰ
856 2753 1036 2824 ἰσχύος
1081 2753 1322 2824 ἔρχεται,
1361 2755 1453 2806 καὶ
1501 2757 1528 2806 6
1561 2754 1798 2824 βραχίων

235 2844 372 2911 μετὰ
417 2845 665 2916 κυρείας.
705 2844 793 2908 Ὧς
831 2847 859 2898 6
911 2845 1114 2915 ποιμὴν
1167 2847 1426 2914 ποιμανεῖ
1450 2845 1512 2898 τὺ
1547 2845 1798 2914 ποίμνιον

232 2934 416 2997 αὐτοῦ,
468 2938 564 2988 καὶ
609 2935 689 3006 τῷ
739 2935 983 3006 βραχίονι
1015 2936 1180 2988 αὐτοῦ
1224 2935 1441 3000 συνάξει
1471 2934 1661 3004 ἄρνας,
1701 2933 1797 2987 καὶ

230 3027 322 3088 τὰς
371 3027 434 3078 ὲν
467 3025 670 3095 γαστρὶ
721 3025 947 3094 ἐχούσας
983 3025 1372 3096 παρακαλέσει.
1397 3044 1414 3076 ι
1453 3026 1644 3092 Γέγονε
1693 3024 1796 3077 τοί-

1902 1939 2277 1993 dissolvantur
2325 1955 2519 1993 manus
2563 1948 2686 1993 tuae.
2732 1940 2994 1994 Dominus
3020 1941 3165 1996 Deus
3213 1941 3322 2012 34
3356 1950 3484 1996 tuus

1901 2033 2058 2086 fortis
2083 2032 2137 2085 in
2155 2043 2242 2093 te.
2277 2031 2509 2086 salvabit
2533 2041 2584 2085 te
2605 2071 2619 2094 ,
2644 2038 2701 2084 et
2732 2031 3012 2085 innovabit
3045 2039 3097 2085 te
3123 2032 3177 2085 in
3217 2032 3482 2087 charitate

1901 2138 1997 2177 sua
2024 2123 2063 2176 ⁸.
2091 2144 2108 2171 ι
2142 2124 2306 2178 Isaias
2346 2133 2525 2177 autem
2571 2131 2778 2177 tantum
2828 2139 2935 2176 non
2961 2123 3032 2176 ob
3071 2125 3260 2177 oculos
3289 2125 3480 2193 ponit,

1899 2214 2125 2269 dicens:
2161 2233 2179 2266 ι
2211 2213 2631 2278 Confortamiui,
2665 2229 2858 2268 manus
2901 2215 3172 2277 remissa},
3212 2223 3268 2270 et
3307 2231 3481 2285 genua

1899 2304 2196 2371 dissoluta;
2225 2306 2604 2368 consulamini,
2624 2305 3000 2375 pusillanimes
3025 2314 3239 2359 mente:
3267 2306 3482 2360 confor-

1900 2395 2111 2458 tamini,
2143 2411 2213 2448 ne
2243 2395 2500 2450 timeatis.
2527 2395 2666 2449 Ecce
2699 2395 2843 2450 Deus
2873 2405 3080 2450 noster.
3122 2397 3262 2450 Ecce
3301 2397 3482 2450 Domi-

1899 2503 2003 2542 nus
2023 2502 2146 2541 cum
2166 2486 2369 2540 virtute
2391 2486 2567 2551 venit,
2597 2495 2652 2541 ct
2684 2487 2971 2542 brachium
3003 2503 3125 2542 cum
3149 2487 3478 2541 dominatio-

1898 2593 1986 2630 ne.
2035 2575 2188 2632 Sicut
2219 2585 2406 2645 pastor
2453 2585 2639 2646 pascet
2676 2593 2894 2647 gregem
2941 2593 3133 2642 suum,
3165 2586 3222 2632 et
3254 2577 3481 2632 brachio

1897 2681 1997 2720 suo
2013 2667 2363 2737 congregabit
2379 2682 2566 2736 agnos,
2584 2677 2638 2721 et
2653 2677 2994 2737 praegnantes
3013 2669 3385 2722 consolabitur
3400 2669 3441 2721 ⁸.
3457 2688 3473 2718 ι

1899 2755 2096 2808 Factus
2134 2754 2317 2823 itaque
2341 2763 2424 2809 est
2452 2755 2612 2808 nobis
2631 2755 2844 2823 justitia
2857 2763 2912 2808 et
2945 2756 3164 2823 requies
3186 2754 3440 2808 Christus
3465 2771 3475 2804 :

1897 2844 2150 2898 liberavit
2197 2854 2379 2899 autem
2422 2861 2520 2900 nos
2553 2846 2714 2899 etiam
2745 2861 2774 2898 ιι
2805 2854 2948 2898 terra
2984 2845 3071 2897 cui
3119 2845 3478 2898 maledixerat

1898 2935 2160 2989 Dominus
2186 2937 2350 2990 Deus.
2384 2935 2497 2989 Hoc
2528 2936 2677 2989 enim
2709 2934 2870 2988 nobis
2903 2933 2972 2987 de
2999 2934 3114 2988 Noe
3148 2933 3480 3003 prophetam

1898 3027 2039 3081 dixit
2102 3027 2339 3081 Lamech
2365 3028 2404 3080 ".
2441 3027 2509 3081 At
2552 3041 2684 3080 vero
2731 3041 3075 3094 nequaquam
3125 3025 3352 3079 dubium
3396 3034 3481 3078 est

231 3135 320 3171 νυν
351 3120 485 3187 ἡμῖν
533 3116 847 3185 δικαιοσύνη
883 3134 944 3170 τε
988 3118 1084 3170 καὶ
1131 3117 1438 3180 ἀνάπαυσις
1465 3119 1492 3170 6
1518 3117 1752 3187 Χριστός
1776 3133 1790 3147 ·

1899 3119 2042 3188 quod
2079 3119 2530 3188 transgressionis
2555 3117 2609 3171 in
2650 3117 2820 3172 Adam
2855 3117 3132 3171 accusatio
3166 3117 3220 3170 in
3259 3115 3480 3171 Christo

233 3207 432 3260 σέσωκε
487 3207 544 3259 δὲ
588 3209 738 3277 ἡμᾶς
773 3209 869 3261 καὶ
921 3209 1028 3261 άπὸ
1084 3211 1184 3277 τῆς
1204 3209 1307 3278 γῆς
1337 3203 1405 3280 ἧς
1445 3207 1796 3279 κατηράσατο

1899 3223 2089 3262 rursus
2113 3209 2315 3264 abolita
2355 3208 2477 3262 sit:
2520 3226 2537 3258 ι
2585 3207 2783 3261 Factus
2831 3207 2978 3260 enim
3026 3213 3110 3260 est
3169 3222 3268 3275 pro
3321 3206 3480 3259 nobis

232 3296 469 3366 Κύριοςὸ
510 3297 662 3361 Θεός.
723 3299 892 3350 Ταυτὶ
946 3299 1055 3370 γάρ
1100 3301 1232 3370 ⁴Ιξμίν
1293 3301 1385 3352 ἐπὶ
1424 3299 1547 3352 Νῶε
1584 3317 1798 3370 προφη-

231 3389 397 3442 τεύων
418 3389 659 3458 ἔφασκεν
681 3375 940 3467 ύΛάμεχ.
969 3391 1123 3443 Ἐστι
1151 3390 1207 3442 δὲ
1245 3389 1347 3443 οὐκ
1373 3391 1674 3458 ἀμφίλογον
1711 3392 1796 3443 ὅτι

232 3481 321 3550 τῆς
357 3483 416 3533 ὲν
451 3481 627 3550 ’Δδάμ
678 3481 1040 3552 παραϐάσεως
1074 3481 1143 3534 τὰ
1181 3481 1517 3551 ἐγκλήματα,
1581 3480 1796 3534 λέλυται

236 3571 390 3624 πάλιν
407 3573 466 3624 ὲν
494 3570 734 3642 Χριστῷ.
773 3591 792 3622 ι
812 3572 1006 3640 Γέγονε
1029 3573 1139 3642 γὰρ
1165 3572 1304 3643 ὑπὲρ
1325 3574 1481 3642 ἡμῶν
1507 3573 1742 3644 κατάρα,
1770 3592 1788 3625 ι

235 3663 364 3715 κατὰ
402 3663 466 3715 τὸ
497 3661 905 3733 γεγραμμένον,
946 3663 1043 3734 τῆς
1094 3664 1325 3734 ἀρχαίας
1349 3665 1488 3734 ἀρᾶς
1521 3664 1797 3718 ἀπαλλάτο

235 3769 330 3806 των
361 3757 463 3823 τὴν
488 3754 614 3825 γῆν.
649 3753 728 3808 Δι’
756 3754 920 3808 αὑτοῦ
948 3755 1057 3826 γάρ
1098 3757 1315 3809 ἅπαντα
1361 3757 1500 3827 πρὸς
1533 3757 1594 3810 τὸ
1617 3759 1674 3810 ἐν
1700 3759 1798 3830 άρ-

235 3845 342 3910 χαῖς
369 3843 901 3912 ἀνακεφαλαιώσθαί
927 3861 1107 3915 φαμεν
1125 3845 1216 3898 τὸν
1244 3846 1461 3916 Πατέρα
1494 3847 1586 3899 καὶ
1619 3847 1752 3901 Θεὸν
1775 3862 1792 3878 ⁸

245 3953 259 3982 ι
281 3937 381 3987 Καὶ
412 3935 481 3988 τὰ
523 3936 622 4006 μὲν
657 3937 858 4006 ἀρχαῖα
893 3936 1156 4007 παρῆλθε,
1185 3938 1375 4005 γέγονε
1416 3939 1473 3991 δὲ
1519 3939 1586 3991 τὰ
1620 3939 1795 3994 πάντα

240 4027 405 4091 καινὰ,
452 4028 548 4080 καὶ
591 4027 756 4092 εἴτις
807 4030 864 4082 ἐν
911 4030 1130 4099 Χριστῴ
1157 4031 1317 4098 καινὴ
1357 4032 1586 4092 κτίσις.ι
1626 4016 1794 4102 Εἴπερ

238 4114 340 4167 ἐστὶ
367 4117 620 4187 δεύτερος
662 4107 831 4188 Ἀδὰμ
861 4118 924 4171 δι’
963 4120 1209 4189 ὑπακοῆς
1236 4120 1558 4188 ἀνατρέπων
1600 4121 1660 4173 τὸ
1701 4121 1793 4172 τοῦ

237 4205 652 4275 πρωτοπλάστου
690 4209 1077 4279 κατηγόρημα·
1118 4208 1260 4278 φημὶ
1299 4208 1362 4280 δὴ
1387 4209 1484 4280 τὴν
1514 4211 1572 4262 ὲν
1603 4210 1795 4279 ἀρχαῖς

238 4295 555 4368 παραίτησιν
611 4299 986 4369 γεγενημένην
1043 4302 1347 4371 παρακοήν.
1403 4295 1530 4354 Ὧδε
1582 4305 1795 4370 φρονεῖν

234 4387 396 4442 ἐδόκει
435 4390 530 4442 καὶ
566 4391 644 4460 τῷ
679 4390 948 4461 Θεσπεσίῳ
973 4391 1188 4461 Παύλῳ.
1216 4392 1418 4462 Γράφει
1452 4392 1560 4463 γὰρ
1589 4391 1758 4455 οὕτως
1777 4411 1791 4422 ·

1896 3299 2206 3354 maledictio
2231 3340 2244 3363 ,
2284 3318 2302 3350 ι
2345 3299 2488 3354 sicut
2515 3299 2779 3367 scriptum
2821 3299 2980 3361 est’,
3018 3313 3049 3351 a
3091 3297 3263 3351 veteri
3307 3297 3476 3350 maleo

1895 3389 2138 3444 dictione
2186 3399 2384 3444 terram
2419 3389 2677 3443 liberans.
2698 3389 2801 3443 Per
2825 3389 3003 3458 ipsum
3040 3387 3310 3456 siquidem
3344 3386 3481 3441 dici-

1897 3498 2020 3537 mus
2035 3483 2249 3537 Patrem
2274 3497 2337 3536 ac
2355 3481 2526 3536 Deum
2551 3488 2746 3536 cuncta
2770 3489 3134 3534 restaurasse:
3161 3497 3180 3529 ι
3203 3479 3280 3532 Ac
3295 3487 3476 3533 vetera

1895 3573 2115 3643 quidem
2146 3573 2555 3642 praeterierunt,
2582 3571 2721 3626 facta
2744 3579 2872 3625 sunt
2897 3580 3082 3625 autem
3105 3569 3287 3625 omnia
3306 3583 3473 3631 nova;

1897 3665 1942 3720 si
1972 3680 2080 3734 qua
2108 3681 2248 3719 nova
2282 3664 2336 3718 in
2356 3663 2574 3718 Christo
2604 3671 2853 3718 creatura
2882 3662 2955 3717 ³.»
2980 3660 3260 3731 Siquidem
3285 3675 3480 3715 secun-

1896 3756 2001 3812 dus
2046 3757 2215 3811 Adam
2243 3771 2341 3826 per
2385 3754 2755 3810 obedientiam
2794 3754 2995 3808 avertit
3026 3751 3186 3822 primi
3233 3749 3484 3821 parentis

1897 3848 2140 3912 crimen,
2175 3856 2417 3902 veterem
2441 3886 2456 3912 ,
2499 3846 2719 3914 inquam
2741 3885 2754 3910 ,
2790 3844 2936 3900 illam
2977 3843 3160 3897 statim
3194 3843 3352 3896 initio
3379 3857 3474 3894 ex-

1896 3939 2162 4008 pulsionis
2201 3953 2450 4002 causam,
2503 3936 2951 3990 inobedieutiam.
2995 3933 3151 3999 Quod
3199 3941 3254 3986 et
3280 3933 3476 3985 Paulus

1897 4031 2200 4094 conﬁrmat,
2219 4031 2436 4083 dicens:
2467 4049 2484 4079 ι
2507 4025 2972 4093 Quemadmodum
2991 4024 3136 4078 enim
3160 4040 3256 4093 per
3283 4023 3471 4077 inube—

1897 4122 2158 4176 dientiam
2204 4120 2367 4175 unius
2419 4119 2655 4173 hominis
2695 4126 3011 4188 peceatores
3044 4115 3326 4170 constituti
3376 4130 3472 4168 su--

1897 4229 2040 4276 mus,
2077 4213 2150 4266 ita
2189 4221 2242 4266 et
2263 4227 2360 4281 per
2384 4211 2548 4264 unius
2576 4209 2945 4263 obedientiam
2967 4209 3102 4278 justi
3133 4209 3473 4262 constituen-

1899 4311 1986 4357 tur
2008 4303 2162 4356 multi
2191 4303 2230 4356 '.
2262 4322 2280 4353 ι
2324 4299 2519 4356 Factus
2565 4309 2649 4355 est
2697 4309 2879 4354 autem
2911 4299 3163 4354 Christus
3214 4299 3476 4353 obcdiens

1897 4393 2043 4448 Patri
2069 4409 2241 4462 usque
2275 4393 2340 4447 ad
2375 4400 2606 4446 mortem
2629 4431 2643 4455 ,
2697 4398 2931 4444 mortem
2968 4398 3147 4444 autem
3203 4389 3381 4442 crucis
3411 4390 3470 4440 ¹⁰.

239 4498 254 4527 ι
279 4481 491 4554 Ὠσπερ
521 4484 632 4555 γὰρ
669 4483 758 4536 διὰ
799 4484 899 4554 τῆς
936 4484 1219 4554 παρακοῆς
1250 4483 1342 4536 τοῦ
1365 4483 1483 4547 ἐνὸς
1505 4484 1790 4555 ἀνθρώπου

1899 4485 2362 4552 Quemadmodum
2404 4484 2570 4554 igitur
2609 4481 2898 4536 maledicta
2937 4489 3056 4536 erat
3083 4490 3222 4536 terra
3259 4481 3330 4535 ob
3366 4483 3477 4550 pri-

235 4570 545 4642 άμαρτωλοὶ
585 4575 1019 4646 κατεστάθησαν,
1079 4575 1222 4629 οὕτω
1270 4576 1362 4629 καὶ
1405 4577 1498 4630 διΞ
1529 4577 1631 4647 τῆς
1689 4577 1794 4629 ὑπ-

233 4663 393 4733 ακοῆς
423 4664 516 4718 τοῦ
547 4667 685 4731 ἐνὸς,
708 4666 904 4721 δίκαιοι
928 4667 1431 4737 κατασταθήσονται
1466 4669 1668 4721 πολλοί.
1700 4669 1796 4722 Γέ-

231 4770 345 4818 γονε
374 4757 436 4809 δὲ
460 4758 488 4808 6
514 4758 748 4827 Χριστὸς
781 4759 1017 4829 ὑπήκοος
1054 4759 1132 4830 τῷ
1154 4761 1328 4828 [lath
1355 4760 1517 4830 μέχρι
1542 4759 1793 4822 Θανάτου,

227 4841 459 4900 θανάτου
496 4848 554 4901 δὲ
587 4849 838 4918 σταυροῦ.
865 4869 885 4902 ι
917 4851 1126 4920 Ὥσπερ
1150 4846 1244 4904 οὖν
1267 4851 1538 4920 ἐπάρατος
1565 4847 1631 4920 ἦν
1657 4853 1688 4921 ἡ
1723 4851 1796 4920 γῆ

225 4935 311 4988 διὰ
347 4940 451 5009 τὴν
485 4941 548 4992 ἐν
569 4941 766 5011 ἀρχαῖς
815 4942 1121 5010 παράϐασιν
1150 4945 1208 4996 ἐν
1252 4941 1601 5007 Ἀὁὰμ,οὖτω
1641 4943 1796 5010 γέγο-

225 5043 312 5080 νεν
337 5030 683 5102 εὐλογημένη
713 5032 801 5085 διά
831 5033 930 5103 τὴν
960 5032 1204 5103 ὑπακοὴν
1223 5031 1316 5085 τοῦ
1341 5031 1600 5101 Χριστοῦ.
1645 5031 1794 5084 Ἐλυ-

223 5119 476 5184 τρώσατο
507 5121 564 5173 δὲ
609 5122 702 5174 καὶ
733 5121 935 5191 ἑτέρως
975 5124 1120 5192 ἡμᾶς
1141 5121 1247 5176 ἀπὸ
1266 5122 1362 5193 τῆς
1390 5121 1494 5192 γῆς
1522 5120 1795 5192 ὲπαράτου

219 5211 614 5280 γεγενημένης.
666 5213 943 5275 «Καινοὺς
992 5212 1100 5282 γάρ
1131 5213 1412 5284 οὐρανοὺς,
1464 5213 1558 5266 κα)⁵
1607 5212 1799 5283 καινὴν

220 5300 343 5366 γῆν,
381 5302 529 5355 κατὰ
575 5305 644 5356 τὰ
677 5304 1068 5374 ἐπαγγέλματα
1111 5305 1300 5367 αὑτοῦ,
1342 5303 1748 5375 προσδοκῶμεν,
1775 5323 1791 5354 ι

217 5392 360 5445 καθά
420 5394 513 5446 καὶ
561 5398 590 5448 ὁ
641 5397 803 5463 σοφὸς
852 5397 944 5450 τοῦ
986 5399 1236 5468 Σωτῆρος
1284 5399 1468 5468 εἴρηκε
1527 5397 1796 5466 μαθητής.

230 5481 565 5539 Ἐνεκαίνισε
606 5488 664 5541 δὲ
697 5490 830 5559 ἡμῖν
860 5492 950 5542 καὶ
975 5489 1073 5557 τὴν
1104 5492 1182 5552 είς
1215 5489 1279 5542 τά
1323 5489 1433 5558 άνῳ
1486 5497 1544 5542 τε
1592 5491 1686 5544 καὶ
1720 5490 1798 5553 εἰς

287 5686 305 5713 ’
350 5685 542 5742 Matth.
573 5706 648 5746 x1.
685 5691 774 5748 28.
816 5691 900 5743 ‘29.

213 5751 236 5782 '
269 5753 548 5822 Galam",
590 5761 674 5814 15.

988 5692 1008 5719 ³
1053 5689 1164 5745 Luc
1219 5707 1255 5753 ι,
1285 5690 1464 5754 50,5ί.

757 5759 776 5787 ⁸
803 5757 844 5813 ll
867 5762 993 5815 Cor.
1019 5777 1070 5824 γ,
1102 5762 1183 5814 l7.
1259 5763 1277 5792 ⁵³
1306 5762 1458 5815 Boni.
1488 5778 1538 5827 v,
1571 5763 1651 5814 l2.

1541 5693 1558 5722 "
1584 5693 1751 5762 Soph.
1803 5713 1878 5756 ιιι.
1917 5697 1999 5756 16,
2043 5696 2120 5748 l7.
2190 5693 2210 5724 '
2238 5691 2522 5762 Ismara“,
2567 5688 2621 5752 '5;
2660 5703 2757 5762 xt_.,_
2787 5686 2869 5762 lii,
2907 5686 2989 5740 ll.

1737 5769 1776 5795 ’θ
1805 5754 2034 5837 Philipp.
2060 5784 2114 5826 ιι,
2143 5767 2192 5818 8.
2260 5762 2295 5792 ¹¹
2335 5760 2376 5814 ll
2411 5759 2550 5813 Petr.
2590 5773 2668 5823 Ill,
2699 5757 2781 5824 15;
2811 5757 2978 5827 Apoc.
3020 5771 3130 5822 ut,
3155 5754 3207 5807 1.

1896 4593 2040 4631 mam
2065 4577 2211 4630 illam
2245 4575 2732 4646 transgressionem
2774 4574 2828 4628 in
2871 4573 3077 4639 Adam,
3116 4574 3190 4627 ita
3229 4572 3368 4628 facta
3393 4584 3477 4628 est

1895 4665 2182 4722 benedicta
2222 4673 2445 4735 propter
2493 4664 2863 4720 obedientiam
2921 4663 3145 4719 Christi.
3199 4663 3478 4717 Liberavit

1896 4764 2080 4810 autem
2109 4770 2210 4810 nos
2245 4755 2409 4810 etiam
2439 4754 2544 4808 alia
2580 4755 2793 4809 ratione
2819 4769 2850 4807 a
2891 4761 3036 4806 terra
3077 4752 3364 4806 maledicta
3391 4752 3472 4805 ef-

1896 4847 2055 4901 fecta.
2091 4867 2116 4896 -ι
2161 4847 2342 4900 Novos
2395 4846 2541 4900 enim
2595 4845 2795 4909 oculos,
2847 4851 2904 4898 et
2947 4859 3143 4898 novam
3195 4852 3414 4905 terram,
3449 4861 3465 4890 ι

1897 4939 2047 5009 juxta
2077 4938 2466 5008 promissiones
2507 4936 2713 5006 ipsius,
2758 4955 2776 4986 ι
2823 4943 3234 5005 exspectamus,
3270 4954 3286 4984 ι
3333 4933 3474 4987 sicut

1901 5040 1958 5085 et
2006 5033 2223 5100 sapiens
2273 5029 2476 5084 Christi
2521 5030 2826 5100 discipulus
2858 5027 2995 5082 dixit
3038 5028 3099 5079 ¹¹.
3150 5024 3474 5078 instauravit

1901 5134 2084 5178 autem
2115 5123 2274 5178 nobis
2296 5123 2459 5177 etiam
2489 5122 2554 5176 ad
2582 5137 2818 5192 superna
2838 5129 2893 5173 et
2919 5120 2974 5172 in
3008 5118 3174 5172 caelos
3207 5115 3470 5168 reditum:

1892 5228 1948 5271 et
1978 5231 2284 5286 praecursor
2330 5233 2429 5286 pro
2469 5215 2633 5271 nobis
2683 5221 2922 5270 sanctam
2964 5218 3164 5264 terram
3200 5207 3475 5277 ingressus

1892 5319 2004 5372 est,
2029 5309 2186 5378 cujus
2218 5317 2534 5365 mansuetos
2578 5305 2826 5361 heredes
2849 5303 2966 5356 fore
3005 5298 3179 5362 dixit,
3209 5299 3314 5353 hoc
3357 5308 3473 5354 est.

1894 5400 1988 5468 qui
2020 5398 2332 5468 evangelica
2374 5397 2660 5466 disciplina
2713 5392 2789 5469 ad
2829 5389 3306 5445 mansuetudinem
3349 5399 3475 5441 sunt

1893 5487 2093 5545 edocti.
2122 5486 2403 5557 Siquidem
2440 5490 2527 5542 lex
2557 5486 2777 5541 oculum
2813 5498 2913 5554 pro
2950 5481 3109 5538 oculo
3129 5521 3142 5544 ,
3176 5489 3232 5534 et
3255 5479 3474 5534 dentem

3089 5685 3108 5715 ⁶
3137 5683 3271 5738 Gen.
3305 5702 3354 5745 ι’,
3383 5686 3471 5741 ‘29.
