4050 6210
575 340 643 393 65
1378 380 1386 389 .
1603 337 1658 392 8.
1699 337 1972 393 CYRiLLl
2011 338 2476 393 ALEXANDRINI
2516 338 2832 394 ARCHIEP.
3761 323 3822 376 (ἶι

575 469 678 522 pro
702 453 867 510 dente
891 493 904 517 ,
939 463 996 510 et
1023 455 1224 510 vulnus
1259 469 1359 524 pro
1395 455 1648 520 vulnere,
1679 456 1848 527 indigi
1902 458 2141 528 injuriarr

2258 460 2522 528 οὐρανοὺς
2573 459 2952 528 ἁναφοίτησιν·
2993 459 3086 511 καὶ
3131 457 3437 528 πρόδρομος
3478 455 3618 526 ὑπὲρ
3676 458 3821 524 ἡμῶν

578 538 944 599 inferentibus
987 546 1166 615 jussit.
1209 545 1461 600 Christus
1503 555 1685 600 autem
1736 548 1935 602 nobis:
1973 569 1990 600 ι
2023 549 2153 603 Per-

577 634 804 690 cutienti
829 643 933 701 te,»
973 636 1170 706 inquit,
1195 657 1213 687 ι
1260 637 1312 690 in
1349 637 1624 692 dexteram
1650 640 1942 705 maxillam,
1975 643 2155 711 praebe

578 727 591 778 i
619 727 652 778 ii
681 740 736 781 et
760 728 920 781 aliam
951 730 1013 781 ".
1053 749 1070 778 ι
1099 729 1212 782 Noe
1245 729 1413 798 igitur
1441 731 1765 786 undecimus
1784 741 1945 787 natus
1967 743 2052 788 est
2085 734 2155 788 ab

577 817 746 878 Adam
784 819 889 887 35
921 836 1016 888 per
1049 819 1179 874 Seth
1210 831 1267 874 et
1300 821 1479 885 Enos,
1520 841 1539 872 ι
1573 823 1666 892 qui
1707 823 1945 892 speravit
1970 827 2154 880 voca-ri

577 910 797 962 nomine
821 911 914 964 Dei
949 913 1031 964 sui
1075 913 1137 976 ¹³,
1179 931 1196 962 ι
1227 913 1298 967 ob
1326 926 1592 965 summam
1626 912 1883 981 pietatem
1918 915 2150 983 vitazque

576 1002 1008 1056 sanctimoniam.
1045 1004 1381 1058 Describitur
1412 1013 1592 1057 autem
1620 1005 1788 1058 etiam
1837 1006 2156 1075 genealogia

576 1095 791 1147 Domini
813 1096 986 1148 nostri
1048 1096 1176 1149 Jesu
1206 1093 1409 1152 Christi
1433 1113 1463 1151 a
1492 1097 1695 1151 sanctis
1715 1097 2069 1167 evangelistis
2087 1098 2156 1152 ab

573 1185 746 1238 Adam
783 1185 849 1239 ad
877 1185 1078 1254 .loseph
1111 1200 1284 1255 uSque
1306 1227 1318 1250 ,
1352 1203 1450 1255 per
1470 1201 1686 1240 onmem
1705 1228 1718 1250 ,
1747 1195 1808 1240 ut
1833 1187 1908 1240 ita
1955 1186 2154 1252 dicam,

575 1283 822 1329 sanctum
845 1317 858 1339 ,
886 1277 1212 1346 genealogize
1245 1291 1495 1332 sermone
1513 1276 1698 1330 ducto.

2256 552 2335 612 είς
2381 549 2476 619 τὴν
2522 548 2681 616 ἁγίαν
2735 549 3030 620 είσέφρησε
3089 549 3224 618 γῆν·
3281 550 3347 618 ἦν
3400 548 3822 617 κληρονομήσειν

2255 638 2461 708 ἔφασκε
2500 639 2626 700 τοὺς
2659 640 2871 707 πραεῖς,
2896 638 3176 701 τουτέστι,
3219 639 3345 700 τοὺς
3391 641 3505 701 τοῖς
3541 640 3822 705 εὐαγγελι-

2256 730 2371 789 κοῖς
2421 726 2736 795 μαθήμασιν
2781 727 2861 788 είς
2914 726 3195 796 πραότητα
3257 726 3821 796 παιδαγωγουμένους.

2256 820 2426 888 Εἴπερ
2459 821 2485 870 ὁ
2527 819 2624 887 μὲν
2666 818 2848 887 νόμος,
2889 818 3166 887 ὀφθαλμὸν
3213 820 3331 870 ἀντὶ
3378 818 3684 887 ὀφθαλμοῦ,
3737 819 3825 870 καὶ

2255 912 2441 965 ὀδόντα
2475 911 2589 963 ἀντὶ
2628 911 2858 974 ὀδόντος,
2885 910 3105 980 τραῦμά
3123 928 3182 962 τε
3215 910 3334 962 ἀντὶ
3355 911 3685 978 τραύματος,
3709 911 3824 962 ἀντ·

2261 1002 2560 1070 επάγεσθαι
2597 1002 2705 1054 δεῖν
2765 1003 2875 1064 τοῖς
2908 1001 3181 1054 ἀδικοῦσιν
3231 1001 3533 1056 ἐκέλευσεν.
3575 1002 3734 1068 Ἡμῖν
3773 1000 3825 1052 δὲ

2262 1091 2878 1162 Χριστὸς,‹Τῴπαίοντί
2900 1109 2978 1156 σε,
3005 1093 3250 1160 »φησὶνμ
3281 1093 3361 1154 εἰς
3389 1092 3486 1161 τὴν
3514 1091 3694 1153 δεξιάν
3719 1107 3828 1142 σια-

2263 1184 2416 1251 γόνα,
2455 1183 2686 1252 στρέψον
2731 1181 2880 1251 αὐτῷ
2918 1182 3012 1235 καὶ
3049 1181 3147 1252 τὴν
3201 1182 3386 1250 ἄλλην.
3419 1201 3436 1233 ι
3492 1181 3614 1232 Νῶε
3657 1180 3827 1231 τοίνυν

2266 1277 2486 1342 γέγονεν
2526 1273 2811 1334 ἑνδέκατος
2843 1273 2900 1338 ἐξ
2944 1271 3117 1342 Ἀδὰμ
3157 1271 3245 1325 διά
3277 1289 3337 1323 τε
3367 1271 3472 1342 Σὴθ
3510 1270 3602 1322 καὶ
3646 1269 3827 1330 Ἐνὼς,

584 1369 726 1429 ιὋς
776 1367 1004 1436 ἤλπισεν
1051 1367 1422 1420 ἐπικαλεῖσθαι
1476 1367 1536 1418 τὸ
1597 1366 1769 1436 ὄνομα
1826 1366 2029 1436 Κυρίου
2080 1363 2170 1418 τοῦ
2225 1363 2360 1416 Θεοῦ
2431 1363 2656 1425 aia-:06,»
2692 1361 2779 1414 διὰ
2844 1362 3102 1430 πλείστην
3155 1362 3410 1430 ὁσιότητα
3474 1360 3570 1411 καὶ
3613 1357 3827 1426 Θεοφιλῆ

578 1460 869 1512 πολιτείαν.
902 1459 1304 1528 Γενεαλὸγεῖται
1375 1459 1430 1512 δὲ
1480 1461 1574 1512 καὶ
1607 1462 1635 1512 ό
1700 1458 1901 1530 Κύριος
1944 1457 2100 1528 ἡμῶν
2141 1457 2345 1527 Ἰησοῦς
2385 1458 2413 1508 ό
2462 1456 2696 1526 Χριστὸς
2742 1454 2890 1524 παρὰ
2933 1455 3041 1506 τῶν
3088 1455 3256 1522 ἁγίων
3327 1452 3726 1520 εὐαγγελιστῶν
3772 1452 3828 1520 ἐξ

587 1551 779 1620 Ἀδὰμ,
807 1552 900 1604 καὶ
939 1551 1128 1621 μέχρις
1155 1552 1318 1606 αὑτοῦ
1345 1552 1436 1604 τοῦ
1475 1553 1671 1621 Ἰωσὴφ
1717 1552 1803 1605 διὰ
1836 1552 2057 1616 παντὸς,
2115 1550 2190 1614 ὡς
2229 1549 2356 1613 ἔπος

575 1657 693 1707 γου.

644 1733 696 1785 5.
742 1730 1013 1802 Canprum
1037 1745 1134 1800 age
1155 1770 1168 1794 ,
1205 1730 1453 1785 dicamus
1477 1731 1981 1802 coinquinationem
2015 1746 2141 1800 quo-

2326 1734 2385 1780 ε’.
2432 1726 2590 1778 Ἀλλὰ
2629 1725 2761 1796 φέρε
2789 1766 2802 1788 ,

569 1824 861 1878 dummodo
881 1865 896 1888 ,
933 1823 1418 1893 confusionemque
1447 1824 1590 1878 inter
1614 1840 1669 1878 se
1705 1824 2118 1894 generationem
2136 1862 2150 1886 ,

570 1914 773 1976 sancti,
811 1913 1064 1982 inquam,
1099 1927 1226 1966 cum
1251 1928 1317 1968 eo
1345 1914 1438 1982 qui
1468 1914 1593 1969 talis
1623 1929 1734 1967 non
1765 1922 1880 1976 est,
1909 1914 2011 1966 hoc
2035 1922 2150 1976 est,

570 2003 796 2072 profano
826 2013 994 2072 atque
1025 2005 1260 2073 impuro.
1286 2002 1756 2069 Quemadmodum
1781 2005 1926 2058 enim
1966 2003 2061 2072 qui
2086 2018 2154 2057 ex

569 2093 714 2147 Eoos
732 2094 844 2148 nati
869 2103 1055 2157 erant,
1079 2102 1443 2163 cognomento
1473 2094 1588 2160 dii,
1621 2096 1678 2148 in
1707 2095 1847 2150 ﬁlias
1868 2095 2151 2149 hominum

565 2191 922 2244 exarserunt,
951 2197 1062 2250 quo
1099 2181 1240 2238 facto
1271 2183 1472 2238 diversi
1509 2199 1538 2238 a
1566 2184 1761 2253 seipsis
1786 2195 1914 2240 sunt
1934 2184 2113 2239 effecti
2135 2225 2150 2250 ,

565 2281 620 2325 et
645 2270 712 2324 ad
737 2287 925 2324 earum
955 2287 1138 2326 mores
1164 2288 1228 2326 ac
1253 2273 1401 2343 leges
1423 2274 1590 2328 vitam
1624 2290 1776 2329 suam
1807 2275 2152 2332 instituentes

565 2365 871 2418 defectione
902 2363 958 2417 in
1003 2364 1399 2418 absurdissima
1419 2382 1647 2435 qua}un
1688 2367 2004 2421 laborarunt
2033 2385 2045 2420 :
2079 2368 2150 2423 ita

563 2455 727 2508 etiam
776 2455 870 2522 qui
910 2469 978 2508 ex
1018 2455 1282 2524 sanguine
1329 2455 1494 2510 Israel
1541 2456 1646 2510 orti
1704 2466 1864 2520 sunt,
1906 2458 2150 2527 quandiu

564 2547 688 2600 vitae
723 2545 1142 2600 sanctimoniam
1180 2555 1581 2610 exercuerunt,
1629 2556 1684 2601 et
1730 2548 1888 2602 avitae
1935 2549 2152 2618 pietatis

562 2637 798 2706 optimos
836 2637 1144 2692 imitatores
1189 2653 1307 2692 sese
1350 2638 1729 2706 praebuerunt,
1764 2655 1982 2693 omnem
2024 2641 2149 2709 qui-

559 2727 682 2780 dem
717 2726 1002 2796 pravitatis
1017 2726 1238 2781 modum
1270 2728 1775 2798 aseproﬂigarunt,
1808 2730 2149 2785 etsinecram

560 2819 787 2874 ninnino
837 2827 1003 2888 atque
1038 2819 1303 2873 illibatam
1363 2821 1422 2876 in
1478 2820 1676 2890 seipsis
1724 2821 1973 2890 gloriose
2026 2821 2150 2877 vitm

559 2910 774 2964 laudem
811 2919 1228 2965 conservaram.
1258 2911 1554 2980 Postquam
1582 2928 1714 2967 vero
1769 2913 2012 2968 ﬁnitimis
2047 2929 2147 2982 po-

560 3001 702 3070 pulis
745 3009 875 3056 sunt
921 3001 1183 3065 immisti,
1218 3001 1514 3065 damnante
1546 3003 1598 3056 id
1632 3003 1775 3071 lege,
1823 3005 2005 3058 statim
2047 3019 2145 3056 ne-

555 3094 760 3162 quitia,
809 3108 931 3162 quae
957 3094 1015 3146 in
1064 3094 1132 3146 iis
1175 3094 1471 3161 regnabat,
1517 3093 1747 3160 repleti,
1783 3100 1840 3145 et
1875 3092 2146 3161 proclives

555 3181 850 3234 almodum
877 3182 945 3234 ad
972 3181 1167 3233 vitium
1189 3220 1202 3241 ,
1239 3195 1302 3233 ac
1327 3180 1527 3248 quibus
1557 3194 1668 3233 non
1703 3181 1964 3239 extremis
1985 3182 2144 3238 malis

557 3271 867 3324 laborantes
903 3277 1033 3324 sunt
1065 3270 1434 3340 deprehensi?
1476 3269 1641 3340 Atqui
1680 3273 1789 3327 hoc
1824 3273 2000 3343 magis
2037 3275 2145 3328 mi—

555 3360 787 3414 randum
808 3368 913 3415 est.
935 3359 1138 3415 Gentes
1159 3360 1304 3415 enim
1322 3371 1601 3417 creaturas
1625 3371 1816 3418 contra
1837 3375 2146 3420 creatorem

553 3451 905 3506 aciactorem
960 3452 1236 3516 colentes,
1279 3462 1334 3508 et
1386 3453 1442 3507 in
1498 3468 1742 3508 errorem
1789 3455 1858 3510 de
1912 3456 2143 3512 deorum

553 3542 862 3612 pluralitate
883 3543 1068 3612 lapsae,
1091 3543 1355 3598 honorem
1379 3545 1720 3600 dremonibus
1736 3547 2138 3603 exhibuerunt:

552 3635 718 3696 lsrael
765 3649 898 3690 vero
942 3635 1220 3706 primitiva
1264 3652 1328 3690 ac
1359 3647 1584 3706 paterna
1628 3637 1840 3708 origine
1881 3649 2139 3708 sanctus,

552 3726 712 3780 nihili
759 3727 922 3796 plane
966 3727 1338 3782 defectionem
1386 3728 1536 3784 fecit.
1598 3729 1804 3784 Idcirco
1851 3731 1995 3787 Deus
2044 3749 2142 3802 per

553 3833 741 3872 vocem
766 3827 1011 3874 sanctam
1027 3819 1094 3873 ad
1117 3834 1213 3874 eos
1229 3820 1338 3874 ait:
1373 3841 1390 3871 ι
1414 3821 1572 3876 Abite
1596 3822 1651 3876 in
1679 3823 1884 3877 insulas
1899 3822 2138 3889 Ccthim,

549 3917 606 3963 et
641 3910 822 3966 videte
842 3951 857 3974 ,
897 3910 1025 3966 etin
1045 3910 1222 3966 Cedar
1246 3913 1448 3967 mittite
1468 3953 1482 3978 ,
1519 3923 1576 3968 et
1605 3915 1948 3970 considerate
1975 3917 2142 3971 vehe-

549 4011 798 4065 menter,
834 4012 890 4057 et
921 4002 1103 4058 videte
1141 4005 1186 4058 si
1220 4003 1361 4060 facta
1401 4013 1529 4059 sunt
1557 4005 1733 4060 talia:
1761 4005 1806 4061 si
1844 4007 2139 4062 mutabunt

549 4103 740 4161 gentes
760 4095 894 4148 deos
921 4110 1054 4149 suos
1071 4135 1086 4158 ,
1107 4104 1164 4150 et
1185 4105 1334 4151 certe
1357 4097 1413 4150 hi
1445 4114 1554 4152 non
1587 4109 1718 4154 sunt
1743 4100 1840 4154 dii.
1873 4099 1942 4155 At
1967 4115 2140 4171 popu-

549 4183 636 4252 lus
666 4199 822 4238 meus
854 4184 1086 4239 mutavit
1113 4185 1342 4253 gloriam
1378 4203 1569 4241 eorum
1589 4229 1602 4253 ,
1637 4191 1705 4245 de
1729 4209 1834 4259 qua
1856 4209 1967 4247 non
2007 4210 2135 4263 pro-

3804 1453 3829 1484 ς

2403 1550 2596 1611 εἰπεῖν,
2637 1547 2813 1614 ἁγίου,
2850 1545 2943 1600 τοῦ
2973 1546 3072 1615 τῆς
3111 1543 3454 1613 γενεαλογίας
3486 1543 3713 1611 ἥκοντος
3746 1542 3830 1594 λό-

2855 1724 3103 1794 λέγωμεν
3147 1723 3240 1775 τὸν
3286 1722 3448 1775 οἱονεὶ
3495 1722 3710 1792 φυρμὸν
3741 1724 3832 1776 καὶ

2257 1820 2353 1887 τὴν
2383 1820 2461 1880 είς
2488 1816 2693 1886 ἄλληλα
2723 1815 3019 1885 γενομένην
3049 1815 3309 1883 ἀνάχυσιν
3343 1812 3451 1866 τῶν
3483 1814 3707 1882 γενεῶν,
3734 1813 3829 1867 τοῦ

2255 1925 2315 1960 τε
2356 1908 2512 1973 ἁγίου
2555 1907 2729 1976 φημὶ,
2764 1907 2858 1958 καὶ
2891 1905 2984 1958 τοῦ
3022 1904 3096 1976 μὴ
3145 1904 3374 1966 τοιοῦδε,
3411 1905 3661 1958 τουτέστι
3689 1949 3702 1969 ,
3734 1904 3828 1958 τοῦ

2258 1998 2483 2068 βεϐήλου
2523 1999 2616 2051 καὶ
2647 1996 3057 2067 μυσαρωτάτου.
3092 1997 3301 2066 Ὃνπερ
3334 1995 3448 2065 γὰρ
3466 1995 3667 2066 τρόπον
3693 1998 3742 2048 oi
3772 1998 3831 2062 ἐξ

2269 2088 2430 2151 Ἐνὼς
2461 2088 2743 2157 γεγονότες
2776 2086 2870 2140 τοῦ
2899 2086 3128 2156 ἐπίκλην
3156 2086 3315 2149 Θεοῦ,
3344 2089 3462 2149 ταῖς
3486 2087 3595 2139 τῶν
3617 2086 3829 2158 ἀνθρὼ-

2255 2197 2370 2233 πων
2401 2179 2759 2250 ὲπεμαίνοντο
2783 2171 3220 2249 θυγατράσιν,.οὗ
3250 2177 3533 2245 γεγονότος
3549 2177 3832 2248 ἑτερότρο-

2255 2271 2344 2324 ποί
2367 2288 2423 2322 τε
2453 2267 2589 2341 ἦσαν
2618 2270 2796 2332 εὐθὺς,
2825 2270 2920 2324 καὶ
2949 2272 3060 2334 τοῖς
3091 2270 3316 2324 ἐκείνων
3349 2269 3503 2341 ἧθεσί
3531 2286 3590 2322 τε
3627 2271 3722 2323 καὶ
3742 2271 3829 2322 νὸο

2255 2379 2374 2432 μοις
2403 2362 2640 2415 διαϐιοῦν
2673 2363 2956 2432 ᾑρημένοι,
2986 2361 3083 2432 τὴν
3110 2363 3188 2425 είς
3224 2363 3334 2416 πᾶν
3354 2360 3532 2423 ὁτιοῦν
3550 2359 3658 2413 τῶν
3678 2361 3832 2414 ἐκτός

2253 2471 2369 2508 πων
2393 2453 2814 2524 κατηῤῥώστουν
2844 2451 3163 2524 άποφθοράν
3185 2470 3199 2485 ο
3229 2451 3403 2516 οὕτως
3447 2454 3541 2507 καὶ
3573 2454 3621 2505 οἱ
3648 2452 3710 2516 ἐξ
3740 2452 3830 2504 αῖ-

2255 2563 2422 2616 ματος
2456 2545 2547 2598 τοῦ
2597 2545 2843 2615 Ἰσραὴλ,
2882 2544 2985 2606 ἕως
3016 2545 3113 2616 μὲν
3144 2541 3284 2616 ἦσαν
3323 2544 3694 2614 ἁγιοπρεποῦς
3728 2561 3826 2598 τοο-

2249 2639 2446 2702 λιτείας
2492 2638 2741 2708 ἐργάται,
2774 2639 2869 2692 καὶ
2908 2639 3240 2710 προγονικῆς
3289 2638 3570 2702 εὐσεϐείας
3615 2637 3827 2706 ἄριστοι

2254 2731 2507 2800 μιμηταὶ,
2547 2731 2725 2783 πάντα
2759 2729 2857 2799 μὲν
2891 2728 3300 2792 ἀπεσπούδαζον
3341 2728 3675 2798 φαυλότητος
3705 2728 3829 2798 τρὸο

2251 2839 2370 2884 πον,
2405 2823 2796 2892 άπαραποίητά
2831 2839 2888 2876 τε
2942 2821 3222 2884 παντελῶς
3256 2822 3331 2884 ὼς
3360 2821 3417 2874 έν
3451 2838 3514 2889 γε
3540 2821 3604 2893 δή
3644 2838 3830 2890 σφισιν

2248 2914 2450 2976 αὐτοῖς,
2480 2915 2576 2982 τῆς
2609 2912 2862 2975 εὐκλεοῦς
2892 2913 3163 2976 πολιτείας
3191 2916 3528 2983 τετηρήκασι
3556 2914 3624 2965 τὰ
3657 2912 3830 2982 αῖ)κή-

2251 3023 2416 3073 ματα.
2461 3005 2676 3074 Ἐπειδὴ
2710 3005 2766 3058 δὲ
2808 3008 2918 3068 τοῖς
2957 3005 3176 3075 ὁμόροις
3207 3004 3416 3058 ἔθνεσιν
3449 3004 3824 3064 ὲνεπλέκοντο,

2172 3072 2212 3128 C
2249 3072 2423 3148 καίτοι
2467 3072 2882 3163 διαδεδληκᾶτος
2923 3072 3206 3165 τδ-χρῆμα
3241 3093 3335 3148 τοῦ
3369 3094 3534 3164 νόμου
3584 3095 3827 3162 ἀναπιμ-

2250 3183 2513 3253 πλάμενοι
2543 3184 2880 3254 παραχρῆμα
2911 3186 3008 3254 τῆς
3044 3183 3267 3252 ἐνούσης
3294 3184 3473 3246 αὐτοῖς
3515 3181 3826 3252 βδελυρίας,

2245 3277 2594 3346 εὐπὰροιστοί
2611 3294 2669 3330 τε
2699 3277 2792 3330 καὶ
2817 3275 3045 3347 ἐλαφροὶ
3070 3277 3210 3340 λίαν,
3243 3277 3338 3328 καὶ
3363 3276 3414 3328 τί
3438 3277 3546 3345 γὰρ
3571 3274 3691 3344 οὐχὶ
3712 3273 3831 3328 τῶν

2245 3369 2504 3422 ἀνωτάτω
2533 3368 2720 3422 κακῶν
2749 3368 3029 3432 νοσοῦντες
3071 3367 3385 3438 ἡλίσκοντο;
3428 3366 3540 3419 Καὶ
3564 3365 3689 3432 τόγε
3718 3383 3827 3417 πα-

2245 3459 2612 3530 ραδοξότερον.
2646 3461 2688 3512 Τ
2693 3461 2724 3512 ὰ
2761 3461 2858 3528 μὲν
2881 3459 2989 3531 γὰρ
3013 3459 3144 3528 ἔθνη
3171 3461 3236 3527 τῇ
3263 3457 3437 3511 κτίσει
3459 3456 3632 3509 καίτοι
3662 3455 3829 3507 λελα-

2241 3551 2506 3620 τρευκότα
2554 3551 2702 3620 παρὰ
2749 3550 2840 3604 τὸν
2873 3551 3121 3620 κτίστην,
3174 3550 3268 3603 καὶ
3308 3550 3558 3618 ποιητὴν,
3600 3548 3696 3600 καὶ
3739 3548 3825 3608 είς

2242 3639 2500 3692 πολύθεον
2533 3640 2739 3710 πλάνην
2768 3641 3166 3693 άπονενευκότα
3197 3641 3263 3708 τῇ
3313 3639 3448 3709 πρὸς
3483 3637 3642 3690 τοῦτο
3678 3653 3816 3705 γνη-

2244 3730 2481 3799 σιότητι,
2512 3730 2608 3791 τὰς
2655 3730 3075 3800 τῶνοδαιμόνων
3121 3729 3323 3798 ἀγέλας
3369 3730 3592 3798 ἐτίμων.
3658 3729 3718 3779 ’0
3760 3727 3824 3782 δὲ

2239 3819 2442 3874 ἄνωθέν
2471 3838 2528 3874 τε
2560 3821 2652 3874 καὶ
2687 3820 2752 3874 ὲκ
2795 3820 3047 3892 πατέρων
3081 3820 3235 3889 ἅγιος
3278 3819 3490 3890 Ἰσραὴλ
3512 3862 3526 3883 ,
3558 3820 3616 3871 ὲν
3646 3819 3822 3887 ὀλίγῳ

2241 3911 2520 3975 παντελῶς
2551 3913 2788 3965 ἐποιεῖτο
2830 3912 2974 3981 λόγῳ
3018 3913 3118 3984 τὴν
3165 3912 3487 3966 ἀπόστασιν.
3524 3912 3822 3980 Τοιγάρτοι

2238 4003 2368 4068 Θεὸς
2389 4003 2478 4056 διὰ
2504 4003 2686 4073 φωνῆς
2705 4003 2862 4071 ἁγίας
2880 4002 3013 4072 φησὶ
3038 4004 3171 4073 πρὸς
3197 4003 3393 4065 αὐτούς
3417 4019 3428 4031 ·
3460 4022 3477 4053 ι
3520 4001 3822 4055 Ἀπέλθετε

2237 4098 2316 4160 εἰς
2349 4101 2544 4168 νήσους
2572 4097 2820 4166 Χετιεὶμ,
2853 4095 2948 4149 καὶ
2989 4095 3125 4148 ἴδετε
3153 4135 3169 4161 ,
3213 4097 3308 4148 καὶ.
3340 4097 3420 4157 είς
3450 4095 3642 4165 Κηδὰρ
3676 4097 3822 4152 ἀπο-

2240 4189 2484 4246 στείλατε
2509 4231 2524 4254 ,
2567 4189 2660 4242 καὶ
2688 4189 2918 4258 νοήσατε
2955 4187 3162 4260 σφόδρα
3185 4229 3200 4255 ,
3248 4186 3340 4241 καὶ
3369 4188 3508 4240 ίδετε
3548 4189 3595 4240 εί
3622 4186 3822 4252 γέγονε

549 4273 693 4344 derit
725 4274 825 4338 eis.
860 4273 1157 4342 Obstupuit
1184 4274 1383 4328 coelum
1411 4290 1577 4345 super
1611 4277 1746 4341 hoc,
1774 4288 1831 4332 et
1863 4280 2136 4335 inhorruit

2243 4282 2480 4344 τοιαῦτα,
2522 4284 2570 4333 εί
2598 4281 2913 4347 ἀλλάξονται
2943 4280 3068 4350 ἔθνη
3110 4281 3265 4342 Θεοὺς
3301 4279 3479 4332 αὐτῶν
3501 4321 3515 4344 ,
3549 4279 3643 4332 καὶ
3666 4270 3822 4331 οὗτοι

551 4377 697 4436 terra
727 4375 885 4420 extra
911 4365 1165 4430 modum,
1193 4365 1330 4421 dicit
1358 4367 1643 4423 Dominus.
1679 4366 1816 4433 Quia
1838 4368 1949 4422 duo
1991 4373 2129 4425 mala

2243 4372 2335 4423 οὐκ
2364 4372 2468 4421 εἰσὶ
2507 4369 2713 4423 θεοί.’0
2740 4371 2796 4422 δὲ
2818 4371 2945 4431 λαός
2974 4387 3073 4438 μου
3104 4369 3370 4438 ἠλλάξατο
3403 4369 3502 4437 τὴν
3526 4368 3680 4432 δόξαν
3708 4370 3819 4422 αὒ-

547 4455 674 4516 fecit
700 4455 935 4526 pepulus
960 4471 1116 4511 meus
1144 4474 1157 4526 ι
1191 4456 1273 4522 Me
1304 4457 1716 4527 dereliquerunt
1739 4458 1944 4514 fontem
1975 4475 2132 4530 aqua

2243 4458 2358 4522 τῶν,
2399 4457 2456 4522 ἐξ
2486 4455 2553 4526 ἦς
2591 4459 2688 4509 οὐκ
2729 4458 3192 4527 ὠφεληθήσονται.
3256 4457 3478 4525 Ἐξέστη
3519 4459 3547 4509 ὀ
3577 4458 3818 4524 οὐρανὸς

548 4547 808 4612 viventis,
837 4557 892 4602 et
926 4547 1183 4604 foderunt
1226 4550 1332 4604 sibi
1363 4552 1515 4605 lacus
1556 4552 1848 4617 contritas,
1879 4553 1974 4621 qui
2021 4568 2132 4608 non

548 4645 805 4712 poterunt
829 4653 1027 4708 aquam
1059 4640 1342 4695 continere
1377 4641 1440 4693 ιδ.
1475 4661 1494 4692 ι
1531 4643 1600 4696 Ει
1633 4658 1855 4698 rursum
1890 4663 1903 4698 :
1940 4663 1957 4694 ι
1993 4644 2134 4712 Quia

541 4731 695 4805 juxta
729 4744 1020 4783 numerum
1043 4730 1265 4784 urbium
1293 4740 1514 4785 tuarum
1531 4741 1688 4787 erant
1709 4733 1787 4788 dii
1815 4734 1915 4799 tui,
1955 4735 2094 4791 Juda
2113 4777 2127 4801 ,

543 4829 598 4884 rt
634 4820 937 4874 secundum
985 4837 1275 4876 numerum
1320 4821 1534 4877 viarum
1569 4825 1872 4880 Jerusalem
1919 4828 2098 4884 sacriﬂ

545 4921 809 4969 raverunt
833 4912 958 4967 Baal
998 4928 1140 4967 :cur
1183 4913 1472 4985 loquimini
1513 4917 1580 4970 ad
1634 4917 1755 4971 me?
1795 4915 1998 4974 Omnes
2029 4935 2127 4974 vos

544 5003 880 5072 deliquistis,
913 5004 1021 5074 36
1053 5014 1109 5060 et
1133 5021 1324 5062 omnes
1345 5021 1442 5062 vos
1466 5009 1632 5078 impie
1662 5009 1850 5079 egistis
1867 5009 2128 5066 adversus

2226 4549 2319 4600 ἐπὶ
2351 4547 2665 4616 τούτῳ,⁶καὶ
2702 4547 2916 4616 ἔφριξεν
2951 4549 2983 4617 ἡ
3010 4549 3082 4616 γῆ
3111 4548 3205 4600 ἐπὶ
3238 4546 3421 4599 πλεῖον
3459 4547 3688 4614 σφόδρα,
3721 4546 3817 4598 λέ-

2225 4655 2312 4708 γει
2337 4639 2566 4708 Κύριος·
2593 4640 2673 4692 ὅτι
2699 4637 2794 4690 δύο
2822 4639 2914 4692 καὶ
2941 4639 3156 4711 πονηρά
3176 4639 3431 4709 ἐποίησεν
3456 4642 3484 4693 ὁ
3507 4639 3637 4702 λαός
3665 4657 3768 4709 μου
3796 4657 3810 4670 ·

2227 4730 2327 4801 ἐμὲ
2361 4730 2719 4798 ἐγκατέλιπον
2751 4731 2931 4801 πηγὴν
2963 4730 3152 4796 ὓδατος
3185 4731 3392 4796 ζῶντος
3415 4773 3432 4799 ,
3463 4735 3559 4786 καὶ¹
3589 4732 3816 4803 ὤρυξαν

2229 4823 2438 4886 ἑαυτοῖς
2472 4823 2709 4885 λάκκους
2741 4822 3270 4894 συντετριμμένους,
3299 4822 3346 4875 οἳ
3391 4825 3452 4876 οὗ
3482 4824 3814 4894 δυνήσονται

2225 4913 2369 4984 ὕδωρ
2391 4913 2651 4984 συνέχειν.
2672 4916 2779 4968 Καὶ
2795 4914 2956 4968 πάλιν
2975 4932 2987 4945 ·
3033 4916 3154 4969 Ὅτι
3189 4914 3332 4968 κατὰ
3351 4915 3582 4986 ἀριθμὸν
3599 4916 3816 4971 πόλεών

2224 5025 2340 5070 σου,
2369 5005 2508 5078 ἦσαν
2539 5007 2650 5061 θεοί
2680 5025 2795 5071 σου,
2831 5008 3022 5070 Ἰούδα,
3059 5009 3319 5062 καὶκατὰ
3350 5008 3586 5078 ἀριθμὸν
3616 5009 3808 5062 διόδων

542 5110 650 5158 me,
690 5095 822 5149 dicit
849 5095 1112 5150 Dominus
1139 5098 1204 5151 “'.
1239 5117 1255 5149 ι
1284 5099 1345 5152 1n
1370 5107 1579 5154 tantam
1619 5101 1767 5155 enim
1799 5103 2124 5172 pravitatem

2243 5099 2320 5170 τῆς
2360 5099 2734 5171 Ἰερουσαλὴμ,
2766 5100 2918 5153 ἔθυον
2942 5103 3006 5171 τῇ
3039 5101 3206 5154 Βάαλο
3241 5102 3326 5153 ἵνα
3360 5101 3411 5154 τί
3431 5100 3641 5154 λαλεῖτε
3667 5101 3810 5169 πςός

541 5185 964 5254 cogitationum,
985 5203 1049 5243 ac
1073 5189 1258 5258 potius
1300 5205 1530 5259 operum
1555 5191 1692 5261 lapsi
1723 5202 1880 5260 sunt,
1913 5202 1975 5248 ut
1997 5209 2120 5248 cum

543 5276 864 5332 mulieribus
917 5281 1066 5350 vagis
1112 5281 1530 5352 errantibusque
1577 5284 1758 5339 adhuc
1799 5286 2120 5341 commisce-

541 5374 752 5421 rentur.
810 5367 947 5424 Cum
987 5388 1118 5427 vero
1140 5374 1508 5450 peperissent,
1541 5391 1766 5431 necesse
1811 5377 1970 5446 plane
2001 5386 2121 5430 erat

538 5455 681 5512 fetus
718 5459 1072 5517 Judaicorum
1120 5465 1324 5519 rituum
1363 5465 1556 5522 notitia
1581 5466 1857 5538 insigniri,
1898 5476 1953 5522 et
2005 5469 2117 5522 cir-

537 5548 926 5607 cumcisioncm
953 5564 1139 5608 octava
1163 5555 1251 5609 die
1273 5597 1285 5618 ,
1324 5558 1702 5628 sacriiiciaque
1732 5558 1797 5613 ad
1832 5559 1972 5612 hanc
2002 5574 2115 5612 rem

601 5727 642 5758 ³⁸
677 5727 862 5782 Matth.
891 5748 940 5796 v,
990 5732 1076 5796 59;
1107 5734 1235 5788 Luc.
1270 5752 1339 5799 νι,
1368 5737 1454 5789 29.
1537 5739 1577 5767 ’³
1607 5738 1743 5792 Gen.
1785 5755 1853 5802 Iv,
1887 5738 1973 5790 26.

2223 5209 2290 5258 με
2316 5208 2330 5256 ;
2360 5192 2569 5254 Πάντες
2592 5192 2750 5259 ὑμεῖς
2775 5193 3111 5263 ὴνομήσατε,
3136 5194 3231 5247 καὶ
3259 5193 3461 5257 πάντες
3493 5194 3648 5265 ὑμεῖς
3671 5194 3804 5261 ήσε-

2229 5283 2432 5353 ϐήσατε
2465 5285 2546 5347 είς
2573 5283 2672 5352 ἐμὲ
2692 5323 2706 5345 ,
2737 5282 2884 5350 λέγει
2915 5283 3134 5354 Κύριος.
3178 5303 3196 5336 ι
3244 5284 3564 5355 Κατῴχοντο
3591 5283 3698 5354 γὰρ
3721 5283 3808 5345 είς

2227 5373 2386 5427 τοῦτο
2417 5375 2734 5444 σκαιότητος
2764 5374 3038 5444 λογισμῶν
3056 5415 3070 5437 ,
3106 5376 3304 5446 μᾶλλον
3337 5378 3394 5429 δὲ
3419 5376 3515 5429 καὶ
3547 5377 3807 5445 ἐγχειρηη

2229 5467 2433 5536 μάτων,
2473 5467 2549 5530 ὡς
2581 5466 2819 5534 γυναίοις
2861 5467 2957 5537 μὲν
2998 5469 3385 5539 ἐπιμίσγεσθαι
3427 5467 3800 5537 πλανωμένοις

2224 5559 2322 5610 ἔτι.
2371 5559 2587 5630 Ἐπειδὴ
2621 5559 2676 5610 δὲ
2707 5558 2934 5623 ἔτικτον,
2965 5561 3139 5613 καίτοι
3181 5560 3295 5614 δέον
3333 5559 3490 5620 εὐθὺς
3521 5559 3618 5629 τῆς
3669 5559 3802 5612 ‘lou—

2059 5740 2100 5771 "
2123 5739 2320 5794 Jercm:
2353 5757 2404 5802 ιι,
2449 5741 2622 5794 lli-l3.
2701 5742 2740 5772 ⁸³
2779 5741 2936 5802 ΙΙ)ἱι1.,
2966 5738 3056 5801 '28,
3083 5739 3171 5792 29.
