4052 6212
495 304 570 360 67
1536 291 1592 346 S.
1627 289 1904 346 CYRILLI
1943 284 2412 342 ALEXANDRINI
2454 280 2770 339 ARCIIIEI’.
2856 306 2858 309 ν
3699 274 3765 331 68

503 420 694 473 decem
735 411 996 476 denariis,
1030 423 1247 464 rursum
1279 406 1346 461 ad
1384 404 1648 459 unitatem
1687 400 2086 456 revolutionem

2205 397 2457 462 τουτέστι,
2491 399 2519 450 ὁ
2548 395 2746 450 ἑκατὸν
2779 398 2842 449 ὲκ
2878 395 3118 449 δεκάδων
3151 394 3313 449 δέκα·
3339 394 3432 448 καὶ
3461 390 3763 461 ἀνακύκλη-

503 508 735 562 habens.
765 503 922 571 Quod
961 501 1127 572 igitur
1159 497 1308 562 dixi,
1349 495 1405 550 in
1442 493 1615 548 sacris
1654 490 1884 546 Litteris
1909 487 2087 558 perfe-

505 597 704 652 ctionis
732 592 1040 666 symbolum
1063 599 1168 654 est,
1197 587 1378 642 omnis
1403 599 1666 640 numerus
1689 584 1745 637 in
1765 591 1930 652 caput
1951 597 2089 650 quo-

507 687 799 746 dummodo
834 685 1074 747 rediens,
1109 691 1397 752 postquam
1435 678 1504 734 ad
1537 677 1956 733 convenientem
1989 671 2090 742 ipsi

505 793 563 839 et
583 780 910 852 praeﬁnitum
933 776 1226 832 terminum
1249 771 1580 843 pervenerit.
1613 769 1744 825 Vide
1765 769 1947 837 itaque
1969 781 2090 820 san-

507 883 607 928 ctte
642 871 922 929 Trinitatis
963 866 1335 924 omnimodam
1377 863 1789 935 perfectionem,
1826 858 1996 914 veluti
2037 858 2092 912 in

507 967 688 1020 tribus
728 963 1042 1020 cubitorum
1073 958 1340 1016 centuriis
1380 954 1761 1027 signiﬁcatam.
1791 951 1917 1006 Haec
1941 949 2088 1004 enim

502 1069 593 1113 est
632 1072 772 1112 areae
809 1053 1113 1125 longitudo.
1153 1051 1311 1118 Quod
1337 1065 1470 1104 vero
1501 1047 1592 1111 sit,
1629 1054 1692 1099 ut
1721 1046 1794 1099 ita
1823 1043 2089 1107 dicamus,

510 1150 774 1222 perfectio
796 1148 1194 1218 perfectionum
1214 1144 1398 1198 Deitas
1419 1142 1475 1196 in
1503 1141 1732 1202 unitate,
1760 1138 2002 1193 declarat
2019 1137 2097 1191 Ia-

505 1244 708 1307 titudo,
741 1238 1138 1312 quinquaginta
1157 1235 1360 1291 cubitis
1395 1243 1673 1298 constans,
1707 1233 1812 1286 hoc
1846 1240 1950 1294 est,
1977 1230 2094 1284 vel-

511 1336 598 1389 uti
648 1335 704 1389 in
732 1341 941 1402 septem
961 1327 1287 1399 septenariis
1312 1323 1568 1394 adjuncta
1601 1322 1735 1392 ipsis
1763 1321 1929 1376 etiam
1970 1319 2094 1374 uni-

507 1437 654 1492 tate;
693 1425 820 1480 ideo
847 1422 993 1492 quod
1031 1436 1139 1475 una
1183 1419 1254 1473 sit
1291 1416 1519 1472 Deitatis
1557 1423 1774 1469 natura.
1819 1412 1938 1482 Ipsa
1965 1425 2096 1464 vero

509 1521 675 1574 etiam
699 1515 951 1579 altitudo,
974 1529 1083 1568 non
1103 1511 1274 1566 alium
1306 1510 1468 1564 nobis
1504 1522 1669 1578 quam
1705 1506 1854 1559 hunc
1875 1518 2095 1558 sensum

511 1610 702 1682 gignit.
725 1607 1074 1662 Terminatur
1098 1603 1246 1658 enim
1271 1603 1327 1655 in
1351 1599 1569 1656 tertiam
1596 1597 1910 1652 cubitorum
1936 1595 2095 1650 deca-

512 1705 656 1758 dem.
683 1704 742 1756 In
771 1715 940 1754 unum
980 1712 1110 1751 vero
1136 1710 1329 1749 rursus
1365 1705 1639 1747 summum
1666 1688 1888 1743 desinit.
1919 1707 1937 1738 ι
1971 1687 2096 1740 Tri-

2194 507 2276 542 σιν
2301 488 2440 557 ἔχων
2465 487 2558 540 καὶ
2581 485 2891 558 ἀναδρομὴν
2915 484 3012 554 τὴν
3041 486 3122 548 εἰς
3149 484 3351 554 μονάδα
3381 482 3562 537 πάλιν.
3592 483 3769 552 Ὅπερ

2191 577 2285 634 οὖν
2335 580 2494 650 ἔφην,
2533 578 2872 648 τελειότητος
2918 576 3186 648 σύμϐολον
3220 575 3374 646 παρὰ
3419 592 3482 643 γε
3527 577 3593 644 τῇ
3650 573 3771 644 θείᾳ

2193 671 2381 741 Γραφῇ
2401 708 2418 734 υ
2450 669 2560 731 πᾶς
2591 668 2824 740 ἀριθμὸς
2858 668 3049 722 ἀνόπιν
3087 667 3278 738 ὥσπερ
3309 667 3402 720 ἰὼν
3429 667 3568 737 μετὰ
3601 666 3662 720 τὸ
3693 667 3798 728 εις·

2198 761 2369 830 πέρας
2387 760 2544 830 ἥκειν
2572 758 2634 812 τὸ
2661 758 2809 829 αύτῷ
2839 759 3044 830 πρέπον
3071 775 3130 812 τε
3162 758 3256 812 καὶ
3279 757 3600 829 ὡρισμένον.
3630 758 3772 826 Ὅρα

2195 851 2371 905 τοίνυν
2400 851 2501 921 τῆς
2526 849 2685 919 ἁγίας
2713 849 2945 921 Τριάδος
2991 849 3052 902 τὸ
3088 849 3401 903 παντέλειον
3430 848 3504 912 ώς
3538 851 3593 900 ἐν
3627 848 3774 918 τρισὶ

2195 945 2415 1015 πήχεων
2460 942 2801 996 έκατοντάσι.
2850 940 3022 993 Τοῦτο
3064 941 3176 1013 γὰρ
3211 940 3388 1011 μῆκος
3426 943 3491 1011 τῇ
3533 939 3769 1008 κιϐωτῷ.

2198 1037 2317 1087 Ὅτι
2355 1033 2411 1086 δέ
2437 1035 2572 1097 ἐστι,
2596 1031 2662 1085 ἵν’
2688 1030 2863 1094 οὕτως
2891 1031 3156 1100 εἴπωμεν,
3196 1031 3468 1100 τελειότης
3500 1030 3772 1099 τελειοτή-

2194 1146 2301 1180 των
2331 1129 2366 1198 ἡ
2387 1127 2462 1190 ώς
2482 1129 2539 1179 ὲν
2569 1125 2755 1196 μονάδι
2775 1123 2999 1193 Θεότης,
3022 1123 3394 1194 ύπεμφήνειεν
3419 1123 3484 1176 ἂν
3511 1123 3572 1176 τὸ
3595 1118 3774 1192 εὖρος,

2197 1216 2255 1273 εὖ
2308 1219 2452 1289 μάλα
2489 1218 2582 1270 ἐπὶ
2607 1217 2802 1286 πήχεις
2851 1215 2925 1268 ἰὸν
2959 1215 3332 1285 πεντήκονταο
3363 1215 3659 1277 τουτέστιν,
3700 1214 3776 1276 ὡς

2197 1314 2254 1365 ὲν
2285 1309 2576 1379 έῦδομάτιν
2621 1308 2762 1362 ἑπτα
2790 1306 3301 1377 προσενηνεγμένης
3329 1307 3522 1370 αὑταῖς
3553 1306 3648 1358 καὶ
3680 1323 3778 1374 μο-

2197 1405 2371 1466 νάδος.
2397 1404 2486 1456 διὰ
2511 1403 2569 1455 τὸ
2595 1403 2724 1472 μίαν
2753 1396 2894 1453 εἶναι
2918 1399 3182 1468 Θεότητος
3207 1399 3390 1467 φύσιν.
3424 1399 3532 1450 Καὶ
3561 1398 3690 1452 αὐτὸ
3720 1399 3774 1450 δὲ

2197 1495 2258 1547 τὸ
2286 1494 2441 1563 ﬁtP-0;,
2463 1494 2561 1563 οὐχ
2583 1493 2775 1564 ἑτέραν
2794 1492 2926 1562 ἡμῖν
2949 1490 2980 1560 ἢ
3007 1491 3212 1562 ταύτην
3234 1491 3411 1544 ώδίνει
3433 1490 3529 1562 τὴν
3547 1491 3773 1545 ἔννοιαν.

2213 1587 2662 1657 ’Λποπεραίνεται
2696 1587 2794 1656 μὲν
2819 1587 2928 1655 γὰρ
2959 1587 3038 1647 είς
3073 1584 3293 1653 πήχεων
3326 1582 3522 1636 δεκάδα
3553 1583 3771 1654 τρίτην·

2200 1684 2280 1744 εἰς
2306 1681 2402 1734 ἕνα
2433 1680 2489 1733 δὲ
2518 1678 2580 1750 δὴ
2612 1679 2703 1732 τὸν
2744 1676 3141 1749 ὑπερκείμενόν
3167 1691 3226 1728 τε
3265 1675 3359 1728 καὶ
3387 1675 3644 1728 ἀνωτάτω
3675 1691 3778 1726 κα-

511 1797 660 1866 ginta
701 1792 872 1856 enim,
914 1811 931 1842 ι
968 1788 1166 1858 inquit,
1203 1807 1221 1837 ι
1253 1784 1566 1840 cubitorum
1609 1780 1843 1837 altitudo
1871 1778 2042 1848 ipsius
2081 1796 2094 1831 :

2205 1773 2423 1841 ταλήγει
2465 1771 2647 1824 πάλιν.
2685 1789 2704 1821 ι
2736 1770 3042 1839 Τριάκοντα
3069 1767 3209 1837 γὰρ,
3254 1785 3271 1817 ι
3304 1768 3458 1837 φησι,
3500 1784 3518 1817 ‹
3559 1767 3776 1834 πήχεων

508 1895 570 1943 et
600 1887 658 1940 in
688 1897 858 1938 unum
895 1880 1143 1936 cubitum
1171 1874 1578 1931 eonsummabis
1611 1887 1734 1926 eam
1768 1873 1834 1924 “.
1863 1889 1881 1922 ι
1910 1869 2095 1938 Siqui-

511 1979 638 2033 dem
660 1984 849 2031 sancta
870 1972 1112 2028 Trinitas
1135 1970 1190 2024 in
1215 1978 1328 2024 tres
1349 1968 1690 2038 hypostases,
1713 1979 1814 2018 nec
1837 1977 1946 2017 non
1971 1976 2100 2031 pro-

512 2072 759 2141 priarum
789 2078 1146 2138 personarum
1185 2060 1526 2116 differentias
1555 2057 1802 2119 dilatata,
1838 2055 1897 2109 in
1935 2070 2097 2108 unam

516 2161 742 2216 Deitatis
776 2166 1029 2212 naturam
1059 2153 1425 2211 contrahitur.
1456 2150 1662 2207 Gentes
1683 2149 1832 2204 enim
1867 2147 2097 2201 deorum

517 2247 831 2317 pluralitate
859 2243 1120 2314 gaudent.
1151 2239 1262 2297 Nos
1287 2247 1471 2295 autem
1513 2236 1750 2302 Patrem,
1785 2244 1842 2292 et
1868 2224 2098 2300 Filium,

513 2345 570 2391 et
600 2334 864 2405 Spiritum
904 2341 1156 2386 sanctum
1190 2330 1248 2384 in
1292 2328 1532 2399 propriis
1571 2341 1760 2382 revera
1792 2323 2100 2396 bypostasi—

518 2433 622 2485 bus
646 2429 1064 2490 constituentes,
1096 2425 1309 2480 unitate
1349 2431 1558 2478 naturae
1586 2435 1784 2476 ornare
1813 2419 2052 2474 solemus
2083 2433 2100 2483 ;

511 2531 572 2577 et
607 2520 924 2577 substantiae
951 2516 1238 2572 identitate
1268 2521 1482 2570 tantum
1525 2527 1636 2566 non
1678 2509 1844 2564 simul
1880 2518 2063 2563 erecta
2085 2547 2099 2572 ,

517 2611 573 2664 iu
609 2625 779 2664 unum
816 2607 1068 2663 cubitum
1100 2605 1314 2675 longam
1347 2610 1404 2658 et
1433 2603 1627 2681 latam‘
1655 2614 1758 2654 nec
1789 2614 1900 2652 non
1939 2597 2101 2651 altam

514 2716 700 2755 arcam
732 2712 1202 2755 eonsummamus.
1234 2695 1419 2750 Salvat
1448 2694 1632 2762 itaque
1659 2706 1760 2745 nos
1783 2706 1882 2760 per
1901 2689 2013 2759 38
2038 2688 2104 2740 [i-

516 2789 642 2843 dem
667 2787 942 2849 Christus,
973 2795 1030 2840 et
1055 2784 1225 2841 veluti
1253 2784 1309 2838 in
1349 2792 1532 2837 arcam
1572 2781 1630 2835 in
1665 2779 1965 2835 Ecclesiam
2004 2794 2106 2832 nos

517 2878 751 2943 inducit,
777 2878 833 2931 in
867 2892 976 2946 qua
1003 2873 1287 2931 constituti
1329 2873 1525 2928 mortis
1553 2881 1760 2927 metum
1787 2869 2102 2933 evademus,

515 2970 696 3025 securi
727 2985 795 3023 ne
824 2984 949 3022 cum
997 2966 1202 3021 mundo
1243 2965 1694 3020 condemnemur.
1737 2963 1932 3018 Aderit
1957 2963 2104 3016 enim

516 3060 680 3115 nobis
705 3061 888 3130 justus
914 3057 1049 3121 Noe,
1081 3057 1187 3112 hoc
1214 3064 1300 3110 est
1321 3053 1594 3108 Christus.

2197 1864 2258 1917 τὸ
2299 1862 2430 1932 ὕψος
2464 1863 2666 1931 αύτῆςο
2704 1862 2799 1916 καὶ
2847 1863 2926 1924 είς
2957 1861 3053 1913 ἕνα
3095 1859 3274 1929 πῆχυν
3307 1858 3645 1920 συντελέσεις
3675 1858 3777 1909 αύ-

2197 1958 2315 2028 τήν.
2390 1974 2408 2007 ι
2471 1953 2818 2025 Εὑρυνομένη
2857 1953 2967 2022 γὰρ
2995 1952 3185 2022 ὥσπερ
3226 1953 3306 2014 είς
3339 1953 3490 2022 τρεῖς
3537 1949 3778 2002 ὑποστά-

2200 2063 2335 2100 σεων
2361 2045 2581 2115 καὶμὴν
2610 2045 2703 2098 καὶ
2735 2042 3042 2114 προσώπων
3077 2041 3258 2096 ἰδικῶν
3284 2041 3546 2111 διαφορὰς
3575 2042 3608 2111 ὴ
3645 2041 3776 2108 ἁγία

2200 2137 2396 2208 Τριὰς,
2428 2138 2506 2199 εἰς
2547 2131 2676 2206 μίαν
2708 2134 2974 2206 Θεότητος
3009 2133 3172 2187 οἱονεὶ
3201 2131 3544 2186 συστέλλεται
3591 2130 3775 2200 φύσιν.

2200 2227 2462 2297 Ἕλληνες
2495 2227 2590 2298 μὲν
2621 2225 2730 2296 γὰρ
2762 2225 2864 2296 τὴν
2893 2226 2973 2288 είς
3007 2224 3270 2278 πολύθεον
3299 2223 3567 2292 πλάνησιν
3600 2221 3777 2290 τιμῶ-

2203 2337 2286 2375 σιν
2309 2320 2450 2374 ὁδόν.
2496 2320 2688 2389 Ἡμεῖς
2733 2319 2790 2373 δὲ
2826 2319 3044 2389 Πατέρα
3065 2359 3079 2382 ,
3125 2318 3217 2371 καὶ
3251 2315 3356 2388 μὴν
3385 2317 3475 2370 καὶ
3517 2315 3643 2368 Υἱὸν
3679 2315 3777 2366 καὶ

2202 2413 2355 2480 ἅγιον
2388 2410 2612 2482 Πνεῦμα
2641 2409 3123 2479 καταλογιζόμενοι
3148 2426 3205 2462 τε
3251 2408 3343 2461 καὶ
3377 2405 3618 2467 τιθέντες
3641 2403 3774 2473 ἀλη-

2203 2504 2310 2568 θῶς
2343 2506 2401 2558 ὲν
2435 2503 2797 2556 ύποστάσεσιν
2845 2501 3059 2566 ίδικαῖς,
3089 2499 3299 2571 ὲνότητι
3330 2497 3544 2568 φύσεως
3574 2513 3776 2564 στι-’.φαι-

2203 2595 2326 2648 νοῦν
2357 2593 2661 2665 εἰθίσμεθα.
2686 2595 2794 2647 Καὶ
2815 2596 2881 2664 τῇ
2909 2593 3007 2664 τῆς
3030 2592 3215 2656 ούσίας
3235 2590 3523 2659 ταυτότητι
3545 2588 3779 2656 συνεγεί·

2207 2702 2392 2757 ροντες
2428 2685 2710 2756 μονονουχὶ
2741 2685 2835 2738 καὶ
2862 2685 2942 2747 εἰς
2969 2683 3066 2736 ’ἐνα
3093 2683 3273 2752 πῆχυν
3305 2682 3406 2752 τὴν
3439 2679 3656 2752 μακρὰν
3689 2679 3782 2731 καὶ

2206 2776 2444 2846 εὐρεῖαν,
2475 2777 2568 2828 καὶ
2595 2776 2694 2846 μέν
2723 2792 2807 2828 τοι
2836 2774 2930 2827 καὶ⁵
2960 2772 3190 2843 ὑψηλὴν,
3225 2769 3588 2842 συντελοῦμεν
3615 2768 3783 2823 κιϐωσ

2204 2866 2318 2921 τόν.
2350 2866 2645 2930 ’Δνασώξει
2691 2867 2979 2938 τοιγαροῦν
3022 2866 3171 2936 ἡμᾶς
3199 2864 3258 2916 έν
3295 2863 3478 2916 πίστει
3525 2861 3782 2932 Χριστὸς,

2207 2959 2302 3012 καὶ
2327 2954 2416 3011 οἷά
2437 2975 2541 3029 περ
2563 2961 2640 3022 εἰς
2667 2959 2898 3012 κιϐωτὸν
2925 2957 3276 3023 είσοικίζεται
3300 2954 3399 3026 τὴν
3435 2954 3784 3026 Ἐκκλησίαν,

2207 3049 2265 3101 ὲν
2385 3049 2671 3118 γεγονότες
2723 3051 3143 3122 ύπερνηξόμεθα
3176 3049 3275 3120 μὲν
3319 3047 3414 3100 τοῦ
3457 3047 3690 3102 θανάτου
3723 3049 3788 3101 τὸ

517 3151 678 3219 δεῖμα
703 3191 716 3215 ,
768 3148 1216 3218 διαδιδράσκομεν
1261 3144 1320 3196 δὲ
1349 3143 1411 3195 τὸ
1463 3139 1992 3210 συγκατακρίνεσθαι
2025 3137 2102 3210 τῷ
2140 3138 2350 3211 κόσμῳ.
2385 3141 2644 3196 Συνέσται
2708 3142 2814 3214 γὰρ
2853 3145 2982 3214 ἡμῖν
3009 3145 3037 3196 ό
3073 3143 3279 3208 δίκαιος
3339 3144 3482 3211 Νῶε,
3537 3145 3790 3198 τουτέστι

519 3240 776 3311 Χριστός.

593 3331 647 3384 7.
675 3328 870 3400 Opera:
895 3327 1132 3398 pretium
1163 3341 1290 3380 vero
1311 3339 1431 3379 esse
1454 3323 1714 3389 arbitror,
1743 3330 1996 3378 accurate
2016 3321 2103 3376 in-

2279 3321 2345 3386 C'.
2380 3319 2564 3384 ’Δξιον
2583 3319 2641 3372 δὲ
2665 3315 2819 3390 οἶμαι
2848 3320 3374 3393 πολυπραγμονῆσαι
3402 3321 3614 3385 λεπτῶς
3640 3323 3792 3386 τίνες

523 3425 745 3496 quirere
794 3422 1018 3491 quinam
1051 3434 1153 3472 una
1183 3432 1308 3472 cum
1341 3416 1455 3470 Noe
1486 3430 1674 3470 arcam
1714 3415 1826 3470 sint
1857 3412 2107 3484 ingressi,

521 3525 581 3570 et
612 3514 844 3569 salutem
874 3526 974 3582 per
999 3509 1159 3564 [idem
1193 3516 1248 3562 et
1269 3521 1468 3576 aquam
1491 3506 1603 3560 sint
1628 3505 1928 3560 consecuti.
1959 3503 2109 3559 Scri-

525 3617 680 3678 ptum
707 3604 873 3676 igitur
903 3611 988 3657 est
1019 3622 1036 3652 ι
1060 3600 1207 3670 quod
1229 3599 1508 3670 ingressus
1521 3608 1606 3654 est
1622 3597 1736 3652 Noe
1753 3597 1810 3652 in
1824 3612 2032 3661 arcam,
2054 3604 2113 3652 et

527 3695 624 3750 tilli
659 3693 936 3764 ipsius,et
968 3706 1106 3744 uxor
1133 3690 1326 3760 ipsius,
1351 3696 1408 3742 et
1442 3701 1640 3741 uxores
1673 3685 1910 3741 ﬁliorum
1941 3685 2112 3756 ipsius

529 3801 654 3839 cum
687 3784 806 3854 ipso
830 3783 897 3836 “.
928 3801 946 3832 ι
973 3779 1193 3835 Ιυὰωιίι
1232 3787 1416 3834 autem
1450 3793 1574 3832 cum
1616 3778 1724 3842 his,
1750 3793 1816 3832 ex
1841 3778 1990 3832 omni
2015 3791 2110 3847 ge-

529 3892 658 3932 nere
701 3873 1018 3930 animalium
1069 3883 1131 3928 et
1171 3871 1475 3926 volucrium
1527 3877 1734 3940 septem
1775 3868 1997 3940 quidem
2045 3884 2113 3923 ex

531 3967 771 4030 mundis,
803 3965 912 4020 duo
936 3979 1069 4019 vero
1101 3979 1170 4018 ex
1196 3963 1512 4018 immundis.
1544 3962 1622 4016 Ita
1649 3960 1797 4016 enim
1829 3961 1940 4015 Deo
1969 3975 2112 4031 prae-

525 4061 714 4129 cipere
750 4058 930 4112 visum
979 4056 1106 4110 fuit.
1148 4056 1383 4110 Nomina
1423 4064 1608 4110 autem
1652 4052 1890 4108 filiorum
1940 4051 2115 4122 ipsius

532 4149 680 4211 Scin,
708 4146 900 4209 Cham,
928 4145 1184 4214 Japhetb.
1209 4145 1608 4214 Interpretatur
1628 4161 1758 4200 vero
1783 4145 1906 4200 Seni
1924 4145 2113 4216 planta

527 4245 586 4292 et
617 4237 898 4307 perfectus,
921 4235 1092 4290 Cham
1122 4251 1254 4289 vero
1284 4235 1734 4304 ardor;.lapbeth
1769 4245 1952 4289 autem
1982 4234 2112 4290 lati—

531 4327 681 4380 tudo.
721 4325 925 4380 Salvati
954 4326 1101 4380 enim
1133 4342 1325 4381 sumus
1356 4327 1412 4380 in
1441 4326 1663 4382 Christo
1688 4341 1786 4396 per
1811 4326 1993 4392 ﬁdem,
2018 4328 2113 4396 qui

531 4433 599 4470 ex
631 4416 1045 4486 imperfectione
1069 4417 1194 4470 vita:
1214 4418 1404 4488 legalis
1431 4418 1486 4472 in
1508 4418 1833 4488 evangelica:
1851 4418 1976 4472 vita:
1993 4434 2111 4487 per-

532 4509 859 4573 fectionem,
911 4509 1084 4563 veluti
1137 4508 1321 4562 tenelli
1374 4506 1595 4576 quidam
1640 4506 1880 4559 stolones
1927 4520 2117 4559 sumus

533 4598 935 4667 transplantati.
971 4597 1182 4651 Idcirco
1217 4597 1383 4650 etiam
1423 4595 1644 4649 divinus
1680 4594 1851 4648 David
1895 4594 2113 4650 Iudaeo-

2209 3412 2275 3466 ἂν
2312 3415 2513 3466 νοοίντο
2555 3411 2716 3482 τυχὸν
2750 3412 2800 3464 οἱ
2834 3411 2912 3482 τῷ
2951 3412 3076 3466 Νῶε
3126 3413 3526 3477 συνεισθέοντες
3562 3414 3644 3476 εἰς
3687 3414 3791 3484 τὴν

2211 3505 2462 3571 κιϐωτὸν,
2489 3505 2584 3557 καὶ
2607 3505 2704 3574 τὴν
2721 3503 2808 3557 διὰ
2835 3503 3071 3569 πίστεώς
3092 3522 3151 3557 τε
3175 3506 3268 3560 καὶ
3293 3505 3483 3570 ὕδατος
3509 3505 3792 3576 σωτηρίαν

2192 3589 2709 3668 “ἀποκερδαίνοντες.
2757 3595 3072 3668 Γέγραπται
3106 3595 3319 3664 τοίνυν,
3366 3599 3448 3651 ὅτι
3493 3615 3510 3648 ι
3554 3597 3790 3667 Είσῆλθε

2208 3688 2332 3742 Νῶε
2363 3690 2442 3751 εἰς
2480 3687 2579 3758 τὴν
2610 3685 2860 3751 κιόωτδν,
2895 3686 2988 3740 καὶ
3024 3687 3074 3740 οἱ
3107 3689 3211 3740 υἱοὶ
3241 3687 3428 3754 αὐτοῦ,
3460 3689 3554 3743 καὶ
3585 3689 3617 3760 ἠ
3649 3690 3792 3761 γυνὴ

2209 3778 2396 3841 αὐτοῦ,
2431 3779 2522 3832 καὶ
2547 3781 2602 3832 αἱ
2626 3781 2879 3847 γυναῖκες
2901 3777 3013 3832 τῶν
3044 3779 3175 3832 υίῶν
3202 3780 3367 3834 αὑτοῦ
3393 3779 3510 3850 μετ’
3539 3780 3728 3836 αὑτοῦ.
3769 3804 3787 3834 ι

2210 3869 2662 3939 Συνεισκεκόμικε
2691 3868 2746 3921 δὲ
2777 3868 3009 3932 τούτοις,
3034 3870 3128 3922 καὶ⁵
3162 3871 3268 3923 ἀπὸ
3300 3871 3499 3935 παντὸς
3520 3871 3662 3935 ζώου
3693 3875 3794 3926 καὶ

2210 3961 2319 4015 τῶν
2363 3959 2647 4023 πετεινῶν,
2689 3959 2827 4012 ἑπτὰ
2862 3959 2961 4030 μὲν
2988 3961 3095 4013 τῶν
3130 3961 3408 4032 καθαρῶν,
3454 3963 3560 4015 ἀνὰ
3607 3962 3701 4015 δύο
3730 3964 3793 4017 δὲ

2210 4052 2318 4106 τῶν
2363 4050 2706 4122 ἀκαθάρτων.
2765 4050 2969 4103 Ἐδόκει
3014 4050 3123 4120 γὰρ
3165 4045 3268 4104 ὦδε
3326 4053 3672 4124 θεσμοθετεῖν
3707 4055 3794 4126 τῷ

2211 4141 2349 4212 Θεῷ.
2383 4141 2651 4212 Ὀνόματα
2669 4141 2725 4224 se
2740 4142 2852 4204 τοῖς
2874 4143 3008 4204 υἱοῖς
3023 4139 3208 4205 αὑτοῦ,
3233 4141 3372 4213 Σὴμ,
3392 4143 3542 4214 Χὰμ,
3575 4143 3758 4212 Ἰάφεθ
3775 4161 3790 4174 ’

2211 4238 2625 4308 διερμηνεύεται
2652 4238 2708 4290 δὲ
2734 4240 2762 4291 ό
2792 4238 2891 4308 μὲν
2921 4237 3060 4307 Σὴμ,
3085 4238 3354 4306 φύτευμα
3389 4239 3483 4293 καὶ
3514 4240 3736 4305 τέλειοι,
3771 4256 3786 4271 ο

2212 4332 2504 4393 θερμασία
2518 4328 2575 4380 δὲ
2597 4331 2624 4380 ό
2649 4328 2802 4397 Χὰμ,
2833 4328 2929 4379 καὶ
2943 4328 3300 4396 πλατυσμὸς
3325 4331 3353 4381 ό
3393 4330 3590 4397 Ίάφεθ.
3609 4331 3766 4382 Σεσώ
3781 4362 3796 4370 -

2215 4419 2389 4487 σμεθα
2437 4418 2547 4489 γὰρ
2585 4421 2643 4471 έν
2676 4419 2899 4489 Χριστῷ
2933 4421 3022 4474 διὰ
3073 4422 3310 4485 πίστεως
3356 4423 3404 4474 οἱ
3454 4423 3510 4487 ἐξ
3562 4423 3794 4485 ἀτελοῦς

2213 4508 2404 4578 ὥσπερ
2438 4509 2715 4572 πολιτείας
2755 4510 2857 4579 τῆς
2886 4512 3026 4565 κατὰ
3054 4513 3215 4582 νόμον
3245 4515 3324 4576 είς
3351 4511 3450 4583 τὴν
3479 4514 3576 4584 τῆς
3619 4514 3793 4580 εὐαγο

2213 4598 2433 4670 γελικῆς
2461 4598 2793 4662 παιδεύσεως
2814 4601 3146 4672 τελειότητα.
3171 4603 3420 4673 καθάπερ
3441 4605 3564 4656 τινὰ
3589 4605 3793 4673 pris/2a

534 4702 654 4739 rum
689 4688 971 4756 populum,
1000 4684 1443 4756 justiﬁcationem
1470 4698 1567 4752 per
1587 4683 1865 4738 Christum
1887 4701 1992 4738 non
2013 4686 2103 4739 ad-

2217 4689 2614 4760 πεφυτευμένοι
2641 4689 2834 4744 λεπτά.
2871 4692 3163 4764 Τοιγάρτοι
3189 4695 3284 4746 καὶ
3313 4694 3340 4745 ό
3372 4693 3656 4755 θεσπέσιος
3679 4697 3793 4746 Aa“

534 4774 845 4826 mittentem
868 4773 1137 4844 increpat,
1159 4773 1385 4826 dicens:
1414 4791 1432 4822 ι
1453 4771 1702 4827 Dilexisti
1723 4773 1925 4828 malum
1949 4776 2120 4846 magis

532 4880 697 4935 quam
729 4863 956 4927 bonum,
995 4865 1339 4935 iniquitatem
1375 4867 1548 4936 magis
1577 4881 1740 4935 quam
1767 4867 1916 4936 loqui
1943 4868 2116 4936 aequi-

539 4959 724 5006 tatem.
760 4949 1007 5003 Dilexisti
1053 4950 1236 5004 omnia
1270 4952 1437 5007 verba
1486 4955 1968 5024 przecipitationis,
2008 4957 2117 5011 Iin-

535 5058 695 5112 guam
739 5041 984 5096 dolosam
1020 5042 1086 5095 ".
1127 5061 1144 5092 ι
1174 5041 1701 5112 Blasphemaverunt
1741 5047 1888 5102 enim
1916 5047 2116 5103 intem-

535 5141 794 5203 peranter
819 5133 875 5187 in
894 5133 1389 5199 Filium.¢ldcirco,
1421 5136 1674 5206 linquit”
1700 5139 1846 5194 Deus
1865 5139 2114 5196 destruet

538 5232 590 5276 te
621 5222 677 5276 in
708 5221 871 5278 linem
895 5241 907 5277 :
930 5225 1126 5280 evellet
1145 5233 1216 5288 te,
1257 5235 1314 5277 et
1346 5225 1636 5296 emigrabit
1669 5235 1721 5281 te
1755 5227 1824 5281 de
1857 5228 2113 5283 taberna-

547 5313 664 5368 :ulo
701 5321 815 5377 tuo,
842 5323 899 5369 et
925 5316 1164 5371 radicem
1197 5316 1263 5370 de
1289 5325 1436 5371 terra
1461 5317 1762 5372 viventium
1791 5319 1857 5373 ".
1896 5338 1916 5372 ι
1942 5321 2019 5376 De
2044 5321 2114 5377 iis

539 5419 668 5459 vero
690 5405 786 5475 qui
800 5405 1244 5476 justiﬁcationem
1266 5417 1323 5462 et
1354 5408 1520 5463 vitam
1548 5408 1602 5462 in
1639 5408 1857 5466 Christo
1883 5421 2068 5468 amant
2096 5431 2108 5466 :

545 5508 565 5543 ι
601 5491 832 5549 Plantati
865 5495 922 5549 in
950 5495 1114 5551 domo
1142 5497 1380 5563 Domini,
1405 5499 1460 5553 in
1494 5500 1650 5556 atriis
1675 5501 1771 5557 Dei
1805 5504 1978 5558 nostri
2011 5503 2111 5558 ilo-

647 5667 692 5698 “
726 5665 860 5722 Cen.
889 5686 961 5736 vi,
995 5671 1077 5726 16.
1153 5675 1197 5705 ’³
1220 5672 1355 5730 Gen.
1385 5693 1478 5743 vn,
1521 5679 1572 5732 7.

2215 4781 2302 4834 ὄὶδ
2327 4783 2442 4844 τοῖς
2473 4782 2572 4853 μὲν
2603 4782 2713 4836 τῶν
2754 4783 3022 4837 Ἰουδαίων
3051 4785 3199 4848 λαοῖς
3227 4786 3326 4856 τὴν
3361 4788 3418 4840 ἐν
3459 4786 3678 4856 Χριστῷ
3704 4785 3790 4839 δι-

2215 4869 2442 4922 καίωσιν
2475 4871 2535 4923 ού
2575 4872 2957 4942 προσιεμένοις
2996 4874 3266 4943 ἐπετίμα,
3304 4875 3475 4942 λέγων
3501 4893 3512 4905 ·
3553 4895 3570 4925 ι
3625 4877 3797 4943 Ἠγά-

2215 4977 2399 5029 πησας
2431 4964 2630 5016 κακίαν
2681 4963 2822 5034 ὑπὲρ
2878 4963 3250 5034 ἁγαθοσύνην·
3300 4965 3516 5018 ἀδικίαν
3553 4968 3692 5036 ὑπὲρ
3732 4969 3796 5021 τὸ

2212 5051 2440 5122 λαλῆσαι
2469 5053 2817 5124 δικαιοσύνην
2836 5069 2852 5085 ⁸
2891 5056 3186 5126 ἠγάπησας
3215 5056 3391 5108 πάντα
3431 5058 3651 5127 ῥήματα
3684 5075 3788 5110 κα

2212 5143 2578 5213 ταποντισμοῦ
2606 5184 2621 5210 ,
2674 5146 2925 5215 γλῶσσαν
2969 5147 3171 5200 δολίαν.
3222 5166 3241 5198 ι
3293 5148 3795 5220 Δεδυσφημήκασιν

2213 5234 2322 5304 γὰρ
2346 5233 2664 5299 ἀκαθέιιτως
2691 5237 2772 5298 εἰς
2792 5236 2884 5289 τὸν
2911 5237 3090 5294 Υίόν.ι
3118 5237 3218 5291 Διὰ
3242 5237 3424 5299 τοῦτο,
3465 5256 3484 5289 ι
3509 5240 3721 5308 cmprle
3766 5243 3793 5292 ὁ

2213 5324 2347 5388 Θεὸς
2377 5324 2595 5378 καθελεῖ
2627 5343 2687 5378 σε
2726 5327 2804 5390 είς
2841 5326 3028 5392 τέλος
3074 5329 3286 5384 ἑκτίλαι
3321 5347 3382 5381 σε
3410 5331 3504 5382 καὶ
3549 5343 3791 5400 μετανα-

2217 5418 2436 5468 στεύσαι
2469 5432 2528 5468 σε
2557 5416 2667 5470 ἀπὸ
2689 5419 3049 5490 σκηνώματός
3084 5437 3198 5488 σου,
3236 5421 3330 5474 καὶ
3355 5420 3415 5474 τὸ
3444 5420 3660 5493 ῥίζωμὰ
3695 5437 3795 5474 σου

2217 5507 2282 5559 ὲκ
2331 5507 2432 5576 γῆς
2471 5506 2712 5570 ζώντων.
2751 5528 2769 5562 ι
2813 5511 2948 5583 Περὶ
2975 5511 3032 5565 δὲ
3066 5513 3174 5567 τῶν
3209 5513 3573 5585 ἠγαπηκὸτων
3603 5511 3699 5583 τὴν
3734 5513 3802 5566 ἑν

1682 5679 1886 5734 "Psal.
1919 5697 1988 5746 ιι,
2025 5681 2077 5745 5,
2120 5682 2170 5736 6.
2250 5683 2294 5714 "
2319 5683 2456 5738 Ibid.
2488 5686 2537 5740 7.
