4050 6210
264 322 318 377 69
1259 322 1778 383 GLAPHYRORUM
1819 323 1888 378 IN
1926 321 2226 379 GENESIM
2265 322 2392 378 LIB.
2435 324 2503 379 ll.
3436 329 3502 382 70

268 443 457 516 Χριστῷ
480 439 768 495 δικαίωσιν
798 438 891 492 καὶ
921 436 1066 510 ζωήν
1093 455 1104 466 ·
1145 458 1164 491 ι
1208 437 1611 508 Πεφυτευμὲνοι
1639 438 1697 490 tv
1741 434 1822 506 τῷ

1935 435 2124 491 rebunt
2155 435 2220 489 “.
2263 455 2281 487 ›
2312 435 2468 502 Quod
2497 451 2628 516 vero
2657 452 2768 491 non
2795 436 3002 507 absque
3034 435 3225 493 divino
3250 433 3392 511 igne,
3420 455 3501 499 at-

267 539 378 606 οίκῳ
402 533 629 604 Κυρίου,
657 533 716 585 ὲν
748 532 867 594 ταῖς
892 531 1082 594 αὐλαῖς
1108 529 1204 584 τοῦ
1235 530 1371 584 Θεοῦ
1403 529 1561 600 ἡμῶν
1594 527 1821 598 ὲξανθή⁹

271 638 448 677 σουσιν.
481 638 500 671 ι
533 620 658 672 Ὅτι
679 619 737 671 δὲ
760 620 820 670 οὐ
851 616 973 688 δίχα
1001 617 1096 671 τοῦ
1123 618 1267 672 θείου
1292 618 1465 687 πυρὸς
1487 618 1581 671 καὶ
1603 615 1820 688 νοητοῦ,

278 718 355 769 καὶ
385 712 547 765 οἱονεὶ
569 711 670 780 τῆς
715 708 803 763 διά
839 709 1149 781 πνεύματος
1188 709 1491 781 Θερμασίας
1519 710 1824 781 ἐνήργηκεν

270 811 337 870 εἰς
366 806 507 876 ἡμᾶς
534 804 633 873 τὴν
666 802 797 873 παρ’
828 801 1022 855 ἑαυτοῦ
1053 802 1215 873 χάριν
1250 805 1279 855 6
1316 802 1691 873 Ἐμμανουὴλ,
1729 820 1824 857 πι-

271 898 506 951 uiuam
535 895 632 946 καὶ
668 894 698 945 ό
741 891 1031 957 θεσπέσιος
1065 892 1276 955 Παῦλος
1305 909 1320 923 ·
1362 912 1381 947 ι
1424 892 1515 964 Τῷ
1542 892 1825 963 πνεύματι

272 989 465 1052 ζέοντας
492 984 721 1056 ὁρᾶσθαι
760 984 930 1038 θέλων
966 986 1093 1048 τοὺς
1142 986 1200 1039 tv
1250 985 1512 1056 ἀγιασμῷ
1551 983 1827 1054 κεκλημέ-

272 1094 398 1140 νους.
453 1095 472 1126 ι
526 1073 689 1128 Οὐδὲν
729 1071 787 1126 δὲ
819 1066 981 1144 ἦττον
1024 1073 1173 1143 ἡμᾶς
1216 1072 1440 1144 ἔμπεδοί
1481 1073 1576 1127 καὶ
1602 1074 1630 1126 6
1664 1071 1826 1142 σοφὸς

286 1170 517 1236 Ἰωάννης
542 1166 716 1235 λέγων
736 1180 751 1194 ⁸
790 1182 810 1216 ι
851 1162 990 1233 Ἐγὼ
1023 1165 1121 1236 μὲν
1153 1163 1398 1235 βαπτίζω
1427 1165 1571 1235 ὑμᾶς
1595 1165 1652 1218 tv
1675 1162 1826 1218 ὕδατι

275 1263 346 1323 είς
368 1260 641 1331 μετάνοιαν
660 1274 675 1288 ·
693 1258 723 1311 6
747 1257 803 1311 δὲ
828 1258 1005 1310 ὀπίσω
1036 1274 1140 1327 μου
1168 1257 1463 1329 ἐρχόμενος
1483 1255 1827 1329 ἰσχυρότερός

274 1369 363 1423 μου
382 1348 556 1402 ἐστίν·
587 1343 649 1402 οὗ
686 1347 785 1401 οὐκ
811 1349 926 1418 εἰμὶ
959 1346 1142 1411 ἱκανὸς
1175 1347 1246 1400 τὰ
1268 1347 1592 1417 ὑποδήματα
1627 1344 1827 1416 βαστά-

274 1457 370 1493 σαι.
406 1440 573 1500 Αὐτὸς
617 1439 763 1507 ὑμᾶς
814 1438 1070 1508 βαπτίσει
1122 1438 1183 1490 ὲν
1230 1436 1509 1507 Πνεύματι
1555 1436 1697 1506 άγίῳ
1733 1434 1827 1488 καὶ

270 1530 413 1600 πυρί.
452 1550 472 1581 ι
518 1527 856 1597 ’Δπέψυκται
886 1527 983 1598 μὲν
1006 1526 1115 1596 γὰρ
1136 1527 1170 1596 ὴ
1192 1525 1299 1579 τῶν
1342 1523 1609 1578 Ἰουδαίων
1637 1522 1825 1593 ἀγάπη

275 1622 354 1675 διὰ
389 1623 447 1674 τὸ
497 1639 514 1671 ι
570 1618 949 1690 Πληθυνθῆναι
982 1617 1081 1689 τὴν
1122 1615 1352 1687 ἀνομίαν
1386 1615 1515 1687 παρ’
1545 1615 1761 1680 αὐτοῖς,
1799 1631 1819 1667 ι

274 1713 403 1768 καθά
434 1710 765 1782 γέγραπται.
807 1705 1013 1779 Θερμοὶ
1055 1706 1112 1760 δὲ
1154 1706 1218 1777 δὴ
1262 1704 1384 1759 λίαν
1433 1705 1528 1758 καὶ
1572 1703 1709 1776 πρός
1763 1720 1827 1771 γε

1921 542 2029 598 que
2064 527 2420 582 intellectuali
2454 536 2510 583 et
2532 512 2701 583 veluti
2728 527 2921 583 ardore
2952 545 3049 598 per
3081 530 3357 600 spiritum,
3382 549 3505 603 gra-

1925 617 2076 683 tiam,
2109 633 2231 687 quae
2249 618 2318 673 ab
2347 618 2466 689 ipso
2498 619 2553 673 in
2586 634 2688 674 nos
2719 619 2978 684 manavit,
3010 630 3269 690 operatus
3290 623 3362 678 sit
3381 625 3507 679 Em-

1921 710 2162 775 manuel,
2187 710 2472 766 conﬁrmat
2499 709 2721 765 divinus
2746 710 2966 775 Paulus,
2987 698 3189 782 jubéns
3214 729 3312 768 eos
3363 734 3381 766 ι
3411 719 3507 787 qui

1924 802 1982 857 in
2016 802 2445 857 sanctiﬁcatione
2474 803 2653 857 vocati
2694 813 2843 868 sunt,
2881 803 3156 859 ferventes
3188 806 3384 876 spiritu
3428 808 3510 863 vi-

1925 892 2043 948 deri
2084 894 2149 946 ’⁷.
2192 913 2210 944 ι
2256 892 2413 960 Quod
2446 892 2808 948 nihilominus
2849 901 3083 948 testatur
3108 894 3370 961 Joannes,
3420 897 3508 951 di-

1926 999 2093 1040 cens:
2130 1003 2149 1036 ι
2180 983 2293 1056 Ego
2329 984 2551 1054 quidem
2596 984 2816 1055 baptizo
2842 1000 2940 1039 vos
2971 984 3026 1039 in
3065 1001 3204 1056 aqua
3232 986 3301 1041 ad
3327 988 3505 1058 poeni-

1927 1077 2174 1133 tentiam.
2203 1075 2304 1143 Qui
2333 1085 2513 1131 autem
2538 1085 2661 1146 post
2689 1091 2777 1131 me
2794 1076 2966 1142 venit,
2990 1077 3270 1147 potentior
3290 1093 3378 1134 me
3400 1089 3504 1143 est,

1927 1170 2085 1239 cujus
2103 1184 2212 1223 non
2238 1184 2358 1223 sum
2390 1168 2621 1222 idoneus
2645 1175 2707 1221 ut
2730 1167 3098 1223 calCeamenta
3127 1177 3359 1238 portem.
3387 1169 3507 1239 Ipse

1927 1276 2026 1315 vos
2064 1260 2366 1331 baptizabit
2400 1258 2607 1330 Spiritu
2638 1268 2829 1314 sancto
2856 1268 2915 1314 et
2947 1258 3058 1328 igni
3101 1260 3165 1313 ’⁸.
3221 1279 3238 1309 ι
3274 1259 3507 1316 Refrixit

1927 1351 2074 1405 enim
2116 1351 2355 1406 charitas
2383 1350 2729 1415 Judaaorum,
2772 1365 2840 1405 eo
2878 1352 3023 1420 quod
3068 1370 3084 1401 ι
3134 1350 3509 1420 multiplicata
3568 1414 3571 1423 Α

1929 1443 2039 1499 sint
2068 1442 2384 1513 iniquitates
2411 1459 2624 1508 eorum,
2659 1462 2677 1494 ι
2705 1442 2848 1498 sicut
2875 1443 3142 1513 scriptum
3167 1452 3255 1497 est
3277 1445 3343 1497 ¹⁹.
3374 1442 3507 1498 Fer-

1928 1542 2120 1590 ventes
2160 1543 2343 1589 autem
2380 1533 2674 1589 admodum
2708 1535 2875 1588 etiam
2912 1532 2981 1588 ad
3023 1533 3131 1588 hoc
3165 1548 3357 1587 sumus
3386 1548 3507 1588 nos.

1929 1626 2039 1697 39
2075 1626 2286 1681 Idcirco
2316 1625 2584 1680 dicimus:
2618 1645 2637 1677 ι
2675 1624 2811 1692 Quis
2835 1624 3239 1695 nosseparabit
3262 1640 3293 1678 a
3324 1624 3509 1683 chari:

1932 1726 2040 1773 tate
2069 1716 2311 1772 Christi?
2345 1715 2660 1771 tribulatio?
2690 1731 2759 1770 an
2793 1715 3082 1786 angustia?
3113 1730 3183 1769 an
3208 1714 3414 1771 fames?
3439 1729 3511 1770 an

267 1802 413 1856 τοῦτο
675 1776 966 1868 Τοιγάρτοι
1002 1776 1216 1868 φαμένλ
1265 1816 1285 1848 ι
1324 1795 1387 1849 Τί
1419 1796 1567 1867 ἡμᾶς
1605 1794 1828 1867 χωρίσει

1935 1808 2184 1864 nuditas?
2197 1824 2265 1862 an
2280 1808 2587 1877 periculum
2600 1807 2622 1861 ’ἔ
2633 1822 2703 1861 an
2719 1776 3031 1877 persecutio
3041 1806 3144 1860 Yan
3159 1806 3373 1877 gladius
3389 1806 3467 1860 “‘2
3483 1827 3502 1859 ο

267 1893 367 1947 ἀπὸ
398 1892 496 1961 τῆς
534 1891 753 1960 ἀγάπης
781 1888 878 1942 τοῦ
910 1886 1184 1960 Χριστοῦς
1214 1886 1428 1956 θλίψις,
1470 1885 1506 1957 ἢ
1564 1901 1825 1954 στενοχωο

271 1985 383 2053 ρία;
413 1984 446 2055 ἢ
475 1980 715 2053 λιμὸςυῆ
745 1979 1005 2050 διωγμὸς,
1041 1978 1075 2050 ἢ
1105 1977 1403 2049 γυμνότης.
1436 1976 1470 2047 ἢ
1499 1975 1762 2042 κίνδυνος.
1793 1975 1827 2046 ἢ

272 2077 539 2148 μάχαιρα;
581 2093 601 2125 ι
638 2071 846 2126 Οὐκοῦν
871 2070 980 2124 τῶν
1007 2069 1237 2135 ζεόντων
1265 2068 1343 2140 τῷ
1364 2067 1634 2139 πνεύματι
1663 2064 1830 2129 τύπος

270 2168 330 2222 ἂν
356 2168 564 2235 γένοιτο
582 2165 679 2217 καὶ
701 2163 845 2234 μάλα
873 2162 1050 2234 σαφὴς
1072 2163 1102 2215 6
1130 2160 1281 2232 Χὰμ,
1305 2160 1362 2224 6;
1391 2163 1591 2214 νοεῖται
1618 2162 1831 2229 θερμα-

270 2260 520 2315 σία.”οτι
547 2256 605 2309 δὲ
619 2256 715 2310 καὶ
734 2257 813 2319 είς
835 2252 1149 2325 πλατυσμδν
1173 2252 1398 2324 καρδίας
1417 2250 1833 2323 άπενενήγμεθα

268 2354 357 2422 τῆς
386 2353 442 2404 ὲν
471 2350 626 2419 νόμῳ
662 2347 805 2417 ζωῆς
829 2345 930 2416 τὴν
957 2344 1135 2415 θλίψιν
1170 2343 1534 2410 ἐκϐαίνοντες,
1576 2344 1834 2415 ὑπεμφή-

270 2460 401 2496 νειεν
422 2441 488 2495 ἂν
504 2442 534 2494 6
548 2440 730 2511 τρίτος
745 2440 880 2510 ἡμῖν
912 2437 1113 2507 Ἱάφεθ,
1135 2437 1215 2500 είς
1240 2434 1602 2506 πλατυσμόν
1620 2452 1838 2506 μετονο-

270 2533 585 2604 μαζόμενος.
634 2528 910 2593 Ἰουδαίοις
951 2528 1048 2599 μὲν
1082 2528 1190 2600 γάρ
1224 2525 1564 2602 προσεφώνει
1592 2526 1723 2591 Θεὸς
1748 2525 1838 2580 διὰ

268 2623 447 2694 φωνῆς
494 2623 721 2675 Ἡσαΐου
744 2637 758 2653 ·
794 2638 814 2671 ι
839 2617 1133 2673 Ἀκούσατε
1180 2619 1337 2687 λόγον
1385 2617 1613 2689 Κυρίου,
1647 2618 1837 2690 ἄνδρες

268 2712 639 2784 τεθλιμμένοι,
670 2712 765 2765 καὶ
795 2711 1052 2782 ἄρχοντες
1074 2709 1168 2763 τοῦ
1190 2709 1320 2763 λαοῦ
1348 2707 1445 2763 τοῦ
1468 2712 1525 2763 tv
1565 2710 1839 2781 Ἰερουσα⁸

265 2806 394 2875 λῆμ’
445 2822 466 2855 ι
501 2803 615 2855 Καὶ
660 2801 858 2856 πάλιν·
902 2819 921 2852 ί
970 2802 1188 2855 Μάθετε
1219 2799 1440 2855 ἀκούειν
1478 2800 1840 2872 στενοχωρού-

268 2913 437 2967 μενοι.
479 2914 499 2947 ι
543 2892 893 2965 Ἐκϐεὸηκὼς
925 2892 986 2945 δὲ
1019 2895 1048 2946 6
1081 2892 1290 2955 Παῦλος
1322 2889 1420 2962 τὴν
1451 2891 1512 2944 tv
1538 2890 1688 2960 νόμῳ
1722 2888 1841 2943 στέ-

266 3004 427 3039 νωσιν
474 2984 917 3058 προσπεφώνηκέ
941 3000 1052 3037 τισι
1080 2983 1189 3037 τῶν
1218 2984 1318 3055 ήδη
1359 2981 1801 3038 πεπιστευκότων
1823 2996 1836 3011 °

273 3098 291 3130 ι
316 3080 390 3132 Th
417 3078 595 3148 στόμα
638 3076 794 3148 ἡμῶν
824 3075 1031 3145 ἀνέῳγε
1077 3073 1212 3145 πρὸς
1239 3075 1407 3145 ὑμᾶς,
1444 3072 1739 3145 Κορίνθιοι.
1775 3071 1842 3127 Ἥ

267 3170 461 3242 καρδία
491 3167 649 3241 ἡμῶν
666 3167 1007 3222 πεπλάτυται
1026 3186 1040 3199 ε
1063 3168 1124 3221 οὐ
1158 3164 1578 3235 στενοχωρεῖσθε
1605 3164 1663 3217 tv
1685 3164 1839 3234 ἡμῖν.

269 3259 702 3331 Στενοχωρεῖσθε
736 3259 793 3312 δὲ
840 3260 896 3311 tv
935 3261 1047 3321 τοῖς
1075 3256 1406 3327 σπλάγχνοις
1435 3255 1613 3326 ὑμῶν.
1645 3254 1757 3326 Τὴν
1786 3253 1843 3308 δὲ

268 3353 438 3423 αὐτὴν
461 3350 832 3421 ἀντιμισθίαν,
862 3348 938 3412 ὼς
966 3348 1178 3411 τέκνοις
1200 3347 1364 3416 λέγω,
1392 3344 1731 3419 πλατύνθητε
1752 3345 1847 3399 καὶ

272 3444 448 3514 ὓμεῖς.
484 3441 579 3514 Μὴ
605 3440 821 3511 γίνεσθε
847 3439 1295 3512 ἑτεροζυγοῦντες
1323 3438 1593 3500 ἀπίστοις.
1620 3457 1641 3491 ι
1685 3438 1847 3491 Ἠκο-

272 3533 495 3588 λούθουν
522 3532 633 3603 γὰρ
659 3532 738 3585 ἔτι
765 3532 881 3594 τοῖς
931 3530 1200 3584 Ἰουδαίων
1232 3528 1532 3598 ὲντάλμασι
1549 3569 1565 3594 ,
1594 3528 1687 3582 καὶ
1724 3528 1850 3582 ἀνο-

272 3627 451 3698 νήτοις
501 3621 946 3685 είκαιοόουλίαις.
988 3621 1195 3675 vane:
1242 3619 1299 3674 δέ
1347 3636 1449 3673 που
1489 3619 1585 3673 καὶ
1616 3620 1645 3673 6
1685 3616 1850 3672 Δαϐὶδ

276 3719 409 3789 πρὸς
440 3716 536 3772 τδν
574 3716 685 3769 τῶν
725 3714 873 3768 ὅλων
904 3713 1132 3783 Σωτῆρα
1162 3711 1418 3783 Χριστὸν,
1456 3711 1532 3775 ὡς
1576 3712 1641 3764 ὲκ
1676 3727 1850 3783 προσ-

279 3810 425 3864 ώπου
457 3809 555 3863 τοῦ
582 3808 704 3863 νέου
728 3805 860 3861 λαοῦ
893 3806 988 3859 καὶ
1006 3806 1065 3858 tv
1089 3802 1310 3875 Χριστῷ
1331 3820 1344 3834 ο
1380 3823 1399 3855 ι
1452 3802 1597 3858 Ὀδδν
1622 3800 1851 3857 ἐντολῶν

282 3919 371 3955 σου
414 3901 672 3973 ἔδραμον,
714 3899 848 3953 ὅταν
890 3894 1194 3958 ἐπλάτυνας
1227 3894 1325 3966 τὴν
1374 3894 1598 3966 καρδίαν
1647 3910 1769 3965 μου.
1826 3911 1845 3945 ι

282 3992 630 4045 Πεπλάτυται
652 3990 766 4061 γὰρ
788 3987 947 4060 ἡμῶν
975 3989 1004 4041 6
1031 3985 1155 4050 νοῦς
1182 3987 1261 4048 είς
1283 3985 1497 4054 σοφίαν,
1528 3982 1853 4055 ἐνηυλισμέ-

285 4099 367 4135 νου
404 4100 465 4135 τε
506 4082 602 4137 καὶ
644 4079 927 4153 ᾠκηκότος
963 4079 1021 4131 tv
1063 4079 1181 4140 ταῖς
1224 4075 1482 4129 ἁπάντων
1524 4074 1725 4146 ψυχαῖς
1766 4074 1853 4128 διὰ

284 4174 593 4244 πνεύματος
628 4171 725 4226 τοῦ
776 4168 1146 4242 Ἐμμανὸυήλ.
1191 4167 1396 4222 Τοιοίδε
1433 4167 1531 4238 μὲν
1569 4162 1662 4221 οῦν
1705 4167 1753 4220 οἱ
1798 4166 1855 4220 tv

282 4264 499 4335 Χριστῷ
526 4265 615 4319 διὰ
643 4264 902 4325 πίστεως.

346 4363 420 4429 η’.
442 4356 565 4410 Ὀτι
591 4354 649 4408 δὲ
668 4353 895 4422 πλείστη
925 4351 1023 4422 μὲν
1047 4352 1082 4422 ἡ
1107 4348 1215 4403 τῶν
1230 4350 1287 4402 tv
1304 4348 1482 4401 πίστει
1503 4345 1857 4416 δεδικαιωμέ-

1933 1899 2118 1973 Typus
2153 1900 2320 1971 igitur
2354 1915 2544 1955 eorum
2569 1899 2662 1969 qui
2696 1899 2913 1955 fervent
2942 1899 3162 1970 spiritu,
3198 1908 3258 1956 et
3286 1898 3513 1971 quidem

1931 1990 2253 2047 manifestus
2292 1989 2609 2055 admodum,
2635 1988 2804 2045 fuerit
2832 1975 3025 2055 Cham,
3053 1990 3166 2059 qui”
3181 1989 3505 2061 interpr-eteo

1934 2088 2043 2144 tur,
2076 2081 2267 2153 fervor.
2297 2079 2454 2147 Quod
2486 2095 2620 2136 vero
2650 2080 2818 2136 etiam
2850 2080 2905 2135 in
2938 2080 3216 2137 laxitatem
3244 2080 3360 2137 sive
3391 2082 3515 2138 lati-

1935 2170 2180 2227 tudinem
2215 2169 2396 2225 cordis
2426 2169 2645 2225 deducti
2684 2169 2877 2236 simus,
2907 2169 3258 2226 aﬁlictionem
3281 2170 3408 2229 vita
3435 2171 3516 2226 lc-

1945 2264 2083 2335 galis
2096 2261 2322 2333 egressi,
2342 2261 2540 2317 tertius
2567 2261 2730 2317 nobis
2755 2261 2989 2333 Japheth
3004 2268 3192 2331 aperte
3213 2261 3479 2334 signiﬁcat
3496 2303 3512 2326 ,

1933 2353 2028 2424 qui
2055 2352 2352 2408 latitudinis
2390 2366 2692 2423 cognomen
2720 2353 2951 2424 accepit.
2975 2351 3192 2408 Iudaeos
3212 2352 3415 2407 etenim
3437 2352 3517 2406 al-

1935 2443 2150 2498 locutus
2186 2451 2270 2497 est
2306 2443 2454 2497 Deus
2477 2457 2577 2513 per
2597 2456 2790 2498 vocem
2824 2443 3106 2513 prophetae
3131 2441 3284 2497 Isaiae
3308 2459 3322 2495 :
3355 2460 3374 2493 (
3401 2441 3514 2496 Au-

1935 2531 2049 2587 dite
2074 2547 2387 2588 sermonem
2414 2530 2652 2598 Domini,
2681 2531 2786 2586 viri
2812 2531 3019 2597 aﬁlicti,
3041 2541 3098 2586 et
3124 2531 3401 2602 principes
3417 2546 3514 2602 po-

1936 2626 2053 2696 puli
2086 2625 2142 2679 in
2164 2625 2468 2703 Jerusalem
2498 2624 2597 2678 ³¹.›
2625 2624 2694 2679 Et
2718 2640 2937 2704 rursum
2963 2642 2976 2678 :
3007 2644 3026 2676 ι
3069 2624 3272 2680 Discite
3298 2624 3517 2687 audire.

1930 2716 2230 2787 'angustiati
2271 2717 2337 2770 “.
2373 2736 2392 2767 ι
2419 2717 2621 2771 Paulus
2651 2725 2835 2771 autem
2876 2731 3003 2771 cum
3035 2716 3135 2771 has
3166 2716 3304 2786 legis
3345 2731 3520 2786 angu-

1939 2809 2071 2863 stias
2101 2808 2393 2871 evasisset,
2438 2807 2767 2877 quibusdam
2802 2821 3026 2871 eorum,
3067 2806 3162 2876 qui
3202 2807 3313 2876 jam
3357 2806 3520 2860 ﬁdem

1939 2899 2172 2969 amplexi
2207 2907 2385 2963 erant,
2415 2898 2489 2952 ita
2511 2898 2623 2952 ait:
2653 2916 2673 2950 ‹
2711 2895 2786 2953 Os
2809 2906 3058 2953 nostrum
3082 2904 3232 2965 patet
3251 2896 3319 2951 ad
3343 2910 3461 2960 vos,
3488 2885 3552 2949 θ’

1939 2989 2234 3055 Corinthii,
2269 3004 2365 3043 cor
2387 2997 2637 3043 nostrum
2662 2986 2948 3042 dilatatum
2973 2994 3077 3042 est.
3106 2985 3225 3040 Non
3248 2985 3525 3056 angustia-

1941 3082 2076 3137 mini
2102 3082 2159 3136 in
2182 3080 2344 3136 nobis
2367 3098 2381 3134 :
2404 3078 2791 3150 angustiamini
2814 3085 2996 3133 autem
3026 3077 3082 3131 in
3105 3075 3409 3132 visceribus
3435 3092 3527 3131 ve-

1943 3174 2093 3231 stris.
2140 3172 2403 3230 Eamdem
2446 3181 2630 3227 autem
2679 3169 2949 3225 habentes
2992 3166 3523 3230 remunerationem,

1944 3276 2203 3337 tanquam
2230 3265 2357 3320 ﬁliis
2395 3263 2540 3329 dico,
2582 3260 2885 3323 dilatamini
2914 3269 2973 3315 et
2992 3274 3109 3315 vos.
3132 3258 3312 3313 Nolite
3337 3258 3528 3329 iugum

1945 3356 2149 3413 ducere
2175 3371 2302 3410 cum
2328 3351 2643 3408 inﬁdelibus
2662 3351 2728 3404 ³³.
2760 3368 2778 3402 ι
2809 3347 3248 3419 Acquiescebant
3264 3346 3411 3401 enim
3433 3346 3530 3401 ad-e

1946 3444 2057 3499 huc
2079 3444 2392 3500 Iudaeorum
2411 3439 2717 3512 praeceptis,
2738 3446 2798 3495 et
2820 3436 3159 3509 infrugiferis
3179 3435 3527 3505 vaniloquiis.

1946 3536 2117 3592 David
2151 3543 2336 3590 autem
2375 3532 2509 3588 alibi
2538 3531 2612 3587 ita
2646 3530 2715 3586 ad
2758 3530 3144 3584 universorum
3189 3526 3529 3583 Salvatorem

1946 3627 2225 3684 Christum
2276 3624 2453 3688 canit,
2488 3621 2659 3676 veluti
2706 3636 2776 3675 ex
2808 3634 3043 3690 persona
3088 3619 3218 3673 novi
3262 3633 3327 3673 ac
3364 3616 3528 3674 Chri-

1948 3717 2109 3776 stiani
2133 3716 2359 3788 populi:
2390 3734 2409 3766 ι
2437 3713 2592 3770 Viam
2617 3710 2999 3767 mandatorum
3032 3719 3251 3766 tuorum
3284 3709 3529 3773 cucurri,

1949 3809 2169 3882 quando
2213 3806 2451 3863 dilatasti
2493 3821 2589 3860 cor
2619 3819 2801 3858 meum
2839 3802 2905 3857 “.
2954 3821 2973 3854 ι
2999 3800 3344 3872 Ampliﬁcata
3380 3799 3529 3855 enim

1950 3918 2014 3958 ac
2046 3901 2268 3956 dilatata
2302 3906 2387 3954 est
2416 3912 2572 3951 mens
2620 3903 2809 3950 nostra
2839 3894 2907 3948 ad
2946 3892 3267 3961 sapientiam
3310 3889 3528 3943 inhabi-

1953 3999 2100 4047 tante
2137 3989 2193 4043 in
2219 3987 2465 4042 omnium
2495 3982 2696 4038 animis
2714 3997 2815 4051 per
2851 3979 3127 4049 spiritum,
3150 3972 3528 4029 Emmanuele.

1953 4077 2303 4151 Ejuscemodi
2354 4076 2521 4147 igitur
2542 4082 2672 4128 sunt
2698 4072 2737 4126 ii
2765 4069 2861 4141 qui
2910 4069 2969 4123 in
3012 4066 3230 4125 Christo
3279 4072 3408 4121 sunt
3434 4079 3533 4134 per

1957 4169 2142 4224 ﬁdem.

2027 4348 2079 4404 8.
2118 4345 2275 4415 Quod
2317 4355 2498 4401 autem
2530 4343 2787 4413 frequens
2812 4337 3106 4394 admodum
3139 4324 3210 4389 sit
3240 4332 3531 4404 purissima

283 4422 387 4500 νων
432 4445 800 4518 καθαρωτάτη
814 4443 1064 4514 ίπληθὺς,
1108 4443 1274 4513 μείων
1312 4458 1376 4511 γε
1411 4440 1518 4512 μὴν
1545 4442 1578 4507 ὴ
1609 4437 1670 4503 ἐξ
1725 4439 1825 4491 Ἰου

1961 4456 2155 4497 eorum
2201 4438 2297 4509 qui
2353 4453 2451 4507 per
2509 4434 2673 4489 ﬁdem
2712 4428 2993 4502 iustiﬁcati
3048 4434 3176 4481 sunt
3216 4422 3531 4485 multitudo,

282 4539 468 4602 δαίων,
505 4516 776 4608 ἀναμάθοι
805 4551 886 4598 τις
904 4534 971 4587 ἂν
1000 4532 1246 4586 ὲντευθεν
1276 4528 1530 4603 ἀμογητί.
1561 4528 1731 4582 Ἐπτά
1761 4528 1835 4599 μὲε

1963 4534 2140 4587 minor
2164 4546 2296 4586 vero
2325 4528 2668 4589 Iudaeorum,
2713 4523 2870 4577 facile
2909 4521 3033 4591 quis
3079 4518 3209 4573 hinc
3248 4516 3532 4587 intelligat.

282 4633 390 4701 γὰρ
443 4632 503 4683 tv
541 4606 859 4700 τῇίκιϐωτῷ
885 4625 957 4679 τά
995 4626 1061 4678 ἐκ
1088 4623 1195 4677 τῶν
1227 4622 1480 4697 καθαρῶν
1509 4620 1835 4690 είσκεκόμικε

1964 4624 2183 4694 Septem
2210 4622 2354 4677 enim
2379 4620 2433 4674 in
2454 4633 2634 4674 arcam
2656 4632 2722 4671 ex
2749 4614 2970 4670 mundis
2991 4610 3232 4666 immissa
3255 4616 3403 4672 sunt,
3425 4606 3536 4663 duo

283 4720 463 4785 ζώων,
496 4720 603 4773 ἀνά
634 4717 726 4771 δύο
752 4716 809 4770 δὲ
841 4710 907 4770 αὖ
962 4715 1031 4767 τὰ
1064 4715 1129 4766 ὲκ
1165 4713 1274 4765 τῶν
1313 4710 1657 4781 ἀκαθάρτων·
1700 4724 1835 4760 τουτ·

1964 4725 2146 4770 autem
2177 4731 2245 4770 ex
2282 4711 2596 4774 immundis,
2642 4710 2747 4764 hoc
2782 4719 2886 4772 est,
2917 4704 3133 4761 Domini
3168 4701 3531 4758 interfectOri-

281 4811 420 4875 ἐστι,
446 4811 556 4864 τῶν
586 4808 948 4882 κυριοκτόνων
993 4803 1277 4858 Ἰουδαίων.
1316 4822 1334 4856 ι
1370 4803 1641 4856 Σέσωσται
1670 4801 1779 4871 γὰρ
1802 4817 1835 4851 τι

1963 4810 2067 4864 bus
2096 4805 2318 4863 Iudaeis.
2351 4824 2368 4855 ι
2402 4802 2575 4857 Salvae
2602 4800 2748 4855 enim
2778 4798 2935 4852 facta:
2970 4802 3099 4850 sunt
3128 4790 3370 4860 reliquiae
3403 4789 3471 4855 ³⁸,
3511 4808 3530 4841 ι

280 4879 673 4972 κατάλημμα,
694 4919 713 4951 ι
745 4898 889 4953 κατά
912 4898 1013 4968 τὴν
1056 4896 1149 4949 τοῦ
1175 4895 1451 4966 προφήτου
1481 4896 1683 4964 φωνήν.
1720 4891 1835 4960 nm»,

1958 4904 2112 4974 juxta
2138 4897 2419 4969 prophetae
2439 4906 2647 4948 vocem.
2669 4890 2936 4944 Praeterea
2959 4883 3103 4956 quod
3127 4879 3390 4951 temporis
3409 4892 3540 4947 pro-

278 4989 365 5042 ὂτι
418 4991 566 5045 κατὰ
600 4992 828 5062 καιροὺς
875 4984 1278 5042 ἀπανίστασθαι
1328 5001 1389 5037 τε
1439 4984 1534 5037 καὶ
1571 4984 1835 5054 άποςςοιτᾷ

1964 5004 2150 5063 gressu
2196 5002 2227 5042 a
2274 4984 2380 5039 ﬁde
2425 4979 2723 5038 discessuri
2767 4976 3144 5046 defecturique
3182 4978 3368 5027 essent
3397 4983 3537 5023 non-

277 5082 379 5152 τῆς
411 5084 654 5147 πίστεως
676 5057 898 5153 ἔμελλόν
919 5097 1064 5144 τινες
1094 5077 1204 5132 τῶν
1235 5076 1295 5142 ὲξ
1337 5075 1566 5148 αἵματος
1630 5075 1835 5147 Ἰσραὴλ

1963 5057 2101 5137 nulli
2128 5094 2195 5133 ex
2223 5073 2487 5146 sanguine
2524 5071 2711 5136 Israel,
2741 5082 2960 5124 rursum
3004 5065 3231 5136 ﬁgurate
3261 5057 3540 5131 signiﬁea-
3588 5136 3593 5137 γ

277 5148 577 5231 matriae-2
620 5148 800 5230 πάλιν.
839 5195 857 5227 ι
903 5171 1217 5228 ’Δπέστειλε
1268 5170 1397 5243 γὰρ,
1440 5188 1459 5221 ι
1512 5170 1697 5240 φησὶν,
1738 5187 1756 5219 ι
1802 5169 1835 5221 t1

1968 5170 2065 5225 vit.
2105 5187 2122 5219 ι
2156 5165 2352 5221 Emisit
2379 5164 2549 5227 enim,
2595 5181 2612 5213 ι
2650 5160 2850 5231 inquit,
2892 5177 2911 5209 ι
2940 5171 3008 5211 ex
3032 5165 3157 5209 arca
3188 5165 3435 5214 corvum,
3470 5148 3539 5202 ad

275 5267 377 5336 τῆς
417 5266 658 5321 κιεωτοῦ
687 5268 775 5321 τὸν
823 5267 1034 5338 κόρακα
1064 5265 1190 5319 ίδεῖν
1222 5263 1271 5316 εί
1303 5240 1579 5316 κεκόπακε
1603 5260 1664 5313 τὸ
1695 5257 1835 5329 ὕδωρ

1971 5258 2267 5315 videndum
2300 5255 2345 5311 si
2376 5261 2642 5310 cessasset
2684 5267 2845 5321 aqua;
2877 5248 2968 5302 ille
3004 5259 3138 5300 vero
3178 5258 3291 5299 non
3333 5240 3542 5297 est'rc-

275 5360 306 5410 6
423 5362 526 5433 οὐχ
548 5330 910 5432 ὕπέστρεψενί
942 5377 961 5410 ι
981 5354 1269 5425 Ἐνεπνίγη
1299 5353 1378 5419 δὲ,
1403 5348 1577 5424 οἶμαι,
1598 5354 1709 5415 τοῖς
1736 5349 1834 5403 ὖδα

1970 5365 2163 5405 versus
2181 5348 2247 5401 “.
2280 5367 2297 5399 ι
2324 5345 2655 5401 Submersus
2673 5350 2853 5396 autem
2875 5346 2978 5401 est,
3000 5343 3063 5391 ut
3080 5335 3339 5397 arbitror,
3363 5330 3540 5401 aquis,

279 5466 388 5517 σιν,
423 5417 662 5525 epam.
684 5417 743 5506 τὲ
907 5450 1095 5503 στάσιν
1114 5417 1508 5517 οὺχέὑρηκὼς.
1539 5417 1746 5498 Οὐκοῦν
1807 5458 1835 5494 τ

1976 5439 2069 5495 ubi
2091 5436 2414 5495 subsisteret
2439 5450 2548 5490 non
2576 5430 2879 5487 inveniens.
2904 5425 3173 5495 Quocirca
3197 5438 3229 5478 a
3260 5421 3368 5476 ﬁde
3388 5417 3547 5475 Chri-

2653 5566 2699 5597 ”
2721 5564 2861 5620 Psal.
2884 5579 2972 5626 xv,
3002 5561 3089 5615 Η.
3166 5556 3212 5589 ⁸⁸
3236 5554 3402 5626 ΙΪιεΜιιἒ
3426 5570 3542 5621 vui,

351 5595 565 5693 z'Pﬁl'.
592 5609 701 5658 κα,
728 5590 816 5643 ιι.
888 5586 998 5693 τιιι
1018 5584 1209 5693 Thess.
1247 5600 1308 5649 ιι,
1350 5582 1462 5693 ίόςξ
1477 5582 1641 5681 non:3
1664 5579 1835 5693 ﬁeri:

1950 5578 1995 5610 ’⁸
2021 5576 2213 5631 Matth.
2253 5589 2333 5635 Ill,
2354 5572 2440 5633 Η,
2464 5568 2550 5624 12.
2653 5568 2699 5597 ’³
2721 5568 2861 5620 Psal.
2884 5579 2972 5626 xv,
3002 5568 3089 5615 u.
3166 5568 3212 5589 "
3240 5568 3397 5610 Itom.
3426 5570 3534 5621 vui,

1935 5665 1990 5693 η-
2034 5646 2219 5693 Η-Ηι.
2295 5644 2338 5673 ’ὀ
2366 5640 2505 5693 Psal.
2542 5652 2722 5693 cxvul.
2751 5634 2838 5689 2‘2.
2951 5632 2995 5663 "
3020 5630 3122 5686 lsa.
3154 5641 3208 5693 ι,
3241 5623 3349 5691 22;
3377 5624 3534 5680 Rom.

292 5662 396 5719 35.
419 5634 445 5651 ’
469 5634 868 5721 τῖῖεὲῗῖεὲιῖιιι.
898 5657 981 5710 tt.
1058 5655 1102 5687 ι’
1137 5634 1498 5717 ιδεξὶᾅιῖιζὲςῖ
1514 5634 1641 5681 πη
1668 5634 1832 5706 η’οο

1935 5665 1991 5713 n,
2034 5646 2219 5700 ll—H.
2295 5634 2338 5673 ³³⁸
2366 5640 2505 5695 Psal.
2542 5652 2722 5701 cxvm,
2751 5634 2838 5689 2‘2.

278 5750 359 5799 ix,
389 5736 489 5790 27.
564 5735 607 5766 ³⁸
635 5733 777 5789 Gen.
808 5726 991 5792 vm,6.
