4052 6212
538 278 573 334 ’1
591 278 607 331 l
1549 268 1604 326 S.
1644 267 1920 326 CYRILLI
1960 268 2143 324 ALEX

2245 270 2430 327 DBiNl
2461 268 2778 328 ARCIHEP.
3672 288 3681 291 -
3735 258 3804 312 τὶ

541 388 610 443 sti
662 384 967 440 desciscere
1020 389 1187 453 atque
1243 382 1468 437 alienari
1521 382 1702 436 omnis
1751 382 2009 438 interitus
2048 393 2131 438 est

2245 385 2332 454 τῆς
2366 384 2599 448 πίστεως
2625 382 2983 454 ἀπολισθῆσαι
3032 380 3125 436 τοῦ
3161 380 3396 449 Χριστοῦ
3449 383 3542 435 καὶ
3603 383 3805 437 ἀπονο.

543 488 728 530 causa.
757 472 836 527 Ita
860 472 1024 527 etiam
1051 470 1249 526 beatus
1271 470 1473 525 Paulus
1504 470 1573 525 iis
1595 470 1685 540 qui
1716 481 1840 542 post
1859 470 2017 525 ﬁdem
2041 486 2125 526 ac-

545 574 756 636 ceptam
792 564 848 618 in
873 565 991 634 lege
1017 562 1244 633 perfecti
1269 569 1449 625 erant,
1473 571 1566 617 aut
1593 563 1796 633 alioqui
1820 564 2133 618 existimant

546 674 603 713 se
627 658 740 712 fore
775 656 1047 727 perfectos
1073 673 1085 707 :
1118 673 1136 705 ι
1167 653 1425 709 Evacuati
1459 655 1613 720 estis,
1643 674 1660 707 ι
1694 654 1888 725 inquit,
1915 654 2024 727 40
2050 674 2068 705 ι
2100 672 2131 710 a

545 747 795 811 Christo,
835 745 928 815 qui
958 745 1013 799 in
1048 745 1168 814 lege
1197 742 1596 814 justiﬁeamini,
1632 760 1662 799 a
1690 745 1859 815 gratia
1895 744 2131 800 excidis-

547 836 637 890 tis.
659 835 770 890 Nos
790 835 937 889 enim
958 834 1153 904 spiritu
1187 849 1255 889 ex
1288 832 1391 888 ﬁde
1419 848 1572 903 spem
1595 834 1822 905 justitiae
1846 844 2130 905 exspecta-

548 944 672 982 mus
694 928 759 981 ⁸⁷.
790 947 808 978 ι
843 926 1231 981 Animadverte
1262 935 1444 980 autem
1475 941 1584 997 quo
1606 936 1765 997 pacto
1794 943 1861 981 ex
1893 926 2131 981 immun-

549 1018 636 1074 dis
678 1009 996 1073 volucribus
1029 1033 1228 1074 corvus
1266 1016 1512 1072 defector
1551 1017 1736 1073 fuerit.
1775 1019 1945 1073 Erant
1984 1019 2131 1073 enim

551 1111 801 1165 nonnulli
819 1126 885 1163 ex
904 1110 1107 1164 Iudaeis
1151 1109 1243 1179 qui
1265 1108 1843 1180 postjustiﬁcationem
1863 1126 1962 1179 per
1979 1109 2135 1164 Chri-

552 1211 697 1258 stum
727 1210 1004 1272 acceptam
1040 1200 1107 1256 ad
1138 1201 1275 1273 legis
1301 1203 1525 1257 umbras
1552 1202 1821 1257 redibant.
1855 1202 1931 1257 Ac
1970 1203 2037 1258 de
2068 1203 2134 1259 iis

553 1295 796 1364 quidem,
822 1302 883 1348 ut
900 1294 1158 1358 arbitror,
1178 1295 1396 1363 sapiens
1410 1293 1649 1349 Joannes
1669 1293 1863 1349 scribit
1886 1312 1898 1347 :
1932 1313 1949 1345 ‹
1976 1293 2020 1348 Α
2038 1310 2137 1347 no—

554 1382 641 1438 bis
671 1382 876 1453 egressi
916 1390 1070 1447 sunt,
1104 1382 1199 1436 sed
1235 1376 1367 1436 non’
1392 1390 1551 1437 erant
1587 1396 1654 1437 ex
1698 1382 1875 1437 nobis.
1915 1382 2051 1437 Nam
2089 1382 2135 1437 si

553 1473 785 1527 fuissent
800 1488 867 1527 ex
882 1473 1063 1537 nobis,
1077 1473 1505 1543 permansissent
1521 1475 1707 1545 utique
1723 1475 2004 1528 nobiseum
2024 1475 2086 1529 ³⁸,
2110 1495 2128 1526 ι

553 1563 778 1618 Dicente
809 1571 989 1618 autem
1013 1564 1176 1618 etiam
1201 1562 1409 1634 Spiritu
1433 1565 1716 1619 manifeste
1758 1564 1901 1634 quod
1931 1585 1948 1615 α
1979 1566 2031 1619 in
2056 1565 2136 1620 ul-

2240 473 2550 546 σςρίζεσθαι,
2587 475 2801 539 πάντως
2841 472 3098 545 πρόξενον
3146 470 3438 535 ἀπωλείας.
3480 472 3634 525 Οὕτω
3659 476 3751 526 καὶ
3776 476 3805 528 6

2234 564 2501 636 μακάριος
2550 563 2763 627 Παῦλος
2793 566 2905 626 τοῖς
2940 563 3077 633 μετά
3114 561 3210 633 τὴν
3245 561 3426 614 πίστιν
3454 562 3512 613 ἐν
3542 562 3693 633 νόμῳ
3720 579 3808 615 τε·

2229 654 2582 725 λειουμένοις,
2603 655 2768 724 ήγουν
2801 651 3061 724 οίηθεῖσιν
3094 651 3309 709 ἔσεσθαι
3344 650 3593 717 τελείοις,
3623 671 3640 703 ι
3669 654 3809 706 Κατ-

2231 743 2537 815 ηργήθητε,
2569 743 2811 813 uman
2854 740 2962 795 ἀπὸ
2985 740 3243 811 Χριστοῦ,
3261 740 3455 803 οἵτινες
3476 742 3533 793 ὲν
3555 740 3701 813 νόμῳ
3723 740 3806 795 διο

2232 834 2510 899 καιοῦσθε,
2558 835 2655 906 τῆς
2683 835 2900 905 χάριτος
2953 830 3267 896 ἐξεπέσατε⁸
3298 833 3456 901 ἡμεῖς
3493 833 3599 902 γὰρ
3645 832 3797 886 πνεύ-

2235 946 2363 998 ματι
2390 929 2454 980 ὲκ
2480 926 2715 990 πίστεως
2745 924 2935 979 ἐλπίδα
2963 923 3304 995 δικαιοσύνης
3336 925 3799 995 ἀπεκδεχόμεθα.»

2236 1017 2427 1090 Ἀθρει
2463 1017 2518 1072 δὲ
2548 1004 2697 1082 ὅπως
2730 1018 2794 1071 ἐκ
2834 1017 2944 1070 τῶν
2989 1015 3314 1086 ἀκαθάρτων
3345 1015 3563 1087 πτηνῶν
3589 1018 3617 1068 6
3640 1016 3810 1088 κόραξ

2232 1109 2565 1180 ἀποστάτης.
2613 1105 2792 1161 τΗσαν
2817 1108 2926 1178 γὰρ
2960 1106 3018 1172 ἐξ
3066 1107 3335 1160 Ἰουδαίων
3366 1109 3414 1159 οί
3452 1108 3590 1177 μετὰ
3623 1107 3719 1179 τὴν
3748 1110 3809 1162 ὲν

2234 1200 2456 1272 Χριστῷ
2486 1200 2770 1255 δικαίωσιν
2798 1199 2993 1252 ἀνόπιν
3022 1198 3193 1261 ἰόντες
3227 1199 3320 1251 ἐπὶ
3352 1198 3451 1262 τὰς
3501 1197 3595 1251 τοῦ
3642 1200 3809 1270 νόμου

2236 1293 2415 1355 σκιάς.
2436 1292 2545 1346 Καὶ
2557 1308 2623 1343 πε
2633 1292 2686 1361 pl.
2699 1284 3053 1360 αὑτῶν,οἷμαί
3073 1306 3196 1350 που,
3216 1290 3304 1341 καὶ
3321 1291 3349 1343 6
3366 1289 3525 1360 σοφὸς
3558 1290 3812 1363 Ἰωάννης

2235 1385 2436 1455 γράφει
2460 1402 2471 1413 ·
2499 1403 2518 1434 ι
2555 1381 2643 1447 Ἐξ
2667 1380 2821 1452 ἡμῶν
2849 1378 3091 1450 ἐξῆλθον,
3117 1380 3230 1433 ἀλλ’
3255 1383 3354 1434 οὐκ
3380 1376 3521 1453 ἦσαν
3544 1382 3601 1448 ἐξ
3629 1385 3807 1454 ήμῶνο

2238 1478 2285 1528 εἱ
2314 1475 2421 1546 γάρ
2443 1469 2582 1546 ἦσαν
2615 1474 2673 1537 ἐξ
2696 1472 2873 1543 ἡμῶν,
2901 1472 3283 1543 μεμενήκεσαν
3307 1470 3373 1526 ἂν
3411 1473 3529 1542 μεθ’
3571 1474 3745 1543 ἡμῶν.
3783 1494 3803 1528 ι

2237 1568 2498 1633 Λέγοντος
2536 1563 2593 1615 δὲ
2634 1564 2727 1616 καὶ
2758 1563 2850 1616 τοῦ
2897 1561 3214 1634 Πνεύματος
3247 1565 3510 1635 ἐναργῶς,
3545 1566 3626 1619 ὅτι
3670 1586 3687 1616 ι
3722 1566 3814 1622 Ἑν

553 1652 702 1709 timis
731 1654 1068 1723 temporibus
1089 1653 1346 1709 deﬁcient
1373 1656 1595 1726 quidam
1627 1671 1657 1711 a
1692 1654 1817 1721 ﬁde,
1845 1656 2135 1711 attenden-

2245 1655 2487 1724 ὑστέροις
2502 1655 2707 1726 καιροῖς
2723 1652 3123 1725 ἀποστήσονταί
3140 1668 3283 1716 τινες
3296 1654 3391 1723 τῆς
3413 1654 3813 1726 πίστεως,προ-

554 1753 639 1800 tes
670 1742 956 1813 spiritibus
983 1744 1192 1798 erroris
1213 1744 1257 1775 ”
1293 1760 1308 1809 ;
1343 1763 1361 1795 ι
1390 1744 1515 1799 vide
1544 1744 1708 1798 etiam
1738 1745 1901 1815 hujus
1921 1744 1999 1799 rei
2024 1760 2141 1799 ma-

2246 1745 2490 1814 σέχοντες
2507 1744 2776 1815 πνεύμασι
2793 1744 3035 1810 πλάνοις,
3048 1766 3065 1795 ι
3077 1745 3175 1816 δρα
3200 1746 3293 1799 καὶ
3308 1745 3459 1798 τοῦδε
3481 1745 3630 1816 σαφῆ
3646 1747 3816 1801 τύπον

554 1833 815 1890 nifestum
846 1844 1032 1906 typum
1071 1850 1172 1905 per
1208 1834 1323 1892 Noe
1358 1834 1583 1889 factum.
1616 1835 1811 1891 Emisit
1843 1836 1988 1891 enim
2024 1834 2139 1906 pri-

2245 1838 2326 1892 διὰ
2344 1837 2466 1891 Νῶε
2488 1837 2873 1910 γεγενημένον.
2892 1896 2895 1899 _
2913 1836 3220 1892 Ἀπέστειλε
3253 1836 3354 1908 μὲν
3378 1837 3487 1907 γὰρ
3508 1836 3729 1908 πρώτην
3751 1855 3816 1892 τε

558 1941 703 1981 mam
734 1940 798 1980 ac
827 1926 1122 1981 secundam
1147 1925 1457 1981 columbam
1482 1926 1856 1995 speculaturas
1879 1927 2143 1997 quodam-

2245 1927 2337 1981 καὶ
2363 1927 2622 1998 δευτέραν
2644 1928 2973 1998 περιστερὰν
3012 1927 3515 1997 κατασκεψομένας,
3550 1927 3735 1999 ὥσπερ
3763 1931 3817 1981 ει

560 2015 725 2068 modo
763 2029 830 2068 an
874 2015 1213 2071 subsedisset
1265 2015 1552 2071 diluvium.
1596 2015 1690 2070 Hae
1743 2031 1873 2070 vero
1912 2032 2142 2071 reversae

2245 2021 2299 2072 ὲν
2330 2018 2582 2089 ὑφιςήσει
2608 2016 2874 2085 γέγονενό
2904 2015 3305 2086 κατακλυσμὸς.
3336 2018 3403 2071 Δί
3433 2018 3488 2071 δὲ
3518 2019 3816 2092 ὑπενόστη-

556 2115 706 2171 sunt,
737 2106 909 2161 veluti
944 2106 1001 2160 in
1043 2121 1267 2161 caveam
1300 2108 1355 2160 in
1389 2121 1592 2171 arcam,
1628 2106 1867 2162 habente
1900 2124 2008 2161 una
2051 2124 2135 2162 ra-

2245 2125 2343 2161 cav
2368 2108 2442 2172 ὼς
2469 2109 2549 2170 είς
2598 2107 2792 2160 καλιάν
2819 2108 2908 2172 εἰς
2941 2107 3042 2178 τὴν
3092 2107 3343 2173 κιϐωτὸν,
3396 2110 3490 2162 καί
3530 2127 3581 2162 τι
3607 2110 3819 2181 κάρφος

560 2210 710 2249 mum
740 2202 797 2249 in
839 2211 934 2250 ore
962 2211 1082 2261 suo,
1110 2197 1254 2251 sicut
1286 2197 1550 2267 scriptum
1584 2206 1668 2252 est
1695 2198 1763 2261 ⁸ο,
1799 2198 1955 2252 olivze
1984 2198 2143 2251 nimi-

558 2303 704 2343 rum.
738 2288 1081 2343 Emittuntur
1111 2288 1259 2343 enim
1288 2289 1459 2343 sancti
1498 2305 1527 2344 a
1555 2288 1774 2345 Christo
1810 2291 2143 2361 speculaturi

562 2382 848 2447 mundum,
880 2382 1084 2453 quique
1116 2383 1171 2436 in
1199 2397 1267 2437 eo
1303 2391 1452 2437 sunt.
1486 2382 1739 2439 Redeunt
1763 2391 1942 2437 autem
1975 2385 2143 2439 veluti

561 2476 848 2545 loquentes
883 2488 1095 2544 pacem.
1133 2473 1247 2528 Hoc
1272 2475 1421 2529 enim
1459 2475 1700 2529 arbitror
1734 2476 1955 2547 oblique
1981 2475 2146 2547 signi-

563 2564 726 2619 ﬁcare
747 2579 958 2618 ramum
979 2563 1135 2618 oliva:
1157 2563 1212 2617 in
1240 2578 1333 2618 ore
1354 2565 1639 2619 columbae.
1664 2564 1818 2618 Oliva
1837 2566 1984 2620 enim
2006 2581 2147 2621 sem-

561 2671 663 2725 per
690 2665 774 2711 est
800 2655 1109 2728 symbolum
1144 2654 1314 2724 pacis.
1338 2655 1422 2709 Pii
1448 2657 1667 2726 quidem
1692 2657 1857 2728 igitur
1877 2658 2142 2737 suntqui,

564 2762 661 2817 per
706 2746 869 2802 ﬁdem
900 2748 1147 2818 purgati,
1185 2756 1242 2803 et
1277 2748 1447 2803 veluti
1481 2749 1536 2802 in
1575 2748 1991 2803 mansuetudine
2022 2751 2148 2805 vitae

563 2837 887 2906 evangelicae
909 2853 937 2890 a
964 2839 1074 2892 Deo
1097 2837 1294 2892 delecti
1324 2847 1468 2893 sunt.
1493 2836 1760 2893 Caeterum
1789 2838 1933 2908 quod
1968 2856 2034 2894 ex
2063 2839 2146 2909 ip-

564 2913 639 2983 sis
670 2930 835 2983 etiam
870 2929 1120 2984 nonnulli
1147 2930 1203 2984 in
1242 2931 1449 2986 ultimis
1490 2930 1861 3000 temporibus,
1892 2939 1953 2986 ut
1986 2933 2149 2987 modo

564 3020 697 3085 dixi,
726 3021 835 3076 sint
863 3020 1153 3087 defecturi,
1178 3029 1339 3092 typus
1361 3022 1461 3076 iste
1493 3021 1753 3076 declarat.
1786 3022 1968 3076 Tertia
1999 3024 2145 3078 enim

563 3122 725 3183 atque
758 3113 948 3168 ultima
977 3114 1215 3167 mittitur
1249 3102 1521 3175 columba,
1555 3126 1736 3180 neque
1772 3111 1846 3165 illi
1871 3127 2016 3167 cura:
2047 3114 2148 3171 fuit

565 3203 795 3265 reditus,
823 3202 1087 3256 remansit
1107 3200 1276 3254 enim.
1306 3219 1323 3251 ι
1352 3199 1678 3266 Quieseente
1709 3210 1889 3258 autem
1917 3203 2144 3268 diluvio,

566 3292 813 3348 subsedit
839 3307 963 3346 arca
998 3307 1165 3361 super
1193 3298 1409 3346 montes
1433 3290 1637 3346 Ararad
1668 3291 1734 3357 εί,
1772 3311 1790 3343 ι
1815 3308 1951 3363 quos
1982 3294 2150 3349 inter-

565 3381 873 3452 pretaberis
898 3376 1254 3435 testimonium
1290 3380 1600 3435 descensus.
1638 3381 1852 3437 Excelsi
1905 3383 2050 3437 enim
2087 3398 2150 3439 ac

563 3471 734 3526 veluti
769 3471 825 3524 in
870 3470 1151 3524 montibus
1195 3469 1479 3526 constituti
1522 3479 1682 3536 sunt,
1720 3470 1792 3524 ob
1825 3471 2149 3541 evangelicae

565 3562 693 3617 vita:
730 3560 1147 3627 sublimitatem,
1169 3561 1263 3631 qui
1297 3561 1352 3615 in
1378 3560 1599 3617 Christo
1623 3575 1723 3631 per
1745 3560 1928 3626 ﬁdem,
1954 3577 2147 3632 super-

566 3668 734 3718 num,
789 3653 1047 3723 quodque
1095 3669 1162 3708 ex
1208 3654 1349 3708 caelo
1399 3652 1684 3707 descendit
1734 3652 1832 3707 Dei
1871 3652 2147 3717 Verbum,

567 3744 752 3800 ubivis
780 3752 1049 3799 terrarum
1083 3742 1419 3814 praedicant:
1444 3742 1648 3813 quibus
1676 3742 1792 3814 ipse
1816 3742 1982 3798 etiam
2005 3742 2151 3798 Deus

568 3833 847 3898 inclamat,
880 3848 978 3904 per
998 3848 1189 3888 vocem
1224 3832 1503 3903 prophetae
1544 3850 1557 3885 :
1589 3852 1606 3883 ι
1639 3831 1772 3888 Sitis
1800 3831 1934 3886 mihi
1961 3839 2148 3898 testes,

566 3930 626 3978 et
655 3937 756 3996 ego
789 3923 974 3990 testis,
1016 3923 1151 3980 dicit
1197 3923 1464 3978 Dominus
1505 3922 1684 3988 Deus,
1720 3932 1777 3979 et
1813 3939 1951 3994 puer
1985 3939 2150 3995 quem

568 4012 709 4084 elegi
733 4012 800 4067 δ’.
832 4034 849 4065 ι
881 4013 1183 4069 Sublimior
1203 4012 1385 4084 itaque
1408 4022 1487 4068 est
1515 4014 1747 4069 terrenis
1765 4014 1931 4070 rebus
1957 4031 2147 4071 eorum

567 4104 665 4173 qui
693 4105 748 4158 in
780 4104 997 4160 Christo
1028 4115 1157 4159 sunt
1181 4105 1369 4175 gloria.

2244 2199 2474 2271 ἐχούσης
2499 2201 2628 2271 μιᾶς
2656 2200 2712 2252 ὲν
2732 2199 2810 2271 τῷ
2835 2199 3062 2270 στόματι
3099 2199 3453 2280 αὐτῆςηκαθὰ
3482 2201 3817 2273 γέγραπται,

2245 2291 2401 2355 θαλὸς
2425 2292 2481 2344 δὲ
2516 2292 2671 2345 τοῦτο
2708 2290 2888 2356 ἐλαίας
2913 2288 3001 2362 ἦν.
3037 2290 3479 2346 Ἀποστέλὶλονται
3512 2293 3610 2362 μὲν
3639 2292 3746 2364 γὰρ
3766 2296 3820 2347 οἱ

2245 2381 2390 2452 ἅγιοι
2422 2383 2569 2453 παρὰ
2603 2383 2840 2454 Χριστοῦ
2870 2384 3332 2454 κατασκεψόμενοί
3363 2401 3418 2437 τε
3454 2386 3546 2437 τὸν
3588 2385 3821 2455 κόσμον,

2246 2473 2340 2524 καὶ
2366 2471 2492 2534 τοὺς
2521 2472 2578 2523 ὲν
2606 2470 2773 2542 αὐτῷ.
2817 2472 3201 2525 ’Υπονοστοῦσι
3236 2472 3289 2525 δὲ
3316 2472 3502 2544 ῶσπερ
3530 2472 3825 2537 λαλοῦντες

2247 2563 2487 2633 εἰρήνην.
2522 2562 2682 2617 Τουτλ⁵
2707 2564 2813 2633 γὰρ
2839 2559 2993 2635 οἶμαι
3037 2563 3273 2632 πλαγίως
3316 2565 3615 2636 ὑποδηλοῦν
3643 2564 3703 2619 τὸ
3759 2567 3823 2619 ἐν

2248 2646 2476 2725 στόματι
2502 2656 2712 2709 κεῖσθαι
2729 2658 2828 2727 τῆς
2852 2660 3177 2731 περιστερᾶς
3203 2658 3292 2711 τὸν
3307 2660 3403 2728 τῆς
3440 2658 3621 2721 ὲλαίας
3638 2657 3821 2713 θαλόν.

2249 2747 2524 2817 Σύμϐολον
2546 2748 2653 2820 γάρ
2678 2750 2899 2821 εἰρήνης
2938 2751 3024 2804 ἀεί
3064 2748 3178 2812 πώς
3206 2752 3319 2803 ἐστι
3353 2749 3414 2803 τὸ
3454 2750 3637 2818 φυτόν.
3661 2749 3824 2803 Φιλό-

2249 2835 2360 2890 οεοι
2414 2838 2511 2908 μὲν
2565 2835 2660 2892 οὖν
2712 2841 2761 2890 oi
2821 2839 3001 2892 πίστει
3056 2838 3480 2910 κεκαθαρμένοι.
3528 2842 3620 2894 καὶ
3655 2839 3730 2904 ὡς
3760 2841 3827 2892 εν

2252 2929 2517 2999 πραότητι
2549 2929 2822 2993 πολιτείας
2847 2929 3229 3002 εὐαγγελικῆς,
3263 2932 3549 2986 ἀπόλεκτοι
3578 2931 3654 3000 τῷ
3680 2929 3825 3001 Θεῷ.

2251 3020 2415 3091 Πλὴν,
2448 3022 2528 3073 ὅτι
2554 3023 2647 3075 καὶ
2670 3021 2728 3088 ἐξ
2758 3021 2938 3074 αὐτῶν
2968 3025 3373 3093 ἀποστήσονταί
3397 3041 3540 3088 τινες
3565 3026 3621 3078 ὲν
3655 3024 3826 3094 texti-

2248 3129 2360 3176 τοις
2393 3116 2618 3182 καιροῖς,
2665 3114 2912 3186 καθάπερ
2949 3116 3083 3187 ἔφην
3117 3116 3339 3188 ἀρτίως,
3387 3117 3679 3188 ἐμφήνιιεν
3701 3116 3766 3170 ἂν
3799 3118 3830 3170 ὀ

2246 3203 2433 3269 τύπος.
2463 3205 2634 3278 Τρῖτη
2662 3205 2770 3277 γὰρ
2809 3210 2903 3264 καὶ
2947 3208 3231 3263 τελευταία
3265 3210 3542 3281 πέμπεται
3575 3225 3831 3277 περιστε-
3908 3194 3921 3217 ’

2247 3294 2341 3365 ρὰ,
2374 3295 2469 3349 καὶ
2499 3298 2599 3350 οὐκ
2630 3297 2858 3367 ἐμελέτα
2880 3297 2977 3370 τὴν
3011 3298 3372 3370 ὑποστροφήν.
3412 3297 3831 3370 Ἀπομεμένηκε

2248 3384 2375 3456 γάρ.
2407 3404 2424 3435 ι
2459 3385 2927 3458 ’Υπολοφήσαντος
2950 3386 3007 3441 δὲ
3032 3387 3126 3442 τοῦ
3171 3386 3575 3457 κατακλυσμοῦ,
3606 3387 3831 3440 κεκάθι-

2252 3493 2348 3529 κεν
2379 3478 2412 3547 ὴ
2441 3477 2670 3541 κιϐωτός
2706 3478 2797 3532 ἐπὶ
2828 3480 2895 3531 τὰ
2925 3481 3026 3552 ὸρη
3069 3480 3326 3551 Ἀραρὰτ,
3359 3497 3377 3532 ι
3412 3477 3827 3550 ἂδιερμηνεύεο

2247 3584 2338 3620 ται
2363 3570 2659 3637 μαρτυρία
2680 3568 3079 3636 καταϐάσεως.
3120 3568 3344 3639 ’Υψηλοὶ
3382 3568 3490 3639 γὰρ
3511 3567 3697 3639 ὥσπερ
3726 3570 3831 3622 καὶ

2245 3658 2409 3710 οἱονεί
2428 3676 2544 3721 πως
2577 3661 2633 3712 ὲν
2657 3659 2807 3731 ὄρεσι
2833 3660 2921 3713 διὰ
2951 3661 3010 3714 τὸ
3036 3662 3133 3733 τῆς
3169 3660 3527 3731 εὑαγγελικῆς
3553 3658 3830 3724 πολιτείας

2248 3747 2704 3820 ὑπερανεστηκὸς.
2732 3750 2781 3803 οἱ
2817 3752 2873 3802 ὲν
2900 3752 3119 3824 Χριστῷ
3140 3752 3227 3806 διὰ
3247 3749 3833 3814 πίστεως.τὸνάνωθεν

2249 3838 2343 3890 καὶ
2373 3837 2433 3903 ἐξ
2450 3840 2506 3892 οὒ
2517 3839 2677 3911 ρανοῦ
2695 3841 3104 3913 καταϐεϐηκότα
3130 3842 3264 3896 Θεὸν
3296 3842 3487 3910 Λόγον,
3524 3845 3635 3905 τοῖς
3655 3843 3833 3896 ἁπαν.

2246 3929 2386 4001 ταχῆ
2417 3931 2796 4001 κηρύττοντες,
2828 3928 2909 3996 οἷς
2935 3934 3028 3987 καὶ
3062 3933 3221 3996 αὐτὸς
3267 3931 3533 4001 ἐπεφώνει
3576 3931 3707 3995 Θεὸς
3734 3932 3830 3986 διὰ

2250 4022 2528 4092 προφήτου
2561 4024 2762 4093 φωνῆς·
2802 4041 2820 4073 ι
2860 4023 3076 4078 Γίνεσθέ
3122 4041 3211 4094 μοι
3261 4024 3556 4097 μάρτυρες.
3589 4023 3682 4076 καὶ
3712 4022 3830 4091 ἐγὼ

2252 4112 2483 4183 μάρτυς,
2519 4112 2663 4182 λέγει
2692 4115 2896 4185 Κύριος
2920 4116 2947 4168 6
2975 4114 3128 4180 Θεός·
3164 4117 3255 4169 καὶ
3283 4118 3311 4169 6
3340 4118 3469 4178 παῖς
3495 4115 3554 4169 6v
3581 4113 3831 4184 ἐξελεξά-

2253 4219 2380 4273 μην.
2419 4222 2437 4255 ι
2488 4204 2767 4275 Ἀνωτέρω
2786 4205 2848 4275 δὴ
2869 4202 2962 4260 οὖν
2982 4206 3080 4276 τῆς
3110 4209 3166 4260 ὲν
3199 4205 3386 4277 κόσμῳ
3417 4205 3831 4279 χθαμαλότητος

2248 4295 2357 4347 τῶν
2390 4296 2447 4347 ὲν
2474 4295 2691 4367 Χριστῷ
2720 4297 2785 4350 τά
2806 4299 3120 4371 αὐχήματα.

647 4401 700 4457 9.
719 4399 873 4468 Quod
892 4409 1075 4456 autem
1093 4414 1341 4456 summus
1356 4397 1519 4453 etiam
1539 4396 1787 4452 Pontifex
1804 4396 1961 4451 nobis
1975 4396 2143 4452 factus

2325 4382 2391 4436 θ’.
2420 4383 2614 4453 Γέγονε
2644 4385 2699 4438 δὲ
2743 4387 2826 4439 ὅτι
2859 4387 2952 4441 καὶ
2980 4385 3408 4457 Ἀρχιερεὺςὲφ’
3441 4388 3586 4459 ἡμᾶς
3628 4388 3658 4440 ὁ
3695 4383 3833 4458 Ἑμ-

568 4493 644 4549 sit
678 4492 1029 4557 Emmanuel,
1085 4507 1185 4562 per
1239 4506 1400 4562 quem
1445 4500 1501 4546 et
1547 4504 1823 4544 accessum
1862 4489 2007 4544 nacti
2055 4504 2149 4544 su—

573 4598 696 4637 mus
732 4582 800 4637 ad
833 4584 1050 4636 Patrem
1091 4598 1157 4636 ac
1191 4582 1395 4645 Deum,
1437 4580 1789 4649 innovatique
1823 4587 1878 4634 et
1920 4579 2152 4651 pristino

573 4673 739 4729 statui
774 4672 1043 4736 restituti,
1069 4671 1272 4726 abolita
1297 4670 1709 4734 maledictione,
1751 4685 1871 4738 qua:
1907 4686 1935 4723 a
1972 4671 2154 4740 primo

573 4772 800 4833 parente
839 4762 894 4816 in
930 4778 1033 4816 nos
1064 4770 1358 4832 propagata
1397 4768 1535 4826 erat,
1557 4776 1622 4814 ex
1654 4761 1721 4815 iis
1742 4776 1861 4830 qua:
1893 4760 2152 4833 deinceps

569 4853 773 4923 scripta
810 4860 963 4916 sunt,
995 4851 1391 4907 animadverte.
1411 4851 1514 4923 41
1547 4870 1563 4902 ι
1594 4851 1885 4921 Postquam
1920 4851 2098 4917 enim,
2127 4872 2144 4903 ι

573 4943 779 5015 inquit,
818 4963 836 4995 ι
864 4944 1064 4999 siccata
1084 4953 1170 4998 est
1190 4952 1356 5006 terra,
1376 4958 1628 5014 egressus
1640 4952 1723 4998 est
1737 4943 1850 4998 Noe
1871 4959 2075 5007 arcam,
2097 4954 2153 4998 et

573 5052 765 5092 munes
783 5037 1025 5106 quicum
1048 5036 1166 5106 ipso
1184 5041 1363 5097 erant,
1388 5043 1440 5089 et
1462 5034 1657 5097 erexit,
1673 5053 1690 5083 ι
1725 5032 1955 5102 inquit,«
1981 5033 2152 5087 altare

572 5127 684 5183 Deo
704 5145 718 5180 :
745 5136 801 5183 et
821 5126 1033 5198 accepit
1058 5141 1126 5181 ex
1146 5124 1403 5179 omnibus
1429 5123 1757 5178 animalibus
1777 5122 2018 5186 mundis,
2054 5121 2153 5175 ob-

574 5218 806 5286 tulitque
826 5217 1141 5272 holocausta
1161 5213 1545 5284 superaltaren
1560 5209 1894 5265 Etodoratus
1909 5218 2012 5273 est,
2034 5230 2053 5264 ι
2070 5209 2153 5263 in-

575 5308 715 5376 quit,
750 5325 767 5356 ‹
792 5307 1053 5363 Dominus
1078 5308 1302 5362 odorem
1322 5303 1625 5366 suavitatis,
1656 5309 1711 5356 et
1738 5300 2152 5355 dixitDominus

576 5394 740 5459 Deus.
802 5398 1110 5468 recogitans
1139 5415 1151 5450 :
1176 5397 1295 5452 Non
1331 5394 1528 5452 addam
1565 5393 1801 5463 amplius
1824 5391 2152 5447 maledicere

576 5491 734 5540 terra:
761 5494 983 5557 propter
1014 5499 1179 5554 opera
1211 5484 1498 5539 hominum
1530 5480 1593 5534 δ’.
1632 5497 1650 5531 ι
1679 5479 1747 5534 Ει
1782 5478 1947 5548 paulo
1970 5484 2091 5547 post
2130 5491 2145 5529 :

2257 4471 2517 4544 μανουὴλ,
2546 4473 2611 4526 δι’
2644 4470 2705 4528 οὗ
2738 4477 2832 4529 καὶ¹
2846 4479 2942 4548 τὴν
2972 4478 3335 4549 προσαγωγὴν
3361 4479 3673 4549 ἐσχήκαμεν
3691 4477 3838 4549 πρὸς

2250 4562 2339 4614 τὸν
2366 4563 2583 4636 Πατέρα
2618 4566 2710 4619 καλ
2737 4564 2889 4630 Θεὸν,
2919 4570 3012 4622 καὶ
3040 4571 3495 4642 ἀνεκαινίσθημεν
3522 4573 3656 4641 πρὸς
3684 4568 3750 4623 τὸ
3774 4570 3839 4622 tv

2252 4653 2466 4724 ἀρχαῖς,
2513 4655 2809 4728 λελυμένης
2860 4659 2962 4729 τῆς
3008 4661 3167 4732 ἀρᾶς,
3224 4662 3321 4732 τῆς
3372 4664 3464 4716 ἐπὶ
3497 4660 3573 4733 τῷ
3613 4676 3836 4734 πρωτο-

2254 4744 2478 4817 πλάστῳ
2504 4750 2667 4819 φημὶ,
2697 4750 2796 4821 ὅρα
2825 4750 2888 4821 δὴ
2929 4757 3042 4816 τοῖς
3069 4752 3271 4824 ἐφεξῆς
3298 4754 3705 4827 γεγραμμένοις
3728 4754 3839 4824 ἐμ·-

2255 4834 2486 4890 ϐαλεῖν.ι
2510 4837 2725 4906 Ἐπειδὴ
2743 4840 2851 4911 γὰρ
2877 4840 3168 4913 ἐξηράνθη,
3211 4844 3454 4913 »φησὶνμ
3487 4846 3519 4913 ή
3547 4841 3640 4912 γῆ,
3672 4840 3844 4913 ἐξῆλ-

2256 4927 2346 4981 θεν
2374 4929 2403 4980 6
2450 4929 2572 4982 Νῶε
2605 4933 2703 5001 τῆς
2749 4931 3006 4999 κιϐωτοῦ,
3055 4918 3389 5005 καὶςπάντες
3432 4937 3482 4989 οἱ
3533 4935 3629 4988 σὺν
3659 4934 3842 5006 αὐτῷ.

2257 5019 2366 5071 Καὶ
2398 5018 2735 5091 ᾠκοδόμησε,
2771 5042 2790 5074 ι
2809 5024 2964 5093 φησὶ,
2993 5044 3012 5077 ι
3041 5024 3423 5098 θυσιαστήριον
3456 5026 3533 5096 τῷ
3551 5024 3688 5096 Θεῷ.
3743 5026 3835 5079 καὶ

2252 5106 2441 5165 ἔλαϐεν
2476 5112 2584 5164 ἀπὸ
2622 5114 2838 5167 πάντων
2865 5116 2972 5169 τῶν
3017 5118 3227 5188 κτηνῶν
3272 5108 3381 5171 τῶν
3410 5117 3684 5189 καθαρῶν.
3743 5118 3843 5170 καὶ

2252 5202 2362 5255 ἀπὸ
2406 5202 2623 5257 πάντων
2651 5205 2758 5258 τῶν
2792 5208 3055 5262 πετεινῶν
3100 5209 3209 5263 τῶν
3241 5210 3517 5280 καθαρῶν,
3546 5209 3640 5261 καὶ
3671 5208 3850 5278 ἀνήν-

2251 5310 2412 5362 εγκεν
2450 5294 2852 5366 ὁλοκαρπὼσεις
2904 5300 2997 5352 ἐπὶ
3048 5302 3107 5354 τὸ
3136 5301 3537 5374 θυσιαστήριον.
3573 5297 3680 5351 Καὶ
3727 5297 3850 5350 tim-

2253 5381 2465 5453 φράνθη
2513 5385 2541 5435 6
2569 5383 2702 5448 Θεὸς
2744 5386 2918 5458 ὀσμὴν
2958 5389 3205 5455 εὐωδίας.
3253 5392 3362 5445 Kal.
3400 5386 3520 5444 εἷπε
3554 5385 3762 5457 Κύριος
3820 5385 3853 5435 ὁ

2251 5473 2382 5537 Θεὸς
2408 5473 2734 5546 διανοηθείςο
2760 5477 2834 5530 Οὐ
2858 5480 3153 5552 προσθήσω
3180 5482 3261 5536 ἔτι
3292 5475 3709 5553 καταράσασθαι
3737 5473 3853 5541 τὴν

644 5608 1107 5683 ’τίὲψξεπιε
1185 5609 1646 5679 “lJoan.n,l9.
1721 5604 2156 5669 "lTim.rv,l.
2223 5602 2675 5668 “Gen.vm,ﬂ.
2732 5603 3031 5683 "Ibid.l.
3114 5598 3561 5664 ιιιεει.χι.ιιι,ιο.
3637 5591 3849 5649 “Gen.

575 5694 691 5745 vm,
734 5679 921 5732 18-21.
