4050 6210
314 295 375 355 73
1321 291 1839 348 GLAPHYRORUM
1874 287 1941 348 IN
1981 290 2280 348 GENESIM
2324 291 2450 347 LIB.
2491 291 2559 346 ll.
3487 291 3558 346 74

315 416 403 486 γῆν
433 412 519 468 διὰ
549 413 619 467 τὰ
639 412 774 485 ἔργα
817 411 924 465 τῶν
959 408 1280 482 ἀνθρώπωνι
1301 410 1408 464 Καὶ
1439 409 1556 480 μεθ’
1587 409 1748 479 ἕτερα
1776 409 1878 463 πά-

1987 428 2004 458 ι
2039 406 2104 462 Et
2140 408 2421 464 benedixit
2463 407 2726 462 Dominus
2758 406 2902 461 Deus
2929 403 3042 461 Noe
3075 414 3131 460 et
3166 404 3292 461 ﬁliis
3329 407 3467 478 ejus,
3501 420 3557 463 et

312 508 403 560 λιψ
433 526 450 559 ι
486 508 598 560 Ka‘t
645 505 909 576 εὐλόγησε
962 503 1168 574 Κύριος
1215 504 1243 556 ὁ
1293 501 1424 565 Θεὸς
1462 502 1555 554 τὸν
1605 501 1749 564 Νῶε,
1786 501 1880 554 καὶ

312 598 420 660 τοὺς
464 598 615 660 υἱοὺς
641 594 827 658 αὐτοῦ,
873 593 970 647 καὶ
997 589 1150 646 εἷπεν
1188 593 1392 655 αὐτοῖς·
1425 591 1734 657 Δὺξάνεσθε
1788 592 1882 644 καὶ

312 688 656 759 πληθῦνεσθε,
693 687 788 741 καὶ
835 684 1161 757 πληρώσατε
1213 683 1310 755 τὴν
1343 683 1466 754 γῆν,
1499 683 1593 736 καὶ
1637 699 1880 736 κατακυ-

315 777 548 851 ριεύσατε
577 777 766 848 αὐτῆς,
794 775 889 830 καὶ
914 778 942 829 ὁ
959 775 1122 845 φόϐος
1150 772 1320 844 ὑμῶν,
1339 774 1434 826 κα)⁸
1455 773 1483 825 ὁ
1502 773 1701 843 τρόμος
1729 771 1880 825 ἔσται

311 871 394 924 ἐπὶ
417 871 552 922 πᾶσι
586 871 700 932 τοῖς
735 867 968 939 θηρίοις,
1001 867 1096 921 καὶ
1118 866 1212 920 ἐπὶ
1247 867 1380 918 πᾶσι
1407 867 1520 929 τοῖς
1541 866 1761 936 κτήνεσι
1781 867 1878 937 τῆς

310 963 420 1031 γῆς,
452 962 548 1014 καὶ
583 960 678 1013 ἐπὶ
721 959 900 1014 πάντα
933 958 1001 1012 τὰ
1042 957 1208 1029 δρνεα
1234 955 1328 1011 τοῦ
1353 955 1605 1028 οὐρανοῦ,
1642 956 1734 1008 καὶ
1788 955 1880 1007 ἐπὶ

313 1055 474 1107 πάντα
505 1052 574 1105 τὰ
629 1051 926 1120 κινούμενα
974 1049 1070 1103 ἐπὶ
1114 1052 1213 1120 τῆς
1260 1050 1384 1118 γῆς,
1417 1047 1513 1101 καὶ¹
1550 1047 1642 1100 ἐπὶ
1674 1045 1880 1109 πάντας

317 1146 428 1207 τοὺς
453 1143 640 1213 ἰχθύας
664 1145 762 1213 τῆς
788 1141 1067 1211 Θαλάσσης
1090 1157 1103 1172 ⁸
1130 1140 1236 1194 ὑπὸ
1262 1142 1450 1210 χεῖρας
1471 1139 1598 1209 ὑμῖν
1612 1137 1839 1193 δέδωκα.
1854 1157 1871 1188 ι

317 1235 510 1289 Οὐκοῦν
538 1236 628 1288 ὅτε
662 1233 888 1302 γέγονεν
927 1232 1085 1303 ἡμῶν
1115 1232 1405 1302 ἀρχιερεὺς
1434 1233 1463 1284 ό
1503 1229 1756 1301 Χριστὸς,
1786 1228 1880 1282 καλ⁸

310 1324 817 1397 προσεκομίσθημεν
866 1323 934 1377 δι’
967 1323 1134 1376 αὐτοῦ
1191 1323 1402 1394 νοητῶς
1446 1324 1525 1386 είς
1564 1323 1744 1394 ὀσμὴν
1791 1323 1880 1375 εὑ-

311 1419 464 1481 ωδίας
477 1417 559 1488 τῷ
574 1417 693 1487 Θεῷ
708 1416 807 1470 καὶ
829 1415 1027 1484 Πατρὶ,
1055 1415 1178 1468 τότε
1206 1416 1302 1468 καὶ
1324 1414 1721 1486 εὐμενείαςτῆς
1749 1415 1877 1485 παρ’

313 1509 472 1563 αὐτοῦ
505 1509 767 1572 πλουσίως
817 1505 1120 1577 ἠξιώμεθα,
1165 1507 1260 1560 καὶ
1303 1505 1525 1576 βεϐαίαν
1565 1507 1880 1578 ἐσχήκαμεν

311 1602 408 1673 τὴν
441 1600 714 1662 ὑπόθεσιν,
757 1597 853 1652 τοῦ
911 1597 1114 1670 μηκέτι
1175 1596 1296 1650 καθ’
1325 1596 1483 1667 ήμῶν
1534 1598 1749 1667 ἰσχῦσαι
1790 1597 1879 1650 τὸν

313 1694 556 1748 Θάνατον.
603 1691 839 1746 Λέλνται
882 1690 977 1744 καὶ
1023 1689 1092 1743 τὰ
1125 1688 1185 1756 ἐξ
1223 1689 1413 1760 ὀργῆς,
1463 1687 1669 1758 οἴχεται
1701 1687 1759 1741 δέ
1788 1705 1879 1742 ποι

1981 499 2119 553 dixit
2156 500 2238 554 eis
2274 509 2286 551 ‘:
2320 499 2563 554 Crescite
2611 507 2666 553 et
2708 496 3148 568 multiplicamini
3172 526 3188 558 ,
3223 506 3279 551 et
3337 498 3556 568 implete

1983 599 2215 655 terram,
2261 599 2318 645 et
2357 590 2712 645 dominamini
2754 582 2890 661 ejus.
2949 590 3018 644 Et
3056 588 3222 644 timor
3253 597 3466 654 vester,
3502 599 3560 646 et

1984 691 2186 737 tremor
2209 692 2390 738 vester
2405 683 2511 738 erit
2538 698 2703 753 super
2726 697 2916 738 omnes
2937 681 3158 746 bestias,
3174 691 3231 739 et
3260 697 3426 752 super
3444 698 3560 736 om-

1980 777 2070 830 nia
2090 777 2344 831 animalia
2375 785 2551 843 teme,
2575 785 2630 831 et
2651 791 2816 846 super
2839 791 3030 831 omnes
3050 791 3178 830 aves
3201 775 3344 841 coeli,
3368 785 3424 831 et
3444 791 3560 830 om-

1980 883 2079 923 nes
2100 868 2279 938 pisces
2297 868 2464 922 maris
2481 869 2584 923 sub
2599 868 2853 922 manibus
2867 867 3024 922 Vobis
3045 867 3172 922 dedi
3194 867 3258 922 ⁸³.
3289 886 3307 918 ι
3331 866 3560 933 Quando

1981 960 2163 1030 itaque
2197 961 2373 1016 lhctus
2401 969 2486 1015 est
2521 968 2709 1015 noster
2739 959 2983 1030 pontifex
3009 958 3283 1024 Christus,
3307 969 3363 1014 et
3391 959 3560 1013 oblati

1981 1065 2172 1108 sumus
2204 1060 2304 1123 per
2331 1054 2508 1123 ipsum
2544 1053 2906 1122 spiritualiter
2939 1051 2993 1105 in
3026 1051 3252 1106 odorem
3278 1051 3562 1107 suavitatis

1980 1145 2092 1200 Deo
2126 1160 2189 1198 ac
2221 1145 2394 1210 Patri,
2431 1153 2560 1199 tunc
2599 1145 2765 1199 etiam
2803 1144 3159 1214 benignitatis
3195 1144 3314 1215 ejus
3352 1144 3559 1199 aﬁ‘atim

1981 1251 2174 1290 sumus
2206 1236 2501 1306 participes
2529 1235 2708 1290 eﬁ‘eeti
2733 1277 2746 1299 ,
2784 1236 3106 1305 ﬁrmamque
3140 1237 3557 1306 promissionem

1980 1328 2146 1391 nacti,
2183 1335 2416 1382 mortem
2449 1343 2559 1381 non
2592 1327 2827 1397 amplius
2858 1327 2913 1381 in
2941 1342 3040 1381 nos
3077 1327 3368 1397 imperium
3405 1328 3560 1382 habi-

1981 1427 2180 1474 turam.
2207 1420 2422 1476 Abolita
2455 1421 2620 1475 etiam
2657 1429 2786 1475 sunt
2815 1436 2899 1484 ea,
2935 1436 3056 1490 qua:
3088 1421 3262 1491 ipsius
3291 1421 3428 1476 iram
3463 1436 3557 1477 co-

1980 1512 2264 1576 mitantur,
2284 1520 2340 1566 et
2362 1514 2566 1568 veteris
2587 1514 2734 1569 illius
2755 1515 3156 1569 maledictionis
3175 1514 3408 1570 effectus
3431 1515 3561 1570 sub-

1981 1601 2093 1655 lati.
2139 1602 2419 1657 Benedicti
2455 1604 2603 1658 enim
2637 1620 2827 1658 sumus
2863 1605 2919 1658 in
2962 1605 3203 1669 Christo,
3264 1621 3362 1675 per
3394 1622 3559 1675 quem

1980 1703 2036 1748 et
2071 1693 2124 1748 in
2156 1710 2266 1764 quo
2302 1696 2414 1750 Deo
2455 1712 2519 1751 ac
2558 1697 2705 1752 Patri
2737 1697 2908 1767 gloria
2947 1712 3073 1752 cum
3117 1705 3308 1753 sancto
3349 1697 3558 1769 Spiritu

310 1785 492 1839 καὶτὰ
524 1786 592 1838 ἐκ
631 1783 730 1854 τῆς
773 1783 1009 1855 ἀρχαίας
1056 1782 1196 1852 ἀρᾶς
1223 1781 1458 1852 ἐκείνης.
1511 1779 1874 1850 Ηύλογήμεθα

1986 1787 2038 1841 in
2075 1789 2271 1843 saecula
2307 1790 2649 1845 saeculorum.
2697 1790 2888 1844 Amen.

307 1878 412 1950 γὰρ
439 1880 495 1932 ὲν
527 1877 770 1948 Χριστῷ,
805 1876 874 1929 δι’
930 1866 992 1928 οῦ
1053 1875 1149 1928 καὶ
1185 1871 1305 1944 μεθ’
1332 1865 1394 1926 οὗ
1421 1871 1498 1942 τῷ
1527 1870 1646 1940 Θεῷ
1690 1872 1866 1943 Πατρὶ
1913 1875 1945 1946 ἡ
1983 1878 2128 1945 δόξα,
2156 1881 2254 1934 σὺν
2300 1880 2375 1951 τῷ
2419 1881 2560 1952 ἁγίῳ
2611 1881 2888 1952 Πνεῦματι
2934 1884 3014 1948 είς
3057 1885 3178 1948 τοὺς
3211 1878 3412 1950 αίῶνας
3447 1886 3560 1939 τῶν

306 1972 534 2028 ιίὼνων.
585 1971 777 2037 Ἀμήν.

371 2106 511 2176 Περὶ
541 2104 655 2174 τῆς
698 2104 1064 2176 τυμγώσεως
1101 2097 1210 2158 τοῦ
1244 2101 1371 2158 Νῶε
1406 2098 1502 2156 καί
1519 2093 1626 2156 τοῦ
1661 2097 1806 2171 Χάμ.

374 2221 444 2277 α’.
471 2216 1025 2290 Συμπεπερασμένων
1060 2215 1315 2270 ἁπάντων
1344 2214 1452 2268 τῶν
1480 2213 1572 2266 ἐπὶ
1606 2215 1671 2284 τῇ
1718 2211 1881 2265 κιϐω-

307 2310 404 2381 τῷ,
429 2311 523 2362 καὶ
570 2307 958 2379 παρῳχηκότος
1009 2307 1106 2376 μὲν
1135 2304 1229 2358 τοῦ
1265 2301 1670 2373 κατακλυσμοῦ,
1711 2318 1884 2371 γηπο-

311 2400 518 2464 νοῦντος
541 2399 599 2452 δὲ
623 2398 722 2473 ᾕδη
763 2395 859 2450 τοῦ
890 2395 1035 2461 Νῶε,
1065 2394 1186 2449 τίνα
1209 2393 1272 2465 δὴ
1305 2393 1413 2465 ἄρα
1435 2393 1505 2446 τὰ
1534 2395 1592 2446 ὲν
1609 2391 1757 2462 αὐτῷ
1787 2409 1884 2444 πε-

313 2491 597 2563 πραγμένα
630 2489 782 2561 παρά
811 2487 906 2542 τοῦ
957 2487 1107 2556 Χὰμ,
1168 2484 1689 2557 πολυπραγμονήσει
1723 2481 1883 2537 πάλιν

313 2584 440 2654 ἡμῖν
469 2585 498 2636 ό
548 2581 727 2650 λόγος.
799 2577 1113 2632 Ἀναπείσει
1163 2575 1272 2646 γὰρ
1328 2573 1392 2646 δὴ
1446 2577 1572 2638 τοὺς
1618 2574 1776 2646 οἵπερ
1817 2573 1883 2627 ἂν

313 2677 512 2730 ἕλοιντο
537 2672 774 2728 διαϐιοῦν
803 2664 1040 2742 ἐννόμως
1060 2671 1157 2740 τῆς
1182 2669 1262 2731 είς
1287 2667 1413 2731 τοὺς
1440 2666 1682 2738 πατέρας
1705 2664 1884 2730 αἰδοῦς

311 2766 460 2822 οὐδὲν
491 2758 551 2818 τὸ
585 2763 846 2835 παράπαν
883 2759 1130 2832 ἡγεῖσθαι
1175 2754 1510 2821 ίσοστατοῦν,
1549 2756 1644 2808 καὶ
1687 2772 1886 2826 παραι-

309 2859 514 2912 τεῖσθαι
544 2855 730 2925 σαφῶς
756 2853 831 2917 ὥς
856 2871 908 2906 τι
947 2851 1056 2905 τῶν
1101 2848 1532 2920 σφαλερωτάτων
1561 2847 1620 2900 τὸ
1661 2847 1802 2901 κατά
1833 2863 1884 2900 τι

309 2955 436 3023 γοῦν
489 2953 626 3016 ὅλως
660 2949 966 3019 ὲπιμειδιᾷν
997 2948 1200 3011 αὐτοῖς,
1234 2945 1339 2999 κᾶν
1367 2945 1419 2998 εί
1460 2941 1553 2997 τοῦ
1585 2942 1886 3015 πρέποντος

311 3046 413 3113 εεω
469 3044 724 3114 φέροιντο
779 3040 952 3112 βραχὺ
1000 3037 1121 3102 ταῖς
1163 3037 1262 3108 τῆς
1314 3036 1529 3106 φύσεως
1580 3035 1886 3100 ἀσθενείαις

311 3133 752 3208 ὕπενηνεγμένοι.
794 3134 917 3187 Ὅτι
960 3132 1070 3204 γὰρ
1120 3133 1315 3187 σεπτὸν
1363 3133 1452 3188 ἀεί
1484 3132 1600 3198 πώς
1632 3134 1748 3186 ἐστι
1778 3131 1886 3185 τῶν

308 3225 508 3296 γονέων
536 3225 596 3277 τὸ
626 3223 833 3295 χρῆμα,
865 3222 959 3275 καὶ
988 3221 1152 3286 αὐτὸς
1178 3225 1206 3276 ὁ
1231 3221 1370 3287 θεῖος
1402 3223 1551 3293 ἡμᾶς
1578 3220 1887 3275 ὲκπαιδεύει

2334 2091 2410 2156 De
2453 2103 2739 2158 nudatione
2785 2105 2894 2158 Noe
2935 2115 2982 2158 et
3022 2104 3206 2162 Citam.

2057 2214 2108 2267 l.
2149 2213 2393 2268 Peractis
2436 2214 2694 2269 omnibus
2733 2229 2853 2283 quae
2896 2214 2962 2269 ad
3019 2230 3202 2270 aream
3253 2219 3558 2287 pertinent,

1985 2319 2218 2374 cumque
2245 2306 2355 2376 jam
2389 2314 2657 2360 cessasset
2695 2306 2986 2370 diluvium,
3017 2318 3073 2361 et
3105 2306 3220 2362 Noe
3259 2308 3560 2378 agricultu-

1984 2411 2099 2451 ram
2137 2408 2435 2462 exerceret,
2461 2379 2710 2468 quaenam
2734 2398 2837 2468 ipsi
2867 2415 2898 2453 a
2929 2398 3099 2454 Cbam
3129 2400 3429 2457 acciderint
3463 2403 3563 2458 ite‘»

1986 2504 2106 2543 rum
2141 2489 2501 2560 inquiramus.
2548 2491 2730 2546 Facile
2766 2492 2912 2546 enim
2950 2509 3018 2548 ex
3057 2493 3122 2549 iis
3163 2495 3560 2562 intelleXerint,

1985 2581 2080 2652 qui
2099 2582 2336 2652 legitime
2356 2583 2522 2636 vitam
2545 2582 2832 2638 instituere
2852 2584 3042 2650 velint,
3064 2585 3201 2640 nihil
3222 2587 3446 2643 omnino
3468 2604 3566 2643 an-

1988 2671 2217 2742 tiquius,
2246 2682 2341 2728 aut
2379 2674 2534 2744 prius
2565 2674 2900 2742 habendum,
2937 2693 3101 2747 quam
3125 2691 3383 2748 parentes
3404 2697 3562 2736 revea

1987 2765 2120 2830 reri,
2157 2765 2584 2836 fugiendumque
2622 2776 2878 2837 tanquam
2912 2770 3136 2823 noxium
3167 2771 3437 2840 imprimis
3470 2785 3565 2828 eos

1987 2871 2312 2926 quacunque
2354 2857 2565 2914 ratione
2599 2857 2857 2922 irridere,
2899 2859 3113 2914 etiamsi
3169 2876 3564 2932 nonnunquam

1987 2949 2056 3004 ab
2077 2963 2144 3004 eo
2163 2948 2309 3018 quod
2331 2964 2428 3018 par
2445 2955 2530 3003 est
2568 2965 2678 3018 prae
2706 2956 2914 3005 natura:
2938 2966 3049 3005 suae
3076 2943 3449 3010 imbecillitate
3471 2957 3566 3011 de-

1988 3041 2226 3096 ﬂectunt.
2252 3038 2407 3105 Quod
2425 3039 2574 3093 enim
2591 3040 2875 3095 veneratio
2895 3057 3104 3096 summa
3131 3045 3452 3112 parentibus
3472 3049 3567 3102 de-

1988 3132 2204 3197 beatur,
2244 3131 2360 3202 ipsa
2386 3132 2551 3186 etiam
2576 3131 2760 3186 divina
2789 3133 2876 3187 lex
2909 3148 3010 3187 nos
3042 3134 3220 3190 docet.
3243 3135 3380 3191 Cum
3418 3139 3565 3193 enim

1988 3219 2144 3290 prius
2185 3220 2538 3290 praecepisset
2572 3236 2742 3276 unum
2783 3237 2847 3277 ac
2883 3231 3078 3278 natura
3127 3226 3298 3280 Deum
3333 3243 3402 3282 ex
3455 3237 3566 3284 tota

307 3316 490 3386 νόμος
529 3312 898 3384 προεπιτάξας
931 3312 1040 3384 γὰρ
1063 3311 1170 3365 δεῖν
1204 3311 1263 3377 ἐξ
1290 3311 1418 3382 ὅλης
1442 3311 1618 3383 ψυχῆς
1638 3312 1732 3365 καὶ
1751 3315 1882 3382 καρ-

1990 3311 2173 3366 anima
2204 3321 2260 3367 et
2279 3311 2445 3367 corde
2468 3313 2761 3367 amandum
2791 3329 2912 3369 esse
2944 3332 2956 3367 :
2989 3334 3006 3366 ι
3043 3316 3281 3383 Honora,
3310 3338 3328 3371 ι
3365 3320 3563 3391 inquit,

308 3404 423 3472 δίας
449 3407 542 3461 τὸν
577 3400 673 3459 ’ἕνα
711 3423 772 3460 τε
825 3405 918 3459 καὶ
945 3405 1104 3474 φύσει
1143 3403 1273 3458 Θεδν
1310 3404 1554 3474 ἀγαπᾷν,
1589 3422 1607 3454 ι
1649 3402 1816 3474 Τίμα,
1857 3420 1878 3453 ι

311 3502 466 3572 φησι,
513 3521 533 3554 ι
562 3499 653 3554 τὸν
685 3499 895 3571 πατέρα
933 3516 1049 3562 σου,
1088 3499 1182 3552 καὶ
1215 3497 1426 3570 μητέρα
1457 3509 1574 3562 σου,
1606 3497 1691 3549 ἵνα
1716 3491 1774 3550 εὖ
1803 3511 1888 3548 σοι

308 3595 558 3664 γένηται,
591 3592 687 3645 καὶ
723 3590 821 3662 ἔσῃ
858 3590 1156 3662 μακρόϐιος
1199 3588 1292 3643 ὲπὶ
1325 3589 1427 3658 τῆς
1465 3590 1587 3658 γῆς.
1629 3605 1648 3640 ι
1695 3587 1783 3640 Ἐν
1807 3587 1887 3640 εί·-

310 3686 426 3739 κόνι
455 3687 568 3756 γὰρ
602 3681 791 3754 ὥσπερ
824 3681 920 3736 mi.
933 3683 991 3735 ἐν
1027 3681 1256 3752 μιμήσει
1279 3679 1413 3733 Θεοῦ
1448 3677 1887 3747 καταλογισθεῖεν

308 3773 372 3831 ἂν
412 3777 465 3829 οἱ
503 3774 911 3845 γεγεννηκότες.
955 3790 974 3823 ι
999 3769 1284 3842 Μνήσθητι
1309 3768 1437 3840 γὰρ,
1478 3788 1496 3820 ι
1544 3769 1730 3838 φησὶν,
1765 3768 1887 3821 «ὅτι

307 3867 374 3923 δι’
387 3867 569 3923 αὐτῶν
583 3862 1123 3938 ὲγεννήθης.›Ταύτῃ
1134 3879 1217 3916 τοι
1235 3858 1395 3916 πάλιν
1418 3861 1633 3933 φησὶν,‹
1655 3858 1882 3929 Ὀφθαλ-

311 3963 412 4034 μὸν
473 3957 864 4028 καταγελῶντα
895 3956 1123 4028 πατρὸς,
1174 3955 1271 4008 καὶ
1324 3946 1656 4024 ἀτιμάζοντα
1708 3952 1886 4022 γῆρας

313 4053 570 4124 μητέρος,
595 4051 927 4122 ἐκκόψαισαν
949 4047 1110 4101 αὑτὸν
1148 4042 1382 4118 κόρακες
1427 4043 1492 4098 ὲκ
1529 4043 1636 4099 τῶν
1670 4042 1886 4113 φαράγ-

307 4160 446 4210 γων.
475 4161 495 4192 ι
549 4141 673 4195 Ὀτι
699 4138 878 4192 τοίνυν
910 4136 1004 4191 καὶ
1025 4138 1082 4190 ἐν
1115 4132 1224 4208 ἀρᾷ
1275 4135 1371 4189 καὶ
1417 4135 1542 4206 δίκῃ
1572 4134 1634 4187 τὸ
1665 4133 1740 4204 μὴ
1775 4130 1887 4187 δεῖν

306 4233 520 4288 οἴεσθαι
557 4233 722 4303 τιμᾷν
763 4227 1029 4301 πατέρας,
1065 4229 1156 4282 καὶ
1198 4227 1305 4300 μὴν
1331 4227 1423 4280 καὶ
1448 4224 1628 4289 αἰδοῦς
1669 4225 1888 4295 ἀπάσης

305 4323 523 4392 ἀξιοῦν,
577 4320 673 4377 καὶ
729 4319 819 4376 διά.
867 4339 930 4391 γε
987 4319 1082 4374 τοῦ
1131 4318 1260 4390 Χάμ
1297 4317 1566 4389 ἀναμάθοι
1586 4334 1671 4381 τις
1698 4315 1764 4371 ἂν
1792 4316 1887 4370 καὶ

300 4420 431 4472 λίαν
463 4411 719 4480 εὐκόλως.
777 4435 795 4467 ι
822 4411 1004 4468 Ἦσαν
1038 4413 1162 4485 γὰρ,
1195 4431 1214 4464 ι
1249 4412 1432 4482 φησὶν,
1490 4431 1508 4463 ι
1541 4413 1591 4465 οἱ
1625 4411 1730 4464 υίοὶ
1762 4410 1886 4465 Νῶε

299 4512 352 4564 οἱ
387 4509 702 4574 ἐξελθόντες
761 4507 824 4558 ὲκ
873 4505 974 4574 τῆς
1005 4502 1257 4568 κιϐωτοῦ,
1293 4501 1433 4573 Σὴμ,
1468 4502 1619 4572 Χάμ,
1680 4499 1884 4570 Ἰάφεθ.

298 4603 442 4673 Χὰμ
469 4601 525 4655 δὲ
551 4595 619 4670 ἦν
647 4598 826 4670 πατὴρ
859 4597 1098 4651 Χαναάν.
1144 4595 1304 4664 Τρεῖς
1351 4588 1496 4647 οῦτοί
1521 4595 1660 4647 εἰσιν
1694 4593 1744 4647 οἱ
1781 4593 1886 4647 υίοὶ

1997 3423 2016 3456 ι
2057 3412 2268 3474 patrem
2308 3413 2464 3460 tuum
2497 3413 2553 3460 et
2580 3413 2810 3460 matrem
2850 3413 3017 3471 tuam,
3064 3417 3125 3462 ut
3158 3409 3297 3465 bene
3332 3412 3404 3467 sit
3442 3415 3563 3482 tibi,

1988 3505 2045 3551 et
2076 3494 2154 3550 sis
2186 3496 2465 3567 longaevus
2501 3511 2666 3566 super
2704 3505 2907 3551 terram
2948 3497 3012 3551 “.
3059 3518 3077 3550 ι
3117 3500 3379 3558 Parentes
3416 3506 3564 3560 enim

1989 3583 2162 3639 Deum
2197 3584 2502 3650 imitantur,
2541 3585 2769 3654 ejusque
2800 3585 3090 3656 imaginem
3131 3604 3241 3658 pra:
3273 3605 3330 3645 se
3357 3591 3563 3649 ferunt.

1987 3673 2095 3746 42
2139 3693 2157 3727 ι
2199 3675 2492 3741 Memento,
2536 3694 2555 3726 ι
2607 3675 2806 3746 inquit,
2846 3696 2864 3727 ι
2907 3678 3053 3747 quod
3091 3695 3190 3748 per
3229 3681 3376 3750 ipsos
3407 3695 3567 3741 natus

1989 3767 2066 3824 sis
2087 3768 2152 3822 ⁸⁸.
2187 3787 2206 3820 ›
2249 3765 2458 3824 Idcirco
2487 3785 2700 3824 rursum
2727 3771 2804 3824 ait
2845 3788 2858 3823 :
2898 3789 2915 3821 ι
2945 3770 3196 3837 Oculum,
3225 3775 3321 3843 qui
3353 3776 3568 3833 deridet

1989 3867 2222 3930 patrem,
2243 3869 2300 3915 et
2327 3861 2421 3931 qui
2449 3860 2743 3915 inhonorat
2770 3870 3106 3916 senectutem
3137 3866 3348 3929 matris,
3370 3877 3566 3924 eruunt

1988 3968 2115 4008 eum
2154 3953 2305 4008 corvi
2336 3952 2404 4006 de
2437 3952 2776 4006 convallibus
2820 3953 2884 4005 “.
2922 3971 2941 4003 ι
2971 3952 3127 4018 Quod
3168 3954 3352 4024 itaque
3391 3959 3564 4015 male-

1990 4044 2159 4098 dictio
2191 4052 2248 4098 et
2289 4042 2618 4112 supplicium
2648 4042 2916 4098 debeatur
2962 4044 3028 4099 iis
3061 4046 3155 4115 qui
3202 4047 3466 4104 honorem
3501 4067 3569 4109 ac

1989 4133 2352 4189 reverentiam
2386 4132 2707 4202 parentibus
2743 4133 3025 4204 derogant,
3057 4152 3154 4206 per
3193 4136 3362 4192 Cham
3399 4141 3564 4197 etiam

1988 4224 2148 4280 facile
2178 4225 2302 4295 quis
2332 4223 2614 4295 intelligat.
2650 4243 2668 4276 ‹
2714 4225 2884 4298 Erant
2922 4227 3090 4292 enim,
3129 4247 3146 4279 ι
3182 4228 3378 4299 inquit,
3411 4251 3428 4282 ι
3469 4234 3567 4289 ﬁlii

1988 4310 2123 4382 Noe,
2147 4316 2240 4386 qui
2267 4317 2471 4388 egressi
2501 4323 2629 4371 sunt
2656 4333 2724 4371 ex
2755 4333 2903 4383 arca,
2935 4318 3561 4391 Sem,Cham,Japheth.

1989 4397 2160 4461 Cham
2186 4414 2369 4460 autem
2408 4414 2528 4460 erat
2562 4408 2716 4474 pat‘er
2741 4404 3018 4461 Chanaan.
3053 4407 3188 4462 Tres
3219 4408 3279 4461 hi
3310 4421 3439 4466 sunt
3469 4413 3566 4468 ﬁlii

1988 4499 2123 4554 Noe.
2159 4498 2242 4553 Ab
2270 4498 2356 4552 his
2381 4497 2716 4552 disseminati
2748 4506 2876 4552 sunt
2914 4512 3078 4568 super
3108 4500 3417 4557 universam
3455 4513 3565 4561 tere

1991 4606 2130 4645 ram.
2163 4583 2230 4646 Et
2253 4582 2419 4661 ecepit
2454 4581 2568 4645 Noe
2599 4590 2764 4645 homo
2798 4590 3036 4662 agricola
3065 4601 3244 4659 terra},
3271 4603 3327 4649 et
3353 4597 3566 4666 planta-

296 4696 458 4750 Νῶε.
504 4693 636 4746 Ἀπὸ
668 4690 872 4746 τούτων
903 4688 1277 4759 διεσπάρησαν
1309 4687 1403 4740 ἐπὶ
1438 4687 1617 4740 πασᾶν
1636 4685 1734 4757 τὴν
1759 4687 1882 4756 γῆν.

1990 4673 2070 4759 v‘it
2086 4676 2322 4749 vineam,
2352 4691 2408 4738 et
2434 4681 2575 4736 bibit
2594 4682 2662 4737 de
2683 4683 2831 4748 vino,
2855 4691 2912 4737 et
2935 4681 3238 4738 inebriatus
3255 4695 3358 4751 est,
3384 4696 3440 4740 et
3461 4704 3565 4742 nu-

296 4788 416 4840 Καὶ
460 4784 664 4856 ἤρξατο
709 4782 832 4835 Νῶε
869 4780 1150 4853 ἄνθρωπος
1181 4779 1422 4850 γεωργὸς
1458 4769 1580 4850 γῆς,
1625 4781 1718 4832 καὶ
1750 4777 1882 4848 ἐφύ-

291 4891 500 4927 τευσεν
538 4872 854 4944 ἀμπελῶνα,
886 4871 980 4924 καὶ
1024 4869 1172 4923 ἔπιεν
1214 4867 1278 4922 ὲκ
1302 4865 1395 4921 τοῦ
1429 4865 1594 4935 οίνου,
1627 4867 1724 4922 καὶ
1753 4870 1881 4939 ὲμε-

291 4964 506 5034 θύα-6η,
543 4964 634 5016 καὶ¹
685 4961 973 5032 ἐγυμνώθη
1025 4959 1082 5013 ὲν
1131 4960 1208 5029 τῷ
1234 4956 1366 5029 οἴκῳ
1403 4958 1589 5012 αὐτοῦ’
1631 4959 1724 5012 καὶ
1773 4950 1880 5013 εἶδε

288 5056 439 5126 Χάμ
463 5057 491 5106 ό
517 5054 696 5125 πατὴρ
715 5053 935 5106 Χαναὰν
960 5049 1058 5123 τὴν
1089 5045 1368 5121 γύμνωσιν
1412 5050 1504 5103 τοῦ
1538 5051 1748 5122 πατρὸς
1780 5052 1880 5105 αὖ·

284 5147 417 5210 τοῦ,
465 5147 559 5199 καὶ
595 5143 818 5210 ἐξελθὼν
839 5142 1129 5215 ἐπήγγειλε
1153 5145 1263 5204 τοῖς
1288 5142 1536 5210 ἀδελφοῖς
1562 5143 1726 5196 αὐτοῦ
1756 5143 1878 5208 ἔξω.

287 5239 415 5292 Καὶ
447 5236 706 5300 λαϐόντες
741 5235 860 5307 Σὴμ
885 5236 979 5290 καὶ
1039 5231 1217 5305 Ἰάφεο
1244 5232 1307 5288 τὸ
1356 5234 1590 5305 ἱμάτιον,
1628 5229 1884 5287 ἐπέθεντο

285 5328 391 5381 ἐπὶ
418 5327 494 5380 τὰ
521 5325 613 5379 δύο
644 5326 789 5380 νῶτα
819 5327 1016 5393 αὐτῶν,
1053 5326 1146 5380 καὶ
1185 5321 1560 5398 ἐπορεύθησαν
1584 5324 1884 5394 ὁπισθοφα-

280 5421 428 5483 νῶς,
461 5420 559 5472 καὶ⁵
594 5417 966 5487 συνεκάλυψαν
1004 5417 1102 5488 τὴν
1136 5415 1413 5488 γύμνωσιν
1433 5415 1526 5471 τοῦ
1562 5415 1766 5487 πατρὸς
1789 5415 1887 5469 αὺ-

279 5510 430 5576 τῶν,
473 5512 568 5564 καὶ
592 5507 654 5563 τὸ
687 5506 976 5582 πρόσωπον
1003 5508 1180 5564 αὐτῶν
1232 5505 1610 5579 ὁπισθοφανὲς,
1656 5507 1750 5562 καὶ
1787 5507 1886 5576 τὴν

1990 4748 2150 4830 ὡλιιιε
2188 4783 2273 4830 est
2301 4775 2358 4828 in
2395 4774 2557 4829 domo
2587 4789 2685 4830 sua
2730 4791 2743 4826 :
2783 4781 2840 4828 et
2871 4774 3010 4829 vidit
3039 4775 3209 4830 Cham
3239 4748 3394 4846 pater
3420 4778 3564 4834 Cha-

1990 4883 2130 4922 naan
2177 4851 2480 4922 nuditatem
2522 4867 2693 4936 patris
2740 4866 2859 4931 sui,
2907 4874 2963 4921 et
2997 4881 3248 4938 egressus
3292 4869 3564 4926 nuntiavit

1991 4960 2206 5015 duobus
2243 4958 2504 5013 fratribus
2537 4958 2652 5013 suis
2692 4976 2705 5012 :
2741 4966 2797 5013 et
2840 4957 3170 5027 accipientes
3205 4958 3329 5013 Sem
3376 4968 3432 5013 et
3467 4960 3561 5016 Ja-

1991 5052 2161 5122 pheth
2192 5050 2417 5120 pallium
2444 5049 2823 5119 imposuerunt
2849 5064 3014 5118 super
3029 5048 3137 5102 duo
3157 5043 3316 5102 dorsa
3347 5063 3562 5113 eorum,

1989 5150 2045 5198 et
2072 5142 2412 5196 incesserunt
2437 5149 2765 5207 retrorsum,
2795 5149 2850 5197 et
2888 5149 3226 5211 operuerunt
3257 5140 3562 5196 nuditatem

1988 5231 2159 5302 patris
2188 5230 2273 5286 sui
2315 5248 2327 5284 :
2358 5229 2633 5301 faciesque
2671 5245 2858 5286 eorum
2884 5243 3088 5283 aversae
3114 5237 3290 5295 erant,
3312 5239 3369 5286 et
3390 5232 3564 5300 patris

1989 5321 2292 5399 nuditatem
2344 5338 2454 5377 non
2497 5323 2773 5377 viderunt.
2817 5321 3106 5391 Evigilavit
3146 5331 3331 5378 autem
3371 5323 3485 5377 Noe
3528 5337 3562 5378 α

1987 5413 2136 5476 vino,
2158 5420 2214 5466 et
2241 5413 2494 5482 cognovit
2515 5426 2854 5482 quaecunque
2880 5411 3009 5467 fecit
3032 5413 3084 5468 ei
3112 5412 3256 5468 ﬁlius
3279 5413 3484 5484 junior,
3505 5422 3563 5468 et

1989 5505 2065 5560 ait
2107 5521 2119 5558 :
2164 5501 2482 5559 Maledictus
2518 5504 2806 5572 Chanaan,
2840 5519 3031 5562 servus
3076 5504 3408 5564 domesticus
3450 5503 3564 5561 erit

401 5685 465 5721 δθ
487 5687 626 5745 Gen.
660 5704 734 5752 ix,
766 5687 818 5751 1,
847 5687 900 5741 2.
966 5686 1009 5716 ’⁸⁵
1031 5685 1202 5741 Exod.
1228 5704 1317 5754 xx,
1341 5687 1431 5744 21.
1499 5687 1547 5722 "
1568 5685 1750 5745 Ecclea
1778 5697 1871 5756 vn,

2063 5684 2107 5718 "°
2133 5685 2293 5743 Prov.
2329 5699 2454 5752 xxx,
2505 5683 2601 5761 l7.

627 5779 900 5841 PATROL.
945 5778 1060 5839 Gn.
1105 5778 1306 5842 LXIX.
