4050 6210
462 338 549 397 ’75
1510 328 1589 385 S.’
1608 326 1885 385 CYRILLI
1924 324 2057 386 ΜΕ

2162 324 2395 384 ΝΒΒΙΝΙ
2434 326 2751 387 ARClllEP.
3678 343 3748 402 76

474 457 735 517 fratribus
756 454 889 521 suis,
906 462 962 509 et
980 454 1057 508 ait
1082 471 1092 505 :
1116 450 1446 507 Benedictus
1460 449 1727 503 Dominus
1746 450 1889 504 Deus
1909 448 2057 513 Scm,

2163 450 2444 519 γύμνωσιν
2489 450 2582 503 τοῦ
2630 449 2837 521 πατρὸς
2892 451 2993 505 οὐκ
3042 447 3202 510 εἶδον.
3241 453 3494 526 Ἐξένηψε
3529 458 3586 512 δέ
3624 459 3747 514 Νῶε

472 542 655 600 cterit
682 542 940 599 Chanaan
980 555 1173 594 servus
1211 539 1350 609 ejus.
1384 538 1582 595 Dilatet
1614 539 1759 594 Deus
1797 539 2054 608 Japheth,

466 644 527 690 'et
560 634 770 689 habitet
802 634 856 688 in
902 632 1155 688 tentoriis
1183 629 1331 697 Sem,
1358 641 1415 688 et
1453 630 1547 687 fiat
1572 630 1832 687 Chanaan
1866 646 2058 686 servus

471 728 590 797 ejus
614 728 689 779 ".‘
717 745 736 778 ι
766 725 880 780 Noe
911 725 1060 780 enim
1084 739 1208 779 cum
1243 723 1459 778 vineam
1488 722 1804 793 plantasset,
1836 721 1951 777 suis
1974 721 2055 776 la-

470 817 702 873 boribus
738 815 989 880 vacabat,
1026 822 1188 885 atque
1215 813 1406 868 ebrius
1432 820 1629 882 praeter
1674 826 1885 867 morem
1920 811 2055 866 etle-

469 919 594 966 ctus
607 916 711 964 est.
733 906 898 977 Atqui
925 906 1203 977 inopinata
1234 903 1499 959 ebrietate
1527 911 1813 972 correptus
1839 909 1944 966 est,
1969 901 2056 955 in-

469 1003 618 1057 scius
643 1008 808 1069 atque
833 998 1153 1069 imprudens
1185 996 1436 1052 detectus
1459 1002 1564 1061 est,
1596 994 1744 1049 domi
1777 1000 1834 1049 et
1858 1007 1889 1048 a
1916 993 2058 1047 mul-

469 1095 540 1148 tis
573 1107 684 1147 non
714 1091 884 1146 visus.
916 1091 1015 1145 Hic
1040 1106 1170 1145 vero
1200 1103 1397 1160 parum
1433 1102 1579 1143 sanae
1595 1087 1824 1150 mentis,
1860 1084 2054 1152 Cham,

467 1186 712 1255 inquam,
745 1198 813 1239 ex
846 1182 1144 1253 spectaculi
1169 1181 1516 1237 deformitate
1542 1180 1687 1236 risus
1711 1178 2056 1234 occasionem
2085 1224 2093 1237 ί

467 1276 726 1348 captavit,
758 1290 939 1345 neque
964 1274 1141 1330 solum
1164 1290 1276 1330 non
1298 1274 1528 1338 obtexit,
1552 1281 1718 1342 atque
1740 1286 1901 1342 opem
1934 1270 2059 1326 tulit

467 1368 615 1439 patri
640 1383 761 1432 suo,
795 1382 960 1437 quem
986 1365 1176 1420 vinum
1215 1365 1423 1421 vicerat
1453 1371 1618 1435 atque
1643 1370 2054 1434 prostraverat:

467 1458 588 1523 sed,
614 1457 814 1512 omissa
840 1455 944 1511 hac
972 1471 1125 1521 cura,
1155 1465 1213 1511 et
1240 1455 1448 1510 honore
1470 1454 1564 1524 qui
1589 1452 1803 1524 parenti
1824 1451 2059 1507 debetur

467 1551 736 1623 neglecto,
764 1549 902 1604 alios
938 1548 1105 1605 etiam
1130 1547 1199 1603 ad
1238 1546 1595 1619 spectandum
1628 1544 1843 1610 invitat,
1875 1552 1932 1600 et
1968 1557 2057 1598 se-

467 1660 597 1700 nem
632 1652 894 1714 tanquam
926 1643 983 1697 in
1016 1657 1183 1697 scena
1215 1639 1482 1695 fratribus
1518 1636 1865 1693 irridendum
1887 1650 2058 1706 expo-

466 1735 569 1789 nit.
595 1734 678 1790 Illi
704 1749 838 1790 vero
860 1731 1072 1788 nefario
1098 1731 1247 1786 illius
1268 1729 1501 1785 consilio
1522 1743 1635 1783 non
1656 1728 2056 1791 auscultarunt,

2163 541 2269 596 ἀπδ
2301 540 2395 594 τού
2442 543 2605 605 οἴνου,
2638 544 2732 596 καὶ
2784 543 2926 612 ἔγνω
2952 546 3051 599 ὅσα
3085 546 3341 616 ἐποίησεν
3376 547 3524 618 αὐτῷ
3559 552 3589 603 6
3632 550 3747 616 υίδς

2162 631 2327 685 αὑτοῦ
2359 635 2386 685 6
2412 631 2691 702 νεώτερος,
2713 633 2808 687 καὶ
2825 628 2995 690 εἶπεν·
3050 636 3482 707 Ἐπικατάρατος
3502 639 3746 705 Χαναὰν,

2164 726 2294 787 παῖς
2322 724 2540 794 οἰκέτης
2569 724 2724 778 ἔσται
2773 728 2887 790 τοῖς
2936 725 3186 797 ἀδελφοῖς
3216 727 3403 793 αὑτοῦ,
3434 728 3530 781 καὶ
3569 725 3745 783 εἶπεν·

2163 814 2467 884 Εὐλογητὸς
2501 813 2707 885 Κύριος
2756 816 2785 867 6
2828 815 2962 880 Θεὸς
3001 816 3144 887 Σὴμ,
3187 817 3284 869 καὶ
3328 816 3482 870 ἔσται
3516 819 3749 872 ’Χαναὰν

2166 907 2296 969 παῖς
2316 904 2505 959 αὐτοῦ.
2546 906 2819 959 Πλατύναι
2856 908 2885 960 6
2918 905 3053 969 Θεὸς
3099 905 3178 977 τῷ
3211 906 3411 976 Ἰἀφεθ,
3446 908 3543 961 καὶ
3568 925 3750 962 κατοι-

2144 986 2388 1068 ⁸κησίιτω
2425 999 2484 1049 ἐν
2511 999 2623 1061 τοῖς
2653 996 2975 1069 σκηνώμασι
3013 998 3153 1069 Σὴμ,
3187 998 3285 1052 καὶ
3322 999 3607 1071 γενηθήτω
3637 1001 3751 1054 Χα-

2163 1088 2301 1143 ναὰν
2343 1091 2471 1152 παῖς
2504 1087 2688 1141 αὑτοῦ.
2725 1107 2743 1140 ι
2787 1088 2909 1142 Νῶε
2948 1089 3045 1159 μὲν
3077 1090 3188 1160 γὰρ
3238 1090 3537 1161 ἀμπελῶνα
3569 1108 3749 1161 πεφυ-

2162 1178 2397 1247 τευκὼς,
2429 1179 2539 1233 τῶν
2563 1182 2781 1235 οἰκείων
2807 1181 3116 1251 ἐνεφορεῖτο
3142 1180 3339 1245 πόνων,
3372 1180 3468 1236 καὶ
3503 1183 3753 1248 κάτοινος

2167 1272 2268 1345 μὲν
2310 1271 2598 1343 ἀσυνήθως
2628 1268 2717 1343 ἦν.
2763 1272 3051 1345 Ἀδόκητον
3076 1273 3135 1328 δέ
3173 1273 3442 1343 φιλοινίας
3475 1274 3749 1346 ἔγκλημα,

2162 1367 2262 1439 τὴν
2309 1367 2632 1439 ἀνεθέλητον
2676 1368 2974 1439 ὑπομείνας
3018 1367 3321 1439 γύμνωσιν,
3355 1367 3500 1420 οῖκοι
3548 1382 3611 1419 τε
3653 1365 3754 1421 καὶ

2162 1458 2409 1522 ἄποπτος
2427 1453 2496 1529 ἦν
2517 1460 2627 1521 τοῖς
2652 1456 2887 1522 πολλοῖς.
2934 1459 2992 1512 '0
3012 1456 3068 1511 δὲ
3088 1458 3185 1523 τὰς
3214 1458 3417 1530 φρένας
3446 1457 3547 1512 οὐκ
3571 1459 3754 1528 ἀσφα-

2164 1549 2283 1621 λὴς,
2314 1551 2459 1621 φημὶ
2487 1550 2551 1623 δὴ
2590 1549 2682 1622 τὸν
2707 1548 2860 1622 Χάμ,
2886 1551 2985 1622 τῆς
3007 1550 3136 1615 θέας
3173 1548 3234 1604 τδ
3257 1551 3503 1623 ἀπρεπὲς
3532 1551 3750 1604 ἀνοσίου

2164 1639 2400 1709 γέλωτος
2424 1642 2663 1696 ἐποιεῖτο
2698 1641 3003 1713 πρόφασιν·
3030 1641 3206 1695 καίτοι
3243 1640 3627 1713 καταμφιάσαι
3664 1641 3750 1709 δὲ,

2168 1733 2531 1805 μονονουχίδέ
2559 1734 2654 1788 καί.
2682 1733 2960 1805 ἐπαμῦναι
2990 1732 3072 1805 τῷ
3088 1733 3342 1805 φύσαντι,
3394 1733 3534 1806 μέθῃ
3555 1732 3750 1787 πλεονε-

465 1842 534 1883 ac
558 1827 743 1897 potius
781 1833 1040 1881 eventum
1084 1824 1167 1879 rei
1210 1821 1625 1894 redarguentes,
1667 1830 1725 1876 et
1761 1820 2057 1891 spectaculi

2164 1825 2501 1897 εκτουμόνῳ,
2537 1827 2773 1890 καὶτοῖς
2808 1825 2870 1892 ἐξ
2895 1824 3040 1880 οἰνου
3081 1825 3419 1896 πταίσμασιν
3444 1826 3748 1896 ὑπενηνεγ-

466 1916 875 1973 deformitatem
908 1915 1157 1971 vestibus
1184 1913 1544 1978 occultantes,
1571 1919 1876 1966 retrorsum
1902 1910 2055 1967 ince-

466 2006 690 2063 debant.
721 2007 913 2063 Visum
940 2006 1089 2061 enim
1129 2004 1263 2075 ipsis
1304 2011 1389 2059 est
1431 2003 1519 2073 pie
1561 2016 1742 2073 agere,
1766 2009 1823 2057 et
1846 2001 2056 2057 femora

465 2101 660 2171 patris,
686 2114 786 2170 per
807 2115 931 2169 qua:
955 2098 1062 2154 orti
1088 2105 1264 2162 erant,
1296 2095 1559 2151 revereri.
1603 2095 1899 2164 Postquam
1925 2107 2055 2149 vero

466 2192 879 2264 expergefactus
897 2199 1003 2256 est,
1025 2189 1280 2244 conscius
1299 2188 1402 2243 fuit
1426 2187 1505 2243 rei
1525 2195 1700 2257 pater,
1726 2185 1832 2258 43
1862 2194 1921 2241 et
1941 2200 2056 2241 ma-

463 2281 658 2338 ledixit
686 2281 874 2337 statim
913 2280 987 2344 ei,
1021 2279 1114 2349 qui
1159 2278 1361 2334 debitae
1404 2278 1508 2348 ipsi
1548 2277 1872 2333 reverentiae
1908 2277 2058 2347 leges

464 2385 676 2433 temere
720 2374 956 2428 violarat
998 2389 1010 2425 :
1052 2380 1110 2426 et
1151 2370 1433 2426 servitutis
1474 2372 1663 2442 iugum
1713 2369 1818 2439 ipsi
1856 2368 2055 2424 merito

462 2464 701 2538 imponit
727 2484 741 2518 :
763 2463 1023 2520 Chanaan
1048 2478 1254 2519 vocans
1280 2468 1508 2533 propter
1533 2476 1649 2526 eos,
1685 2460 1781 2531 qui
1819 2476 1889 2517 ex
1935 2460 2055 2530 ipso

465 2558 667 2614 orituri
690 2565 849 2612 erant
869 2555 1228 2619 Chananzeos,
1258 2554 1354 2624 qui
1393 2553 1645 2624 supplicii
1677 2551 1853 2624 ipsius
1878 2552 2052 2622 parti-

2165 1917 2335 1988 μένῳ.
2385 1916 2548 1971 Ἀλλὰ
2581 1918 2781 1989 παρεὶς
2799 1917 2872 1971 τά
2913 1917 3118 1983 τοιάδε,
3163 1917 3260 1971 καὶ
3298 1917 3400 1988 τῆς
3431 1919 3511 1981 εἰς
3531 1915 3625 1971 τὸν
3647 1916 3750 1987 φύ-

2164 2024 2335 2062 σαντα
2364 2009 2529 2080 τιμῆς
2554 2008 2615 2062 οὐ
2660 2009 2898 2082 μετρίως
2934 2008 3239 2081 ὀλιγωρῶν,
3289 2008 3571 2079 προξενεῖν
3598 2010 3749 2063 ἐπεί-

2160 2114 2319 2169 γεται
2355 2102 2471 2165 τοῖς
2518 2099 2700 2165 ἀλλοις
2750 2102 2849 2173 τὴν
2907 2101 3058 2163 θέαν.
3085 2101 3180 2155 καὶ
3236 2101 3441 2173 σκηνήν
3486 2096 3577 2157 οἷά
3622 2119 3750 2158 τινα

2160 2189 2421 2261 προσθεὶς
2451 2189 2543 2244 τὸν
2565 2191 2902 2263 πρεσϐύτην,
2936 2192 3099 2264 γελᾷν
3131 2192 3417 2247 ἀναπείθει
3447 2194 3576 2258 τοὺς
3595 2193 3753 2249 ἀδελ-

2160 2282 2315 2354 φούς.
2369 2284 2493 2338 Οἵδε
2516 2279 2659 2355 ἦσαν
2700 2285 2957 2357 ἀμείνους
2992 2287 3093 2357 τῆς
3120 2288 3179 2341 ἐν
3225 2285 3374 2358 αὑτῷ
3399 2285 3744 2351 δυσϐουλίας

2158 2374 2650 2446 κατασοφιζόμενοι
2677 2376 2734 2429 δὲ
2764 2376 2824 2430 τὸ
2870 2377 3241 2449 συμϐεϐηκὸς,
3268 2378 3361 2431 καὶ
3397 2379 3494 2449 τῆς
3526 2378 3657 2443 θέας
3687 2378 3751 2433 τὸ

2157 2464 2393 2529 ἀκαλλὲς
2425 2469 2541 2530 τοῖς
2574 2465 2979 2538 περιϐλήμασιν
3011 2467 3380 2536 ἀφανίζοντες,
3404 2467 3595 2521 ἀνόπιν
3620 2467 3751 2522 ἐϐάσ-

2157 2555 2325 2621 διζον.
2361 2558 2566 2611 Ἐδόκει
2597 2556 2706 2629 γὰρ
2734 2558 2979 2612 εὐσεϐεῖν
3009 2559 3214 2623 αὐτοῖς,
3260 2558 3354 2611 καὶ
3398 2557 3607 2629 μηροὺς
3655 2558 3747 2611 αἰ-

463 2648 618 2719 cipes
659 2645 830 2701 futuri
874 2651 1054 2699 erant.
1094 2643 1155 2698 In
1196 2642 1509 2697 universam
1544 2641 1695 2695 enim
1735 2639 2053 2710 progeniem

2160 2647 2364 2701 δεῖσθαι
2389 2649 2618 2719 πατρὸς,
2636 2649 2702 2703 δι’
2741 2642 2815 2703 ὧν
2842 2650 2935 2703 καὶ
2967 2649 3276 2718 γεγόνασιν.
3307 2649 3461 2703 Ἑπεί
3487 2650 3544 2703 δὲ
3562 2649 3746 2720 διεγη-

466 2754 628 2811 ptena
657 2747 952 2811 propagata
974 2744 1079 2793 est.
1113 2734 1403 2791 Benedixit
1424 2741 1608 2790 autem
1642 2736 1724 2789 eis
1748 2734 1845 2805 qui
1874 2732 2052 2803 ipsum

465 2832 825 2886 honorarant.

2159 2738 2427 2824 γερμένος
2455 2740 2514 2793 ἐν
2543 2739 2795 2810 αἰσθήσει
2842 2734 2937 2793 τοῦ
2981 2741 3302 2812 πράγματος
3348 2740 3571 2810 γέγονεν
3591 2742 3619 2793 ό
3644 2757 3749 2793 πα-

2159 2825 2288 2899 τὴρ,
2323 2829 2595 2900 ἐπαρᾶται
2637 2828 2737 2899 μὲν
2756 2829 2918 2894 εὐθὺς
2939 2831 3030 2883 τὸν
3056 2829 3151 2883 τοῦ
3180 2832 3504 2901 πρέποντος,
3535 2832 3750 2903 καὶτῆς

466 2933 549 2991 εἰς
579 2926 742 2983 αὐτὸν
771 2926 954 2990 αἰδοῦς
985 2924 1319 2995 ἡφειδηκότα
1365 2923 1715 2996 παραλόγως,
1755 2922 1849 2975 καὶ
1893 2919 2057 2990 ζυγὸν
2093 2922 2243 2993 αὑτῷ
2271 2923 2362 2977 τὸν
2386 2924 2658 2978 οἰκετικὸν
2693 2924 2934 2979 ἐπετίθει
2998 2924 3242 2991 δικαίως,
3299 2926 3519 2980 Χαναὰν
3546 2924 3748 2996 ὀνομά-

466 3018 579 3084 ζων
626 3021 716 3074 διὰ
753 3020 880 3083 τοὺς
929 3018 990 3084 ἐξ
1028 3016 1195 3072 αὐτοῦ
1256 3016 1619 3080 Χαναναίους,
1658 3015 1708 3068 οἳ
1741 3014 1967 3085 καὶτῆς
2008 3014 2167 3085 δίκης
2209 3017 2359 3088 αὑτῷ
2424 3016 2787 3089 συμμεθέξειν
2836 3017 3083 3090 ἔμελλον.
3131 3019 3392 3092 Παγγενῆ
3448 3019 3557 3092 γὰρ
3620 3021 3749 3074 ἐκο-

468 3110 685 3176 λάζετο.
716 3110 999 3182 Εὺλόγηκε
1031 3110 1089 3163 δέ
1115 3110 1243 3172 τοὺς
1267 3110 1628 3179 τιμήσαντας.

539 3207 595 3260 2.
615 3205 957 3276 Significavit
973 3212 1158 3258 autem
1178 3203 1285 3256 hoc
1301 3202 1480 3272 ipsum
1499 3215 1761 3255 arcanum
1779 3199 2055 3271 quoddam

2232 3199 2295 3272 β’.
2338 3199 2628 3271 Ἐμνρήνειε
2658 3196 2704 3251 δ’
2735 3196 2803 3252 ἂν
2842 3194 3258 3269 αἰνιγματωδῶς
3283 3196 3378 3251 καὶ
3403 3195 3520 3250 τόδε
3548 3196 3613 3268 δὴ
3642 3196 3751 3252 πά-

468 3298 539 3352 de
568 3296 775 3353 Judaais
797 3297 1141 3367 mysterium.
1166 3294 1305 3349 Tres
1319 3292 1467 3348 enim
1501 3307 1694 3348 omnes
1717 3292 1907 3363 populi
1932 3291 2052 3347 fue-

470 3397 623 3443 runt.
660 3386 932 3443 Nimirum
962 3387 1058 3457 qui
1087 3386 1144 3440 in
1161 3385 1345 3456 primo
1387 3392 1666 3455 tempore,
1693 3384 2054 3455 quemadmo-

471 3481 603 3535 dum
655 3488 713 3534 et
743 3478 868 3535 Sem
902 3496 915 3533 :
947 3477 1117 3533 medii
1184 3492 1340 3542 vero,
1400 3477 1495 3547 qui
1553 3491 1654 3548 per
1700 3475 2055 3532 maledictum

468 3572 643 3629 Cham
690 3571 1119 3642 intelliguntur:
1157 3570 1305 3625 tertii
1329 3578 1511 3625 autem
1548 3584 1614 3624 ac
1644 3569 1932 3640 postremi,
1958 3584 2059 3640 per

472 3664 730 3719 ultimum
749 3661 1006 3733 .lapheth,
1057 3662 1152 3733 qui
1189 3662 1588 3731 interpretatur
1615 3659 1882 3715 dilatatio.
1902 3661 2058 3716 Post-

472 3767 639 3826 quam
660 3768 794 3809 vero
821 3753 984 3809 nobis
1022 3752 1285 3808 revelavit
1318 3752 1464 3807 Deus
1486 3766 1549 3806 ac
1584 3751 1747 3806 Pater
1771 3751 2054 3822 proprium

474 3846 698 3911 Filium,
733 3844 830 3916 qui
852 3858 953 3916 per
969 3844 1151 3900 femur
1181 3842 1546 3914 signiﬁcatur,
1595 3850 1652 3899 et
1673 3851 1941 3913 quantum
1971 3851 2056 3897 at-

474 3942 616 3996 tinet
634 3940 703 3995 ad
728 3939 1076 4011 spiritualem
1099 3938 1331 3994 Deitatis
1348 3936 1841 4009 pulchritudinem,
1869 3936 2058 3993 defor-

476 4048 622 4087 mem
647 4041 814 4102 atque
842 4032 1203 4088 invenustum
1223 4040 1451 4104 propter
1467 4031 1869 4087 humanitatem
1897 4031 2059 4103 (ιΝε-

473 4136 584 4191 que
599 4122 749 4176 enim
767 4122 962 4176 habuit
978 4121 1233 4188 formam,
1259 4138 1442 4192 neque
1464 4122 1933 4192 pulchritudinem
1952 4121 2018 4187 ⁸⁸,
2032 4141 2050 4173 ι

469 4217 628 4286 juxta
666 4212 950 4283 propheta:
985 4212 1200 4283 vocem)
1224 4230 1240 4280 ;
1269 4222 1401 4267 tunc
1427 4213 1671 4278 demum,
1698 4213 2060 4283 quemadmo-

475 4308 611 4361 dum
636 4306 751 4376 ipse
769 4320 957 4359 rerum
974 4305 1159 4361 exitus
1179 4304 1492 4369 testabitur,
1511 4306 1725 4375 primus
1750 4305 1977 4375 quidem
1996 4322 2060 4361 ac

477 4407 791 4471 postremus
822 4400 1080 4470 populus,
1142 4397 1251 4452 hoc
1300 4406 1404 4464 est,
1460 4398 1553 4469 qui
1594 4398 1751 4453 initio
1796 4414 1860 4454 ac
1896 4397 2058 4468 primi

477 4490 862 4559 crediderunt;
905 4507 1122 4548 necnon
1177 4492 1275 4562 qui
1319 4498 1547 4547 vocatus
1582 4499 1667 4546 est
1719 4491 1775 4546 in
1825 4489 2056 4555 ultimis,

478 4582 703 4638 reveriti
748 4589 876 4636 sunt
914 4582 1351 4637 Emmanuclem.
1416 4581 1703 4637 Benedixit
1740 4590 1926 4637 autem
1976 4580 2058 4637 eis

478 4672 626 4726 Deus
651 4685 716 4725 ac
743 4671 925 4724 Pater.
954 4668 1061 4736 Qui
1098 4685 1234 4724 vero
1274 4669 1420 4724 inter
1480 4669 1619 4724 duos
1644 4670 1810 4725 hosce
1840 4668 2057 4725 medius

477 4760 605 4827 fuit,
625 4760 867 4818 irridens
896 4759 1178 4816 Christum
1213 4761 1285 4817 ob
1331 4761 1691 4817 humanitatis
1737 4759 2058 4816 deformita-

480 4865 616 4919 tem,
646 4861 701 4908 et
726 4853 821 4908 Dei
849 4852 1051 4907 Filium
1078 4853 1267 4908 multis
1300 4853 1616 4925 ignominiis
1643 4851 1902 4919 afﬁciens,
1934 4868 2055 4908 ser-

483 4946 714 5001 vitutem
731 4943 921 5009 subiit,
946 4953 1002 4999 et
1021 4944 1166 4999 avita
1196 4944 1451 5000 libertate
1482 4944 1706 5000 excidit.
1743 4943 1900 5012 Quod
1924 4960 2056 5000 vero

481 5037 655 5093 futuri
693 5037 806 5092 sint
841 5036 937 5108 qui
986 5036 1043 5091 in
1101 5036 1312 5092 ultimis
1346 5037 1688 5108 temporibus
1738 5052 1805 5093 ex
1851 5036 2058 5093 Judzcis

482 5130 735 5195 credant,
755 5130 1063 5201 primorum
1086 5128 1303 5184 illorum
1335 5130 1631 5200 participes
1665 5146 1728 5185 ac
1750 5129 1910 5195 socii,
1942 5130 2061 5185 velr

483 5222 565 5277 uti
618 5223 673 5277 in
706 5238 873 5277 unam
904 5224 1185 5279 civitatem
1239 5223 1357 5277 sive
1393 5222 1787 5279 habitationem
1835 5239 1899 5278 ac
1954 5222 2055 5277 do-

483 5332 636 5373 mum
694 5318 932 5384 collecti,
967 5319 1072 5373 hoc
1122 5326 1224 5382 est,
1265 5316 1585 5380 Ecclesium,
1630 5315 1928 5371 declaravit
1970 5315 2058 5369 di-

483 5424 650 5465 cens:
694 5428 711 5460 ι
735 5409 931 5465 Dilatet
953 5410 1100 5464 Deus
1121 5410 1357 5480 Japheth
1392 5409 1520 5482 (hoc
1554 5415 1656 5472 est,
1696 5407 1862 5463 tertio
1893 5418 2058 5477 atque

485 5503 699 5566 ultimo,
728 5501 923 5555 tertius
944 5500 1090 5555 enim
1120 5498 1404 5573 .laphcth),
1434 5508 1489 5555 et
1540 5498 1752 5555 habitet
1778 5498 1834 5554 in
1883 5500 2062 5555 domi-

484 5591 587 5647 bus
617 5591 743 5646 Sem
780 5592 906 5663 (hoc
934 5601 1038 5656 est,
1057 5590 1112 5645 in
1137 5587 1373 5663 primis),
1394 5602 1448 5647 et
1474 5591 1837 5648 fiatChanaan
1863 5606 2056 5646 servus

552 5769 598 5801 ⁸⁷
632 5769 767 5825 Gen.
816 5786 890 5838 tr,
928 5770 1115 5826 {8-27.
1203 5768 1244 5803 “
1274 5770 1378 5825 lsa.
1418 5785 1530 5835 Lm,
1561 5769 1617 5823 2.

2156 3294 2238 3347 λιν
2263 3292 2325 3345 τὸ
2368 3293 2461 3345 ἐπὶ
2491 3294 2605 3354 τοῖς
2658 3289 2936 3353 Ἰουδαίοις
2967 3290 3289 3361 μυστήριον.
3330 3290 3492 3362 Τρεῖς
3518 3290 3617 3361 μὲν
3638 3290 3749 3361 γὰρ

2159 3389 2209 3441 οἱ
2243 3387 2453 3451 πάντες
2479 3384 2737 3455 γεγόνασι
2758 3382 2900 3450 λαοὶ,
2924 3383 3025 3435 ὅτε
3054 3384 3112 3436 ἐν
3137 3380 3339 3453 πρώτῳ
3362 3382 3541 3453 καιρῷ
3570 3381 3748 3436 καθά-

2160 3496 2265 3551 περ
2316 3480 2411 3533 καὶ
2456 3479 2486 3531 6
2531 3476 2687 3549 Σὴμ,
2738 3476 2832 3529 καὶ
2889 3475 2997 3547 μὴν
3061 3474 3157 3528 καὶ
3195 3474 3224 3525 6
3275 3473 3363 3526 διὰ
3402 3474 3569 3544 μέσου
3604 3475 3750 3530 κατά

2157 3573 2247 3627 τὸν
2278 3571 2552 3642 ἐπάρατον
2590 3569 2743 3639 Χὰμ,
2781 3569 2878 3622 καὶ
2909 3568 2938 3620 6
2964 3566 3146 3638 τρίτος
3189 3568 3217 3620 6
3249 3567 3463 3630 λοῖσθος
3495 3569 3666 3620 νοοῖτο
3698 3566 3747 3620 6‘

2160 3664 2225 3719 ἂν
2259 3663 2334 3727 ὡς
2372 3664 2430 3716 ἐν
2466 3662 2798 3724 τελευταίοις
2842 3659 3047 3730 Ἰάςρεθ,
3088 3660 3146 3725 ὃς
3188 3659 3551 3733 ἑρμηνεύεται
3592 3663 3750 3715 πλα-

2158 3756 2410 3825 τυσμός.
2451 3753 2668 3824 Ἐπειδὴ
2693 3751 2748 3805 δέ
2772 3753 2903 3823 ἡμῖν
2928 3751 3281 3822 ἀπεκάλυψεν
3309 3755 3337 3807 6
3365 3752 3498 3817 Θεὸς
3518 3754 3611 3807 καὶ
3636 3753 3749 3805 Πα-

2159 3847 2263 3920 τὴρ
2300 3846 2391 3901 τὸν
2434 3844 2564 3900 ίδιον
2592 3845 2753 3909 Υίὸν,
2797 3843 2856 3908 ὃς
2891 3844 2981 3898 διὰ
3030 3845 3222 3917 μηρῶν
3256 3846 3615 3917 σημαίνεται,
3650 3846 3749 3899 καὶ

2159 3944 2280 3998 ὅσον
2317 3937 2453 4014 ἧκεν
2482 3942 2657 3995 εἰπεῖν
2686 3940 2765 4003 εἰς
2794 3938 2856 3993 τὸ
2891 3939 3081 4009 νοητὸν
3108 3937 3210 4007 τῆς
3241 3937 3491 4009 θεότητος
3528 3937 3746 4001 κάλλος,

2160 4031 2446 4105 ἀσχήμονά
2481 4048 2541 4084 τε
2562 4031 2657 4085 καὶ
2696 4030 2909 4102 ἀτερπῆ
2941 4029 3030 4083 διὰ
3062 4029 3120 4083 τὸ
3149 4029 3509 4101 ἀνθρώπινον
3556 4048 3574 4081 ι
3609 4028 3745 4084 Οὐδὲ

2158 4124 2268 4197 γὰρ
2302 4119 2448 4195 εἶχεν
2504 4117 2665 4186 εἶδος,
2711 4122 2831 4177 οὐδὲ
2888 4122 3103 4187 κάλλος,
3140 4140 3157 4173 ι
3189 4123 3330 4176 κατὰ
3360 4122 3457 4195 τὴν
3484 4121 3578 4176 τοῦ
3611 4138 3747 4193 προ-

2162 4217 2331 4288 φήτου
2387 4218 2608 4287 φωνήν·
2658 4202 2784 4269 ’τότε
2828 4213 2894 4286 δή
2931 4215 3074 4281 τότε,
3119 4214 3266 4269 καθά
3302 4215 3397 4269 καὶ
3446 4211 3584 4285 αὑτὴ
3634 4211 3746 4265 τῶν

2161 4306 2504 4380 πραγμάτων
2553 4308 3053 4380 ἐπιμαρτυρήσειεν
3100 4304 3167 4359 ἂν
3212 4307 3245 4376 ή
3288 4305 3533 4368 ἔκϐασις,
3572 4304 3602 4355 6
3645 4302 3745 4375 μὲν

2160 4398 2377 4471 πρῶτός
2410 4415 2469 4451 τε
2520 4398 2611 4451 καὶ
2637 4396 2844 4459 λοῖσθος
2878 4395 3027 4458 λαὸς,
3061 4395 3377 4459 τουτέστιν,
3417 4395 3466 4446 οἰ
3504 4396 3561 4446 ἐν
3599 4394 3741 4465 ἀρχῇ

2161 4490 2256 4544 καὶ
2285 4489 2489 4563 πρῶτοι
2517 4488 2924 4549 πιστεύσαντες,
2950 4487 3044 4539 κτιιί¹
3075 4486 3183 4557 μὴν
3222 4486 3316 4538 καὶ
3342 4486 3370 4537 6
3396 4483 3743 4553 κληθησάμε-

2162 4599 2250 4645 νος
2275 4582 2334 4634 ἐν
2369 4579 2634 4651 ἐσχάτοις,
2663 4576 3064 4644 δεδυσῶπηνται
3093 4575 3184 4629 τὸν
3238 4574 3603 4647 Ἐμμανουήλ.
3638 4574 3742 4627 Εὑ-

2163 4673 2420 4744 λόγηνται
2445 4670 2500 4723 δὲ
2531 4669 2597 4723 δι’
2621 4667 2785 4721 αὑτοῦ
2814 4668 2965 4739 παρὰ
2990 4669 3083 4723 τοῦ
3111 4666 3247 4723 Θεοῦ
3283 4666 3376 4722 καὶ
3408 4666 3640 4738 Πατρός.
3684 4665 3743 4719 '0

2162 4768 2219 4821 δέ
2268 4783 2330 4835 γε
2372 4766 2483 4818 τοῖν
2526 4762 2672 4816 δυοῖν
2727 4761 2929 4834 μεταξὺ
2982 4762 3260 4831 γεγονὼς,
3316 4759 3743 4832 καταμειδιάσας

2163 4856 2354 4929 ῶσπερ
2387 4854 2625 4928 Χριστοῦ
2658 4856 2746 4910 διὰ
2778 4856 2838 4909 τὸ
2872 4857 2970 4927 τῆς
3015 4854 3434 4926 ἀνθρωπότητος
3478 4850 3739 4916 ἀκαλλὲς,

2164 4951 2260 5005 καὶ
2285 4949 2378 5003 τὸν
2409 4949 2474 5002 ἐκ
2501 4947 2636 5002 Θεοῦ
2670 4947 2947 5018 πεφηνότα
2962 4947 3088 5000 Υἰὸν
3118 4945 3258 5000 κατὰ
3293 4944 3519 5008 πολλοὺς
3547 4941 3745 5014 ἀτιμά-

2160 5057 2257 5105 σας
2278 5041 2533 5114 τρόπους,
2561 5042 2617 5094 ἐν
2642 5038 2721 5112 τῷ
2740 5040 2837 5111 τῆς
2858 5038 3103 5104 δουλείας
3122 5037 3510 5109 ἀπομμὲηκε
3533 5036 3740 5107 τρόπῳ,

2160 5133 2257 5188 καὶ
2287 5133 2385 5204 τῆς
2414 5132 2523 5186 τῶν
2556 5132 2808 5206 πατέρων
2844 5132 3152 5203 ἐλευθερίας
3188 5130 3515 5184 ἀπώλισθεν.
3544 5129 3664 5180 Ὅτι
3686 5125 3742 5178 δέ

2160 5224 2382 5297 ἔμελλον
2442 5225 2491 5277 οἱ
2539 5225 2598 5276 ἐν
2647 5226 2897 5296 ἐσχάτοις
2953 5227 3165 5294 καιροῖς
3214 5226 3279 5277 ἐκ
3316 5223 3423 5277 τῶν
3476 5218 3743 5275 Ἰουδαίων

2160 5315 2550 5378 πιστεύσαντες
2570 5314 2679 5369 τῶν
2700 5308 2931 5386 πρώτων
2952 5313 3171 5368 ἔσεσθαι
3194 5312 3442 5369 κοινωνοὶ
3466 5310 3745 5383 μονονουχὶ

2161 5408 2254 5462 καὶ
2279 5407 2519 5478 όμέστιοι
2545 5422 2559 5437 ο
2596 5406 2689 5460 ἅτε
2714 5406 2778 5478 δὴ
2808 5407 2902 5460 καὶ
2939 5407 3019 5470 εἰς
3049 5408 3177 5479 μίαν
3210 5406 3619 5476 συνενεχθέντες
3645 5402 3744 5455 πό-

2161 5499 2263 5562 λιν,
2295 5498 2465 5570 ήγουν
2491 5497 2713 5570 αὐλὴνῆ
2745 5496 2949 5561 ἑστίαν,
2972 5498 3217 5552 τουτέστι
3259 5497 3359 5569 τὴν
3396 5494 3739 5565 Ἐκκλησίαν,

2163 5588 2436 5659 ὑπέφηνεν
2463 5586 2968 5654 εἰπὼν,ιῐῘλατύναι
3000 5589 3027 5642 6
3056 5587 3186 5653 Θεὸς
3216 5586 3293 5658 τῷ
3326 5585 3557 5657 Ἰἐιφεθ,ι
3585 5601 3740 5638 τουτο
