4050 6210
326 311 398 368 τι
1357 298 1875 365 mammona!
1912 310 1977 365 IN
2017 299 2315 368 GENESIM
2355 301 2480 367 LIB.
2523 300 2587 366 ii.
3330 272 3339 279 ’
3525 316 3595 372 7s

325 427 477 495 ἐστι,
510 423 591 498 τῷ
622 426 795 499 τρίτῳ
837 428 928 481 καὶ
956 428 1013 481 ὲν
1058 426 1326 498 ἐσχάτοις
1364 429 1545 502 τρίτος
1581 431 1690 503 7&9
1730 434 1759 485 ὁ
1814 432 1916 486 ’15:-

2027 435 2242 489 illorum
2272 435 2379 489 δ’.»
2411 435 2546 499 lloc,
2587 434 2849 499 arbitror,
2889 443 2973 489 est
3013 434 3159 506 quod
3213 434 3465 491 Christus
3514 438 3585 493 ad

326 521 480 593 (ρεῦσι
506 523 601 574 καὶ
624 522 1008 592 κατοικησάτω
1030 540 1049 574 ι
1074 522 1130 575 ὲν
1145 526 1257 586 τοῖς
1278 524 1598 595 σκηνώμασι
1618 526 1711 580 τοῦ
1725 528 1865 599 Σὴμ,
1881 548 1900 578 ι

324 613 598 676 τουτέστι,
639 612 732 666 τοῦ
774 610 1018 682 πρώτουο
1073 614 1166 666 καὶ
1199 614 1481 687 γενηθήτω
1524 618 1744 671 Χαναὰν
1787 622 1916 682 παῖς

326 704 512 759 αὐτῶν
531 720 548 737 ο
590 724 610 756 ι
644 704 824 771 τοῦτο,
866 700 1041 774 οἶμαι,
1070 705 1218 758 ἐστὶν
1241 705 1378 779 ὅπερ
1411 705 1516 778 ἔφη
1545 707 1779 779 Χριστὸς
1806 711 1917 771 τοῖς

342 796 615 851 Ἰουδαίων
663 798 891 868 δήμοιςο
944 815 963 850 ι
1023 797 1224 869 Ἀμὴν,
1270 798 1419 869 ἀμὴν
1449 797 1591 868 λέγω
1638 802 1794 872 ὑμῖν,
1838 803 1921 855 ὅτι

327 890 438 953 πᾶς
472 891 503 942 ὁ
550 887 723 941 ποιῶν
763 889 865 958 τὴν
899 889 1173 959 ἁμαρτίαν
1195 930 1209 953 ,
1238 888 1424 954 δοῦλός
1452 891 1569 944 ἐστι
1603 891 1704 961 τῆς
1736 894 1918 964 ἀμαρ-

326 977 468 1041 τίας.
502 978 564 1031 '0
586 977 645 1030 δὲ
671 976 860 1040 δοῦλος
880 978 940 1029 οὐ
970 980 1117 1048 μένει
1148 980 1206 1032 ἑν
1230 979 1296 1049 τῇ
1331 979 1478 1051 οἰκία
1509 982 1587 1043 εἰς
1615 981 1705 1034 τὸν
1727 981 1919 1048 αἰῶνα,

326 1067 362 1119 ὁ
390 1066 505 1130 υίδς
546 1067 695 1136 μένει
742 1068 824 1130 είς
862 1064 956 1120 τὸν
1005 1066 1177 1120 αἰῶνα
1200 1082 1212 1094 ·
1257 1086 1274 1119 ι
1308 1067 1404 1121 ὲάν
1436 1065 1529 1122 οῦν
1560 1069 1588 1121 ὁ
1618 1070 1733 1134 υίὸς
1780 1071 1923 1143 ὑμᾶς

332 1157 696 1231 ἐλευθερώσῃ,
721 1158 998 1231 ἐλεύθεροι
1014 1158 1224 1218 ἔσεσθε.
1252 1160 1793 1231 Καταμειδιάσαντες
1814 1162 1922 1236 γὰρ

330 1254 385 1305 οί
419 1252 649 1317 τάλανες
701 1253 944 1307 Ἰουδαῖοι
983 1253 1085 1322 τῆς
1110 1252 1203 1307 τοῦ
1234 1253 1488 1325 Σωτῆρος
1533 1255 1693 1325 ἡμῶν
1719 1257 1925 1311 οἰκονο-

2022 529 2251 599 populos
2276 528 2592 583 Iudaeorum
2626 527 2736 582 ait:
2779 546 2796 578 ι
2823 528 3016 593 Amen,
3053 543 3214 583 amen
3261 528 3386 583 dico
3416 528 3595 595 vobis,

2024 619 2171 690 quod
2203 620 2381 675 omnis
2409 620 2500 690 qui
2534 620 2663 675 facit
2684 629 2989 691 peccatum,
3017 635 3210 675 servus
3255 628 3337 675 est
3365 620 3596 691 peccati.

2026 709 2228 765 Servus
2260 720 2443 765 autem
2480 726 2592 765 non
2628 721 2812 767 manet
2873 712 2928 767 in
2983 711 3147 766 domo
3201 712 3256 766 in
3305 720 3597 775 mternum,

2029 801 2176 857 ﬁlius
2232 813 2416 858 manet
2444 804 2499 858 in
2539 812 2807 859 mternum
2830 804 2896 859 ⁸ο.
2932 823 2949 855 ι
2975 803 3032 858 Si
3075 818 3204 874 ergo
3230 818 3326 857 vos
3359 802 3506 857 ﬁlius
3528 803 3602 857 li-

2030 892 2325 957 beraverit,
2358 908 2485 947 vere
2509 893 2672 948 liberi
2699 892 2875 948 eritis.
2908 891 3210 947 Irridentes
3229 889 3375 945 enim
3412 889 3602 945 miseri

2022 983 2194 1039 ,ἰυᾶωί
2255 983 2553 1041 Salvatoris
2574 984 2748 1039 nostri
2784 984 3274 1054 dispensationem,
3304 989 3361 1036 et
3384 981 3603 1036 revela-

2012 1077 2231 1131 ‘tionem
2252 1076 2470 1147 ipsiusa
2496 1077 2609 1132 Deo
2642 1093 2705 1132 ac
2728 1070 2892 1133 Patre
2925 1076 2982 1131 in
3022 1091 3122 1131 nos
3157 1074 3358 1130 factam
3390 1088 3599 1142 nequa-

2026 1181 2190 1238 quam
2236 1175 2582 1235 vcnerantes,
2617 1167 2674 1222 in
2701 1167 2900 1239 spiritu
2947 1165 3230 1221 servitutis
3280 1177 3603 1235 permanse-

2028 1267 2177 1314 runt.

335 1344 487 1414 μίας,
510 1345 607 1398 καὶ
639 1346 740 1417 τὴν
765 1344 1112 1413 ἀποκάλυψιν
1139 1343 1307 1399 αὐτοῦ
1339 1344 1440 1416 τὴν
1482 1346 1632 1417 παρά
1662 1346 1756 1400 τοῦ
1786 1345 1921 1401 Θεοῦ
1961 1349 2055 1403 καὶ
2095 1349 2308 1422 Πατρδς
2349 1352 2429 1415 είς
2458 1351 2603 1422 ἡμᾶς
2634 1350 2933 1422 γενομένην
2996 1348 3057 1402 οὐ
3121 1345 3476 1418 τετιμηκότες
3500 1385 3514 1410 ,
3545 1342 3606 1398 ἐν

332 1438 415 1510 τῷ
446 1437 549 1508 τῆς
575 1436 820 1502 δουλείας
857 1439 1200 1510 μεμενήκασι
1234 1436 1528 1508 πνεύματι.

410 1572 550 1641 Περὶ
580 1571 685 1625 τοῦ
717 1571 952 1640 πύργου
973 1568 1072 1625 καὶ
1098 1567 1205 1639 τῆς
1230 1568 1416 1625 αὐτοῦ
1444 1570 1843 1641 κατασκευῆς.

330 1734 333 1737 .
418 1683 714 1739 Ἐλελοίτπι
745 1682 845 1754 μὲν
874 1682 1029 1736 οὐδὲν
1054 1684 1120 1752 τῇ
1159 1681 1473 1753 ἀνθρωπεία
1504 1682 1662 1752 φύσει
1691 1684 1829 1755 πρὸς
1858 1685 1920 1739 τὸ

2263 1565 2464 1648 “De
2501 1563 2640 1630 turri
2661 1582 2819 1646 atque
2852 1561 2966 1645 eius
2992 1571 3361 1641 aediﬁcatione.

2094 1680 2241 1744 Nihil
2262 1688 2517 1744 humanae
2546 1697 2757 1744 naturae
2786 1688 2978 1743 deerat
3001 1684 3070 1742 ad
3105 1693 3311 1742 rectam
3329 1684 3603 1741 constitit-‘-

331 1774 397 1833 εὖ
432 1775 579 1831 εἶναι
623 1775 717 1830 καὶ
750 1775 1061 1846 εὐημερεῖν.
1094 1773 1284 1844 Πλήρη
1319 1772 1430 1845 7&9
1462 1773 1639 1845 αὐτὴν
1671 1775 1924 1831 ἀπετέλει

2028 1780 2236 1837 tionem
2287 1780 2737 1851 felicitatemque.
2779 1778 3050 1835 Omnibus
3087 1778 3237 1834 enim
3276 1777 3438 1833 bonis
3483 1782 3607 1833 eam

333 1871 432 1927 καὶ
461 1868 667 1933 παντὸς
708 1866 1006 1938 ὲπίμεστον
1038 1862 1243 1932 ἀγαθοῦ
1278 1865 1308 1916 ὁ
1334 1863 1444 1918 τῶν
1486 1863 1624 1919 ὅλων
1665 1865 1923 1937 Ποιητής.

348 1964 741 2038 Ὑπενήνεκται
768 1961 828 2016 δὲ
857 1960 996 2033 πρὸς
1022 1959 1083 2014 τὸ
1113 1944 1265 2031 μεῖον
1306 1960 1339 2030 ἡ
1394 1960 1527 2031 πρὶν
1570 1958 1782 2030 μεγάλη
1827 1960 1927 2029 ζη-

335 2058 608 2134 μιουμένη
643 2053 786 2110 κατά
830 2052 1004 2126 βραχὺ
1030 2092 1047 2118 ,
1086 2050 1158 2105 τὰ
1197 2050 1268 2104 δι’
1304 2044 1380 2106 ὧν
1410 2046 1479 2121 ἦν
1507 2050 1657 2114 εἰκὸς
1696 2049 1927 2122 ὁρᾶσθαι

333 2151 565 2223 σεπτὴν,
599 2148 696 2203 καὶ
723 2146 930 2220 ἀρτίως
962 2143 1192 2215 ἔχουσαν
1232 2143 1314 2207 είς
1342 2141 1406 2197 τὸ
1449 2141 1570 2198 λίαν
1598 2139 1924 2213 ἐπιπρεπὲς.

330 2239 463 2298 υἷον
494 2241 628 2313 φέρε
657 2239 863 2299 είπεῖν,
916 2234 1288 2307 ἀπημπόληκε
1330 2233 1429 2304 μὲν
1456 2233 1520 2287 τὸ
1557 2234 1836 2304 ἄφθαρτον
1867 2234 1928 2287 ὲν

343 2335 539 2404 Ἆδάμ.
572 2331 805 2402 Εἴρηται
827 2328 935 2401 γὰρ
965 2326 1102 2400 πρὸς
1128 2323 1314 2394 αὐτὸν,
1346 2344 1364 2377 ι
1400 2326 1475 2397 Γῆ
1500 2323 1572 2393 εί,
1599 2326 1692 2379 καὶ
1722 2325 1803 2389 εἰς
1823 2326 1927 2394 γῆν

333 2424 637 2497 ἀπελεῦσῃ.
673 2441 695 2474 ι
735 2420 1054 2489 Ἐστέρηται
1087 2418 1144 2473 δὲ
1179 2420 1320 2489 μετά
1346 2418 1507 2473 τοῦτο
1540 2416 1635 2472 τοῦ
1685 2417 1928 2488 πνεύμα-

334 2534 452 2581 τος.
495 2513 714 2586 Ἐπειδὴ
741 2512 852 2584 γὰρ
882 2510 1022 2583 μόνα
1057 2512 1278 2582 φρονεῖν
1308 2508 1598 2574 ἐθέλοντας
1624 2509 1697 2563 τὰ
1727 2508 1928 2582 σαρκὸς

331 2606 531 2663 ἀνόσιά
563 2622 627 2659 τε
658 2604 755 2658 καὶ
783 2600 1153 2675 μυσαρώτατα
1187 2599 1334 2672 πάθη
1362 2600 1490 2663 τοὺς
1519 2600 1613 2653 ἐπὶ
1646 2599 1751 2669 γῆς
1780 2598 1927 2670 ἑώρα

331 2697 496 2763 Θεὸς,
534 2716 554 2749 ι
592 2697 670 2750 Οὐ
705 2694 780 2766 μὴ
809 2691 1116 2766 καταμείνῃ
1153 2691 1217 2745 τὸ
1244 2690 1466 2762 πνεῦμά
1505 2708 1630 2762 μου,
1677 2709 1696 2744 ι
1735 2692 1924 2761 φησὶν,

336 2808 364 2845 ι
412 2792 472 2844 ὲν
515 2790 632 2850 τοῖς
671 2784 981 2857 ἀνθρώποις
1023 2783 1265 2851 τούτοις,
1307 2782 1399 2836 διὰ
1433 2782 1496 2835 τὸ
1545 2777 1685 2835 εἶναι
1729 2780 1928 2847 αὐτοὺς

336 2881 574 2954 σάρκας.
604 2895 626 2930 ι
663 2877 802 2931 Ἀλλ’
828 2876 938 2931 ίδοὺ
962 2875 1026 2947 δή
1052 2892 1105 2929 τι
1127 2875 1221 2929 καὶ
1239 2874 1427 2945 ἕτερον
1448 2872 1716 2945 ὑπομένει
1741 2873 1922 2929 πάλιν.

341 2972 472 3029 Ἐπ’
494 2971 736 3034 ἀνοσίοις
759 2968 870 3039 7&9
898 2967 1179 3038 σκέμμασι
1201 2966 1293 3021 καὶ
1319 2964 1689 3036 ἀποπλήκτοις
1726 2965 1925 3019 εἰκαιο-

330 3064 609 3127 6ουλείαις
623 3058 1067 3131 κατεγνωσμένοι
1090 3057 1234 3122 τινὲς
1258 3059 1339 3121 είς
1357 3055 1605 3127 ἕτεροίαν
1634 3056 1806 3128 αὐτὴν
1833 3056 1927 3111 καὶ

2027 1856 2247 1926 abunde
2301 1870 2614 1925 cumularat
2655 1877 2820 1940 atque
2867 1869 3113 1939 replerat
3148 1868 3319 1923 totius
3358 1864 3608 1923 universi

2025 1961 2278 2018 Creator.
2322 1960 2618 2017 lmminuta
2655 1969 2839 2016 autem
2882 1969 2987 2033 est,
3048 1974 3171 2031 qua:
3208 1960 3365 2031 prius
3408 1975 3608 2031 magna

2026 2060 2165 2120 erat,
2192 2054 2495 2124 deperditis
2516 2054 2781 2126 paulatim
2809 2053 2876 2108 iis
2901 2070 3000 2125 per
3025 2069 3148 2123 quae
3178 2068 3277 2124 par
3318 2061 3438 2109 erat
3484 2065 3610 2109 eam

2027 2146 2426 2213 admirandam,
2457 2156 2620 2218 atque
2642 2147 2710 2202 ad
2726 2163 2945 2203 omnem
2977 2145 3197 2202 laudem
3221 2146 3427 2217 optime
3453 2160 3609 2201 com—

2027 2234 2270 2311 paratam
2282 2254 2423 2295 esse.
2443 2238 2513 2295 At
2529 2254 2639 2310 quo
2655 2247 2816 2309 pacto
2829 2239 2853 2292 ?
2879 2238 3115 2309 inquies.
3136 2237 3610 2309 lncorruptionem

2025 2332 2175 2387 enim
2205 2345 2360 2386 suam
2392 2331 2751 2387 commutavit
2783 2331 2840 2385 in
2868 2330 3061 2386 Adam.
3088 2331 3307 2386 Dictum
3343 2330 3492 2385 enim
3523 2337 3611 2387 est

2027 2422 2114 2478 ei:
2143 2442 2161 2474 ι
2188 2420 2358 2478 Terra
2381 2438 2463 2489 es,
2493 2430 2550 2478 et
2584 2423 2641 2477 in
2669 2430 2869 2478 terram
2904 2422 3280 2477 reverteris“.
3324 2440 3342 2475 ι
3389 2422 3610 2478 Privata

2027 2514 2192 2570 etiam
2224 2521 2487 2585 praeterea
2523 2523 2609 2571 est
2635 2514 2855 2586 Spiritu.
2889 2513 3027 2570 Cum
3049 2514 3198 2569 enim
3221 2514 3368 2570 Deus
3400 2522 3610 2569 mortaa

2026 2607 2109 2663 les
2132 2607 2364 2678 impuris
2390 2615 2605 2663 tantum
2647 2616 2812 2679 atque
2854 2607 3210 2663 exsecrandis
3260 2608 3443 2663 carnis
3472 2608 3610 2663 alie-‘-

2028 2698 2210 2755 etibus
2241 2698 2493 2754 addictos
2524 2715 2645 2755 esse
2682 2709 2963 2755 cerneret:
3006 2719 3024 2751 ι
3046 2700 3167 2754 Non
3191 2700 3557 2770 permanebit,
3582 2715 3602 2752 ι

2026 2789 2230 2859 inquit,
2269 2808 2290 2842 ι
2309 2791 2538 2861 spiritus
2559 2806 2718 2846 meus
2749 2791 2807 2845 in
2826 2790 3147 2845 hominibus
3178 2792 3285 2855 his,
3309 2791 3434 2846 ideo
3461 2789 3609 2858 quod

2028 2886 2158 2932 sunt
2181 2878 2283 2948 ipsi
2312 2894 2508 2934 carnes
2535 2880 2600 2932 ".~
2624 2899 2641 2930 ι
2667 2879 2775 2934 Sed
2807 2894 2935 2935 ecce
2953 2878 3123 2934 etiam
3153 2879 3303 2934 aliud
3325 2880 3457 2950 quid
3488 2896 3611 2936 sus-

1980 2966 1989 2975 ’
2030 2968 2188 3023 tinet.
2250 2968 2485 3037 Quidam
2511 2969 2659 3025 enim
2690 2970 2983 3040 impiorum
3023 2970 3382 3026 consiliorum
3402 2977 3458 3026 et
3499 2980 3613 3026 διοιι

2030 3058 2154 3115 lida:
2176 3059 2432 3115 vanitatis
2448 3059 2689 3115 damnati
2715 3061 2770 3115 in
2782 3060 3183 3132 discrepantem
3204 3070 3369 3131 atque
3395 3061 3613 3118 discor-

328 3155 670 3228 ἀσύμφωνον
700 3151 1054 3224 ἐκκομίζουσι
1094 3149 1364 3220 γλῶσσαν.
1399 3164 1420 3200 ι
1451 3144 1561 3202 Ἦν
1593 3148 1692 3218 μὲν
1730 3147 1858 3219 γὰρ,
1899 3165 1917 3199 ι

2027 3150 2153 3205 dem
2172 3151 2412 3222 linguam
2443 3152 2720 3207 deferunt.
2742 3171 2759 3203 ι
2782 3153 2913 3207 Erat
2932 3152 3100 3217 enim,
3124 3170 3141 3202 ι
3162 3151 3361 3222 inquit,
3394 3171 3411 3204 ι
3429 3153 3611 3208 omnis

327 3248 497 3321 φησὶ,
544 3264 565 3300 ι
601 3247 752 3301 πᾶσα
777 3247 812 3317 ἡ
852 3244 924 3314 γῆ
955 3243 1130 3314 χεῖλος
1158 3242 1237 3309 ἓν,
1280 3242 1378 3297 καὶ
1418 3240 1570 3311 φωνὴ
1618 3239 1714 3310 μία
1763 3240 1919 3293 πᾶσι.

328 3341 450 3397 Καὶ
481 3339 701 3408 ἐγένετο
745 3338 803 3391 ὲν
841 3336 920 3408 τῷ
951 3335 1168 3407 κινῆσαι
1216 3335 1415 3398 αὐτοὺς
1460 3331 1570 3387 ἀπὸ
1612 3329 1885 3385 ἀνατολῶν
1904 3370 1919 3394 ,

328 3421 499 3501 εὗρον
525 3427 707 3481 πεδίον
736 3427 795 3480 ἐν
821 3427 892 3498 γῇ
916 3425 1142 3495 Σεναὰρ,
1175 3424 1272 3478 καὶ
1304 3422 1633 3494 κατῴκησαν
1656 3422 1796 3484 ἐκεῖ,
1829 3419 1925 3474 καὶ

329 3515 496 3575 εἶπεν
544 3517 831 3591 ἄνθρωπος
874 3516 954 3588 τῷ
1002 3515 1259 3586 πλησίον·
1287 3514 1473 3581 Δεῦτε,
1513 3512 1925 3583 πλινθεύσωμεν

330 3611 627 3676 Απλίνθους,
659 3610 755 3664 καὶ
781 3609 1112 3680 ὀπτήσωμεν
1155 3606 1326 3669 αὑτὰς
1363 3605 1517 3677 πυρί.
1562 3605 1671 3659 Καὶ
1704 3604 1927 3672 ἐγένετο

329 3704 525 3768 αὐτοῖς
552 3704 589 3773 ἡ
622 3700 841 3763 πλίνθος
879 3700 958 3763 είς
983 3697 1129 3753 λίθον
1148 3713 1161 3726 ·
1205 3698 1301 3751 καὶ
1337 3695 1609 3766 ἄσφαλτος
1645 3690 1714 3766 ἦν
1742 3694 1927 3757 αὐτοῖς

330 3800 362 3850 δ
400 3796 574 3859 πιλός.
625 3795 738 3849 Καὶ
778 3790 957 3857 εῐπαν,
990 3791 1187 3857 Δεῦτε,
1238 3789 1681 3860 οίκοδομήσωμεν
1714 3785 1926 3849 ἑαυτοῖς

333 3888 493 3945 πόλιν
521 3888 621 3942 mi.
661 3888 900 3959 πύργον,
929 3876 991 3939 οὗ
1018 3886 1051 3955 ἡ
1080 3881 1291 3954 κεφαλὴ
1326 3880 1477 3934 ἔσται
1507 3880 1613 3943 ἕως
1639 3878 1735 3933 τοῦ
1761 3877 1927 3950 οὐρα-ι

331 3979 463 4041 νοῦ.
501 3980 598 4034 καὶ
623 3979 938 4049 ποιήσωμεν
980 3978 1192 4039 ἑαυτοῖς
1223 3974 1392 4044 ὄνομα
1420 3971 1527 4046 πρὸ
1556 3970 1651 4025 τοῦ
1689 3969 1927 4024 διασπα-

336 4072 503 4145 ρῆναι
535 4071 632 4125 ἐπὶ
659 4072 841 4124 πᾶσαν
859 4069 958 4140 τὴν
981 4068 1104 4139 γῆν.
1129 4063 1265 4124 Εἶτα
1288 4066 1531 4120 κάτεισιν
1550 4064 1579 4117 6
1604 4061 1755 4125 Θεὸς,
1782 4059 1926 4114 οὕτω

337 4162 454 4234 γὰρ
482 4161 589 4233 ἔφη
618 4160 681 4214 τὸ
710 4161 952 4232 Γράμμα
979 4159 1041 4212 τὸ
1071 4156 1235 4229 ἱερὸν,
1270 4156 1366 4210 καὶ
1397 4155 1588 4223 συγχεῖ
1616 4151 1714 4223 μὲν
1748 4148 1926 4203 αὐτῶν

332 4255 442 4318 τὰς
465 4253 721 4324 γλώσσας
740 4291 755 4316 ,
783 4249 1250 4306 κατασκεδάννυσι
1286 4248 1343 4302 δὲ
1378 4248 1472 4301 καὶ
1508 4247 1589 4308 είς
1624 4245 1801 4298 πᾶσαν
1830 4241 1929 4295 αὺ-

336 4352 471 4411 τοῦς
494 4345 594 4418 τὴν
621 4346 745 4415 γῆν.
774 4363 793 4397 ι
830 4342 1097 4413 Ἐπετίμα
1120 4341 1218 4411 μὲν
1239 4338 1347 4411 γὰρ
1371 4341 1481 4400 τοῖς
1507 4334 1925 4405 ἐπιχειρήμασιν

336 4440 370 4492 ὁ
399 4439 508 4493 τῶν
537 4438 678 4493 ὅλων
706 4436 858 4499 Θεὸς,
890 4435 947 4488 οὐ
975 4433 1113 4486 δέδιε
1150 4432 1206 4485 δὲ
1247 4431 1309 4485 τὸ
1341 4429 1733 4500 συμπέρασμα’
1765 4425 1839 4488 ὡς
1867 4423 1925 4479 δὲ

338 4529 655 4603 ὖπὲροπτόν
679 4546 734 4583 τι
764 4524 1238 4599 βεϐουλευμένους,
1278 4522 1573 4595 ἡμερότητι
1604 4522 1669 4590 τῇ
1699 4516 1924 4603 ἐμφυτῳ

337 4602 665 4691 χρώμενος,
711 4616 981 4671 damnatis:
1035 4612 1144 4667 τῶν
1188 4609 1599 4681 ἐγχειρημάτων
1649 4607 1715 4677 τῇ
1759 4602 1926 4656 πολυ-

335 4708 592 4778 τλωσσίᾳ
613 4723 627 4738 ·
659 4704 941 4778 σημαίνων
967 4703 1048 4757 ὃτι
1077 4702 1176 4765 τὰς
1205 4699 1344 4772 ὑπὲρ
1372 4697 1654 4768 ἄνθρωπον
1683 4692 1926 4763 σκέψεις,

336 4804 445 4858 καὶ
478 4804 528 4856 εί
566 4800 816 4872 φέροιντό
849 4815 967 4861 πως
989 4796 1079 4851 διὰ
1114 4794 1222 4850 τῶν
1257 4792 1574 4864 ἀμηχάνων,
1606 4789 1709 4843 οὐκ
1739 4787 1929 4841 ἀνεπι-

333 4893 623 4964 πλήκτους
656 4892 741 4961 ἐᾷ.
768 4888 948 4952 Αὑτὰς
979 4887 1035 4941 δὲ
1076 4887 1267 4957 συγχεῖ
1289 4882 1388 4946 τὰς
1419 4879 1690 4950 γλώσσας,
1722 4875 1792 4932 τὰ
1819 4875 1929 4946 γάρ

328 5003 431 5041 τοι
464 4985 634 5056 μόνης
665 4982 768 5052 τῆς
808 4979 902 5034 τοῦ
943 4976 1285 5050 Δημιουργοῦ
1322 4970 1550 5045 δεόμενα
1579 4972 1796 5042 τέχνης,
1834 4968 1931 5023 καὶ

336 5079 456 5150 μέν
495 5092 582 5130 τοι
620 5075 715 5128 καὶ
753 5070 1033 5140 ἐξουσίας,
1063 5069 1353 5141 ἀρμόσειεν
1388 5066 1456 5119 ἂν
1502 5063 1601 5135 οὐχ
1632 5062 1805 5135 ἑτέρῳ
1852 5076 1931 5130 τῳ

332 5167 539 5235 ποθεν,
566 5164 682 5219 ἀλλ’
709 5163 859 5235 αὐτῷ
883 5161 949 5235 δὴ
981 5161 1076 5216 καὶ
1106 5160 1268 5232 μόνῳ.
1298 5154 1554 5228 Γλώσσης
1577 5154 1636 5209 δὲ
1663 5152 1934 5225 μεταπλα-

333 5260 520 5332 σμδν,
558 5258 656 5312 καὶ
681 5256 742 5310 τὸ
770 5251 1159 5327 ἑξευρῦνεσθαι
1187 5249 1342 5319 λόγον
1370 5249 1447 5312 είς
1476 5244 1595 5317 ἠχὼ
1621 5244 1721 5316 τὴν
1746 5243 1932 5312 διάφοο

332 5368 467 5423 ρον,
488 5348 717 5419 ἀναθείη
747 5364 830 5412 τις
870 5346 936 5401 ἂν
964 5344 1185 5406 είκότως
1228 5341 1306 5413 τῷ
1342 5356 1406 5410 γε
1448 5336 1664 5409 ἀληθῶς
1697 5335 1844 5407 μόνῳ
1870 5352 1932 5388 τε

330 5446 444 5499 καὶ
472 5441 620 5497 κατά
662 5439 823 5509 φύσιν
848 5432 1192 5508 Δημιουργῷ.
1243 5431 1587 5503 Ἀμοιρήσειε
1630 5426 1675 5482 δ’
1717 5427 1784 5483 ἂν
1814 5424 1933 5480 nim

332 5552 458 5589 που
481 5534 546 5588 τὸ
568 5530 814 5603 γεγονὸς,
845 5527 938 5583 τοῦ
961 5526 1162 5597 σφόδρα
1186 5524 1406 5588 εἰκότως
1428 5519 1774 5592 διαγελᾶσθαι
1799 5518 1930 5574 δεῖν.

2026 3251 2173 3299 terra
2193 3244 2402 3299 labium
2436 3259 2630 3312 unum,
2665 3254 2721 3299 et
2740 3261 2844 3300 vox
2877 3261 2986 3300 una
3011 3245 3289 3301 omnibus.
3315 3246 3382 3301 Et
3405 3246 3610 3302 factum

2024 3342 2108 3389 est
2129 3349 2254 3389 cum
2273 3343 2630 3390 moverentur
2647 3336 2750 3406 ipsi
2772 3336 2844 3391 ab
2856 3335 3443 3402 Oriente,invcnerunt
3457 3353 3610 3393 camd

2024 3439 2156 3494 pum
2180 3423 2237 3478 in
2261 3431 2407 3480 terra
2445 3424 2712 3490 Sennaar,
2731 3434 2787 3481 et
2823 3425 3216 3481 habitaverunt
3244 3426 3343 3491 ibi,
3379 3434 3436 3482 et
3471 3426 3613 3481 dixit

2026 3513 2192 3568 homo
2221 3513 2468 3583 proximo
2490 3529 2618 3568 suo:
2640 3513 2852 3579 Venite,
2877 3504 3142 3569 faciamus
3170 3515 3390 3580 lateres,
3427 3525 3483 3571 et
3513 3530 3609 3573 coJ

2026 3618 2261 3675 quamus
2274 3619 2370 3659 eos
2387 3603 2530 3674 igne.
2546 3604 2616 3658 Et
2630 3604 2806 3659 factus
2827 3614 2913 3660 est
2935 3605 3194 3661 illislater
3210 3606 3265 3661 in
3279 3607 3540 3677 lapidem,
3553 3614 3612 3664 et

2026 3695 2276 3750 bitumen
2293 3695 2398 3750 fuit
2411 3695 2519 3750 illis
2533 3696 2710 3750 lutum
2730 3713 2744 3762 ;
2762 3703 2820 3751 et
2834 3696 3121 3752 dixerunt:
3141 3696 3357 3763 Venite,
3374 3697 3614 3754 adiﬁcc-s

2027 3801 2150 3841 mus
2167 3786 2327 3841 nobis
2342 3786 2620 3841 civitatem
2630 3793 2686 3841 et
2704 3787 2920 3852 turrim,
2932 3787 3090 3858 cujus
3105 3788 3323 3842 culmen
3336 3788 3611 3859 pertingat

2027 3876 2095 3931 ad
2123 3877 2343 3941 caelum,
2363 3884 2419 3932 et
2433 3877 2776 3933 celebremus
2798 3892 3002 3931 nomen
3021 3882 3291 3941 nostrum,
3310 3883 3609 3945 antequam

2026 3966 2409 4038 dispergamur
2427 3981 2526 4036 per
2547 3965 2858 4019 universam
2883 3972 3106 4018 terram.
3129 3963 3338 4019 Deinde
3375 3964 3610 4021 descen-r

2027 4060 2109 4113 dit
2144 4060 2291 4114 Deus
2314 4058 2411 4131 (ita
2434 4057 2583 4113 enim
2604 4056 2682 4111 ait
2710 4070 2865 4112 sacra
2893 4054 3221 4128 Scriptura),
3238 4062 3294 4111 et
3317 4055 3606 4113 confundit

2028 4150 2252 4223 quidem
2275 4165 2467 4205 eorum
2493 4150 2728 4221 linguas,
2751 4148 3121 4220 dispersitque
3141 4164 3238 4205 eos
3251 4164 3352 4221 per
3381 4150 3607 4205 univer-I

2029 4258 2145 4298 sam
2172 4250 2371 4299 terram
2399 4243 2466 4297 ³³.
2505 4261 2523 4293 ι
2563 4241 2683 4297 Non
2713 4241 2862 4296 enim
2890 4242 3101 4297 veritus
3123 4247 3210 4296 est
3238 4255 3431 4296 eorum
3464 4240 3609 4295 stul-

2028 4343 2115 4391 tos
2144 4342 2373 4392 conatus
2404 4328 2570 4399 Deus,
2615 4350 2795 4405 neque
2832 4333 3022 4404 perﬁci
3066 4332 3351 4404 permisit;
3380 4341 3438 4386 at
3472 4339 3609 4386 vero

2030 4442 2145 4492 eos,
2176 4435 2365 4496 utpote
2415 4442 2675 4497 arrogans
2695 4425 2909 4479 facinus
2944 4437 3248 4495 aggressos,
3278 4423 3466 4477 innata
3498 4421 3608 4477 sibi

2031 4516 2367 4588 benignitate
2402 4516 2880 4588 usus,linguarum
2897 4514 3221 4571 confusione
3253 4512 3323 4569 ab
3350 4512 3605 4568 instituto

2034 4617 2273 4675 revocat,
2325 4609 2642 4682 signiﬁcans
2674 4609 2928 4674 consilia,
2956 4623 3081 4679 qua:
3094 4622 3273 4679 ,snpra
3324 4606 3605 4662 hominem

2037 4711 2166 4760 sunt
2214 4711 2269 4759 et
2315 4703 2382 4757 ad
2443 4686 2803 4774 impossibilia
2848 4700 3210 4763 contendunt,
3266 4706 3610 4770 nequaquam

2032 4794 2302 4865 impunita
2344 4793 2597 4864 relinqui.
2631 4793 2931 4850 Confundit
2983 4792 3168 4862 itaque
3197 4791 3412 4861 linguas
3445 4806 3458 4841 :
3488 4794 3610 4858 qua!

2034 4886 2182 4942 enim
2205 4886 2377 4941 solius
2407 4885 2687 4941 Creatoris
2709 4883 2946 4939 artiﬁcio
2969 4890 3134 4953 atque
3148 4882 3392 4952 potentia
3424 4886 3606 4961 egent,

2032 4977 2241 5034 nemini
2271 4985 2421 5033 certe
2442 4976 2599 5032 alteri
2634 4991 2797 5047 quam
2829 4976 2955 5047 ipsi,
2991 4983 3047 5030 et
3067 4973 3290 5045 quidem
3315 4970 3436 5034 soli,
3472 4984 3607 5025 cons

2034 5067 2285 5124 veniunt.
2321 5065 2545 5137 Linguae
2568 5082 2702 5122 vero
2731 5065 3266 5125 transmutationem,
3308 5060 3608 5116 sermonisa

2037 5173 2146 5229 que
2175 5157 2233 5213 in
2279 5156 2558 5212 diversum
2607 5170 2805 5212 sonum
2856 5151 3356 5223 ampliﬁcationem,
3407 5149 3610 5205 merito

2038 5246 2165 5319 quis
2199 5246 2302 5303 soli
2320 5261 2514 5302 revera
2539 5245 2866 5301 naturaliter
2899 5240 3185 5298 exsistenti
3218 5241 3465 5297 Creatori
3503 5239 3608 5295 tria

2036 5335 2242 5392 buerit.
2270 5333 2378 5408 45
2394 5334 2583 5405 Neque
2618 5349 2752 5389 vero
2792 5330 3071 5387 immerito
3117 5330 3338 5387 illorum
3381 5329 3609 5385 institue

2039 5435 2157 5483 tum
2208 5425 2503 5482 ridiculum
2539 5423 2716 5479 videri
2772 5423 2963 5497 possit.
3012 5423 3411 5478 Existimarunt
3435 5420 3607 5488 enim,

2038 5516 2229 5574 nescio
2256 5530 2366 5603 quo
2394 5521 2574 5586 pacto,
2604 5529 2662 5569 se
2703 5527 2772 5569 ex
2808 5513 3079 5571 lateribus
3111 5520 3168 5570 et
3218 5513 3336 5607 luto
3389 5510 3607 5580 turrim,

431 5710 474 5745 δ’
508 5710 646 5767 Cen.
675 5726 750 5777 ix,
782 5708 870 5763 27.
947 5708 993 5741 ⁸⁸
1029 5702 1435 5781 Joan._vnt,55.
1513 5702 1555 5736 "
1583 5700 1721 5761 Geni
1759 5713 1840 5773 ιιι,
1876 5695 1925 5759 ii

2036 5693 2254 5775 .”_G€m
2285 5712 2360 5766 νιν
2396 5695 2448 5752 5ο
2512 5694 2576 5773 β’
2598 5693 2734 5753 Gen.
2767 5710 2840 5765 χι,
2896 5693 3013 5750 1-8ι
