4052 6212
471 336 539 393 79
1503 335 1557 390 Β.
1599 329 1876 390 CYRlLLI
1913 327 2382 386 ALEXANDRINI
2421 329 2734 388 ARCHIE‘P.
3655 328 3725 385 80

471 470 594 524 qua:
628 451 696 508 ad
721 451 887 509 cmlos
925 466 1098 520 usque
1138 450 1492 521 pertingeret,
1529 449 1799 504 aediﬁcare
1828 447 2051 503 omnino

2166 445 2520 515 ’Υπειλήφασι
2538 446 2666 516 γὰρ,
2685 444 2783 497 οὐκ
2808 436 2904 498 οἷδ’
2931 441 3099 511 ὅπως,
3119 441 3294 513 πάντη
3311 459 3368 496 τε
3393 443 3485 496 καὶ
3511 443 3725 509 πάντως

471 561 652 619 posse.
672 544 900 600 Fuerint
927 553 1108 598 autem
1139 543 1218 609 hi,
1247 543 1303 596 ni
1341 542 1518 607 fallor,
1549 550 1709 614 typus
1736 541 2048 596 Iudaeorum

474 633 880 704 in‘rp‘rudentim,
910 633 1004 702 qui
1035 648 1093 708 se
1121 632 1421 686 amicitiam
1456 647 1583 685 cum
1612 631 1726 684 Deo
1755 628 1894 684 inire
1927 642 2052 698 pos-

472 739 530 776 se
560 722 1014 792 putabant,atque
1039 729 1252 776 tantum
1279 735 1389 775 non
1413 720 1622 775 aditum
1656 719 1710 774 in
1728 719 1929 774 caelum
1945 717 2049 771 sibi

473 822 744 877 sternere,
772 827 884 867 non
908 828 972 866 ea
1015 828 1138 882 quae
1159 811 1584 883 ipstlacebant
1609 819 1875 882 grataque
1891 814 2052 864 erant

467 903 755 966 facientes,
792 918 972 972 neque
997 919 1097 972 per
1133 903 1304 958 ﬁdem
1346 903 1404 957 in
1441 902 1767 968 Christum;
1801 903 1897 958 sed
1938 902 2052 956 vel-

472 991 553 1045 uti
602 989 796 1045 turrim
831 991 1123 1060 quamdam
1156 991 1463 1061 erigentes,
1520 990 1724 1045 nudam
1771 1006 1838 1045 ac
1879 990 2050 1045 solam

469 1092 687 1152 patrum
727 1097 952 1135 suorum
974 1082 1222 1152 gloriam,
1249 1091 1304 1136 et
1330 1083 1400 1137 ob
1442 1099 1561 1137 eam
1585 1098 1796 1137 summa
1822 1097 2051 1152 quaeque

473 1173 857 1243 imprudenter
899 1174 1004 1227 sibi
1044 1173 1387 1243 pollicentes.
1435 1174 1641 1230 Passim
1688 1174 1835 1228 enim
1883 1173 2052 1228 Abra-

472 1265 600 1320 ham
629 1265 996 1327 nominantes,
1031 1273 1086 1318 et
1125 1273 1468 1318 terrenarum
1497 1280 1680 1320 rerum
1701 1265 1926 1334 gloriam
1943 1263 2050 1320 sibi

471 1343 781 1412 astruen'tes
830 1358 1108 1431 videntur.
1157 1355 1430 1412 Creterum
1479 1357 1654 1412 iratus
1708 1365 1794 1412 est
1822 1357 1904 1412 eis
1953 1357 2050 1428 qui

471 1449 668 1504 turrim
709 1449 1053 1504 aediﬁcabant
1086 1449 1251 1515 Deus,
1294 1457 1349 1504 et
1394 1449 1447 1504 in
1482 1450 1680 1505 multas
1711 1465 1806 1505 eos
1838 1449 2052 1520 linguas

471 1542 677 1596 divisit.
743 1541 900 1608 Quod
965 1558 1096 1596 vero
1151 1543 1258 1598 illis
1313 1543 1515 1599 accidit
1562 1551 1694 1598 tunc
1762 1544 2047 1614 temporis,

469 1633 754 1703 praedictio
802 1632 907 1687 fuit
941 1648 1133 1688 eorum
1167 1647 1290 1704 qua:
1324 1634 1525 1690 Judazis
1544 1643 1874 1690 evenerunt:
1916 1634 2064 1689 sub-

469 1725 623 1780 limia
653 1724 803 1779 enim
844 1723 1142 1778 admodum
1175 1724 1506 1794 cogitantes,
1556 1732 1612 1778 et
1648 1739 1748 1794 per
1775 1738 1897 1792 quae
1943 1723 2049 1776 mi-

471 1819 620 1873 nime
657 1822 875 1885 oportet
897 1815 1106 1870 aditum
1130 1816 1238 1870 sibi
1264 1815 1333 1870 ad
1365 1816 1566 1871 cmlum
1587 1825 1866 1886 parantes,
1887 1814 2049 1870 dissi-

469 1907 584 1978 pati
610 1913 738 1962 suut
759 1907 814 1960 in
835 1905 1015 1960 varias
1042 1906 1276 1977 linguas,
1309 1906 1415 1962 hoc
1440 1915 1544 1972 est,
1595 1907 1650 1960 in
1691 1921 1884 1961 omnes
1917 1922 2049 1977 gen-

469 2009 574 2054 tes.
612 1997 854 2067 Dispersi
882 1997 1029 2051 enim
1077 2005 1206 2054 sunt
1243 2013 1338 2053 sua
1366 1997 1608 2066 regione,
1660 1997 1798 2052 urbe
1843 2011 1907 2051 ac
1949 1996 2048 2050 do-

469 2090 921 2162 mibusexpulsi,
962 2097 1018 2145 et
1059 2077 1190 2144 facii
1230 2084 1362 2144 sun't
1406 2089 1627 2144 erronei
1669 2090 1724 2142 in
1772 2087 2046 2159 gentibus,

466 2187 622 2254 juxta
648 2183 938 2254 Prophetae
969 2197 1156 2237 vocem
1189 2183 1254 2235 5".
1297 2181 1570 2238 Caeterum
1618 2181 1675 2236 in
1702 2181 1922 2237 Christo
1957 2197 2051 2235 va—

472 2276 640 2331 rietas
668 2274 982 2344 linguarum
1008 2274 1217 2328 bonum
1239 2273 1458 2344 signum
1509 2281 1648 2328 erat.
1697 2271 2051 2342 Congregatis

470 2367 619 2422 enim
670 2365 957 2435 discipulis
982 2364 1070 2420 die
1097 2365 1450 2420 Pentecostes
1487 2364 1541 2418 in
1573 2379 1740 2419 unam
1792 2363 2048 2418 domum:

480 2481 497 2512 ι
522 2461 721 2516 Factus
736 2466 839 2524 est,
869 2478 887 2510 ›
921 2458 1120 2528 inquit,
1159 2477 1177 2509 ι
1201 2466 1426 2528 repente
1455 2457 1523 2512 de
1551 2457 1691 2512 caelo
1712 2472 1882 2512 sonus
1926 2465 2050 2511 tan-

470 2565 636 2621 quam
662 2549 872 2619 impetu
901 2548 1176 2604 venientis
1208 2547 1370 2602 ﬂatus
1389 2547 1754 2613 vehementis,
1788 2554 1845 2601 et
1869 2546 2051 2617 reple-

471 2643 552 2697 vit
580 2650 750 2697 totam
769 2642 996 2696 domum
1021 2639 1116 2695 ubi
1149 2649 1309 2696 erant
1334 2639 1609 2696 sedentes.
1659 2639 1728 2694 Et
1770 2639 1901 2694 visa:
1921 2647 2054 2696 sunt

470 2735 583 2790 illis
615 2734 868 2790 dissectae
922 2733 1122 2805 linguae
1160 2732 1312 2788 velut
1351 2720 1544 2803 igneae,
1572 2731 1826 2802 seditque
1886 2745 2053 2801 super

468 2822 721 2895 singulos
737 2837 952 2889 eorum,
976 2830 1032 2877 et
1052 2822 1248 2893 repleti
1279 2830 1408 2877 sunt
1436 2836 1630 2878 omnes
1679 2821 1884 2893 Spiritu
1930 2837 2055 2876 san-

468 2921 581 2981 cto,
604 2921 1006 2985 coeperuntque
1047 2913 1199 2983 loqui
1254 2912 1379 2968 aliis
1407 2913 1634 2985 linguis,
1676 2922 1842 2984 prout
1881 2912 2055 2983 Spiri-

467 3013 563 3061 tus
584 3005 754 3061 dabat
770 3004 956 3075 eloqui
988 3003 1104 3059 illis
1131 3003 1198 3057 ³⁸.
1223 3021 1241 3055 ι
1298 3001 1442 3069 Quid
1468 3019 1604 3059 vero
1643 3000 2053 3071 loquebantur?

468 3077 856 3171 suppeditante
897 3097 1032 3168 ipsis
1076 3096 1284 3166 Spiritu
1335 3095 1555 3183 aditum
1605 3091 1674 3144 ad
1712 3105 1969 3183 superna,
1993 3097 2052 3143 et
2077 3125 2120 3183 ε

469 3206 758 3248 ascensum
781 3190 837 3243 in
864 3187 1031 3242 caelos
1050 3187 1106 3238 in
1128 3185 1349 3240 Christo
1369 3198 1467 3252 per
1485 3181 1670 3244 ﬁdem,
1694 3179 2049 3248 omniumque

471 3298 570 3353 per
601 3281 920 3334 universum
946 3274 1137 3329 orbem
1169 3281 1438 3328 terrarum
1463 3273 1792 3343 linguarum,
1819 3269 1932 3325 sive
1952 3284 2052 3339 po-

470 3367 886 3442 pulorum,sive
937 3365 1178 3436 gentium
1206 3362 1260 3416 in
1316 3361 1581 3416 unitatem
1625 3374 1953 3415 concursum
1991 3357 2050 3412 in

472 3460 706 3531 Spiritu.
727 3455 1108 3514 Conﬂtebatur
1149 3451 1298 3508 enim
1343 3451 1523 3506 omnis
1550 3450 1736 3520 lingua
1762 3448 2050 3504 hominum

469 3550 712 3616 Christo,
763 3549 1046 3619 ipsiusque
1085 3544 1344 3617 mysteria
1387 3542 1737 3614 loquebatur.
1779 3540 2050 3621 Quocirca

468 3644 708 3700 varietas
730 3640 954 3712 quidem
976 3640 1288 3709 linguarum
1315 3637 1371 3691 in
1402 3636 1540 3692 turri
1565 3635 1782 3706 signum
1799 3642 1914 3689 erat
1937 3633 2051 3689 dis-

471 3734 762 3806 sipationis
821 3746 884 3786 ac
931 3727 1332 3801 profugationis
1377 3729 1436 3782 in
1497 3742 1692 3783 omnes
1739 3736 1964 3798 gentes:
1991 3726 2051 3782 in

469 3827 690 3884 Christo
731 3839 865 3881 vero
906 3823 1119 3894 signum
1179 3835 1480 3877 concursus
1537 3819 1594 3873 in
1633 3817 1900 3874 unitatem
1944 3833 2053 3888 per

459 3918 768 3990 Spiritum.
795 3923 853 3971 et
868 3930 1122 3970 accessus
1142 3913 1208 3968 ad
1245 3913 1464 3970 coelum.
1494 3911 1690 3967 Factus
1709 3911 1859 3966 enim
1887 3911 2050 3967 nobis

470 4017 559 4066 est
578 4007 831 4064 Christus
855 4025 872 4058 ι
900 4005 1068 4062 turris
1108 4003 1470 4069 fortitudinis,
1495 4023 1513 4054 ι
1552 4005 1707 4075 quta
1731 4003 1841 4075 46
1887 4002 2047 4058 Psal-

473 4099 649 4154 mistae
687 4113 878 4153 vocem
916 4097 982 4159 ⁵⁸,
1014 4097 1069 4149 in
1109 4104 1399 4165 supernam
1442 4094 1722 4150 civitatem
1767 4093 2049 4149 transmit-

472 4199 617 4253 tens,
657 4197 714 4243 et
757 4194 1074 4242 sanctorum
1131 4186 1450 4257 angelorum
1488 4184 1674 4240 choris
1710 4186 2046 4256 conjungens

472 4294 570 4342 eos
597 4279 691 4349 qui
716 4278 771 4332 in
810 4275 976 4332 terris
1007 4276 1231 4347 degunt.

2156 535 2392 608 ἰσχύσειν
2481 537 2575 591 καὶ
2647 537 2808 608 ἄχρις
2857 535 2925 590 ἂν
2968 536 3146 591 αὐτῶν
3209 537 3452 608 οὐρανῶν
3515 537 3606 590 τὸν
3663 539 3728 592 ἐκ

2152 624 2373 679 πλίνθου
2405 642 2463 678 τε
2489 626 2584 679 καὶ
2617 625 2721 695 γῆς
2749 625 3142 697 ἀναδείμασθαι
3174 625 3403 696 πύργον.
3433 621 3556 678 Εἶεν
3584 626 3628 678 δ’
3661 626 3728 680 ἂν

2152 716 2231 779 εἰς
2251 714 2438 781 τύπον,
2457 711 2609 786 οἶμαί
2629 734 2754 781 που,
2779 715 2873 769 καὶ
2898 717 3051 770 αὐτοὶ
3065 716 3129 788 δὴ
3153 716 3314 770 πάλιν
3329 717 3430 786 τῆς
3461 716 3729 770 Ἰουδαίων

2152 810 2465 872 ἀσυνεσίας,
2489 810 2740 880 εὑρήσειν
2771 807 3146 880 ὐπειληφότων
3173 808 3272 879 τὴν
3307 808 3441 879 πρὸς
3482 807 3614 861 Θεὸν
3654 810 3729 860 oi-

2153 899 2440 969 κειότητα⁶
2485 898 2765 969 μονονουχὶ
2805 897 2862 952 δὲ
2903 898 2998 953 καὶ
3039 897 3208 970 αὐτὴν
3243 898 3344 969 τὴν
3384 899 3464 961 είς
3510 897 3580 950 τὰ
3618 895 3730 949 ἄνω

2153 992 2405 1063 πορείαν,
2439 991 2500 1045 οὐ
2531 991 2620 1046 διά
2647 1007 2711 1060 γε
2745 990 2838 1044 τοῦ
2878 991 3009 1062 δρᾷν
3041 989 3257 1043 ἑλέσθαι
3283 989 3444 1061 τυχὸν
3479 988 3548 1043 τὰ
3581 986 3732 1058 αὐτῷ

2151 1083 2408 1138 δοκοῦντα
2433 1084 2526 1138 καὶ
2549 1083 2694 1154 φίλα,
2717 1082 2841 1136 οὐτε
2867 1081 2972 1153 μὴν
2994 1082 3084 1135 διὰ
3108 1083 3342 1145 πίστεως
3371 1085 3468 1154 τῆς
3494 1083 3573 1146 είς
3591 1083 3731 1152 Χρι-

2154 1177 2298 1244 στὸν,
2319 1176 2434 1231 ἀλλ’
2462 1177 2652 1248 ῶσπερ
2673 1175 2795 1229 τινὰ
2817 1174 3029 1248 πύργον
3057 1174 3471 1240 ὲξανιστὰντων,
3502 1173 3730 1246 ἀμαθῶς

2151 1270 2211 1324 τὸ
2238 1270 2328 1322 ἐπὶ
2353 1272 2532 1341 γυμνῇ
2581 1268 2675 1321 καὶ
2707 1267 2840 1338 μόνῃ
2868 1269 2932 1337 τῇ
2956 1265 3064 1319 τῶν
3087 1266 3338 1338 πατέρων
3359 1266 3578 1336 εὐκλείᾳ
3599 1282 3731 1335 φρο-

2151 1363 2310 1432 νῆσαι
2335 1361 2402 1414 τὰ
2433 1359 2632 1432 ὑψηλά.
2669 1360 2816 1412 Ἀνω
2839 1376 2899 1412 τε
2929 1358 3037 1428 γὰρ
3058 1357 3152 1411 καὶ
3181 1360 3333 1412 κάτω
3355 1359 3445 1412 τὸν
3479 1358 3730 1428 Ἀϐραὰμ

2150 1453 2507 1524 ὀνομάζοντες
2526 1491 2540 1518 ,
2570 1451 2664 1505 καὶ
2695 1451 2902 1522 γηῖνοις
2936 1450 3218 1521 αὐχήμασι
3242 1449 3340 1521 τὴν
3373 1450 3508 1503 ίδίαν
3540 1450 3728 1519 ὥσπερ

2151 1543 2557 1615 οἰκοδομοῦντες
2585 1542 2764 1610 δόξαν,
2796 1542 2882 1595 ἀεί
2913 1559 3028 1604 πως
3055 1541 3538 1610 κατεγινώσκοντο.
3588 1541 3726 1594 Ἀλλ’

2151 1635 2388 1706 ἐπετίμα
2419 1635 2516 1705 μὲν
2546 1637 2660 1696 τοῖς
2688 1632 2778 1686 τὸν
2817 1633 3024 1704 πύργον
3049 1633 3482 1703 τεκταινομένοις
3515 1634 3543 1686 6
3573 1631 3725 1698 Θεὸς,

2152 1730 2245 1782 καὶ
2269 1729 2347 1792 εἰς
2378 1728 2576 1792 πολλὰς
2603 1727 2798 1789 αὐτοὺς
2828 1725 3157 1796 κατεμέριζε
3189 1723 3457 1794 γλώσσας.
3493 1726 3731 1796 Προανα-

2153 1821 2393 1891 φώνησιν
2416 1819 2472 1872 δὲ
2507 1817 2695 1888 ὥσπερ
2719 1816 2841 1870 τινὰ
2869 1815 3120 1885 γενέσθαι
3153 1815 3351 1886 φαμὲν,
3386 1815 3448 1868 τὸ
3477 1815 3561 1868 ἐπ’
3588 1815 3730 1868 ὲκεί-

2151 1928 2262 1974 νοις
2299 1910 2440 1975 τότε,
2483 1908 2591 1962 τῶν
2626 1910 2736 1971 τοῖς
2779 1906 3057 1969 Ἰουδαίοις
3104 1904 3549 1976 συμϐεϐηκότων.
3593 1907 3729 1977 Φρο-

2152 2001 2376 2065 νοῦντας
2396 2000 2505 2071 γὰρ
2530 1999 2651 2054 λίαν
2671 2000 2740 2052 τὰ
2768 1999 2968 2070 ὑψηλὰ,
2991 1998 3086 2052 καὶ
3106 1998 3170 2052 δι’
3194 1991 3269 2052 ὧν
3291 1998 3490 2069 ἥκιστα
3510 1995 3614 2070 χρὴ
3629 1996 3729 2067 τήν

2151 2098 2231 2159 είς
2277 2095 2345 2148 τὰ
2387 2095 2498 2150 ἄνω
2545 2094 2842 2166 ζητοῦντας
2896 2093 3155 2164 πορείαν,
3201 2091 3598 2146 κατεσκέδασεν
3647 2091 3729 2154 είς
3840 2115 3852 2127 ο

2151 2185 2581 2256 πολυγλωσσίαν,
2610 2184 2910 2246 τουτέστιν,
2929 2183 3007 2246 είς
3032 2181 3211 2235 πάντα
3231 2183 3300 2236 τὰ
3324 2181 3472 2252 ἔθνη.
3497 2181 3730 2234 Διεσπά-

2148 2295 2324 2351 ρησαν
2351 2277 2459 2347 γὰρ
2487 2275 2671 2346 χώρας
2697 2292 2756 2328 τε
2779 2275 2878 2345 τῆς
2906 2273 3055 2342 σφῶν
3081 2274 3176 2328 καὶ
3198 2274 3424 2338 πόλεως,
3452 2273 3546 2327 καὶ
3566 2273 3731 2326 οῐκων

2150 2369 2334 2440 ἀπηλα
2342 2369 2514 2439 μένοι,
2528 2369 2623 2420 καὶ
2635 2367 2889 2436 γεγόνασι
2902 2365 3170 2434 πλανῆται
3182 2366 3240 2419 ὲν
3250 2368 3361 2428 τοῖς
3375 2364 3573 2430 ἔθνεσι,
3587 2365 3732 2418 κατὰ

2150 2460 2248 2532 τὴν
2279 2460 2564 2532 Προφήτου
2596 2453 2800 2529 φωνήν.
2843 2457 2981 2511 Ἀλλ’
3010 2459 3067 2510 ὲν
3091 2455 3310 2529 Χριστῷ
3335 2456 3396 2509 τὸ
3417 2455 3734 2524 πολύγλωσ-

2153 2568 2265 2616 σον,
2292 2554 2514 2622 σημεῖον
2538 2547 2606 2622 ἦν
2631 2550 2854 2620 ἀγαθόν.
2886 2549 3250 2620 Συνηγμένων
3278 2548 3387 2619 γὰρ
3410 2548 3520 2603 τῶν
3557 2549 3734 2621 μαθη-

2151 2638 2260 2692 τῶν
2292 2639 2435 2692 κατὰ
2456 2639 2556 2710 τὴν
2579 2638 2794 2711 ἡμέραν
2809 2641 2908 2710 τῆς
2939 2638 3326 2709 Πεντηκοστῆς
3349 2639 3427 2702 είς
3448 2634 3593 2692 οἷκον
3613 2639 3730 2692 Eva:

2159 2743 2178 2778 ι
2218 2726 2484 2796 Ἐγένετο,
2535 2747 2553 2782 ι
2604 2729 2788 2800 φησὶν,
2828 2747 2848 2781 ι
2885 2730 2950 2782 ὲκ
2984 2727 3078 2782 τοῦ
3111 2727 3340 2800 ούρανοῦ
3381 2729 3534 2798 ἄφνω
3577 2725 3730 2800 ἦχος,

2153 2819 2342 2892 ὥσπερ
2372 2821 2676 2894 φερομένης
2705 2822 2876 2891 πνοῆς
2911 2821 3108 2890 βιαίας,
3151 2822 3244 2874 καὶ
3270 2821 3588 2890 ἐπλήρωσεν
3611 2821 3732 2873 ὅλον

2152 2911 2244 2963 τὸν
2280 2907 2428 2963 οἷκον
2470 2904 2530 2962 οὗ
2564 2909 2706 2980 ἦσαν
2745 2911 3065 2980 καθήμενοι.
3095 2911 3207 2964 Καὶ
3249 2908 3509 2977 ὤφθησαν
3545 2910 3732 2973 αὐτοῖς

2152 2999 2599 3069 διαμεριζόμεναι
2631 2999 2872 3066 γλῶσσαι
2918 2999 3047 3053 ὡσεὶ
3079 3000 3271 3071 πυρὸς,
3297 3000 3525 3054 ὲκόιθισέ
3552 3018 3611 3054 τε
3643 3002 3730 3071 ἐφ’

2153 3089 2248 3142 ἕνα
2276 3089 2505 3142 ἕκαστον
2534 3089 2735 3155 αὐτῶν,
2776 3091 2872 3144 καὶ
2907 3090 3256 3161 ἐπλήσθησαν
3282 3091 3522 3156 ἅπαντες
3562 3092 3735 3146 Πνεύ-

2158 3197 2326 3250 ματος
2369 3179 2548 3249 ἁγίου,
2591 3181 2685 3233 καὶ
2719 3180 2952 3252 ήρξαντο
2983 3181 3162 3236 λαλεῖν
3189 3183 3404 3254 ἑτέραις
3433 3183 3729 3252 γλώσσαις,

2155 3270 2334 3337 καθὼς
2366 3271 2428 3326 τὸ
2453 3271 2678 3344 Πνεῦμα
2709 3273 2877 3327 ἐδίδου
2905 3275 3088 3339 αὐτοῖς
3117 3275 3578 3346 ἀποφθέγγεσθαι.
3611 3296 3636 3329 ι
3669 3277 3735 3331 Τί

2152 3364 2211 3420 δὲ
2241 3364 2304 3436 δὴ
2333 3363 2429 3418 καὶ
2462 3364 2717 3431 ὲλάλουνς
2750 3366 3112 3438 χορηγοῦντος
3152 3368 3246 3422 τοῦ
3280 3369 3597 3440 Ηνεύματος
3633 3370 3737 3442 τὴν

2155 3455 2234 3518 εἰς
2265 3454 2334 3509 τὰ
2373 3455 2487 3508 ἄνω
2519 3454 2778 3526 πορείαν,
2807 3457 2908 3528 τὴν
2950 3458 3029 3520 είς
3061 3458 3326 3529 οὐρανοὺς
3369 3459 3634 3512 ἀνάϐασιν
3673 3460 3737 3515 ἐν

2154 3543 2377 3617 Χριστῷ
2418 3543 2507 3599 διὰ
2557 3545 2823 3609 πίστεως,
2857 3545 2956 3616 τὴν
2991 3547 3249 3602 ἁπάντων
3294 3547 3404 3602 τῶν
3445 3549 3587 3604 κατὰ
3629 3549 3737 3622 τὴν

2153 3636 2476 3708 οἰκουμένην
2503 3638 2764 3706 γλωσσῶν
2785 3679 2800 3700 ,
2828 3641 2944 3711 ἦτοι
2974 3640 3172 3712 λαῶνῆ
3203 3641 3373 3696 ἐθνῶν
3405 3645 3484 3707 εἰς
3509 3643 3738 3714 ἑνότητα

2155 3727 2460 3798 συνδρομὴν
2503 3729 2563 3781 ὲν
2611 3728 2906 3800 Πνεύματι.
2955 3730 3375 3802 Ἐξωμολογεῖτο
3405 3736 3514 3804 γὰρ
3545 3734 3737 3788 ἅπασα

2153 3818 2376 3888 γλῶσσα
2411 3819 2618 3892 βροτῶν
2642 3821 2720 3892 τῷ
2746 3821 2986 3894 Χριστῷ,
3015 3824 3110 3877 καὶ
3134 3823 3202 3878 τὰ
3231 3825 3394 3880 αὐτοῦ
3419 3827 3599 3880 ἐλάλει
3633 3845 3740 3896 μυ-
3801 3840 3820 3866 ο

2157 3910 2375 3981 στήρια.
2420 3910 2628 3965 οὐκοῦν
2659 3912 2753 3966 ἐπὶ
2797 3913 2896 3984 μὲν
2924 3914 3017 3968 τοῦ
3058 3915 3268 3989 πύργου
3301 3918 3606 3988 σκεδασμοῦ
3638 3921 3739 3975 καὶ

2157 4001 2475 4072 ἀποδρομῆς
2523 4004 2622 4074 τῆς
2665 4006 2745 4069 είς
2790 4006 2966 4060 πάντα
3015 4006 3084 4060 τὰ
3124 4007 3288 4077 ἔθνη.
3326 4013 3552 4080 σημεῖον
3594 4006 3662 4082 ἦν
3697 4014 3737 4084 ή

2156 4091 2555 4161 πολυγλωσσίαο
2581 4095 2674 4148 ἐπὶ
2695 4095 2752 4149 δὲ
2779 4097 2869 4150 τοῦ
2892 4098 3152 4170 Χριστοῦ,
3168 4100 3266 4172 τῆς
3287 4103 3366 4164 εἰς
3391 4103 3615 4174 ἑνότητα
3644 4104 3739 4160 διὰ

2154 4183 2474 4255 Πνεύματος
2509 4187 2842 4260 συνδρομῆς,
2868 4193 2964 4245 καῖ⁵
3005 4191 3107 4263 τῆς
3138 4196 3216 4258 είς
3247 4195 3315 4247 τὰ
3341 4196 3453 4250 ἅνω
3481 4196 3734 4268 πορείας.

2151 4274 2347 4344 Γέγονε
2375 4277 2482 4349 γὰρ
2512 4281 2644 4349 ἡμῖν
2668 4283 2696 4334 6
2725 4283 2978 4354 Χριστὸς,
3008 4303 3029 4336 ‹
3063 4284 3272 4356 πύργος
3296 4287 3503 4357 ἰσχύος,
3544 4308 3563 4341 ι
3591 4290 3740 4344 κατὰ

471 4374 573 4445 τὴν
609 4371 702 4428 τοῦ
738 4371 1048 4436 Ψάλλοντος
1082 4369 1284 4442 φωνὴν,
1320 4372 1400 4434 εἰς
1427 4370 1526 4442 τὴν
1562 4370 1673 4426 ἄνω
1717 4369 2048 4441 διακομίζων
2086 4370 2262 4438 πόλιν,
2301 4374 2395 4427 καὶ
2426 4377 2537 4438 τοῖς
2561 4376 2668 4429 τῶν
2723 4378 2894 4446 ἁγίων
2957 4381 3204 4449 ἀγγέλων
3238 4385 3523 4439 συνάπτων
3552 4389 3740 4457 χοροῖς

473 4470 602 4534 τοὺς
637 4468 730 4522 ἐπὶ
760 4467 863 4540 τῆς
900 4467 1024 4538 γῆς.

826 4621 905 4676 De
932 4620 1202 4676 Abraham
1237 4624 1294 4674 ἐλ
1330 4620 1688 4677 Melchisedec.

544 4736 598 4790 1.
637 4733 838 4802 Legem
876 4731 1100 4802 quidem
1129 4731 1186 4787 in
1230 4732 1501 4788 auxilium
1547 4732 1702 4788 dedit
1756 4731 2047 4788 universo-

473 4841 596 4883 rum
626 4823 910 4879 Dominus.
947 4823 1025 4878 lta
1052 4823 1201 4878 enim
1240 4824 1502 4894 scriptum
1539 4833 1622 4880 est
1658 4824 1744 4878 ⁸⁸⁸.
1779 4821 2049 4878 Caeterum

473 4919 621 4992 quod
644 4919 733 4973 lex
753 4909 909 4987 quasi
927 4931 1134 4986 pueros
1165 4916 1422 4981 instruat,
1467 4916 1670 4972 Christi
1736 4929 1870 4970 vero
1929 4928 2048 4983 my-

475 5010 703 5066 sterium
765 5007 1032 5078 perﬁciat,
1061 5023 1411 5078 nequaquam
1477 5007 1695 5061 difﬁcile
1756 5004 1922 5060 fuerit
1981 5017 2049 5058 ex

475 5103 612 5172 ipsis
640 5099 810 5154 sacris
850 5099 1076 5153 Litteris
1113 5099 1318 5164 videre,
1385 5099 1614 5170 ejusque
1669 5095 2048 5166 probationem

476 5189 603 5244 inde
637 5195 902 5258 petentes,
945 5197 1002 5242 et
1035 5188 1321 5243 verissima
1369 5188 1707 5257 colligentes.
1751 5184 2049 5241 Suﬁ'ecerit

477 5288 685 5341 autem,
715 5287 776 5331 ut
800 5277 1064 5343 arbitror,
1102 5278 1323 5333 divinus
1352 5277 1576 5340 Paulus,
1597 5277 1788 5331 dicens
1806 5275 1874 5331 de
1910 5275 2049 5330 duo-

489 5371 591 5424 bus
622 5367 988 5422 Testamentis
1023 5385 1036 5420 :
1078 5387 1097 5418 ‹
1119 5368 1416 5440 Abrogatio
1454 5366 1676 5437 quidem
1728 5367 1800 5422 sit
1837 5382 2046 5438 praece-

482 5460 665 5516 dentis
685 5456 944 5522 mandati,
972 5459 1043 5513 ob
1075 5460 1453 5515 inﬁrmitatem
1475 5461 1615 5532 ejus,
1653 5469 1816 5530 atque
1872 5460 2044 5515 inuti-

477 5553 707 5608 litatem.
738 5549 884 5606 Nihil
911 5551 1058 5606 enim
1079 5553 1310 5622 perfecit
1330 5553 1444 5608 lex:
1497 5551 1912 5624 superinductio
1945 5567 2047 5606 au-

2311 4617 2447 4686 Ilspl
2483 4620 2589 4672 τοῦ
2629 4619 2875 4689 Ἀϐραὰμ
2907 4620 3003 4674 καὶ
3041 4623 3148 4678 τοῦ
3177 4627 3570 4695 Μελχισεδέκ.

2229 4735 2296 4782 α’.
2341 4727 2521 4798 Νόμον
2568 4729 2665 4798 μὲν
2712 4730 2790 4793 εἰς
2822 4731 3072 4802 βοήθειαν
3105 4733 3333 4788 δέδωκεν
3373 4738 3402 4789 6
3448 4739 3555 4792 τῶν
3593 4741 3744 4797 ὅλων

2157 4819 2320 4883 Θεόςο
2354 4819 2662 4890 γέγραπται
2699 4820 2806 4891 γὰρ
2829 4821 2948 4874 ὡδί.
2985 4824 3131 4894 Πλὴν
3171 4827 3250 4879 ὅτι
3282 4829 3605 4901 παιδοκομεῖ
3633 4834 3744 4903 μὲν

2155 4913 2185 4964 6
2229 4911 2412 4981 νόμος,
2461 4912 2658 4965 τελειοῖ
2689 4912 2746 4966 δὲ
2786 4913 2968 4966 λοιπὸν
3012 4915 3074 4968 τὸ
3120 4918 3356 4989 Χριστοῦ
3406 4926 3739 4995 μυστήριον,

2157 5001 2388 5072 χαλεπὸν
2413 5001 2564 5056 οὐδὲν
2603 5003 2663 5068 ἐξ
2695 5005 2874 5059 αὐτῶν
2912 5008 3060 5077 ἡμᾶς
3091 5011 3383 5083 καταθρείν
3423 5015 3531 5069 τῶν
3568 5019 3744 5089 ἱερῶν

2158 5095 2535 5165 Γραμμάτων,
2573 5095 2672 5166 τὴν
2701 5097 2793 5150 ἐπὶ
2828 5099 2962 5169 τῷδε
2995 5102 3177 5156 πίστιν
3207 5106 3624 5178 ἐρανιζομένους
3667 5111 3738 5168 εὖ

2161 5185 2326 5256 μάλα,
2366 5188 2460 5241 καὶ
2478 5187 2545 5240 τὰ
2571 5187 2743 5259 ἀληθῆ
2781 5191 3132 5259 συλλέγοντας
3151 5211 3165 5224 ο
3196 5196 3411 5270 ἀπόχρη
3449 5199 3526 5264 δὲ,
3551 5196 3738 5269 οἶμαι,

2156 5281 2249 5332 καὶ
2285 5281 2314 5332 6
2359 5279 2643 5343 θεσπέσιος
2674 5281 2848 5349 λέγων
2878 5284 3084 5349 Παῦλος
3115 5290 3242 5359 περὶ
3275 5294 3392 5343 ταῖν
3436 5292 3580 5345 δυοῖν
3615 5294 3745 5348 δια-

2156 5367 2382 5438 θήκαιν·
2431 5386 2450 5419 ‹
2513 5369 2793 5441 Ἀθέτησις
2840 5372 2939 5444 μὲν
2978 5373 3086 5447 γὰρ
3122 5377 3330 5447 γίνεται
3382 5382 3744 5454 προαγούσης

2153 5459 2372 5528 ἐντολῆς
2411 5458 2497 5512 διὰ
2532 5460 2594 5512 τὸ
2625 5462 2792 5534 αὐτῆς
2836 5465 3060 5531 ἀσθενὲς
3107 5471 3200 5522 καὶ
3238 5469 3528 5538 ἀνωφελές.
3563 5472 3744 5530 Οὐδὲν

2155 5550 2264 5620 γὰρ
2297 5549 2609 5605 ἐτελείωσεν
2650 5555 2679 5607 6
2709 5555 2904 5626 νόμος·
2941 5560 3288 5632 ἐπεισαγωγὴ
3330 5561 3388 5614 δὲ
3418 5560 3747 5633 κρείττονος

546 5728 594 5764 ⁸⁵
640 5732 783 5790 Psal.
825 5750 910 5803 cv,
927 5736 1016 5792 41.
1093 5737 1138 5770 "
1170 5737 1290 5794 Act.
1327 5753 1385 5804 ιι,
1413 5739 1534 5796 2-4.
1612 5740 1819 5797 "Psal.
1848 5754 1933 5807 ως,
1982 5738 2036 5794 4.

2153 5737 2182 5772 ⁵⁶
2215 5737 2390 5798 Galat.
2419 5757 2496 5811 tu,
2533 5742 2624 5797 24.
