4052 6212
291 325 354 386 at
1300 322 1823 383 GLAPIIYRORUM
1861 323 1930 380 1N
1968 307 2267 379 Genesm
2311 324 2438 379 LIB.
2482 311 2544 379 η.
3490 321 3562 382 82

291 439 547 505 ἐλπίδος,
581 438 650 493 δι’
672 432 743 513 ἦς
772 435 1059 510 ἐγγίζομεν
1097 437 1174 509 τῷ
1199 437 1336 509 Θεῷ.
1384 457 1403 491 ι
1439 437 1650 494 Οὐκοῦν
1680 439 1746 492 ἴοι
1784 439 1883 510 μέν

1991 444 2098 490 tem
2149 437 2392 491 melioris
2417 437 2552 506 spei,
2587 453 2683 508 per
2714 452 2878 507 quam
2933 437 3434 510 appropinquamus
3492 443 3558 494 ad

293 547 375 595 τις
423 531 521 584 καὶ
575 528 722 601 μάλα
776 529 974 601 ῥᾳδίως
1015 529 1096 593 είς
1131 530 1440 601 οἰκειότητα
1485 530 1586 601 τὴν
1621 531 1698 595 ὠς
1745 531 1883 602 πρὸς

291 622 448 689 Θεὸν,
480 622 542 675 οὐ
575 621 667 677 διά
688 639 752 690 γε
783 623 884 692 τῆς
916 620 1140 694 πρώτης
1179 623 1273 676 καὶ
1299 622 1602 693 Μωσαῖκῆς
1639 622 1880 694 ἐντολῆς·

292 713 380 766 διά
409 714 513 783 τῆς
541 712 841 782 λεγομένης
868 711 923 765 δὲ
955 713 1280 785 ὲπεισῆχθαι
1305 712 1537 780 ἐλπίδος,
1569 715 1636 784 ἢν
1664 716 1782 778 ταῖς
1804 714 1884 778 είς

291 803 352 856 τὸ
382 801 611 872 ἄμεινον
635 801 840 873 ψήφοις
876 802 1172 872 στεφανοῦν
1211 803 1385 858 ἐδόκει
1424 803 1503 875 τῷ
1538 805 1883 876 μυσταγωγῷ

296 893 432 964 πρὸς
459 891 725 963 ἀλήθειαν
752 893 1022 964 βλέποντι.
1073 893 1398 964 Ἠθετῆσθαι
1419 893 1478 946 δὲ
1510 893 1697 964 σαφῶς
1723 895 1792 947 τὰ
1823 896 1883 948 ἐν

296 984 447 1054 νόμῳ
487 985 643 1056 φησὶ,
680 986 772 1038 καὶ
817 987 918 1058 τῆς
963 986 1311 1058 προαγούσης
1357 986 1582 1058 ἐντολῆς
1610 987 1671 1040 rb
1716 987 1883 1058 μηδὲν

297 1077 559 1131 δύνασθαι
590 1078 831 1132 τελειοῦν
859 1078 1201 1150 καθορίζων,
1241 1080 1548 1135 ἐπιστέλλει
1587 1079 1882 1150 Ἑϐραίοις·

309 1189 330 1222 ι
361 1172 426 1224 Εἰ
460 1170 570 1242 γὰρ
590 1172 624 1240 ή
658 1167 850 1242 πρώτη
883 1171 1063 1241 ἐκείνη
1096 1167 1165 1243 ῆν
1187 1171 1497 1242 ἄμεμπτος,
1535 1173 1636 1226 οὐκ
1661 1172 1728 1226 ἂν
1765 1172 1884 1225 δευ-

299 1261 465 1334 τέρας
495 1263 740 1332 ἐζητεῖτο
775 1261 963 1326 τόπος.
996 1263 1366 1334 Μεμφόμενος
1392 1264 1500 1336 γὰρ
1531 1263 1668 1334 αὐτῇ
1698 1262 1879 1330 λέγει·

309 1352 438 1405 ἰδοὺ
468 1351 677 1423 ἡμέραι
705 1351 974 1423 ἔρχονται,
1002 1352 1150 1421 λέγει
1191 1352 1396 1424 Κύριος
1415 1393 1430 1416 ,
1458 1353 1551 1408 καὶ
1581 1351 1884 1406 συντελέσω

295 1444 390 1498 ἐπὶ
412 1445 509 1500 τὸν
544 1441 694 1498 οἷκον
739 1444 976 1516 Ἰσραὴλ,
1011 1445 1105 1499 καὶ
1141 1445 1234 1498 ἐπὶ
1259 1445 1351 1498 τδν
1371 1441 1518 1499 οἷκον
1571 1444 1741 1498 Ἰούδα
1765 1444 1882 1498 διαο

298 1536 476 1607 θήκην
529 1536 758 1608 καινὴν,
803 1537 862 1590 οὔ
910 1537 1050 1592 κατά
1087 1536 1186 1607 τήν
1209 1535 1472 1608 διαθήκην
1510 1536 1576 1608 ἢν
1624 1535 1883 1606 διεθέμην

295 1630 408 1692 τοῖς
441 1629 718 1698 πατράσιν
746 1629 927 1683 αὐτῶν
956 1632 1014 1683 ἐν
1035 1630 1218 1702 ἡμέρᾳ
1239 1631 1632 1702 ἐπιλαϐομένου
1658 1647 1760 1700 μου
1781 1629 1884 1698 τῆς

293 1718 475 1790 χειρὸς
519 1719 702 1772 αὐτῶν
725 1758 742 1785 ,
776 1720 1066 1790 ἐξαγαγεῖν
1099 1721 1299 1786 αὐτοὺς
1331 1722 1398 1775 ἐκ
1436 1722 1536 1792 γῆς
1566 1719 1844 1790 Αἰγύπτου
1864 1733 1879 1749 ·

293 1811 370 1864 δτι
404 1811 569 1864 αὐτοὶ
618 1811 720 1865 οὒκ
757 1812 1039 1884 ἐνέμειναν
1072 1814 1131 1867 ἐν
1173 1815 1241 1885 τῇ
1286 1813 1518 1885 διαθήκῃ
1561 1831 1684 1884 μου,
1727 1811 1884 1882 κάγὼ

291 1901 547 1973 ἠμέλησα
575 1903 777 1969 αὐτῶν,
813 1904 961 1974 λέγει
989 1904 1214 1977 Κύριος.
1257 1906 1383 1959 Ὅτι
1412 1905 1551 1976 αῦτη
1579 1907 1612 1976 ή
1646 1904 1882 1976 διαθήκη

291 1993 356 2064 ἢν
395 1994 731 2067 διαθήσομαι
771 1996 851 2067 τῷ
890 1999 1024 2068 οῐκῳ
1079 1997 1296 2070 Ἰσραὴλ
1341 1998 1480 2068 μετά
1526 1997 1626 2062 τὰς
1671 1997 1883 2069 ἡμέρας

292 2079 532 2146 ἐκεὲνας,
577 2082 729 2152 λέγει
780 2084 1017 2156 Κύριος·
1051 2086 1228 2150 διδοὺς
1272 2085 1472 2158 νόμους
1521 2104 1622 2158 μου
1664 2088 1744 2151 είς
1785 2087 1884 2158 τὴν

291 2167 532 2224 διάνοιαν
580 2173 785 2238 αὐτῶν,
834 2175 930 2229 καὶ
965 2175 1059 2228 ἐπὶ
1093 2175 1324 2247 καρδίας
1371 2179 1550 2232 αὐτῶν
1593 2178 1885 2249 ἐπιγράψω

293 2262 490 2330 αὐτούς
511 2281 526 2296 ·
555 2266 653 2319 καὶ
680 2265 876 2337 ἔσομαι
905 2267 1091 2331 αὐτοῖς
1120 2269 1201 2332 είς
1222 2268 1355 2322 Θεὸν
1375 2310 1389 2334 ,
1417 2270 1512 2324 καὶ
1542 2272 1698 2324 αὐτοὶ
1729 2271 1882 2324 ἔσον-

293 2357 378 2411 ut
417 2373 515 2428 μοι
544 2358 626 2420 είς
649 2357 796 2411 λαόν.
825 2358 935 2412 Καὶ
965 2358 1026 2411 ού
1070 2359 1146 2429 μὴ
1187 2359 1491 2426 διδάξουσιν
1527 2361 1759 2424 ἕκαστος
1793 2359 1885 2414 τὸν

297 2446 520 2520 πλησίον
561 2449 756 2513 αὑτοῦ,
792 2449 888 2502 καὶ
914 2449 1143 2514 ἕκαστος
1193 2450 1285 2503 τὸν
1305 2450 1534 2520 ἀδελφὸν
1567 2450 1755 2518 αὑτοῦ,
1794 2449 1881 2504 λέ-

296 2554 510 2609 γοντες·
549 2540 728 2594 Γνῶθι
767 2541 859 2595 τδν
883 2541 1106 2612 Κύριον·
1146 2541 1227 2595 ὃτι
1263 2541 1464 2605 πάντες
1502 2541 1779 2614 είδήσουσί
1810 2558 1878 2613 με

294 2632 400 2688 ἀπὸ
431 2634 639 2704 μικροῦ
687 2634 794 2698 ἕως
834 2636 1072 2706 μεγάλου
1115 2634 1331 2702 αὐτῶν,
1375 2636 1458 2689 ὅτι
1486 2635 1644 2700 ῖλεως
1683 2634 1878 2705 ἔσομαι

295 2727 408 2790 ταῖς
437 2725 744 2797 ἁμαρτίαις
770 2726 970 2791 αὐτῶν,
994 2726 1215 2780 καὶτῶν
1237 2725 1478 2797 ἀνομιῶν
1509 2725 1688 2780 αὐτῶν
1711 2726 1772 2778 οὐ
1804 2723 1880 2795 μὴ

298 2819 522 2892 μνησθῶ
566 2819 670 2874 ἔτι.
711 2838 730 2871 ι
775 2818 1053 2890 Ἐπιφέρει
1083 2818 1140 2872 δὲ
1171 2817 1382 2878 τούτοις
1409 2816 1568 2880 εὐθύς
1587 2832 1602 2848 ·
1631 2834 1650 2867 ι
1706 2815 1795 2869 Ἐν
1822 2815 1882 2869 δὲ

292 2909 367 2983 τῷ
391 2911 583 2980 λέγειν
617 2911 811 2982 καινὴν
835 2949 850 2976 ,
889 2909 1243 2963 πεπαλαίωκε
1275 2908 1375 2980 τὴν
1413 2907 1670 2980 πρώτην·
1719 2906 1782 2960 rb
1824 2906 1882 2960 δὲ

294 2999 703 3071 παλαιούμενον
735 3000 828 3053 καὶ
847 2999 1148 3071 γηράσκον,
1171 3000 1339 3068 ἐγγὺς
1353 2997 1683 3069 ἀφανισμοῦ.
1697 3015 1716 3049 ι
1737 2997 1882 3050 Οὐκ-

294 3091 384 3146 οῦν
405 3090 652 3163 ἀσθενὴς
672 3092 895 3163 ὁνόμος,
916 3091 1009 3145 καὶ
1045 3090 1180 3146 πολὺ
1213 3091 1276 3144 rb
1297 3090 1528 3161 ἀδρανὲς
1544 3089 1665 3160 ἔχον
1689 3089 1882 3160 δρᾶται

295 3181 483 3238 λοιπὸν
509 3184 651 3255 πρός
676 3202 741 3252 γε
762 3184 822 3238 rb
843 3183 1102 3238 δύνασθαί
1133 3200 1277 3255 φημι
1313 3182 1554 3236 τελειοῦν
1583 3184 1663 3246 εἰς
1718 3183 1883 3250 ἁγια-

298 3276 454 3346 σμόν.
490 3277 618 3329 Ὀτι
651 3276 708 3330 δὲ
730 3275 1024 3347 ἀμείνωνή
1067 3273 1378 3346 ἐν’Χριστῷ
1415 3274 1696 3337 δικαίωσις
1732 3273 1884 3344 καὶὴ

295 3361 547 3434 λατρεία,
582 3362 720 3416 Θεοῦ
749 3363 1176 3436 διακεκραγότος
1196 3363 1403 3435 ἀκούσῃ
1430 3363 1619 3432 σαφῶς
1638 3363 1726 3416 διὰ
1752 3379 1888 3432 προ-

297 3454 488 3526 φητῶν
517 3453 728 3523 φωνῆς,
761 3457 875 3518 τοῖς
900 3455 998 3526 τὴν
1017 3455 1240 3526 ἔννομον
1267 3453 1588 3526 τετιμηκόσι
1607 3453 1884 3524 λατρείαν,

297 3547 388 3599 καὶ
432 3547 606 3600 οἱονεί
655 3564 773 3610 πως
825 3547 995 3618 ἀπρὶξ
1046 3547 1314 3619 ἡμμένοις
1348 3546 1447 3616 τῆς
1485 3544 1888 3614 παλαιωθείσης

295 3637 544 3710 ἐντολῆς,
577 3638 709 3692 ποτέ
744 3639 862 3711 μὲν,
896 3657 915 3691 ι
953 3639 1268 3707 Λούσασθε,
1309 3639 1542 3710 καθαροὶ
1573 3638 1823 3709 γένεσθε·
1863 3657 1881 3691 ι

301 3731 435 3784 ποτὲ
482 3730 546 3783 δὲ
575 3730 640 3802 δὴ
675 3727 765 3798 αὖ,
817 3751 837 3784 ι
885 3732 1072 3786 Ἕλεον
1105 3732 1244 3785 θέλω
1289 3732 1383 3786 καὶ
1419 3732 1481 3785 ού
1521 3731 1747 3798 θυσίαν,
1793 3729 1888 3784 καὶ

296 3822 601 3890 ἐπίγνωσιν
626 3821 761 3876 Θεοῦ
791 3823 825 3893 ἢ
855 3821 1306 3894 ὁλοκαυτώματα.
1357 3841 1376 3875 ι
1419 3820 1730 3893 Ἡλεήμεθα
1777 3818 1886 3890 γὰρ

297 3912 354 3966 ἐν
384 3913 642 3986 Χριστῷ,
683 3914 778 3967 καὶ
801 3915 859 3968 ἐν
896 3912 1044 3985 αὐτῷ
1076 3911 1386 3986 τεθεάμεθα
1414 3913 1620 3986 νοητῶς
1654 3911 1746 3966 τὸν
1775 3911 1882 3964 Πα-

297 4001 448 4075 τέρα,
482 4003 586 4057 καὶ
617 4004 710 4057 τὸν
739 4003 900 4073 φύσει
933 4005 1066 4059 Θεὸν
1094 4003 1435 4076 ἐγνώκαμεν.

369 4271 437 4340 β’.
463 4267 754 4333 Εὑπετοῦς
795 4268 851 4323 δὲ
882 4268 1026 4338 ἀγαν
1074 4268 1224 4332 ὄντος
1273 4265 1444 4339 μυρία
1491 4264 1592 4335 μὲν
1625 4263 1727 4316 ὅσα
1771 4260 1886 4325 τοῖς

300 4362 621 4433 είρημένοις
669 4360 1032 4432 ἐπισωρεύειν
1061 4359 1164 4424 έτι,
1199 4356 1660 4430 προσεπενεγκεϊν
1686 4351 1744 4406 δὲ
1774 4368 1889 4420 φω-

1985 529 2167 582 Deum
2187 528 2255 582 ⁸⁷.
2287 547 2305 578 ι
2336 528 2603 594 Quocirca
2663 528 2822 584 facile
2857 528 3151 584 admodum
3194 532 3319 600 quis
3373 530 3566 587 amici-

1987 620 2118 676 tiam
2155 635 2279 674 cum
2305 621 2415 675 Deo
2453 621 2744 685 invenerit,
2783 638 2890 675 non
2944 637 3044 693 per
3077 623 3316 693 primum
3346 624 3478 678 illud
3509 632 3565 678 et

1985 709 2282 764 Mosaicum
2337 710 2675 775 mandatum,
2711 710 2807 766 sed
2858 726 2959 780 per
2987 727 3110 766 eam
3141 728 3262 782 qu:e
3305 715 3562 784 superius

1985 801 2151 856 ducta
2183 800 2388 856 dicitur
2447 816 2598 870 spem
2626 819 2638 853 :
2669 817 2835 870 quam
2874 802 3098 871 quidem
3131 803 3219 856 ille
3282 819 3563 858 sacrorum

1985 892 2374 963 mysteriorum
2388 892 2666 963 interpres
2685 894 2844 963 plena
2866 895 3258 964 approbatione
3281 900 3572 966 prosequi-

1990 992 2078 1038 tur
2113 982 2181 1037 ad
2213 983 2507 1038 veritatem
2529 984 2851 1054 respiciens.
2892 984 3112 1039 Abolita
3135 993 3319 1040 autem
3347 1001 3466 1042 esse
3503 1003 3565 1041 ea

1984 1087 2106 1142 qua:
2151 1071 2210 1126 in
2262 1072 2382 1144 lege
2433 1080 2563 1126 sunt
2615 1072 2905 1128 manifeste
2961 1073 3076 1136 ait,
3130 1081 3192 1128 et
3247 1075 3565 1143 praecedens

1985 1165 2303 1220 mandatum
2347 1163 2486 1219 nihil
2521 1163 2786 1234 perﬁcere
2812 1179 2972 1234 posse
3019 1163 3310 1230 deﬁniens,
3360 1166 3427 1220 ad
3460 1166 3567 1222 He-

1984 1255 2162 1311 braeos
2196 1255 2271 1310 ita
2299 1255 2496 1310 scribit
2520 1273 2532 1308 :
2573 1274 2592 1306 ι
2617 1256 2753 1310 Nam
2781 1256 2827 1311 si
2859 1255 2991 1310 illud
3019 1256 3172 1326 prius
3189 1257 3347 1326 culpa
3374 1273 3562 1314 vacas-

1985 1354 2090 1412 set,
2123 1361 2236 1401 non
2290 1346 2483 1416 utique
2513 1345 2743 1402 secundi
2765 1347 2918 1402 locus
2966 1347 3364 1416 inquireretur.
3405 1349 3564 1403 Vitu-

1984 1453 2183 1507 perans
2205 1438 2350 1493 enim
2385 1437 2543 1504 illud,
2566 1438 2779 1508 inquit:
2824 1439 2966 1494 Ecce
2995 1438 3115 1493 dies
3140 1440 3387 1504 venient,
3429 1441 3567 1496 dicit

1986 1527 2273 1593 Dominus,
2322 1536 2379 1582 et
2403 1527 2798 1582 consummabo
2827 1543 2994 1598 super
3023 1528 3246 1584 domum
3278 1529 3465 1594 lsrael,
3509 1542 3566 1586 et

1985 1633 2150 1688 super
2197 1618 2423 1674 domum
2452 1619 2591 1674 Juda
2630 1625 3019 1674 testamentum
3067 1634 3296 1685 novum,
3330 1637 3438 1676 non
3469 1637 3565 1676 se-

1984 1711 2227 1766 cundum
2267 1718 2656 1766 testamentum
2707 1712 2854 1780 quod
2904 1711 3024 1766 ferii
3089 1714 3340 1782 patrihus
3370 1730 3566 1769 eorum

1914 1798 1957 1854 Β
1987 1799 2043 1854 in
2081 1799 2172 1854 die
2206 1815 2314 1869 qua
2343 1799 2684 1869 apprehendi
2708 1814 2930 1852 manum
2954 1815 3151 1854 eorum
3173 1810 3235 1856 ut
3265 1801 3563 1856 educerem

1985 1889 2107 1943 illos
2131 1887 2198 1943 de
2223 1895 2372 1943 terra
2397 1886 2648 1959 Egypti:
2693 1887 2952 1957 quoniam
3014 1888 3118 1958 ipsi
3143 1905 3255 1944 non
3305 1904 3570 1961 perman-

1984 1988 2177 2036 serunt
2206 1979 2263 2034 in
2294 1986 2622 2034 testamento
2647 1993 2790 2043 meo,
2819 1985 2876 2033 et
2894 1993 2995 2048 ego
3018 1979 3233 2050 neglexi
3286 1995 3402 2046 eos,
3431 1981 3569 2035 dicit

1984 2071 2269 2126 Dominus.
2305 2069 2444 2137 Quia
2472 2070 2578 2124 hoc
2615 2078 2702 2124 est
2750 2077 3142 2126 testamentum
3199 2071 3347 2140 quod
3381 2071 3567 2140 dispo-

1984 2178 2111 2218 nam
2143 2161 2332 2218 domui
2378 2160 2546 2216 Israel
2571 2170 2698 2230 post
2745 2160 2868 2216 dies
2917 2161 3061 2226 illos,
3105 2161 3238 2217 dicit
3265 2162 3566 2216 Dominus:

1985 2253 2121 2309 dans
2145 2253 2292 2324 leges
2331 2267 2480 2308 meas
2526 2252 2584 2306 in
2628 2261 2876 2307 mentem
2920 2268 3146 2319 eorum,
3194 2263 3252 2309 et
3298 2253 3352 2307 in
3399 2252 3568 2308 corde

1986 2344 2391 2415 superscriham
2421 2359 2536 2409 eas,
2558 2349 2616 2398 et
2636 2359 2736 2399 ero
2759 2343 2916 2398 eisin
2951 2344 3146 2408 Deum,
3176 2352 3232 2398 et
3264 2343 3368 2414 ipsi
3401 2357 3570 2401 erunt

1987 2434 2125 2490 mihi
2149 2435 2206 2489 in
2236 2435 2526 2506 populum,
2553 2443 2610 2489 et
2638 2448 2750 2488 non
2783 2433 3005 2488 docebit
3035 2435 3414 2504 unusquisque
3435 2450 3566 2505 pro-

1988 2527 2196 2581 ximum
2250 2541 2432 2592 suum,
2481 2535 2538 2581 et
2565 2524 2946 2595 unusquisque
2987 2524 3212 2580 fratrem
3268 2541 3449 2590 suum,
3485 2525 3569 2586 di-

1989 2632 2154 2674 cens:
2183 2616 2464 2689 Cognosce
2484 2617 2816 2682 Dominum;
2848 2617 3112 2688 quoniam
3147 2633 3342 2673 omnes
3387 2619 3568 2673 scient

1990 2724 2079 2764 me
2101 2723 2132 2763 a
2168 2709 2384 2764 minore
2413 2725 2589 2779 usque
2629 2709 2698 2764 ad
2732 2711 2996 2780 majorem
3045 2725 3262 2774 eorum,
3291 2711 3420 2780 quia
3444 2726 3570 2780 pro-

1990 2799 2160 2869 pitius
2191 2813 2289 2854 ero
2331 2799 2715 2869 iniquitatibus
2741 2815 2957 2863 eorum,
2993 2809 3049 2855 et
3085 2811 3434 2869 peccatorum
3467 2817 3564 2856 eo-

1990 2904 2112 2943 rum
2129 2891 2242 2960 jam
2271 2905 2381 2944 non
2396 2891 2742 2946 memorahor
2768 2889 2834 2944 ⁵⁸.
2857 2910 2874 2941 ι
2909 2890 3109 2944 Subdit
3134 2900 3318 2946 autem
3352 2893 3438 2946 his
3460 2901 3568 2946 sta-

1989 2978 2120 3033 tim:
2158 2999 2176 3031 σ
2205 2979 2445 3035 Dicendo
2469 2990 2653 3035 autem
2677 2995 2900 3046 novum,
2921 2982 3188 3036 veteravit
3211 2982 3384 3052 prius.
3408 2981 3565 3048 Quod

1987 3079 2084 3126 aut
2119 3072 2439 3142 antiquatur
2467 3087 2530 3127 ac
2563 3073 2817 3137 senescit,
2849 3088 3019 3142 prope
3041 3073 3319 3129 interitum
3339 3084 3422 3129 est
3446 3075 3513 3128 “.
3539 3093 3558 3126 ι

1912 3139 1954 3198 C
1987 3139 2269 3218 Imbecilla
2285 3163 2468 3232 itaque
2485 3162 2689 3234 lexa']
2702 3172 2786 3217 est
2804 3139 3108 3233 parumque
3124 3164 3304 3218 valida
3325 3165 3392 3219 ad
3412 3165 3485 3228 id,
3506 3175 3570 3219 ut

1985 3253 2252 3324 perlicere
2283 3252 2340 3307 in
2361 3253 2850 3318 sanctiﬁcationem
2877 3256 3068 3322 possit.
3092 3253 3246 3320 Quod
3272 3269 3402 3309 vero
3431 3270 3570 3324 prat—

1987 3345 2219 3401 stantior
2238 3345 2310 3400 sit
2336 3345 2391 3399 in
2411 3344 2632 3401 Christo
2654 3345 2974 3416 justiﬁcatio
2998 3353 3055 3399 et
3074 3345 3275 3407 cultus,
3293 3346 3462 3401 Deum
3490 3345 3570 3416 ip-

1986 3451 2108 3491 sum
2132 3451 2230 3506 per
2251 3450 2441 3491 vocem
2463 3435 2857 3506 prophetarum
2890 3444 3079 3506 aperte
3107 3437 3432 3491 clamantem
3467 3452 3567 3491 au-

1987 3527 2127 3593 dies,
2165 3528 2232 3582 ad
2256 3543 2371 3592 eos,
2390 3528 2484 3598 qui
2504 3527 2734 3598 legalem
2763 3528 2972 3582 cultum
2995 3527 3489 3597 amplectebantur,
3513 3537 3572 3581 et

1985 3619 2159 3676 veteri
2182 3619 2440 3674 mandato
2456 3620 2567 3690 jam
2589 3619 2873 3689 antiqualo
2893 3618 3174 3674 mordicus
3194 3617 3568 3680 adhaerebant,

1987 3711 2222 3767 subinde
2242 3711 2464 3782 quidem
2488 3728 2500 3764 :
2523 3730 2540 3762 ‹
2559 3710 2862 3776 Lavamini,
2884 3709 3073 3765 mundi
3097 3718 3271 3765 estote
3289 3709 3369 3773 6°;
3399 3728 3416 3758 ι
3441 3708 3570 3762 sub-

1989 3801 2118 3858 inde
2147 3817 2278 3858 vero
2329 3819 2342 3855 :
2393 3801 2862 3857 «Misericordiam
2902 3801 3048 3864 volo,
3099 3809 3156 3854 et
3206 3816 3317 3854 non
3362 3798 3571 3854 saerili~

1988 3895 2156 3959 cium,
2210 3901 2268 3949 et
2301 3894 2671 3965 cognitionem
2714 3894 2810 3950 Dei
2835 3893 3009 3963 magis
3045 3908 3207 3961 quam
3244 3892 3569 3946 holocauto‘

1988 3995 2135 4041 mata
2161 3985 2229 4039 “.
2252 4004 2269 4035 ι
2303 3984 2732 4040 Misericordiam
2760 3984 2910 4037 enim
2946 3983 3001 4034 in
3031 3981 3255 4036 Christo
3285 3982 3568 4035 consecuti

1987 4093 2198 4142 sumus,
2235 4085 2291 4132 et
2317 4077 2373 4131 in
2405 4077 2524 4147 ipso
2550 4075 2792 4130 vidimus
2839 4073 3166 4144 spiritaliter
3209 4074 3452 4140 Patrem,
3508 4081 3568 4130 et

1989 4170 2162 4224 Deum
2185 4178 2382 4224 natura
2410 4169 2761 4224 exsistentem
2790 4167 3166 4239 cognovimus.

2058 4262 2114 4316 2.
2141 4261 2279 4318 Cum
2303 4271 2487 4317 autem
2518 4261 2673 4317 facile
2703 4261 2998 4316 admodum
3035 4261 3107 4316 sit
3152 4259 3572 4315 innumerabilia

1989 4355 2078 4411 his
2110 4357 2484 4421 accumulare,
2533 4367 2590 4411 et
2623 4363 2931 4411 sanctorum
2972 4355 3370 4426 prophetarum
3418 4353 3571 4409 testi-

300 4454 396 4517 νάς
437 4452 748 4524 προφητῶν
788 4454 982 4522 ἀγίων,
1016 4453 1081 4505 δι’
1112 4446 1188 4506 ὧν
1220 4452 1286 4506 ἄν
1324 4467 1408 4514 τις
1447 4449 1548 4502 ῐδοι
1588 4446 1684 4500 καὶ
1743 4443 1884 4540 μάλα

1993 4448 2177 4502 monia
2193 4446 2410 4510 allerre,
2446 4462 2544 4515 per
2569 4463 2692 4516 qua:
2721 4448 3070 4502 manifestum
3093 4447 3267 4501 cuivis
3293 4461 3414 4500 esse
3443 4463 3573 4516 pos—

302 4547 496 4615 σαφῶς
539 4545 925 4615 ἀπαρᾶδεκτον
952 4543 1032 4616 τῷ
1078 4542 1198 4614 Θεῷ
1244 4543 1344 4613 τὴν
1393 4539 1535 4595 κατά
1585 4537 1746 4608 νόμον
1789 4534 1887 4588 λα-

299 4637 517 4705 τρείαν·
564 4635 653 4690 ῖνα
685 4635 759 4707 μὴ
790 4635 889 4688 τοῦ
934 4633 1298 4706 προκειμένου
1345 4628 1551 4685 σκοποῦ
1595 4628 1687 4682 τὸν
1733 4625 1890 4693 λόγον

302 4729 724 4799 ἐξελκύσωμεν,
757 4729 850 4781 καὶ
897 4726 1096 4797 οῖχοιτὸ
1130 4742 1232 4778 που
1265 4721 1485 4794 μακρὰν
1515 4721 1574 4774 rb
1605 4719 1882 4788 διήγημα,

299 4822 493 4892 τρίϐον
542 4820 735 4892 ῶσπερ
775 4820 861 4889 ἐφ’
923 4818 1116 4890 ἑτέραν
1165 4817 1271 4882 ἱὸν,
1317 4815 1404 4870 ἐπ’
1448 4813 1608 4867 αὐτὸν
1646 4810 1750 4882 ήδη
1793 4809 1892 4880 βα-

303 4912 578 4983 διούμεθα
648 4911 741 4967 τὸν
808 4910 1101 4964 θεσπέσιον
1166 4907 1438 4978 Ἀϐραάμ.
1502 4905 1599 4966 Ὃς
1659 4900 1892 4968 ἐπείπερ

303 5006 548 5060 ἐπύθετο
569 5005 662 5058 τὸν
692 5003 1063 5074 ἀδελφόπαιδα
1098 5001 1221 5056 Λὼτ
1249 5000 1528 5068 ἀδοκήτως
1553 4994 1891 5050 κεκινδυνευ-

302 5097 473 5161 κότα,
504 5096 744 5167 κατῴκει
778 5095 885 5167 γάρ
914 5097 972 5149 ἐν
1007 5094 1285 5163 Σοδόμοις,
1312 5089 1406 5144 καὶ
1439 5089 1498 5141 ἐν
1523 5085 1763 5147 οἰκέταις
1789 5083 1889 5154 ἤδη

301 5183 374 5259 ἦν
408 5189 738 5259 δορίληπτος
781 5187 892 5252 ὢν,
937 5184 1206 5249 ἐξοπλίζει
1256 5183 1355 5254 μὲν
1399 5182 1526 5244 τοὺς
1570 5176 1890 5246 οἰκογενεῖς,

304 5279 408 5332 καὶ
439 5278 664 5348 ἐτέρους
697 5278 849 5340 τινάς
893 5275 1002 5330 τῶν
1043 5274 1372 5344 συνωμότων
1414 5269 1640 5343 Ἐσχὸλ,
1683 5267 1897 5329 ’Δννάν,

1997 4537 2088 4601 sit,
2118 4536 2344 4607 legalem
2388 4536 2597 4591 cultum
2632 4538 2742 4591 Deo
2784 4545 3066 4607 acceptum
3111 4553 3221 4592 non
3246 4553 3401 4602 esse,
3436 4549 3505 4593 ne
3544 4556 3576 4594 a

1999 4625 2253 4696 presenti
2283 4625 2535 4681 instituto
2559 4641 2868 4681 sermonem
2906 4635 3216 4683 avertamus
3238 4669 3252 4692 ,
3300 4644 3437 4683 neve
3459 4629 3579 4682 lon-

1999 4718 2118 4788 gius
2138 4726 2418 4774 excrescat
2439 4718 2615 4773 oratio
2640 4719 2898 4773 aliorsum
2926 4717 3269 4783 divertendo,
3300 4720 3366 4774 ad
3399 4720 3576 4790 ipsum

1996 4809 2108 4878 jam
2154 4807 2403 4862 divinum
2445 4807 2716 4863 Abraham
2759 4824 2862 4864 nos
2905 4809 3270 4864 conferamus.
3300 4807 3405 4874 Qui
3451 4823 3578 4862 cum

2002 4899 2244 4956 audisset
2268 4909 2524 4972 nepotem
2547 4916 2708 4956 suum
2739 4899 2844 4957 Lot
2884 4902 2940 4956 in
2973 4901 3316 4972 inopinatum
3356 4901 3578 4969 pericu-

1997 4992 2112 5048 lum
2144 4991 2405 5047 incidisse
2435 4992 2741 5063 (habitabat
2772 4995 2921 5049 enim
2963 4994 3016 5047 in
3053 4991 3306 5047 Sodomis
3330 5031 3345 5055 ,
3384 4999 3440 5045 et
3467 4991 3581 5062 jam

1993 5082 2118 5152 iure
2157 5081 2286 5136 belli
2324 5081 2380 5136 in
2409 5082 2648 5138 hostium
2690 5091 3014 5154 potestatem
3038 5080 3308 5150 venerat),
3349 5082 3584 5136 armavit

1999 5173 2326 5228 vernaculos
2375 5189 2538 5238 suos,
2590 5183 2647 5230 et
2684 5176 2821 5230 alios
2864 5172 3128 5244 quosdam
3177 5171 3584 5229 confeederatos

2003 5266 2450 5329 Eschol,Annam
2476 5276 2534 5322 et
2559 5267 2822 5328 Mambre,
2859 5271 3025 5332 atque
3048 5262 3314 5320 adversus
3346 5265 3584 5319 victores

306 5370 408 5423 καὶ
454 5369 725 5440 Μαμϐρῆ·
777 5367 1064 5436 ἀντεξάγει
1109 5365 1166 5418 δὲ
1215 5367 1328 5428 τοῖς
1372 5362 1751 5432 νενικηκόσιν,
1797 5359 1884 5412 οὐ)

2005 5357 2221 5414 fortiter
2253 5357 2307 5411 in
2340 5359 2512 5414 aciem
2541 5357 2727 5413 educit
2748 5364 2835 5421 ,et
2855 5357 2923 5411 ab
2948 5371 3143 5410 eorum
3172 5357 3458 5428 tyrannide
3488 5358 3583 5410 ho-

307 5461 584 5530 ἀγεννῶς,
616 5461 830 5531 καὶτῆς
855 5460 1078 5514 ἐκείνων
1105 5457 1416 5522 πλεονεξίας
1448 5453 1779 5510 ἀπαλλάττει
1809 5452 1884 5505 rbi

2005 5447 2436 5514 minemliberat,
2469 5463 2682 5517 unaque
2700 5463 2839 5502 cum-
2856 5462 2924 5502 eo
2958 5446 3232 5516 ingentem
3255 5447 3414 5502 aliam
3437 5449 3582 5502 mul-

306 5551 631 5622 ἄνθρωπον.
664 5552 778 5605 Καὶ
824 5553 920 5606 σὺν
961 5549 1110 5620 αύτῷ
1156 5549 1421 5620 πλείστην
1452 5549 1585 5620 ὅσην
1629 5544 1877 5610 ἀνασὼζε

2009 5539 2298 5598 titudinem
2337 5540 2512 5594 salvat
2548 5540 2826 5594 connnuni
2870 5539 3074 5593 damno
3113 5546 3169 5593 et
3215 5540 3463 5610 periculo
3497 5540 3582 5596 in-

394 5729 434 5757 "
468 5731 638 5791 .‘lehr.
673 5750 765 5798 vn,
798 5735 881 5800 l8,
925 5735 1008 5792 l9.
1087 5734 1130 5765 ⁸³
1159 5732 1324 5789 llcbr.
1353 5745 1462 5797 Vlll,
1519 5729 1671 5785 7-H.

1764 5728 1810 5760 ‘9
1845 5725 1983 5783 Ibid.
2023 5725 2107 5782 15.

2217 5723 2259 5757 ⁶⁰
2281 5721 2383 5779 Isa.
2417 5719 2562 5788 1,.16.
2662 5717 2916 5775 "Matth.
2947 5737 3040 5792 κει,
3068 5723 3120 5777 7.
