4050 6210
433 253 506 308 8‘3
1456 254 1511 310 S.
1553 254 1828 311 CYRILLI
1863 256 2330 312 ALEXANDRINI
2368 256 2682 314 ARCHIEP.
3623 255 3689 310 86

433 369 696 422 volutam.
745 366 1061 421 Revertenti
1118 382 1250 422 vero
1297 367 1521 423 domum
1579 380 1634 425 et
1665 371 1900 426 illustria
1935 371 2011 426 rei

2121 372 2361 443 πληθὺν,
2408 369 2847 443 συνηδικημένην
2900 369 2993 425 καὶ
3036 365 3470 424 κινδυνεύουσαν.
3524 366 3690 422 Ὑπο-

434 460 696 530 praeclare
735 458 998 514 adversus
1036 458 1222 516 hostes
1275 469 1440 532 gestae
1511 462 1745 534 insignia
1781 464 2010 527 ferenti,

433 552 649 607 obviam
695 551 795 621 ipsi
827 550 1044 605 iverunt
1073 552 1139 617 ii,
1169 553 1263 622 qui
1314 553 1486 622 ipsius
1519 569 1683 626 opera
1731 571 1794 610 ac
1828 555 2012 609 labore

433 642 604 712 adjuti
641 651 817 696 erant.
842 643 918 697 Ita
942 643 1088 697 enim
1113 643 1377 713 scriptum
1402 654 1487 699 est
1513 662 1526 699 :
1556 664 1574 695 ‹
1613 645 1880 715 Egressus
1911 659 2012 700 au-

435 744 545 788 tem
579 749 674 788 rex
718 733 1077 787 Sodomorum
1114 734 1168 788 in
1211 749 1504 790 occursum
1538 737 1686 807 ejus,
1725 745 2012 806 postquam

434 841 691 882 reversus
732 833 815 880 cst
859 841 889 879 a
918 825 1066 880 cazde
1109 825 1562 892 Chodorlaomor,
1613 836 1669 882 et
1697 843 1888 898 regum
1917 829 2012 898 qui

434 932 560 971 cum
584 931 652 970 eo
673 956 686 980 ,
723 915 781 969 in
817 916 956 970 valle
993 917 1131 972 Save
1163 918 1227 971 ⁸³.
1261 938 1279 969 ι
1319 917 1420 974 Hic
1466 927 1587 973 erat
1614 913 1842 990 campus
1871 921 2014 991 regis

435 1009 815 1064 Melchisedcc.
849 1028 866 1060 ‹
885 1008 953 1063 At
974 1025 1104 1064 vero
1126 1010 1511 1076 Melchisedec,
1532 1027 1629 1066 rex
1655 1011 1854 1077 Salem,
1879 1027 2011 1082 pro-

435 1101 561 1156 tulit
591 1101 693 1171 ipsi
724 1116 893 1170 panes
922 1111 978 1160 et
1003 1103 1213 1157 vinum.
1246 1104 1379 1158 Erat
1408 1112 1592 1158 autem
1619 1103 1878 1159 sacerdos
1915 1103 2012 1158 Dei

434 1193 705 1260 altissimi,
740 1193 1092 1271 etbcnedixit
1119 1195 1170 1249 ei
1209 1193 1593 1260 Melchisedec,
1623 1203 1679 1250 et
1711 1195 1881 1250 dixit:
1909 1197 2012 1251 Be-

435 1284 686 1341 nedictus
709 1285 987 1339 Abraham
1010 1286 1122 1342 Deo
1139 1287 1427 1353 altissimo,
1450 1287 1543 1356 qui
1581 1287 1787 1342 creavit
1813 1287 2013 1342 cmlum

435 1385 491 1431 et
519 1385 720 1431 terram
749 1394 762 1430 :
783 1384 839 1430 et
871 1376 1197 1434 benedictus
1213 1379 1359 1434 Deus
1380 1378 1701 1443 altissimus,
1725 1378 1819 1447 qui
1844 1377 2012 1432 tradi-

436 1468 518 1522 dit
542 1467 793 1528 inimicos
813 1476 937 1524 tuos
959 1471 1204 1540 captivos
1225 1471 1347 1526 tibi.
1371 1472 1440 1526 Et
1469 1471 1623 1527 dedit
1648 1471 1701 1526 ei
1737 1471 2012 1526 Abraham

437 1559 704 1616 decimam
747 1575 814 1616 ex
857 1561 1117 1618 omnibus
1133 1563 1198 1617 ⁸³.
1238 1583 1256 1615 ι
1280 1563 1418 1619 Vide
1445 1563 1628 1634 itaque
1658 1561 2015 1632 perfectionis

435 1667 534 1722 per
569 1652 850 1710 Christum
881 1660 1038 1726 typos
1059 1655 1204 1709 clare
1225 1654 1283 1709 in
1307 1654 1672 1711 Melchisedec
1691 1634 2011 1717 emicantes.

435 1749 494 1798 ct
539 1741 728 1813 legalis
771 1744 954 1798 cultus
1005 1759 1320 1799 mensuram
1349 1745 1686 1800 inferiorem.
1733 1745 2010 1816 Siquidem

438 1831 809 1889 indubitatum
829 1843 914 1890 est
939 1875 954 1900 ,
991 1835 1138 1904 quod
1161 1836 1386 1892 omnino
1420 1837 1475 1892 id
1505 1837 1653 1907 quod
1673 1838 1857 1892 minus
1885 1845 1969 1892 est
1997 1876 2012 1902 ,

437 1939 476 1986 ιι
509 1926 716 1996 majore
765 1941 830 1981 ac
885 1928 1266 1996 prmstantiore
1313 1927 1680 1993 benedicitur,
1715 1928 1828 2000 48
1859 1929 2016 1998 juxta

439 2014 781 2086 Scripturam
803 2019 868 2074 ⁸⁵.
910 2019 1086 2074 Radix
1121 2028 1304 2075 autem
1328 2020 1731 2089 quodammodo
1747 2020 2018 2075 Israelita-

440 2120 562 2169 rum
589 2106 809 2163 divinus
837 2106 1112 2163 Abraham
1133 2148 1148 2174 ,
1185 2117 1243 2164 et
1270 2109 1547 2164 excellens
1583 2109 1639 2163 in
1685 2110 1803 2179 ipso
1852 2110 2013 2175 Levi,

439 2196 612 2252 divini
659 2199 952 2255 sacerdotii
986 2200 1160 2271 gloria
1191 2207 1438 2256 ornatus.
1485 2220 1503 2253 ‹
1541 2201 1813 2257 Caeterum
1835 2202 2018 2257 adhuc

441 2284 498 2349 In
529 2285 677 2342 illius
722 2287 926 2344 lumbis
963 2289 1319 2346 delitescebat
1346 2292 1412 2346 ⁵⁸.
1459 2311 1477 2345 ι
1509 2291 1789 2363 Siquidem
1821 2292 2017 2348 beatus

442 2372 715 2440 Abraham
760 2392 952 2433 eorum
1000 2381 1095 2450 qui
1149 2397 1215 2436 ex
1269 2382 1386 2452 ipso
1420 2397 1712 2452 progressu
1755 2383 2018 2453 temporis

443 2466 637 2524 orituri
664 2477 858 2536 erant,
897 2472 1146 2542 potentia
1175 2482 1332 2542 pater
1376 2481 1517 2529 erat.
1549 2472 1620 2528 At
1657 2474 1762 2530 hoc
1795 2475 2019 2544 quidem

443 2573 566 2620 esse
589 2561 830 2617 arbitror
849 2563 1126 2633 sapienter
1143 2565 1352 2621 dictum
1373 2565 1440 2620 de
1469 2565 1622 2620 Levi.
1656 2566 1851 2622 Adhuc
1872 2567 2020 2622 enim

446 2662 568 2708 erat
599 2655 656 2708 in
692 2654 895 2710 lumbis
921 2656 1092 2726 patris
1135 2656 1355 2726 quando
1395 2657 1474 2719 illi
1521 2658 1739 2717 obviam
1763 2657 1863 2713 ivit
1886 2659 2018 2714 Mel-

447 2742 721 2803 chisedec.
770 2745 1067 2802 Benedicta
1103 2747 1290 2817 itaque
1340 2757 1425 2804 est
1461 2749 1676 2819 justitia
1707 2749 1894 2819 legalis
1922 2763 2022 2818 per

445 2833 654 2895 cultum
688 2836 744 2890 in
799 2836 1054 2904 Christo,
1105 2840 1262 2910 cujus
1308 2849 1471 2911 typus
1506 2849 1592 2894 est
1635 2838 2017 2894 Melchisedec.

443 2922 600 2989 Quod
623 2927 1274 3000 veroincomparabiliter
1289 2931 1477 2986 utilior
1510 2931 1584 2986 sit
1613 2945 1677 2985 ea
1705 2929 2020 2986 benedictio

445 3031 567 3084 quae
611 3016 972 3078 benedicendi
1025 3021 1283 3080 facultate
1313 3022 1541 3090 praedita
1574 3029 1660 3075 est
1687 3060 1702 3084 ,
1749 3035 1914 3089 quam
1955 3036 2019 3074 ea

405 3135 416 3142 -
447 3124 570 3177 quze
619 3109 711 3166 illa
752 3112 956 3168 virtute
982 3122 1162 3176 caret,
1199 3128 1360 3167 nemo
1405 3111 1626 3180 quidem
1665 3111 2020 3166 dubitaverit.

449 3198 553 3254 Sed
581 3200 780 3256 horum
809 3203 1034 3271 quidem
1078 3210 1346 3262 accuratae
1380 3201 1831 3272 contemplationi
1875 3218 2024 3266 nunc

449 3292 954 3363 supersedebimus,

519 3566 573 3620 5.
608 3565 914 3635 Interroget
947 3569 1130 3618 autem
1163 3562 1390 3618 fortasse
1441 3568 1496 3616 et
1531 3577 1643 3632 pra:
1681 3563 1896 3618 cmteris
1937 3563 2023 3617 di.-

446 3656 635 3712 scendi
663 3656 917 3727 cupidus,
941 3655 1196 3725 quisnam
1226 3652 1396 3708 fuerit
1427 3653 1808 3710 Melchisedec.
1833 3655 2024 3710 Varias

447 3746 595 3802 enim
628 3745 916 3816 opiniones
956 3745 1024 3800 de
1081 3760 1147 3800 eo
1186 3744 1441 3800 nonnulli
1490 3745 1984 3801 comminiscuntur
2007 3787 2020 3812 ,

448 3838 604 3894 vanis
632 3838 794 3909 nugis
823 3836 1202 3908 imprudenter
1225 3835 1393 3906 capti,
1425 3844 1482 3890 et
1505 3834 1705 3890 divinae
1725 3834 2026 3905 Scriptura)

450 3931 902 3988 consuetudinem
947 3944 1059 3985 non
1104 3928 1245 3984 bene
1281 3928 1566 3984 callentes.
1609 3925 1840 3993 Quidam
1877 3929 2024 3983 enim

451 4026 506 4081 in
531 4023 742 4079 visione
763 4032 926 4092 atque
958 4022 1016 4077 in
1044 4021 1226 4093 specie
1254 4029 1488 4086 tantum,
1511 4035 1634 4091 quae
1665 4027 1908 4075 nostram
1936 4035 2027 4076 re-

450 4117 639 4178 ferret,
657 4114 922 4183 Spiritum
947 4123 1196 4168 sanctum
1223 4113 1533 4168 occurrisse
1554 4153 1568 4177 ,
1596 4113 1809 4183 solique
1828 4111 2025 4169 victori

451 4207 685 4266 Abrahae
711 4206 890 4260 visum
912 4219 1032 4284 esse
1059 4204 1330 4259 allirmaut
1357 4221 1370 4256 :
1394 4205 1487 4258 alii
1511 4219 1640 4258 vero
1666 4218 1777 4257 non
1799 4204 2022 4272 quidem

449 4300 586 4365 hoc,
625 4297 879 4354 deterriti
909 4293 1172 4350 nimirum
1216 4294 1559 4349 absurditate
1597 4293 1764 4363 hujus
1807 4300 2028 4349 sentem

2116 464 2392 519 νοστοῢντι
2427 464 2484 518 δὲ
2515 463 2673 528 οἴκοι,
2723 462 2816 518 καὶ
2844 461 2945 532 τῆς
2987 460 3109 515 κατ’
3153 457 3367 531 ἐχθρῶν
3402 458 3691 528 εὐανδρίας

2118 557 2291 612 σεπτὰ
2323 558 2545 628 φέροντι
2570 555 2640 610 τὰ
2683 555 3060 627 γνωρίσματα,
3101 553 3500 625 προσυπήντων
3542 550 3692 622 αὑτῷ

2114 647 2430 716 ἀναγκαίως
2477 648 2526 699 οί
2567 645 2656 698 διὰ
2694 644 2804 713 τῷν
2849 642 3018 696 αὑτοῦ
3069 641 3251 696 πόνων
3326 639 3689 711 ὠφελημένος.

2115 741 2429 809 Γέγραπται
2459 738 2568 808 γὰρ
2597 737 2790 800 οὑτως·
2830 754 2848 788 ι
2902 733 3122 804 Ἐξῆλθε
3163 733 3222 787 δὲ
3251 731 3504 802 βασιλεὺς
3533 730 3690 783 Σοδόφ

2117 849 2232 900 μων
2262 833 2342 894 είς
2372 830 2676 899 ἀπάντησιν
2703 827 2872 898 αὐτῷ,
2911 825 3050 897 μετὰ
3077 826 3137 879 τὸ
3167 823 3508 895 ὑποστρέψαι
3529 822 3694 877 αὑτὸν

2114 922 2220 976 ἀπὸ
2250 923 2350 993 τῆς
2384 921 2557 991 κοπῆς
2594 920 2687 974 τοῦ
2717 919 3125 988 Χοδολογόμορ,
3159 917 3255 970 καὶ
3282 917 3389 969 τῶν
3421 914 3691 984 βασιλέων

2113 1013 2225 1066 τῶν
2265 1014 2382 1084 μετ’
2425 1012 2613 1077 αὐτοὺ,
2638 1013 2718 1076 είς
2755 1010 2852 1081 τὴν
2884 1010 3108 1064 κοιλάδα
3131 1007 3228 1061 τοῦ
3259 1008 3424 1076 Σαυῆ.
3459 1027 3478 1058 ι
3516 1005 3692 1060 Τοῦτο

2114 1106 2170 1159 δὲ
2216 1101 2285 1175 ἦν
2341 1105 2525 1159 πεδίον
2576 1103 2858 1174 βασιλέως
2907 1101 3246 1173 προσεπάγει
3286 1099 3342 1152 δὲ
3387 1099 3470 1152 ὃτι
3521 1118 3538 1150 ι
3582 1096 3696 1152 Καὶ

2115 1194 2468 1264 Μελχισεδὲκ,
2500 1192 2750 1262 βασιλεὺς
2780 1190 2991 1262 Σαλὴμ,
3009 1189 3298 1259 ἐξήνεγκεν
3322 1188 3470 1259 αὑτῷ
3494 1189 3694 1258 ἄρτους

2115 1285 2211 1340 καὶ
2248 1281 2409 1338 οἶνον·
2449 1280 2517 1355 ἦν
2545 1283 2602 1336 δὲ
2641 1283 2819 1355 ἱερεὺς
2863 1280 2957 1334 τοῦ
2999 1281 3134 1334 Θεοῦ
3168 1279 3262 1333 τοὺ
3303 1280 3548 1349 ὑψίστου.
3577 1280 3690 1333 Καὶ

2115 1375 2374 1446 εὐλόγησε
2439 1374 2528 1428 τὸν
2591 1372 2872 1444 Ἀϐραὰμ,
2923 1373 3016 1425 καὶ
3088 1366 3259 1425 εἶπεν·
3312 1371 3691 1440 Εὐλογημένος

2129 1468 2380 1540 Ἀϐραὰμ
2410 1467 2486 1538 τῷ
2512 1467 2631 1538 Θεῷ
2656 1467 2734 1538 τῷ
2761 1466 2968 1536 ὑψίστῳ
2988 1506 3003 1530 ,
3031 1465 3091 1529 ὃς
3125 1465 3304 1518 ἔκτισε
3334 1463 3424 1516 τὸν
3462 1462 3693 1533 οὐρανὸν

2117 1560 2210 1614 καὶ
2256 1561 2355 1629 τὴν
2403 1559 2527 1628 γῆν.
2576 1560 2686 1612 Καὶ
2720 1559 3015 1630 εὐλογητὸς
3051 1560 3080 1611 6
3122 1556 3254 1619 Θεὸς
3291 1558 3320 1609 6
3354 1554 3603 1624 ὕψιστος,
3633 1553 3694 1616 ὃς

2117 1650 2403 1719 παρέδωκε
2435 1651 2560 1713 τοὺς
2606 1650 2836 1722 ἐχθρούς
2885 1667 2979 1703 σου
3029 1647 3374 1720 ὑποχειρίους
3423 1663 3549 1708 σου,
3596 1644 3695 1698 καὶ

2119 1741 2318 1794 ἔδωκεν
2346 1738 2493 1809 αὐτῷ
2525 1740 2758 1811 δεκάτην
2799 1739 2908 1794 ἀπὸ
2941 1740 3180 1792 πάντων.
3227 1755 3247 1788 ι
3288 1736 3477 1807 ’Δθρει
3507 1735 3573 1806 δὴ
3600 1730 3694 1788 οὖν

2117 1832 2216 1902 τῆς
2233 1833 2288 1884 ὲν
2310 1830 2530 1902 Χριστῷ
2552 1829 2886 1892 τελειώσεως
2906 1829 3033 1890 τοὺς
3063 1827 3270 1890 τύπους
3291 1825 3695 1894 ὲναστράπτονς

2117 1942 2216 1988 τας
2258 1924 2504 1994 ἐναργῶς
2545 1922 2625 1994 τῷ
2668 1920 3034 1992 Μελχισεδὲκ,
3069 1921 3164 1973 καὶ
3197 1919 3297 1987 τῆς
3343 1916 3486 1970 κατὰ
3530 1916 3697 1986 νόμον

2117 2015 2371 2086 λατρείας
2409 2015 2470 2067 τὸ
2503 2014 2698 2086 μέτρον
2727 2015 2784 2067 έν
2823 2012 3052 2083 μείοσιν.
3080 2009 3253 2082 Εἴπερ
3295 2009 3443 2061 ἐστὶν
3471 2009 3571 2062 οὐκ
3611 2009 3699 2060 tv-

2117 2108 2363 2163 δοιαστὸν
2408 2108 2490 2161 ὅτι
2524 2107 2700 2175 πάντη
2741 2121 2800 2158 τε
2841 2105 2934 2158 καὶ
2969 2104 3185 2165 πάντως
3221 2102 3284 2155 τὸ
3329 2101 3548 2155 ἔλαττον
3588 2099 3696 2158 ὑπὸ

2117 2202 2212 2256 τοῦ
2255 2202 2560 2273 κρείττονος
2612 2199 2942 2267 εὐλογεῖται,
2991 2195 3136 2251 κατὰ
3179 2196 3239 2249 τὸ
3283 2193 3693 2264 γεγραμμένον.

2132 2292 2284 2357 Ῥίζα
2342 2294 2398 2346 δὲ
2450 2293 2638 2362 ὥσπερ
2698 2291 2807 2344 τῶν
2879 2287 2938 2352 ἐξ
3012 2287 3263 2358 Ἰσραὴλ,
3318 2289 3346 2338 6
3408 2284 3697 2346 Θεσπέσιος

2132 2385 2408 2457 Ἀϐραὰμ,
2451 2387 2545 2438 καὶ
2567 2385 2627 2438 τὸ
2653 2386 2710 2438 ὲν
2741 2382 2889 2454 αὑτῷ
2919 2376 3156 2452 προῦχόν
3180 2397 3239 2432 τε
3273 2379 3369 2432 καὶ
3395 2376 3694 2446 ἐξαίρετον,

2119 2481 2147 2534 6
2191 2477 2354 2542 Λευῖ,
2404 2479 2517 2540 τοῖς
2561 2477 2659 2547 τῆς
2709 2476 2860 2539 Θείας
2905 2473 3204 2544 ἱερωσύνης
3253 2468 3696 2541 κατεστεμμένος

2120 2571 2454 2640 αὐχήμασιν.
2495 2586 2515 2622 ι
2566 2567 2708 2620 Ἀλλ’
2741 2562 2809 2637 ἦν
2833 2568 2892 2620 ὲν
2923 2564 3084 2633 ὀσφύϊ
3111 2564 3361 2634 κείμενος
3394 2562 3492 2615 ἔτι.
3545 2580 3563 2614 r
3594 2563 3696 2614 Δυ-

2120 2663 2282 2732 νάμει
2319 2660 2429 2731 γὰρ
2459 2655 2526 2731 ἧν
2554 2658 2663 2712 τῶν
2691 2658 2752 2722 ἐξ
2774 2657 2940 2711 αὐτοῦ
2980 2655 3123 2710 κατὰ
3168 2655 3391 2724 καιροὺς
3419 2653 3698 2722 ἐσομένων

2121 2752 2303 2822 πατὴρ
2329 2754 2356 2805 6
2384 2751 2652 2822 μακάριος
2691 2748 2958 2821 Ἀϐραάμ.
2989 2747 3092 2801 Καὶ
3118 2746 3296 2812 τοῦτο,
3327 2742 3503 2815 οἴμαι,
3549 2745 3694 2810 ἐστὶ,

2121 2845 2182 2897 τὸ
2205 2843 2383 2914 σοφῶς
2415 2841 2706 2912 εἰρημένον
2737 2840 2865 2910 περὶ
2890 2839 2984 2892 τοῦ
3002 2839 3154 2893 Λευῖ.
3179 2838 3299 2891 Ἔτι
3323 2837 3430 2907 γὰρ
3457 2831 3523 2907 ἦν
3547 2836 3604 2888 ὲν
3627 2836 3694 2906 τῇ

2120 2932 2282 3000 ὀσφύϊ
2313 2931 2406 2986 τοῦ
2448 2932 2672 3003 πατρὸς,
2703 2932 2791 2985 ὅτε
2827 2932 3158 3002 συνήντησεν
3187 2929 3336 2999 αὐτῷ
3367 2929 3396 2981 6
3425 2927 3698 2996 Μελχισεη

2049 3049 2093 3108 C
2125 3023 2237 3080 δέκ.
2288 3023 2598 3092 Εὐλόγηται
2654 3023 2833 3077 τοίνυν
2891 3023 2924 3092 ἡ
2981 3021 3119 3075 κατὰ
3138 3021 3330 3108 ῌνόμον
3382 3017 3695 3090 δικαιοσύνη

2126 3111 2278 3184 παρὰ
2307 3113 2406 3181 τῆς
2443 3113 2501 3165 ὲν
2539 3111 2760 3182 Χριστῷ
2797 3110 3054 3182 λατρείας
3074 3150 3088 3175 ,
3131 3104 3198 3176 ἧς
3231 3110 3401 3172 τύπος
3432 3110 3461 3161 6
3489 3108 3698 3178 Μελχι-

2125 3201 2302 3257 σεδέκ.
2332 3203 2757 3273 Προφερεστέρα
2782 3201 2839 3255 δὲ
2865 3202 2947 3254 ὅτι
2979 3200 3075 3255 καὶ
3103 3199 3448 3270 ἁσυγκρίτως
3484 3200 3516 3268 ὴ
3548 3199 3701 3252 εὐλος

2123 3295 2240 3362 γία,
2275 3294 2361 3347 οἵα
2385 3311 2444 3346 τε
2469 3293 2565 3362 τῆς
2593 3293 2690 3364 οὐχ
2733 3287 2835 3346 ὧδε
2875 3290 3104 3362 ἐχούσης
3127 3331 3142 3355 ,
3171 3290 3288 3353 πῶς
3320 3289 3384 3342 ἂν
3411 3287 3701 3343 ὲνδοιάσειέ

2123 3400 2239 3450 τις;
2283 3383 2445 3437 Ἀλλὰ
2469 3400 2534 3436 πε
2543 3383 2598 3453 pl
2627 3384 2724 3454 μὲν
2747 3383 2855 3437 τῶν
2880 3382 3139 3437 τοιούτων
3165 3381 3362 3452 ίσχνῶς
3384 3383 3478 3434 καὶ
3501 3379 3702 3450 διεσμι·

2123 3471 2420 3543 λευμένως,
2451 3474 2550 3526 οὐκ
2579 3475 2657 3536 είς
2687 3472 2904 3543 μακρὰν
2934 3470 3301 3542 θεωρήσομεν.

2195 3571 2264 3632 γ’.
2296 3563 2720 3634 Φιλοπευστήσει
2750 3564 2808 3617 δὲ
2843 3563 2972 3628 ἴσως
3001 3564 3098 3617 καὶ
3129 3564 3232 3636 πρό
3268 3582 3334 3633 γε
3364 3563 3474 3618 τῶν
3505 3562 3701 3625 ἄλλων,

2123 3658 2152 3710 6
2196 3660 2586 3729 χριστομαχείν
2653 3658 2964 3730 ᾑρημένος,
3009 3657 3093 3722 τίς
3139 3658 3203 3729 δὴ
3255 3658 3362 3731 ἄρα
3407 3660 3632 3728 γέγονεν
3674 3661 3703 3714 6

2125 3749 2483 3820 Μελχισεδέκ.
2529 3749 2815 3821 Διαφόροις
2866 3749 2975 3821 γὰρ
3025 3748 3208 3814 δόξαις
3253 3753 3375 3814 ταῖς
3417 3751 3505 3804 ἐπ’
3553 3751 3704 3822 αὐτῷ

2125 3841 2530 3911 καταμεθύουσί
2556 3859 2700 3907 τινες
2721 3882 2736 3907 ,
2770 3841 2949 3906 ὐθλοις
2973 3842 3205 3906 είκαίοις
3237 3843 3516 3906 ἀσυνέτως
3542 3843 3706 3897 ἐνολιο

2130 3934 2452 4006 σθήσαντες,
2494 3935 2588 3988 καὶ
2621 3938 2732 3998 τοῖς
2764 3933 2913 3988 ἔθεσι
2948 3933 3053 4003 τῆς
3098 3933 3455 3988 θεοπνεύστου
3483 3935 3704 4007 Γραφῆς

2125 4027 2187 4080 οὐ
2216 4026 2419 4097 σφόδρα
2447 4026 2906 4097 προσεσχηκότες.
2927 4027 2990 4079 Οἱ
3017 4025 3114 4096 μὲν
3139 4027 3247 4097 γὰρ
3274 4026 3350 4090 ὡς
3379 4027 3436 4078 έν
3459 4027 3702 4097 φάσματι

2127 4121 2220 4175 καὶ
2258 4119 2390 4173 εἴδει
2431 4119 2578 4190 μόνῳ
2610 4118 2689 4189 τῷ
2739 4118 2862 4171 καθ’
2899 4120 3044 4188 ἡμᾶς
3091 4118 3151 4171 τὸ
3180 4117 3415 4190 Πνεῦμα
3459 4118 3520 4173 τὸ
3550 4119 3701 4188 ἆγιον

2129 4211 2457 4281 ὑπαντῆσαι,
2496 4213 2592 4264 καὶ
2633 4208 2792 4280 μόνον
2839 4208 3071 4280 ὀφθῆναί
3113 4227 3245 4279 φασι
3289 4210 3597 4280 νενικηκότι
3627 4209 3704 4280 τῷ

2141 4300 2408 4370 Ἀϐραάμ.
2447 4299 2513 4353 Οί
2551 4299 2609 4352 δὲ
2650 4297 2810 4351 τοῦτο
2843 4296 2940 4368 μὲν
2984 4297 3124 4367 οὐχί·
3171 4297 3369 4351 δεδίασι
3396 4292 3703 4367 γὰρ,οἷμαί

451 4390 558 4457 tia},
587 4390 888 4472 potentiam
919 4403 1050 4444 vero
1083 4401 1203 4443 esse
1235 4395 1490 4442 asserunt
1527 4383 1897 4442 multitudinis
1927 4400 2018 4440 an-

2134 4409 2239 4447 που
2257 4433 2272 4460 ,
2304 4391 2365 4446 τὸ
2385 4391 2520 4446 πολύ
2549 4391 2669 4446 λίαν
2686 4389 3042 4454 ἀπονενευκὺς
3071 4391 3150 4452 είς
3171 4389 3232 4442 τὸ
3259 4387 3509 4451 ἀκαλλὲς,
3539 4387 3700 4440 δύνα-

449 4482 696 4551 gelorum
727 4481 994 4536 illustrem
1035 4489 1197 4552 atque
1220 4479 1494 4535 eximiam.
1530 4479 1914 4541 Traxitautem
1929 4493 2026 4536 eos

450 4575 507 4628 in
526 4574 670 4628 hanc
695 4573 1026 4629 sententiam
1046 4574 1196 4628 iners
1218 4586 1435 4635 eorum,
1465 4580 1527 4625 ut
1555 4570 1794 4636 videtur,
1822 4586 1887 4626 ac
1915 4579 2030 4627 διο-τ

452 4663 561 4719 lida
583 4678 759 4721 mens.
799 4662 936 4718 Cum
967 4663 1113 4717 enim
1134 4703 1148 4726 ,
1184 4661 1460 4730 inquiunt,
1499 4660 1896 4732 interpretetur
1925 4661 2025 4721 Sa-

450 4758 555 4815 krm
585 4771 691 4827 pax
715 4755 793 4808 “z
829 4771 926 4810 rex
956 4770 1089 4810 vero
1124 4753 1302 4809 Salem
1341 4752 1705 4809 Melchisedec
1745 4753 2028 4825 cognomi-

450 4858 610 4905 natus
626 4858 730 4913 est,
758 4863 826 4904 ne
856 4856 1167 4910 censeatur,
1197 4845 1475 4914 inquiunt,
1503 4845 1688 4910 homo,
1725 4845 1820 4900 scd
1845 4844 2020 4914 Spiri-

452 4956 542 4999 tus
602 4940 961 5012 significetur.
1003 4938 1294 5008 Proprium
1350 4936 1499 4992 enim
1549 4947 1634 4992 est
1718 4953 1824 5007 pax
1876 4937 2018 5003 Dei,

451 5035 674 5104 ipseque
702 5032 852 5089 solus
877 5031 1026 5102 pacis
1051 5037 1133 5084 est
1173 5038 1384 5084 auctor.
1411 5028 1687 5099 Adjiciunt
1724 5045 1856 5084 vero
1889 5029 1976 5085 his
2006 5049 2018 5083 :

451 5123 508 5178 Si
564 5139 743 5192 neque
790 5120 1121 5193 principium
1171 5117 1416 5180 dierum,
1471 5133 1650 5187 neque
1704 5119 1868 5173 linem
1899 5119 2021 5174 vitae

453 5213 655 5278 habet,
704 5229 814 5283 quo
855 5223 1014 5282 pacto
1054 5227 1161 5267 non
1197 5208 1487 5264 dementire
1527 5219 1909 5278 argumentum
1952 5210 2022 5266 sit

453 5303 706 5374 principii
741 5319 803 5359 ac
827 5303 952 5358 finis
990 5303 1284 5358 carcntiam
1320 5301 1528 5355 homini
1555 5301 1839 5356 tribuere?
1861 5303 2024 5359 Intel-

456 5396 653 5465 ligatur
675 5396 858 5464 itaque
886 5393 1122 5465 Spiritus
1151 5410 1391 5449 rursum.
1425 5393 1480 5448 Si
1517 5393 1664 5448 enim
1693 5395 2022 5450 assimilatas

455 5495 538 5544 (‘st
569 5487 704 5541 Filio
737 5487 1031 5552 Allissimi,
1069 5495 1253 5541 manet
1290 5496 1470 5542 autem
1496 5487 1658 5541 etiam
1691 5488 1945 5542 sacerdos
1969 5488 2025 5542 in

527 5665 567 5702 ”
601 5664 735 5730 Gen.
757 5684 861 5735 xn',
909 5670 1054 5723 l—l7.

2130 4503 2221 4559 μιν
2243 4483 2298 4538 δὲ
2319 4480 2906 4555 εἶναιῦιῖσχυρέζονται
2929 4485 3028 4554 τῆς
3054 4482 3161 4534 τῶν
3185 4481 3432 4547 ἀγγέλων
3460 4477 3700 4549 πληθύος

2129 4577 2406 4648 περιφανῆ
2450 4593 2508 4629 τε
2552 4575 2647 4630 καὶ
2696 4575 2971 4647 ἔκκριτον.
3007 4572 3353 4644 Παρεκόμιτε
3397 4571 3454 4624 δὲ
3505 4570 3702 4634 αὐτοὺς

2129 4669 2211 4731 είς
2253 4668 2352 4738 τὴν
2404 4667 2498 4720 ἐπὶ
2543 4665 2721 4736 τούτῳ
2763 4666 2956 4731 δόξαν,
2985 4664 3220 4737 ἀδρανὴς
3240 4707 3254 4732 ,
3290 4663 3366 4727 ὡς
3398 4662 3544 4716 ἔοικε
3565 4705 3578 4728 ,
3609 4663 3706 4717 καὶ

2130 4757 2407 4828 ἀσύφηλος
2456 4756 2600 4821 νοῦς.
2657 4757 2876 4829 Ἐπειδὴ
2922 4758 3066 4829 γὰρ,
3110 4757 3309 4825 φασιν,
3343 4754 3706 4828 ἑρμηνεύεται

2131 4849 2323 4920 Σαλὴμ
2371 4849 2597 4918 εἰρήνην
2648 4849 2900 4918 βασιλεὺς
2949 4850 3006 4902 δὲ
3061 4850 3254 4921 Σαλημ
3299 4851 3326 4903 6
3375 4847 3708 4918 Μελχισεδὲκ

2130 4940 2580 5010 κατωνόμασται,
2620 4941 2692 5010 μὴ
2728 4940 3014 5010 ἄνορωπος
3056 4941 3303 5005 νοείσθω,
3350 4941 3512 5009 φασὶν
3537 4979 3550 5000 ,
3589 4937 3706 4992 ἀλλ’

2131 5031 2271 5084 ἔστω
2309 5031 2369 5084 τὸ
2424 5029 2644 5101 Πνεῦμα
2686 5031 3035 5103 δηλούμενον.
3081 5032 3241 5084 Ἴδιον
3282 5030 3391 5101 γὰρ
3437 5032 3469 5099 ή
3515 5031 3707 5100 εἰρήνη

2132 5121 2289 5184 Θεοῦ,
2321 5122 2416 5174 καὶ
2446 5121 2607 5184 αὐτὸς
2642 5124 2869 5194 εἰρήνης
2913 5123 3173 5194 κατάρξει
3221 5124 3402 5193 μόνος.
3458 5123 3708 5190 Προσεπο

2131 5213 2390 5280 ἀγουσιδὲ
2412 5212 2642 5277 τούτοις,
2676 5216 2738 5268 Εἰ
2771 5217 2909 5286 μήτε
2936 5216 3109 5288 ἀρχὴν
3128 5215 3370 5286 ἡμερῶν,
3397 5217 3531 5286 μήτε
3562 5214 3708 5284 ζωῆς

2129 5304 2283 5367 τέλος
2309 5305 2441 5374 ἔχει,
2471 5305 2530 5357 τὸ
2554 5305 2790 5378 ἆναρχόν
2821 5325 2881 5359 τε
2927 5308 3019 5361 καὶ
3049 5306 3407 5377 ἀτελεύτητον
3438 5306 3709 5377 ἀνθρώπῳ

2131 5397 2496 5466 προσνέμειν,
2541 5397 2659 5461 πῶς
2702 5399 2801 5452 οὐκ
2846 5399 2912 5452 ἂν
2960 5399 3175 5468 γένοιτο
3218 5399 3429 5469 μωρίας
3482 5391 3705 5467 γ’ραφὴ;

2133 5487 2379 5541 Νοείσοω
2417 5487 2479 5559 δὴ
2509 5485 2600 5543 οὖν
2639 5491 2699 5544 τὸ
2739 5490 2963 5560 Πνεῦμα
3001 5492 3183 5546 πάλιν.
3221 5490 3281 5542 Εἰ
3314 5491 3422 5558 γὰρ
3473 5488 3564 5541 καὶ
3602 5488 3704 5564 iuga

1135 5671 1332 5724 “Ibid.
1385 5674 1572 5738 I830;
1601 5675 1765 5730 Ilcbr.
1797 5693 1885 5744 vn,
1923 5675 2014 5729 1-3
2113 5674 2164 5748 ‘3
2195 5675 2332 5732 Ibid.
2371 5677 2421 5732 7.
2502 5677 2544 5709 ⁸⁵
2577 5677 2714 5732 Ibid.
2759 5675 2858 5733 I0.
2920 5677 2963 5708 ⁶⁶
2995 5673 3129 5729 Ibid.
3170 5671 3222 5735 ‘3,
