4050 6210
361 264 429 322 ss
1372 247 1892 325 GLAPHYRORUM
1929 263 1995 320 IN
2035 264 2339 322 caussm
2374 266 2502 322 LIB.
2545 265 2610 320 ιι.
3556 264 3628 321 se

361 376 645 450 ωμοίωται
664 416 681 443 ,
713 378 868 448 φησι,
892 375 968 448 τῷ
993 375 1106 450 Υῖῷ
1142 378 1235 432 τοῦ
1281 378 1556 451 Ὑψίστου,
1591 382 1741 454 μένει
1771 383 1827 436 δὲ
1857 384 1947 438 καὶ

2050 389 2313 436 aeternum
2334 423 2348 446 ,
2377 395 2488 450 quo
2519 387 2677 449 pacto
2699 393 2813 432 non
2847 394 2946 449 per
2971 379 3155 434 omnia
3181 392 3467 439 censeatur
3499 385 3630 442 Mel-

365 471 546 542 ιερεὺς
579 470 662 532 είς
700 468 765 522 τὸ
787 468 1054 541 διηνεκὲς,
1090 469 1207 536 πῶς
1238 472 1298 525 οὐ
1327 472 1416 527 διὰ
1449 473 1669 529 πάντων
1705 475 1946 548 οἰηθείη-

364 579 465 634 μεν
507 559 578 615 ἂν
607 560 712 614 οὐκ
748 559 1037 632 ἄνθρωπον
1079 555 1220 616 εἶναι
1263 563 1356 618 τὸν
1408 565 1779 636 Μελχισεδέκ;
1813 563 1947 621 Εἶτα

361 654 573 717 τούτοις
603 653 825 725 ἑτέρους
850 655 1332 720 συνεπιπλέκοντες
1361 657 1654 729 λογισμοὺς
1678 659 1945 729 ἐμπεδοῦν

360 747 566 800 οἴονται
597 746 734 817 πρὸς
758 747 1023 818 ἀλήθειαν
1045 748 1134 801 τὸν
1171 749 1272 802 οὐκ
1300 745 1396 804 οἷδ’
1422 750 1544 804 ὅθεν
1574 752 1758 816 αὐτοῖς
1793 769 1947 824 πορι-

364 839 562 894 σθέντα
603 838 783 907 λόγον.
833 840 1014 910 Ἠμᾶς
1061 840 1119 894 δὲ
1161 841 1376 913 ἀνάγκη
1421 843 1483 898 τὸ
1516 845 1598 906 είς
1634 843 1762 898 νοῦν
1811 840 1946 916 ἦκσν

362 935 560 993 εἰπεῖν,
579 935 702 996 ταῖς
736 932 963 986 ἐκείνων
996 932 1255 1002 ὑποψίαις
1289 934 1351 988 τὸ
1391 935 1468 999 ὡς
1508 935 1708 1006 ἄριστά
1750 953 1808 990 τε
1855 937 1947 990 καὶ

361 1022 539 1094 ὀρθῶς
563 1022 708 1093 ἔχειν
734 1021 928 1076 δοκοῦν
957 1023 1385 1092 ἀνθυπενεγκεῖν
1419 1027 1750 1098 ᾑρημένους.
1787 1027 1832 1079 II
1840 1027 1947 1096 ρῶ··

365 1131 462 1168 τον
494 1115 590 1184 μὲν
627 1114 737 1186 γάρ
775 1115 826 1167 εί
861 1117 1078 1185 φρονεῖν
1107 1115 1383 1184 ἐγνώκασι
1424 1117 1496 1171 τά
1531 1118 1752 1183 εἰκότα,
1794 1118 1947 1173 πόλιν

365 1198 504 1256 εἶναι
551 1203 644 1256 καὶ
673 1203 828 1256 αὐτοὶ
876 1202 1372 1273 συνομολογήσουσι
1412 1203 1509 1275 τήν
1541 1204 1759 1275 Σαλήμ,
1791 1199 1858 1276 ἧς
1884 1205 1945 1258 οὐ

363 1294 583 1367 πρῶτός
626 1311 688 1348 τε
733 1295 830 1349 καὶ
879 1293 1040 1364 μόνος
1085 1294 1472 1364 βεϐασίλευκεν
1520 1298 1547 1348 ὀ
1588 1295 1960 1365 Μελχισεδὲκ,

360 1384 481 1438 ἀλλ’
519 1380 662 1456 ἦσάν
685 1402 788 1438 που
813 1386 1031 1449 πάντως
1059 1385 1321 1450 πλεῖστοι,
1354 1387 1470 1440 ὅσοι
1499 1388 1597 1458 μὲν
1623 1387 1729 1458 πρὸ
1753 1385 1942 1450 αὑτοῦ,

362 1477 624 1546 γεγόνασι
656 1477 713 1530 δὲ
756 1479 848 1531 καὶ
875 1477 1054 1549 ἕτεροι
1099 1478 1215 1549 μετ’
1247 1479 1431 1533 αὐτόν.
1473 1479 1536 1531 Εἰ
1577 1478 1636 1530 δέ
1668 1495 1752 1542 τις
1797 1480 1946 1549 ἡμᾶς

362 1569 532 1623 οἴοιτο
555 1569 896 1639 ψευδοεπεῖν,
928 1570 1107 1639 ήκέτω
1137 1571 1236 1623 κοιλ⁸
1267 1570 1531 1624 δεικνύτω
1559 1571 1655 1625 καὶ
1685 1572 1764 1634 εἰς
1791 1569 1946 1642 δεῦρο

362 1662 470 1730 τῆς
524 1661 716 1731 Σαλὴμ
769 1660 1124 1731 βασιλεύοντα
1169 1661 1260 1716 τὸν
1311 1662 1670 1732 Μελχισεδέκο
1719 1663 1814 1716 καί
1861 1679 1944 1715 τοι

2053 471 2307 527 chisedec
2340 486 2450 526 non
2480 485 2600 526 esse
2622 469 2833 524 homo?
2862 469 3010 525 Alias
3040 479 3304 541 praeterea
3339 473 3426 530 his
3457 478 3627 532 ratio-

2052 565 2356 620 cinationes
2401 572 2738 627 atterentes,
2781 562 3108 619 confirmare
3148 565 3372 621 student
3401 569 3629 626 rationis

2053 656 2240 712 nescio
2271 655 2416 710 unde
2440 655 2624 726 petita:
2660 641 2974 710 veritatem.
3010 656 3080 711 At
3110 673 3242 713 vero
3279 675 3382 714 nos
3403 676 3628 717 necesse

2051 759 2136 804 est
2173 748 2318 820 quod
2361 749 2417 803 in
2447 758 2685 804 mentem
2717 749 2971 814 venerit,
3001 749 3207 816 dicere,
3249 752 3401 808 falsis
3437 770 3627 810 eorum

2053 840 2406 910 opinionibus
2444 839 2497 895 id
2515 839 2662 910 quod
2679 856 2873 895 verum
2899 849 3220 912 rectumque
3240 851 3324 898 est
3349 860 3630 915 opponen-

2053 938 2154 985 tes.
2184 930 2427 985 Primum
2450 929 2596 984 enim
2637 928 2682 983 si
2714 937 2862 984 recte
2884 931 3088 984 sentire
3113 931 3312 996 velint,
3353 933 3630 990 civitatem

2051 1035 2171 1076 esse
2197 1020 2362 1075 etiam
2394 1019 2498 1090 ipsi
2521 1018 2631 1091 49
2659 1019 2979 1075 fatebuntur
2995 1020 3195 1088 Salem,
3236 1024 3326 1077 cui
3370 1040 3478 1080 non
3514 1027 3631 1095 pri-

2052 1127 2175 1168 mus
2201 1127 2264 1166 ac
2313 1112 2463 1167 solus
2512 1112 2760 1183 regnavit
2804 1112 3205 1180 Melcliisedec,
3255 1116 3350 1170 sed
3405 1115 3632 1174 fuerunt

2052 1211 2198 1258 certe
2222 1203 2709 1274 plures,quotquot
2734 1204 2956 1274 quidem
2978 1205 3155 1274 ipsum
3183 1214 3626 1273 antecesserunt;

2052 1305 2436 1352 successerunt
2481 1305 2665 1351 autem
2697 1296 2800 1366 ipsi
2843 1295 3008 1352 etiam
3059 1298 3172 1352 alii.
3207 1298 3264 1352 Si
3297 1314 3430 1354 vero
3476 1300 3630 1370 quis-

2051 1387 2197 1458 piam
2218 1403 2320 1443 nos
2350 1387 2573 1442 mentiri
2597 1387 2896 1452 existimet,
2919 1389 3104 1444 veniat
3141 1398 3198 1443 et
3223 1391 3476 1446 ostendat
3504 1392 3634 1446 Mel-

2052 1481 2382 1536 chisedecin
2407 1480 2588 1535 Salem
2614 1496 2906 1552 regnasse:
2944 1498 3256 1552 quanquam
3297 1499 3406 1537 una
3432 1483 3633 1540 Iudaea:

2053 1573 2185 1628 urbs
2218 1574 2308 1637 sit,
2331 1589 2454 1644 qua:
2487 1575 2870 1649 cognominata
2903 1583 2987 1630 est
3016 1574 3248 1630 fortasse
3281 1575 3448 1629 etiam
3469 1575 3632 1630 Jeru-

2052 1666 2222 1719 salem
2255 1665 2413 1735 (Visio
2444 1673 2630 1720 autem
2661 1667 2805 1736 pacis
2821 1667 2986 1720 etiam
3021 1666 3127 1720 hoc
3151 1664 3587 1736 interpretatur)
3617 1684 3628 1719 :

360 1753 575 1816 πόλεως
606 1752 778 1823 οῦσης
810 1752 922 1806 τῶν
968 1751 1109 1806 κατά
1153 1753 1254 1825 τὴν
1291 1754 1552 1809 Ἰουδαίαν
1578 1756 1726 1825 μιᾶς,
1747 1754 1785 1826 ἦ
1820 1771 1946 1824 μετ·

2050 1767 2310 1812 caeterum
2340 1772 2451 1811 non
2477 1757 2939 1813 demonstraverit
2971 1757 3284 1827 quisquam.
3320 1756 3632 1811 Absurdum

357 1835 679 1914 ωνόμασται
693 1845 836 1914 τάχα
858 1861 960 1897 που
976 1843 1282 1916 Ἰερουσαλή
1291 1845 1609 1915 μ.”ορασις
1625 1846 1681 1899 δὲ
1697 1845 1942 1914 εἰρήνης

358 1936 460 1990 καὶ
479 1928 641 1989 τοῦτο
664 1934 1101 2006 διερμηνεύεται.
1146 1936 1286 1989 Ἀλλ’
1313 1937 1414 1990 οὐκ
1435 1937 1500 1990 ἂν
1521 1936 1808 2002 ἑπιδείξειέ
1837 1953 1941 2000 τις.

372 2027 613 2098 ’Δμαθὲς
656 2023 750 2081 οὖν
788 2029 898 2098 ἄρα
928 2030 1050 2091 ταῖς
1089 2027 1368 2098 ὀνομάτων
1417 2028 1736 2100 ἑρμηνείαις
1777 2045 1945 2100 προσ-

357 2119 671 2190 εσχηκότας
703 2119 949 2189 ἀναιρεῖν
973 2118 1286 2190 ἀποτολμᾷν
1317 2119 1388 2173 τὰ
1417 2119 1566 2190 σαφῆ
1592 2136 1651 2172 τε
1682 2119 1776 2173 καὶ
1795 2118 1942 2189 ὡμο-

358 2210 668 2280 λογημένα.
701 2210 824 2263 Ὅτι
863 2209 920 2263 δὲ
953 2209 1166 2278 ἀμαθὲς
1197 2210 1258 2263 τὸ
1296 2210 1489 2281 χρῆμα
1520 2211 1616 2263 καὶ⁵
1657 2210 1948 2274 ἀσυνεσίας

356 2301 617 2373 ἔμπλεως
636 2303 666 2354 ὀ
687 2301 775 2354 ἐπὶ
804 2301 942 2371 τῷδε
971 2301 1151 2370 λόγος,
1171 2303 1381 2356 ἀκονιτὶ
1403 2302 1701 2374 διοψόμεθα
1725 2305 1948 2357 κάκεῖνο

357 2395 446 2459 εις
479 2394 605 2447 νοῦν
634 2393 939 2464 δεχόμενοι.
991 2394 1386 2464 Ἑρμηνεύεται
1416 2395 1524 2466 γὰρ
1562 2395 1943 2466 Ἰερουσαλὴμ,

360 2484 613 2554 καθάπερ
635 2483 774 2554 ἔφην
791 2483 1271 2555 ἀρτίως,“ορασις
1290 2483 1555 2553 εἰρήνης,
1571 2485 1626 2556 ἢ,
1648 2485 1947 2555 Μετέωρος

357 2575 648 2631 θανάτου.
666 2575 880 2646 Ἰσραὴλ
900 2576 955 2629 δὲ
979 2572 1069 2639 αὖ,
1087 2576 1248 2642 Νοῦς
1277 2576 1435 2644 ὀρῶν
1458 2577 1566 2632 τὸν
1584 2578 1748 2632 Θεόν.
1769 2575 1949 2644 Αἶνος

358 2665 420 2719 δὲ
448 2667 543 2719 καὶ
584 2667 872 2735 ὕμνησις,
923 2665 1143 2730 Ἰούδας.
1184 2667 1322 2720 Ἀλλ’
1349 2668 1465 2721 ὅσοι
1511 2667 1769 2737 γεγόνασι
1809 2668 1950 2722 κατά

359 2758 590 2828 καιροὺς
623 2758 832 2812 ἀνόσιοί
863 2775 923 2810 τε
953 2759 1046 2810 καὶ
1087 2757 1306 2828 βέϐηλοι
1341 2757 1584 2828 βασιλεῖς
1617 2758 1712 2828 τῆς
1756 2756 1950 2830 Ἰερου-

359 2847 550 2919 σαλὴμ
576 2849 670 2901 ὲπί
695 2866 755 2902 τε
783 2850 877 2902 τὸν
921 2849 1170 2920 Ἰσραὴλ,
1206 2851 1300 2903 καὶ
1341 2849 1564 2916 Ἰούδαν,
1591 2850 1950 2921 διαϐεϐόηκεν

355 2939 614 3010 ἐναργῶς
651 2940 711 2993 τὸ
759 2940 1000 3011 Γράμμα
1041 2941 1104 2994 τὸ
1151 2941 1317 3013 ἱερόν.
1375 2941 1586 2996 Οὐκοῦν
1645 2942 1947 3015 ἐπειδήπερ

357 3031 611 3103 ὁράσεως
645 3033 900 3102 εἰρήνης,
939 3033 1088 3086 αἴνου
1137 3050 1196 3086 τε
1235 3034 1327 3087 καὶ
1372 3034 1694 3105 ὑμνήσεως,
1727 3035 1820 3088 καὶ
1854 3033 1944 3088 νοῦ

357 3125 498 3178 Θεὸν
532 3123 824 3195 βλέποντος
870 3124 970 3178 οὐκ
1017 3124 1082 3178 ἂν
1126 3125 1369 3194 ἐπίγειος
1410 3126 1623 3194 γένοιτο
1670 3125 1941 3196 βασιλεύς.

375 3209 523 3267 Ἀλλ’
557 3214 667 3267 οὐδ’
696 3214 762 3268 ἂν
793 3215 1068 3286 ἀνθρώπῳ
1099 3216 1159 3269 τὸ
1189 3216 1380 3288 χρῆμα
1428 3217 1663 3288 πρέποι,
1695 3219 1828 3289 φέρε
1861 3218 1948 3271 λέ-

356 3322 556 3378 γωμεν
575 3348 590 3371 ,
617 3310 742 3370 ταῖς
771 3307 881 3361 τῶν
903 3308 1188 3379 ὀνομάτων
1219 3310 1540 3379 ἑρμηνείαις
1572 3327 1737 3382 προσε
1749 3311 1948 3382 σχηκόο

363 3414 495 3462 τες,
520 3399 653 3461 τοὺς
680 3397 823 3452 κατὰ
865 3401 1093 3469 καιροὺς
1129 3399 1582 3470 βεσασιλευκότας
1617 3404 1777 3468 σκιὰς
1809 3400 1948 3458 εἶναι

359 3491 463 3546 καὶ
491 3491 712 3556 εἴδωλα,
743 3491 837 3544 καὶ
859 3492 980 3546 οὐδὲ
1014 3490 1335 3563 ἀνθρώπους
1365 3493 1522 3558 ὅλωςι
1555 3495 1618 3548 τὸ
1643 3495 1869 3565 Πνεῦμα
1891 3496 1950 3550 δὲ

360 3581 595 3652 μᾶλλον,
629 3580 775 3634 καθά
801 3583 894 3636 καὶ
929 3584 1023 3636 ἐπὶ
1049 3583 1140 3636 τοῦ
1175 3584 1526 3654 Μελχισεδέκ.
1558 3586 1680 3640 Ὀτι
1699 3587 1756 3641 δὲ
1785 3588 1950 3658 ήτῶν

357 3669 650 3742 ὀνομάτων
669 3671 921 3742 δύναμις,
952 3674 1072 3744 ἦτοι
1110 3674 1217 3729 τῶν
1243 3676 1578 3747 ὲρμηνειῶν,
1618 3679 1734 3732 κατ’
1759 3679 1950 3735 οὐδένα

355 3765 567 3836 τρόπον
599 3765 700 3836 τὴν
737 3764 846 3818 τῶν
879 3767 1223 3836 πραγμάτων
1252 3769 1332 3829 εις
1369 3767 1570 3840 ἑαυτὴν
1621 3769 1950 3825 κατασιάσε-

356 3875 457 3912 ται
489 3856 678 3927 φύσιν,
697 3856 987 3912 κάντεῦθεν
1014 3858 1080 3911 ἂν
1103 3858 1315 3928 μάθοις.
1338 3855 1486 3930 Ἀρα
1509 3861 1616 3932 γὰρ
1641 3863 1741 3916 ούκ
1767 3864 1949 3935 οἰήσε-

359 3949 454 4004 ται
491 3967 577 4012 τις
599 3993 613 4014 ,
665 3949 864 4018 μᾶλλον
901 3949 959 4003 δὲ
990 3950 1082 4004 καὶ
1125 3951 1323 4022 ἀληθὲς
1353 3949 1494 4007 εῖναι
1543 3953 1718 4028 πάντη
1763 3973 1825 4008 τε
1855 3955 1951 4010 καὶ

358 4041 585 4104 πάντως
609 4041 746 4110 ἐρεῖ,
783 4041 858 4104 ὡς
892 4041 1053 4111 εῖπερ
1099 4044 1248 4096 ἐστὶν
1293 4044 1483 4114 ὅρασις
1527 4048 1812 4118 εἰρήνηςή
1853 4048 1950 4100 Ἰε-

365 4130 685 4203 ρουσαλήμ,
717 4130 827 4183 ἔδει
855 4129 919 4202 δὴ
953 4131 1170 4195 πάντως
1194 4133 1364 4204 αὐτὴν
1404 4134 1479 4205 μὴ
1522 4135 1788 4206 ἀγνοῆσαι
1812 4137 1950 4207 Χρι-

362 4224 531 4289 στόν;
563 4243 583 4276 ι
612 4223 789 4286 Αὐτὸς
812 4224 919 4293 γάρ
949 4225 1096 4278 ἐστιν
1130 4227 1162 4298 ή
1196 4226 1391 4298 εἰρήνη
1420 4227 1598 4296 ήμῶν,
1631 4247 1648 4278 ι
1688 4228 1831 4282 κατὰ
1851 4229 1950 4292 τὰς

361 4316 614 4387 Γραφάς.
660 4316 801 4369 Ἀλλ’
831 4316 893 4370 ού
925 4315 1184 4371 τεθέαται
1204 4322 1318 4384 rei;
1344 4321 1445 4391 τῆς
1474 4320 1711 4383 διανοίας
1739 4320 1949 4392 ὄμμασι

2048 1849 2231 1918 itaque
2258 1858 2342 1903 est
2378 1848 2666 1904 nominum
2704 1848 3150 1918 interpretationi
3178 1847 3545 1912 adhaerentes,
3567 1862 3633 1902 ea

2047 1953 2167 2006 qua:
2214 1935 2502 1990 manifesta
2540 1945 2596 1991 et
2628 1935 2685 1990 in
2717 1936 2968 1990 confesso
3019 1943 3191 2001 sunt,
3239 1937 3433 1992 tollere
3471 1936 3631 1990 velle.

2045 2028 2202 2094 Quod
2214 2045 2346 2083 vero
2360 2028 2544 2098 inepta
2558 2043 2648 2083 res
2674 2029 2765 2094 sit,
2791 2038 2956 2098 atque
2975 2028 3296 2099 ignorantia:
3314 2028 3512 2097 plenus
3532 2027 3635 2082 hac

2047 2117 2115 2174 de
2144 2135 2202 2174 re
2221 2134 2424 2183 sermo,
2446 2120 2677 2175 minimo
2697 2120 2918 2190 negotio
2936 2120 3096 2174 nobis
3115 2119 3410 2184 constabit,
3435 2119 3480 2173 si
3497 2119 3632 2174 illud
3691 2147 3700 2150 -

2045 2208 2211 2263 etiam
2233 2207 2672 2263 consideremus.
2701 2207 3102 2276 Interpretatur
3130 2207 3281 2261 enim
3304 2205 3630 2265 Jerusalem,

2047 2305 2108 2352 ut
2133 2297 2296 2351 modo
2318 2296 2452 2362 dixi,
2479 2296 2614 2351 Visio
2646 2299 2788 2367 pacis
2818 2305 2912 2352 aut
2935 2295 3220 2351 Sublimior
3249 2304 3448 2360 morte;
3469 2295 3636 2350 Israel

2047 2395 2252 2453 autem,
2280 2387 2427 2442 Mens
2461 2389 2636 2442 videns
2661 2387 2860 2454 Deum;
2886 2388 2914 2444 J
2922 2388 3057 2443 udas
3088 2404 3223 2444 vero
3249 2388 3392 2442 Laus
3417 2397 3474 2442 et
3497 2387 3631 2442 σείου

2048 2479 2238 2534 bratio.
2269 2478 2542 2535 Caeterum
2563 2488 2697 2550 quot
2733 2479 2942 2536 fuerint
2965 2497 3224 2536 successu
3246 2480 3510 2552 temporis
3535 2481 3635 2534 im-

2048 2571 2127 2643 pii
2163 2589 2227 2628 ac
2255 2573 2471 2643 profani
2506 2589 2664 2644 reges
2699 2574 3026 2637 Jerusalem,
3062 2591 3126 2629 ac
3171 2590 3340 2644 super
3377 2573 3545 2628 Israel
3579 2581 3636 2628 et

2048 2665 2076 2720 Ι
2086 2665 2268 2729 udam,
2305 2681 2460 2721 sacra
2481 2665 2765 2736 Scriptura
2790 2676 2980 2737 aperte
3007 2675 3258 2721 testatur.
3278 2667 3450 2721 Porro
3471 2664 3635 2719 visio-

2049 2758 2138 2813 nis
2159 2759 2332 2827 pacis,
2359 2759 2538 2814 laudis
2562 2767 2616 2813 et
2637 2759 3050 2822 celebrationis,
3080 2768 3138 2812 et
3167 2759 3369 2812 mentis
3399 2757 3636 2813 videntis

2048 2849 2225 2902 Deum
2276 2865 2625 2919 nequaquam
2664 2857 2920 2904 terrenus
2947 2849 3116 2902 fuerit
3151 2864 3265 2902 rex.
3309 2847 3416 2901 Sed
3455 2863 3635 2916 neque

2049 2939 2260 2993 homini
2288 2955 2377 2996 res
2404 2955 2468 2995 ea
2497 2941 2808 3005 conveniat,
2847 2941 3132 2994 nominum
3166 2939 3634 3008 interpretationi~

2050 3031 2156 3086 bus
2181 3032 2547 3099 adhaerentes,
2582 3035 2767 3090 dicere
2801 3049 2920 3098 eos,
2967 3035 3061 3104 qui
3101 3052 3202 3104 pro
3233 3042 3478 3104 tempore
3506 3041 3642 3090 sunt

2048 3137 2235 3193 reges,
2268 3123 2492 3179 umbras
2517 3140 2639 3180 esse
2670 3134 2726 3180 et
2776 3125 3069 3181 simulacra
3095 3167 3110 3189 ,
3157 3142 3336 3196 neque
3384 3125 3636 3180 homines

2049 3217 2276 3272 omnino
2302 3257 2317 3282 ,
2353 3217 2452 3272 sed
2481 3218 2665 3287 potius
2691 3216 2977 3287 Spiritum,
3003 3217 3464 3286 quemadmodum
3490 3217 3638 3273 etde

2050 3309 2430 3364 Melchisedec.
2457 3309 2613 3375 Quod
2637 3324 2766 3364 vero
2788 3309 3075 3364 nominum
3113 3308 3193 3364 vis
3212 3309 3328 3364 sive
3363 3309 3636 3378 interpre—

2051 3403 2320 3457 talionum
2352 3401 2501 3456 nulla
2541 3402 2752 3456 ratione
2777 3416 2964 3456 rerum
2990 3409 3242 3455 naturam
3275 3401 3328 3456 in
3353 3417 3412 3456 se
3434 3401 3634 3471 rapiat,

2051 3494 2182 3548 hinc
2225 3492 2391 3548 etiam
2425 3492 2780 3547 intellexeris.
2822 3492 3013 3546 Nonne
3059 3493 3207 3546 enim
3239 3492 3454 3562 putabit
3481 3493 3636 3562 quis~

2051 3586 2233 3655 piam,
2279 3595 2375 3640 aut
2406 3585 2590 3654 potius
2645 3601 2744 3654 pro
2810 3583 3098 3639 verissimo
3132 3583 3385 3649 habebit,
3435 3583 3631 3653 quodsi

2049 3675 2351 3731 Jerusalem
2391 3684 2476 3730 est
2516 3675 2655 3730 visio
2708 3674 2891 3745 pacis,
2919 3673 3230 3743 oportuisse
3256 3689 3377 3728 eam
3409 3674 3634 3728 omnino

2049 3782 2160 3822 non
2191 3767 2446 3838 ignorare
2478 3766 2806 3822 Christum?
2850 3787 2868 3820 ι
2927 3767 3044 3837 Ipse
3077 3767 3226 3822 enim
3266 3774 3351 3822 est
3389 3781 3496 3834 pax
3531 3782 3632 3820 no-

2050 3870 2184 3924 stra,
2216 3880 2232 3912 ι
2267 3860 2423 3930 juxta
2445 3859 2755 3930 Scripturas
2783 3861 2849 3914 ⁸⁷.
2888 3860 3054 3930 Atqui
3079 3876 3188 3914 non
3222 3859 3372 3914 videt
3415 3859 3632 3913 intelle-

2050 3958 2172 4006 ctus
2195 3951 2371 4005 oculis
2397 3965 2546 4015 eum,
2591 3965 2690 4020 per
2721 3964 2884 4018 quem
2911 3963 3194 4004 accessum
3224 3947 3519 4001 habuimus
3538 3987 3552 4011 ,
3578 3958 3634 4002 ct

2051 4042 2108 4096 in
2135 4041 2403 4095 unitatem
2433 4039 2661 4112 spiritus
2681 4037 3042 4110 conglutinati
3072 4052 3264 4092 sumus
3300 4037 3470 4102 Patri,
3496 4057 3513 4088 ι
3541 4038 3633 4107 qni

2051 4131 2180 4187 fecit
2205 4139 2439 4200 utraque
2463 4145 2632 4184 unum
2662 4128 2729 4193 ⁸⁸,
2753 4149 2770 4180 ι
2811 4135 2868 4183 et
2915 4127 2973 4182 in
3003 4143 3174 4182 unum
3216 4144 3419 4183 novum
3451 4127 3636 4182 homi~

2051 4239 2178 4279 nem
2208 4223 2347 4280 duos
2387 4222 2622 4293 populos
2663 4220 2942 4277 conflavit.
2989 4220 3110 4287 Quo
3145 4230 3305 4290 pacto
3357 4220 3524 4291 igitur
3551 4230 3639 4276 est

2051 4319 2191 4373 visio
2223 4316 2393 4388 pacis,
2424 4318 2470 4372 si
2503 4330 2612 4370 non
2645 4315 2781 4369 vidit
2810 4313 3133 4369 Christum?
3166 4315 3234 4368 Et
3270 4314 3314 4368 si
3347 4313 3638 4368 sublimior

361 4409 458 4464 τὸν
483 4409 551 4462 δι’
580 4400 644 4462 οῦ
680 4410 782 4480 τὴν
811 4411 1174 4482 προσαγωγὴν
1207 4413 1554 4483 ἐσχήκαμεν,
1587 4413 1684 4467 καὶ
1722 4415 1802 4478 εἰς
1835 4414 1947 4468 ἑνό-

2053 4419 2262 4474 morte,
2316 4409 2422 4463 hoc
2464 4417 2570 4472 est,
2613 4405 2961 4476 prastantior
3000 4413 3164 4473 atque
3211 4405 3483 4473 superior,
3525 4421 3641 4475 quo

363 4520 507 4574 τητα
533 4503 635 4574 τὴν
667 4504 726 4556 ὲν
758 4502 1027 4574 πνεύματι
1059 4505 1431 4576 κεκολλήμεθα
1454 4505 1532 4577 τῷ
1564 4507 1762 4577 Πατρὶ,
1804 4524 1824 4559 ι
1857 4506 1947 4562 τὸν

363 4597 676 4665 ποιήσαντα
711 4593 781 4648 τὰ
815 4595 1098 4666 ἀμφότερα
1125 4595 1203 4663 ἓν,
1239 4614 1258 4647 ι
1288 4597 1382 4649 καὶ
1407 4597 1487 4660 εἰς
1514 4597 1610 4650 ἕνα
1637 4599 1824 4652 καινὸν
1852 4599 1947 4652 ἀν·-

368 4684 588 4753 θρωπον
621 4683 748 4747 τοὺς
786 4684 881 4737 δύο
927 4684 1193 4739 κτίσαντα
1238 4686 1421 4749 λαούς.
1463 4687 1588 4751 Πῶς
1625 4683 1720 4743 οῦν
1757 4689 1946 4759 ὅρασις

368 4776 595 4848 εἰρήνης
630 4779 677 4830 εί
701 4777 776 4848 μή
803 4776 1054 4830 τεθέαται
1089 4779 1178 4831 τὸν
1202 4779 1468 4848 Χριστόνς
1498 4782 1592 4834 καὶ
1616 4781 1774 4853 εἴπερ
1799 4782 1946 4836 ἐστὶν

373 4869 648 4939 μετέωρος
682 4868 916 4922 θανάτου
936 4909 951 4933 ,
983 4871 1248 4935 τουτέστι,
1283 4871 1513 4926 θανάτου
1556 4875 1820 4946 κρείττων
1850 4874 1944 4929 καὶ

369 4959 640 5031 ἀνωτέρα,
671 4960 790 5023 πῶς
818 4960 852 5031 ή
893 4959 1056 5014 ἀθλία
1096 4960 1314 5016 διόλωλε
1345 4962 1436 5016 διά
1461 4964 1560 5034 τὴν
1595 4965 1676 5027 είς
1713 4965 1948 5036 Χριστὸν

372 5052 666 5117 datatim;
717 5052 1060 5124 προσεφώνει
1111 5055 1218 5126 γὰρ
1280 5055 1453 5124 λέγων
1501 5058 1613 5119 τοῖς
1670 5057 1948 5122 Ἰουδαίοις

370 5141 597 5205 αὐτός’(
642 5143 812 5215 Ἀμὴν
848 5143 993 5213 λέγω
1029 5147 1177 5216 ύμῖν,
1229 5145 1323 5201 ἐὰν
1369 5148 1442 5220 μή
1488 5147 1817 5220 πιστεύσητε
1867 5150 1949 5202 ὅτι

370 5230 484 5302 ἐγώ
517 5233 652 5305 εἰμι,
699 5235 1061 5291 ἀποθανεῖσθε
1111 5239 1171 5292 ἐν
1213 5242 1335 5304 ταῖς
1369 5241 1666 5312 ἁμαρτίαις
1716 5241 1887 5312 ὑμῶν.
1926 5261 1942 5292 ι

373 5323 486 5377 Καὶ
525 5326 574 5378 εἰ
601 5325 762 5392 Νοῦς
797 5326 954 5394 ὀρῶν
987 5329 1168 5395 Θεὸν,
1207 5330 1422 5403 Ἰσραὴλ
1474 5331 1867 5403 ἑρμηνεύεται,
1898 5332 1950 5385 τί

378 5414 454 5486 μὴ
485 5414 738 5472 τεθέαται
768 5418 866 5490 τὴν
891 5419 1048 5486 δόξαν
1076 5423 1334 5494 Χριστοῦ,
1357 5424 1424 5476 δι’
1450 5417 1511 5477 οῦ
1567 5428 1659 5476 καὶ
1699 5427 1754 5476 ἐν
1778 5417 1822 5492 ᾧ
1849 5424 1948 5479 αύ-

376 5501 467 5559 ιιδν
498 5507 820 5579 ἐγνώκαμεν
859 5511 948 5563 τὸν
997 5513 1243 5581 Πατέρα;
1289 5514 1406 5577 πῶς
1435 5514 1491 5567 δὲ
1533 5514 1948 5586 κατελήφθησαν

453 5683 497 5717 ⁸⁷
543 5686 746 5758 Ephes.
791 5705 844 5756 ll,
890 5691 973 5746 Η.

2054 4509 2213 4572 pacto
2238 4499 2437 4554 misera
2470 4497 2633 4568 periit
2657 4497 2728 4552 ob
2771 4495 3210 4550 incredulitatem
3241 4497 3296 4550 in
3313 4495 3592 4551 Christum
3611 4497 3637 4551 ?

2055 4592 2340 4663 Siquidem
2365 4591 2480 4660 ipse
2519 4590 2588 4644 ad
2625 4587 2937 4645 Iudaeosita
2971 4586 3083 4642 ait:
3116 4607 3134 4639 ‹
3167 4587 3338 4643 Amen
3369 4588 3493 4643 dico
3534 4604 3635 4643 vo-

2053 4683 2159 4748 bis,
2195 4681 2302 4737 nisi
2327 4679 2670 4736 credideritis
2700 4676 2846 4748 quod
2875 4692 2974 4747 ego
3020 4691 3162 4740 sum,
3193 4674 3505 4730 moriemini
3531 4674 3639 4745 50

2053 4778 2108 4831 in
2141 4776 2382 4847 peccatis
2407 4774 2604 4830 vestris
2627 4774 2692 4826 ⁸⁸.
2727 4791 2744 4824 ι
2782 4772 2952 4826 Porro
2979 4771 3025 4825 si
3054 4770 3220 4824 Israel
3244 4770 3637 4839 interpretatur

2053 4869 2198 4924 Mens
2252 4869 2430 4922 videns
2466 4867 2665 4929 Deum,
2708 4879 2816 4934 quo
2860 4873 3019 4934 pacto
3069 4879 3181 4917 non
3219 4861 3358 4917 vidit
3408 4859 3635 4930 gloriam

2053 4961 2277 5024 Christi,
2310 4975 2409 5030 per
2434 4974 2618 5029 quem,
2641 4966 2696 5013 et
2721 4957 2777 5011 in
2803 4973 2914 5028 quo
2949 4956 3128 5026 ipsum
3156 4953 3511 5023 cognovimus
3539 4951 3637 5006 Pu-

2057 5052 2234 5107 trem?
2273 5059 2367 5107 aut
2395 5067 2505 5121 quo
2531 5057 2691 5120 pacto
2717 5047 3100 5120 comprehensi
3130 5053 3258 5099 sunt
3287 5061 3317 5100 a
3349 5043 3593 5099 tenebris
3614 5044 3636 5095 ’ἰ

2057 5152 2151 5199 aut
2185 5157 2296 5212 quo
2323 5150 2484 5212 pacto
2508 5142 2714 5197 dictum
2742 5149 2826 5196 est
2863 5139 2929 5192 de
2967 5137 3032 5190 iis
3081 5134 3242 5188 etiam
3271 5134 3368 5205 qui
3393 5133 3634 5204 praefecti

2054 5235 2300 5305 ipsorum
2328 5240 2484 5288 erant
2513 5250 2524 5284 :
2569 5250 2586 5282 ι
2630 5229 2801 5283 Sinite
2825 5228 2990 5298 ipsos,
3019 5225 3149 5280 caeci
3183 5232 3310 5278 sunt
3338 5222 3507 5278 duces
3533 5239 3633 5282 ca;-

2054 5339 2244 5380 corum
2282 5324 2370 5375 7“?
2426 5345 2441 5374 ο
2485 5320 2801 5386 Qualisnam
2859 5315 3007 5370 enim
3044 5315 3382 5386 intelligatur
3421 5311 3637 5366 caecitas

2055 5419 2111 5472 in
2133 5426 2320 5472 mente
2358 5415 2581 5469 vidente
2615 5412 2785 5465 Deum
2811 5411 2833 5462 ?
2858 5408 3094 5462 Summa}
3122 5407 3287 5478 igitur
3315 5402 3636 5475 ignorantia:

2054 5521 2137 5565 est
2163 5509 2447 5564 nominum
2473 5503 2828 5575 qualitatibus
2855 5502 3142 5572 imperium
3175 5499 3226 5552 in
3260 5513 3346 5552 res
3366 5495 3631 5552 tril'ucre.

1053 5691 1096 5721 ε’
1160 5691 1294 5747 Ibid.
1375 5693 1416 5724 ‘9
1447 5693 1600 5750 Joan.
1647 5708 1759 5759 vm,
1803 5693 1890 5747 ‘21.
1970 5693 2014 5724 7“
2047 5690 2350 5754 Mutilum,
2399 5687 2478 5743 Ii.
