4052 6212
433 283 503 340 87
1441 280 1497 337 S.
1529 280 1802 338 CYRILLI
1840 281 2311 340 ALEXANDRINI
2349 278 2670 340 ARCHIEP.
3632 277 3698 333 88

430 406 577 463 Nihil
620 406 806 477 itaque
843 404 1152 470 obstiterit,
1181 418 1292 475 quo
1335 403 1519 459 minus
1547 415 1727 469 recte,
1765 411 1929 475 atque
1958 415 2014 461 ut

2122 399 2359 479 ὑπὸτῆς
2391 407 2646 474 σκοτίας;
2695 407 2728 477 ἢ
2772 402 2887 470 πῶς
2928 403 3144 473 ἐλέγετο
3177 401 3306 474 περὶ
3345 400 3557 468 αὐτῶν,
3602 403 3697 455 καὶ

429 513 531 567 par
549 506 653 563 est,
688 513 1012 553 censeamus
1040 497 1317 553 hominem
1345 499 1569 568 quidem
1598 499 1766 555 fuisse
1795 499 2022 554 Melchi-

429 590 614 654 scdcc,
639 597 902 659 certoque
927 598 1172 660 tempore
1199 605 1458 662 regnasse
1485 591 1542 646 in
1565 591 1768 658 Salcm,
1796 591 2012 648 etiamsi

431 680 824 749 interpretetur
848 695 973 750 pax.

2124 497 2234 551 τῶν
2271 497 2524 570 ἡγεῖσθαι
2567 497 2846 568 λαχόντων
2868 537 2881 560 ,
2915 514 2934 547 ι
2976 495 3180 563 ’Λφετε
3237 491 3436 554 αὐτοὺς
3457 533 3473 557 ,
3508 488 3699 560 τυφλοί

2119 589 2259 642 εἰσιν
2281 588 2466 658 ὁδηγοὶ
2489 588 2736 658 τυφλῶν;
2767 606 2785 638 ι
2829 586 2967 641 Ποία
2996 586 3106 657 γὰρ
3135 584 3201 638 ἂν
3227 586 3400 639 νοοῖτο
3432 580 3695 651 τυφλότης

2120 680 2202 743 εἰς
2231 680 2356 735 νοῦν
2394 680 2604 752 ὁρῶντα
2633 679 2767 733 Θεόν
2791 695 2806 746 ;
2833 677 3045 732 Οὐκοῦν
3075 677 3314 748 ἀμαθίας
3341 672 3610 748 ,ἔμπλεων
3637 673 3696 727 τὸ

427 776 549 833 ταῖς
578 773 858 842 ὀνομάτων
893 773 1143 845 ποιότησι
1198 775 1377 846 πάντη
1423 793 1484 830 τε
1525 777 1620 831 καὶ
1685 776 1904 840 πάντως
1940 775 2036 829 καὶ
2075 773 2386 828 αὐτῶντῶν
2442 774 2783 847 πραγμάτων
2807 774 3103 843 ἀπονέμειν
3131 771 3190 824 τὸ
3213 771 3431 841 κράτος.
3477 765 3698 836 ’Λπείρσ-

431 862 512 926 ξει
541 864 620 928 δὲ,
658 862 840 934 οἶμαι,
872 865 1060 920 λοιπὸν
1117 867 1400 933 παντελῶς
1436 869 1590 925 οὐδὲν
1642 869 1818 941 ὀρθῶς
1850 868 1947 924 καὶ
2011 867 2386 938 καθηκόντως
2409 868 2660 921 ὑπονοεῖν
2699 865 2985 939 ἄνθρωπον
3028 863 3160 918 ὅντα
3198 862 3289 916 τὸν
3337 856 3704 930 Μελχισεδέκ,

431 955 878 1024 βεϐασιλευκέναι
924 959 981 1012 δὲ
1029 959 1173 1013 κατά
1214 960 1440 1031 καιροὺς
1487 962 1588 1030 τῆς
1632 961 1854 1033 Σαλὴμ,
1901 959 2004 1014 κᾶν
2041 958 2402 1030 έρμηνεύοιτο
2423 958 2844 1029 τυχὸννεὶρήνη.

499 1045 552 1098 4.
595 1043 1070 1100 Considerandum
1093 1055 1177 1103 est
1194 1056 1251 1102 et
1271 1047 1376 1103 hoc
1394 1064 1615 1120 quoque
1634 1065 1758 1105 cum
1790 1050 1858 1105 iis
1889 1065 2010 1119 quae

431 1136 576 1192 dicta
605 1145 766 1191 sunt:
809 1139 999 1194 divina
1041 1141 1246 1195 etenim
1275 1141 1532 1213 mysteria
1557 1141 1720 1196 modo
1743 1157 1845 1212 per
1887 1157 2012 1212 spe-

431 1229 616 1284 culum
644 1239 808 1301 atque
851 1231 1142 1303 imaginem
1175 1233 1400 1289 vixdum
1442 1236 1719 1290 cernimus
1753 1237 1795 1268 ⁷¹
1824 1252 1836 1289 :
1861 1251 2013 1290 eum-

430 1335 540 1390 que
568 1320 708 1374 nihil
740 1321 812 1376 sit
845 1321 901 1376 in
935 1322 1103 1378 rebus
1131 1325 1351 1390 creatis,
1387 1325 1539 1394 quod
1568 1325 1781 1396 integre
1810 1325 2010 1380 divinae

430 1420 595 1481 atque
630 1412 895 1468 ineffabili
927 1422 1138 1470 natura:
1159 1415 1447 1486 adaequare
1483 1417 1777 1486 possimus,
1799 1432 2010 1488 equam

430 1504 685 1574 plurimis
713 1506 980 1575 exemplis
1000 1522 1224 1577 quoquo
1252 1507 1418 1563 modo
1452 1508 1506 1562 id
1540 1509 1704 1564 nobis
1728 1524 2014 1579 compara-

429 1610 573 1660 mus,
602 1605 665 1650 ut
687 1595 755 1651 de
787 1612 851 1651 ea
867 1597 1106 1668 cogitare
1125 1613 1190 1653 ae
1216 1599 1404 1655 dicere
1422 1600 1717 1670 possimus,
1743 1610 2010 1671 quantum

428 1681 658 1738 facultas
675 1693 861 1738 nostra
899 1684 1026 1739 fert.
1079 1685 1450 1742 Nihilominus
1477 1697 1661 1744 autem
1713 1689 2008 1744 obscurum

428 1773 724 1830 admodum
769 1784 855 1831 est
876 1776 944 1831 de
966 1775 1186 1832 Christo
1218 1777 1565 1848 mysterium,
1597 1786 1656 1834 et
1678 1778 2009 1834 incarnatio-

2189 1046 2251 1102 δ’.
2283 1049 2778 1120 Προσεπαθρητέον
2811 1048 2869 1102 δέ
2913 1051 3025 1112 τοῖς
3067 1046 3382 1119 εἰρημένοις
3420 1045 3515 1098 καὶ
3552 1044 3694 1098 τόδε·

2119 1133 2392 1204 βλέπομεν
2432 1134 2544 1208 γὰρ
2573 1136 2699 1206 ἄρτι
2726 1136 2796 1190 δι’
2827 1137 3098 1206 ἐσόπτρου
3139 1136 3234 1189 καὶ
3273 1134 3600 1204 αἰνίγματος
3626 1135 3698 1189 τά

2119 1224 2237 1279 θεῖα
2270 1225 2422 1296 μόλις
2463 1227 2740 1298 μυστήρια
2771 1244 2785 1258 ο
2819 1226 3131 1296 ὁλοκλήρως
3163 1225 3221 1278 δὲ
3254 1224 3363 1278 τῶν
3392 1225 3696 1292 γεγονότων

2116 1313 2271 1368 οὐδὲν
2308 1315 2590 1386 ἐξομοιοῦν
2637 1316 2850 1386 ἔχοντες
2878 1319 2945 1388 τῇ
2979 1315 3105 1385 θείᾳ
3150 1332 3212 1368 τε
3257 1315 3354 1368 καὶ
3394 1315 3697 1386 ἀπορρήτῳ

2118 1406 2313 1476 φύσει,
2367 1407 2433 1460 ἐκ
2482 1408 2694 1479 μυρίων
2747 1407 2886 1461 ὅσων
2935 1403 3396 1477 παραδειγμάτων
3459 1405 3698 1477 μετρίως

2117 1499 2482 1571 ἐρανιζόμεθα
2530 1500 2592 1554 τὸ
2647 1498 2910 1554 δύνασθαί
2949 1517 3003 1552 τι
3044 1497 3177 1568 περὶ
3216 1497 3389 1567 αὐτῆς
3421 1497 3457 1566 ἢ
3492 1495 3694 1570 νοεῖνῆ

2116 1590 2325 1660 φράσαι
2366 1589 2512 1645 κατά
2551 1606 2618 1659 γε
2657 1590 2720 1643 τὸ
2751 1590 2995 1659 ἐφικτόν.
3027 1588 3195 1643 Οὐδὲν
3226 1589 3284 1641 δέ
3323 1583 3485 1659 ἦττον
3513 1588 3695 1656 ἀσυμ-

2116 1681 2285 1751 φανές
2322 1682 2462 1751 ἄγαν
2495 1682 2613 1735 ἐστὶ
2644 1683 2708 1734 τὸ
2750 1680 2846 1733 ἐπὶ
2894 1679 3134 1752 Χριστοῦ
3179 1680 3512 1750 μυστήριον,
3543 1678 3639 1732 καὶ
3666 1681 3696 1732 6

2113 1773 2214 1853 τῆς
2256 1775 2726 1848 ἐνανθρωπήσεως
2757 1774 2914 1843 λόγος
2957 1775 3018 1828 οὐ
3051 1776 3168 1837 τοῖς
3208 1771 3468 1845 τυχοῦσιν
3497 1770 3697 1827 ἁλώσι-

428 1864 517 1919 nis
549 1865 690 1920 ratio
719 1882 831 1920 non
870 1867 1101 1922 cuilibet
1132 1883 1163 1923 e
1193 1868 1358 1939 vulgo
1387 1869 1620 1941 intelligi
1647 1879 1846 1940 potest.
1881 1870 2014 1925 Pro-

2119 1883 2238 1938 μος.
2279 1867 2462 1932 Βαθὺς
2490 1867 2547 1922 δὲ
2576 1867 2642 1938 δὴ
2680 1866 2803 1920 λίαν
2828 1867 2928 1937 τῆς
2965 1866 3278 1937 οἰκονομίας
3302 1868 3330 1919 6
3353 1865 3532 1934 λόγος.
3563 1865 3696 1929 Θεὸς

427 1955 599 2011 funda
631 1958 833 2029 quippe
858 1959 1154 2014 admodum
1207 1969 1294 2016 est
1337 1961 1537 2016 divina:
1587 1961 2014 2032 dispensationis

431 2048 594 2103 ratio.
624 2049 771 2104 Deus
786 2050 935 2106 enim
963 2050 1256 2117 exsistens,
1284 2059 1341 2106 et
1361 2067 1430 2106 ex
1442 2052 1555 2107 Deo
1575 2054 1874 2108 secundum
1913 2070 2012 2108 na-

428 2144 610 2193 turam
638 2139 984 2210 Unigenitus,
1017 2140 1193 2196 factus
1219 2150 1304 2197 est
1324 2141 1510 2207 homo,
1534 2159 1553 2192 ι
1585 2150 1642 2197 et
1667 2141 1936 2197 habitavit
1955 2143 2015 2197 in

426 2230 589 2285 nobis
603 2231 668 2284 ⁷⁸.
699 2250 718 2282 ι
756 2231 995 2286 Vocatus
1020 2231 1186 2286 etiam
1229 2240 1315 2288 est
1351 2229 1634 2303 Apostolus
1681 2241 1738 2288 et
1766 2231 2015 2302 Pontifex

429 2321 686 2386 noster”,
715 2321 1082 2393 liberavitque
1105 2339 1213 2380 nos
1230 2339 1262 2378 a
1289 2323 1631 2379 balbutiente
1653 2324 1794 2395 lege,
1827 2334 2012 2380 trans-

427 2412 661 2482 tulitque
703 2412 770 2467 ad
815 2415 1144 2494 evangelicae
1175 2414 1483 2486 disciplina:
1507 2415 1839 2471 concinnum
1874 2431 2014 2486 prae-

427 2505 669 2559 conium.
701 2505 892 2576 Neque
947 2507 1002 2562 id
1041 2508 1221 2565 solum
1261 2526 1274 2563 :
1316 2524 1509 2564 verum
1532 2509 1699 2564 etiam
1733 2524 1859 2564 cum
1913 2523 2006 2564 ca-

427 2595 565 2666 ptivi
601 2611 864 2662 essemus,
885 2598 938 2653 in
966 2599 1281 2656 libertatem
1313 2600 1571 2666 asseruit,
1603 2600 1822 2656 devicto
1848 2600 2007 2671 priu-

428 2687 551 2757 cipe
601 2687 765 2760 hujus
787 2690 1006 2756 saeculi,
1061 2698 1118 2746 et
1158 2707 1226 2747 ex
1260 2691 1514 2748 faucibus
1564 2691 1768 2747 inferni
1809 2692 2014 2763 eripuit

427 2777 655 2846 80pitos,
679 2787 735 2833 et
771 2778 1021 2834 fundavit
1050 2781 1274 2851 quidem
1303 2782 1625 2848 Ecolesiam,
1648 2782 2013 2854 princepsque

428 2867 487 2921 in
507 2883 608 2922 nos
632 2868 980 2939 designatus,
1016 2872 1320 2934 transmisit
1354 2873 1411 2927 in
1439 2872 1546 2928 fide
1563 2873 1881 2937 Iordanem,
1907 2875 2015 2929 lar-

427 2957 679 3028 gitusque
709 2968 795 3014 est
828 2959 1305 3016 circumeisionem
1336 2961 1392 3015 in
1423 2961 1644 3032 Spiritu,
1672 2970 1837 3031 atque
1875 2961 2014 3016 adeo

428 3049 487 3103 in
531 3066 761 3122 regnum
797 3053 1065 3109 calorum
1121 3054 1355 3110 induxit.
1408 3055 1566 3121 Quod
1623 3055 1809 3124 itaque
1847 3054 2014 3107 homo

427 3141 732 3196 secundum
771 3157 872 3197 nos
899 3143 1074 3198 factus
1121 3145 1227 3210 sit,
1250 3144 1446 3207 divini,
1475 3144 1738 3208 arbitror,
1779 3158 2014 3212 evange-

429 3230 569 3286 lista:
592 3232 964 3287 testimonium
997 3205 1296 3298 suffecerit,
1325 3205 1562 3288 dicentis
1591 3251 1604 3286 :
1639 3253 1656 3284 ι
1765 3205 2008 3289 Verbum
2038 3205 2080 3263 θ’

429 3337 559 3377 caro
583 3322 789 3378 factum
818 3331 904 3379 est
927 3365 941 3389 ,
984 3332 1042 3380 et
1070 3325 1340 3380 habitavit
1367 3326 1424 3380 in
1456 3326 1637 3383 nobis.
1669 3347 1687 3379 ι
1717 3327 1873 3394 Quod
1909 3344 2008 3384 au-

432 3424 544 3469 tem
567 3422 767 3470 unctus
788 3409 860 3470 sit
889 3416 1056 3471 etiam
1091 3417 1148 3471 in
1191 3417 1535 3473 sacerdotem
1573 3427 1630 3474 et
1665 3420 2006 3489 apostolum,

431 3505 666 3562 Aaronis
705 3505 878 3577 figura
912 3507 1196 3564 manifeste
1221 3509 1482 3564 ostendit.
1519 3509 1732 3565 Unctus
1755 3511 1904 3566 enim
1929 3519 2012 3566 est

432 3598 554 3652 oleo
577 3597 936 3664 sanctiﬁcata,
953 3607 1008 3654 et
1037 3600 1440 3656 constitutusin
1478 3601 1783 3672 principem
1813 3602 1913 3673 51
1947 3619 2012 3658 ac

433 3689 752 3760 praefectum
785 3691 1134 3747 sacerdotum
1157 3743 1164 3754 ,
1185 3707 1250 3747 ac
1290 3693 1509 3763 populi,
1538 3708 1752 3748 necnon
1799 3709 2010 3749 summa

433 3781 612 3838 fronte
637 3797 856 3838 auream
881 3784 1158 3839 bracteam
1198 3799 1292 3839 seu
1344 3784 1601 3840 laminam
1625 3786 1884 3855 suscepit,
1913 3801 2010 3841 no-

433 3889 560 3931 men
586 3875 801 3931 Domini
828 3876 1154 3945 inseriptum
1183 3876 1496 3931 habentem.
1533 3875 1646 3931 Hoc
1679 3884 1861 3932 autem
1891 3887 2010 3932 erat

432 3967 801 4023 clarissimum
835 3967 1132 4024 Salvatoris
1175 3970 1352 4025 nostri
1394 3970 1538 4041 regis
1575 3971 1880 4042 symbolum
1906 4014 1919 4037 ,
1946 3987 2010 4026 ae

432 4057 605 4112 veluti
647 4059 994 4128 splendidum
1055 4069 1220 4130 atque
1278 4060 1488 4132 insigne
1529 4062 1800 4119 diadema.
1852 4063 2008 4130 Quod

433 4164 564 4203 vero
589 4150 936 4218 praestantior
975 4151 1046 4205 sit
1073 4153 1226 4212 cultu
1253 4152 1448 4221 legali,
1490 4156 1672 4210 cultus
1722 4172 1823 4226 per
1844 4157 2008 4213 Chri-

435 4250 580 4296 stum
606 4281 621 4306 ,
675 4241 877 4295 viderit
905 4241 1028 4312 quis
1061 4241 1116 4296 in
1159 4242 1364 4310 Aaron,
1387 4245 1847 4314 quemadmodum
1895 4248 2010 4304 fere

433 4333 600 4387 etiam
640 4331 693 4386 in
722 4332 1100 4389 Melchisedee.
1136 4333 1418 4404 Siquidem
1462 4334 1665 4391 Levita:
1693 4335 1932 4392 decimas
1979 4355 2009 4392 a

2114 1959 2224 2031 γὰρ
2251 1958 2336 2013 ὢν.
2351 1960 2445 2013 καὶ
2473 1961 2539 2013 ἐκ
2580 1958 2716 2015 Θεοῦ
2747 1957 2888 2012 κατά
2923 1957 3084 2028 φύσιν
3115 1959 3143 2011 ό
3176 1957 3508 2028 Μονογενὴς,
3535 1955 3697 2025 γέγο-

2114 2069 2203 2106 νεν
2227 2052 2532 2124 ἄνθρωπος,
2580 2071 2598 2103 ι
2636 2051 2732 2106 καὶ
2777 2051 3095 2122 ἐσκήνωσεν
3131 2049 3188 2102 ἐν
3216 2051 3368 2119 ἡμῖν.
3415 2067 3434 2100 ι
3477 2050 3696 2118 Κεχρη-

2117 2143 2314 2214 μάτικε
2349 2142 2407 2196 δὲ
2455 2141 2551 2194 καὶ
2585 2142 2951 2206 Ἀπόστολος
3002 2139 3096 2192 καὶ
3143 2137 3473 2207 Ἀρχιερεὺς
3506 2135 3687 2207 ἡμῶν,

2115 2233 2210 2288 καὶ
2245 2231 2554 2304 ἀπήλλαξεν
2598 2232 2746 2302 ἡμᾶς
2773 2230 2868 2285 τοῦ
2902 2228 3321 2302 βραδυγλὼσσου
3355 2230 3520 2299 νόμου
3545 2267 3559 2294 ,
3597 2245 3695 2300 με-

2113 2325 2395 2381 τατέθεικε
2434 2324 2491 2379 δὲ
2519 2324 2612 2378 καὶ
2643 2324 2725 2386 εἰς
2766 2321 3040 2393 εὐφωνίαν
3081 2321 3422 2393 μαθημάτων
3455 2321 3688 2389 εὐαγγεο

2113 2418 2301 2474 λικῶν.
2328 2417 2442 2471 Καὶ
2476 2416 2597 2488 οὐχὶ
2628 2415 2787 2470 τοῦτο
2824 2416 2983 2487 μόνον
3003 2454 3018 2479 ,
3046 2413 3183 2469 ἀλλὰ
3221 2413 3327 2485 γὰρ
3391 2412 3487 2465 καὶ
3525 2413 3695 2483 αἰχμ-

2114 2509 2356 2572 αλώτους
2387 2506 2546 2572 ὄντας
2577 2506 2780 2579 ἀνῆκεν
2822 2507 3002 2577 ἡμᾶς,
3045 2503 3284 2558 καθελὼν
3317 2503 3408 2555 τὸν
3454 2502 3694 2572 ἄρχοντα

2113 2600 2209 2654 τοῦ
2253 2600 2448 2662 αἰῶνος
2489 2598 2715 2663 τούτου,
2766 2599 2860 2652 καὶ
2907 2596 2966 2662 ἐξ
3010 2597 3138 2668 ᾅδου
3191 2595 3378 2668 μυχῶν
3423 2595 3694 2667 ἐρῤύσατο

2111 2691 2240 2755 τοὺς
2274 2691 2739 2762 κεκοιμημένους,
2773 2689 2865 2742 καὶ
2909 2687 3276 2757 τεθεμελίωκε
3305 2685 3403 2756 μὲν
3435 2685 3532 2756 τὴν
3571 2685 3695 2740 Ἐκο

2114 2783 2374 2855 κλησίαν,
2423 2780 2864 2854 κεχειροτόνηται
2913 2778 2972 2831 δέ
3017 2777 3113 2831 καὶ
3161 2778 3345 2848 άρχων
3393 2778 3478 2845 ἐφ’
3518 2775 3690 2846 ἡμᾶς,

2115 2874 2209 2928 καὶ
2235 2873 2511 2928 διεϐίϐασε
2543 2871 2642 2941 μὲν
2667 2871 2726 2923 ἐν
2759 2870 2940 2922 πίστει
2964 2866 3056 2921 τὸν
3094 2865 3383 2938 Ἰορδάνην,
3408 2865 3608 2919 δέδωκε
3635 2865 3694 2918 δέ

2113 2963 2212 3032 τὴν
2241 2963 2301 3014 ἐν
2334 2961 2606 3031 πνεύματι
2641 2957 2967 3030 περιτομὴν,
2999 2957 3096 3010 καὶ
3132 2959 3214 3021 εἰς
3257 2957 3357 3027 τὴν
3395 2957 3501 3009 τῶν
3525 2955 3696 3028 οὐρα-

2115 3053 2221 3107 νῶν
2242 3053 2590 3123 εἰσκεκόμικε
2627 3051 2924 3122 βασιλείαν,
2960 3052 3082 3104 Ὅτι
3115 3051 3211 3120 μὲν
3230 3047 3324 3103 οῦν
3349 3049 3539 3118 γέγονε
3570 3046 3694 3102 καθ’

2115 3144 2262 3214 ἡμᾶς
2284 3181 2298 3207 ,
2331 3143 2664 3214 ἀποχρήσειν
2709 3136 2864 3212 οἶμαι
2904 3140 3132 3210 λέγοντα
3157 3141 3248 3193 τὸν
3290 3139 3578 3194 θεσπέσιον
3602 3138 3696 3191 εὐ·-

2114 3234 2464 3305 αγγελιστὴν,
2499 3253 2517 3286 ι
2558 3234 2668 3288 Καὶ
2705 3235 2733 3286 6
2769 3233 2941 3302 Λόγος
2972 3233 3107 3304 σὰρξ
3145 3232 3380 3301 ἐγένετο,
3407 3232 3499 3284 καὶ
3525 3232 3693 3302 ἐσκή-

2112 3343 2283 3380 νωσεν
2324 3327 2383 3379 ὲν
2420 3327 2575 3396 ἡμῖν.
2620 3345 2638 3376 ι
2684 3326 2808 3379 ’Ότι
2862 3325 2918 3378 δὲ
2947 3325 3233 3396 κέχρισται
3283 3323 3377 3377 καὶ
3421 3325 3503 3386 εἰς
3537 3321 3699 3393 ἱερέα

2113 3417 2206 3472 καὶ
2245 3417 2575 3482 ἀπόστολον,
2624 3419 2658 3488 ἠ
2705 3415 2800 3470 τοῦ
2849 3415 3058 3488 Ἀαρὼν
3117 3414 3392 3480 ἀνάδειξις
3440 3413 3698 3484 ὑπεμφή-

2111 3528 2253 3565 νειεν
2329 3511 2396 3565 ἂν
2481 3510 2578 3564 καὶ
2651 3509 2802 3577 μάλα
2875 3507 3085 3579 σαφῶς.
3167 3505 3503 3578 Κατεχρίετο
3583 3505 3700 3577 γὰρ

2111 3601 2275 3673 ἐλαίῳ
2336 3600 2415 3671 τῷ
2470 3601 2830 3671 ἡγιασμένῳ,
2884 3599 2978 3652 καὶ
3025 3599 3106 3661 εἰς
3163 3598 3402 3670 ἄρχοντα
3455 3596 3699 3650 τέθειται

2112 3694 2206 3748 καὶ
2235 3693 2535 3764 ἡγούμενον
2567 3693 2758 3762 ἱερέων
2789 3694 2884 3745 καὶ
2923 3689 3077 3757 λαοῦ,
3110 3691 3205 3744 καὶ
3247 3689 3354 3760 μὴν
3398 3689 3492 3742 καὶ
3522 3685 3700 3757 μετώ-

2113 3799 2235 3845 ποις
2263 3781 2454 3853 ἄκροις
2495 3780 2556 3834 τδ
2587 3781 2803 3851 ψέλλιον
2838 3781 3054 3849 ἐδέχετο
3083 3779 3144 3832 τὸ
3175 3778 3430 3848 χρυσοῦν,
3472 3778 3591 3848 ῆτοι
3633 3777 3701 3830 τό

2112 3873 2362 3939 πέταλον,
2386 3871 2605 3944 γραφὴν
2629 3871 2751 3941 ἔχον
2782 3872 2842 3925 τὸ
2868 3872 3039 3941 ὄνομα
3065 3870 3294 3940 Κυρίου.
3333 3867 3506 3921 Τοῦτο
3530 3867 3585 3920 δὲ
3625 3863 3700 3936 ἦν

2111 3964 2342 4036 ἐναργὲς
2369 3964 2468 4033 τῆς
2501 3963 2597 4017 τοῦ
2627 3963 2881 4034 Σωτῆρος
2917 3961 3074 4032 ἡμῶν
3107 3960 3371 4031 βασιλέως
3407 3958 3696 4030 σύμϐολον,

2111 4055 2208 4111 καὶ
2234 4039 2655 4126 οἰονε“ι’διάδημα
2681 4053 2937 4125 λαμπρὸν
2971 4053 3064 4108 καὶ
3106 4053 3420 4123 περίοπτον.
3469 4052 3593 4107 Ὅτι
3638 4050 3700 4103 δὲ

2111 4148 2350 4220 ἀμείνων
2368 4149 2469 4219 τῆς
2495 4147 2730 4219 νομικῆς
2750 4146 3007 4218 λατρείας
3025 4146 3060 4216 ἡ
3087 4144 3173 4198 διὰ
3202 4142 3464 4214 Χριστοῦ,
3491 4143 3702 4201 κατίδοι

2111 4261 2195 4306 τις
2235 4242 2302 4296 ἂν
2344 4243 2421 4308 ὡς
2464 4244 2522 4297 ἐν
2583 4241 2832 4314 Ἀαρὼν,
2881 4240 3135 4311 καθάπερ
3176 4239 3367 4311 ἀμέλει
3409 4237 3500 4292 καὶ
3532 4239 3589 4291 ἐν
3618 4236 3702 4305 τῷ

2110 4333 2464 4403 Μελχισεδέκ.
2510 4334 2754 4395 Δεκάτας
2786 4332 2883 4403 μὲν
2922 4331 3032 4403 γάρ
3069 4333 3118 4384 οί
3144 4329 3366 4385 Λευῖται
3398 4329 3546 4399 παρά
3588 4327 3702 4380 τῶν

433 4424 564 4480 filiis
609 4425 775 4481 Israel
823 4426 1186 4496 accipiebant.
1233 4425 1504 4482 Czeterum
1544 4428 1709 4499 jussit
1753 4429 1897 4484 Deus
1943 4446 2006 4484 ex

2114 4425 2243 4479 υἱῶν
2277 4423 2494 4494 Ἰσραὴλ
2535 4424 2677 4477 κατὰ
2712 4424 2912 4494 νόμους
2945 4423 3207 4493 ἐδέχοντο.
3249 4422 3396 4494 Πλὴν
3445 4421 3700 4474 ἐκέλευσε

434 4515 746 4571 Levitarum
776 4514 1006 4573 decimis
1054 4518 1298 4574 tribuere
1327 4519 1593 4574 decimam
1639 4518 1862 4585 Aaroni,
1893 4530 2010 4576 tan-

2114 4515 2245 4579 Θεὸς
2274 4516 2337 4567 ἐκ
2359 4514 2456 4584 τῆς
2483 4515 2592 4567 τῶν
2617 4514 2857 4567 Λευῖτῶν
2887 4513 3121 4584 δεκάτης
3145 4511 3512 4583 ἁπονέμεσθαι
3537 4511 3705 4564 δεκά-

431 4621 596 4676 quam
649 4608 933 4676 praefecto,
981 4608 1186 4678 quique
1217 4610 1289 4664 ob
1336 4611 1630 4666 sacerdotii
1671 4610 2009 4668 funetinncm

2115 4624 2213 4677 την
2247 4605 2323 4670 ὡς
2356 4605 2644 4676 ἡγουμένῳ
2675 4604 2756 4676 τῷ
2784 4603 3018 4676 Ἀαρὼν,
3050 4605 3193 4659 κατά
3221 4622 3281 4657 τε
3313 4604 3405 4657 τὸν
3447 4602 3540 4656 τοῦ
3587 4602 3704 4655 δεῖν

434 4682 690 4768 supremo
716 4699 925 4754 honore
954 4701 1218 4769 praeditus
1241 4709 1376 4756 erat.
1403 4702 1667 4774 Intelligis
1691 4703 1876 4773 itaque
1899 4721 2009 4774 quo

2115 4697 2364 4770 ἱερᾶσθαι
2387 4699 2588 4768 τρόπον
2626 4699 2749 4760 ταῖς
2781 4695 3043 4749 ἀνωτάτω
3093 4695 3334 4766 κομῶντι
3369 4695 3445 4765 (1)
3484 4695 3701 4763 τιμαῖς.

433 4798 593 4860 pacto
619 4790 786 4846 etiam
821 4791 878 4845 in
908 4807 1140 4862 persona
1167 4793 1347 4848 Aaron
1397 4791 1528 4849 Levi
1579 4794 1821 4850 decimas
1859 4798 2007 4852 acci-

2114 4790 2277 4855 Σύνες
2305 4785 2397 4844 οῦν
2421 4791 2567 4855 ὅπως
2595 4791 2690 4843 καὶ
2721 4790 2778 4841 ἐν
2811 4787 3086 4860 προσώπῳ
3114 4787 3209 4840 τοῦ
3249 4786 3459 4859 ’Λαρὼν
3490 4789 3518 4839 6
3539 4787 3704 4838 δεκόι⁴

433 4880 610 4949 piens,
647 4879 950 4937 decimatus
969 4890 1071 4937 est.
1101 4882 1282 4937 Aaron
1305 4883 1454 4938 enim
1480 4883 1687 4940 Christi
1719 4901 2006 4957 personam

2114 4902 2212 4948 τας
2237 4883 2550 4954 λαμϐάνων,
2584 4882 2713 4936 Λευ⁴ἰ
2733 4881 3111 4935 δεδεκάτωται.
3148 4880 3398 4934 Τέθειται
3431 4879 3539 4949 γάρ
3575 4879 3704 4929 ’Λα-

433 4971 622 5027 refert.
650 4973 827 5043 Atque
853 4973 944 5028 alii
993 4973 1218 5044 quidem
1250 4975 1453 5030 Levita:
1483 4985 1539 5031 et
1573 4978 1888 5034 sacerdotes
1923 4979 2005 5034 le-

2117 4975 2226 5047 ρὼν
2266 4978 2345 5038 εἰς
2395 4976 2683 5046 πρόσωπον
2726 4974 2818 5027 τοῦ
2858 4971 3118 5046 Χριστοῦ.
3171 4972 3284 5026 Καὶ
3309 4972 3357 5024 οἱ
3407 4971 3505 5041 μὲν
3548 4969 3705 5026 ἄλλοι

431 5061 571 5130 galia
614 5065 882 5120 sacrificia
930 5066 1290 5137 peragebant,
1325 5065 1380 5120 in
1431 5066 1614 5136 priore
1655 5069 2007 5126 tabernaculo

2115 5069 2327 5131 tavrea;
2364 5066 2585 5121 Λευῖται
2629 5066 2722 5119 καὶ
2770 5067 2934 5136 ἱερεῖς
2974 5065 3074 5128 τὰς
3118 5064 3260 5118 κατά
3296 5063 3457 5133 νόμον
3506 5062 3703 5126 θυσίας

431 5167 586 5209 suam
614 5157 904 5213 stationem
927 5158 1211 5214 habentes.
1237 5159 1397 5214 Solus
1430 5169 1612 5215 autem
1650 5177 1716 5216 ex
1753 5162 2010 5218 omnibus

2114 5158 2351 5220 ἐτέλουν,
2401 5157 2587 5210 στάσιν
2638 5155 2854 5226 ἔχοντες
2903 5157 2995 5210 ἐπὶ
3040 5157 3139 5226 τὴν
3193 5154 3417 5226 πρώτην
3467 5155 3691 5224 σκηνήν.

433 5242 654 5300 divinus
685 5267 702 5296 ι
731 5249 914 5303 Aaron
939 5251 1105 5306 semel
1128 5252 1440 5322 quotannis,
1475 5271 1492 5303 ›
1521 5260 1582 5306 ιιι
1617 5254 1881 5323 scriptum
1903 5263 2006 5318 est,

2114 5248 2289 5311 Μόνος
2308 5247 2363 5300 δὲ
2387 5245 2481 5302 καὶ
2507 5246 2571 5298 ἐκ
2598 5245 2815 5298 πάντων
2846 5246 2874 5297 6
2900 5244 3186 5307 θεσπέσιος
3218 5261 3238 5294 ι
3283 5241 3516 5312 Ἀαρὼν,
3551 5241 3700 5305 ἅπαξ

441 5351 462 5384 ‹
488 5334 543 5389 in
564 5333 761 5392 Sancta
785 5349 1094 5394 sanctorum
1126 5341 1634 5413 ingrediebatur'”:
1665 5361 1682 5394 ι
1704 5343 1868 5413 idque
1897 5362 2006 5400 non

2114 5339 2202 5394 τοῦ
2233 5337 2501 5401 ἐνιαυτοῦ,
2533 5355 2551 5389 ι
2585 5336 2725 5392 κατὰ
2753 5337 2814 5390 τὸ
2842 5335 3244 5407 γεγραμμένον,
3273 5353 3291 5386 ι
3326 5335 3406 5398 εἰς
3431 5333 3497 5386 τὰ
3528 5333 3699 5397 ’Ἅγια

435 5423 554 5478 sine
582 5426 865 5497 sanguine,
893 5427 1047 5497 juxta
1076 5429 1269 5500 legem.
1298 5430 1483 5502 Typus
1509 5439 1692 5492 autem
1722 5429 2005 5488 fuitetiam

2114 5433 2219 5490 τῶν
2255 5430 2424 5500 ἁγίων
2453 5429 2644 5500 εἰσῄει,
2685 5449 2703 5482 ι
2738 5430 2832 5486 καὶ
2857 5431 2916 5484 οὐ
2947 5429 3114 5499 χωρὶς
3145 5428 3396 5499 αἵματος,
3435 5423 3576 5481 κατά
3603 5425 3701 5482 τὸν

505 5564 588 5618 "l
619 5563 744 5620 Cor.
782 5583 894 5631 x1",
934 5568 1017 5621 12.
1098 5570 1142 5599 ⁷²
1175 5569 1328 5626 Joan.
1367 5588 1403 5635 ι,
1442 5573 1526 5628 Η.
1604 5575 1836 5630 “Hebr.
1897 5593 1973 5641 ιιι,

2142 5576 2187 5608 ⁷ο
2212 5571 2379 5629 Hebr.
2423 5586 2495 5640 Ix,
2522 5572 2574 5639 6,
2599 5572 2652 5628 7.

507 5703 585 5788 (ί)
617 5704 911 5773 Ᾱιῲοτιιιε,
947 5709 1238 5782 κοσμῶντι.
1266 5711 1413 5766 Εοιτ.
