4050 6210
377 304 452 364 89
1397 302 1916 362 GLAPIIYRORUM
1956 306 2022 362 IN
2067 307 2368 366 GENESIM
2408 311 2534 367 LIB.
2574 313 2638 368 II.
3576 323 3649 382 90

380 419 568 489 νόμον.
617 414 802 480 Τόπος
834 414 879 469 δ’
908 414 974 469 ἂν
1005 413 1091 485 εἴη
1124 416 1219 468 καὶ
1251 413 1365 469 τόδε
1396 416 1631 487 Χριστοῦ
1687 437 1706 470 ι
1755 418 1850 472 τοῦ
1886 436 1957 472 τε

2080 422 2184 476 hoc
2207 422 2431 491 Christi,
2474 444 2492 478 ι
2527 426 2622 497 qui
2661 427 2829 484 semel
2874 437 3122 486 mortuus
3153 439 3238 486 est
3267 447 3368 502 pro
3406 439 3646 504 peccatis

377 509 614 572 θνεῶτος
639 507 789 573 ἅπαξ
819 506 957 577 ὑπὲρ
983 506 1091 560 τῶν
1122 506 1408 578 ἁμαρτιῶν
1437 509 1616 579 ἡμῶν,
1653 527 1671 560 ι
1706 509 1849 564 κατά
1875 509 1976 574 τὰς

381 597 633 671 Γραφὼς,
662 595 1069 660 εἰσελαύνοντος
1103 596 1161 649 δὲ
1193 596 1288 650 καὶ
1315 599 1395 662 είς
1421 598 1518 671 τὴν
1546 599 1658 653 ἀνω
1683 616 1743 652 τε
1770 601 1865 653 καὶ
1899 602 1975 653 ἱε-

382 689 640 762 ρωτάτην
675 687 906 758 σκηνήν.
941 686 1160 758 Ταύτην
1185 687 1297 760 γὰρ
1325 690 1458 760 ἡμῖν
1484 689 1815 743 ἐνεκαίνισεν
1833 689 1972 757 ὁδδν,

378 780 630 849 ἁγιάζων
653 795 715 832 τε
756 777 836 848 τῷ
869 777 1064 847 αἵματι
1095 777 1175 849 τῷ
1207 778 1322 850 ίδίῳ
1345 778 1448 850 τὴν
1488 777 1834 850 Ἐκκλησίαν.
1865 780 1975 835 Καὶ

376 873 409 924 6
438 871 539 940 μὲν
575 867 866 933 θεσπέσιος
894 869 1101 940 Μωσῆς
1120 909 1138 934 ,
1167 872 1688 942 προκεχειρισμένος
1725 873 1806 936 εἰς
1834 873 1972 926 ἀπο-

381 960 596 1032 στολὴν,
619 960 798 1014 ἐδέετο
827 959 920 1013 τοῦ
947 959 1106 1027 Θεοῦ,
1127 960 1324 1030 λέγων·
1359 981 1378 1014 ι
1406 963 1628 1034 Δέομαι,
1654 964 1848 1036 Κύριε,
1871 965 1973 1020 οὐκ

378 1051 606 1115 εύλαλός
653 1052 769 1121 είμι
811 1051 916 1122 πρὸ
959 1050 1058 1121 τῆς
1104 1051 1272 1122 χθὲς.
1309 1053 1430 1107 οὐδὲ
1486 1054 1594 1126 πρὸ
1636 1055 1736 1126 τῆς
1781 1056 1972 1126 τρίτης

389 1143 626 1214 ἡμέρας,
664 1141 787 1195 οὐδὲ
818 1141 914 1210 ἀφ’
941 1136 1000 1196 οὗ
1032 1140 1183 1212 ἤρξω
1210 1142 1392 1197 λαλεῖν
1424 1143 1503 1215 τῷ
1528 1144 1814 1215 θερᾲωτί
1850 1162 1966 1212 σου,

384 1228 738 1305 ἰσχνόφωνος,
785 1233 883 1286 καὶ
930 1231 1342 1303 βραδύγλωσσος
1385 1233 1500 1302 ἐγώ
1541 1228 1966 1308 εξμΠΠροσ-

379 1326 550 1380 ετίθει
590 1327 648 1380 δὲ
678 1326 912 1389 τούτοιςο
953 1345 972 1378 ι
999 1326 1351 1398 Προχείρισαι
1391 1327 1550 1383 ἀλλον
1588 1329 1879 1400 δυνάμενον
1905 1330 1966 1386 ὃν

375 1404 727 1482 ἀποστελεῖς.
777 1437 798 1470 ι
849 1413 980 1470 Εἶτα
1019 1417 1156 1489 πρὸς
1199 1418 1361 1474 αὐτὸν
1405 1420 1434 1474 6
1476 1419 1587 1473 τῶν
1627 1419 1764 1474 ὅλων
1807 1421 1960 1484 Θεόςο

386 1527 407 1560 ι
442 1508 576 1563 οῦκ’
607 1509 716 1562 ἰδοὺ
749 1507 964 1580 Ἀαρὼν
991 1510 1020 1562 6
1043 1508 1268 1578 ἀδελφός
1294 1527 1388 1563 σου
1411 1512 1440 1564 6
1459 1510 1712 1584 Λευϊτης,
1739 1513 1963 1566 ἐπίστα-

376 1615 481 1670 μαι
507 1599 590 1651 ὅτι
615 1597 789 1651 λαλῶν
816 1598 1036 1670 λαλήσει
1067 1597 1228 1662 αὑτός
1253 1614 1356 1663 σοι,
1395 1599 1488 1653 καὶ
1525 1599 1633 1658 ίδοὺ
1667 1600 1828 1665 αὐτὸς
1880 1601 1962 1672 ἐξ·

373 1690 656 1748 ελεύσεται
680 1692 760 1753 είς
796 1691 1120 1761 συνάντησιν
1151 1707 1267 1748 σου.
1290 1690 1402 1744 Καὶ
1439 1689 1562 1746 ίδών
1579 1709 1638 1748 σε
1661 1693 1958 1765 χαρήσεται

2077 514 2280 569 nostris
2304 515 2370 582 ⁷⁸,
2408 535 2428 568 ι
2465 518 2768 573 secundum
2809 518 3139 591 Scripturas,
3171 531 3229 578 et
3266 523 3544 595 ingressus
3588 528 3644 582 in

2076 622 2374 678 supernum
2428 610 2562 667 illud
2633 613 3146 685 sanctissimumque
3207 616 3642 673 tabernaculum.

2075 696 2227 754 Hanc
2254 699 2402 756 enim
2436 701 2583 756 viam
2608 703 2768 759 nobis
2798 704 3148 770 instauravit,
3174 706 3644 776 sanctiﬁcavitque

2073 791 2296 862 proprio
2328 794 2590 865 sanguine
2609 796 2929 852 Ecclesiam.
2967 797 3135 868 Atqui
3167 797 3390 854 divinus
3421 799 3644 868 quidem

2072 881 2284 954 Moyses
2308 884 2516 942 electus
2539 887 2606 942 ad
2634 888 2969 956 missionem,
2991 888 3168 945 oravit
3192 889 3385 954 Deum,
3409 889 3601 945 dicens
3625 907 3640 944 :

2081 991 2101 1025 ι
2137 971 2268 1041 Oro,
2292 975 2542 1042 Domine,
2565 993 2677 1033 non
2700 980 2963 1050 eloquens
2992 997 3112 1036 sum
3137 989 3262 1036 ante
3286 981 3434 1046 heri,
3463 997 3643 1052 neque

2070 1069 2196 1117 ante
2217 1063 2434 1119 tertiam
2458 1065 2626 1132 diem,
2653 1083 2831 1138 neque
2853 1084 2921 1124 ex
2938 1084 3048 1138 quo
3076 1069 3290 1138 ccepisti
3312 1069 3464 1139 loqui
3483 1084 3642 1125 servo

2072 1162 2167 1209 tuo
2195 1155 2420 1226 :gracili
2454 1171 2587 1212 voce
2613 1167 2670 1213 et
2693 1158 2849 1213 tarda
2885 1158 3072 1229 lingua
3104 1173 3206 1229 ego
3236 1173 3358 1213 sum
3387 1159 3453 1211 ".
3486 1177 3506 1209 ι
3533 1158 3644 1214 Ad-

2062 1244 2196 1315 jecit
2218 1253 2398 1301 autem
2434 1247 2550 1302 his:
2592 1266 2610 1300 ι
2647 1248 2798 1320 Elige
2821 1258 3098 1320 potentem
3136 1250 3303 1305 alium
3321 1265 3484 1320 quem
3508 1251 3641 1305 mit-

2067 1342 2150 1392 tes
2169 1336 2236 1390 ⁷⁸.
2265 1355 2284 1389 ι
2333 1337 2540 1394 Deinde
2580 1339 2726 1396 Deus
2756 1341 2831 1395 ita
2868 1341 3150 1410 respondit
3197 1359 3210 1394 :
3269 1360 3288 1393 ι
3319 1341 3480 1396 Non:
3511 1357 3642 1398 ecce

2063 1425 2245 1481 Aaron
2269 1426 2440 1483 frater
2468 1437 2596 1485 tuus
2631 1431 2842 1487 Levita.
2873 1431 2998 1488 Scio
3017 1432 3164 1503 quod
3184 1433 3416 1502 loquens
3452 1436 3642 1505 loque.

2063 1521 2153 1570 tur
2170 1516 2286 1586 ipse
2308 1518 2443 1584 tibi,
2487 1528 2545 1575 et
2581 1535 2709 1576 ecce
2749 1521 2866 1592 ipse
2891 1523 3208 1594 egredietur
3249 1523 3304 1578 in
3347 1539 3640 1581 occursum

2063 1602 2193 1668 tibi,
2222 1615 2280 1661 et
2306 1607 2500 1668 videns
2545 1617 2598 1669 te
2644 1609 2923 1666 laetabitur
2956 1612 3013 1666 in
3043 1611 3256 1682 seipso,
3296 1622 3352 1668 et
3391 1613 3542 1668 dices
3569 1614 3639 1669 ad

2059 1709 2206 1758 eum,
2227 1705 2283 1752 et
2303 1697 2461 1754 dabis
2483 1701 2651 1756 verba
2681 1717 2804 1761 mea
2836 1703 2892 1758 in
2915 1718 2979 1758 os
3013 1705 3154 1775 ejus,
3189 1714 3246 1760 et
3276 1721 3377 1777 ego
3398 1707 3640 1776 aperiam

369 1783 434 1840 ἐν
464 1781 646 1853 ἑαυτῷ
667 1822 684 1846 ,
722 1781 815 1835 καὶ
845 1783 990 1854 ἐρεῖς
1020 1783 1154 1854 πρὸς
1187 1783 1370 1848 αὑτὸν,
1415 1783 1508 1836 καὶ
1545 1782 1736 1848 δώσεις
1767 1785 1836 1841 τὰ
1864 1787 1957 1857 ῥή-

2065 1800 2129 1841 os
2158 1793 2336 1854 vuum,
2359 1798 2416 1844 et
2438 1790 2707 1847 instruam
2750 1808 2849 1850 vos
2886 1809 3008 1864 quae
3039 1793 3284 1861 facietis,
3316 1804 3373 1850 et
3395 1797 3512 1866 ipse
3554 1797 3640 1852 lo-

373 1875 522 1948 ματά
551 1890 656 1943 μου
685 1874 742 1927 ὲν
766 1873 846 1944 τῷ
880 1873 1108 1944 στόματι
1135 1875 1300 1929 αὐτοῦ
1331 1875 1425 1929 καὶ
1453 1875 1772 1946 συμϐιϐἀσω
1809 1878 1954 1950 ὑμᾶς

368 1963 409 2023 ἃ
435 1965 712 2035 ποιήσετε,
743 1965 838 2017 καὶ
860 1963 1084 2034 λαλήσει
1112 1965 1275 2029 αὑτός
1297 1983 1380 2020 σοι
1408 1967 1541 2038 πρὸς
1568 1968 1658 2023 τὸν
1686 1968 1832 2035 λαὸν,
1860 1971 1954 2024 καὶ

371 2054 538 2117 αὐτὸς
582 2053 740 2110 ἔσται
777 2071 874 2109 σου
916 2055 1110 2126 στόμα.
1157 2074 1178 2108 ι
1232 2057 1658 2128 Βραδύγλωσσος
1705 2059 1804 2130 μὲν
1843 2060 1954 2132 γὰρ

367 2147 820 2217 ὁμολογουμένως
845 2146 938 2200 καὶ
966 2145 1364 2218 εύστομεῖνξούκ
1389 2147 1544 2212 εἰδὼς
1563 2150 1591 2203 6
1609 2150 1775 2205 πάλαι
1791 2150 1954 2221 νόμος

331 2303 336 2306 _
369 2238 457 2294 διὰ
485 2240 691 2293 κύκλου
723 2238 884 2310 μόλιο
907 2237 1235 2309 μακροῦ,τοῦ
1261 2239 1400 2293 κατά
1425 2240 1486 2294 τὸ
1515 2241 1752 2312 Γράμμα
1785 2241 1950 2313 φημὶ,

373 2331 658 2402 μονονουχὶ
675 2330 771 2384 καὶ
791 2329 1157 2400 ύποψελλίζων
1185 2331 1316 2402 ἡμῖν
1333 2331 1395 2385 τὺ
1407 2331 1525 2404 Θεῷ
1544 2331 1752 2387 δοκοῦν·
1781 2335 1952 2406 στόμα

369 2423 431 2476 δὲ
469 2423 719 2487 Μωσέως
759 2422 821 2477 τὸ
864 2422 1258 2493 εὐφωνότατον,
1303 2423 1332 2476 6
1377 2423 1648 2494 Χριστὸς,
1696 2424 1954 2496 μεθιστὰς

372 2513 499 2577 τοὺς
527 2512 732 2577 τύπους
756 2515 837 2577 εἰς
856 2513 1134 2584 ἀλήθειαν,
1168 2514 1262 2568 καὶ
1293 2514 1567 2584 προτιθεὶς
1594 2515 1818 2586 ἑτοίμην
1839 2519 1954 2582 τοῖς

374 2601 689 2672 ἁπανταχοῦ
735 2601 847 2656 τῶν
895 2601 1206 2671 ἀναγκαίων
1251 2601 1350 2673 τὴν
1397 2602 1622 2673 εἴδησιν.
1667 2604 1953 2676 Τοιγάρτοι

377 2693 540 2765 φησὶν
573 2694 634 2746 ὲν
665 2693 1087 2764 τεσσαρακοστῷ
1121 2691 1226 2747 καὶ
1252 2693 1423 2765 ὀγδόῳ
1442 2693 1676 2765 Ψαλμῷ·
1711 2714 1730 2748 ι
1769 2696 1955 2750 Ἀκού-

378 2801 505 2839 σατε
541 2783 737 2848 ταῦτα,
773 2785 951 2838 πάντα
985 2785 1054 2838 τὰ
1095 2784 1241 2856 ἔθνη,
1280 2785 1636 2850 ἐνωτίσασθε,
1673 2786 1874 2853 πάντες
1901 2788 1952 2840 ot

374 2876 754 2940 κατοικοῦντες
774 2877 873 2947 τὴν
899 2876 1240 2948 οἰκουμένην.
1293 2896 1312 2929 ›
1370 2877 1726 2932 Ἀνετυποῦτο
1767 2879 1831 2950 δὴ
1859 2873 1953 2933 οὖν

373 2967 442 3031 ὡς
482 2967 542 3017 ὲν
581 2966 792 3040 Ἀαρὼν
819 2971 846 3022 6
870 2969 1126 3039 Χριστός.
1165 2969 1274 3022 Καὶ
1309 2969 1370 3023 τό
1399 2986 1464 3038 γε
1496 2969 1947 3041 παραδοξότερον.

371 3056 462 3130 Μὴ
498 3057 610 3130 γάρ
642 3072 725 3110 τοι
755 3056 1080 3130 θαυμάσῃς,
1122 3058 1170 3110 εί
1209 3058 1268 3111 ὲν
1309 3059 1419 3122 τοῖς
1457 3059 1752 3127 ἐγνωκόσιν
1787 3059 1948 3112 αὐτὸν

2055 1884 2257 1944 quetur
2274 1892 2376 1946 pro
2408 1887 2463 1934 te
2489 1879 2560 1934 ad
2577 1881 2861 1950 populum,
2888 1891 2946 1938 et
2982 1882 3098 1952 ipse
3129 1883 3238 1938 erit
3259 1899 3323 1939 os
3342 1892 3497 1939 tuum
3515 1887 3583 1939 ".
3613 1904 3632 1938 ι

2054 1963 2388 2036 Tardiloqua
2430 1969 2579 2025 enim
2617 1986 2810 2027 revera
2855 1981 2941 2028 est
2973 1975 3133 2029 vetus
3168 1974 3276 2041 lex,
3303 1990 3404 2046 per
3449 1977 3642 2046 longos

2052 2056 2319 2115 circuitus
2352 2075 2495 2131 aegre
2531 2062 2695 2117 nobis
2733 2063 2832 2118 Dei
2871 2064 3210 2121 voluntatem
3245 2065 3506 2121 balbutit.
3532 2066 3636 2121 So-

2052 2166 2249 2206 norum
2267 2160 2450 2209 autem
2469 2154 2669 2226 Moysis
2682 2171 2766 2222 os,
2782 2155 3056 2223 Christus,
3077 2166 3233 2228 typos
3258 2157 3326 2211 ad
3350 2158 3641 2230 veritatem

2053 2242 2428 2311 transferens,
2473 2245 2802 2317 facilemque
2832 2247 3091 2305 omnibus
3145 2248 3328 2303 ubivis
3367 2258 3641 2304 terrarum

2051 2335 2371 2391 constitutis
2398 2351 2592 2391 eorum
2615 2353 2738 2409 quae
2757 2339 3070 2395 necessaria
3091 2347 3240 2403 sunt,
3267 2339 3640 2410 cognitionem

2051 2440 2384 2496 proponens.
2415 2428 2628 2484 Idcirco
2655 2429 2735 2485 sic
2769 2430 2848 2484 ait
2896 2430 2956 2486 in
2983 2430 3406 2503 quadragesimo
3445 2440 3642 2487 octavo

2049 2516 2259 2586 psalmo
2287 2535 2301 2572 :
2344 2536 2363 2569 ι
2398 2517 2503 2588 52
2524 2520 2726 2576 Audite
2764 2521 2908 2586 haec,
2944 2536 3134 2580 omnes
3162 2532 3390 2594 gentes;
3413 2525 3644 2582 auribus

2051 2604 2338 2675 percipite,
2361 2620 2553 2664 omnes
2602 2609 2916 2668 habitantes
2954 2611 3148 2669 orbem
3186 2611 3255 2667 ⁷⁸.
3291 2631 3310 2664 ι
3348 2613 3641 2684 Figuratus

2051 2691 2236 2763 itaque
2259 2696 2316 2750 in
2337 2695 2555 2752 Aarone
2586 2698 2861 2756 Christus.
2886 2701 3055 2772 Atqui
3081 2703 3188 2759 hoc
3224 2704 3398 2776 magis
3428 2706 3639 2760 miran-

2051 2783 2202 2839 dum.
2243 2786 2430 2857 Neque
2449 2789 2599 2844 enim
2633 2793 2875 2860 mireris,
2912 2797 2960 2850 si
3001 2797 3057 2850 in
3085 2795 3152 2849 iis
3172 2835 3187 2860 ,
3216 2797 3312 2865 qui
3341 2797 3521 2866 ipsum
3547 2813 3642 2853 co-

2050 2884 2309 2951 gnorunt,
2348 2888 2406 2933 et
2430 2879 2608 2950 legem
2637 2883 2874 2949 callent,
2909 2885 3147 2955 propriae
3168 2902 3281 2940 suae
3295 2889 3639 2944 excellentiae

2051 2959 2484 3031 magnitudinem
2525 2965 2912 3034 adumbravit,
2950 2968 3173 3038 quando
3203 2970 3368 3023 etiam
3419 2971 3476 3026 in
3520 2972 3641 3027 viro

2051 3051 2359 3124 alienigena
2388 3063 2647 3112 ostensus
2689 3065 2774 3113 est
2817 3058 2914 3128 qui
2956 3059 3215 3115 Israelem
3259 3077 3290 3114 a
3322 3061 3638 3130 captivitate

373 3124 466 3208 καὶ
495 3124 555 3202 έν
578 3124 790 3218 ἐίδήσει
822 3124 932 3202 τῶν
1171 3151 1266 3219 τῆς
1301 3149 1435 3214 ιδίας
1465 3124 1736 3222 ὑπεροχῆς
1761 3151 1951 3205 ἐσκια-

2057 3143 2326 3210 liberavit,
2355 3152 2413 3202 et
2438 3155 2683 3202 sanctam
2706 3124 2986 3204 civitatem
3007 3148 3278 3216 fundavit,
3310 3161 3368 3208 et
3390 3124 3638 3222 inexpu-

371 3239 574 3309 γράφει
615 3239 679 3293 τὸ
721 3239 974 3310 μέγεθος·
1007 3240 1095 3293 ὅτε
1143 3241 1237 3294 καὶ
1278 3240 1352 3304 ὡς
1400 3242 1458 3295 ὲν
1504 3241 1660 3312 ἀνδρὶ
1709 3240 1950 3312 πέφηνεν

369 3331 666 3399 ἀλλογενεῖ,
699 3332 792 3385 καὶ
824 3332 1197 3402 αἰχμαλωσίας
1234 3333 1433 3387 ἀνιέντι
1467 3334 1558 3386 τὸν
1595 3333 1826 3405 Ἰσραὴλ,
1857 3333 1952 3388 καὶ

369 3423 469 3493 τὴν
503 3423 666 3498 ἁγίαν
715 3423 810 3477 καὶ
849 3423 1000 3496 ἱερὰν
1048 3423 1382 3496 θεμελιοῦντι
1425 3425 1600 3494 πόλιν,
1637 3426 1731 3479 καὶ
1777 3426 1953 3496 ἔχοντι

369 3517 582 3587 ἄμαχον
607 3501 710 3587 τήν
738 3516 883 3570 κατά
914 3517 1131 3570 πάντων
1170 3518 1341 3588 ἰσχύν.
1376 3519 1682 3590 Ποιήσομαι
1711 3517 1769 3572 δὲ
1803 3517 1950 3589 σαφῆ

368 3608 466 3679 τήν
489 3609 789 3680 ἀφήγησιν,
824 3607 1235 3681 βραχυλογήσας
1261 3610 1335 3672 ὡς
1356 3609 1456 3664 ενι.

435 3704 500 3749 ε’.
558 3692 740 3751 Ἦκτο
774 3699 872 3769 μὲν
917 3699 1262 3770 αίχμάλωτος
1301 3701 1336 3770 ή
1380 3698 1609 3759 Ἰουδαία
1653 3701 1817 3769 ποτὲ,
1857 3701 1952 3756 καὶ

371 3790 615 3860 μακροὺς
657 3791 716 3843 ἐν
763 3789 1044 3844 Βαϐυλῶνι
1093 3790 1488 3862 κατετρύχοντο
1529 3792 1754 3864 χρόνους
1799 3794 1848 3847 οἱ
1893 3793 1951 3861 ὲξ

381 3881 616 3954 Ἰσραὴλ,
651 3882 864 3954 σκληρᾷ
896 3882 991 3940 καὶ
1037 3881 1297 3955 βαρϐάρῳ
1337 3882 1550 3956 δουλείᾳ
1582 3883 1949 3955 κατηχθισμέ-

366 3992 469 4035 νοι.
512 3973 667 4026 Ἐπεὶ
696 3974 752 4026 δὲ
787 3975 816 4026 6
839 3973 1135 4045 Καμϐύσου
1181 3973 1363 4045 Κῦρος
1389 3975 1587 4044 Μήδων
1615 3992 1674 4028 τε
1707 3975 1824 4046 ἅμα
1859 3975 1952 4029 καὶ

369 4065 477 4135 μὴν
509 4065 604 4125 καὶ
647 4064 874 4140 Περσῶν
917 4064 1283 4136 ἐξηρτημένος
1322 4064 1383 4118 τὸ
1423 4065 1662 4136 κράτος,
1715 4067 1951 4139 πόλεμον

368 4153 583 4223 αἴρεται
611 4152 746 4223 πρὸς
784 4151 1102 4227 Ἀσσυρίους
1123 4153 1357 4225 ὁμόρους
1377 4153 1538 4218 ὄντας
1563 4155 1658 4209 καὶ
1679 4157 1947 4224 γείτονας,

365 4245 486 4297 τότε
508 4244 573 4315 δή
606 4244 728 4297 τότε
773 4245 870 4302 καὶ.
891 4245 1060 4314 αὐτὴν
1090 4245 1187 4316 τὴν
1217 4245 1512 4300 Βαϐυλῶνα
1557 4247 1700 4302 κατὰ
1748 4249 1948 4320 κράτος

366 4334 523 4401 ἑλῶν,
552 4335 722 4405 ἀνῆκε
749 4335 877 4398 τοὺς
911 4334 1194 4400 Ἰουδαίους
1223 4336 1321 4406 τὴν
1363 4337 1662 4411 Ἀσσυρίων
1689 4338 1949 4411 θρηνοῦν-

2051 3237 2254 3308 gnabili
2270 3238 2534 3295 adversus
2557 3255 2748 3296 omnes
2774 3242 2971 3296 robore
3002 3241 3266 3311 praeditus
3294 3252 3431 3299 erat.
3463 3242 3638 3297 Mani-

2050 3327 2243 3385 festam
2292 3340 2475 3387 autem
2525 3339 2583 3386 et
2614 3333 3060 3404 compendiosam
3085 3374 3102 3400 ,
3148 3335 3332 3406 quoad
3365 3337 3486 3409 ejus
3517 3335 3640 3392 ﬁeri

2050 3421 2273 3494 poterit,
2304 3422 2372 3480 de
2391 3438 2459 3480 eo
2477 3425 2850 3485 narrationem
2871 3426 3180 3486 instituam.

2120 3697 2174 3752 5.
2213 3695 2405 3754 Iudaea
2430 3697 2655 3769 quidem
2689 3698 2821 3754 olim
2865 3699 3079 3770 captiva
3115 3699 3278 3757 ducta
3307 3699 3431 3766 fuit,
3463 3711 3520 3758 ct
3557 3703 3636 3758 Is-

2051 3789 2258 3845 raelita:
2281 3790 2445 3862 longo
2485 3791 2783 3846 admodum
2832 3799 3081 3862 tempore
3119 3792 3257 3846 dura
3292 3793 3636 3863 barbaraque

2051 3879 2316 3934 servitute
2344 3880 2403 3934 in
2440 3880 2718 3952 Babylone
2755 3883 3002 3952 oppressi
3051 3881 3296 3937 fuerunt.
3337 3883 3634 3952 Postquam

2033 3986 2183 4042 vero
2224 3970 2421 4043 Cyrus,
2471 3971 2756 4042 Cambysis
2809 3972 2977 4036 ﬁlius,
3029 3972 3314 4027 Medorum
3365 3965 3529 4028 simul
3578 3983 3636 4029 et

2049 4063 2342 4117 Persarum
2375 4061 2551 4130 copiis
2582 4061 2908 4131 conjunctis,
2941 4062 3149 4116 bellum
3193 4063 3434 4134 Assyriis
3461 4062 3632 4118 finiti-

2049 4153 2155 4208 mis
2183 4167 2247 4206 ac
2290 4151 2490 4211 vicinis
2519 4151 2727 4218 intulit,
2765 4159 2899 4207 tunc
2939 4153 3162 4208 demum
3197 4154 3476 4226 Babylone
3516 4155 3634 4224 ipsa

2049 4240 2104 4295 vi
2138 4248 2316 4310 capta,
2341 4240 2596 4296 liberavit
2635 4240 2852 4296 Iudaeos
2892 4241 3241 4314 Assyriorum
3283 4243 3631 4315 tyrannidem

2050 4332 2434 4397 lamentantes,
2465 4347 2646 4403 neque
2693 4334 2901 4405 absque
2942 4335 3201 4405 Iacrymis
3245 4346 3625 4400 accurrentes,

364 4444 467 4491 τας
520 4425 857 4491 πλεονεξίαν,
914 4425 1009 4485 καὶ
1067 4427 1168 4480 οὐκ
1223 4427 1485 4499 ἀδακρυτὶ
1539 4428 1905 4502 προσθέοντας
1929 4446 1944 4461 ο

2057 4422 2496 4493 aﬂirmantesque
2529 4423 2850 4492 praedictum
2893 4440 3014 4481 esse
3063 4440 3094 4479 a
3128 4425 3242 4481 Deo
3287 4438 3389 4495 per
3435 4441 3628 4480 vocem

364 4519 879 4590 διαϐεϐαιουμένους
911 4535 971 4572 τε
1014 4518 1098 4572 ὅτι
1135 4520 1230 4572 καὶ
1274 4519 1567 4593 προείρητο
1613 4521 1765 4591 παρά
1810 4521 1946 4576 Θεοῦ

2057 4522 2393 4580 sanctorum,
2415 4514 2563 4584 quod
2587 4523 2855 4570 venturus
2886 4524 3034 4571 esset
3073 4523 3402 4586 opportune,
3445 4526 3502 4572 et
3534 4518 3632 4572 ad-

361 4610 454 4662 διά
498 4596 684 4680 φωνῆς
721 4608 913 4679 ἀγίων,
951 4608 1031 4662 ὅτι
1073 4607 1170 4661 καὶ
1206 4606 1326 4680 ἥξει
1371 4608 1514 4663 κατά
1553 4611 1813 4680 καιροὺς,
1850 4611 1947 4665 καὶ

2057 4607 2323 4666 versarios
2365 4605 2763 4674 debellaturus,
2793 4615 2959 4677 atque
2989 4607 3106 4680 ipse
3139 4608 3410 4665 liberaret
3442 4623 3473 4664 e
3507 4610 3630 4664 vin-

365 4701 652 4771 περιέσται
695 4699 804 4755 τῶν
848 4698 1281 4771 ἀνθεστηκότων,
1325 4699 1420 4752 καὶ
1450 4700 1611 4764 αὐτὸς
1639 4701 1828 4772 ἀνήσει
1859 4701 1949 4754 δε-

2057 4702 2187 4758 culis
2207 4714 2517 4770 oppressos,
2540 4698 2795 4770 quodque
2814 4715 3036 4754 rursum
3054 4700 3351 4758 mdificaret
3369 4703 3629 4773 templum

367 4791 522 4862 σμῶν
559 4791 687 4855 τοὺς
733 4790 1128 4862 ἠδικημένουςο
1189 4791 1281 4844 καὶ
1323 4791 1404 4844 ὅτι
1450 4791 1542 4846 τὸν
1584 4787 1729 4849 οἷκον
1767 4793 1951 4863 ἐγερεῖ

2057 4792 2108 4848 in
2158 4791 2574 4864 Hierosolymis,
2621 4792 2770 4861 quod
2824 4791 3065 4865 Assyrii,
3121 4793 3290 4864 impie
3340 4795 3396 4850 in
3457 4793 3630 4850 Deum

366 4883 529 4937 πάλιν
558 4883 722 4946 αὐτὸς
748 4883 838 4937 τὸν
866 4884 924 4935 ἐν
959 4882 1368 4955 Ἰεροσολύμοις,
1387 4883 1445 4936 ὃν
1477 4882 1750 4958 Ἀσσύριοι
1777 4902 1946 4938 κατα-

2057 4893 2294 4957 agentes,
2319 4883 2698 4940 incenderant.
2721 4885 2898 4940 Porro
2930 4885 3078 4954 quod
3101 4902 3444 4955 nequaquam
3472 4902 3629 4940 men-

364 4975 726 5046 πιμπρῶντες
749 5017 765 5042 ,
810 4975 1136 5029 ὲδυσσέϐουν
1163 4977 1242 5039 είς
1274 4975 1427 5030 Θεόν.
1459 4974 1568 5028 Καὶ
1590 4974 1948 5045 ψευδοεποῦν-

2057 4975 2140 5031 titi
2171 4975 2282 5029 sint
2316 4974 2500 5029 hacin
2535 4989 2593 5028 re
2615 4973 2892 5041 Israelita,
2916 4975 3074 5031 facile
3098 4977 3260 5030 nobis
3293 4975 3626 5039 constiterit,

361 5083 468 5129 τας
505 5067 564 5119 ὲν
594 5064 803 5129 τούτοις
842 5066 966 5129 τοὺς
994 5066 1052 5133 ἐξ
1097 5065 1308 5138 Ἰσραὴλ
1345 5067 1442 5136 οὑχ
1477 5067 1802 5138 εὑρήσομεν,
1847 5066 1948 5131 τὰς

2057 5067 2099 5122 si
2124 5073 2440 5122 sanctorum
2468 5065 2860 5136 prophetarum
2894 5067 3101 5136 scripta
3139 5065 3499 5134 inquiramus.
3539 5066 3629 5123 Ait

361 5157 477 5208 τῶν
518 5156 692 5230 ἁγίων
737 5156 1032 5227 προφητῶν
1085 5155 1667 5228 πολυπραγμονοῦντες
1709 5158 1947 5228 γραφάς.

2057 5157 2204 5212 enim
2249 5156 2325 5210 ita
2366 5156 2513 5211 Deus
2541 5171 2641 5226 per
2669 5171 2861 5212 vocem
2900 5155 3051 5210 Isaiae
3085 5172 3097 5206 :
3135 5173 3154 5205 ι
3194 5154 3319 5208 Ilaac
3356 5153 3490 5208 dicit
3517 5155 3626 5210 Do-

367 5247 517 5318 Έφη
545 5247 602 5300 δὲ
634 5247 777 5310 οὕτω
801 5247 936 5311 Θεὸς
965 5247 1051 5302 διὰ
1074 5247 1259 5318 φωνῆς
1294 5248 1535 5301 Ἡσαΐου·
1569 5266 1588 5300 ι
1627 5247 1782 5302 Οὕτω
1801 5249 1949 5318 λέγει

365 5339 571 5411 Κύριος
601 5341 631 5393 6
663 5339 1026 5415 λυτρούμενός
1059 5356 1119 5392 σε
1139 5378 1154 5404 ,
1183 5339 1277 5393 καὶ
1307 5340 1336 5392 6
1373 5339 1628 5393 πλάσσων
1653 5357 1710 5393 σε
1735 5341 1798 5394 ὲκ
1831 5357 1949 5394 κοι-

2057 5341 2320 5398 Dominus
2360 5342 2641 5412 complens
2683 5340 2819 5404 haec,
2855 5339 3077 5395 extendi
3117 5341 3316 5396 omium
3357 5341 3528 5404 solus,
3568 5347 3628 5398 ct

361 5428 504 5493 λίαςι
551 5427 692 5498 Ἐγὼ
734 5430 992 5502 Κύριοςό
1025 5429 1292 5483 συντελῶν
1335 5428 1538 5494 ταῦτα,
1579 5429 1820 5494 ἐξέτεινα
1858 5431 1948 5486 τὸν

2057 5430 2268 5486 ﬁrmavi
2311 5438 2536 5486 terram.
2576 5429 2711 5496 Quis
2739 5429 2880 5484 alius
2909 5429 3199 5501 dissipabit
3233 5431 3385 5502 signa
3419 5431 3625 5502 Pytho.—

363 5519 593 5591 οὐρανὸν
631 5519 794 5591 μόνος
815 5561 829 5585 ,
877 5520 969 5574 καὶ
1013 5518 1322 5596 ἐστερέωσα
1359 5518 1458 5590 τὴν
1491 5519 1612 5591 γῆν.
1643 5520 1738 5585 Τίς
1761 5521 1947 5595 ἔτερος

2057 5537 2206 5589 num,
2228 5531 2286 5578 et
2314 5521 2686 5577 divinationes
2718 5521 2785 5577 de
2805 5520 3009 5577 corde?
3029 5530 3354 5580 convertens
3381 5522 3624 5594 prudcuv

441 5703 488 5736 ⁷⁸
525 5701 718 5768 IPetr.
762 5691 840 5772 in,
872 5704 955 5760 iS.
1034 5709 1077 5739 ⁷⁸
1121 5709 1290 5770 Exod.
1333 5725 1402 5779 tv,
1432 5709 1516 5769 'IO.
1599 5709 1644 5745 ⁷⁸
1679 5709 1806 5766 Ibid.
1863 5710 1944 5766 I3.

2057 5711 2068 5743 ’
2095 5709 2233 5772 Ibid.
2263 5709 2434 5777 14-16,
2518 5707 2562 5740 ⁷⁸
2594 5707 2734 5766 Psal.
2765 5723 2942 5775 xum,
2977 5707 3028 5765 Io.

2056 5248 2242 5303 minus
2272 5247 2552 5303 redimens
2591 5254 2666 5314 te,
2705 5256 2762 5302 et
2803 5247 3045 5301 formans
3077 5253 3131 5302 te
3172 5261 3240 5301 ex
3278 5253 3436 5301 utero
3467 5264 3480 5300 :
3515 5247 3628 5317 Ego
3724 5291 3734 5309 ,
