4052 6212
960 208 971 238 Ι

472 284 535 343 91
1498 277 1556 334 S.
1596 278 1871 336 CYRILLI
1910 276 2384 338 ALEXANDRINI
2420 274 2743 333 ARCHIEP.

3642 268 3733 332 ‘92

476 407 561 455 tes
590 406 914 457 retrorsum,
940 401 997 447 ct
1028 389 1318 447 consilium
1344 405 1537 447 eorum
1562 393 1792 449 stultum
1819 392 2047 460 faciens,

2170 392 2491 449 ῑιασκεδάσει
2523 391 2723 461 σημεῖα
2754 385 3210 458 ἐγγαστριμύθων
3229 382 3324 440 καὶ
3350 382 3607 456 μαντείας
3625 384 3732 441 ἀπὸ

475 496 534 545 ct
562 496 816 544 statuens
842 484 1072 541 verbum
1097 484 1254 555 pueri
1274 484 1414 554 ejus,
1437 492 1494 539 et
1516 485 1808 541 consilium
1836 488 2056 558 angelo-

477 596 603 637 rum
623 581 743 651 ejus
764 577 1077 640 veriﬂcans,
1097 576 1287 632 dicens
1300 575 1601 631 Jerusalem
1626 594 1639 633 :
1664 576 2014 634 Habitaberis
2038 597 2050 633 :

476 682 535 731 et
572 671 889 730 civitatibus
946 669 1170 735 Judaaze,
1214 667 1645 724 Ediﬁcabimini
1686 686 1699 723 :
1744 677 1802 725 et
1842 669 2057 727 deserta

474 767 600 837 ejus
624 762 925 820 suscitabo.
964 761 1165 817 Dicens
1195 761 1392 833 abysso
1420 779 1433 817 :
1462 762 1831 830 Desolaberis,
1862 774 1921 821 et
1951 765 2057 821 flu-

481 857 629 912 mina
650 861 743 910 tua
762 852 1074 908 arefaciam.
1099 853 1299 908 Dicens
1324 852 1465 925 Cyro
1485 862 1550 908 ut
1573 855 1769 925 sapiat,
1786 863 1844 912 et
1865 872 2059 914 omnes

478 946 792 1001 voluntates
817 958 967 998 meas
1013 942 1196 999 faciat.
1233 942 1435 999 Dicens
1460 944 1766 1000 Jerusalem
1807 962 1820 999 :
1862 945 2058 1002 Edid-

476 1037 717 1102 caberis,
762 1045 819 1092 et
859 1036 1083 1091 domum
1132 1045 1377 1091 sanctam
1424 1051 1604 1092 meam
1656 1038 1919 1094 fundabo.
1968 1039 2061 1096 Sic

481 1127 619 1182 dicit
657 1125 925 1181 Dominus
959 1127 1106 1181 Deus
1150 1126 1362 1181 cbristo
1387 1140 1512 1181 meo
1547 1127 1711 1200 Cyro,
1761 1131 1921 1200 cujus
1960 1145 2059 1201 ap-

483 1215 752 1285 prehendi
777 1215 1079 1282 dexteram,
1107 1224 1169 1272 ut
1197 1217 1485 1288 subjiciam
1514 1226 1642 1275 ante
1676 1236 1803 1277 eum
1846 1230 2058 1293 gentes,

482 1317 540 1362 et
558 1306 935 1363 fortitudinem
960 1323 1152 1379 regum
1176 1309 1507 1380 dirumpam.
1531 1311 1634 1382 53
1658 1312 1913 1382 Aperiam
1936 1324 2063 1371 ante

482 1413 610 1452 eum
638 1399 854 1469 jauuas,
891 1405 949 1454 et
983 1407 1156 1469 porta:
1187 1416 1300 1457 non
1336 1402 1684 1459 claudentur.
1715 1404 1829 1476 Ego
1853 1415 1981 1462 ante
2009 1413 2064 1463 te

365 1486 369 1491 ’
484 1489 598 1554 ibo,
642 1497 699 1544 et
728 1498 947 1546 montes
1000 1492 1383 1563 complanabo,
1433 1503 1622 1565 portas
1651 1511 1836 1552 aeneas
1871 1505 2065 1554 conte-

485 1594 621 1645 ram,
641 1589 913 1635 et~vectes
936 1580 1149 1637 ferreos
1171 1584 1536 1656 confringam,
1559 1594 1616 1641 et
1643 1587 1787 1642 dabo
1811 1587 1911 1642 tibi
1938 1589 2065 1644 the-

482 1685 677 1726 sauros
700 1671 1043 1738 tenebrosos,
1074 1673 1448 1740 absconditos,
1481 1675 1786 1734 invisibiles
1819 1678 2065 1749 aperiam

484 1760 586 1815 tibi
612 1770 674 1816 ut
701 1762 863 1827 scias,
883 1763 1015 1834 quia
1050 1778 1153 1834 ego
1192 1765 1459 1821 Dominus
1497 1767 1644 1823 Deus
1683 1776 1835 1834 tuus,
1864 1784 2069 1825 vocans

484 1866 688 1907 nomen
730 1859 909 1919 tuum,
944 1854 1090 1913 Deus
1117 1856 1305 1912 Israel.
1334 1857 1572 1928 Propter
1616 1874 1838 1915 servum
1883 1876 2069 1919 meum

482 1941 676 2007 Iacob,
702 1952 760 1998 et
774 1944 939 2000 lsrael
956 1946 1193 2002 electum
1217 1963 1399 2004 meum
1415 1966 1516 2021 ego
1544 1952 1753 2007 vocabo
1769 1963 1822 2008 te
1848 1954 2071 2008 nomine

485 2044 601 2100 tuo,
616 2036 978 2105 etsuscipiam
998 2037 1160 2092 te.Tu
1174 2047 1480 2093 autemnon
1497 2041 1802 2111 cognovisti
1820 2042 1948 2112 quia
1968 2059 2070 2115 ego

483 2125 748 2181 Dominus
762 2126 926 2192 Deus,
940 2137 998 2183 et
1010 2142 1121 2183 non
1130 2138 1218 2185 est
1231 2129 1392 2195 alius,
1403 2140 1557 2186 extra
1572 2147 1660 2188 me
1677 2148 1787 2187 non
1801 2143 1885 2189 est
1901 2135 2066 2200 Deus,

482 2224 541 2272 et
557 2230 672 2271 non
705 2217 1008 2287 cognovisti
1026 2233 1112 2274 me
1137 2220 1204 2273 ⁷⁸.
1228 2237 1246 2270 ι
1268 2219 1439 2275 Audis
1461 2236 1570 2290 quo
1592 2230 1752 2290 pacto
1784 2224 2070 2279 manifeste

491 2323 640 2363 «non
668 2308 971 2379 cognovisti
1006 2325 1116 2375 me,
1143 2329 1162 2363 ι
1192 2311 1288 2373 ait,
1304 2327 1482 2382 neque
1502 2312 1647 2368 inter
1674 2328 1772 2369 eos
1787 2314 2071 2384 quiDeum

482 2399 965 2457 noruntconocare
979 2401 1235 2474 dignatur
1250 2404 1387 2459 adeo
1403 2406 1751 2475 praeclarum,
1774 2423 1937 2477 quem
1957 2407 2072 2477 ipse

483 2498 541 2545 et
557 2491 780 2562 regibus
804 2492 1167 2562 superiorem,
1188 2503 1246 2554 et
1266 2496 1681 2552 innumerarum
1707 2498 1954 2568 gentium
1976 2497 2075 2553 do-

484 2581 697 2637 minum
714 2584 1093 2641 constituerat.
1112 2585 1245 2653 Quae
1254 2587 1401 2641 enim
1427 2587 1496 2643 de
1522 2588 1642 2658 ipso
1658 2589 1940 2655 dicuntur,
1958 2589 2072 2660 typi

486 2681 646 2728 erant
657 2688 887 2743 operum
903 2690 1003 2745 per
1012 2675 1291 2732 Christum
1306 2677 1605 2733 editorum.
1626 2677 1885 2761 Praedixit
1900 2678 2071 2742 enim,

484 2764 635 2835 quod
685 2765 803 2837 ipse
848 2767 1219 2839 dissipaturus
1267 2779 1413 2825 esset
1446 2769 1871 2841 Babyloniorum
1910 2769 2076 2825 falsas

440 2886 443 2895 ι
484 2855 870 2925 divinationes,
897 2867 955 2915 et
990 2861 1145 2933 signa
1171 2863 1499 2934 pythonum.
1517 2862 1921 2933 Prophetarum
1939 2877 2074 2918 vero

483 2960 713 3004 suorum
743 2946 903 3020 (quos
925 2958 983 3004 et
1011 2952 1236 3021 angelos
1263 2951 1500 3024 vocavit)
1528 2953 1758 3007 consilia
1788 2953 1904 3007 sive
1925 2967 2073 3021 pra:-

2155 482 2413 555 καρδίας;
2459 476 2823 549 ἀποστρέφων
2853 474 3152 547 φρονίμους
3185 475 3268 538 είς
3309 471 3380 527 τὰ
3403 473 3577 528 ὀπίσω
3597 514 3611 538 ,
3640 475 3731 528 καὶ

2154 574 2251 646 τὴν
2306 571 2501 645 βουλὴν
2546 569 2726 624 αὐτῶν
2778 570 3091 641 μωραίνων,
3148 566 3247 621 καὶ
3300 566 3465 620 ίστῶν
3518 568 3733 640 ῥήματα

2157 665 2345 729 παιδὸς
2375 664 2540 720 αὐτοῦ
2562 706 2576 729 ,
2610 662 2704 717 καὶ
2748 661 2849 734 τὴν
2895 659 3090 732 βουλὴν
3134 660 3247 714 τῶν
3283 659 3533 729 ἀγγέλων
3570 661 3735 716 αὐτοῦ

2156 757 2460 829 ἀληθεύων.
2537 757 2596 810 ὐ
2646 754 2823 825 λέγων
2889 753 3245 825 Ἰερουσαλὴμ
3269 793 3284 817 ,
3311 754 3734 826 Κατοικηθήσῃ·

2156 851 2254 904 καὶ
2279 851 2400 913 ταῖς
2419 847 2611 902 πόλεσι
2635 848 2735 918 τῆς
2781 846 3063 910 Ἰουδαίας,
3093 845 3619 915 Οἰκοδομηθήσεσθε.
3650 847 3740 898 καὶ

2157 940 2227 992 τὰ
2240 939 2420 1011 ἔρημα
2443 938 2615 1008 αὐτῆς
2640 937 2906 992 ἀνατελεί.
2923 935 2981 990 ’0
3009 936 3182 1006 λέγων
3203 938 3269 1006 τῇ
3300 935 3545 1006 ἀϐύσσῳ,
3583 937 3743 1008 Ἔρη-

2165 1025 2393 1101 μωθήσῃ
2419 1065 2433 1087 .
2466 1027 2561 1081 καὶ
2597 1026 2725 1090 τοὺς
2761 1025 3045 1097 ποταμούς
3092 1043 3186 1079 σου
3222 1026 3457 1096 ξηρανῶο
3499 1027 3529 1078 6
3573 1026 3745 1096 λέγων

2160 1103 2589 1190 Κύρωνεῐν,
2621 1119 2714 1174 καὶ
2755 1120 2933 1174 πάντα
2961 1119 3032 1173 τὰ
3062 1119 3348 1190 θελήματά
3373 1136 3476 1190 μου
3503 1121 3742 1189 ποιήσει.

2170 1212 2233 1265 '0
2262 1208 2453 1280 1W
2477 1211 2853 1282 Ἰερουσαλὴμ,
2877 1211 3320 1284 Οἱκοδομηθήσῃ,
3351 1211 3445 1265 καὶ
3477 1212 3569 1265 τὸν
3599 1208 3746 1266 οἶκον

2160 1300 2253 1354 τὸν
2282 1299 2437 1368 ἅγιόν
2462 1317 2565 1371 μου
2591 1299 2926 1370 θεμελιώσω.
2965 1298 3124 1354 Οῦτω
3151 1299 3302 1369 λέγει
3326 1299 3533 1372 Κύριος
3562 1302 3591 1354 6
3617 1300 3749 1364 Θεὸς

2162 1394 2242 1466 τῷ
2269 1392 2479 1465 χριστῷ
2508 1410 2609 1466 μου
2641 1392 2830 1466 Κύρῳ,
2856 1385 2918 1446 οῦ
2946 1392 3231 1464 ἐκράτησα
3268 1395 3371 1464 τῆς
3394 1393 3592 1461 δεξιᾶς,
3646 1394 3749 1446 ιπ-

2162 1485 2396 1541 ακοῦσαι
2432 1484 2740 1556 ἔμπροσθεν
2777 1485 2945 1539 αὑτοῦ
2980 1484 3131 1556 ἔθνη,
3165 1484 3262 1539 καὶ
3298 1485 3453 1556 ἰσχὺν
3488 1485 3753 1557 βασιλέων

2164 1578 2461 1652 διαρρήξω.
2501 1577 2727 1644 ’Δνοίξω
2761 1577 3073 1648 ἔμπροσθεν
3096 1576 3261 1631 αὐτοῦ
3303 1576 3496 1648 θύρας,
3524 1578 3619 1632 καί
3651 1578 3753 1632 πό-

2165 1667 2279 1732 λεις
2299 1668 2360 1722 οὐ
2384 1666 2925 1738 συγκλεισθήσονται’
2953 1665 3066 1735 ἐγὼ
3098 1665 3408 1738 ἔμπροσθέν
3433 1684 3525 1720 σου
3553 1666 3753 1739 πορεύ-

2251 1134 2458 1280 Si!

2099 1752 2140 1807 Β
2171 1775 2357 1830 σομαι,
2386 1758 2482 1813 καὶ
2505 1759 2607 1830 δρη
2635 1756 2871 1829 ὁμαλιῶ,
2900 1756 3073 1829 θύρας
3094 1757 3304 1828 χαλκᾶς
3335 1758 3629 1829 συντρίψω,
3658 1758 3757 1814 καὶ

2172 1847 2405 1919 μοχλοὺς
2430 1846 2687 1919 σιδηροῦς
2712 1846 3014 1911 συνθλάσω,
3036 1847 3132 1901 καὶ
3161 1846 3318 1901 δώσω
3346 1862 3427 1901 σοι
3445 1847 3758 1920 θησαυροὺς

2170 1937 2511 2001 σκοτεινοὺς,
2545 1935 2933 2007 ἀποκρύφους,
2960 1936 3226 2007 ἀοράτους
3268 1936 3464 2001 ἀνοίξω
3515 1953 3618 1990 σοι·
3672 1936 3761 1990 ἵνα

2168 2028 2312 2100 γνῷς
2327 2028 2408 2083 ὃτι
2433 2026 2544 2098 ἐγὼ
2555 2027 2937 2100 Κύριοςόθεὸς
2952 2030 2980 2082 6
3000 2027 3175 2081 λαλῶν
3192 2027 3434 2099 τδδνομά
3449 2044 3564 2091 σου,
3583 2029 3611 2081 6
3623 2025 3760 2089 Θεὸς

2182 2120 2422 2192 ⁹1σραήλ’
2445 2120 2632 2174 ἕνεκεν
2677 2119 2872 2176 Ἰακὼὸ
2895 2119 2990 2173 τοῦ
3025 2118 3215 2182 παιδός
3247 2137 3370 2190 μου,
3401 2120 3497 2172 καὶ
3540 2116 3761 2190 Ἰσραὴλ

2171 2211 2265 2267 τοῦ
2302 2212 2561 2266 ὲκλεκτοῦ
2592 2229 2722 2283 μου,
2753 2211 2867 2281 ἐγὼ
2909 2212 3128 2265 καλέσω
3161 2227 3223 2265 σε
3255 2211 3333 2280 τῷ
3361 2210 3586 2281 ὀνόματί
3625 2227 3719 2264 σου
3743 2251 3757 2274 ,

2171 2303 2266 2355 καὶ
2291 2302 2657 2373 προσδέξομαί
2680 2319 2762 2356 σε·
2787 2303 2853 2355 σὺ
2875 2301 2933 2354 δὲ
2962 2301 3063 2355 οὐκ
3097 2300 3270 2369 ἔγνως
3291 2302 3374 2355 ὅτι
3412 2298 3525 2370 ἐγὼ
3552 2300 3761 2371 Κύριος

2171 2396 2200 2448 6
2238 2394 2392 2458 Θεός’
2434 2396 2530 2450 καὶ
2555 2396 2657 2450 ούκ
2685 2395 2834 2449 ἐστιν
2856 2394 2937 2449 ἔτι
2966 2395 3109 2467 πλὴν
3137 2395 3272 2467 ἐμοῦ
3310 2395 3443 2459 Θεὸς
3466 2434 3481 2460 ,
3522 2393 3620 2449 καὶ
3657 2395 3761 2448 οὐκ

2171 2487 2318 2560 ᾔδεις
2348 2505 2437 2558 με.
2480 2506 2499 2540 ι
2520 2488 2765 2553 Ἀκούεις
2785 2489 2935 2553 ὅπως
2956 2488 3205 2560 ἐναργῶς
3226 2487 3313 2553 τὸ,
3343 2488 3459 2542 Οὐκ
3490 2487 3639 2559 ᾔδεις
3668 2504 3758 2558 με,

2172 2579 2362 2652 φησίνσ
2388 2579 2511 2634 οὐδὲ
2549 2581 2609 2633 ὲν
2638 2582 2755 2643 τοῖς
2788 2579 2955 2634 είδόσι
2999 2579 3135 2634 Θεὸν
3165 2581 3258 2635 τὸν
3299 2577 3442 2633 οῦτω
3483 2577 3761 2650 περιφανῆ

2172 2672 2532 2729 κατατάττειν
2573 2670 2766 2739 ἀξιῶν,
2813 2671 2873 2725 δν
2912 2670 3074 2736 αὐτὸς
3118 2671 3325 2739 ἐτίθει,
3354 2671 3450 2726 καὶ
3495 2669 3763 2741 βασιλέων

2175 2765 2483 2838 κρείττονα,
2523 2761 2620 2816 καὶ
2652 2760 2862 2833 μυρίων
2890 2760 3032 2815 ὅσων
3061 2760 3233 2814 ὲθνῶν
3265 2759 3555 2831 δεσπότην.
3588 2758 3763 2817 Τύποι

2175 2855 2285 2927 γάρ
2308 2849 2449 2925 ἦσαν
2478 2852 2547 2906 τά
2574 2854 2663 2906 ἐπ’
2687 2850 2836 2922 αὐτῷ
2867 2851 2978 2906 τῶν
3007 2851 3097 2905 διὰ
3127 2849 3370 2923 Χριστοῦ
3403 2851 3763 2924 κατορθωμά-

2174 2961 2302 3000 των.
2324 2943 2712 3015 Προηγόρευσε
2746 2942 2847 3013 μὲν
2869 2942 2980 3014 γὰρ
3002 2942 3081 3007 ὼς
3109 2943 3273 3007 αὐτὸς
3296 2942 3640 2997 διασκεδάσει
3662 2943 3765 3011 τὰς

483 3035 760 3094 dictiones
782 3054 1130 3110 nequaquam
1153 3041 1445 3096 mendaces
1473 3056 1593 3095 esse
1622 3041 1884 3095 declarat.
1922 3039 2068 3094 Prte-

2175 3035 2533 3089 Βαδυλωνίων
2564 3034 3014 3105 ψευδομαντείας,
3047 3034 3142 3088 καὶ
3165 3033 3235 3088 τά
3258 3035 3367 3088 τῶν
3392 3033 3768 3107 ἐγγαστριμύ-

486 3116 628 3185 dixit
652 3136 838 3186 autem
870 3107 1020 3200 quod
1049 3138 1106 3185 et
1145 3130 1396 3184 civitates
1427 3129 1629 3184 Iudaeae
1661 3128 1980 3194 :ediﬁcabit,
2016 3139 2068 3186 et

2175 3127 2286 3181 θων
2316 3128 2538 3197 σημεῖα.
2585 3125 2697 3189 Τὰς
2733 3125 2791 3179 δὲ
2834 3124 2944 3180 τῶν
2988 3126 3134 3180 ίδίων
3177 3126 3494 3199 προφητῶν,
3538 3124 3635 3190 οὓς
3672 3126 3768 3183 καὶ

484 3217 742 3290 abyssum
765 3216 1058 3281 desolabit,
1072 3216 1366 3287 omniaque
1388 3218 1509 3288 ejus
1528 3216 1759 3272 ﬂumina
1774 3216 2072 3276 arefaciet:

484 3308 762 3380 abyssum,
789 3315 850 3363 ut
875 3306 1141 3374 arbitror,
1165 3308 1500 3380 Babylonem
1526 3322 1757 3375 vocans,
1784 3308 1857 3364 ob
1881 3308 2076 3381 ingen-

485 3408 597 3457 tem
617 3400 986 3456 babitautium
1012 3402 1069 3456 in
1086 3416 1153 3456 ea
1170 3401 1586 3457 multitudinem
1606 3420 1619 3457 :
1637 3400 1864 3457 ﬂumina
1888 3412 2075 3459 autem

485 3494 625 3564 ejus,
655 3502 846 3565 gentes
875 3492 1244 3565 undequaque
1279 3494 1348 3549 ad
1383 3494 1651 3550 auxilium
1689 3495 1809 3566 ejus
1838 3510 2076 3551 concur-

486 3592 691 3640 rentes.
729 3583 998 3641 Cazterum
1020 3600 1140 3656 age,
1191 3585 1441 3641 dicamus
1469 3585 1538 3640 de
1564 3584 1730 3657 Cyro,
1770 3602 1862 3642 res
1891 3587 1961 3641 ab
2001 3602 2069 3643 eo

486 3687 668 3750 gestas
685 3679 967 3751 eleganter
985 3679 1052 3735 ad
1074 3678 1282 3736 Christi
1307 3679 1630 3751 mysterium
1648 3678 2069 3737 transferentes.

2177 3220 2445 3290 ἀγγέλους
2470 3217 2742 3289 ὠνόμασε,
2764 3217 2959 3288 βουλὰς
2973 3220 3092 3290 ἦτοι
3110 3217 3555 3290 προαγορεύσεις,
3581 3218 3646 3271 ού
3668 3219 3770 3273 διες

2174 3311 2489 3383 ψευσμένας
2531 3310 2825 3379 ἀποφανεῖ.
2865 3310 3416 3383 Προκαταμεμήνυκε
3444 3309 3503 3363 δὲ
3547 3310 3632 3365 ὅτι
3674 3311 3770 3364 καὶ

2176 3402 2278 3468 τὰς
2302 3403 2402 3475 τῆς
2421 3401 2686 3466 Ἰουδαίας
2704 3402 3055 3475 οίκοδομὴσει
3076 3401 3281 3466 πόλεις,
3304 3401 3401 3456 καὶ
3417 3401 3515 3473 τὴν
3529 3400 3771 3457 ἄϐυσσον

2180 3494 2484 3569 ἐρημώσει,
2519 3493 2617 3549 καὶ
2646 3495 2855 3559 πάντας
2886 3495 3060 3566 αὐτῆς
3080 3494 3451 3567 καταξηρανεῖ
3486 3496 3614 3558 τοὺς
3670 3513 3770 3555 πο-

2174 3586 2415 3658 ταμούςο
2459 3585 2718 3654 ἄϐυσσον,
2762 3581 2919 3658 οἶμαί
2944 3604 3075 3653 που,
3125 3586 3227 3659 τὴν
3250 3584 3547 3639 Βαϐυλῶνα
3568 3585 3768 3656 λέγων,

2176 3679 2266 3733 διά
2300 3695 2383 3733 τοι
2412 3678 2477 3732 τὸ
2514 3664 2720 3749 πλῆθος
2743 3677 2853 3732 τῶν
2885 3679 3284 3734 κατοικούντων
3306 3679 3370 3733 ὲν
3406 3679 3565 3751 αὐτῇ·
3595 3695 3768 3732 ποτα-

490 3772 625 3842 μοὺς
653 3772 712 3827 δὲ
740 3772 930 3845 αὐτῆς,
956 3772 1026 3827 τὰ
1052 3772 1181 3843 ἔθνη
1201 3771 1273 3827 τὰ
1304 3771 1603 3845 συρρέοντα
1625 3772 1962 3843 πανταχόθεν
1993 3773 2074 3837 είς
2111 3770 2454 3842 ἐπικουρίαν.
2490 3770 2654 3825 Ἀλλὰ
2674 3769 2808 3843 φέρε
2834 3769 3082 3843 λέγωμεν
3138 3769 3208 3825 τὰ
3242 3771 3336 3825 ἐπὶ
3363 3771 3535 3844 Κύρῳ
3556 3770 3769 3841 σαφῶς.

490 3868 956 3936 μεταπλάττοντες
985 3868 1217 3932 ἀστείως
1247 3869 1328 3932 είς
1367 3867 1428 3922 τὸ
1459 3868 1700 3940 Χριστοῦ
1746 3869 2068 3941 μυστήριον,
2105 3867 2176 3924 τὰ
2203 3866 2273 3922 δι’
2298 3866 2511 3920 ἐκείνου
2552 3864 2986 3937 κατωρθωμένα.

563 3960 616 4017 6.
659 3961 832 4017 Natus
856 3961 1042 4033 itaque
1065 3970 1148 4019 est
1170 3961 1365 4035 Cyrus,
1396 3972 1573 4019 matre
1598 3962 1821 4034 quidem
1850 3963 2072 4020 Manda-

486 4065 578 4117 na,
613 4051 725 4105 illia
761 4050 1012 4122 Astyagis
1038 4050 1311 4121 principis
1353 4050 1658 4119 Medorum,
1690 4060 1848 4124 patre
1883 4060 2069 4108 autem

484 4138 779 4209 Cambyse,
819 4136 1045 4192 natione
1076 4138 1266 4202 Persa,
1303 4138 1563 4193 humanis
1601 4155 1735 4195 vero
1771 4140 2069 4195 admodum

487 4230 760 4294 moribus.
782 4227 942 4284 Unde
976 4227 1200 4298 quidam
1228 4238 1479 4284 veterum
1507 4229 1721 4285 mulum
1760 4239 1816 4286 et
1838 4231 2070 4289 diversae

488 4327 702 4375 naturae
726 4318 932 4391 Cyrum
965 4327 1328 4384 vocaverunt,
1378 4317 1644 4375 nimirum
1683 4335 1753 4375 ex
1788 4322 1964 4393 patris
2007 4337 2070 4377 ac

487 4412 703 4478 matris,
751 4419 814 4467 ut
850 4426 955 4484 ego
993 4410 1219 4482 quidem
1255 4409 1518 4477 arbitror,
1556 4413 1615 4467 in
1650 4413 1873 4469 natione
1908 4414 2070 4470 diﬂ‘e-

489 4504 706 4560 rentia:
732 4502 952 4559 diversa
974 4502 1124 4558 enim
1159 4518 1295 4575 gens
1321 4513 1451 4559 sunt
1475 4504 1658 4561 Persa:
1691 4521 1723 4561 a
1747 4505 1938 4562 Medis.
1972 4507 2069 4563 Vi-

489 4598 622 4655 deas
643 4606 826 4653 autem
857 4596 965 4652 tale
991 4595 1125 4667 quid
1148 4596 1317 4651 etiam
1355 4596 1414 4651 in
1446 4595 1688 4653 Christo.
1720 4597 1892 4654 Natus
1924 4600 2071 4655 enim

489 4695 576 4744 est
598 4704 666 4744 ex
689 4694 863 4742 matre
883 4685 1190 4742 secundum
1209 4701 1433 4742 carnem
1453 4697 1641 4744 sancta
1661 4688 1886 4759 Virgine
1912 4689 2072 4746 nobis

492 4779 697 4846 simili;
736 4779 977 4833 humana
1007 4777 1273 4833 nimirum
1301 4787 1501 4834 natura
1527 4780 1774 4851 praedita.
1807 4780 1887 4834 Ex
1915 4788 2071 4851 patre

490 4884 625 4926 vero
640 4868 802 4925 nobis
821 4868 1009 4935 simili,
1024 4867 1268 4933 nemine,
1285 4867 1401 4934 sed,
1428 4878 1490 4924 ut
1517 4870 1591 4924 ita
1619 4869 1819 4935 dicam,
1841 4869 2075 4926 diversae

493 4962 656 5035 plane
680 4977 785 5018 nec
806 4961 1204 5018 consentientis
1226 4968 1458 5028 naturae,
1474 4976 1637 5017 omne
1657 4962 1803 5032 quod
1827 4970 2073 5017 creatum

494 5062 582 5109 est
607 5054 767 5126 longe
802 5061 1114 5126 superante.
1139 5053 1354 5109 Idcirco
1391 5053 1558 5108 etiam
1597 5053 1677 5109 ait
1717 5053 1785 5109 ad
1833 5053 2070 5118 Judreos,

496 5141 876 5199 existimantes
913 5159 1039 5199 eum
1075 5141 1238 5200 nobis
1287 5144 1522 5200 similem
1569 5158 1725 5208 esse,
1772 5141 2074 5214 eademque

498 5233 833 5301 conditione,
865 5251 973 5306 qua
996 5251 1117 5303 nos,
1134 5246 1358 5292 natum:
1383 5254 1401 5287 ι
1422 5235 1533 5291 Vos
1549 5235 1617 5291 de
1637 5235 1901 5291 deorsum
1918 5237 2073 5299 estis,

498 5340 601 5397 ego
633 5325 703 5381 de
730 5328 986 5396 supernis
1007 5344 1128 5383 sum
1156 5327 1223 5384 ⁸⁸.
1258 5350 1275 5381 ›
1308 5328 1416 5400 55.
1439 5327 1507 5383 At
1528 5327 1704 5400 Cyrus
1733 5329 1956 5398 quidem
1983 5330 2079 5385 do-

500 5414 742 5475 minatus
764 5426 848 5474 est
881 5418 1184 5475 innumeris
1224 5420 1502 5492 gentibus,
1543 5426 1708 5491 atque
1738 5421 1919 5476 omnis
1954 5422 2078 5492 qui-

502 5505 626 5563 dem
643 5523 769 5564 cum
799 5510 1007 5582 recepit
1024 5511 1239 5573 civitas,
1260 5511 1486 5587 Accepit
1506 5519 1690 5568 autem
1712 5521 1767 5568 ct
1794 5513 2081 5569 thesauros

578 5693 624 5730 '9
655 5693 755 5754 lsa.
779 5712 917 5767 χειν,
946 5698 1146 5770 24-29,
1169 5717 1290 5770 xnv,
1341 5701 1446 5760 1-5.
1526 5700 1572 5735 ”
1628 5701 1783 5759 Joau.
1816 5715 1928 5765 vnn
1958 5699 2049 5758 ἳῧ·

2246 3968 2322 4027 ς’.
2362 3962 2559 4031 Γέγονε
2584 3961 2764 4015 τοίνυν
2795 3964 2824 4016 ὁ
2848 3961 3031 4033 Κῦρος
3049 4002 3063 4026 ,
3098 3959 3301 4032 μητρὸς
3346 3960 3445 4031 μὲν
3473 3958 3771 4031 Μανδάνης

2174 4052 2275 4125 τῆς
2316 4053 2614 4124 Ἀστυάγου
2636 4052 2903 4126 θυγατρὸς
2926 4051 3019 4107 τοῦ
3046 4052 3244 4125 Μήδων
3271 4050 3617 4124 ἐξάρχοντος·
3663 4069 3771 4106 πα-

2172 4143 2303 4214 τρὸς
2331 4142 2388 4197 δὲ
2421 4142 2722 4215 Καμδύσου
2748 4184 2763 4210 ,
2809 4143 3021 4213 Πέρσου
3051 4142 3148 4214 μὲν
3187 4143 3250 4197 τὸ
3278 4142 3455 4212 γένος,
3489 4141 3769 4207 ἐπιεικοῦς

2173 4233 2229 4288 δὲ
2255 4233 2376 4289 λίαν
2414 4236 2539 4300 τοὺς
2563 4237 2818 4308 τρόπους.
2857 4236 3022 4290 Ὅθεν
3045 4235 3191 4300 τινὲς
3219 4235 3327 4288 τῶν
3367 4233 3766 4307 ἀρχαιοτέρων,

2172 4324 2397 4397 ἡμίονόν
2416 4344 2476 4380 τε
2500 4327 2595 4381 καὶ
2617 4328 2887 4399 ἑτεροφυᾶ
2908 4327 3000 4382 τδν
3025 4325 3209 4397 Κῦρον
3228 4326 3531 4395 ὠνόμαζον.
3555 4325 3658 4380 Διά
3679 4342 3767 4395 γε,

2173 4411 2349 4487 οἶμαι,
2366 4418 2428 4472 τὸ
2451 4419 2659 4491 πατρὸς
2687 4419 2777 4473 καὶ
2803 4418 3011 4490 μητρὸς
3033 4418 3107 4482 ὡς
3132 4420 3190 4471 ὲν
3216 4416 3295 4487 τῷ
3315 4417 3462 4486 γένει
3487 4417 3766 4488 διάφορον.

2168 4509 2374 4581 Πέρσαι
2407 4510 2515 4583 γὰρ
2558 4509 2623 4581 δὴ
2660 4509 2812 4580 παρά
2850 4510 3071 4580 Μήδους
3095 4508 3248 4572 ἔθνος
3273 4508 3480 4578 ἕτερον.
3526 4506 3689 4571 Ἰδοις
3720 4507 3767 4560 δ’

2169 4602 2235 4658 άν
2273 4621 2325 4657 τι
2371 4603 2609 4657 τοιοῦτον
2657 4601 2751 4656 καὶ
2792 4597 3181 4679 ἐπιΧριστοῦ.
3231 4598 3457 4672 Μητρὸς
3501 4600 3598 4671 μὲν
3650 4598 3766 4670 γὰρ

2168 4696 2358 4766 γέγονε
2388 4694 2529 4749 κατὰ
2563 4694 2742 4766 σάρκα
2773 4694 2873 4765 τῆς
2908 4692 3070 4761 ἁγίας
3109 4690 3385 4763 Παρθένου
3409 4730 3423 4756 ,
3456 4690 3578 4745 καθ’
3613 4690 3765 4762 ἡμᾶς

2170 4803 2231 4839 τε
2267 4785 2434 4856 οὔσης
2466 4785 2560 4837 καὶ
2594 4780 2881 4854 ἀνθρώπου
2924 4780 3025 4853 τὴν
3076 4778 3257 4850 φύσινο
3302 4777 3509 4849 πατρὸς
3555 4776 3613 4831 δὲ
3657 4776 3769 4832 τῶν

2174 4878 2297 4933 καθ’
2341 4877 2487 4948 ἡμᾶς
2531 4875 2764 4938 οὐδενός
2818 4873 2933 4928 ἄλλ’
2984 4873 3050 4927 ἵν’
3083 4871 3255 4936 οὕτως
3288 4871 3552 4935 εἴπωμεν,
3582 4871 3769 4941 ἑτερο-

2178 4964 2343 5035 φυοῦς
2377 4964 2456 5027 είς
2481 4962 2647 5029 ἆπαν,
2672 4961 2766 5016 καὶ
2788 4960 3160 5034 ἀνῳκισμένου
3193 4960 3293 5031 τὴν
3314 4960 3495 5030 φύσιν,
3531 4961 3625 5034 καὶ
3657 4962 3767 5015 πᾶν
3801 4972 3812 5027 (

2175 5054 2655 5128 ὑπερθριῦσκοντος
2676 5054 2737 5108 τὸ
2767 5053 2954 5109 τελοῦν
2970 5056 3025 5108 ὲν
3047 5056 3310 5125 γενητοῖς.
3333 5053 3623 5126 Τοιγάρτοι
3671 5055 3767 5107 καὶ

2177 5147 2380 5217 ἔφασκε
2415 5146 2550 5218 πρὸς
2598 5145 2882 5210 Ἰουδαίους
2907 5147 3185 5217 οἰομένους
3214 5146 3296 5200 ὅτι
3316 5145 3436 5199 καθ’
3457 5147 3603 5217 ἡμᾶς
3623 5146 3763 5209 ἐστι,

2178 5238 2271 5292 καὶ
2287 5236 2473 5307 γέγονε
2497 5234 2619 5291 καθ’
2635 5237 2803 5308 ἡμᾶς·
2832 5254 2851 5288 ι
2884 5236 3075 5307 Ὑμεῖς
3091 5235 3156 5289 ὲκ
3180 5232 3287 5287 τῶν
3304 5233 3454 5288 κάτω
3483 5231 3620 5296 ἐστὲ,
3654 5230 3770 5301 ἐγὼ

2179 5331 2242 5383 ἐκ
2275 5330 2383 5384 τῶν
2408 5330 2520 5384 ἀνω
2547 5329 2684 5400 εἶμί.
2725 5347 2742 5381 ι
2789 5328 2901 5383 Καὶ
2931 5328 3239 5401 κεκράτηκε
3270 5325 3369 5396 μὲν
3392 5328 3420 5381 ὀ
3454 5323 3634 5395 Κῦρος
3662 5340 3767 5393 μυ-

2184 5422 2315 5493 ρίων
2358 5421 2500 5475 ὅσων
2545 5420 2737 5487 ἐθνῶν,
2777 5420 2871 5474 καὶ
2910 5419 3098 5475 ἅπασα
3135 5417 3234 5489 μὲν
3269 5410 3429 5471 αὐτὸν
3472 5412 3768 5483 ὑπεδέχετο

2185 5514 2355 5579 πόλις.
2390 5513 2587 5569 ’Έλαϐε
2620 5513 2677 5569 δὲ
2708 5515 2801 5570 καὶ
2829 5512 3134 5587 θησαυροὺς
3170 5508 3492 5572 exesse/06;,
3524 5503 3767 5578 ἀποκρύ‹
