  <div class='ocr_page' id='page_1' title='image "/cluster/home/n/w/nwhite01/storage/ocr_20150623/69/hvd.32044073501983/052.png"; bbox 0 0 4052 6212; ppageno 0'>
   <div class='ocr_carea' id='block_1_1' title="bbox 326 295 3583 359">
    <p class='ocr_par' dir='ltr' id='par_1_1' title="bbox 326 295 3583 359">
     <span class='ocr_line' id='line_1_1' title="bbox 326 295 3583 359; baseline -0.001 0"><span class='ocrx_word' id='word_1_1' title='bbox 326 305 398 359; x_wconf 77' lang='lat'><strong>93</strong></span> <span class='ocrx_word' id='word_1_2' title='bbox 1341 295 1855 356; x_wconf 75' lang='lat' dir='ltr'><strong>GLAPIIYRORUM</strong></span> <span class='ocrx_word' id='word_1_3' title='bbox 1893 295 1961 352; x_wconf 78' lang='grc' dir='ltr'><strong>ΙΝ</strong></span> <span class='ocrx_word' id='word_1_4' title='bbox 1998 295 2296 354; x_wconf 77' lang='lat' dir='ltr'><strong>GENESIM</strong></span> <span class='ocrx_word' id='word_1_5' title='bbox 2324 297 2454 353; x_wconf 78' lang='lat' dir='ltr'><strong>LIB.</strong></span> <span class='ocrx_word' id='word_1_6' title='bbox 2494 297 2558 354; x_wconf 90' lang='lat' dir='ltr'><strong>ll.</strong></span> <span class='ocrx_word' id='word_1_7' title='bbox 3510 296 3583 357; x_wconf 65' lang='grc'><strong>96</strong></span> 
     </span>
    </p>
   </div>
   <div class='ocr_carea' id='block_1_2' title="bbox 325 408 1923 484">
    <p class='ocr_par' dir='ltr' id='par_1_2' title="bbox 325 409 1912 484">
     <span class='ocr_line' id='line_1_2' title="bbox 325 409 1912 484; baseline -0.003 -16"><span class='ocrx_word' id='word_1_8' title='bbox 325 429 503 484; x_wconf 59' lang='lat' dir='ltr'><strong>vaec,</strong></span> <span class='ocrx_word' id='word_1_9' title='bbox 551 412 855 484; x_wconf 74' lang='grc' dir='ltr'>ἀοράτους,</span> <span class='ocrx_word' id='word_1_10' title='bbox 904 414 995 466; x_wconf 78' lang='grc' dir='ltr'>καὶ</span> <span class='ocrx_word' id='word_1_11' title='bbox 1040 414 1257 484; x_wconf 82' lang='grc' dir='ltr'>μακρᾶς</span> <span class='ocrx_word' id='word_1_12' title='bbox 1307 413 1478 475; x_wconf 79' lang='grc' dir='ltr'>ἀνῆκε</span> <span class='ocrx_word' id='word_1_13' title='bbox 1530 410 1772 474; x_wconf 81' lang='grc' dir='ltr'><strong>δουλείας</strong></span> <span class='ocrx_word' id='word_1_14' title='bbox 1820 409 1912 464; x_wconf 77' lang='grc' dir='ltr'><strong>τὸν</strong></span> 
     </span>
    </p>
   </div>
   <div class='ocr_carea' id='block_1_3' title="bbox 2021 408 3579 484">
    <p class='ocr_par' dir='ltr' id='par_1_3' title="bbox 2021 408 3579 478">
     <span class='ocr_line' id='line_1_3' title="bbox 2021 408 3579 478; baseline -0.001 -11"><span class='ocrx_word' id='word_1_15' title='bbox 2021 410 2355 478; x_wconf 91' lang='lat' dir='ltr'><strong>tenebrosos,</strong></span> <span class='ocrx_word' id='word_1_16' title='bbox 2403 409 2773 477; x_wconf 75' lang='lat' dir='ltr'><strong>absconditos,</strong></span> <span class='ocrx_word' id='word_1_17' title='bbox 2826 408 3153 477; x_wconf 78' lang='lat' dir='ltr'><strong>invisibiles,</strong></span> <span class='ocrx_word' id='word_1_18' title='bbox 3204 418 3264 468; x_wconf 89' lang='lat' dir='ltr'><strong>et</strong></span> <span class='ocrx_word' id='word_1_19' title='bbox 3321 409 3579 467; x_wconf 89' lang='lat' dir='ltr'><strong>diuturna</strong></span> 
     </span>
    </p>
   </div>
   <div class='ocr_carea' id='block_1_4' title="bbox 337 501 1913 576">
    <p class='ocr_par' dir='ltr' id='par_1_4' title="bbox 337 501 1913 576">
     <span class='ocr_line' id='line_1_4' title="bbox 337 501 1913 576; baseline -0.004 -15"><span class='ocrx_word' id='word_1_20' title='bbox 337 503 579 576; x_wconf 77' lang='grc' dir='ltr'>Ἰσραήλ.</span> <span class='ocrx_word' id='word_1_21' title='bbox 620 502 984 557; x_wconf 79' lang='grc' dir='ltr'>Βεὸασίλευκε</span> <span class='ocrx_word' id='word_1_22' title='bbox 1016 503 1071 556; x_wconf 87' lang='grc' dir='ltr'>δὲ</span> <span class='ocrx_word' id='word_1_23' title='bbox 1106 504 1205 574; x_wconf 83' lang='grc' dir='ltr'>τῆς</span> <span class='ocrx_word' id='word_1_24' title='bbox 1249 504 1339 556; x_wconf 79' lang='grc' dir='ltr'><strong>ὑπ’</strong></span> <span class='ocrx_word' id='word_1_25' title='bbox 1369 501 1598 574; x_wconf 75' lang='grc' dir='ltr'>οὐρανὸν</span> <span class='ocrx_word' id='word_1_26' title='bbox 1630 502 1660 553; x_wconf 90' lang='lat'><strong>6</strong></span> <span class='ocrx_word' id='word_1_27' title='bbox 1701 502 1913 572; x_wconf 75' lang='grc' dir='ltr'>Ἑμμαο</span> 
     </span>
    </p>
   </div>
   <div class='ocr_carea' id='block_1_5' title="bbox 323 593 1913 667">
    <p class='ocr_par' dir='ltr' id='par_1_5' title="bbox 323 593 1913 667">
     <span class='ocr_line' id='line_1_5' title="bbox 323 593 1913 667; baseline -0.003 -16"><span class='ocrx_word' id='word_1_28' title='bbox 323 595 514 665; x_wconf 75' lang='grc' dir='ltr'>νουὴλ.</span> <span class='ocrx_word' id='word_1_29' title='bbox 541 596 633 649; x_wconf 76' lang='grc' dir='ltr'>καὶ</span> <span class='ocrx_word' id='word_1_30' title='bbox 659 594 734 659; x_wconf 86' lang='grc' dir='ltr'><strong>ὡς</strong></span> <span class='ocrx_word' id='word_1_31' title='bbox 761 596 869 648; x_wconf 88' lang='grc' dir='ltr'><strong>τῶν</strong></span> <span class='ocrx_word' id='word_1_32' title='bbox 888 595 1023 650; x_wconf 82' lang='grc' dir='ltr'>ὅλων</span> <span class='ocrx_word' id='word_1_33' title='bbox 1050 597 1277 667; x_wconf 80' lang='grc' dir='ltr'><strong>Σωτῆρα</strong></span> <span class='ocrx_word' id='word_1_34' title='bbox 1325 594 1420 649; x_wconf 75' lang='grc' dir='ltr'>καὶ</span> <span class='ocrx_word' id='word_1_35' title='bbox 1447 593 1738 664; x_wconf 79' lang='grc' dir='ltr'>Λυτρωτὴν</span> <span class='ocrx_word' id='word_1_36' title='bbox 1764 595 1913 647; x_wconf 82' lang='grc' dir='ltr'>πᾶσα</span> 
     </span>
    </p>
   </div>
   <div class='ocr_carea' id='block_1_6' title="bbox 328 684 1912 759">
    <p class='ocr_par' dir='ltr' id='par_1_6' title="bbox 328 684 1912 759">
     <span class='ocr_line' id='line_1_6' title="bbox 328 684 1912 759; baseline -0.003 -18"><span class='ocrx_word' id='word_1_37' title='bbox 328 689 431 759; x_wconf 69' lang='grc' dir='ltr'>μὲν</span> <span class='ocrx_word' id='word_1_38' title='bbox 460 688 623 741; x_wconf 79' lang='grc' dir='ltr'>αὐτὸν</span> <span class='ocrx_word' id='word_1_39' title='bbox 655 687 958 759; x_wconf 79' lang='grc' dir='ltr'><strong>εἰσδέχεται</strong></span> <span class='ocrx_word' id='word_1_40' title='bbox 993 688 1164 751; x_wconf 80' lang='grc' dir='ltr'><strong>πόλις·</strong></span> <span class='ocrx_word' id='word_1_41' title='bbox 1197 688 1402 743; x_wconf 80' lang='grc' dir='ltr'><strong>ἀνεῖται</strong></span> <span class='ocrx_word' id='word_1_42' title='bbox 1448 686 1504 739; x_wconf 83' lang='grc' dir='ltr'>δὲ</span> <span class='ocrx_word' id='word_1_43' title='bbox 1533 686 1635 757; x_wconf 79' lang='grc' dir='ltr'><strong>ήδη</strong></span> <span class='ocrx_word' id='word_1_44' title='bbox 1672 684 1912 749; x_wconf 83' lang='grc' dir='ltr'><strong>δουλείας</strong></span> 
     </span>
    </p>
   </div>
   <div class='ocr_carea' id='block_1_7' title="bbox 324 774 1913 849">
    <p class='ocr_par' dir='ltr' id='par_1_7' title="bbox 324 774 1913 849">
     <span class='ocr_line' id='line_1_7' title="bbox 324 774 1913 849; baseline -0.003 -17"><span class='ocrx_word' id='word_1_45' title='bbox 324 779 423 832; x_wconf 74' lang='grc' dir='ltr'>καὶ</span> <span class='ocrx_word' id='word_1_46' title='bbox 461 778 776 844; x_wconf 79' lang='grc' dir='ltr'><strong>πλεονεξίας</strong></span> <span class='ocrx_word' id='word_1_47' title='bbox 802 778 1112 849; x_wconf 78' lang='grc' dir='ltr'>διαδολικῆς</span> <span class='ocrx_word' id='word_1_48' title='bbox 1145 780 1265 832; x_wconf 82' lang='grc' dir='ltr'>πᾶν.</span> <span class='ocrx_word' id='word_1_49' title='bbox 1285 779 1408 831; x_wconf 82' lang='grc' dir='ltr'>ὅσον</span> <span class='ocrx_word' id='word_1_50' title='bbox 1441 774 1788 838; x_wconf 78' lang='grc' dir='ltr'>ὲκϐεὸίαστο,</span> <span class='ocrx_word' id='word_1_51' title='bbox 1819 776 1913 829; x_wconf 80' lang='grc' dir='ltr'>καὶ</span> 
     </span>
    </p>
   </div>
   <div class='ocr_carea' id='block_1_8' title="bbox 323 865 1913 938">
    <p class='ocr_par' dir='ltr' id='par_1_8' title="bbox 323 865 1913 938">
     <span class='ocr_line' id='line_1_8' title="bbox 323 865 1913 938; baseline -0.002 -18"><span class='ocrx_word' id='word_1_52' title='bbox 323 867 422 920; x_wconf 75' lang='grc' dir='ltr'><strong>ὑπ’</strong></span> <span class='ocrx_word' id='word_1_53' title='bbox 452 865 601 937; x_wconf 84' lang='grc' dir='ltr'>αύτῷ</span> <span class='ocrx_word' id='word_1_54' title='bbox 629 868 891 938; x_wconf 80' lang='grc' dir='ltr'>πράττειν</span> <span class='ocrx_word' id='word_1_55' title='bbox 935 867 1250 937; x_wconf 72' lang='grc' dir='ltr'>ήνάγκαστο</span> <span class='ocrx_word' id='word_1_56' title='bbox 1276 867 1451 936; x_wconf 82' lang='grc' dir='ltr'>γένος.</span> <span class='ocrx_word' id='word_1_57' title='bbox 1490 865 1913 936; x_wconf 82' lang='grc' dir='ltr'>Καταφοιτήσας</span> 
     </span>
    </p>
   </div>
   <div class='ocr_carea' id='block_1_9' title="bbox 324 955 1913 1028">
    <p class='ocr_par' dir='ltr' id='par_1_9' title="bbox 324 955 1913 1028">
     <span class='ocr_line' id='line_1_9' title="bbox 324 955 1913 1028; baseline -0.001 -19"><span class='ocrx_word' id='word_1_58' title='bbox 324 956 387 1009; x_wconf 79' lang='grc' dir='ltr'>δὲ</span> <span class='ocrx_word' id='word_1_59' title='bbox 411 957 507 1009; x_wconf 77' lang='grc' dir='ltr'>καὶ</span> <span class='ocrx_word' id='word_1_60' title='bbox 533 957 613 1020; x_wconf 82' lang='grc' dir='ltr'><strong>εἰς</strong></span> <span class='ocrx_word' id='word_1_61' title='bbox 640 956 767 1028; x_wconf 71' lang='grc' dir='ltr'>ᾅδου</span> <span class='ocrx_word' id='word_1_62' title='bbox 797 957 1072 1011; x_wconf 85' lang='grc' dir='ltr'>κεκένωκε</span> <span class='ocrx_word' id='word_1_63' title='bbox 1094 955 1404 1027; x_wconf 75' lang='grc' dir='ltr'>θησαυροὺς</span> <span class='ocrx_word' id='word_1_64' title='bbox 1431 957 1760 1020; x_wconf 86' lang='grc' dir='ltr'>σκοτεινοὺς,</span> <span class='ocrx_word' id='word_1_65' title='bbox 1786 957 1913 1010; x_wconf 86' lang='grc' dir='ltr'>άπο-</span> 
     </span>
    </p>
   </div>
   <div class='ocr_carea' id='block_1_10' title="bbox 325 1046 1911 1122">
    <p class='ocr_par' dir='ltr' id='par_1_10' title="bbox 325 1046 1911 1122">
     <span class='ocr_line' id='line_1_10' title="bbox 325 1046 1911 1122; baseline 0.001 -20"><span class='ocrx_word' id='word_1_66' title='bbox 325 1048 592 1122; x_wconf 78' lang='grc' dir='ltr'>κρύφους,</span> <span class='ocrx_word' id='word_1_67' title='bbox 629 1050 918 1119; x_wconf 83' lang='grc' dir='ltr'>άοράτους.</span> <span class='ocrx_word' id='word_1_68' title='bbox 945 1067 965 1100; x_wconf 74' lang='grc' dir='ltr'><strong>ι</strong></span> <span class='ocrx_word' id='word_1_69' title='bbox 1006 1050 1189 1120; x_wconf 79' lang='grc' dir='ltr'>Θύρας</span> <span class='ocrx_word' id='word_1_70' title='bbox 1233 1047 1439 1118; x_wconf 84' lang='grc' dir='ltr'>χαλκᾶς</span> <span class='ocrx_word' id='word_1_71' title='bbox 1471 1046 1756 1119; x_wconf 79' lang='grc' dir='ltr'>συνέτριψε</span> <span class='ocrx_word' id='word_1_72' title='bbox 1778 1089 1793 1114; x_wconf 91' lang='grc'><strong>,</strong></span> <span class='ocrx_word' id='word_1_73' title='bbox 1818 1048 1911 1103; x_wconf 79' lang='grc' dir='ltr'>καὶ</span> 
     </span>
    </p>
   </div>
   <div class='ocr_carea' id='block_1_11' title="bbox 334 1138 1910 1214">
    <p class='ocr_par' dir='ltr' id='par_1_11' title="bbox 334 1138 1910 1214">
     <span class='ocr_line' id='line_1_11' title="bbox 334 1138 1910 1214; baseline -0.003 -18"><span class='ocrx_word' id='word_1_74' title='bbox 334 1143 569 1214; x_wconf 74' lang='grc' dir='ltr'>μοχλοὺς</span> <span class='ocrx_word' id='word_1_75' title='bbox 595 1141 846 1213; x_wconf 79' lang='grc' dir='ltr'><strong>σιδηροῦς</strong></span> <span class='ocrx_word' id='word_1_76' title='bbox 885 1140 1232 1194; x_wconf 87' lang='grc' dir='ltr'>συνέθλασεν.</span> <span class='ocrx_word' id='word_1_77' title='bbox 1278 1140 1424 1210; x_wconf 83' lang='grc' dir='ltr'>Ἔφη</span> <span class='ocrx_word' id='word_1_78' title='bbox 1452 1138 1562 1211; x_wconf 84' lang='grc' dir='ltr'>γὰρ</span> <span class='ocrx_word' id='word_1_79' title='bbox 1593 1141 1705 1202; x_wconf 88' lang='grc' dir='ltr'>τοῖς</span> <span class='ocrx_word' id='word_1_80' title='bbox 1740 1141 1797 1192; x_wconf 82' lang='grc' dir='ltr'>ὲν</span> <span class='ocrx_word' id='word_1_81' title='bbox 1821 1139 1910 1192; x_wconf 88' lang='grc' dir='ltr'>δε-</span> 
     </span>
    </p>
   </div>
   <div class='ocr_carea' id='block_1_12' title="bbox 331 1229 1909 1303">
    <p class='ocr_par' dir='ltr' id='par_1_12' title="bbox 331 1229 1909 1303">
     <span class='ocr_line' id='line_1_12' title="bbox 331 1229 1909 1303; baseline -0.005 -12"><span class='ocrx_word' id='word_1_82' title='bbox 331 1236 524 1303; x_wconf 81' lang='grc' dir='ltr'>σμοῖς·</span> <span class='ocrx_word' id='word_1_83' title='bbox 559 1232 835 1298; x_wconf 80' lang='grc' dir='ltr'>Ἑξέλθετε</span> <span class='ocrx_word' id='word_1_84' title='bbox 857 1249 871 1263; x_wconf 80' lang='grc'><em>’</em></span> <span class='ocrx_word' id='word_1_85' title='bbox 908 1233 1138 1295; x_wconf 76' lang='grc' dir='ltr'>καὶτοῖς</span> <span class='ocrx_word' id='word_1_86' title='bbox 1172 1232 1231 1285; x_wconf 82' lang='grc' dir='ltr'>ὲν</span> <span class='ocrx_word' id='word_1_87' title='bbox 1263 1231 1342 1303; x_wconf 79' lang='grc' dir='ltr'>τῷ</span> <span class='ocrx_word' id='word_1_88' title='bbox 1374 1231 1578 1295; x_wconf 80' lang='grc' dir='ltr'><strong>σκότει,</strong></span> <span class='ocrx_word' id='word_1_89' title='bbox 1610 1229 1909 1285; x_wconf 83' lang='grc' dir='ltr'>Ἀνακαλύ-</span> 
     </span>
    </p>
   </div>
   <div class='ocr_carea' id='block_1_13' title="bbox 326 1321 1910 1395">
    <p class='ocr_par' dir='ltr' id='par_1_13' title="bbox 326 1321 1910 1395">
     <span class='ocr_line' id='line_1_13' title="bbox 326 1321 1910 1395; baseline -0.002 -18"><span class='ocrx_word' id='word_1_90' title='bbox 326 1323 858 1395; x_wconf 79' lang='grc' dir='ltr'>φθητε.›Τοιγάρτοι</span> <span class='ocrx_word' id='word_1_91' title='bbox 889 1324 984 1378; x_wconf 70' lang='grc' dir='ltr'><strong>καὶ</strong></span> <span class='ocrx_word' id='word_1_92' title='bbox 1015 1323 1183 1378; x_wconf 86' lang='grc' dir='ltr'>πάλαι</span> <span class='ocrx_word' id='word_1_93' title='bbox 1214 1323 1352 1394; x_wconf 77' lang='grc' dir='ltr'>πρὸς</span> <span class='ocrx_word' id='word_1_94' title='bbox 1382 1321 1499 1376; x_wconf 80' lang='grc' dir='ltr'>Ἰὼδ</span> <span class='ocrx_word' id='word_1_95' title='bbox 1528 1322 1634 1393; x_wconf 80' lang='grc' dir='ltr'>ἔφη</span> <span class='ocrx_word' id='word_1_96' title='bbox 1669 1322 1759 1376; x_wconf 78' lang='grc' dir='ltr'>τὸν</span> <span class='ocrx_word' id='word_1_97' title='bbox 1778 1321 1910 1394; x_wconf 68' lang='grc' dir='ltr'>τληο</span> 
     </span>
    </p>
   </div>
   <div class='ocr_carea' id='block_1_14' title="bbox 324 1408 1909 1483">
    <p class='ocr_par' dir='ltr' id='par_1_14' title="bbox 324 1408 1909 1483">
     <span class='ocr_line' id='line_1_14' title="bbox 324 1408 1909 1483; baseline -0.001 -15"><span class='ocrx_word' id='word_1_98' title='bbox 324 1416 667 1469; x_wconf 77' lang='grc' dir='ltr'>παθέστατον</span> <span class='ocrx_word' id='word_1_99' title='bbox 709 1416 803 1469; x_wconf 78' lang='grc' dir='ltr'>καὶ</span> <span class='ocrx_word' id='word_1_100' title='bbox 846 1415 1286 1483; x_wconf 83' lang='grc' dir='ltr'>ἁκαταγώνιστον</span> <span class='ocrx_word' id='word_1_101' title='bbox 1328 1412 1588 1483; x_wconf 83' lang='grc' dir='ltr'>ἀθλητήν·</span> <span class='ocrx_word' id='word_1_102' title='bbox 1643 1432 1661 1465; x_wconf 79' lang='grc' dir='ltr'><strong>ι</strong></span> <span class='ocrx_word' id='word_1_103' title='bbox 1707 1408 1909 1479; x_wconf 83' lang='grc' dir='ltr'>Ἧλθες</span> 
     </span>
    </p>
   </div>
   <div class='ocr_carea' id='block_1_15' title="bbox 324 1502 1911 1575">
    <p class='ocr_par' dir='ltr' id='par_1_15' title="bbox 324 1502 1911 1575">
     <span class='ocr_line' id='line_1_15' title="bbox 324 1502 1911 1575; baseline 0.001 -19"><span class='ocrx_word' id='word_1_104' title='bbox 324 1503 427 1556; x_wconf 64' lang='grc' dir='ltr'><strong>ἐπὶ</strong></span> <span class='ocrx_word' id='word_1_105' title='bbox 468 1502 649 1573; x_wconf 71' lang='grc' dir='ltr'>πηγήν</span> <span class='ocrx_word' id='word_1_106' title='bbox 683 1503 955 1575; x_wconf 77' lang='grc' dir='ltr'><strong>θαλάσσης</strong></span> <span class='ocrx_word' id='word_1_107' title='bbox 978 1541 993 1567; x_wconf 93' lang='grc'><strong>,</strong></span> <span class='ocrx_word' id='word_1_108' title='bbox 1029 1506 1087 1557; x_wconf 73' lang='grc' dir='ltr'>ἐν</span> <span class='ocrx_word' id='word_1_109' title='bbox 1130 1503 1187 1557; x_wconf 75' lang='grc' dir='ltr'>δὲ</span> <span class='ocrx_word' id='word_1_110' title='bbox 1225 1503 1426 1573; x_wconf 83' lang='grc' dir='ltr'>ίχνεσιν</span> <span class='ocrx_word' id='word_1_111' title='bbox 1467 1502 1705 1557; x_wconf 81' lang='grc' dir='ltr'>ἀϐύσσου</span> <span class='ocrx_word' id='word_1_112' title='bbox 1755 1519 1911 1574; x_wconf 86' lang='grc' dir='ltr'>περι-</span> 
     </span>
    </p>
   </div>
   <div class='ocr_carea' id='block_1_16' title="bbox 324 1590 1906 1664">
    <p class='ocr_par' dir='ltr' id='par_1_16' title="bbox 324 1590 1906 1664">
     <span class='ocr_line' id='line_1_16' title="bbox 324 1590 1906 1664; baseline 0.003 -23"><span class='ocrx_word' id='word_1_113' title='bbox 324 1590 635 1660; x_wconf 81' lang='grc' dir='ltr'>επάτησας.</span> <span class='ocrx_word' id='word_1_114' title='bbox 680 1590 1010 1660; x_wconf 78' lang='grc' dir='ltr'>’Δνοίγονται</span> <span class='ocrx_word' id='word_1_115' title='bbox 1053 1591 1111 1645; x_wconf 81' lang='grc' dir='ltr'><strong>δέ</strong></span> <span class='ocrx_word' id='word_1_116' title='bbox 1157 1610 1239 1646; x_wconf 90' lang='grc' dir='ltr'><strong>σοι</strong></span> <span class='ocrx_word' id='word_1_117' title='bbox 1269 1593 1418 1664; x_wconf 75' lang='grc' dir='ltr'>φόϐῳ</span> <span class='ocrx_word' id='word_1_118' title='bbox 1448 1590 1614 1646; x_wconf 81' lang='grc' dir='ltr'>πύλαι</span> <span class='ocrx_word' id='word_1_119' title='bbox 1654 1591 1906 1658; x_wconf 82' lang='grc' dir='ltr'>θανάτου,</span> 
     </span>
    </p>
   </div>
   <div class='ocr_carea' id='block_1_17' title="bbox 324 1680 1908 1754">
    <p class='ocr_par' dir='ltr' id='par_1_17' title="bbox 324 1680 1908 1754">
     <span class='ocr_line' id='line_1_17' title="bbox 324 1680 1908 1754; baseline 0.003 -22"><span class='ocrx_word' id='word_1_120' title='bbox 324 1680 572 1750; x_wconf 85' lang='grc' dir='ltr'>πυλωροί</span> <span class='ocrx_word' id='word_1_121' title='bbox 601 1680 657 1734; x_wconf 78' lang='grc' dir='ltr'>δὲ</span> <span class='ocrx_word' id='word_1_122' title='bbox 681 1680 807 1753; x_wconf 71' lang='grc' dir='ltr'>ᾅδου</span> <span class='ocrx_word' id='word_1_123' title='bbox 845 1680 1047 1746; x_wconf 77' lang='grc' dir='ltr'>ἰδόντες</span> <span class='ocrx_word' id='word_1_124' title='bbox 1078 1699 1137 1735; x_wconf 90' lang='grc' dir='ltr'><strong>σε</strong></span> <span class='ocrx_word' id='word_1_125' title='bbox 1183 1682 1478 1754; x_wconf 73' lang='grc' dir='ltr'>ἔπτηξαν.»</span> <span class='ocrx_word' id='word_1_126' title='bbox 1500 1680 1908 1754; x_wconf 82' lang='grc' dir='ltr'>Ἀναγνώσομεν</span> 
     </span>
    </p>
   </div>
   <div class='ocr_carea' id='block_1_18' title="bbox 2013 500 3578 573">
    <p class='ocr_par' dir='ltr' id='par_1_18' title="bbox 2013 500 3578 573">
     <span class='ocr_line' id='line_1_18' title="bbox 2013 500 3578 573; baseline 0 -17"><span class='ocrx_word' id='word_1_127' title='bbox 2013 501 2277 559; x_wconf 89' lang='lat' dir='ltr'><strong>servitute</strong></span> <span class='ocrx_word' id='word_1_128' title='bbox 2302 500 2558 556; x_wconf 82' lang='lat' dir='ltr'><strong>lsraelem</strong></span> <span class='ocrx_word' id='word_1_129' title='bbox 2580 501 2804 556; x_wconf 80' lang='lat' dir='ltr'><strong>exemit.</strong></span> <span class='ocrx_word' id='word_1_130' title='bbox 2831 500 3209 573; x_wconf 83' lang='lat' dir='ltr'><strong>Regnavitque</strong></span> <span class='ocrx_word' id='word_1_131' title='bbox 3235 516 3336 572; x_wconf 89' lang='lat' dir='ltr'><strong>per</strong></span> <span class='ocrx_word' id='word_1_132' title='bbox 3364 502 3578 557; x_wconf 86' lang='lat' dir='ltr'><strong>univer-</strong></span> 
     </span>
    </p>
   </div>
   <div class='ocr_carea' id='block_1_19' title="bbox 2013 589 3579 663">
    <p class='ocr_par' dir='ltr' id='par_1_19' title="bbox 2013 589 3579 663">
     <span class='ocr_line' id='line_1_19' title="bbox 2013 589 3579 663; baseline -0.001 -16"><span class='ocrx_word' id='word_1_133' title='bbox 2013 608 2129 647; x_wconf 85' lang='lat' dir='ltr'><strong>sam</strong></span> <span class='ocrx_word' id='word_1_134' title='bbox 2176 602 2380 648; x_wconf 88' lang='lat' dir='ltr'><strong>terram</strong></span> <span class='ocrx_word' id='word_1_135' title='bbox 2413 592 2758 657; x_wconf 85' lang='lat' dir='ltr'><strong>Emmanuel,</strong></span> <span class='ocrx_word' id='word_1_136' title='bbox 2789 601 2847 648; x_wconf 89' lang='lat' dir='ltr'><strong>et</strong></span> <span class='ocrx_word' id='word_1_137' title='bbox 2879 600 3139 663; x_wconf 89' lang='lat' dir='ltr'><strong>tanquam</strong></span> <span class='ocrx_word' id='word_1_138' title='bbox 3174 592 3421 649; x_wconf 89' lang='lat' dir='ltr'><strong>omnium</strong></span> <span class='ocrx_word' id='word_1_139' title='bbox 3462 589 3579 646; x_wconf 82' lang='lat' dir='ltr'><strong>Sal-</strong></span> 
     </span>
    </p>
   </div>
   <div class='ocr_carea' id='block_1_20' title="bbox 2011 681 3582 753">
    <p class='ocr_par' dir='ltr' id='par_1_20' title="bbox 2011 681 3582 753">
     <span class='ocr_line' id='line_1_20' title="bbox 2011 681 3582 753; baseline -0.002 -16"><span class='ocrx_word' id='word_1_140' title='bbox 2011 692 2255 739; x_wconf 85' lang='lat' dir='ltr'><strong>vatorem</strong></span> <span class='ocrx_word' id='word_1_141' title='bbox 2285 699 2352 740; x_wconf 91' lang='lat' dir='ltr'><strong>ac</strong></span> <span class='ocrx_word' id='word_1_142' title='bbox 2373 683 2798 753; x_wconf 85' lang='lat' dir='ltr'><strong>Bedemptorem</strong></span> <span class='ocrx_word' id='word_1_143' title='bbox 2824 689 2938 738; x_wconf 89' lang='lat' dir='ltr'><strong>tota</strong></span> <span class='ocrx_word' id='word_1_144' title='bbox 2967 681 3191 752; x_wconf 85' lang='lat' dir='ltr'><strong>quidem</strong></span> <span class='ocrx_word' id='word_1_145' title='bbox 3228 681 3424 736; x_wconf 89' lang='lat' dir='ltr'><strong>civitas</strong></span> <span class='ocrx_word' id='word_1_146' title='bbox 3454 695 3582 734; x_wconf 89' lang='lat' dir='ltr'><strong>eum</strong></span> 
     </span>
    </p>
   </div>
   <div class='ocr_carea' id='block_1_21' title="bbox 2011 770 3583 843">
    <p class='ocr_par' dir='ltr' id='par_1_21' title="bbox 2011 770 3583 843">
     <span class='ocr_line' id='line_1_21' title="bbox 2011 770 3583 843; baseline -0.003 -15"><span class='ocrx_word' id='word_1_147' title='bbox 2011 774 2274 843; x_wconf 78' lang='lat' dir='ltr'><strong>suscepit,</strong></span> <span class='ocrx_word' id='word_1_148' title='bbox 2295 780 2352 829; x_wconf 88' lang='lat' dir='ltr'><strong>et</strong></span> <span class='ocrx_word' id='word_1_149' title='bbox 2383 782 2554 829; x_wconf 89' lang='lat' dir='ltr'><strong>totum</strong></span> <span class='ocrx_word' id='word_1_150' title='bbox 2588 788 2762 843; x_wconf 90' lang='lat' dir='ltr'><strong>genus</strong></span> <span class='ocrx_word' id='word_1_151' title='bbox 2788 772 3088 827; x_wconf 87' lang='lat' dir='ltr'><strong>humanum</strong></span> <span class='ocrx_word' id='word_1_152' title='bbox 3115 771 3227 841; x_wconf 89' lang='lat' dir='ltr'><strong>jam</strong></span> <span class='ocrx_word' id='word_1_153' title='bbox 3255 785 3289 825; x_wconf 93' lang='lat' dir='ltr'><strong>a</strong></span> <span class='ocrx_word' id='word_1_154' title='bbox 3316 770 3583 825; x_wconf 88' lang='lat' dir='ltr'><strong>servitute</strong></span> 
     </span>
    </p>
   </div>
   <div class='ocr_carea' id='block_1_22' title="bbox 2010 859 3586 937">
    <p class='ocr_par' dir='ltr' id='par_1_22' title="bbox 2010 859 3586 937">
     <span class='ocr_line' id='line_1_22' title="bbox 2010 859 3586 937; baseline -0.004 -18"><span class='ocrx_word' id='word_1_155' title='bbox 2010 878 2075 919; x_wconf 87' lang='lat' dir='ltr'><strong>ac</strong></span> <span class='ocrx_word' id='word_1_156' title='bbox 2106 864 2392 937; x_wconf 84' lang='lat' dir='ltr'><strong>tyrannide</strong></span> <span class='ocrx_word' id='word_1_157' title='bbox 2417 864 2687 919; x_wconf 85' lang='lat' dir='ltr'><strong>diabolica</strong></span> <span class='ocrx_word' id='word_1_158' title='bbox 2710 864 3002 919; x_wconf 89' lang='lat' dir='ltr'><strong>liberatum</strong></span> <span class='ocrx_word' id='word_1_159' title='bbox 3021 871 3127 927; x_wconf 89' lang='lat' dir='ltr'><strong>est,</strong></span> <span class='ocrx_word' id='word_1_160' title='bbox 3158 860 3371 932; x_wconf 85' lang='lat' dir='ltr'><strong>ipsique</strong></span> <span class='ocrx_word' id='word_1_161' title='bbox 3398 859 3586 914; x_wconf 86' lang='lat' dir='ltr'><strong>subdi-</strong></span> 
     </span>
    </p>
   </div>
   <div class='ocr_carea' id='block_1_23' title="bbox 2012 944 3583 1011">
    <p class='ocr_par' dir='ltr' id='par_1_23' title="bbox 2012 944 3583 1011">
     <span class='ocr_line' id='line_1_23' title="bbox 2012 944 3583 1011; baseline -0.003 -1"><span class='ocrx_word' id='word_1_162' title='bbox 2012 944 2171 1010; x_wconf 87' lang='lat' dir='ltr'><strong>tum:</strong></span> <span class='ocrx_word' id='word_1_163' title='bbox 2202 954 2540 1011; x_wconf 87' lang='lat' dir='ltr'><strong>descendens</strong></span> <span class='ocrx_word' id='word_1_164' title='bbox 2570 962 2753 1011; x_wconf 89' lang='lat' dir='ltr'><strong>autem</strong></span> <span class='ocrx_word' id='word_1_165' title='bbox 2794 955 2853 1009; x_wconf 90' lang='lat' dir='ltr'><strong>in</strong></span> <span class='ocrx_word' id='word_1_166' title='bbox 2890 952 3166 1009; x_wconf 83' lang='lat' dir='ltr'><strong>infernum</strong></span> <span class='ocrx_word' id='word_1_167' title='bbox 3205 951 3433 1007; x_wconf 83' lang='lat' dir='ltr'><strong>abstulit</strong></span> <span class='ocrx_word' id='word_1_168' title='bbox 3460 951 3583 1006; x_wconf 88' lang='lat' dir='ltr'><strong>the-</strong></span> 
     </span>
    </p>
   </div>
   <div class='ocr_carea' id='block_1_24' title="bbox 2011 1043 3586 1113">
    <p class='ocr_par' dir='ltr' id='par_1_24' title="bbox 2011 1043 3586 1113">
     <span class='ocr_line' id='line_1_24' title="bbox 2011 1043 3586 1113; baseline -0.003 -9"><span class='ocrx_word' id='word_1_169' title='bbox 2011 1062 2203 1104; x_wconf 85' lang='lat' dir='ltr'><strong>sauros</strong></span> <span class='ocrx_word' id='word_1_170' title='bbox 2234 1046 2575 1113; x_wconf 68' lang='lat' dir='ltr'><strong>tenebrb‘sos,</strong></span> <span class='ocrx_word' id='word_1_171' title='bbox 2599 1046 2974 1112; x_wconf 84' lang='lat' dir='ltr'><strong>absconditos,</strong></span> <span class='ocrx_word' id='word_1_172' title='bbox 3008 1044 3331 1100; x_wconf 82' lang='lat' dir='ltr'><strong>invisibiles.</strong></span> <span class='ocrx_word' id='word_1_173' title='bbox 3357 1062 3375 1094; x_wconf 78' lang='grc' dir='ltr'><strong>ι</strong></span> <span class='ocrx_word' id='word_1_174' title='bbox 3392 1043 3586 1099; x_wconf 88' lang='lat' dir='ltr'><strong>Portas</strong></span> 
     </span>
    </p>
   </div>
   <div class='ocr_carea' id='block_1_25' title="bbox 2010 1134 3586 1212">
    <p class='ocr_par' dir='ltr' id='par_1_25' title="bbox 2010 1134 3586 1212">
     <span class='ocr_line' id='line_1_25' title="bbox 2010 1134 3586 1212; baseline -0.004 -15"><span class='ocrx_word' id='word_1_175' title='bbox 2010 1155 2190 1197; x_wconf 79' lang='lat' dir='ltr'><strong>teneas</strong></span> <span class='ocrx_word' id='word_1_176' title='bbox 2230 1141 2513 1207; x_wconf 87' lang='lat' dir='ltr'><strong>contrivit,</strong></span> <span class='ocrx_word' id='word_1_177' title='bbox 2552 1148 2610 1197; x_wconf 88' lang='lat' dir='ltr'><strong>et</strong></span> <span class='ocrx_word' id='word_1_178' title='bbox 2648 1146 2836 1197; x_wconf 84' lang='lat' dir='ltr'><strong>vectes</strong></span> <span class='ocrx_word' id='word_1_179' title='bbox 2872 1138 3082 1195; x_wconf 80' lang='lat' dir='ltr'><strong>ferreos</strong></span> <span class='ocrx_word' id='word_1_180' title='bbox 3118 1136 3387 1207; x_wconf 79' lang='lat' dir='ltr'><strong>confregit</strong></span> <span class='ocrx_word' id='word_1_181' title='bbox 3408 1134 3477 1202; x_wconf 81' lang='grc'><strong>⁸¹;</strong></span> <span class='ocrx_word' id='word_1_182' title='bbox 3516 1136 3586 1212; x_wconf 82' lang='lat' dir='ltr'><strong>iis</strong></span> 
     </span>
    </p>
   </div>
   <div class='ocr_carea' id='block_1_26' title="bbox 2010 1227 3583 1304">
    <p class='ocr_par' dir='ltr' id='par_1_26' title="bbox 2010 1227 3583 1304">
     <span class='ocr_line' id='line_1_26' title="bbox 2010 1227 3583 1304; baseline -0.006 -16"><span class='ocrx_word' id='word_1_183' title='bbox 2010 1234 2107 1304; x_wconf 88' lang='lat' dir='ltr'><strong>qui</strong></span> <span class='ocrx_word' id='word_1_184' title='bbox 2152 1234 2210 1288; x_wconf 92' lang='lat' dir='ltr'><strong>in</strong></span> <span class='ocrx_word' id='word_1_185' title='bbox 2250 1233 2489 1289; x_wconf 86' lang='lat' dir='ltr'><strong>vinculis</strong></span> <span class='ocrx_word' id='word_1_186' title='bbox 2529 1239 2709 1297; x_wconf 90' lang='lat' dir='ltr'><strong>erant,</strong></span> <span class='ocrx_word' id='word_1_187' title='bbox 2743 1231 2973 1286; x_wconf 86' lang='lat' dir='ltr'><strong>dicens:</strong></span> <span class='ocrx_word' id='word_1_188' title='bbox 3002 1229 3183 1294; x_wconf 86' lang='lat' dir='ltr'><strong>Exite,</strong></span> <span class='ocrx_word' id='word_1_189' title='bbox 3212 1237 3270 1282; x_wconf 90' lang='lat' dir='ltr'><strong>et</strong></span> <span class='ocrx_word' id='word_1_190' title='bbox 3302 1228 3372 1285; x_wconf 85' lang='lat' dir='ltr'><strong>iis</strong></span> <span class='ocrx_word' id='word_1_191' title='bbox 3398 1227 3492 1297; x_wconf 88' lang='lat' dir='ltr'><strong>qui</strong></span> <span class='ocrx_word' id='word_1_192' title='bbox 3527 1227 3583 1280; x_wconf 90' lang='lat' dir='ltr'><strong>in</strong></span> 
     </span>
    </p>
   </div>
   <div class='ocr_carea' id='block_1_27' title="bbox 2012 1318 3583 1381">
    <p class='ocr_par' dir='ltr' id='par_1_27' title="bbox 2012 1318 3583 1381">
     <span class='ocr_line' id='line_1_27' title="bbox 2012 1318 3583 1381; baseline -0.006 -1"><span class='ocrx_word' id='word_1_193' title='bbox 2012 1324 2255 1381; x_wconf 87' lang='lat' dir='ltr'><strong>tenebris</strong></span> <span class='ocrx_word' id='word_1_194' title='bbox 2271 1325 2635 1381; x_wconf 78' lang='lat' dir='ltr'><strong>versabantur</strong></span> <span class='ocrx_word' id='word_1_195' title='bbox 2659 1341 2673 1379; x_wconf 89' lang='lat'><strong>:</strong></span> <span class='ocrx_word' id='word_1_196' title='bbox 2699 1321 3038 1378; x_wconf 80' lang='lat' dir='ltr'><strong>Revelamini</strong></span> <span class='ocrx_word' id='word_1_197' title='bbox 3059 1318 3128 1375; x_wconf 77' lang='grc'><strong>⁸¹.</strong></span> <span class='ocrx_word' id='word_1_198' title='bbox 3147 1339 3167 1372; x_wconf 71' lang='grc' dir='ltr'><strong>ι</strong></span> <span class='ocrx_word' id='word_1_199' title='bbox 3189 1319 3401 1375; x_wconf 89' lang='lat' dir='ltr'><strong>Idcirco</strong></span> <span class='ocrx_word' id='word_1_200' title='bbox 3419 1318 3583 1375; x_wconf 80' lang='lat' dir='ltr'><strong>etiam</strong></span> 
     </span>
    </p>
   </div>
   <div class='ocr_carea' id='block_1_28' title="bbox 2010 1409 3585 1485">
    <p class='ocr_par' dir='ltr' id='par_1_28' title="bbox 2010 1409 3585 1485">
     <span class='ocr_line' id='line_1_28' title="bbox 2010 1409 3585 1485; baseline -0.003 -16"><span class='ocrx_word' id='word_1_201' title='bbox 2010 1414 2141 1469; x_wconf 87' lang='lat' dir='ltr'><strong>olim</strong></span> <span class='ocrx_word' id='word_1_202' title='bbox 2189 1414 2258 1469; x_wconf 90' lang='lat' dir='ltr'><strong>ad</strong></span> <span class='ocrx_word' id='word_1_203' title='bbox 2299 1414 2758 1485; x_wconf 90' lang='lat' dir='ltr'><strong>patientissimum</strong></span> <span class='ocrx_word' id='word_1_204' title='bbox 2800 1420 2965 1482; x_wconf 90' lang='lat' dir='ltr'><strong>atque</strong></span> <span class='ocrx_word' id='word_1_205' title='bbox 3018 1410 3285 1466; x_wconf 89' lang='lat' dir='ltr'><strong>invictum</strong></span> <span class='ocrx_word' id='word_1_206' title='bbox 3323 1409 3585 1465; x_wconf 84' lang='lat' dir='ltr'><strong>athletam</strong></span> 
     </span>
    </p>
   </div>
   <div class='ocr_carea' id='block_1_29' title="bbox 2008 1498 3587 1569">
    <p class='ocr_par' dir='ltr' id='par_1_29' title="bbox 2008 1498 3587 1569">
     <span class='ocr_line' id='line_1_29' title="bbox 2008 1498 3587 1569; baseline -0.003 -10"><span class='ocrx_word' id='word_1_207' title='bbox 2008 1503 2110 1560; x_wconf 83' lang='lat' dir='ltr'><strong>Joh</strong></span> <span class='ocrx_word' id='word_1_208' title='bbox 2143 1504 2217 1559; x_wconf 90' lang='lat' dir='ltr'><strong>ita</strong></span> <span class='ocrx_word' id='word_1_209' title='bbox 2243 1504 2322 1559; x_wconf 88' lang='lat' dir='ltr'><strong>ait</strong></span> <span class='ocrx_word' id='word_1_210' title='bbox 2353 1521 2366 1558; x_wconf 93' lang='lat'><strong>:</strong></span> <span class='ocrx_word' id='word_1_211' title='bbox 2407 1523 2425 1556; x_wconf 77' lang='grc' dir='ltr'><strong>ι</strong></span> <span class='ocrx_word' id='word_1_212' title='bbox 2450 1504 2663 1560; x_wconf 81' lang='lat' dir='ltr'><strong>Venisti</strong></span> <span class='ocrx_word' id='word_1_213' title='bbox 2696 1502 2765 1558; x_wconf 90' lang='lat' dir='ltr'><strong>ad</strong></span> <span class='ocrx_word' id='word_1_214' title='bbox 2794 1502 3003 1557; x_wconf 77' lang='lat' dir='ltr'><strong>fontem</strong></span> <span class='ocrx_word' id='word_1_215' title='bbox 3028 1501 3218 1565; x_wconf 90' lang='lat' dir='ltr'><strong>maris,</strong></span> <span class='ocrx_word' id='word_1_216' title='bbox 3255 1498 3314 1553; x_wconf 87' lang='lat' dir='ltr'><strong>in</strong></span> <span class='ocrx_word' id='word_1_217' title='bbox 3342 1499 3587 1569; x_wconf 73' lang='lat' dir='ltr'><strong>vestigiis</strong></span> 
     </span>
    </p>
   </div>
   <div class='ocr_carea' id='block_1_30' title="bbox 2010 1590 3587 1666">
    <p class='ocr_par' dir='ltr' id='par_1_30' title="bbox 2010 1590 3587 1666">
     <span class='ocr_line' id='line_1_30' title="bbox 2010 1590 3587 1666; baseline -0.001 -20"><span class='ocrx_word' id='word_1_218' title='bbox 2010 1600 2193 1649; x_wconf 84' lang='lat' dir='ltr'><strong>autem</strong></span> <span class='ocrx_word' id='word_1_219' title='bbox 2217 1593 2399 1666; x_wconf 87' lang='lat' dir='ltr'><strong>abyssi</strong></span> <span class='ocrx_word' id='word_1_220' title='bbox 2421 1594 2749 1661; x_wconf 88' lang='lat' dir='ltr'><strong>ambulasti;</strong></span> <span class='ocrx_word' id='word_1_221' title='bbox 2777 1599 3090 1665; x_wconf 60' lang='lat' dir='ltr'><strong>apertaque</strong></span> <span class='ocrx_word' id='word_1_222' title='bbox 3112 1590 3212 1647; x_wconf 91' lang='lat' dir='ltr'><strong>tibi</strong></span> <span class='ocrx_word' id='word_1_223' title='bbox 3238 1598 3369 1645; x_wconf 90' lang='lat' dir='ltr'><strong>sunt</strong></span> <span class='ocrx_word' id='word_1_224' title='bbox 3390 1590 3587 1646; x_wconf 82' lang='lat' dir='ltr'><strong>timore</strong></span> 
     </span>
    </p>
   </div>
   <div class='ocr_carea' id='block_1_31' title="bbox 2011 1681 3586 1756">
    <p class='ocr_par' dir='ltr' id='par_1_31' title="bbox 2011 1681 3586 1756">
     <span class='ocr_line' id='line_1_31' title="bbox 2011 1681 3586 1756; baseline 0 -19"><span class='ocrx_word' id='word_1_225' title='bbox 2011 1692 2183 1753; x_wconf 64' lang='lat' dir='ltr'><strong>porta:</strong></span> <span class='ocrx_word' id='word_1_226' title='bbox 2221 1685 2439 1751; x_wconf 88' lang='lat' dir='ltr'><strong>mortis,</strong></span> <span class='ocrx_word' id='word_1_227' title='bbox 2474 1685 2747 1756; x_wconf 74' lang='lat' dir='ltr'><strong>ianitores</strong></span> <span class='ocrx_word' id='word_1_228' title='bbox 2778 1693 2967 1740; x_wconf 88' lang='lat' dir='ltr'><strong>autem</strong></span> <span class='ocrx_word' id='word_1_229' title='bbox 2998 1682 3203 1738; x_wconf 83' lang='lat' dir='ltr'><strong>inferni</strong></span> <span class='ocrx_word' id='word_1_230' title='bbox 3243 1681 3497 1737; x_wconf 89' lang='lat' dir='ltr'><strong>videntes</strong></span> <span class='ocrx_word' id='word_1_231' title='bbox 3533 1688 3586 1737; x_wconf 88' lang='lat' dir='ltr'><strong>te</strong></span> 
     </span>
    </p>
   </div>
   <div class='ocr_carea' id='block_1_32' title="bbox 320 1746 1923 1845">
    <p class='ocr_par' dir='ltr' id='par_1_32' title="bbox 320 1746 1907 1840">
     <span class='ocr_line' id='line_1_32' title="bbox 320 1746 1907 1840; baseline 0.004 -22"><span class='ocrx_word' id='word_1_232' title='bbox 320 1767 438 1837; x_wconf 75' lang='grc' dir='ltr'>γὰρ</span> <span class='ocrx_word' id='word_1_233' title='bbox 564 1768 621 1820; x_wconf 80' lang='grc' dir='ltr'>ὲν</span> <span class='ocrx_word' id='word_1_234' title='bbox 644 1746 913 1840; x_wconf 76' lang='grc' dir='ltr'>ἐρωτήσει</span> <span class='ocrx_word' id='word_1_235' title='bbox 940 1770 1115 1823; x_wconf 80' lang='grc' dir='ltr'>ταυτί’</span> <span class='ocrx_word' id='word_1_236' title='bbox 1149 1746 1600 1835; x_wconf 76' lang='grc' dir='ltr'>καταδεικνύντος</span> <span class='ocrx_word' id='word_1_237' title='bbox 1626 1746 1718 1825; x_wconf 80' lang='grc' dir='ltr'><strong>τοῦ</strong></span> <span class='ocrx_word' id='word_1_238' title='bbox 1748 1746 1907 1839; x_wconf 55' lang='grc' dir='ltr'>λόίίου</span> 
     </span>
    </p>
   </div>
   <div class='ocr_carea' id='block_1_33' title="bbox 2021 1746 3587 1845">
    <p class='ocr_par' dir='ltr' id='par_1_33' title="bbox 2021 1771 3587 1845">
     <span class='ocr_line' id='line_1_33' title="bbox 2021 1771 3587 1845; baseline -0.001 -18"><span class='ocrx_word' id='word_1_239' title='bbox 2021 1782 2349 1842; x_wconf 69' lang='grc' dir='ltr'>εκρενετυιιι</span> <span class='ocrx_word' id='word_1_240' title='bbox 2379 1772 2450 1833; x_wconf 81' lang='grc'><strong>⁸⁸,</strong></span> <span class='ocrx_word' id='word_1_241' title='bbox 2480 1792 2499 1826; x_wconf 76' lang='grc' dir='ltr'><strong>ι</strong></span> <span class='ocrx_word' id='word_1_242' title='bbox 2530 1773 2803 1845; x_wconf 88' lang='lat' dir='ltr'><strong>Legemus</strong></span> <span class='ocrx_word' id='word_1_243' title='bbox 2834 1774 2981 1830; x_wconf 89' lang='lat' dir='ltr'><strong>enim</strong></span> <span class='ocrx_word' id='word_1_244' title='bbox 3017 1772 3183 1828; x_wconf 87' lang='lat' dir='ltr'><strong>veluti</strong></span> <span class='ocrx_word' id='word_1_245' title='bbox 3213 1786 3314 1842; x_wconf 91' lang='lat' dir='ltr'><strong>per</strong></span> <span class='ocrx_word' id='word_1_246' title='bbox 3345 1771 3587 1827; x_wconf 59' lang='lat' dir='ltr'><strong>interroo</strong></span> 
     </span>
    </p>
   </div>
   <div class='ocr_carea' id='block_1_34' title="bbox 319 1857 1910 1934">
    <p class='ocr_par' dir='ltr' id='par_1_34' title="bbox 319 1857 1910 1934">
     <span class='ocr_line' id='line_1_34' title="bbox 319 1857 1910 1934; baseline 0.003 -19"><span class='ocrx_word' id='word_1_247' title='bbox 319 1858 394 1915; x_wconf 68' lang='grc' dir='ltr'><strong>τὰ</strong></span> <span class='ocrx_word' id='word_1_248' title='bbox 420 1857 508 1911; x_wconf 78' lang='grc' dir='ltr'><strong>διά</strong></span> <span class='ocrx_word' id='word_1_249' title='bbox 526 1858 762 1930; x_wconf 77' lang='grc' dir='ltr'>Χριστοῦ</span> <span class='ocrx_word' id='word_1_250' title='bbox 792 1860 1212 1934; x_wconf 76' lang='grc' dir='ltr'>κατορθώματα,</span> <span class='ocrx_word' id='word_1_251' title='bbox 1271 1863 1366 1917; x_wconf 74' lang='grc' dir='ltr'><strong>καί</strong></span> <span class='ocrx_word' id='word_1_252' title='bbox 1388 1864 1445 1916; x_wconf 78' lang='grc' dir='ltr'>ὲν</span> <span class='ocrx_word' id='word_1_253' title='bbox 1478 1864 1660 1926; x_wconf 81' lang='grc' dir='ltr'>αὐτοῖς</span> <span class='ocrx_word' id='word_1_254' title='bbox 1696 1879 1910 1932; x_wconf 83' lang='grc' dir='ltr'>πεπρα-</span> 
     </span>
    </p>
   </div>
   <div class='ocr_carea' id='block_1_35' title="bbox 321 1950 1910 2028">
    <p class='ocr_par' dir='ltr' id='par_1_35' title="bbox 321 1950 1910 2028">
     <span class='ocr_line' id='line_1_35' title="bbox 321 1950 1910 2028; baseline 0.003 -25"><span class='ocrx_word' id='word_1_255' title='bbox 321 1950 506 2020; x_wconf 79' lang='grc' dir='ltr'>γμένα</span> <span class='ocrx_word' id='word_1_256' title='bbox 548 1953 663 2014; x_wconf 86' lang='grc' dir='ltr'>τοῖς</span> <span class='ocrx_word' id='word_1_257' title='bbox 687 1951 780 2005; x_wconf 84' lang='grc' dir='ltr'><strong>τοῦ</strong></span> <span class='ocrx_word' id='word_1_258' title='bbox 820 1951 945 2025; x_wconf 74' lang='grc' dir='ltr'>ᾅδου</span> <span class='ocrx_word' id='word_1_259' title='bbox 977 1956 1187 2025; x_wconf 83' lang='grc' dir='ltr'>μυχοῖς.</span> <span class='ocrx_word' id='word_1_260' title='bbox 1228 1954 1321 2018; x_wconf 87' lang='grc' dir='ltr'><strong>Εἰς</strong></span> <span class='ocrx_word' id='word_1_261' title='bbox 1353 1953 1512 2009; x_wconf 84' lang='grc' dir='ltr'>τοῦτο</span> <span class='ocrx_word' id='word_1_262' title='bbox 1540 1953 1650 2025; x_wconf 83' lang='grc' dir='ltr'><strong>γὰρ</strong></span> <span class='ocrx_word' id='word_1_263' title='bbox 1677 1953 1910 2028; x_wconf 80' lang='grc' dir='ltr'>Χριστὸς</span> 
     </span>
    </p>
   </div>
   <div class='ocr_carea' id='block_1_36' title="bbox 322 2041 1913 2119">
    <p class='ocr_par' dir='ltr' id='par_1_36' title="bbox 322 2041 1913 2119">
     <span class='ocr_line' id='line_1_36' title="bbox 322 2041 1913 2119; baseline 0.004 -25"><span class='ocrx_word' id='word_1_264' title='bbox 322 2041 563 2099; x_wconf 67' lang='grc' dir='ltr'>ἀπέθανε</span> <span class='ocrx_word' id='word_1_265' title='bbox 590 2043 684 2095; x_wconf 74' lang='grc' dir='ltr'>καὶ</span> <span class='ocrx_word' id='word_1_266' title='bbox 711 2042 927 2114; x_wconf 71' lang='grc' dir='ltr'>ἔζησεν,</span> <span class='ocrx_word' id='word_1_267' title='bbox 961 2045 1047 2098; x_wconf 75' lang='grc' dir='ltr'><strong>ἵνα</strong></span> <span class='ocrx_word' id='word_1_268' title='bbox 1074 2045 1170 2098; x_wconf 68' lang='grc' dir='ltr'><strong>καί⁵</strong></span> <span class='ocrx_word' id='word_1_269' title='bbox 1206 2046 1419 2119; x_wconf 81' lang='grc' dir='ltr'>νεκρῶν</span> <span class='ocrx_word' id='word_1_270' title='bbox 1449 2047 1543 2101; x_wconf 79' lang='grc' dir='ltr'>καὶ</span> <span class='ocrx_word' id='word_1_271' title='bbox 1572 2045 1789 2113; x_wconf 75' lang='grc' dir='ltr'>ζώντων</span> <span class='ocrx_word' id='word_1_272' title='bbox 1814 2063 1913 2100; x_wconf 63' lang='lat' dir='ltr'><strong>xw</strong></span> 
     </span>
    </p>
   </div>
   <div class='ocr_carea' id='block_1_37' title="bbox 328 2132 1911 2209">
    <p class='ocr_par' dir='ltr' id='par_1_37' title="bbox 328 2132 1911 2209">
     <span class='ocr_line' id='line_1_37' title="bbox 328 2132 1911 2209; baseline 0.006 -25"><span class='ocrx_word' id='word_1_273' title='bbox 328 2132 543 2207; x_wconf 76' lang='grc' dir='ltr'>ριεύσῃ.</span> <span class='ocrx_word' id='word_1_274' title='bbox 570 2134 682 2187; x_wconf 70' lang='grc' dir='ltr'><strong>Καὶ</strong></span> <span class='ocrx_word' id='word_1_275' title='bbox 706 2133 891 2206; x_wconf 82' lang='grc' dir='ltr'>Κῦρος</span> <span class='ocrx_word' id='word_1_276' title='bbox 922 2134 1023 2206; x_wconf 82' lang='grc' dir='ltr'>μὲν</span> <span class='ocrx_word' id='word_1_277' title='bbox 1063 2136 1231 2190; x_wconf 89' lang='grc' dir='ltr'>πάλαι</span> <span class='ocrx_word' id='word_1_278' title='bbox 1260 2138 1517 2209; x_wconf 86' lang='grc' dir='ltr'>χρήματα</span> <span class='ocrx_word' id='word_1_279' title='bbox 1544 2138 1667 2201; x_wconf 80' lang='grc' dir='ltr'>δοὺς</span> <span class='ocrx_word' id='word_1_280' title='bbox 1688 2179 1703 2205; x_wconf 92' lang='grc'><strong>,</strong></span> <span class='ocrx_word' id='word_1_281' title='bbox 1730 2137 1823 2192; x_wconf 80' lang='grc' dir='ltr'>τὸν</span> <span class='ocrx_word' id='word_1_282' title='bbox 1853 2139 1911 2194; x_wconf 84' lang='grc' dir='ltr'>ὲν</span> 
     </span>
    </p>
   </div>
   <div class='ocr_carea' id='block_1_38' title="bbox 334 2221 1911 2300">
    <p class='ocr_par' dir='ltr' id='par_1_38' title="bbox 334 2221 1911 2300">
     <span class='ocr_line' id='line_1_38' title="bbox 334 2221 1911 2300; baseline 0.004 -26"><span class='ocrx_word' id='word_1_283' title='bbox 334 2221 730 2293; x_wconf 83' lang='grc' dir='ltr'>Ἰεροσολύμοις</span> <span class='ocrx_word' id='word_1_284' title='bbox 759 2225 1125 2297; x_wconf 83' lang='grc' dir='ltr'>προστέταχεν</span> <span class='ocrx_word' id='word_1_285' title='bbox 1151 2227 1545 2300; x_wconf 78' lang='grc' dir='ltr'>ἀναδείμασθαι</span> <span class='ocrx_word' id='word_1_286' title='bbox 1568 2229 1715 2284; x_wconf 86' lang='grc' dir='ltr'>ναόν.</span> <span class='ocrx_word' id='word_1_287' title='bbox 1745 2227 1911 2281; x_wconf 86' lang='grc' dir='ltr'>Τεθε-</span> 
     </span>
    </p>
   </div>
   <div class='ocr_carea' id='block_1_39' title="bbox 330 2308 1912 2386">
    <p class='ocr_par' dir='ltr' id='par_1_39' title="bbox 330 2308 1912 2386">
     <span class='ocr_line' id='line_1_39' title="bbox 330 2308 1912 2386; baseline 0.006 -26"><span class='ocrx_word' id='word_1_288' title='bbox 330 2308 566 2380; x_wconf 84' lang='grc' dir='ltr'>μελίωκε</span> <span class='ocrx_word' id='word_1_289' title='bbox 588 2308 650 2362; x_wconf 85' lang='grc' dir='ltr'>δὲ</span> <span class='ocrx_word' id='word_1_290' title='bbox 676 2310 773 2381; x_wconf 77' lang='grc' dir='ltr'>τὴν</span> <span class='ocrx_word' id='word_1_291' title='bbox 809 2311 1133 2383; x_wconf 74' lang='grc' dir='ltr'>Ἐκκλησίαν</span> <span class='ocrx_word' id='word_1_292' title='bbox 1158 2315 1258 2386; x_wconf 77' lang='grc' dir='ltr'>τὴν</span> <span class='ocrx_word' id='word_1_293' title='bbox 1291 2314 1452 2384; x_wconf 82' lang='grc' dir='ltr'>ἁγίαν</span> <span class='ocrx_word' id='word_1_294' title='bbox 1477 2315 1645 2380; x_wconf 80' lang='grc' dir='ltr'>ὅντως</span> <span class='ocrx_word' id='word_1_295' title='bbox 1675 2315 1771 2370; x_wconf 70' lang='grc' dir='ltr'>καὶ</span> <span class='ocrx_word' id='word_1_296' title='bbox 1798 2316 1912 2370; x_wconf 63' lang='grc' dir='ltr'>διαφ</span> 
     </span>
    </p>
   </div>
   <div class='ocr_carea' id='block_1_40' title="bbox 325 2398 1914 2475">
    <p class='ocr_par' dir='ltr' id='par_1_40' title="bbox 325 2398 1914 2475">
     <span class='ocr_line' id='line_1_40' title="bbox 325 2398 1914 2475; baseline 0.004 -23"><span class='ocrx_word' id='word_1_297' title='bbox 325 2398 521 2468; x_wconf 74' lang='grc' dir='ltr'>δόητον</span> <span class='ocrx_word' id='word_1_298' title='bbox 544 2398 720 2466; x_wconf 86' lang='grc' dir='ltr'>πόλιν,</span> <span class='ocrx_word' id='word_1_299' title='bbox 746 2401 775 2453; x_wconf 87' lang='lat'><strong>6</strong></span> <span class='ocrx_word' id='word_1_300' title='bbox 812 2400 1181 2475; x_wconf 76' lang='grc' dir='ltr'>Ἐμμανουήλ,</span> <span class='ocrx_word' id='word_1_301' title='bbox 1215 2398 1306 2457; x_wconf 73' lang='grc' dir='ltr'>οἷά</span> <span class='ocrx_word' id='word_1_302' title='bbox 1330 2422 1452 2458; x_wconf 86' lang='grc' dir='ltr'>τινα</span> <span class='ocrx_word' id='word_1_303' title='bbox 1480 2403 1653 2458; x_wconf 73' lang='grc' dir='ltr'>Βαϐυ)</span> <span class='ocrx_word' id='word_1_304' title='bbox 1666 2404 1781 2459; x_wconf 92' lang='grc' dir='ltr'><strong>ῶνα</strong></span> <span class='ocrx_word' id='word_1_305' title='bbox 1813 2423 1914 2459; x_wconf 84' lang='grc' dir='ltr'>κα·-</span> 
     </span>
    </p>
   </div>
   <div class='ocr_carea' id='block_1_41' title="bbox 327 2491 1915 2570">
    <p class='ocr_par' dir='ltr' id='par_1_41' title="bbox 327 2491 1915 2570">
     <span class='ocr_line' id='line_1_41' title="bbox 327 2491 1915 2570; baseline 0.006 -28"><span class='ocrx_word' id='word_1_306' title='bbox 327 2491 584 2555; x_wconf 84' lang='grc' dir='ltr'>τασείσας</span> <span class='ocrx_word' id='word_1_307' title='bbox 615 2491 847 2545; x_wconf 79' lang='grc' dir='ltr'>εἰσάπαν</span> <span class='ocrx_word' id='word_1_308' title='bbox 878 2493 976 2567; x_wconf 84' lang='grc' dir='ltr'>τὴν</span> <span class='ocrx_word' id='word_1_309' title='bbox 1015 2492 1251 2559; x_wconf 78' lang='grc' dir='ltr'>ἀλαζόνα</span> <span class='ocrx_word' id='word_1_310' title='bbox 1292 2497 1386 2551; x_wconf 71' lang='grc' dir='ltr'>καὶ</span> <span class='ocrx_word' id='word_1_311' title='bbox 1413 2496 1731 2570; x_wconf 80' lang='grc' dir='ltr'>ὑϐρίστριαν</span> <span class='ocrx_word' id='word_1_312' title='bbox 1759 2498 1915 2552; x_wconf 79' lang='grc' dir='ltr'>εἰδω-</span> 
     </span>
    </p>
   </div>
   <div class='ocr_carea' id='block_1_42' title="bbox 329 2580 1911 2659">
    <p class='ocr_par' dir='ltr' id='par_1_42' title="bbox 329 2580 1911 2659">
     <span class='ocr_line' id='line_1_42' title="bbox 329 2580 1911 2659; baseline 0.004 -22"><span class='ocrx_word' id='word_1_313' title='bbox 329 2580 638 2656; x_wconf 74' lang='grc' dir='ltr'>λολατρίαν.</span> <span class='ocrx_word' id='word_1_314' title='bbox 668 2584 780 2637; x_wconf 71' lang='grc' dir='ltr'>Καὶ</span> <span class='ocrx_word' id='word_1_315' title='bbox 808 2585 938 2656; x_wconf 75' lang='grc' dir='ltr'>περὶ</span> <span class='ocrx_word' id='word_1_316' title='bbox 970 2584 1066 2655; x_wconf 82' lang='grc' dir='ltr'>μὲν</span> <span class='ocrx_word' id='word_1_317' title='bbox 1109 2586 1295 2659; x_wconf 79' lang='grc' dir='ltr'>Κύρου</span> <span class='ocrx_word' id='word_1_318' title='bbox 1324 2587 1478 2653; x_wconf 75' lang='grc' dir='ltr'>Θεὸς,</span> <span class='ocrx_word' id='word_1_319' title='bbox 1504 2588 1587 2642; x_wconf 84' lang='grc' dir='ltr'>ὅτι</span> <span class='ocrx_word' id='word_1_320' title='bbox 1626 2590 1815 2644; x_wconf 81' lang='grc' dir='ltr'>Πάντα</span> <span class='ocrx_word' id='word_1_321' title='bbox 1840 2589 1911 2644; x_wconf 81' lang='grc' dir='ltr'><strong>τὰ</strong></span> 
     </span>
    </p>
   </div>
   <div class='ocr_carea' id='block_1_43' title="bbox 328 2671 1913 2754">
    <p class='ocr_par' dir='ltr' id='par_1_43' title="bbox 328 2671 1913 2754">
     <span class='ocr_line' id='line_1_43' title="bbox 328 2671 1913 2754; baseline 0.006 -30"><span class='ocrx_word' id='word_1_322' title='bbox 328 2671 614 2754; x_wconf 72' lang='grc' dir='ltr'>θελήματά</span> <span class='ocrx_word' id='word_1_323' title='bbox 645 2689 748 2742; x_wconf 89' lang='grc' dir='ltr'><strong>μου</strong></span> <span class='ocrx_word' id='word_1_324' title='bbox 780 2675 1033 2744; x_wconf 85' lang='grc' dir='ltr'>ποιήσει,</span> <span class='ocrx_word' id='word_1_325' title='bbox 1067 2674 1220 2747; x_wconf 79' lang='grc' dir='ltr'>φησί.</span> <span class='ocrx_word' id='word_1_326' title='bbox 1252 2676 1695 2750; x_wconf 80' lang='grc' dir='ltr'>Προσπεφώνηκε</span> <span class='ocrx_word' id='word_1_327' title='bbox 1722 2679 1780 2734; x_wconf 86' lang='grc' dir='ltr'><strong>δέ</strong></span> <span class='ocrx_word' id='word_1_328' title='bbox 1810 2696 1913 2733; x_wconf 86' lang='grc' dir='ltr'><strong>που</strong></span> 
     </span>
    </p>
   </div>
   <div class='ocr_carea' id='block_1_44' title="bbox 328 2762 1914 2833">
    <p class='ocr_par' dir='ltr' id='par_1_44' title="bbox 328 2762 1914 2833">
     <span class='ocr_line' id='line_1_44' title="bbox 328 2762 1914 2833; baseline 0.007 -20"><span class='ocrx_word' id='word_1_329' title='bbox 328 2762 422 2813; x_wconf 71' lang='grc' dir='ltr'><strong>καὶ</strong></span> <span class='ocrx_word' id='word_1_330' title='bbox 451 2765 562 2826; x_wconf 80' lang='grc' dir='ltr'>τοῖς</span> <span class='ocrx_word' id='word_1_331' title='bbox 600 2763 870 2816; x_wconf 81' lang='grc' dir='ltr'>Ἰουδαίων</span> <span class='ocrx_word' id='word_1_332' title='bbox 894 2763 1043 2828; x_wconf 86' lang='grc' dir='ltr'>λαοῖς</span> <span class='ocrx_word' id='word_1_333' title='bbox 1071 2765 1441 2833; x_wconf 80' lang='grc' dir='ltr'>ὲξουθενοῦσιν</span> <span class='ocrx_word' id='word_1_334' title='bbox 1461 2769 1624 2823; x_wconf 86' lang='grc' dir='ltr'>αὐτὸν</span> <span class='ocrx_word' id='word_1_335' title='bbox 1646 2769 1674 2821; x_wconf 98' lang='lat'><strong>6</strong></span> <span class='ocrx_word' id='word_1_336' title='bbox 1698 2769 1914 2830; x_wconf 84' lang='grc' dir='ltr'>πάντων</span> 
     </span>
    </p>
   </div>
   <div class='ocr_carea' id='block_1_45' title="bbox 328 2851 1916 2930">
    <p class='ocr_par' dir='ltr' id='par_1_45' title="bbox 328 2851 1916 2930">
     <span class='ocr_line' id='line_1_45' title="bbox 328 2851 1916 2930; baseline 0.004 -24"><span class='ocrx_word' id='word_1_337' title='bbox 328 2851 487 2924; x_wconf 78' lang='grc' dir='ltr'>ήμῶν</span> <span class='ocrx_word' id='word_1_338' title='bbox 502 2854 719 2926; x_wconf 73' lang='grc' dir='ltr'>Σωτήρσ</span> <span class='ocrx_word' id='word_1_339' title='bbox 745 2873 763 2906; x_wconf 80' lang='grc' dir='ltr'><strong>ι</strong></span> <span class='ocrx_word' id='word_1_340' title='bbox 804 2853 993 2926; x_wconf 81' lang='grc' dir='ltr'>Ὑμεῖς</span> <span class='ocrx_word' id='word_1_341' title='bbox 1010 2857 1151 2913; x_wconf 83' lang='grc' dir='ltr'>κατὰ</span> <span class='ocrx_word' id='word_1_342' title='bbox 1174 2857 1274 2929; x_wconf 76' lang='grc' dir='ltr'>τὴν</span> <span class='ocrx_word' id='word_1_343' title='bbox 1298 2857 1478 2930; x_wconf 82' lang='grc' dir='ltr'>σάρκα</span> <span class='ocrx_word' id='word_1_344' title='bbox 1503 2856 1736 2929; x_wconf 81' lang='grc' dir='ltr'>κρίνετε.</span> <span class='ocrx_word' id='word_1_345' title='bbox 1757 2877 1777 2911; x_wconf 72' lang='grc' dir='ltr'><strong>ι</strong></span> <span class='ocrx_word' id='word_1_346' title='bbox 1806 2860 1916 2912; x_wconf 74' lang='grc' dir='ltr'><strong>Καὶ</strong></span> 
     </span>
    </p>
   </div>
   <div class='ocr_carea' id='block_1_46' title="bbox 329 2943 1969 3025">
    <p class='ocr_par' dir='ltr' id='par_1_46' title="bbox 329 2943 1969 3025">
     <span class='ocr_line' id='line_1_46' title="bbox 329 2943 1969 3025; baseline 0.002 -27"><span class='ocrx_word' id='word_1_347' title='bbox 329 2943 560 3017; x_wconf 67' lang='grc' dir='ltr'>ἑτέρωθί</span> <span class='ocrx_word' id='word_1_348' title='bbox 587 2963 716 3012; x_wconf 88' lang='grc' dir='ltr'>που,</span> <span class='ocrx_word' id='word_1_349' title='bbox 762 2965 782 2999; x_wconf 76' lang='grc' dir='ltr'><strong>ι</strong></span> <span class='ocrx_word' id='word_1_350' title='bbox 818 2946 931 3005; x_wconf 71' lang='grc' dir='ltr'><strong>Καὶ</strong></span> <span class='ocrx_word' id='word_1_351' title='bbox 960 2947 1056 3004; x_wconf 73' lang='grc' dir='ltr'><strong>ἐὰν</strong></span> <span class='ocrx_word' id='word_1_352' title='bbox 1089 2948 1261 3020; x_wconf 87' lang='grc' dir='ltr'>κρίνω</span> <span class='ocrx_word' id='word_1_353' title='bbox 1298 2948 1429 3018; x_wconf 72' lang='grc' dir='ltr'><strong>ἐγὼ,</strong></span> <span class='ocrx_word' id='word_1_354' title='bbox 1459 2951 1493 3025; x_wconf 75' lang='grc' dir='ltr'>ὴ</span> <span class='ocrx_word' id='word_1_355' title='bbox 1521 2948 1700 3023; x_wconf 87' lang='grc' dir='ltr'>κρίσις</span> <span class='ocrx_word' id='word_1_356' title='bbox 1740 2950 1773 3022; x_wconf 79' lang='grc' dir='ltr'><strong>ἡ</strong></span> <span class='ocrx_word' id='word_1_357' title='bbox 1808 2950 1916 3022; x_wconf 76' lang='grc' dir='ltr'><strong>ἐμὴ</strong></span> <span class='ocrx_word' id='word_1_358' title='bbox 1960 2968 1969 2973; x_wconf 74' lang='lat'><strong><em>‘</em></strong></span> 
     </span>
    </p>
   </div>
   <div class='ocr_carea' id='block_1_47' title="bbox 331 3035 1920 3114">
    <p class='ocr_par' dir='ltr' id='par_1_47' title="bbox 331 3035 1920 3114">
     <span class='ocr_line' id='line_1_47' title="bbox 331 3035 1920 3114; baseline 0.004 -26"><span class='ocrx_word' id='word_1_359' title='bbox 331 3035 559 3107; x_wconf 79' lang='grc' dir='ltr'>ἀληθινή</span> <span class='ocrx_word' id='word_1_360' title='bbox 595 3039 744 3092; x_wconf 71' lang='grc' dir='ltr'>ἐστιν</span> <span class='ocrx_word' id='word_1_361' title='bbox 764 3055 778 3069; x_wconf 75' lang='grc'><strong><em>⁸</em></strong></span> <span class='ocrx_word' id='word_1_362' title='bbox 815 3038 897 3092; x_wconf 83' lang='grc' dir='ltr'><strong>δτι</strong></span> <span class='ocrx_word' id='word_1_363' title='bbox 920 3038 980 3092; x_wconf 82' lang='grc' dir='ltr'><strong>ού</strong></span> <span class='ocrx_word' id='word_1_364' title='bbox 1006 3038 1155 3113; x_wconf 81' lang='grc' dir='ltr'>ζητῶ</span> <span class='ocrx_word' id='word_1_365' title='bbox 1178 3039 1240 3095; x_wconf 83' lang='grc' dir='ltr'>τὸ</span> <span class='ocrx_word' id='word_1_366' title='bbox 1275 3040 1486 3114; x_wconf 84' lang='grc' dir='ltr'>θέλημα</span> <span class='ocrx_word' id='word_1_367' title='bbox 1514 3042 1577 3095; x_wconf 84' lang='grc' dir='ltr'><strong>τδ</strong></span> <span class='ocrx_word' id='word_1_368' title='bbox 1601 3041 1753 3112; x_wconf 80' lang='grc' dir='ltr'>ἐμὸν,</span> <span class='ocrx_word' id='word_1_369' title='bbox 1781 3040 1920 3096; x_wconf 85' lang='grc' dir='ltr'>ἀλλὰ</span> 
     </span>
    </p>
   </div>
   <div class='ocr_carea' id='block_1_48' title="bbox 327 3096 1992 3207">
    <p class='ocr_par' dir='ltr' id='par_1_48' title="bbox 327 3096 1992 3207">
     <span class='ocr_line' id='line_1_48' title="bbox 327 3096 1992 3207; baseline 0.005 -27"><span class='ocrx_word' id='word_1_370' title='bbox 327 3125 394 3180; x_wconf 70' lang='grc' dir='ltr'><strong>τὸ</strong></span> <span class='ocrx_word' id='word_1_371' title='bbox 413 3096 627 3199; x_wconf 65' lang='grc' dir='ltr'>θέλημα</span> <span class='ocrx_word' id='word_1_372' title='bbox 643 3128 740 3183; x_wconf 89' lang='grc' dir='ltr'><strong>τοῦ</strong></span> <span class='ocrx_word' id='word_1_373' title='bbox 763 3096 1077 3201; x_wconf 64' lang='grc' dir='ltr'>πέμψαντός</span> <span class='ocrx_word' id='word_1_374' title='bbox 1100 3149 1166 3203; x_wconf 86' lang='grc' dir='ltr'><strong>με</strong></span> <span class='ocrx_word' id='word_1_375' title='bbox 1187 3096 1423 3205; x_wconf 48' lang='grc' dir='ltr'>Πατρόςῖ</span> <span class='ocrx_word' id='word_1_376' title='bbox 1451 3151 1470 3185; x_wconf 74' lang='grc' dir='ltr'><strong>ι</strong></span> <span class='ocrx_word' id='word_1_377' title='bbox 1502 3134 1612 3189; x_wconf 72' lang='grc' dir='ltr'><strong>Καὶ</strong></span> <span class='ocrx_word' id='word_1_378' title='bbox 1630 3096 1797 3207; x_wconf 60' lang='lat' dir='ltr'><strong>liti</strong></span> <span class='ocrx_word' id='word_1_379' title='bbox 1821 3133 1919 3205; x_wconf 84' lang='grc' dir='ltr'>μὲν</span> <span class='ocrx_word' id='word_1_380' title='bbox 1946 3096 1992 3160; x_wconf 78' lang='lat' dir='ltr'><strong><em>C</em></strong></span> 
     </span>
    </p>
   </div>
   <div class='ocr_carea' id='block_1_49' title="bbox 331 3217 1922 3298">
    <p class='ocr_par' dir='ltr' id='par_1_49' title="bbox 331 3217 1922 3298">
     <span class='ocr_line' id='line_1_49' title="bbox 331 3217 1922 3298; baseline 0.005 -28"><span class='ocrx_word' id='word_1_381' title='bbox 331 3217 436 3289; x_wconf 74' lang='grc' dir='ltr'><strong>εφη</strong></span> <span class='ocrx_word' id='word_1_382' title='bbox 464 3219 620 3285; x_wconf 70' lang='grc' dir='ltr'><strong>Θεός⁵</strong></span> <span class='ocrx_word' id='word_1_383' title='bbox 658 3237 678 3271; x_wconf 73' lang='grc' dir='ltr'><strong>ι</strong></span> <span class='ocrx_word' id='word_1_384' title='bbox 724 3221 995 3276; x_wconf 84' lang='grc' dir='ltr'>Ἐκάλεσᾶ</span> <span class='ocrx_word' id='word_1_385' title='bbox 1022 3239 1084 3277; x_wconf 84' lang='grc' dir='ltr'><strong>σε</strong></span> <span class='ocrx_word' id='word_1_386' title='bbox 1109 3222 1188 3295; x_wconf 84' lang='grc' dir='ltr'><strong>τῷ</strong></span> <span class='ocrx_word' id='word_1_387' title='bbox 1213 3223 1440 3296; x_wconf 84' lang='grc' dir='ltr'>ὀνόματί</span> <span class='ocrx_word' id='word_1_388' title='bbox 1487 3242 1610 3296; x_wconf 89' lang='grc' dir='ltr'>μου.</span> <span class='ocrx_word' id='word_1_389' title='bbox 1646 3243 1667 3277; x_wconf 69' lang='grc' dir='ltr'><strong>ι</strong></span> <span class='ocrx_word' id='word_1_390' title='bbox 1716 3225 1922 3298; x_wconf 82' lang='grc' dir='ltr'>Κύριος</span> 
     </span>
    </p>
   </div>
   <div class='ocr_carea' id='block_1_50' title="bbox 330 3310 1920 3388">
    <p class='ocr_par' dir='ltr' id='par_1_50' title="bbox 330 3310 1920 3388">
     <span class='ocr_line' id='line_1_50' title="bbox 330 3310 1920 3388; baseline 0.005 -24"><span class='ocrx_word' id='word_1_391' title='bbox 330 3310 391 3364; x_wconf 65' lang='grc' dir='ltr'>δὲ</span> <span class='ocrx_word' id='word_1_392' title='bbox 416 3311 636 3381; x_wconf 81' lang='grc' dir='ltr'>ἀληθῶς</span> <span class='ocrx_word' id='word_1_393' title='bbox 661 3313 692 3366; x_wconf 89' lang='lat'><strong>6</strong></span> <span class='ocrx_word' id='word_1_394' title='bbox 736 3312 1106 3386; x_wconf 74' lang='grc' dir='ltr'>Ἐμμανουήλ,</span> <span class='ocrx_word' id='word_1_395' title='bbox 1141 3318 1189 3369; x_wconf 88' lang='grc' dir='ltr'><strong>εἰ</strong></span> <span class='ocrx_word' id='word_1_396' title='bbox 1221 3316 1315 3370; x_wconf 78' lang='grc' dir='ltr'>καὶ</span> <span class='ocrx_word' id='word_1_397' title='bbox 1346 3315 1586 3388; x_wconf 79' lang='grc' dir='ltr'>πέφηνεν</span> <span class='ocrx_word' id='word_1_398' title='bbox 1614 3315 1920 3388; x_wconf 77' lang='grc' dir='ltr'>ἄνθρωπος.</span> 
     </span>
    </p>
   </div>
   <div class='ocr_carea' id='block_1_51' title="bbox 335 3398 1924 3477">
    <p class='ocr_par' dir='ltr' id='par_1_51' title="bbox 335 3398 1924 3477">
     <span class='ocr_line' id='line_1_51' title="bbox 335 3398 1924 3477; baseline 0.004 -23"><span class='ocrx_word' id='word_1_399' title='bbox 335 3398 459 3455; x_wconf 83' lang='grc' dir='ltr'>Ὅτι</span> <span class='ocrx_word' id='word_1_400' title='bbox 484 3402 545 3455; x_wconf 73' lang='grc' dir='ltr'>δὲ</span> <span class='ocrx_word' id='word_1_401' title='bbox 577 3404 659 3466; x_wconf 89' lang='grc' dir='ltr'><strong>εἰς</strong></span> <span class='ocrx_word' id='word_1_402' title='bbox 694 3400 865 3457; x_wconf 81' lang='grc' dir='ltr'>τύπον</span> <span class='ocrx_word' id='word_1_403' title='bbox 913 3404 1153 3476; x_wconf 79' lang='grc' dir='ltr'>Χριστοῦ</span> <span class='ocrx_word' id='word_1_404' title='bbox 1190 3405 1288 3476; x_wconf 79' lang='grc' dir='ltr'>τῆς</span> <span class='ocrx_word' id='word_1_405' title='bbox 1330 3405 1489 3475; x_wconf 81' lang='grc' dir='ltr'>δόξης</span> <span class='ocrx_word' id='word_1_406' title='bbox 1520 3406 1588 3459; x_wconf 83' lang='grc' dir='ltr'><strong>τὰ</strong></span> <span class='ocrx_word' id='word_1_407' title='bbox 1626 3407 1720 3459; x_wconf 77' lang='grc' dir='ltr'><strong>ἐπὶ</strong></span> <span class='ocrx_word' id='word_1_408' title='bbox 1756 3406 1924 3477; x_wconf 81' lang='grc' dir='ltr'>Κύρῳ</span> 
     </span>
    </p>
   </div>
   <div class='ocr_carea' id='block_1_52' title="bbox 334 3491 1926 3569">
    <p class='ocr_par' dir='ltr' id='par_1_52' title="bbox 334 3491 1926 3569">
     <span class='ocr_line' id='line_1_52' title="bbox 334 3491 1926 3569; baseline 0.006 -23"><span class='ocrx_word' id='word_1_409' title='bbox 334 3491 572 3547; x_wconf 65' lang='grc' dir='ltr'>τέθειται</span> <span class='ocrx_word' id='word_1_410' title='bbox 594 3532 610 3558; x_wconf 92' lang='grc'><strong>,</strong></span> <span class='ocrx_word' id='word_1_411' title='bbox 640 3494 1051 3566; x_wconf 79' lang='grc' dir='ltr'>πληροφορήσει</span> <span class='ocrx_word' id='word_1_412' title='bbox 1077 3495 1265 3566; x_wconf 81' lang='grc' dir='ltr'>σαφῶς</span> <span class='ocrx_word' id='word_1_413' title='bbox 1293 3496 1361 3551; x_wconf 86' lang='grc' dir='ltr'><strong>τὰ</strong></span> <span class='ocrx_word' id='word_1_414' title='bbox 1389 3495 1515 3569; x_wconf 79' lang='grc' dir='ltr'><strong>ἑξῆς</strong></span> <span class='ocrx_word' id='word_1_415' title='bbox 1542 3496 1806 3569; x_wconf 77' lang='grc' dir='ltr'>εἰρημένα</span> <span class='ocrx_word' id='word_1_416' title='bbox 1837 3495 1926 3555; x_wconf 80' lang='grc' dir='ltr'>διὰ</span> 
     </span>
    </p>
   </div>
   <div class='ocr_carea' id='block_1_53' title="bbox 335 3581 1926 3659">
    <p class='ocr_par' dir='ltr' id='par_1_53' title="bbox 335 3581 1926 3659">
     <span class='ocr_line' id='line_1_53' title="bbox 335 3581 1926 3659; baseline 0.004 -25"><span class='ocrx_word' id='word_1_417' title='bbox 335 3581 433 3652; x_wconf 80' lang='grc' dir='ltr'>τῆς</span> <span class='ocrx_word' id='word_1_418' title='bbox 462 3581 559 3635; x_wconf 84' lang='grc' dir='ltr'><strong>τοῦ</strong></span> <span class='ocrx_word' id='word_1_419' title='bbox 604 3586 884 3653; x_wconf 79' lang='grc' dir='ltr'>προφήτου</span> <span class='ocrx_word' id='word_1_420' title='bbox 919 3586 1123 3656; x_wconf 82' lang='grc' dir='ltr'>φωνῆς·</span> <span class='ocrx_word' id='word_1_421' title='bbox 1158 3605 1178 3639; x_wconf 74' lang='grc' dir='ltr'><strong>ι</strong></span> <span class='ocrx_word' id='word_1_422' title='bbox 1239 3584 1381 3656; x_wconf 79' lang='grc' dir='ltr'><strong>Ἐγὼ</strong></span> <span class='ocrx_word' id='word_1_423' title='bbox 1417 3587 1649 3658; x_wconf 74' lang='grc' dir='ltr'>ἐποίησα</span> <span class='ocrx_word' id='word_1_424' title='bbox 1690 3588 1794 3659; x_wconf 77' lang='grc' dir='ltr'><strong>γῆν</strong></span> <span class='ocrx_word' id='word_1_425' title='bbox 1829 3586 1926 3643; x_wconf 74' lang='grc' dir='ltr'>καὶ</span> 
     </span>
    </p>
   </div>
   <div class='ocr_carea' id='block_1_54' title="bbox 338 3673 1927 3753">
    <p class='ocr_par' dir='ltr' id='par_1_54' title="bbox 338 3673 1927 3753">
     <span class='ocr_line' id='line_1_54' title="bbox 338 3673 1927 3753; baseline 0.006 -27"><span class='ocrx_word' id='word_1_426' title='bbox 338 3673 627 3746; x_wconf 67' lang='grc' dir='ltr'>ανθρωπον</span> <span class='ocrx_word' id='word_1_427' title='bbox 656 3675 745 3728; x_wconf 76' lang='grc' dir='ltr'><strong>ἐπ’</strong></span> <span class='ocrx_word' id='word_1_428' title='bbox 773 3676 965 3747; x_wconf 81' lang='grc' dir='ltr'>αὐτῆς.</span> <span class='ocrx_word' id='word_1_429' title='bbox 1022 3675 1164 3747; x_wconf 83' lang='grc' dir='ltr'><strong>Ἐγὼ</strong></span> <span class='ocrx_word' id='word_1_430' title='bbox 1203 3680 1269 3750; x_wconf 80' lang='grc' dir='ltr'><strong>τῇ</strong></span> <span class='ocrx_word' id='word_1_431' title='bbox 1302 3678 1447 3751; x_wconf 87' lang='grc' dir='ltr'>χειρί</span> <span class='ocrx_word' id='word_1_432' title='bbox 1485 3696 1585 3750; x_wconf 89' lang='grc' dir='ltr'><strong>μου</strong></span> <span class='ocrx_word' id='word_1_433' title='bbox 1620 3679 1927 3753; x_wconf 85' lang='grc' dir='ltr'>ὲστερέωσα</span> 
     </span>
    </p>
   </div>
   <div class='ocr_carea' id='block_1_55' title="bbox 336 3764 1928 3842">
    <p class='ocr_par' dir='ltr' id='par_1_55' title="bbox 336 3764 1928 3842">
     <span class='ocr_line' id='line_1_55' title="bbox 336 3764 1928 3842; baseline 0.004 -23"><span class='ocrx_word' id='word_1_434' title='bbox 336 3764 425 3819; x_wconf 74' lang='grc' dir='ltr'>τὸν</span> <span class='ocrx_word' id='word_1_435' title='bbox 442 3765 698 3836; x_wconf 63' lang='grc' dir='ltr'>οὐρανὸν,</span> <span class='ocrx_word' id='word_1_436' title='bbox 722 3767 817 3819; x_wconf 73' lang='grc' dir='ltr'>καὶ</span> <span class='ocrx_word' id='word_1_437' title='bbox 836 3769 970 3821; x_wconf 75' lang='grc' dir='ltr'>πᾶσι</span> <span class='ocrx_word' id='word_1_438' title='bbox 992 3770 1105 3832; x_wconf 83' lang='grc' dir='ltr'>τοῖς</span> <span class='ocrx_word' id='word_1_439' title='bbox 1126 3768 1349 3841; x_wconf 77' lang='grc' dir='ltr'>ἄστροις</span> <span class='ocrx_word' id='word_1_440' title='bbox 1370 3769 1751 3842; x_wconf 84' lang='grc' dir='ltr'>άνετειλάμην.</span> <span class='ocrx_word' id='word_1_441' title='bbox 1786 3769 1928 3841; x_wconf 81' lang='grc' dir='ltr'><strong>Ἐγὼ</strong></span> 
     </span>
    </p>
   </div>
   <div class='ocr_carea' id='block_1_56' title="bbox 337 3854 1930 3933">
    <p class='ocr_par' dir='ltr' id='par_1_56' title="bbox 337 3854 1930 3933">
     <span class='ocr_line' id='line_1_56' title="bbox 337 3854 1930 3933; baseline 0.005 -25"><span class='ocrx_word' id='word_1_442' title='bbox 337 3855 538 3933; x_wconf 71' lang='grc' dir='ltr'>ήγειρα</span> <span class='ocrx_word' id='word_1_443' title='bbox 565 3858 731 3911; x_wconf 82' lang='grc' dir='ltr'>αὑτὸν</span> <span class='ocrx_word' id='word_1_444' title='bbox 768 3858 910 3913; x_wconf 78' lang='grc' dir='ltr'>κατὰ</span> <span class='ocrx_word' id='word_1_445' title='bbox 946 3858 1317 3931; x_wconf 83' lang='grc' dir='ltr'>δικαιοσύνην,</span> <span class='ocrx_word' id='word_1_446' title='bbox 1373 3862 1467 3917; x_wconf 72' lang='grc' dir='ltr'><strong>καί⁸</strong></span> <span class='ocrx_word' id='word_1_447' title='bbox 1496 3854 1670 3916; x_wconf 77' lang='grc' dir='ltr'>πᾶσαι</span> <span class='ocrx_word' id='word_1_448' title='bbox 1716 3862 1776 3916; x_wconf 86' lang='grc' dir='ltr'><strong>αἰ</strong></span> <span class='ocrx_word' id='word_1_449' title='bbox 1817 3861 1930 3919; x_wconf 71' lang='grc' dir='ltr'>ὁδοὶ</span> 
     </span>
    </p>
   </div>
   <div class='ocr_carea' id='block_1_57' title="bbox 342 3942 1925 4024">
    <p class='ocr_par' dir='ltr' id='par_1_57' title="bbox 342 3942 1925 4024">
     <span class='ocr_line' id='line_1_57' title="bbox 342 3942 1925 4024; baseline 0.003 -22"><span class='ocrx_word' id='word_1_450' title='bbox 342 3948 508 4003; x_wconf 79' lang='grc' dir='ltr'>αὐτοῦ</span> <span class='ocrx_word' id='word_1_451' title='bbox 552 3948 784 4005; x_wconf 77' lang='grc' dir='ltr'>εὐθεῖαι.</span> <span class='ocrx_word' id='word_1_452' title='bbox 842 3942 1010 4016; x_wconf 73' lang='grc' dir='ltr'>Οὗτος</span> <span class='ocrx_word' id='word_1_453' title='bbox 1064 3951 1411 4023; x_wconf 75' lang='grc' dir='ltr'>οἰκοδομήσει</span> <span class='ocrx_word' id='word_1_454' title='bbox 1438 3951 1537 4024; x_wconf 81' lang='grc' dir='ltr'>τὴν</span> <span class='ocrx_word' id='word_1_455' title='bbox 1583 3952 1739 4006; x_wconf 86' lang='grc' dir='ltr'>πόλιν</span> <span class='ocrx_word' id='word_1_456' title='bbox 1784 3970 1886 4024; x_wconf 88' lang='grc' dir='ltr'><strong>μου</strong></span> <span class='ocrx_word' id='word_1_457' title='bbox 1908 3993 1925 4023; x_wconf 87' lang='grc'><strong>,</strong></span> 
     </span>
    </p>
   </div>
   <div class='ocr_carea' id='block_1_58' title="bbox 344 4039 1927 4114">
    <p class='ocr_par' dir='ltr' id='par_1_58' title="bbox 344 4039 1927 4114">
     <span class='ocr_line' id='line_1_58' title="bbox 344 4039 1927 4114; baseline 0.003 -22"><span class='ocrx_word' id='word_1_458' title='bbox 344 4039 434 4092; x_wconf 75' lang='grc' dir='ltr'><strong>καί</strong></span> <span class='ocrx_word' id='word_1_459' title='bbox 483 4039 587 4111; x_wconf 77' lang='grc' dir='ltr'><strong>τὴν</strong></span> <span class='ocrx_word' id='word_1_460' title='bbox 651 4040 1032 4111; x_wconf 84' lang='grc' dir='ltr'>αἰχμαλωσίαν</span> <span class='ocrx_word' id='word_1_461' title='bbox 1090 4040 1185 4095; x_wconf 79' lang='grc' dir='ltr'><strong>τοῦ</strong></span> <span class='ocrx_word' id='word_1_462' title='bbox 1233 4042 1364 4095; x_wconf 89' lang='grc' dir='ltr'>λαοῦ</span> <span class='ocrx_word' id='word_1_463' title='bbox 1414 4058 1516 4113; x_wconf 91' lang='grc' dir='ltr'><strong>μου</strong></span> <span class='ocrx_word' id='word_1_464' title='bbox 1573 4044 1927 4114; x_wconf 65' lang='grc' dir='ltr'>ἐπιστρέψει,</span> 
     </span>
    </p>
   </div>
   <div class='ocr_carea' id='block_1_59' title="bbox 344 4126 1931 4204">
    <p class='ocr_par' dir='ltr' id='par_1_59' title="bbox 344 4126 1931 4204">
     <span class='ocr_line' id='line_1_59' title="bbox 344 4126 1931 4204; baseline 0.003 -24"><span class='ocrx_word' id='word_1_465' title='bbox 344 4128 404 4180; x_wconf 79' lang='grc' dir='ltr'><strong>οῦ</strong></span> <span class='ocrx_word' id='word_1_466' title='bbox 460 4128 603 4198; x_wconf 71' lang='grc' dir='ltr'>μετὰ</span> <span class='ocrx_word' id='word_1_467' title='bbox 658 4129 893 4202; x_wconf 85' lang='grc' dir='ltr'>λύτρων,</span> <span class='ocrx_word' id='word_1_468' title='bbox 942 4130 1066 4184; x_wconf 71' lang='grc' dir='ltr'>οὐδὲ</span> <span class='ocrx_word' id='word_1_469' title='bbox 1128 4131 1266 4201; x_wconf 82' lang='grc' dir='ltr'>μετά</span> <span class='ocrx_word' id='word_1_470' title='bbox 1316 4129 1521 4202; x_wconf 87' lang='grc' dir='ltr'>δώρων,</span> <span class='ocrx_word' id='word_1_471' title='bbox 1570 4126 1691 4184; x_wconf 78' lang='grc' dir='ltr'>εἷπε</span> <span class='ocrx_word' id='word_1_472' title='bbox 1726 4131 1931 4204; x_wconf 82' lang='grc' dir='ltr'>Κύριος</span> 
     </span>
    </p>
   </div>
   <div class='ocr_carea' id='block_1_60' title="bbox 348 4218 1934 4293">
    <p class='ocr_par' dir='ltr' id='par_1_60' title="bbox 348 4218 1934 4293">
     <span class='ocr_line' id='line_1_60' title="bbox 348 4218 1934 4293; baseline 0.003 -21"><span class='ocrx_word' id='word_1_473' title='bbox 348 4218 595 4279; x_wconf 73' lang='grc' dir='ltr'>Σαϐαὼθ.</span> <span class='ocrx_word' id='word_1_474' title='bbox 653 4220 840 4285; x_wconf 80' lang='grc' dir='ltr'>οὕτως</span> <span class='ocrx_word' id='word_1_475' title='bbox 905 4221 1058 4290; x_wconf 85' lang='grc' dir='ltr'>λέγει</span> <span class='ocrx_word' id='word_1_476' title='bbox 1107 4221 1345 4293; x_wconf 78' lang='grc' dir='ltr'>Κύριοςο</span> <span class='ocrx_word' id='word_1_477' title='bbox 1389 4220 1710 4277; x_wconf 86' lang='grc' dir='ltr'>Ἐκοπίασεν</span> <span class='ocrx_word' id='word_1_478' title='bbox 1768 4223 1934 4292; x_wconf 78' lang='grc' dir='ltr'>Δίγυ-</span> 
     </span>
    </p>
   </div>
   <div class='ocr_carea' id='block_1_61' title="bbox 350 4311 1932 4386">
    <p class='ocr_par' dir='ltr' id='par_1_61' title="bbox 350 4311 1932 4386">
     <span class='ocr_line' id='line_1_61' title="bbox 350 4311 1932 4386; baseline 0.004 -22"><span class='ocrx_word' id='word_1_479' title='bbox 350 4322 502 4375; x_wconf 74' lang='grc' dir='ltr'>πτυς,</span> <span class='ocrx_word' id='word_1_480' title='bbox 545 4313 646 4365; x_wconf 71' lang='grc' dir='ltr'>καὶ</span> <span class='ocrx_word' id='word_1_481' title='bbox 684 4312 946 4384; x_wconf 75' lang='grc' dir='ltr'>ἐμπορίαι</span> <span class='ocrx_word' id='word_1_482' title='bbox 992 4311 1289 4378; x_wconf 71' lang='grc' dir='ltr'>Αἰθιόπων,</span> <span class='ocrx_word' id='word_1_483' title='bbox 1324 4313 1420 4368; x_wconf 76' lang='grc' dir='ltr'>καὶ</span> <span class='ocrx_word' id='word_1_484' title='bbox 1457 4314 1507 4368; x_wconf 87' lang='grc' dir='ltr'><strong>οἰ</strong></span> <span class='ocrx_word' id='word_1_485' title='bbox 1559 4313 1802 4386; x_wconf 77' lang='grc' dir='ltr'>Σαὸαείμ</span> <span class='ocrx_word' id='word_1_486' title='bbox 1835 4314 1932 4370; x_wconf 66' lang='grc' dir='ltr'><strong>ἄνη-</strong></span> 
     </span>
    </p>
   </div>
   <div class='ocr_carea' id='block_1_62' title="bbox 2009 1861 3588 1939">
    <p class='ocr_par' dir='ltr' id='par_1_62' title="bbox 2009 1861 3588 1939">
     <span class='ocr_line' id='line_1_62' title="bbox 2009 1861 3588 1939; baseline -0.003 -20"><span class='ocrx_word' id='word_1_487' title='bbox 2009 1862 2283 1939; x_wconf 82' lang='lat' dir='ltr'><strong>gationem</strong></span> <span class='ocrx_word' id='word_1_488' title='bbox 2308 1862 2445 1930; x_wconf 56' lang='lat' dir='ltr'><strong>hate,</strong></span> <span class='ocrx_word' id='word_1_489' title='bbox 2477 1862 2891 1920; x_wconf 88' lang='lat' dir='ltr'><strong>demonstrante</strong></span> <span class='ocrx_word' id='word_1_490' title='bbox 2932 1861 3197 1918; x_wconf 89' lang='lat' dir='ltr'><strong>nimirum</strong></span> <span class='ocrx_word' id='word_1_491' title='bbox 3232 1874 3484 1916; x_wconf 88' lang='lat' dir='ltr'><strong>sermone</strong></span> <span class='ocrx_word' id='word_1_492' title='bbox 3520 1874 3588 1915; x_wconf 87' lang='lat' dir='ltr'><strong>ea</strong></span> 
     </span>
    </p>
   </div>
   <div class='ocr_carea' id='block_1_63' title="bbox 2009 1950 3589 2029">
    <p class='ocr_par' dir='ltr' id='par_1_63' title="bbox 2009 1950 3589 2029">
     <span class='ocr_line' id='line_1_63' title="bbox 2009 1950 3589 2029; baseline 0 -24"><span class='ocrx_word' id='word_1_493' title='bbox 2009 1965 2133 2022; x_wconf 85' lang='lat' dir='ltr'><strong>quae</strong></span> <span class='ocrx_word' id='word_1_494' title='bbox 2152 1967 2252 2023; x_wconf 90' lang='lat' dir='ltr'><strong>per</strong></span> <span class='ocrx_word' id='word_1_495' title='bbox 2270 1951 2549 2009; x_wconf 88' lang='lat' dir='ltr'><strong>Christum</strong></span> <span class='ocrx_word' id='word_1_496' title='bbox 2575 1954 2631 2008; x_wconf 94' lang='lat' dir='ltr'><strong>in</strong></span> <span class='ocrx_word' id='word_1_497' title='bbox 2660 1953 2795 2029; x_wconf 86' lang='lat' dir='ltr'><strong>ipsis</strong></span> <span class='ocrx_word' id='word_1_498' title='bbox 2818 1952 3019 2008; x_wconf 82' lang='lat' dir='ltr'><strong>inferni</strong></span> <span class='ocrx_word' id='word_1_499' title='bbox 3051 1950 3428 2023; x_wconf 85' lang='lat' dir='ltr'><strong>penetralibus</strong></span> <span class='ocrx_word' id='word_1_500' title='bbox 3451 1965 3589 2021; x_wconf 74' lang='lat' dir='ltr'><strong>prte-</strong></span> 
     </span>
    </p>
   </div>
   <div class='ocr_carea' id='block_1_64' title="bbox 2011 2040 3689 2114">
    <p class='ocr_par' dir='ltr' id='par_1_64' title="bbox 2011 2040 3689 2114">
     <span class='ocr_line' id='line_1_64' title="bbox 2011 2040 3689 2114; baseline -0.001 -19"><span class='ocrx_word' id='word_1_501' title='bbox 2011 2040 2158 2097; x_wconf 88' lang='lat' dir='ltr'><strong>clare</strong></span> <span class='ocrx_word' id='word_1_502' title='bbox 2192 2050 2341 2114; x_wconf 88' lang='lat' dir='ltr'><strong>gesta</strong></span> <span class='ocrx_word' id='word_1_503' title='bbox 2368 2048 2516 2098; x_wconf 91' lang='lat' dir='ltr'><strong>sunt.</strong></span> <span class='ocrx_word' id='word_1_504' title='bbox 2556 2042 2687 2099; x_wconf 92' lang='lat' dir='ltr'><strong>ldeo</strong></span> <span class='ocrx_word' id='word_1_505' title='bbox 2724 2043 2873 2104; x_wconf 89' lang='lat' dir='ltr'><strong>enim</strong></span> <span class='ocrx_word' id='word_1_506' title='bbox 2906 2041 3162 2100; x_wconf 84' lang='lat' dir='ltr'><strong>Christus</strong></span> <span class='ocrx_word' id='word_1_507' title='bbox 3197 2048 3452 2095; x_wconf 88' lang='lat' dir='ltr'><strong>mortuus</strong></span> <span class='ocrx_word' id='word_1_508' title='bbox 3480 2046 3586 2105; x_wconf 85' lang='lat' dir='ltr'><strong>est,</strong></span> <span class='ocrx_word' id='word_1_509' title='bbox 3685 2060 3689 2064; x_wconf 93' lang='grc'>·</span> 
     </span>
    </p>
   </div>
   <div class='ocr_carea' id='block_1_65' title="bbox 2010 2131 3586 2199">
    <p class='ocr_par' dir='ltr' id='par_1_65' title="bbox 2010 2131 3586 2199">
     <span class='ocr_line' id='line_1_65' title="bbox 2010 2131 3586 2199; baseline -0.001 -10"><span class='ocrx_word' id='word_1_510' title='bbox 2010 2142 2068 2191; x_wconf 83' lang='grc' dir='ltr'><strong>ει</strong></span> <span class='ocrx_word' id='word_1_511' title='bbox 2090 2133 2244 2199; x_wconf 82' lang='lat' dir='ltr'><strong>vixit,</strong></span> <span class='ocrx_word' id='word_1_512' title='bbox 2269 2140 2332 2189; x_wconf 89' lang='lat' dir='ltr'><strong>ut</strong></span> <span class='ocrx_word' id='word_1_513' title='bbox 2360 2143 2417 2190; x_wconf 89' lang='lat' dir='ltr'><strong>et</strong></span> <span class='ocrx_word' id='word_1_514' title='bbox 2442 2143 2790 2190; x_wconf 89' lang='lat' dir='ltr'><strong>mortuorum</strong></span> <span class='ocrx_word' id='word_1_515' title='bbox 2813 2140 2871 2191; x_wconf 85' lang='lat' dir='ltr'><strong>et</strong></span> <span class='ocrx_word' id='word_1_516' title='bbox 2904 2133 3208 2189; x_wconf 88' lang='lat' dir='ltr'><strong>viventium</strong></span> <span class='ocrx_word' id='word_1_517' title='bbox 3251 2131 3586 2188; x_wconf 84' lang='lat' dir='ltr'><strong>dominetur.</strong></span> 
     </span>
    </p>
   </div>
   <div class='ocr_carea' id='block_1_66' title="bbox 2010 2221 3587 2297">
    <p class='ocr_par' dir='ltr' id='par_1_66' title="bbox 2010 2221 3587 2297">
     <span class='ocr_line' id='line_1_66' title="bbox 2010 2221 3587 2297; baseline -0.001 -16"><span class='ocrx_word' id='word_1_518' title='bbox 2010 2223 2081 2281; x_wconf 89' lang='lat' dir='ltr'><strong>Et</strong></span> <span class='ocrx_word' id='word_1_519' title='bbox 2105 2223 2279 2297; x_wconf 79' lang='lat' dir='ltr'><strong>Cyrus</strong></span> <span class='ocrx_word' id='word_1_520' title='bbox 2305 2224 2529 2295; x_wconf 88' lang='lat' dir='ltr'><strong>quidem</strong></span> <span class='ocrx_word' id='word_1_521' title='bbox 2555 2225 2690 2287; x_wconf 87' lang='lat' dir='ltr'><strong>olim</strong></span> <span class='ocrx_word' id='word_1_522' title='bbox 2717 2225 2860 2280; x_wconf 89' lang='lat' dir='ltr'><strong>datis</strong></span> <span class='ocrx_word' id='word_1_523' title='bbox 2887 2225 3139 2295; x_wconf 89' lang='lat' dir='ltr'><strong>pecuniis</strong></span> <span class='ocrx_word' id='word_1_524' title='bbox 3166 2223 3431 2294; x_wconf 86' lang='lat' dir='ltr'><strong>templum</strong></span> <span class='ocrx_word' id='word_1_525' title='bbox 3456 2221 3587 2279; x_wconf 84' lang='lat' dir='ltr'><strong>Hie-</strong></span> 
     </span>
    </p>
   </div>
   <div class='ocr_carea' id='block_1_67' title="bbox 2012 2313 3590 2386">
    <p class='ocr_par' dir='ltr' id='par_1_67' title="bbox 2012 2313 3590 2386">
     <span class='ocr_line' id='line_1_67' title="bbox 2012 2313 3590 2386; baseline 0 -17"><span class='ocrx_word' id='word_1_526' title='bbox 2012 2314 2303 2386; x_wconf 84' lang='lat' dir='ltr'><strong>rosolymis</strong></span> <span class='ocrx_word' id='word_1_527' title='bbox 2334 2314 2654 2370; x_wconf 66' lang='lat' dir='ltr'><strong>reaedilicari</strong></span> <span class='ocrx_word' id='word_1_528' title='bbox 2680 2315 2865 2386; x_wconf 83' lang='lat' dir='ltr'><strong>jussit.</strong></span> <span class='ocrx_word' id='word_1_529' title='bbox 2892 2314 3164 2370; x_wconf 85' lang='lat' dir='ltr'><strong>Fundavit</strong></span> <span class='ocrx_word' id='word_1_530' title='bbox 3190 2324 3376 2370; x_wconf 90' lang='lat' dir='ltr'><strong>autem</strong></span> <span class='ocrx_word' id='word_1_531' title='bbox 3398 2313 3590 2369; x_wconf 87' lang='lat' dir='ltr'><strong>Eccle-</strong></span> 
     </span>
    </p>
   </div>
   <div class='ocr_carea' id='block_1_68' title="bbox 2013 2404 3590 2472">
    <p class='ocr_par' dir='ltr' id='par_1_68' title="bbox 2013 2404 3590 2472">
     <span class='ocr_line' id='line_1_68' title="bbox 2013 2404 3590 2472; baseline 0.002 -13"><span class='ocrx_word' id='word_1_532' title='bbox 2013 2405 2171 2472; x_wconf 88' lang='lat' dir='ltr'><strong>siam,</strong></span> <span class='ocrx_word' id='word_1_533' title='bbox 2222 2413 2466 2462; x_wconf 89' lang='lat' dir='ltr'><strong>sanctam</strong></span> <span class='ocrx_word' id='word_1_534' title='bbox 2514 2422 2706 2463; x_wconf 87' lang='lat' dir='ltr'><strong>revera</strong></span> <span class='ocrx_word' id='word_1_535' title='bbox 2759 2415 2816 2462; x_wconf 89' lang='lat' dir='ltr'><strong>et</strong></span> <span class='ocrx_word' id='word_1_536' title='bbox 2863 2405 3278 2461; x_wconf 83' lang='lat' dir='ltr'><strong>celeberrimam</strong></span> <span class='ocrx_word' id='word_1_537' title='bbox 3313 2404 3590 2463; x_wconf 86' lang='lat' dir='ltr'><strong>civitatem</strong></span> 
     </span>
    </p>
   </div>
   <div class='ocr_carea' id='block_1_69' title="bbox 2012 2494 3593 2568">
    <p class='ocr_par' dir='ltr' id='par_1_69' title="bbox 2012 2494 3593 2568">
     <span class='ocr_line' id='line_1_69' title="bbox 2012 2494 3593 2568; baseline -0.001 -15"><span class='ocrx_word' id='word_1_538' title='bbox 2012 2494 2359 2562; x_wconf 83' lang='lat' dir='ltr'><strong>Emmanuel,</strong></span> <span class='ocrx_word' id='word_1_539' title='bbox 2400 2502 2659 2567; x_wconf 88' lang='lat' dir='ltr'><strong>tanquam</strong></span> <span class='ocrx_word' id='word_1_540' title='bbox 2693 2495 2973 2568; x_wconf 83' lang='lat' dir='ltr'><strong>Babylona</strong></span> <span class='ocrx_word' id='word_1_541' title='bbox 3004 2496 3298 2566; x_wconf 88' lang='lat' dir='ltr'><strong>quamdam</strong></span> <span class='ocrx_word' id='word_1_542' title='bbox 3337 2503 3593 2551; x_wconf 86' lang='lat' dir='ltr'><strong>evertens</strong></span> 
     </span>
    </p>
   </div>
   <div class='ocr_carea' id='block_1_70' title="bbox 2014 2583 3594 2656">
    <p class='ocr_par' dir='ltr' id='par_1_70' title="bbox 2014 2583 3594 2656">
     <span class='ocr_line' id='line_1_70' title="bbox 2014 2583 3594 2656; baseline -0.001 -15"><span class='ocrx_word' id='word_1_543' title='bbox 2014 2585 2311 2656; x_wconf 87' lang='lat' dir='ltr'><strong>superbam</strong></span> <span class='ocrx_word' id='word_1_544' title='bbox 2355 2595 2412 2641; x_wconf 88' lang='lat' dir='ltr'><strong>et</strong></span> <span class='ocrx_word' id='word_1_545' title='bbox 2458 2587 2910 2641; x_wconf 87' lang='lat' dir='ltr'><strong>contumeliosam</strong></span> <span class='ocrx_word' id='word_1_546' title='bbox 2956 2584 3344 2640; x_wconf 88' lang='lat' dir='ltr'><strong>idololatriam.</strong></span> <span class='ocrx_word' id='word_1_547' title='bbox 3397 2585 3477 2640; x_wconf 82' lang='lat' dir='ltr'><strong>Ac</strong></span> <span class='ocrx_word' id='word_1_548' title='bbox 3524 2583 3594 2641; x_wconf 84' lang='lat' dir='ltr'><strong>de</strong></span> 
     </span>
    </p>
   </div>
   <div class='ocr_carea' id='block_1_71' title="bbox 2013 2672 3591 2747">
    <p class='ocr_par' dir='ltr' id='par_1_71' title="bbox 2013 2672 3591 2747">
     <span class='ocr_line' id='line_1_71' title="bbox 2013 2672 3591 2747; baseline -0.001 -17"><span class='ocrx_word' id='word_1_549' title='bbox 2013 2672 2155 2747; x_wconf 89' lang='lat' dir='ltr'><strong>Cyro</strong></span> <span class='ocrx_word' id='word_1_550' title='bbox 2172 2674 2392 2745; x_wconf 91' lang='lat' dir='ltr'><strong>quidem</strong></span> <span class='ocrx_word' id='word_1_551' title='bbox 2417 2676 2583 2741; x_wconf 91' lang='lat' dir='ltr'><strong>Deus,</strong></span> <span class='ocrx_word' id='word_1_552' title='bbox 2598 2675 2744 2746; x_wconf 89' lang='lat' dir='ltr'><strong>quod</strong></span> <span class='ocrx_word' id='word_1_553' title='bbox 2767 2675 2961 2731; x_wconf 91' lang='lat' dir='ltr'><strong>Omnia</strong></span> <span class='ocrx_word' id='word_1_554' title='bbox 2981 2691 3103 2746; x_wconf 65' lang='lat' dir='ltr'><strong>quae</strong></span> <span class='ocrx_word' id='word_1_555' title='bbox 3114 2675 3385 2730; x_wconf 88' lang='lat' dir='ltr'><strong>voluerim</strong></span> <span class='ocrx_word' id='word_1_556' title='bbox 3405 2675 3591 2739; x_wconf 82' lang='lat' dir='ltr'><strong>faciet.</strong></span> 
     </span>
    </p>
   </div>
   <div class='ocr_carea' id='block_1_72' title="bbox 2016 2763 3595 2825">
    <p class='ocr_par' dir='ltr' id='par_1_72' title="bbox 2016 2763 3595 2825">
     <span class='ocr_line' id='line_1_72' title="bbox 2016 2763 3595 2825; baseline 0.004 -6"><span class='ocrx_word' id='word_1_557' title='bbox 2016 2763 2174 2819; x_wconf 82' lang='lat' dir='ltr'><strong>dixit.</strong></span> <span class='ocrx_word' id='word_1_558' title='bbox 2192 2765 2448 2821; x_wconf 87' lang='lat' dir='ltr'><strong>Omnium</strong></span> <span class='ocrx_word' id='word_1_559' title='bbox 2470 2782 2600 2821; x_wconf 89' lang='lat' dir='ltr'><strong>vero</strong></span> <span class='ocrx_word' id='word_1_560' title='bbox 2624 2774 2877 2822; x_wconf 89' lang='lat' dir='ltr'><strong>nostrum</strong></span> <span class='ocrx_word' id='word_1_561' title='bbox 2907 2765 3154 2825; x_wconf 89' lang='lat' dir='ltr'><strong>Salvator</strong></span> <span class='ocrx_word' id='word_1_562' title='bbox 3182 2764 3250 2820; x_wconf 91' lang='lat' dir='ltr'><strong>ad</strong></span> <span class='ocrx_word' id='word_1_563' title='bbox 3280 2766 3595 2825; x_wconf 74' lang='lat' dir='ltr'><strong>Jndteorutn</strong></span> 
     </span>
    </p>
   </div>
   <div class='ocr_carea' id='block_1_73' title="bbox 2015 2855 3598 2934">
    <p class='ocr_par' dir='ltr' id='par_1_73' title="bbox 2015 2855 3598 2934">
     <span class='ocr_line' id='line_1_73' title="bbox 2015 2855 3598 2934; baseline 0.003 -26"><span class='ocrx_word' id='word_1_564' title='bbox 2015 2856 2250 2934; x_wconf 86' lang='lat' dir='ltr'><strong>p0pulos</strong></span> <span class='ocrx_word' id='word_1_565' title='bbox 2276 2858 2456 2928; x_wconf 90' lang='lat' dir='ltr'><strong>ipsum</strong></span> <span class='ocrx_word' id='word_1_566' title='bbox 2480 2857 2640 2912; x_wconf 90' lang='lat' dir='ltr'><strong>nihili</strong></span> <span class='ocrx_word' id='word_1_567' title='bbox 2661 2858 2984 2927; x_wconf 89' lang='lat' dir='ltr'><strong>pendentes,</strong></span> <span class='ocrx_word' id='word_1_568' title='bbox 3023 2858 3100 2911; x_wconf 87' lang='lat' dir='ltr'><strong>ita</strong></span> <span class='ocrx_word' id='word_1_569' title='bbox 3136 2856 3268 2910; x_wconf 88' lang='lat' dir='ltr'><strong>alibi</strong></span> <span class='ocrx_word' id='word_1_570' title='bbox 3297 2855 3409 2910; x_wconf 90' lang='lat' dir='ltr'><strong>ait:</strong></span> <span class='ocrx_word' id='word_1_571' title='bbox 3443 2874 3461 2907; x_wconf 81' lang='grc' dir='ltr'><strong>ι</strong></span> <span class='ocrx_word' id='word_1_572' title='bbox 3487 2857 3598 2912; x_wconf 81' lang='lat' dir='ltr'><strong>Vos</strong></span> 
     </span>
    </p>
   </div>
   <div class='ocr_carea' id='block_1_74' title="bbox 2019 2947 3597 3020">
    <p class='ocr_par' dir='ltr' id='par_1_74' title="bbox 2019 2947 3597 3020">
     <span class='ocr_line' id='line_1_74' title="bbox 2019 2947 3597 3020; baseline 0.001 -17"><span class='ocrx_word' id='word_1_573' title='bbox 2019 2947 2324 3003; x_wconf 89' lang='lat' dir='ltr'><strong>secundum</strong></span> <span class='ocrx_word' id='word_1_574' title='bbox 2352 2964 2571 3003; x_wconf 90' lang='lat' dir='ltr'><strong>carnem</strong></span> <span class='ocrx_word' id='word_1_575' title='bbox 2596 2949 2859 3020; x_wconf 90' lang='lat' dir='ltr'><strong>judicatis</strong></span> <span class='ocrx_word' id='word_1_576' title='bbox 2882 2947 2950 3002; x_wconf 77' lang='lat'><strong>“.</strong></span> <span class='ocrx_word' id='word_1_577' title='bbox 2982 2968 3001 3000; x_wconf 84' lang='grc'><strong>›</strong></span> <span class='ocrx_word' id='word_1_578' title='bbox 3031 2948 3100 3003; x_wconf 91' lang='grc' dir='ltr'>Ει</span> <span class='ocrx_word' id='word_1_579' title='bbox 3121 2962 3340 3003; x_wconf 90' lang='lat' dir='ltr'><strong>rursum</strong></span> <span class='ocrx_word' id='word_1_580' title='bbox 3368 2964 3381 3002; x_wconf 90' lang='lat'><strong>:</strong></span> <span class='ocrx_word' id='word_1_581' title='bbox 3406 2967 3427 3017; x_wconf 62' lang='grc' dir='ltr'><strong>ι</strong></span> <span class='ocrx_word' id='word_1_582' title='bbox 3452 2948 3521 3003; x_wconf 87' lang='grc' dir='ltr'><strong>Ει</strong></span> <span class='ocrx_word' id='word_1_583' title='bbox 3547 2949 3597 3005; x_wconf 87' lang='lat' dir='ltr'><strong>si</strong></span> 
     </span>
    </p>
   </div>
   <div class='ocr_carea' id='block_1_75' title="bbox 2016 3040 3599 3113">
    <p class='ocr_par' dir='ltr' id='par_1_75' title="bbox 2016 3040 3599 3113">
     <span class='ocr_line' id='line_1_75' title="bbox 2016 3040 3599 3113; baseline 0.003 -18"><span class='ocrx_word' id='word_1_584' title='bbox 2016 3040 2206 3113; x_wconf 84' lang='lat' dir='ltr'><strong>judico</strong></span> <span class='ocrx_word' id='word_1_585' title='bbox 2241 3055 2364 3112; x_wconf 90' lang='lat' dir='ltr'><strong>ego,</strong></span> <span class='ocrx_word' id='word_1_586' title='bbox 2404 3041 2675 3112; x_wconf 87' lang='lat' dir='ltr'><strong>judicium</strong></span> <span class='ocrx_word' id='word_1_587' title='bbox 2706 3057 2890 3096; x_wconf 89' lang='lat' dir='ltr'><strong>meum</strong></span> <span class='ocrx_word' id='word_1_588' title='bbox 2920 3041 3131 3112; x_wconf 90' lang='lat' dir='ltr'><strong>justum</strong></span> <span class='ocrx_word' id='word_1_589' title='bbox 3165 3048 3283 3107; x_wconf 89' lang='lat' dir='ltr'><strong>est;</strong></span> <span class='ocrx_word' id='word_1_590' title='bbox 3313 3040 3443 3112; x_wconf 88' lang='lat' dir='ltr'><strong>quia</strong></span> <span class='ocrx_word' id='word_1_591' title='bbox 3486 3055 3599 3100; x_wconf 85' lang='lat' dir='ltr'><strong>non</strong></span> 
     </span>
    </p>
   </div>
   <div class='ocr_carea' id='block_1_76' title="bbox 2021 3131 3601 3206">
    <p class='ocr_par' dir='ltr' id='par_1_76' title="bbox 2021 3131 3601 3206">
     <span class='ocr_line' id='line_1_76' title="bbox 2021 3131 3601 3206; baseline -0.002 -17"><span class='ocrx_word' id='word_1_592' title='bbox 2021 3148 2209 3206; x_wconf 54' lang='lat' dir='ltr'><strong>quaero</strong></span> <span class='ocrx_word' id='word_1_593' title='bbox 2237 3133 2575 3189; x_wconf 87' lang='lat' dir='ltr'><strong>voluntatem</strong></span> <span class='ocrx_word' id='word_1_594' title='bbox 2616 3148 2815 3196; x_wconf 87' lang='lat' dir='ltr'><strong>meam,</strong></span> <span class='ocrx_word' id='word_1_595' title='bbox 2858 3132 2953 3187; x_wconf 88' lang='lat' dir='ltr'><strong>sed</strong></span> <span class='ocrx_word' id='word_1_596' title='bbox 2985 3133 3322 3188; x_wconf 87' lang='lat' dir='ltr'><strong>voluntatem</strong></span> <span class='ocrx_word' id='word_1_597' title='bbox 3352 3133 3473 3203; x_wconf 90' lang='lat' dir='ltr'><strong>ejus</strong></span> <span class='ocrx_word' id='word_1_598' title='bbox 3503 3131 3601 3202; x_wconf 87' lang='lat' dir='ltr'><strong>qui</strong></span> 
     </span>
    </p>
   </div>
   <div class='ocr_carea' id='block_1_77' title="bbox 2020 3223 3596 3297">
    <p class='ocr_par' dir='ltr' id='par_1_77' title="bbox 2020 3223 3596 3297">
     <span class='ocr_line' id='line_1_77' title="bbox 2020 3223 3596 3297; baseline -0.001 -16"><span class='ocrx_word' id='word_1_599' title='bbox 2020 3225 2172 3281; x_wconf 90' lang='lat' dir='ltr'><strong>misit</strong></span> <span class='ocrx_word' id='word_1_600' title='bbox 2208 3241 2297 3287; x_wconf 89' lang='lat' dir='ltr'><strong>me</strong></span> <span class='ocrx_word' id='word_1_601' title='bbox 2323 3225 2503 3281; x_wconf 89' lang='lat' dir='ltr'><strong>Patris</strong></span> <span class='ocrx_word' id='word_1_602' title='bbox 2532 3223 2601 3279; x_wconf 79' lang='grc'><strong>⁸⁸.</strong></span> <span class='ocrx_word' id='word_1_603' title='bbox 2633 3245 2652 3278; x_wconf 73' lang='grc' dir='ltr'><strong>ι</strong></span> <span class='ocrx_word' id='word_1_604' title='bbox 2690 3225 2770 3281; x_wconf 80' lang='lat' dir='ltr'><strong>Ac</strong></span> <span class='ocrx_word' id='word_1_605' title='bbox 2801 3223 2942 3297; x_wconf 87' lang='lat' dir='ltr'><strong>Cyro</strong></span> <span class='ocrx_word' id='word_1_606' title='bbox 2976 3225 3199 3295; x_wconf 88' lang='lat' dir='ltr'><strong>quidem</strong></span> <span class='ocrx_word' id='word_1_607' title='bbox 3234 3225 3371 3280; x_wconf 80' lang='lat' dir='ltr'><strong>dixit</strong></span> <span class='ocrx_word' id='word_1_608' title='bbox 3408 3226 3553 3280; x_wconf 88' lang='lat' dir='ltr'><strong>Deus</strong></span> <span class='ocrx_word' id='word_1_609' title='bbox 3582 3243 3596 3278; x_wconf 90' lang='lat'><strong>:</strong></span> 
     </span>
    </p>
   </div>
   <div class='ocr_carea' id='block_1_78' title="bbox 2030 3317 3603 3374">
    <p class='ocr_par' dir='ltr' id='par_1_78' title="bbox 2030 3317 3603 3374">
     <span class='ocr_line' id='line_1_78' title="bbox 2030 3317 3603 3374; baseline 0.003 -4"><span class='ocrx_word' id='word_1_610' title='bbox 2030 3336 2049 3370; x_wconf 81' lang='grc' dir='ltr'><strong>ι</strong></span> <span class='ocrx_word' id='word_1_611' title='bbox 2070 3317 2274 3373; x_wconf 79' lang='lat' dir='ltr'><strong>Vocavi</strong></span> <span class='ocrx_word' id='word_1_612' title='bbox 2320 3326 2372 3372; x_wconf 90' lang='lat' dir='ltr'><strong>te</strong></span> <span class='ocrx_word' id='word_1_613' title='bbox 2412 3318 2637 3374; x_wconf 91' lang='lat' dir='ltr'><strong>nomine</strong></span> <span class='ocrx_word' id='word_1_614' title='bbox 2660 3333 2806 3374; x_wconf 90' lang='lat' dir='ltr'><strong>meo.</strong></span> <span class='ocrx_word' id='word_1_615' title='bbox 2838 3338 2857 3370; x_wconf 76' lang='grc' dir='ltr'><strong>ι</strong></span> <span class='ocrx_word' id='word_1_616' title='bbox 2891 3318 3157 3373; x_wconf 88' lang='lat' dir='ltr'><strong>Dominus</strong></span> <span class='ocrx_word' id='word_1_617' title='bbox 3193 3325 3378 3373; x_wconf 85' lang='lat' dir='ltr'><strong>autem</strong></span> <span class='ocrx_word' id='word_1_618' title='bbox 3409 3332 3603 3374; x_wconf 86' lang='lat' dir='ltr'><strong>revera</strong></span> 
     </span>
    </p>
   </div>
   <div class='ocr_carea' id='block_1_79' title="bbox 2021 3408 3603 3481">
    <p class='ocr_par' dir='ltr' id='par_1_79' title="bbox 2021 3408 3603 3481">
     <span class='ocr_line' id='line_1_79' title="bbox 2021 3408 3603 3481; baseline 0.001 -16"><span class='ocrx_word' id='word_1_619' title='bbox 2021 3417 2106 3465; x_wconf 89' lang='lat' dir='ltr'><strong>est</strong></span> <span class='ocrx_word' id='word_1_620' title='bbox 2128 3408 2472 3473; x_wconf 88' lang='lat' dir='ltr'><strong>Emmanuel,</strong></span> <span class='ocrx_word' id='word_1_621' title='bbox 2495 3409 2710 3464; x_wconf 87' lang='lat' dir='ltr'><strong>tametsi</strong></span> <span class='ocrx_word' id='word_1_622' title='bbox 2733 3410 2987 3481; x_wconf 89' lang='lat' dir='ltr'><strong>apparuit</strong></span> <span class='ocrx_word' id='word_1_623' title='bbox 3008 3410 3193 3464; x_wconf 88' lang='lat' dir='ltr'><strong>homo.</strong></span> <span class='ocrx_word' id='word_1_624' title='bbox 3213 3409 3368 3475; x_wconf 86' lang='lat' dir='ltr'><strong>Quod</strong></span> <span class='ocrx_word' id='word_1_625' title='bbox 3393 3424 3522 3465; x_wconf 89' lang='lat' dir='ltr'><strong>vero</strong></span> <span class='ocrx_word' id='word_1_626' title='bbox 3544 3410 3603 3468; x_wconf 87' lang='lat' dir='ltr'><strong>in</strong></span> 
     </span>
    </p>
   </div>
   <div class='ocr_carea' id='block_1_80' title="bbox 2024 3497 3606 3572">
    <p class='ocr_par' dir='ltr' id='par_1_80' title="bbox 2024 3497 3606 3572">
     <span class='ocr_line' id='line_1_80' title="bbox 2024 3497 3606 3572; baseline -0.001 -16"><span class='ocrx_word' id='word_1_627' title='bbox 2024 3508 2213 3572; x_wconf 84' lang='lat' dir='ltr'><strong>typum</strong></span> <span class='ocrx_word' id='word_1_628' title='bbox 2237 3499 2422 3571; x_wconf 81' lang='lat' dir='ltr'><strong>gloriae</strong></span> <span class='ocrx_word' id='word_1_629' title='bbox 2443 3497 2670 3565; x_wconf 89' lang='lat' dir='ltr'><strong>Christi,</strong></span> <span class='ocrx_word' id='word_1_630' title='bbox 2693 3515 2759 3558; x_wconf 89' lang='lat' dir='ltr'><strong>ea</strong></span> <span class='ocrx_word' id='word_1_631' title='bbox 2788 3516 2909 3571; x_wconf 66' lang='lat' dir='ltr'><strong>quae</strong></span> <span class='ocrx_word' id='word_1_632' title='bbox 2935 3500 3003 3556; x_wconf 91' lang='lat' dir='ltr'><strong>de</strong></span> <span class='ocrx_word' id='word_1_633' title='bbox 3032 3499 3172 3572; x_wconf 86' lang='lat' dir='ltr'><strong>Cyro</strong></span> <span class='ocrx_word' id='word_1_634' title='bbox 3211 3499 3471 3556; x_wconf 88' lang='lat' dir='ltr'><strong>dicuntur</strong></span> <span class='ocrx_word' id='word_1_635' title='bbox 3506 3514 3606 3570; x_wconf 83' lang='lat' dir='ltr'><strong>po-</strong></span> 
     </span>
    </p>
   </div>
   <div class='ocr_carea' id='block_1_81' title="bbox 2025 3582 3601 3663">
    <p class='ocr_par' dir='ltr' id='par_1_81' title="bbox 2025 3582 3601 3663">
     <span class='ocr_line' id='line_1_81' title="bbox 2025 3582 3601 3663; baseline -0.001 -16"><span class='ocrx_word' id='word_1_636' title='bbox 2025 3592 2133 3647; x_wconf 90' lang='lat' dir='ltr'><strong>sita</strong></span> <span class='ocrx_word' id='word_1_637' title='bbox 2155 3591 2288 3656; x_wconf 89' lang='lat' dir='ltr'><strong>sint,</strong></span> <span class='ocrx_word' id='word_1_638' title='bbox 2313 3606 2381 3646; x_wconf 83' lang='lat' dir='ltr'><strong>ex</strong></span> <span class='ocrx_word' id='word_1_639' title='bbox 2408 3591 2477 3646; x_wconf 88' lang='lat' dir='ltr'><strong>iis</strong></span> <span class='ocrx_word' id='word_1_640' title='bbox 2497 3606 2619 3662; x_wconf 84' lang='lat' dir='ltr'><strong>quae</strong></span> <span class='ocrx_word' id='word_1_641' title='bbox 2650 3590 2910 3663; x_wconf 87' lang='lat' dir='ltr'><strong>deinceps</strong></span> <span class='ocrx_word' id='word_1_642' title='bbox 2936 3607 2966 3646; x_wconf 89' lang='lat' dir='ltr'><strong>a</strong></span> <span class='ocrx_word' id='word_1_643' title='bbox 2988 3582 3257 3663; x_wconf 75' lang='lat' dir='ltr'><strong>propheta</strong></span> <span class='ocrx_word' id='word_1_644' title='bbox 3284 3598 3601 3657; x_wconf 85' lang='lat' dir='ltr'><strong>narrantur,</strong></span> 
     </span>
    </p>
   </div>
   <div class='ocr_carea' id='block_1_82' title="bbox 2025 3681 3604 3754">
    <p class='ocr_par' dir='ltr' id='par_1_82' title="bbox 2025 3681 3604 3754">
     <span class='ocr_line' id='line_1_82' title="bbox 2025 3681 3604 3754; baseline -0.001 -15"><span class='ocrx_word' id='word_1_645' title='bbox 2025 3682 2377 3739; x_wconf 80' lang='lat' dir='ltr'><strong>manifestum</strong></span> <span class='ocrx_word' id='word_1_646' title='bbox 2411 3681 2524 3738; x_wconf 83' lang='lat' dir='ltr'><strong>ﬁet.</strong></span> <span class='ocrx_word' id='word_1_647' title='bbox 2568 3702 2586 3735; x_wconf 81' lang='grc' dir='ltr'><strong>ι</strong></span> <span class='ocrx_word' id='word_1_648' title='bbox 2606 3682 2720 3754; x_wconf 84' lang='lat' dir='ltr'><strong>Ego</strong></span> <span class='ocrx_word' id='word_1_649' title='bbox 2743 3682 2849 3738; x_wconf 78' lang='lat' dir='ltr'><strong>feci</strong></span> <span class='ocrx_word' id='word_1_650' title='bbox 2879 3691 3084 3738; x_wconf 91' lang='lat' dir='ltr'><strong>terram</strong></span> <span class='ocrx_word' id='word_1_651' title='bbox 3115 3689 3171 3736; x_wconf 87' lang='lat' dir='ltr'><strong>et</strong></span> <span class='ocrx_word' id='word_1_652' title='bbox 3198 3682 3478 3738; x_wconf 86' lang='lat' dir='ltr'><strong>hominem</strong></span> <span class='ocrx_word' id='word_1_653' title='bbox 3506 3697 3604 3737; x_wconf 87' lang='lat' dir='ltr'><strong>su-</strong></span> 
     </span>
    </p>
   </div>
   <div class='ocr_carea' id='block_1_83' title="bbox 2024 3772 3606 3848">
    <p class='ocr_par' dir='ltr' id='par_1_83' title="bbox 2024 3772 3606 3848">
     <span class='ocr_line' id='line_1_83' title="bbox 2024 3772 3606 3848; baseline -0.004 -16"><span class='ocrx_word' id='word_1_654' title='bbox 2024 3790 2126 3848; x_wconf 88' lang='lat' dir='ltr'><strong>per</strong></span> <span class='ocrx_word' id='word_1_655' title='bbox 2149 3789 2292 3831; x_wconf 86' lang='lat' dir='ltr'><strong>eam.</strong></span> <span class='ocrx_word' id='word_1_656' title='bbox 2319 3774 2434 3847; x_wconf 87' lang='lat' dir='ltr'><strong>Ego</strong></span> <span class='ocrx_word' id='word_1_657' title='bbox 2456 3790 2621 3829; x_wconf 89' lang='lat' dir='ltr'><strong>manu</strong></span> <span class='ocrx_word' id='word_1_658' title='bbox 2645 3789 2764 3835; x_wconf 88' lang='lat' dir='ltr'><strong>mea</strong></span> <span class='ocrx_word' id='word_1_659' title='bbox 2788 3773 3001 3829; x_wconf 87' lang='lat' dir='ltr'><strong>ﬁrmavi</strong></span> <span class='ocrx_word' id='word_1_660' title='bbox 3027 3774 3250 3838; x_wconf 74' lang='lat' dir='ltr'><strong>omium,</strong></span> <span class='ocrx_word' id='word_1_661' title='bbox 3267 3780 3324 3828; x_wconf 91' lang='lat' dir='ltr'><strong>et</strong></span> <span class='ocrx_word' id='word_1_662' title='bbox 3348 3772 3606 3827; x_wconf 87' lang='lat' dir='ltr'><strong>omnibus</strong></span> 
     </span>
    </p>
   </div>
   <div class='ocr_carea' id='block_1_84' title="bbox 2026 3864 3607 3937">
    <p class='ocr_par' dir='ltr' id='par_1_84' title="bbox 2026 3864 3607 3937">
     <span class='ocr_line' id='line_1_84' title="bbox 2026 3864 3607 3937; baseline -0.003 -14"><span class='ocrx_word' id='word_1_663' title='bbox 2026 3867 2203 3923; x_wconf 88' lang='lat' dir='ltr'><strong>stellis</strong></span> <span class='ocrx_word' id='word_1_664' title='bbox 2235 3866 2511 3922; x_wconf 89' lang='lat' dir='ltr'><strong>mandavi.</strong></span> <span class='ocrx_word' id='word_1_665' title='bbox 2542 3866 2656 3937; x_wconf 88' lang='lat' dir='ltr'><strong>Ego</strong></span> <span class='ocrx_word' id='word_1_666' title='bbox 2679 3865 2939 3921; x_wconf 91' lang='lat' dir='ltr'><strong>suscitavi</strong></span> <span class='ocrx_word' id='word_1_667' title='bbox 2966 3880 3094 3920; x_wconf 89' lang='lat' dir='ltr'><strong>eum</strong></span> <span class='ocrx_word' id='word_1_668' title='bbox 3134 3880 3259 3920; x_wconf 90' lang='lat' dir='ltr'><strong>eum</strong></span> <span class='ocrx_word' id='word_1_669' title='bbox 3290 3864 3523 3935; x_wconf 86' lang='lat' dir='ltr'><strong>justitia,</strong></span> <span class='ocrx_word' id='word_1_670' title='bbox 3547 3870 3607 3920; x_wconf 89' lang='lat' dir='ltr'><strong>et</strong></span> 
     </span>
    </p>
   </div>
   <div class='ocr_carea' id='block_1_85' title="bbox 2028 3948 3605 4030">
    <p class='ocr_par' dir='ltr' id='par_1_85' title="bbox 2028 3948 3605 4030">
     <span class='ocr_line' id='line_1_85' title="bbox 2028 3948 3605 4030; baseline -0.006 -13"><span class='ocrx_word' id='word_1_671' title='bbox 2028 3975 2224 4018; x_wconf 89' lang='lat' dir='ltr'><strong>omnes</strong></span> <span class='ocrx_word' id='word_1_672' title='bbox 2244 3958 2349 4015; x_wconf 61' lang='lat' dir='ltr'><strong>via;</strong></span> <span class='ocrx_word' id='word_1_673' title='bbox 2399 3960 2518 4030; x_wconf 89' lang='lat' dir='ltr'><strong>ejus</strong></span> <span class='ocrx_word' id='word_1_674' title='bbox 2571 3948 2753 4011; x_wconf 67' lang='lat' dir='ltr'><strong>rectae.</strong></span> <span class='ocrx_word' id='word_1_675' title='bbox 2806 3954 2928 4025; x_wconf 85' lang='lat' dir='ltr'><strong>Ipse</strong></span> <span class='ocrx_word' id='word_1_676' title='bbox 2979 3953 3275 4009; x_wconf 81' lang='lat' dir='ltr'><strong>aediﬁcahit</strong></span> <span class='ocrx_word' id='word_1_677' title='bbox 3325 3953 3605 4008; x_wconf 87' lang='lat' dir='ltr'><strong>civitatem</strong></span> 
     </span>
    </p>
   </div>
   <div class='ocr_carea' id='block_1_86' title="bbox 2029 4044 3608 4120">
    <p class='ocr_par' dir='ltr' id='par_1_86' title="bbox 2029 4044 3608 4120">
     <span class='ocr_line' id='line_1_86' title="bbox 2029 4044 3608 4120; baseline -0.004 -12"><span class='ocrx_word' id='word_1_678' title='bbox 2029 4067 2231 4117; x_wconf 90' lang='lat' dir='ltr'><strong>meam,</strong></span> <span class='ocrx_word' id='word_1_679' title='bbox 2269 4057 2327 4106; x_wconf 90' lang='lat' dir='ltr'><strong>et</strong></span> <span class='ocrx_word' id='word_1_680' title='bbox 2355 4048 2727 4120; x_wconf 86' lang='lat' dir='ltr'><strong>captivitatem</strong></span> <span class='ocrx_word' id='word_1_681' title='bbox 2768 4045 2960 4118; x_wconf 88' lang='lat' dir='ltr'><strong>populi</strong></span> <span class='ocrx_word' id='word_1_682' title='bbox 3001 4044 3112 4100; x_wconf 88' lang='lat' dir='ltr'><strong>mei</strong></span> <span class='ocrx_word' id='word_1_683' title='bbox 3160 4052 3462 4110; x_wconf 87' lang='lat' dir='ltr'><strong>convertet,</strong></span> <span class='ocrx_word' id='word_1_684' title='bbox 3493 4060 3608 4102; x_wconf 87' lang='lat' dir='ltr'><strong>non</strong></span> 
     </span>
    </p>
   </div>
   <div class='ocr_carea' id='block_1_87' title="bbox 2032 4135 3606 4214">
    <p class='ocr_par' dir='ltr' id='par_1_87' title="bbox 2032 4135 3606 4214">
     <span class='ocr_line' id='line_1_87' title="bbox 2032 4135 3606 4214; baseline -0.004 -15"><span class='ocrx_word' id='word_1_685' title='bbox 2032 4159 2159 4200; x_wconf 90' lang='lat' dir='ltr'><strong>cum</strong></span> <span class='ocrx_word' id='word_1_686' title='bbox 2198 4139 2399 4214; x_wconf 88' lang='lat' dir='ltr'><strong>pretio,</strong></span> <span class='ocrx_word' id='word_1_687' title='bbox 2432 4154 2617 4210; x_wconf 89' lang='lat' dir='ltr'><strong>neque</strong></span> <span class='ocrx_word' id='word_1_688' title='bbox 2647 4153 2772 4193; x_wconf 90' lang='lat' dir='ltr'><strong>cum</strong></span> <span class='ocrx_word' id='word_1_689' title='bbox 2808 4136 3155 4202; x_wconf 89' lang='lat' dir='ltr'><strong>muneribus,</strong></span> <span class='ocrx_word' id='word_1_690' title='bbox 3192 4135 3332 4192; x_wconf 78' lang='lat' dir='ltr'><strong>dixit</strong></span> <span class='ocrx_word' id='word_1_691' title='bbox 3359 4135 3465 4208; x_wconf 80' lang='lat'><strong>55</strong></span> <span class='ocrx_word' id='word_1_692' title='bbox 3495 4137 3606 4193; x_wconf 90' lang='lat' dir='ltr'><strong>Do-</strong></span> 
     </span>
    </p>
   </div>
   <div class='ocr_carea' id='block_1_88' title="bbox 2031 4227 3611 4291">
    <p class='ocr_par' dir='ltr' id='par_1_88' title="bbox 2031 4227 3611 4291">
     <span class='ocr_line' id='line_1_88' title="bbox 2031 4227 3611 4291; baseline -0.002 -1"><span class='ocrx_word' id='word_1_693' title='bbox 2031 4236 2219 4291; x_wconf 90' lang='lat' dir='ltr'><strong>minus</strong></span> <span class='ocrx_word' id='word_1_694' title='bbox 2268 4232 2531 4290; x_wconf 85' lang='lat' dir='ltr'><strong>Sabaoth.</strong></span> <span class='ocrx_word' id='word_1_695' title='bbox 2586 4229 2715 4291; x_wconf 65' lang='lat' dir='ltr'><strong>Hazc</strong></span> <span class='ocrx_word' id='word_1_696' title='bbox 2764 4230 2901 4286; x_wconf 91' lang='lat' dir='ltr'><strong>dicit</strong></span> <span class='ocrx_word' id='word_1_697' title='bbox 2945 4228 3211 4285; x_wconf 88' lang='lat' dir='ltr'><strong>Dominus</strong></span> <span class='ocrx_word' id='word_1_698' title='bbox 3254 4247 3268 4283; x_wconf 91' lang='lat'><strong>:</strong></span> <span class='ocrx_word' id='word_1_699' title='bbox 3314 4227 3611 4287; x_wconf 85' lang='lat' dir='ltr'><strong>Lahoravit</strong></span> 
     </span>
    </p>
   </div>
   <div class='ocr_carea' id='block_1_89' title="bbox 2030 4320 3617 4401">
    <p class='ocr_par' dir='ltr' id='par_1_89' title="bbox 2030 4320 3617 4401">
     <span class='ocr_line' id='line_1_89' title="bbox 2030 4320 3617 4401; baseline -0.005 -17"><span class='ocrx_word' id='word_1_700' title='bbox 2030 4327 2317 4401; x_wconf 60' lang='lat' dir='ltr'><strong>Egyptus,</strong></span> <span class='ocrx_word' id='word_1_701' title='bbox 2345 4325 2643 4398; x_wconf 89' lang='lat' dir='ltr'><strong>negotiatio</strong></span> <span class='ocrx_word' id='word_1_702' title='bbox 2665 4322 3008 4395; x_wconf 60' lang='lat' dir='ltr'><strong>(Ethiopum,</strong></span> <span class='ocrx_word' id='word_1_703' title='bbox 3056 4330 3119 4378; x_wconf 87' lang='lat' dir='ltr'><strong>et</strong></span> <span class='ocrx_word' id='word_1_704' title='bbox 3143 4321 3344 4377; x_wconf 89' lang='lat' dir='ltr'><strong>Sabain</strong></span> <span class='ocrx_word' id='word_1_705' title='bbox 3378 4320 3484 4376; x_wconf 89' lang='lat' dir='ltr'><strong>viri</strong></span> <span class='ocrx_word' id='word_1_706' title='bbox 3510 4335 3617 4377; x_wconf 54' lang='grc' dir='ltr'><strong>ειη</strong></span> 
     </span>
    </p>
   </div>
   <div class='ocr_carea' id='block_1_90' title="bbox 351 4401 1923 4481">
    <p class='ocr_par' dir='ltr' id='par_1_90' title="bbox 351 4401 1923 4478">
     <span class='ocr_line' id='line_1_90' title="bbox 351 4401 1923 4478; baseline 0.003 -20"><span class='ocrx_word' id='word_1_707' title='bbox 351 4401 473 4474; x_wconf 75' lang='grc' dir='ltr'>δρες</span> <span class='ocrx_word' id='word_1_708' title='bbox 532 4404 730 4475; x_wconf 69' lang='grc' dir='ltr'>ὑψηλοὶ</span> <span class='ocrx_word' id='word_1_709' title='bbox 770 4406 864 4459; x_wconf 67' lang='grc' dir='ltr'><strong>ἐπὶ</strong></span> <span class='ocrx_word' id='word_1_710' title='bbox 914 4406 974 4459; x_wconf 79' lang='grc' dir='ltr'>σὲ</span> <span class='ocrx_word' id='word_1_711' title='bbox 1005 4405 1353 4478; x_wconf 76' lang='grc' dir='ltr'>διαδήσονται</span> <span class='ocrx_word' id='word_1_712' title='bbox 1377 4445 1394 4472; x_wconf 89' lang='grc'><strong>,</strong></span> <span class='ocrx_word' id='word_1_713' title='bbox 1456 4408 1551 4461; x_wconf 86' lang='grc' dir='ltr'><strong>καί</strong></span> <span class='ocrx_word' id='word_1_714' title='bbox 1595 4424 1678 4460; x_wconf 91' lang='grc' dir='ltr'><strong>σοι</strong></span> <span class='ocrx_word' id='word_1_715' title='bbox 1719 4407 1923 4464; x_wconf 73' lang='grc' dir='ltr'>ἔσονται</span> 
     </span>
    </p>
   </div>
   <div class='ocr_carea' id='block_1_91' title="bbox 2021 4401 3611 4481">
    <p class='ocr_par' dir='ltr' id='par_1_91' title="bbox 2036 4410 3611 4481">
     <span class='ocr_line' id='line_1_91' title="bbox 2036 4410 3611 4481; baseline -0.009 -3"><span class='ocrx_word' id='word_1_716' title='bbox 2036 4421 2169 4478; x_wconf 88' lang='lat' dir='ltr'><strong>celsi</strong></span> <span class='ocrx_word' id='word_1_717' title='bbox 2193 4418 2263 4476; x_wconf 89' lang='lat' dir='ltr'><strong>ad</strong></span> <span class='ocrx_word' id='word_1_718' title='bbox 2293 4426 2345 4473; x_wconf 91' lang='lat' dir='ltr'><strong>te</strong></span> <span class='ocrx_word' id='word_1_719' title='bbox 2375 4416 2710 4481; x_wconf 88' lang='lat' dir='ltr'><strong>transibunt,</strong></span> <span class='ocrx_word' id='word_1_720' title='bbox 2737 4421 2794 4469; x_wconf 91' lang='lat' dir='ltr'><strong>et</strong></span> <span class='ocrx_word' id='word_1_721' title='bbox 2820 4412 2921 4468; x_wconf 93' lang='lat' dir='ltr'><strong>tibi</strong></span> <span class='ocrx_word' id='word_1_722' title='bbox 2938 4418 3104 4467; x_wconf 86' lang='lat' dir='ltr'><strong>erunt</strong></span> <span class='ocrx_word' id='word_1_723' title='bbox 3121 4410 3266 4465; x_wconf 86' lang='lat' dir='ltr'><strong>servi</strong></span> <span class='ocrx_word' id='word_1_724' title='bbox 3290 4427 3303 4462; x_wconf 90' lang='lat'><strong>:</strong></span> <span class='ocrx_word' id='word_1_725' title='bbox 3328 4417 3384 4464; x_wconf 89' lang='lat' dir='ltr'><strong>et</strong></span> <span class='ocrx_word' id='word_1_726' title='bbox 3406 4416 3532 4479; x_wconf 85' lang='lat' dir='ltr'><strong>post</strong></span> <span class='ocrx_word' id='word_1_727' title='bbox 3555 4416 3611 4464; x_wconf 87' lang='lat' dir='ltr'><strong>te</strong></span> 
     </span>
    </p>
   </div>
   <div class='ocr_carea' id='block_1_92' title="bbox 351 4469 1923 4583">
    <p class='ocr_par' dir='ltr' id='par_1_92' title="bbox 351 4469 1923 4577">
     <span class='ocr_line' id='line_1_92' title="bbox 351 4469 1923 4577; baseline 0.005 -28"><span class='ocrx_word' id='word_1_728' title='bbox 351 4469 546 4561; x_wconf 67' lang='grc' dir='ltr'>δοῦλοι,</span> <span class='ocrx_word' id='word_1_729' title='bbox 578 4469 694 4550; x_wconf 35' lang='grc' dir='ltr'>*καὶ</span> <span class='ocrx_word' id='word_1_730' title='bbox 746 4496 920 4552; x_wconf 84' lang='grc' dir='ltr'>ὀπίσω</span> <span class='ocrx_word' id='word_1_731' title='bbox 955 4515 1048 4552; x_wconf 91' lang='grc' dir='ltr'><strong>σου</strong></span> <span class='ocrx_word' id='word_1_732' title='bbox 1097 4469 1520 4571; x_wconf 70' lang='grc' dir='ltr'>ἀκολουθήσουσι</span> <span class='ocrx_word' id='word_1_733' title='bbox 1572 4497 1840 4570; x_wconf 86' lang='grc' dir='ltr'>δεδεμένοι</span> <span class='ocrx_word' id='word_1_734' title='bbox 1875 4503 1923 4558; x_wconf 67' lang='grc' dir='ltr'>ἐν</span> 
     </span>
    </p>
   </div>
   <div class='ocr_carea' id='block_1_93' title="bbox 2021 4469 3621 4583">
    <p class='ocr_par' dir='ltr' id='par_1_93' title="bbox 2037 4496 3621 4583">
     <span class='ocr_line' id='line_1_93' title="bbox 2037 4496 3621 4583; baseline -0.01 -16"><span class='ocrx_word' id='word_1_735' title='bbox 2037 4517 2341 4583; x_wconf 88' lang='lat' dir='ltr'><strong>sequentur</strong></span> <span class='ocrx_word' id='word_1_736' title='bbox 2380 4505 2552 4563; x_wconf 88' lang='lat' dir='ltr'><strong>vincti</strong></span> <span class='ocrx_word' id='word_1_737' title='bbox 2597 4502 2850 4568; x_wconf 90' lang='lat' dir='ltr'><strong>manicis,</strong></span> <span class='ocrx_word' id='word_1_738' title='bbox 2883 4510 2939 4557; x_wconf 92' lang='lat' dir='ltr'><strong>et</strong></span> <span class='ocrx_word' id='word_1_739' title='bbox 2971 4499 3282 4556; x_wconf 89' lang='lat' dir='ltr'><strong>adorabunt</strong></span> <span class='ocrx_word' id='word_1_740' title='bbox 3310 4507 3386 4562; x_wconf 92' lang='lat' dir='ltr'><strong>te,</strong></span> <span class='ocrx_word' id='word_1_741' title='bbox 3418 4504 3475 4552; x_wconf 88' lang='lat' dir='ltr'><strong>et</strong></span> <span class='ocrx_word' id='word_1_742' title='bbox 3511 4496 3621 4552; x_wconf 58' lang='grc' dir='ltr'>(ιε-</span> 
     </span>
    </p>
   </div>
   <div class='ocr_carea' id='block_1_94' title="bbox 352 4593 1936 4673">
    <p class='ocr_par' dir='ltr' id='par_1_94' title="bbox 352 4593 1936 4673">
     <span class='ocr_line' id='line_1_94' title="bbox 352 4593 1936 4673; baseline 0.002 -27"><span class='ocrx_word' id='word_1_743' title='bbox 352 4593 718 4664; x_wconf 70' lang='grc' dir='ltr'>χειροπέδαις,</span> <span class='ocrx_word' id='word_1_744' title='bbox 740 4595 835 4649; x_wconf 68' lang='grc' dir='ltr'>καὶ</span> <span class='ocrx_word' id='word_1_745' title='bbox 855 4594 1293 4673; x_wconf 86' lang='grc' dir='ltr'>προσκυνήσουσί</span> <span class='ocrx_word' id='word_1_746' title='bbox 1327 4612 1430 4663; x_wconf 86' lang='grc' dir='ltr'>σοι,</span> <span class='ocrx_word' id='word_1_747' title='bbox 1460 4594 1554 4649; x_wconf 75' lang='grc' dir='ltr'>καὶ</span> <span class='ocrx_word' id='word_1_748' title='bbox 1574 4595 1631 4651; x_wconf 77' lang='grc' dir='ltr'>ὲν</span> <span class='ocrx_word' id='word_1_749' title='bbox 1661 4596 1745 4649; x_wconf 74' lang='grc' dir='ltr'>σοὶ</span> <span class='ocrx_word' id='word_1_750' title='bbox 1768 4613 1936 4667; x_wconf 83' lang='grc' dir='ltr'>προσ-</span> 
     </span>
    </p>
   </div>
   <div class='ocr_carea' id='block_1_95' title="bbox 353 4683 1937 4751">
    <p class='ocr_par' dir='ltr' id='par_1_95' title="bbox 353 4683 1937 4751">
     <span class='ocr_line' id='line_1_95' title="bbox 353 4683 1937 4751; baseline 0 -12"><span class='ocrx_word' id='word_1_751' title='bbox 353 4683 619 4751; x_wconf 77' lang='grc' dir='ltr'>ιύξονται,</span> <span class='ocrx_word' id='word_1_752' title='bbox 660 4686 742 4739; x_wconf 83' lang='grc' dir='ltr'>ὅτι</span> <span class='ocrx_word' id='word_1_753' title='bbox 772 4687 829 4738; x_wconf 83' lang='grc' dir='ltr'>ὲν</span> <span class='ocrx_word' id='word_1_754' title='bbox 862 4687 944 4739; x_wconf 72' lang='grc' dir='ltr'>σοὶ</span> <span class='ocrx_word' id='word_1_755' title='bbox 977 4687 1005 4739; x_wconf 88' lang='lat'><strong>6</strong></span> <span class='ocrx_word' id='word_1_756' title='bbox 1031 4685 1160 4751; x_wconf 85' lang='grc' dir='ltr'>Θεός</span> <span class='ocrx_word' id='word_1_757' title='bbox 1194 4687 1361 4750; x_wconf 73' lang='grc' dir='ltr'>ἐστιν,</span> <span class='ocrx_word' id='word_1_758' title='bbox 1409 4686 1503 4739; x_wconf 76' lang='grc' dir='ltr'>καὶ</span> <span class='ocrx_word' id='word_1_759' title='bbox 1533 4686 1632 4740; x_wconf 87' lang='grc' dir='ltr'><strong>ούκ</strong></span> <span class='ocrx_word' id='word_1_760' title='bbox 1661 4685 1777 4740; x_wconf 71' lang='grc' dir='ltr'>ἔστι</span> <span class='ocrx_word' id='word_1_761' title='bbox 1805 4685 1937 4750; x_wconf 82' lang='grc' dir='ltr'>Θεὸς</span> 
     </span>
    </p>
   </div>
   <div class='ocr_carea' id='block_1_96' title="bbox 358 4771 1938 4848">
    <p class='ocr_par' dir='ltr' id='par_1_96' title="bbox 358 4771 1938 4848">
     <span class='ocr_line' id='line_1_96' title="bbox 358 4771 1938 4848; baseline 0 -20"><span class='ocrx_word' id='word_1_762' title='bbox 358 4775 493 4848; x_wconf 67' lang='grc' dir='ltr'>πλὴν</span> <span class='ocrx_word' id='word_1_763' title='bbox 518 4775 638 4829; x_wconf 87' lang='grc' dir='ltr'>σοῦ.</span> <span class='ocrx_word' id='word_1_764' title='bbox 673 4777 746 4830; x_wconf 72' lang='grc' dir='ltr'><strong>Σὺ</strong></span> <span class='ocrx_word' id='word_1_765' title='bbox 794 4776 902 4848; x_wconf 81' lang='grc' dir='ltr'>γὰρ</span> <span class='ocrx_word' id='word_1_766' title='bbox 937 4771 985 4830; x_wconf 81' lang='grc' dir='ltr'><strong>εἰ</strong></span> <span class='ocrx_word' id='word_1_767' title='bbox 1013 4776 1164 4842; x_wconf 75' lang='grc' dir='ltr'>Θεὸς,</span> <span class='ocrx_word' id='word_1_768' title='bbox 1201 4778 1294 4831; x_wconf 73' lang='grc' dir='ltr'>καὶ</span> <span class='ocrx_word' id='word_1_769' title='bbox 1321 4776 1420 4830; x_wconf 83' lang='grc' dir='ltr'>οὐκ</span> <span class='ocrx_word' id='word_1_770' title='bbox 1464 4775 1705 4847; x_wconf 74' lang='grc' dir='ltr'>ᾔδειμεν,</span> <span class='ocrx_word' id='word_1_771' title='bbox 1733 4777 1761 4829; x_wconf 88' lang='grc' dir='ltr'>ὁ</span> <span class='ocrx_word' id='word_1_772' title='bbox 1807 4775 1938 4840; x_wconf 77' lang='grc' dir='ltr'>Θεὸς</span> 
     </span>
    </p>
   </div>
   <div class='ocr_carea' id='block_1_97' title="bbox 358 4866 1934 4942">
    <p class='ocr_par' dir='ltr' id='par_1_97' title="bbox 358 4866 1934 4942">
     <span class='ocr_line' id='line_1_97' title="bbox 358 4866 1934 4942; baseline 0.002 -24"><span class='ocrx_word' id='word_1_773' title='bbox 358 4866 449 4920; x_wconf 88' lang='grc' dir='ltr'><strong>τοῦ</strong></span> <span class='ocrx_word' id='word_1_774' title='bbox 489 4868 708 4940; x_wconf 78' lang='grc' dir='ltr'>Ἰσραὴλ</span> <span class='ocrx_word' id='word_1_775' title='bbox 728 4867 940 4939; x_wconf 83' lang='grc' dir='ltr'>Σωτήρ.</span> <span class='ocrx_word' id='word_1_776' title='bbox 963 4868 1422 4942; x_wconf 78' lang='grc' dir='ltr'>Δίσχυνθήσονται</span> <span class='ocrx_word' id='word_1_777' title='bbox 1450 4868 1544 4921; x_wconf 67' lang='grc' dir='ltr'>καὶ</span> <span class='ocrx_word' id='word_1_778' title='bbox 1571 4868 1934 4939; x_wconf 74' lang='grc' dir='ltr'>ἐντραπήσον-</span> 
     </span>
    </p>
   </div>
   <div class='ocr_carea' id='block_1_98' title="bbox 362 4959 1936 5031">
    <p class='ocr_par' dir='ltr' id='par_1_98' title="bbox 362 4959 1936 5031">
     <span class='ocr_line' id='line_1_98' title="bbox 362 4959 1936 5031; baseline 0.001 -19"><span class='ocrx_word' id='word_1_779' title='bbox 362 4975 446 5013; x_wconf 81' lang='grc' dir='ltr'><strong>ται</strong></span> <span class='ocrx_word' id='word_1_780' title='bbox 480 4959 684 5024; x_wconf 84' lang='grc' dir='ltr'>πάντες</span> <span class='ocrx_word' id='word_1_781' title='bbox 714 4962 762 5014; x_wconf 86' lang='grc' dir='ltr'><strong>οἰ</strong></span> <span class='ocrx_word' id='word_1_782' title='bbox 801 4961 1163 5031; x_wconf 77' lang='grc' dir='ltr'>ἀντικείμενοι</span> <span class='ocrx_word' id='word_1_783' title='bbox 1186 4959 1356 5031; x_wconf 82' lang='grc' dir='ltr'>αὐτῷ,</span> <span class='ocrx_word' id='word_1_784' title='bbox 1389 4962 1482 5015; x_wconf 71' lang='grc' dir='ltr'>καὶ</span> <span class='ocrx_word' id='word_1_785' title='bbox 1502 4960 1855 5030; x_wconf 85' lang='grc' dir='ltr'>πορεύσονται</span> <span class='ocrx_word' id='word_1_786' title='bbox 1880 4963 1936 5014; x_wconf 81' lang='grc' dir='ltr'>ὲν</span> 
     </span>
    </p>
   </div>
   <div class='ocr_carea' id='block_1_99' title="bbox 364 5050 1939 5125">
    <p class='ocr_par' dir='ltr' id='par_1_99' title="bbox 364 5050 1939 5125">
     <span class='ocr_line' id='line_1_99' title="bbox 364 5050 1939 5125; baseline -0.001 -19"><span class='ocrx_word' id='word_1_787' title='bbox 364 5052 610 5124; x_wconf 78' lang='grc' dir='ltr'>αἰσχύνῃ,</span> <span class='ocrx_word' id='word_1_788' title='bbox 659 5072 677 5105; x_wconf 70' lang='grc' dir='ltr'>δ</span> <span class='ocrx_word' id='word_1_789' title='bbox 720 5053 778 5107; x_wconf 85' lang='lat'><strong>&#39;0</strong></span> <span class='ocrx_word' id='word_1_790' title='bbox 808 5054 916 5125; x_wconf 79' lang='grc' dir='ltr'>γάρ</span> <span class='ocrx_word' id='word_1_791' title='bbox 951 5053 1182 5124; x_wconf 77' lang='grc' dir='ltr'>ποιήσας</span> <span class='ocrx_word' id='word_1_792' title='bbox 1229 5053 1326 5123; x_wconf 76' lang='grc' dir='ltr'>τὴν</span> <span class='ocrx_word' id='word_1_793' title='bbox 1359 5050 1483 5121; x_wconf 71' lang='grc' dir='ltr'>γῆν,</span> <span class='ocrx_word' id='word_1_794' title='bbox 1524 5052 1619 5105; x_wconf 69' lang='grc' dir='ltr'>καὶ</span> <span class='ocrx_word' id='word_1_795' title='bbox 1655 5051 1939 5122; x_wconf 78' lang='grc' dir='ltr'>ἄνθρωπον</span> 
     </span>
    </p>
   </div>
   <div class='ocr_carea' id='block_1_100' title="bbox 363 5143 1937 5216">
    <p class='ocr_par' dir='ltr' id='par_1_100' title="bbox 363 5143 1937 5216">
     <span class='ocr_line' id='line_1_100' title="bbox 363 5143 1937 5216; baseline -0.003 -15"><span class='ocrx_word' id='word_1_796' title='bbox 363 5146 446 5201; x_wconf 74' lang='grc' dir='ltr'><strong>ἐπ’</strong></span> <span class='ocrx_word' id='word_1_797' title='bbox 476 5145 670 5216; x_wconf 68' lang='grc' dir='ltr'>αὑτῆς,</span> <span class='ocrx_word' id='word_1_798' title='bbox 705 5147 733 5198; x_wconf 85' lang='grc'>6</span> <span class='ocrx_word' id='word_1_799' title='bbox 766 5145 1141 5216; x_wconf 85' lang='grc' dir='ltr'>διακοσμήσας</span> <span class='ocrx_word' id='word_1_800' title='bbox 1178 5146 1290 5207; x_wconf 79' lang='grc' dir='ltr'>τοῖς</span> <span class='ocrx_word' id='word_1_801' title='bbox 1327 5143 1543 5214; x_wconf 73' lang='grc' dir='ltr'>ἄστροις</span> <span class='ocrx_word' id='word_1_802' title='bbox 1570 5143 1658 5196; x_wconf 84' lang='grc' dir='ltr'>τὸν</span> <span class='ocrx_word' id='word_1_803' title='bbox 1692 5143 1937 5215; x_wconf 78' lang='grc' dir='ltr'>οὐρανὸν,</span> 
     </span>
    </p>
   </div>
   <div class='ocr_carea' id='block_1_101' title="bbox 366 5232 1941 5305">
    <p class='ocr_par' dir='ltr' id='par_1_101' title="bbox 366 5232 1941 5305">
     <span class='ocr_line' id='line_1_101' title="bbox 366 5232 1941 5305; baseline 0.002 -19"><span class='ocrx_word' id='word_1_804' title='bbox 366 5233 584 5301; x_wconf 66' lang='grc' dir='ltr'>ἤγειρεν</span> <span class='ocrx_word' id='word_1_805' title='bbox 609 5235 740 5304; x_wconf 58' lang='grc' dir='ltr'><strong>⁴ἡμῖν</strong></span> <span class='ocrx_word' id='word_1_806' title='bbox 766 5232 1111 5305; x_wconf 82' lang='grc' dir='ltr'>δικαιοσύνην</span> <span class='ocrx_word' id='word_1_807' title='bbox 1144 5234 1234 5288; x_wconf 77' lang='grc' dir='ltr'>τὸν</span> <span class='ocrx_word' id='word_1_808' title='bbox 1277 5232 1484 5305; x_wconf 79' lang='grc' dir='ltr'>Ἰησοῦν</span> <span class='ocrx_word' id='word_1_809' title='bbox 1517 5232 1941 5305; x_wconf 76' lang='grc' dir='ltr'>ἑκλυτρούμενον</span> 
     </span>
    </p>
   </div>
   <div class='ocr_carea' id='block_1_102' title="bbox 2034 4587 3622 4679">
    <p class='ocr_par' dir='ltr' id='par_1_102' title="bbox 2034 4587 3622 4679">
     <span class='ocr_line' id='line_1_102' title="bbox 2034 4587 3622 4679; baseline -0.009 -23"><span class='ocrx_word' id='word_1_810' title='bbox 2034 4600 2431 4679; x_wconf 86' lang='lat' dir='ltr'><strong>precabuntur,</strong></span> <span class='ocrx_word' id='word_1_811' title='bbox 2458 4596 2587 4668; x_wconf 89' lang='lat' dir='ltr'><strong>quia</strong></span> <span class='ocrx_word' id='word_1_812' title='bbox 2621 4596 2678 4651; x_wconf 91' lang='lat' dir='ltr'><strong>in</strong></span> <span class='ocrx_word' id='word_1_813' title='bbox 2716 4602 2770 4651; x_wconf 89' lang='lat' dir='ltr'><strong>te</strong></span> <span class='ocrx_word' id='word_1_814' title='bbox 2803 4594 2950 4649; x_wconf 91' lang='lat' dir='ltr'><strong>Deus</strong></span> <span class='ocrx_word' id='word_1_815' title='bbox 2985 4598 3089 4656; x_wconf 91' lang='lat' dir='ltr'><strong>est,</strong></span> <span class='ocrx_word' id='word_1_816' title='bbox 3116 4596 3173 4645; x_wconf 91' lang='lat' dir='ltr'><strong>et</strong></span> <span class='ocrx_word' id='word_1_817' title='bbox 3201 4603 3315 4644; x_wconf 89' lang='lat' dir='ltr'><strong>non</strong></span> <span class='ocrx_word' id='word_1_818' title='bbox 3351 4595 3438 4643; x_wconf 91' lang='lat' dir='ltr'><strong>est</strong></span> <span class='ocrx_word' id='word_1_819' title='bbox 3468 4587 3622 4642; x_wconf 84' lang='lat' dir='ltr'><strong>Deus</strong></span> 
     </span>
    </p>
   </div>
   <div class='ocr_carea' id='block_1_103' title="bbox 2039 4679 3706 4765">
    <p class='ocr_par' dir='ltr' id='par_1_103' title="bbox 2039 4679 3706 4765">
     <span class='ocr_line' id='line_1_103' title="bbox 2039 4679 3706 4765; baseline -0.01 -17"><span class='ocrx_word' id='word_1_820' title='bbox 2039 4702 2237 4765; x_wconf 66' lang='lat' dir='ltr'><strong>praeter</strong></span> <span class='ocrx_word' id='word_1_821' title='bbox 2274 4698 2347 4745; x_wconf 89' lang='lat' dir='ltr'><strong>te.</strong></span> <span class='ocrx_word' id='word_1_822' title='bbox 2385 4689 2468 4755; x_wconf 81' lang='lat' dir='ltr'><strong>Tu</strong></span> <span class='ocrx_word' id='word_1_823' title='bbox 2499 4687 2648 4743; x_wconf 90' lang='lat' dir='ltr'><strong>enim</strong></span> <span class='ocrx_word' id='word_1_824' title='bbox 2687 4702 2747 4742; x_wconf 92' lang='lat' dir='ltr'><strong>es</strong></span> <span class='ocrx_word' id='word_1_825' title='bbox 2778 4686 2944 4750; x_wconf 90' lang='lat' dir='ltr'><strong>Deus,</strong></span> <span class='ocrx_word' id='word_1_826' title='bbox 2968 4694 3025 4740; x_wconf 88' lang='lat' dir='ltr'><strong>et</strong></span> <span class='ocrx_word' id='word_1_827' title='bbox 3068 4681 3435 4747; x_wconf 88' lang='lat' dir='ltr'><strong>nescivimus;</strong></span> <span class='ocrx_word' id='word_1_828' title='bbox 3467 4679 3616 4734; x_wconf 89' lang='lat' dir='ltr'><strong>Deus</strong></span> <span class='ocrx_word' id='word_1_829' title='bbox 3702 4712 3706 4717; x_wconf 71' lang='grc'><em>»</em></span> 
     </span>
    </p>
   </div>
   <div class='ocr_carea' id='block_1_104' title="bbox 2039 4775 3619 4838">
    <p class='ocr_par' dir='ltr' id='par_1_104' title="bbox 2039 4775 3619 4838">
     <span class='ocr_line' id='line_1_104' title="bbox 2039 4775 3619 4838; baseline -0.009 0"><span class='ocrx_word' id='word_1_830' title='bbox 2039 4782 2208 4838; x_wconf 87' lang='lat' dir='ltr'><strong>Israel</strong></span> <span class='ocrx_word' id='word_1_831' title='bbox 2238 4779 2506 4834; x_wconf 88' lang='lat' dir='ltr'><strong>Salvator.</strong></span> <span class='ocrx_word' id='word_1_832' title='bbox 2536 4775 2957 4837; x_wconf 82' lang='lat' dir='ltr'><strong>Confundentur</strong></span> <span class='ocrx_word' id='word_1_833' title='bbox 2989 4781 3046 4831; x_wconf 88' lang='lat' dir='ltr'><strong>et</strong></span> <span class='ocrx_word' id='word_1_834' title='bbox 3078 4781 3396 4829; x_wconf 86' lang='lat' dir='ltr'><strong>avertentur</strong></span> <span class='ocrx_word' id='word_1_835' title='bbox 3424 4782 3619 4824; x_wconf 87' lang='lat' dir='ltr'><strong>omnes</strong></span> 
     </span>
    </p>
   </div>
   <div class='ocr_carea' id='block_1_105' title="bbox 2042 4858 3609 4935">
    <p class='ocr_par' dir='ltr' id='par_1_105' title="bbox 2042 4858 3609 4935">
     <span class='ocr_line' id='line_1_105' title="bbox 2042 4858 3609 4935; baseline -0.014 -2"><span class='ocrx_word' id='word_1_836' title='bbox 2042 4873 2397 4934; x_wconf 82' lang='lat' dir='ltr'><strong>adversantes</strong></span> <span class='ocrx_word' id='word_1_837' title='bbox 2441 4870 2515 4935; x_wconf 87' lang='lat' dir='ltr'><strong>ei,</strong></span> <span class='ocrx_word' id='word_1_838' title='bbox 2553 4877 2611 4924; x_wconf 89' lang='lat' dir='ltr'><strong>et</strong></span> <span class='ocrx_word' id='word_1_839' title='bbox 2639 4868 3001 4925; x_wconf 88' lang='lat' dir='ltr'><strong>ambulabunt</strong></span> <span class='ocrx_word' id='word_1_840' title='bbox 3047 4866 3105 4921; x_wconf 90' lang='lat' dir='ltr'><strong>in</strong></span> <span class='ocrx_word' id='word_1_841' title='bbox 3133 4863 3453 4922; x_wconf 81' lang='lat' dir='ltr'><strong>confusione</strong></span> <span class='ocrx_word' id='word_1_842' title='bbox 3490 4858 3561 4914; x_wconf 80' lang='grc'><strong>⁸⁸.</strong></span> <span class='ocrx_word' id='word_1_843' title='bbox 3586 4876 3609 4910; x_wconf 74' lang='grc' dir='ltr'><strong>ι</strong></span> 
     </span>
    </p>
   </div>
   <div class='ocr_carea' id='block_1_106' title="bbox 2043 4958 3633 5032">
    <p class='ocr_par' dir='ltr' id='par_1_106' title="bbox 2043 4958 3633 5032">
     <span class='ocr_line' id='line_1_106' title="bbox 2043 4958 3633 5032; baseline -0.009 -14"><span class='ocrx_word' id='word_1_844' title='bbox 2043 4965 2146 5032; x_wconf 85' lang='lat' dir='ltr'><strong>Qui</strong></span> <span class='ocrx_word' id='word_1_845' title='bbox 2176 4963 2325 5017; x_wconf 87' lang='lat' dir='ltr'><strong>enim</strong></span> <span class='ocrx_word' id='word_1_846' title='bbox 2356 4960 2566 5016; x_wconf 82' lang='lat' dir='ltr'><strong>creavit</strong></span> <span class='ocrx_word' id='word_1_847' title='bbox 2589 4968 2813 5025; x_wconf 87' lang='lat' dir='ltr'><strong>terram,</strong></span> <span class='ocrx_word' id='word_1_848' title='bbox 2855 4967 2913 5015; x_wconf 92' lang='lat' dir='ltr'><strong>et</strong></span> <span class='ocrx_word' id='word_1_849' title='bbox 2948 4958 3228 5013; x_wconf 89' lang='lat' dir='ltr'><strong>hominem</strong></span> <span class='ocrx_word' id='word_1_850' title='bbox 3269 4968 3435 5024; x_wconf 89' lang='lat' dir='ltr'><strong>super</strong></span> <span class='ocrx_word' id='word_1_851' title='bbox 3469 4965 3633 5017; x_wconf 39' lang='lat' dir='ltr'><strong>eam,</strong></span> 
     </span>
    </p>
   </div>
   <div class='ocr_carea' id='block_1_107' title="bbox 2045 5042 3618 5126">
    <p class='ocr_par' dir='ltr' id='par_1_107' title="bbox 2045 5042 3618 5126">
     <span class='ocr_line' id='line_1_107' title="bbox 2045 5042 3618 5126; baseline -0.008 -18"><span class='ocrx_word' id='word_1_852' title='bbox 2045 5055 2250 5126; x_wconf 89' lang='lat' dir='ltr'><strong>quique</strong></span> <span class='ocrx_word' id='word_1_853' title='bbox 2284 5052 2482 5111; x_wconf 83' lang='lat' dir='ltr'><strong>coelum</strong></span> <span class='ocrx_word' id='word_1_854' title='bbox 2508 5052 2680 5107; x_wconf 85' lang='lat' dir='ltr'><strong>stellis</strong></span> <span class='ocrx_word' id='word_1_855' title='bbox 2709 5050 2943 5115; x_wconf 85' lang='lat' dir='ltr'><strong>ornavit,</strong></span> <span class='ocrx_word' id='word_1_856' title='bbox 2971 5046 3232 5104; x_wconf 80' lang='lat' dir='ltr'><strong>excitavit</strong></span> <span class='ocrx_word' id='word_1_857' title='bbox 3256 5043 3418 5099; x_wconf 87' lang='lat' dir='ltr'><strong>nobis</strong></span> <span class='ocrx_word' id='word_1_858' title='bbox 3448 5042 3618 5113; x_wconf 80' lang='lat' dir='ltr'><strong>justi--</strong></span> 
     </span>
    </p>
   </div>
   <div class='ocr_carea' id='block_1_108' title="bbox 2046 5135 3619 5212">
    <p class='ocr_par' dir='ltr' id='par_1_108' title="bbox 2046 5135 3619 5212">
     <span class='ocr_line' id='line_1_108' title="bbox 2046 5135 3619 5212; baseline -0.009 -11"><span class='ocrx_word' id='word_1_859' title='bbox 2046 5148 2176 5201; x_wconf 89' lang='lat' dir='ltr'><strong>tiam</strong></span> <span class='ocrx_word' id='word_1_860' title='bbox 2200 5144 2406 5208; x_wconf 81' lang='lat' dir='ltr'><strong>Jesum,</strong></span> <span class='ocrx_word' id='word_1_861' title='bbox 2434 5143 2795 5199; x_wconf 88' lang='lat' dir='ltr'><strong>redimentem</strong></span> <span class='ocrx_word' id='word_1_862' title='bbox 2823 5141 2989 5212; x_wconf 84' lang='lat' dir='ltr'><strong>gratis</strong></span> <span class='ocrx_word' id='word_1_863' title='bbox 3020 5158 3031 5192; x_wconf 92' lang='lat'><strong>:</strong></span> <span class='ocrx_word' id='word_1_864' title='bbox 3066 5158 3084 5191; x_wconf 81' lang='grc' dir='ltr'><strong>ι</strong></span> <span class='ocrx_word' id='word_1_865' title='bbox 3113 5135 3400 5194; x_wconf 79' lang='lat' dir='ltr'><strong>Justiﬁcati</strong></span> <span class='ocrx_word' id='word_1_866' title='bbox 3427 5149 3619 5195; x_wconf 74' lang='lat' dir='ltr'><strong>sumus</strong></span> 
     </span>
    </p>
   </div>
   <div class='ocr_carea' id='block_1_109' title="bbox 2046 5226 3629 5309">
    <p class='ocr_par' dir='ltr' id='par_1_109' title="bbox 2046 5226 3629 5309">
     <span class='ocr_line' id='line_1_109' title="bbox 2046 5226 3629 5309; baseline -0.008 -18"><span class='ocrx_word' id='word_1_867' title='bbox 2046 5253 2145 5309; x_wconf 89' lang='lat' dir='ltr'><strong>per</strong></span> <span class='ocrx_word' id='word_1_868' title='bbox 2178 5235 2340 5291; x_wconf 76' lang='lat' dir='ltr'><strong>(idem</strong></span> <span class='ocrx_word' id='word_1_869' title='bbox 2368 5234 2438 5302; x_wconf 82' lang='grc'><strong>⁸⁷,</strong></span> <span class='ocrx_word' id='word_1_870' title='bbox 2472 5255 2490 5287; x_wconf 70' lang='grc' dir='ltr'><strong>ι</strong></span> <span class='ocrx_word' id='word_1_871' title='bbox 2524 5235 2848 5291; x_wconf 88' lang='lat' dir='ltr'><strong>liberantcm</strong></span> <span class='ocrx_word' id='word_1_872' title='bbox 2871 5248 2901 5286; x_wconf 87' lang='lat' dir='ltr'><strong>a</strong></span> <span class='ocrx_word' id='word_1_873' title='bbox 2929 5229 3164 5286; x_wconf 87' lang='lat' dir='ltr'><strong>vinculis</strong></span> <span class='ocrx_word' id='word_1_874' title='bbox 3189 5236 3246 5284; x_wconf 88' lang='lat' dir='ltr'><strong>et</strong></span> <span class='ocrx_word' id='word_1_875' title='bbox 3276 5226 3629 5298; x_wconf 65' lang='lat' dir='ltr'><strong>captivitate,L</strong></span> 
     </span>
    </p>
   </div>
   <div class='ocr_carea' id='block_1_110' title="bbox 366 5317 1923 5398">
    <p class='ocr_par' dir='ltr' id='par_1_110' title="bbox 366 5323 1923 5398">
     <span class='ocr_line' id='line_1_110' title="bbox 366 5323 1923 5398; baseline 0.004 -24"><span class='ocrx_word' id='word_1_876' title='bbox 366 5323 592 5396; x_wconf 58' lang='grc' dir='ltr'>δωρεάν</span> <span class='ocrx_word' id='word_1_877' title='bbox 655 5344 672 5377; x_wconf 74' lang='grc' dir='ltr'><strong>ι</strong></span> <span class='ocrx_word' id='word_1_878' title='bbox 709 5326 1116 5398; x_wconf 82' lang='grc' dir='ltr'>Δεδικαιώμεθα</span> <span class='ocrx_word' id='word_1_879' title='bbox 1165 5326 1273 5398; x_wconf 82' lang='grc' dir='ltr'><strong>γὰρ</strong></span> <span class='ocrx_word' id='word_1_880' title='bbox 1315 5326 1371 5379; x_wconf 75' lang='grc' dir='ltr'>ἐν</span> <span class='ocrx_word' id='word_1_881' title='bbox 1422 5325 1622 5390; x_wconf 81' lang='grc' dir='ltr'>πίστει,</span> <span class='ocrx_word' id='word_1_882' title='bbox 1666 5345 1683 5376; x_wconf 75' lang='grc' dir='ltr'><strong>ι</strong></span> <span class='ocrx_word' id='word_1_883' title='bbox 1729 5326 1923 5396; x_wconf 62' lang='grc' dir='ltr'>δεσμῶπ</span> 
     </span>
    </p>
   </div>
   <div class='ocr_carea' id='block_1_111' title="bbox 2021 5317 3617 5398">
    <p class='ocr_par' dir='ltr' id='par_1_111' title="bbox 2049 5317 3617 5398">
     <span class='ocr_line' id='line_1_111' title="bbox 2049 5317 3617 5398; baseline -0.008 -15"><span class='ocrx_word' id='word_1_884' title='bbox 2049 5328 2407 5383; x_wconf 76' lang='lat' dir='ltr'><strong>:cdificantem</strong></span> <span class='ocrx_word' id='word_1_885' title='bbox 2454 5326 2811 5398; x_wconf 89' lang='lat' dir='ltr'><strong>spiritualiter</strong></span> <span class='ocrx_word' id='word_1_886' title='bbox 2842 5320 3261 5377; x_wconf 87' lang='lat' dir='ltr'><strong>intellectualem</strong></span> <span class='ocrx_word' id='word_1_887' title='bbox 3294 5317 3617 5377; x_wconf 79' lang='lat' dir='ltr'><strong>Jerusalem.</strong></span> 
     </span>
    </p>
   </div>
   <div class='ocr_carea' id='block_1_112' title="bbox 323 5415 1944 5490">
    <p class='ocr_par' dir='ltr' id='par_1_112' title="bbox 323 5415 1944 5490">
     <span class='ocr_line' id='line_1_112' title="bbox 323 5415 1944 5490; baseline 0.004 -26"><span class='ocrx_word' id='word_1_888' title='bbox 323 5428 334 5463; x_wconf 69' lang='grc' dir='ltr'><strong>ι</strong></span> <span class='ocrx_word' id='word_1_889' title='bbox 369 5416 583 5469; x_wconf 80' lang='grc' dir='ltr'>ἀνιέντα</span> <span class='ocrx_word' id='word_1_890' title='bbox 608 5417 704 5469; x_wconf 55' lang='grc' dir='ltr'>καὶ.</span> <span class='ocrx_word' id='word_1_891' title='bbox 730 5418 1123 5490; x_wconf 76' lang='grc' dir='ltr'>αἰχμαλωσίας.</span> <span class='ocrx_word' id='word_1_892' title='bbox 1155 5415 1534 5486; x_wconf 79' lang='grc' dir='ltr'>οἰκοδομοῦντα</span> <span class='ocrx_word' id='word_1_893' title='bbox 1562 5416 1944 5487; x_wconf 84' lang='grc' dir='ltr'>πνευματικῶς</span> 
     </span>
    </p>
   </div>
   <div class='ocr_carea' id='block_1_113' title="bbox 367 5507 1946 5584">
    <p class='ocr_par' dir='ltr' id='par_1_113' title="bbox 367 5507 1946 5584">
     <span class='ocr_line' id='line_1_113' title="bbox 367 5507 1946 5584; baseline 0.002 -25"><span class='ocrx_word' id='word_1_894' title='bbox 367 5507 468 5576; x_wconf 69' lang='grc' dir='ltr'>τὴν</span> <span class='ocrx_word' id='word_1_895' title='bbox 510 5509 708 5579; x_wconf 67' lang='grc' dir='ltr'>νοητὴν</span> <span class='ocrx_word' id='word_1_896' title='bbox 760 5508 1131 5584; x_wconf 74' lang='grc' dir='ltr'>Ἰερουσαλὴμ,</span> <span class='ocrx_word' id='word_1_897' title='bbox 1170 5510 1263 5561; x_wconf 67' lang='grc' dir='ltr'><strong>καὶ</strong></span> <span class='ocrx_word' id='word_1_898' title='bbox 1297 5507 1649 5578; x_wconf 78' lang='grc' dir='ltr'>θεμελιοῦντα</span> <span class='ocrx_word' id='word_1_899' title='bbox 1688 5508 1784 5579; x_wconf 72' lang='grc' dir='ltr'>τὴν</span> <span class='ocrx_word' id='word_1_900' title='bbox 1825 5508 1946 5562; x_wconf 81' lang='grc' dir='ltr'><strong>Ἐκ-</strong></span> 
     </span>
    </p>
   </div>
   <div class='ocr_carea' id='block_1_114' title="bbox 442 5626 1302 5687">
    <p class='ocr_par' dir='ltr' id='par_1_114' title="bbox 442 5626 1302 5687">
     <span class='ocr_line' id='line_1_114' title="bbox 442 5626 1302 5687; baseline -0.005 -6"><span class='ocrx_word' id='word_1_901' title='bbox 442 5628 485 5657; x_wconf 73' lang='grc' dir='ltr'>’ί</span> <span class='ocrx_word' id='word_1_902' title='bbox 525 5629 625 5681; x_wconf 69' lang='lat' dir='ltr'><strong>lsn.</strong></span> <span class='ocrx_word' id='word_1_903' title='bbox 662 5644 783 5687; x_wconf 67' lang='lat' dir='ltr'><strong>XLV,</strong></span> <span class='ocrx_word' id='word_1_904' title='bbox 810 5629 873 5687; x_wconf 55' lang='grc' dir='ltr'><strong>θὶς</strong></span> <span class='ocrx_word' id='word_1_905' title='bbox 910 5626 1052 5679; x_wconf 73' lang='lat' dir='ltr'><strong>Psal.</strong></span> <span class='ocrx_word' id='word_1_906' title='bbox 1076 5643 1179 5687; x_wconf 68' lang='lat' dir='ltr'><strong>m1,</strong></span> <span class='ocrx_word' id='word_1_907' title='bbox 1222 5626 1302 5679; x_wconf 71' lang='lat' dir='ltr'><strong>Hi.</strong></span> 
     </span>
    </p>
   </div>
   <div class='ocr_carea' id='block_1_115' title="bbox 1408 5623 1846 5689">
    <p class='ocr_par' dir='ltr' id='par_1_115' title="bbox 1408 5623 1846 5689">
     <span class='ocr_line' id='line_1_115' title="bbox 1408 5623 1846 5689; baseline 0.005 -11"><span class='ocrx_word' id='word_1_908' title='bbox 1408 5623 1452 5655; x_wconf 77' lang='lat'><strong>&#39;”</strong></span> <span class='ocrx_word' id='word_1_909' title='bbox 1484 5624 1582 5679; x_wconf 72' lang='lat' dir='ltr'><strong>lsn.</strong></span> <span class='ocrx_word' id='word_1_910' title='bbox 1616 5641 1755 5689; x_wconf 64' lang='lat' dir='ltr'><strong>VHX,</strong></span> <span class='ocrx_word' id='word_1_911' title='bbox 1794 5628 1846 5680; x_wconf 83' lang='lat'><strong>9.</strong></span> 
     </span>
    </p>
   </div>
   <div class='ocr_carea' id='block_1_116' title="bbox 375 5692 1876 5767">
    <p class='ocr_par' dir='ltr' id='par_1_116' title="bbox 375 5692 1876 5767">
     <span class='ocr_line' id='line_1_116' title="bbox 375 5692 1876 5767; baseline -0.003 -16"><span class='ocrx_word' id='word_1_912' title='bbox 375 5709 434 5767; x_wconf 70' lang='grc' dir='ltr'><strong>ι’)</strong></span> <span class='ocrx_word' id='word_1_913' title='bbox 462 5697 546 5760; x_wconf 65' lang='grc' dir='ltr'>δι),</span> <span class='ocrx_word' id='word_1_914' title='bbox 623 5698 669 5726; x_wconf 65' lang='grc'><strong>³⁵</strong></span> <span class='ocrx_word' id='word_1_915' title='bbox 706 5698 946 5765; x_wconf 39' lang='lat' dir='ltr'><strong>Isaatv,</strong></span> <span class='ocrx_word' id='word_1_916' title='bbox 990 5699 1181 5762; x_wconf 56' lang='lat'><strong>12,115.</strong></span> <span class='ocrx_word' id='word_1_917' title='bbox 1263 5696 1303 5725; x_wconf 69' lang='lat'><strong>&quot;’</strong></span> <span class='ocrx_word' id='word_1_918' title='bbox 1334 5697 1491 5759; x_wconf 60' lang='lat' dir='ltr'><strong>110m.</strong></span> <span class='ocrx_word' id='word_1_919' title='bbox 1537 5711 1585 5759; x_wconf 66' lang='grc' dir='ltr'>ι’,</span> <span class='ocrx_word' id='word_1_920' title='bbox 1617 5696 1667 5753; x_wconf 17' lang='grc'><strong>1.,</strong></span> <span class='ocrx_word' id='word_1_921' title='bbox 1872 5692 1876 5703; x_wconf 88' lang='grc'><em>’</em></span> 
     </span>
    </p>
   </div>
   <div class='ocr_carea' id='block_1_117' title="bbox 1263 5696 1667 5759">
    <p class='ocr_par' dir='ltr' id='par_1_117' title="bbox 1263 5696 1667 5759">
     <span class='ocr_line' id='line_1_117' title="bbox 1263 5696 1667 5759; baseline -0.002 -11"><span class='ocrx_word' id='word_1_922' title='bbox 1263 5696 1303 5725; x_wconf 68' lang='grc'><strong>⁸⁷</strong></span> <span class='ocrx_word' id='word_1_923' title='bbox 1334 5697 1491 5759; x_wconf 63' lang='lat' dir='ltr'><strong>unua,</strong></span> <span class='ocrx_word' id='word_1_924' title='bbox 1537 5711 1585 5759; x_wconf 69' lang='grc' dir='ltr'>ι’,</span> <span class='ocrx_word' id='word_1_925' title='bbox 1617 5696 1667 5753; x_wconf 65' lang='lat' dir='ltr'><strong>l.</strong></span> 
     </span>
    </p>
   </div>
   <div class='ocr_carea' id='block_1_118' title="bbox 1982 5622 2649 5689">
    <p class='ocr_par' dir='ltr' id='par_1_118' title="bbox 1982 5622 2649 5689">
     <span class='ocr_line' id='line_1_118' title="bbox 1982 5622 2649 5689; baseline -0.012 -6"><span class='ocrx_word' id='word_1_926' title='bbox 1982 5623 2027 5656; x_wconf 82' lang='grc'><strong>⁸³</strong></span> <span class='ocrx_word' id='word_1_927' title='bbox 2062 5624 2186 5683; x_wconf 76' lang='lat' dir='ltr'><strong>Job.</strong></span> <span class='ocrx_word' id='word_1_928' title='bbox 2226 5639 2442 5689; x_wconf 75' lang='lat' dir='ltr'><strong>xxxvul,</strong></span> <span class='ocrx_word' id='word_1_929' title='bbox 2468 5622 2649 5678; x_wconf 76' lang='lat'><strong>16—17.</strong></span> 
     </span>
    </p>
   </div>
   <div class='ocr_carea' id='block_1_119' title="bbox 2050 5406 3627 5486">
    <p class='ocr_par' dir='ltr' id='par_1_119' title="bbox 2050 5406 3627 5486">
     <span class='ocr_line' id='line_1_119' title="bbox 2050 5406 3627 5486; baseline -0.005 -14"><span class='ocrx_word' id='word_1_930' title='bbox 2050 5428 2106 5474; x_wconf 82' lang='lat' dir='ltr'><strong>et</strong></span> <span class='ocrx_word' id='word_1_931' title='bbox 2126 5418 2443 5475; x_wconf 85' lang='lat' dir='ltr'><strong>fundantem</strong></span> <span class='ocrx_word' id='word_1_932' title='bbox 2465 5417 2785 5481; x_wconf 85' lang='lat' dir='ltr'><strong>Ecclesiam,</strong></span> <span class='ocrx_word' id='word_1_933' title='bbox 2819 5430 2941 5486; x_wconf 67' lang='lat' dir='ltr'><strong>qum</strong></span> <span class='ocrx_word' id='word_1_934' title='bbox 2965 5414 3033 5469; x_wconf 89' lang='lat' dir='ltr'><strong>ab</strong></span> <span class='ocrx_word' id='word_1_935' title='bbox 3064 5412 3197 5483; x_wconf 88' lang='lat' dir='ltr'><strong>ipsis</strong></span> <span class='ocrx_word' id='word_1_936' title='bbox 3228 5409 3421 5465; x_wconf 81' lang='lat' dir='ltr'><strong>inferni</strong></span> <span class='ocrx_word' id='word_1_937' title='bbox 3444 5406 3627 5478; x_wconf 55' lang='lat' dir='ltr'><strong>portis</strong></span> 
     </span>
    </p>
   </div>
   <div class='ocr_carea' id='block_1_120' title="bbox 2053 5498 3623 5577">
    <p class='ocr_par' dir='ltr' id='par_1_120' title="bbox 2053 5498 3623 5577">
     <span class='ocr_line' id='line_1_120' title="bbox 2053 5498 3623 5577; baseline -0.007 -13"><span class='ocrx_word' id='word_1_938' title='bbox 2053 5510 2384 5564; x_wconf 80' lang='lat' dir='ltr'><strong>commoveri</strong></span> <span class='ocrx_word' id='word_1_939' title='bbox 2416 5524 2526 5563; x_wconf 86' lang='lat' dir='ltr'><strong>non</strong></span> <span class='ocrx_word' id='word_1_940' title='bbox 2558 5507 2749 5577; x_wconf 87' lang='lat' dir='ltr'><strong>possit,</strong></span> <span class='ocrx_word' id='word_1_941' title='bbox 2778 5522 2881 5561; x_wconf 83' lang='lat' dir='ltr'><strong>nec</strong></span> <span class='ocrx_word' id='word_1_942' title='bbox 2905 5505 2974 5560; x_wconf 89' lang='lat' dir='ltr'><strong>ab</strong></span> <span class='ocrx_word' id='word_1_943' title='bbox 3004 5502 3241 5560; x_wconf 84' lang='lat' dir='ltr'><strong>inimicis</strong></span> <span class='ocrx_word' id='word_1_944' title='bbox 3263 5500 3426 5555; x_wconf 77' lang='lat' dir='ltr'><strong>vinci.</strong></span> <span class='ocrx_word' id='word_1_945' title='bbox 3463 5498 3623 5554; x_wconf 83' lang='lat' dir='ltr'><strong>llunc</strong></span> 
     </span>
    </p>
   </div>
   <div class='ocr_carea' id='block_1_121' title="bbox 2782 5616 3642 5684">
    <p class='ocr_par' dir='ltr' id='par_1_121' title="bbox 2782 5616 3642 5684">
     <span class='ocr_line' id='line_1_121' title="bbox 2782 5616 3642 5684; baseline -0.002 -7"><span class='ocrx_word' id='word_1_946' title='bbox 2782 5621 2825 5652; x_wconf 73' lang='grc' dir='ltr'><strong>δ”</strong></span> <span class='ocrx_word' id='word_1_947' title='bbox 2855 5622 3008 5677; x_wconf 84' lang='lat' dir='ltr'><strong>Joan.</strong></span> <span class='ocrx_word' id='word_1_948' title='bbox 3058 5635 3166 5684; x_wconf 80' lang='lat' dir='ltr'><strong>\‘lll,</strong></span> <span class='ocrx_word' id='word_1_949' title='bbox 3202 5617 3287 5674; x_wconf 72' lang='lat' dir='ltr'><strong>l5.</strong></span> <span class='ocrx_word' id='word_1_950' title='bbox 3392 5623 3437 5657; x_wconf 78' lang='grc'>⁸⁸</span> <span class='ocrx_word' id='word_1_951' title='bbox 3470 5616 3642 5677; x_wconf 59' lang='grc' dir='ltr'>ἰοιιῐξια.</span> 
     </span>
    </p>
   </div>
  </div>
