4052 6212
459 313 530 371 95
1441 322 1497 378 S.
1540 321 1813 380 CYRILLI
1852 327 2325 387 ALEXANDRINI
2363 331 2680 391 ARCIIIEP.
3653 345 3720 405 96

456 426 755 482 secundum
779 435 1028 482 naturam
1059 428 1232 484 Deum
1252 430 1603 486 exsistentcm
1625 444 2024 505 cognoscentes

2142 436 2391 510 κλησίαν,
2423 440 2498 505 ὡς
2522 443 2616 496 καὶ
2644 443 2831 508 αὑταῖς
2859 444 3250 501 ἀκατάσειστον
3284 442 3424 504 εῖναι
3450 453 3570 518 ταῖς
3591 453 3719 526 ᾅδου

457 518 494 571 ii
520 517 614 587 qui
647 519 776 572 olim
802 529 1143 585 erraverant,
1177 521 1406 576 dicunt:
1445 543 1462 574 ι
1492 523 1574 578 Tu
1596 525 1745 579 enim
1777 541 1838 580 es
1889 527 2036 582 Deus

378 669 383 672 Α
456 618 664 675 noster,
687 619 744 664 et
768 612 1120 677 nescivimus,
1143 623 1328 668 etnon
1348 616 1592 671 estDeus
1615 626 1813 686 praeter
1841 626 1891 673 te
1913 617 1979 671 ⁸⁸.
2008 638 2026 670 ι

455 701 612 756 Hune
645 703 975 769 adorabunt,
1008 705 1138 760 huic
1176 723 1233 762 se
1261 707 1444 763 ﬁectet
1479 727 1497 759 ι
1526 723 1688 764 omne
1727 726 1891 781 genu,
1918 727 2036 766 om-

454 793 650 863 nisque
709 795 892 864 lingua
939 797 1310 864 conﬁtebitur,
1371 802 1518 870 quod
1559 802 1824 858 Dominus
1873 805 2032 863 Jesus

453 883 707 939 Christus
733 886 787 939 in
810 887 987 956 gloria
1025 898 1110 944 est
1141 890 1238 944 Dei
1273 892 1450 947 Patris
1469 891 1535 948 ‘9.
1569 913 1587 946 ι
1633 894 1773 950 Huic
1807 897 2031 967 quidam

452 989 520 1028 ex
561 975 825 1030 lsraelitis
867 978 1136 1034 obsistere
1182 988 1313 1036 sunt
1365 983 1580 1050 conati;
1634 985 1848 1041 confusi
1899 1003 2032 1043 vero

451 1073 600 1130 sunt,
627 1074 683 1120 et
705 1067 1086 1135 conciderunt,
1107 1079 1162 1124 et
1184 1079 1485 1127 retrorsum
1509 1074 1714 1140 ierunt,
1728 1077 1880 1146 juxta
1906 1093 2032 1148 pro-

452 1158 631 1226 phetae
655 1173 866 1212 vocem.
890 1159 1063 1230 Cyrus
1091 1161 1295 1232 itaque,
1317 1163 1600 1237 Cambysis
1631 1167 1795 1233 ﬁlius,
1831 1169 2031 1225 funda-

453 1248 532 1302 vit
556 1249 820 1318 templum
850 1251 947 1304 Dei
977 1251 1032 1305 in
1068 1253 1461 1327 Hierosolymis
1495 1257 1551 1311 in
1590 1266 1778 1329 typum
1799 1260 2025 1316 Christi.

451 1338 606 1405 Quod
636 1355 767 1394 vero
813 1341 930 1410 ipse
971 1343 1294 1401 Emmanuel
1335 1364 1451 1402 rem
1491 1349 1634 1405 hane
1672 1351 2030 1420 spiritualiter

451 1437 598 1484 esset
624 1431 992 1501 perfecturus,
1025 1451 1125 1504 per
1166 1437 1326 1492 aliam
1367 1441 1551 1494 statim
1594 1442 1824 1512 ﬁguram
1865 1445 2028 1499 intel-

449 1524 604 1591 liges.
637 1524 933 1593 Postquam
965 1528 1111 1582 enim
1142 1529 1317 1600 Cyrus
1351 1532 1608 1588 lsraelem
1641 1551 1670 1588 a
1701 1536 2028 1608 Babylonica

451 1615 718 1670 servitute
743 1617 1016 1685 liberavit,
1042 1621 1211 1676 duces
1243 1625 1425 1679 statim
1465 1641 1529 1680 ac
1555 1629 1725 1683 veluti
1751 1629 2029 1700 principes

452 1706 640 1774 populi
672 1706 940 1778 designati
965 1719 1111 1774 sunt,
1134 1712 1437 1770 Zorobabel
1471 1715 1617 1772 ﬁlius
1649 1717 1930 1785 Salathiel,
1960 1737 2027 1776 ex

2137 530 2352 597 πύλαις,
2407 532 2503 586 καὶ
2541 533 2813 589 ἀνάλωτον
2856 537 3093 610 ἐχθροῖς.
3150 537 3350 595 Τοῦτον
3409 542 3539 598 ὄντα
3587 546 3720 625 Θεὸν

2135 621 2276 674 κατά
2302 623 2462 688 φύσιν
2478 623 2931 693 ἐπιγινώσκοντες
2965 630 3015 682 οἱ
3044 629 3207 684 πάλαι
3235 631 3600 705 πλανώμενοι,
3629 621 3719 693 λέ-

2134 727 2314 779 γουσι·
2353 730 2372 764 ι
2409 715 2482 769 Σὺ
2527 715 2636 786 γὰρ
2683 713 2734 769 εῐ
2780 718 2911 782 Θεὸς
2947 720 3126 791 ἡμῶν,
3178 723 3273 776 καὶ
3322 725 3423 778 οὐκ
3475 728 3716 800 ⁴ᾔδειμεν.

2133 804 2243 858 Καὶ
2265 804 2367 858 οὒκ
2390 805 2506 860 ἔστι
2528 807 2662 872 Θεὸς
2684 810 2823 881 πλὴν
2848 810 2964 865 σοῦ.
2997 831 3016 863 ι
3045 813 3232 886 Τούτῳ
3255 821 3718 890 προσκυνήσουσι,

2133 896 2306 969 τοῦτῳ
2337 898 2542 969 κάμψει
2583 920 2602 952 ι
2639 903 2746 955 πᾶν
2781 903 2930 972 γόνυ,
2964 904 3058 958 καὶ
3089 908 3238 961 πᾶσα
3269 908 3492 977 γλῶσσα
3525 909 3719 981 ἐξομο-

2132 986 2421 1060 λογήσεται
2448 993 2530 1044 ὅτι
2557 990 2758 1063 Κύριος
2793 995 2999 1066 Ἰησοῦς
3027 998 3263 1068 Χριστὸς
3291 1003 3369 1064 είς
3397 1002 3554 1069 δόξαν
3583 1003 3719 1058 Θεοῦ

2133 1079 2366 1151 Πατρός.
2402 1100 2420 1133 ι
2442 1081 2628 1154 Τούτῳ
2655 1084 3056 1157 τετολμήκασιν
3079 1089 3397 1161 ἀντιστῆναί
3432 1111 3576 1159 τινες
3608 1095 3720 1150 τῶν

2131 1170 2190 1236 ὲξ
2231 1173 2469 1243 Ἰσραήλ.
2498 1175 2962 1246 Κατῃσχύνθησαν
2981 1178 3036 1232 δὲ
3064 1180 3158 1234 καὶ
3180 1181 3525 1250 πεπτώκασι,
3545 1188 3639 1240 καὶ
3660 1189 3721 1241 tv

2131 1265 2306 1333 τροπῇ
2351 1263 2720 1334 πεπόρευνται
2752 1269 2894 1322 κατὰ
2928 1271 3027 1341 τὴν
3053 1271 3145 1325 τοῦ
3194 1274 3472 1344 προφήτου
3510 1279 3719 1349 φωνήν.

2131 1350 2313 1422 Κῦρος
2337 1353 2434 1422 μὲν
2458 1349 2550 1407 οὖν
2573 1355 2601 1407 6
2618 1356 2938 1427 Καμϐύσου,
2964 1359 3328 1431 τεθεμελίωκε
3345 1365 3437 1416 τὸν
3461 1364 3606 1420 οἷκον
3624 1368 3719 1422 τοῦ

2130 1441 2267 1494 Θεοῦ
2295 1442 2388 1496 τὸν
2413 1445 2470 1499 tv
2505 1445 2916 1518 Ἰεροσολύμοις,
2941 1452 3020 1514 είς
3047 1451 3215 1508 τύπον
3241 1456 3500 1526 Χριστοῦ.
3520 1459 3640 1513 Ὅτι
3660 1459 3720 1513 δὲ

2131 1531 2293 1595 αὐτὸς
2325 1531 2549 1602 ἔμελλεν
2575 1536 2604 1587 6
2648 1536 2994 1610 Ἐμμανουήλ
3020 1541 3411 1612 ἀποπεραίνειν
3436 1545 3496 1600 τὸ
3526 1547 3721 1618 χρῆμα

2131 1623 2515 1693 πνευματικῶς
2544 1642 2605 1678 τε
2628 1627 2722 1680 καὶ
2745 1628 3076 1698 νοητῶς,καὶ
3092 1631 3158 1685 δι’
3183 1633 3375 1704 ἐτέρας
3403 1637 3565 1700 εὐθὺς
3595 1639 3723 1702 ἀνα-

2134 1710 2294 1781 μάθοι
2329 1730 2414 1777 τις
2438 1714 2503 1768 ἂν
2559 1715 2786 1780 εἰκόνος.
2831 1718 3049 1791 Ἐπειδὴ
3081 1721 3192 1793 γὰρ
3223 1723 3323 1794 τῆς
3361 1726 3418 1779 tv
3438 1727 3722 1782 Βαϐυλῶνι

453 1796 599 1851 tribu
624 1797 784 1864 Juda,
801 1807 857 1854 et
878 1801 1038 1857 Jesus
1059 1801 1202 1858 ﬁlius
1228 1805 1459 1862 Josedec
1477 1811 1735 1866 sacerdos
1757 1828 1986 1884 magnus
2011 1831 2024 1868 :

2132 1802 2377 1868 δουλείας
2420 1805 2621 1876 ἀνῆκεν
2659 1810 2687 1862 6
2724 1809 2908 1881 Κῦρος
2954 1790 3046 1865 τὸν
3103 1790 3354 1887 Ἰσραήλ’
3405 1818 3722 1890 καθηγηταὶ

451 1889 809 1957 qnibus,cum
837 1893 1266 1967 Hierosolymam
1292 1902 1694 1969 pervenissent,
1714 1919 1814 1974 per
1837 1921 2024 1962 vocem

2132 1897 2472 1967 παραχρῆμα
2502 1898 2595 1950 καὶ
2635 1900 2798 1954 οἱονεί
2837 1918 2952 1967 πως
2975 1903 3300 1976 ἐξάρχοντες
3343 1889 3721 1966 ἀνεδείκνυντο

451 1979 630 2051 Aggaei
661 1986 941 2053 prophetas
958 1989 1101 2044 Deus
1126 1990 1322 2046 domus
1341 2007 1452 2048 suae
1468 1997 1815 2051 exstruendaz
1838 2012 2024 2056 curam

2129 1984 2222 2038 τοῦ
2249 1985 2402 2049 λαοῦ,
2427 1988 2733 2060 Ζοροϐάϐελ
2769 1994 2798 2045 6
2822 1993 2915 2046 τοῦ
2942 1995 3210 2069 Σαλαθιήλ
3236 2000 3300 2052 ὲκ
3323 1999 3496 2071 φυλῆς
3523 2002 3719 2069 Ἰοῦδα,

452 2070 703 2142 injungit.
737 2073 818 2129 lta
848 2077 996 2130 enim
1025 2079 1289 2161 scripturn
1315 2093 1399 2138 est
1428 2101 1440 2136 :
1479 2103 1498 2134 ι
1525 2085 1584 2138 In
1614 2101 1758 2142 anno
1785 2089 2029 2145 secundo

450 2161 601 2216 Darii
648 2165 811 2235 regis,
852 2167 906 2221 in
941 2185 1129 2226 mense
1156 2183 1328 2239 sexto,
1361 2175 1416 2229 in
1446 2175 1534 2232 die
1558 2193 1667 2233 una
1695 2180 1921 2247 mensis,
1953 2181 2031 2236 fa-

452 2261 600 2308 ctum
614 2267 700 2310 est
716 2257 942 2312 verbum
961 2261 1172 2318 Domini
1191 2263 1244 2318 in
1267 2281 1430 2320 manu
1448 2268 1624 2339 Aggaei
1641 2271 2030 2340 prophetae,di—

391 2359 396 2370 ’
450 2357 582 2398 cens
605 2361 618 2397 :
645 2345 933 2416 Alloqucre
950 2349 1274 2416 Zorobabcl,
1297 2352 1469 2409 ﬁlium
1487 2356 1771 2424 Salatbiel,
1789 2375 1857 2414 ex
1882 2360 2028 2417 tribu

447 2431 673 2498 Juda,et
688 2436 896 2502 Jesum,
914 2438 1087 2495 ﬁlium
1111 2441 1364 2511 Josedec,
1379 2448 1720 2505 sacerdotem
1747 2467 2026 2524 magnum,

451 2525 643 2582 dicens
691 2546 704 2582 :
750 2529 876 2586 Haac
933 2532 1012 2586 ait
1056 2533 1326 2592 Dominus
1374 2540 1762 2610 omnipotens:
1792 2545 2034 2616 Populus

449 2618 556 2674 iste
578 2619 711 2675 dicit
733 2638 746 2674 :
770 2622 1025 2678 Nondum
1047 2627 1200 2682 venit
1239 2639 1458 2701 tempus
1472 2633 1776 2691 aediﬁcandi
1804 2637 2029 2695 domum

449 2709 687 2766 Domini.
731 2713 800 2769 Et
848 2714 1053 2770 factum
1099 2727 1184 2773 est
1228 2708 1460 2777 verbum
1506 2725 1721 2781 Domini
1763 2728 1820 2783 in
1863 2745 2026 2789 manu

447 2799 629 2872 Aggazi
661 2801 769 2873 56
805 2806 1109 2875 prophetae,
1153 2809 1343 2868 dicens
1383 2831 1395 2867 :
1437 2815 1579 2870 Num
1618 2826 1832 2891 tempus
1870 2823 2028 2881 vobis

447 2901 551 2956 est,
595 2899 655 2946 ut
694 2893 956 2951 habitetis
993 2898 1051 2953 in
1084 2899 1340 2959 domibus
1379 2908 1636 2964 concavis
1676 2927 1688 2962 :
1733 2920 1791 2968 at
1829 2911 2027 2970 domus

447 2981 665 3039 Domini
711 2985 930 3044 deserta
967 2999 1052 3045 est
1097 2994 1222 3047 °°?i
1267 2996 1335 3051 Et
1374 3007 1497 3071 post
1537 3016 1709 3070 pauca
1753 3017 1972 3056 rursum
2007 3023 2020 3058 :

2130 2076 2226 2130 καὶ
2276 2078 2481 2149 Ἰησοῦς
2515 2082 2543 2134 6
2571 2081 2666 2135 τοῦ
2723 2083 2971 2140 Ἰωσεδὲκ
3018 2088 3047 2140 6
3085 2089 3264 2159 ἱερεὺς
3315 2091 3344 2143 6
3384 2091 3578 2161 μέγας.
3619 2089 3721 2158 Οἷς

2129 2169 2225 2223 καὶ
2254 2170 2579 2243 ἀφιγμένοις
2603 2177 2682 2239 είς
2715 2176 3084 2248 Ἰεροσόλυμα,
3112 2180 3203 2233 διὰ
3246 2184 3429 2255 φωνῆς
3457 2184 3717 2253 ’Λγγαίου

2126 2262 2223 2316 τοῦ
2263 2267 2543 2336 προφήτου
2587 2268 2684 2338 τῆς
2722 2269 2802 2332 είς
2849 2269 2941 2323 τὸν
2971 2266 3117 2324 οἷκον
3163 2271 3381 2342 ἔχεσθαι
3429 2275 3718 2346 φιλεργίας

2128 2354 2461 2428 ἐπισκήπτει
2505 2359 2656 2422 Θεός.
2710 2359 3020 2431 Γέγραπται
3073 2362 3183 2434 γὰρ
3225 2363 3402 2417 οὕτω·
3441 2383 3461 2418 ι
3505 2367 3594 2418 Ἐν
3633 2367 3718 2437 τῷ

2127 2447 2366 2521 δευτέρῳ
2396 2449 2507 2503 ἔτει
2550 2451 2642 2504 ἐπὶ
2676 2453 2903 2524 Δαρείου
2945 2453 3039 2506 τοῦ
3084 2454 3348 2523 βασιλέως
3377 2459 3436 2512 tv
3468 2457 3547 2528 τῷ
3582 2458 3718 2529 μηνὶ

2126 2539 2206 2610 τῷ
2245 2539 2408 2610 ἕκτῳ,
2447 2542 2545 2612 μιᾷ
2580 2542 2676 2594 τοῦ
2719 2543 2908 2615 μηνὸς,
2955 2545 3172 2614 ἐγένετο
3197 2548 3358 2616 λόγος
3407 2548 3615 2619 Κυρίου
3654 2551 3719 2604 tv

2127 2629 2272 2700 χειρὶ
2327 2631 2584 2698 Ἀγγαίου
2624 2632 2719 2686 τοῦ
2769 2637 3052 2706 προφήτου
3108 2637 3304 2706 λέγων,
3343 2639 3518 2694 Εἰπὸν
3576 2641 3718 2713 πρὸς

2126 2719 2433 2792 Ζοροϐάϐελ
2474 2722 2568 2777 τὸν
2621 2723 2714 2778 τοῦ
2748 2723 3016 2797 Σαλαθιήλ
3066 2728 3157 2782 τὸν
3199 2730 3263 2782 ὲκ
3297 2729 3472 2800 φυλῆς
3521 2731 3715 2797 Ἰούδα,

2126 2812 2222 2864 καὶ
2241 2812 2386 2886 πρὸς
2429 2812 2635 2885 Ἰησοῦν
2663 2815 2754 2870 τὸν
2784 2817 2877 2871 τοῦ
2919 2818 3163 2872 Ἰωσεδὲκ
3187 2819 3279 2873 τὸν
3318 2820 3469 2894 ίερέα
3495 2822 3584 2876 τὸν
3614 2823 3718 2891 μέ-

2124 2919 2249 2972 γαν,
2281 2903 2490 2972 λέγων·
2545 2907 2682 2961 Τάδε
2734 2908 2882 2976 λέγει
2929 2909 3134 2980 Κύριος
3168 2913 3601 2986 παντοκράτωρο
3657 2915 3717 2972 '0

2125 2993 2252 3057 λαὸς
2281 2988 2434 3057 οὗτος
2461 2995 2740 3064 λέγουσιν’
2784 3001 2897 3070 Οὐχ
2925 3002 3051 3071 ἥκει
3083 3004 3112 3055 6
3156 3004 3346 3074 καιρὸς
3381 3005 3477 3059 τοῦ
3506 3008 3718 3062 οἰκοδο.

455 3092 473 3124 ι
505 3074 574 3128 Ει
615 3077 902 3134 suscitavit
951 3082 1217 3141 Dominus
1263 3088 1517 3157 spiritum
1573 3089 1874 3142 Zorobabcl
1925 3089 2024 3145 ﬁlii

455 3164 708 3193 nn‘nl‘.:-l
761 3171 822 3193 ΑΙ-
859 3173 1003 3193 -..ειη
1043 3175 1164 3193 1,1,
1230 3183 1271 3193 Α.
1307 3192 1312 3193 ,
1365 3177 1377 3190 ι
1419 3179 1451 3193 ν-
1594 3180 1616 3193 ς
1746 3181 1834 3193 Α...
1873 3183 1896 3193 ς

2130 3083 2299 3154 μῆσαι
2332 3085 2424 3138 τὸν
2452 3088 2599 3141 οἶκον
2629 3090 2858 3162 Κυρίου.
2893 3094 3002 3148 Καὶ
3034 3096 3250 3165 ἐγένετο
3285 3098 3442 3168 λόγος
3470 3100 3528 3152 tv
3567 3101 3720 3172 χειρὶ

447 3164 732 3234 Salatbiel,
757 3171 826 3226 de
859 3173 1006 3226 tribu
1035 3175 1198 3240 Juda,
1220 3183 1276 3229 et
1299 3177 1554 3246 spiritum
1587 3180 1716 3238 Jesu
1741 3181 1838 3235 ﬁlii
1866 3183 2023 3242 Jose-

444 3256 578 3322 dec,
633 3261 938 3316 sacerdotis
994 3265 1218 3334 magni,
1261 3273 1318 3320 et
1378 3269 1633 3338 spiritum
1678 3274 2023 3346 reliquorum

445 3351 626 3406 omnis
659 3353 846 3423 pepuli
877 3371 890 3407 :
926 3363 982 3409 et
1011 3356 1238 3427 ingressi
1274 3367 1424 3426 sunt,
1461 3370 1518 3416 et
1548 3363 1824 3423 faciebant
1855 3386 2024 3440 opera

447 3441 500 3495 in
543 3443 708 3498 domo
751 3446 1402 3520 Dominiomnipotentis
1442 3453 1540 3510 Dei
1584 3457 1670 3512 sui
1713 3459 1779 3512 ⁹¹.
1817 3479 1835 3511 ι
1886 3462 2023 3518 Vide

446 3533 630 3604 itaque
663 3536 867 3606 duplici
895 3547 1023 3610 typo
1051 3557 1115 3596 ac
1143 3541 1314 3614 ﬁgura
1345 3560 1663 3616 expressum
1691 3551 2024 3610 Emmanue-

445 3625 574 3690 lcm,
607 3643 790 3698 regem
825 3632 1070 3700 quidem,
1107 3635 1280 3691 veluti
1319 3637 1376 3691 in
1411 3638 1735 3715 Zorobabel,
1775 3646 1870 3716 qui
1903 3657 2025 3706 erat

444 3731 512 3770 ex
543 3718 686 3772 tribu
711 3720 871 3787 Juda,
888 3739 1010 3792 quae
1039 3733 1154 3779 tum
1176 3729 1440 3798 temporis
1459 3731 1724 3801 regnabat
1752 3735 1807 3790 in
1832 3736 2021 3796 lsrael.

446 3806 734 3865 Summum
767 3828 898 3868 vero
936 3817 1271 3885 pontiﬁcem,
1304 3828 1365 3874 ut
1407 3820 1462 3876 in
1505 3839 1702 3897 magno
1739 3829 2023 3886 sacerdote

443 3901 691 3971 ejusdem
721 3920 846 3959 cum
873 3905 1094 3963 Christo
1123 3912 1380 3979 nominis,
1423 3931 1639 3972 necnon
1695 3918 1892 3975 ducem
1922 3923 2024 3982 via:

448 3991 504 4045 in
539 4002 781 4049 sanctam
815 3997 1092 4054 civitatem
1124 4016 1154 4056 c
1188 4010 1335 4057 terra
1371 4004 1822 4076 alienigenarum,
1846 4010 2022 4085 Baby-

444 4082 722 4140 loniorum
755 4089 1000 4158 inquam.
1043 4093 1177 4150 Vide
1203 4095 1368 4149 etiam
1396 4097 1761 4155 architectum
1797 4117 1861 4157 ac
1892 4120 2023 4176 pre-

444 4183 758 4230 curatorem
797 4179 970 4233 sancti
999 4182 1208 4250 templi.
1235 4182 1539 4252 Sequentes
1560 4188 1706 4242 enim
1737 4206 1836 4259 per
1858 4191 2022 4249 ﬁdem

444 4261 642 4317 ducem
671 4263 972 4332 Christum,
1008 4276 1267 4338 tanquam
1291 4287 1476 4342 regem
1504 4283 1560 4329 et
1587 4291 1861 4333 summum
1889 4296 2024 4350 pon-

445 4352 669 4420 tiﬁcem,
707 4372 773 4410 ex
807 4357 1075 4414 diabolica
1115 4363 1420 4432 tyrannide,
1461 4380 1526 4420 ac
1554 4368 1724 4422 veluti
1766 4385 1835 4424 ex
1877 4378 2020 4426 terra

2138 3173 2394 3243 Ἀγγαίου
2421 3176 2514 3230 τοῦ
2543 3182 2846 3252 προφήτου,
2879 3182 3083 3253 λέγων·
3121 3187 3186 3240 Et
3225 3189 3417 3258 καιρὸς
3447 3189 3548 3260 μὲν
3583 3192 3719 3262 ὑμῖν

2125 3264 2245 3318 ἐστι
2267 3266 2363 3320 τοῦ
2402 3268 2571 3336 οίκεῖν
2602 3270 2660 3324 tv
2706 3271 2879 3338 οἴκοις
2905 3275 3351 3348 κοιλοστάθμοις·
3401 3281 3430 3332 6
3472 3279 3531 3332 δὲ
3563 3275 3720 3346 οἶκος

2125 3357 2332 3427 Κυρίου
2374 3360 2767 3433 ὲξηρήμωται;
2795 3383 2813 3416 ι
2849 3366 2960 3420 Καὶ
2995 3368 3114 3438 μεθ’
3143 3369 3306 3442 ἕτερα
3337 3371 3520 3436 πάλιν,
3551 3390 3568 3423 ι
3599 3374 3721 3426 Καὶ

2125 3444 2375 3520 ἐξήγειρε
2405 3449 2609 3521 Κύριος
2647 3452 2707 3506 τὸ
2743 3453 2960 3523 πνεῦμα
2982 3459 3286 3530 Ζοροϐάϐελ
3310 3460 3406 3513 τοῦ
3438 3461 3720 3534 Σαλαθιήλ

2126 3538 2192 3592 ἐκ
2230 3539 2400 3610 φυλῆς
2441 3541 2631 3608 Ἰούδα,
2665 3544 2761 3597 καὶ
2787 3548 2848 3600 τὸ
2877 3548 3095 3619 πνεῦμα
3131 3550 3303 3620 Ἰησοῦ
3336 3551 3430 3605 τοῦ
3466 3552 3721 3607 Ἰωσεδὲκ

2124 3631 2219 3685 τοῦ
2248 3632 2438 3703 ἱερέως
2466 3633 2560 3688 τοῦ
2590 3637 2846 3706 μεγάλου,
2875 3639 2971 3692 καὶ
2995 3640 3056 3693 τὸ
3082 3640 3300 3713 πνεῦμα
3323 3643 3430 3697 τῶν
3457 3645 3722 3699 καταλοί-

2125 3739 2243 3776 πων
2269 3724 2468 3787 παντὸς
2491 3724 2586 3778 τοῦ
2628 3727 2783 3781 λαοῦ.
2815 3729 2926 3782 Καὶ
2957 3730 3228 3801 εἰσῆλθον,
3259 3734 3355 3787 καὶ
3381 3735 3600 3789 ἐποίουν
3645 3738 3721 3791 τὰ

2125 3812 2262 3884 ἔργα
2284 3816 2342 3869 ὲν
2364 3815 2443 3887 τῷ
2461 3815 2596 3889 οἴκῳ
2617 3818 2823 3888 Κυρίου
2850 3823 3286 3896 παντοκράτορος
3312 3825 3446 3880 Θεοῦ
3473 3827 3676 3882 αὐτῶν.
3692 3848 3713 3883 ι

2129 3905 2322 3978 Ἀθρει
2346 3907 2411 3979 δὴ
2449 3907 2541 3964 οὖν
2567 3909 2644 3974 ὡς
2674 3912 2731 3964 tv
2754 3909 2910 3983 τύπῳ
2937 3915 3032 3969 καὶ
3068 3916 3235 3970 είκόνι
3260 3917 3418 3990 διπλῇ
3450 3920 3541 3973 τὸν
3576 3920 3721 3990 Ἐμ-

2129 3997 2390 4071 μανουὴλ,
2437 3999 2670 4071 βασιλέα
2725 4003 2847 4074 μὲν,
2871 4005 2947 4068 ὡς
2976 4004 3033 4059 ἐν
3061 4025 3125 4075 γε
3170 4008 3250 4078 τῷ
3281 4010 3616 4081 Ζοροϐάϐελ,
3650 4012 3718 4076 ὃς

2123 4085 2192 4160 ἦν
2221 4090 2286 4144 ὲκ
2336 4092 2509 4163 φυλῆς
2569 4093 2741 4148 Ἰούδα
2771 4097 2872 4168 τῆς
2915 4098 3037 4151 τότε
3075 4103 3298 4170 κρατεῖν
3341 4100 3613 4171 λαχούσης
3648 4104 3716 4155 tv

2139 4180 2356 4253 Ἰσραήλ
2394 4199 2408 4215 ο
2440 4185 2702 4257 ἀρχιερέα
2732 4187 2789 4241 δὲ
2830 4184 2895 4242 αὖ
2923 4189 3001 4255 ὡς
3031 4191 3088 4245 tv
3113 4192 3492 4265 ὁμωνύμῳ.τῴ
3527 4194 3714 4264 Ἰησοῦ

2125 4272 2202 4343 τῷ
2227 4274 2474 4345 ἀρχιερεῖ
2503 4276 2582 4348 τῷ
2609 4278 2830 4350 μεγάλῳ
2849 4295 2864 4311 ο
2897 4281 2993 4334 καὶ
3034 4283 3141 4353 μὴν
3168 4284 3260 4336 καὶ
3285 4285 3582 4355 ἐξάρχοντα
3605 4285 3717 4355 τῆς

2125 4364 2244 4418 ὁδοῦ
2290 4366 2388 4437 τῆς
2431 4369 2513 4432 εἰς
2549 4368 2648 4440 τὴν
2692 4370 2853 4439 ἁγίαν
2897 4373 3075 4438 πόλιν,
3109 4374 3176 4426 ὲκ
3237 4377 3340 4443 γῆς
3371 4374 3715 4443 ἀλλοφύλων·

442 4443 893 4515 alienigenarum,
929 4465 996 4503 ex
1027 4449 1220 4506 fraude
1257 4453 1532 4510 mundana
1567 4455 1622 4510 in
1655 4468 1900 4537 sanctam
1939 4461 2019 4516 ci-

2127 4455 2270 4526 φημὶ
2297 4455 2365 4529 δὴ
2389 4457 2551 4512 πάλιν
2575 4461 2673 4530 τῆς
2697 4459 3074 4521 Βαϐυλωνίων.
3111 4463 3300 4535 Ἀθρει
3331 4465 3423 4517 καὶ
3451 4480 3717 4533 τεχνουρρ

441 4534 666 4589 vitatem
731 4535 1070 4608 ingredimur
1128 4541 1429 4598 Ecelesiam
1485 4534 1974 4618 primogenitorum
2005 4593 2019 4617 ,

441 4637 605 4690 quam
634 4623 866 4693 ipsemet
893 4627 1148 4683 Christus
1196 4631 1372 4701 eriget
1405 4633 1462 4687 in
1499 4633 1844 4704 spiritalibus
1877 4639 2020 4710 lapi-

441 4711 630 4779 dibus;
657 4715 802 4784 quod
833 4725 888 4772 et
908 4718 1112 4774 Paulus
1146 4729 1397 4790 testatur,
1423 4727 1670 4804 scribens
1698 4729 1765 4783 iis
1801 4731 1894 4800 qui
1921 4747 2022 4801 per

441 4801 606 4856 ﬁdem
639 4805 906 4876 redempti
938 4817 1084 4874 sunt,
1113 4811 1316 4881 quique
1359 4813 1566 4872 Christi
1605 4801 1850 4892 vestigiis
1889 4821 2022 4877 insi-

441 4902 589 4950 stere
618 4896 810 4951 volunt
840 4916 852 4950 :
893 4919 911 4948 ‹
939 4900 997 4953 ln
1036 4917 1146 4971 quo
1185 4913 1240 4958 et
1273 4921 1371 4960 vos
1411 4907 1572 4962 simul
1604 4909 1857 4966 aediﬁcati
1887 4912 2021 4968 estis

441 4984 499 5038 in
532 4985 908 5043 habitaculum
945 4991 1151 5047 Christi
1191 4995 1248 5049 in
1291 4997 1489 5066 spiritu
1521 5000 1588 5054 9'.
1625 5019 1643 5052 ι
1685 5000 1842 5067 Quod
1883 5019 2016 5059 vero

441 5074 599 5145 longe
639 5080 954 5146 praeclarior
986 5083 1056 5138 sit
1090 5084 1263 5154 gloria
1310 5087 1589 5157 Ecclesiae,
1641 5108 1805 5162 quam
1852 5095 2017 5163 primi

445 5165 592 5222 illius
613 5171 799 5240 templi
831 5188 899 5228 ex
932 5174 1206 5245 lapidibus
1238 5179 1386 5244 facti,
1423 5181 1656 5250 ipsemet
1692 5178 1790 5252 per
1826 5200 2017 5240 vocem

444 5258 624 5328 Διεεωὶ
651 5258 912 5328 declarat,
955 5265 1146 5323 dicens
1185 5286 1198 5323 :
1239 5288 1258 5320 ι
1284 5269 1418 5336 Quis
1446 5286 1513 5325 ex
1550 5270 1708 5326 vobis
1740 5272 1878 5327 vidit
1916 5275 2019 5329 do-

448 5364 596 5403 mum
629 5350 785 5405 istam
811 5353 865 5408 in
894 5356 1066 5426 gloria
1095 5375 1192 5413 sua
1225 5377 1332 5430 qua
1367 5369 1513 5425 ante,
1536 5371 1591 5417 et
1625 5364 1901 5431 quomodo
1920 5380 2018 5420 vos

447 5440 644 5498 videtis
669 5443 841 5513 ipsam
868 5463 1016 5503 nunc
1045 5449 1188 5505 sicut
1219 5467 1329 5506 non
1361 5453 1713 5508 exsistentem
1762 5455 1815 5509 in
1873 5471 2007 5511 con-

447 5539 638 5601 spectu
663 5537 950 5592 vestro”?
975 5557 992 5590 ι
1032 5538 1100 5593 Ει
1130 5540 1292 5610 paulo
1321 5549 1445 5611 post
1478 5558 1691 5598 rursum
1719 5561 1731 5596 :
1783 5563 1800 5596 ι
1831 5543 2010 5599 Meum

519 5717 566 5750 "
620 5716 878 5788 lsa.x1.v,
941 5723 1017 5776 l5.
1097 5723 1141 5756 ⁸⁰
1197 5727 1392 5799 Philip.
1448 5746 1501 5800 ιι,
1551 5732 1630 5786 ll.

1731 5735 1775 5767 9°
1815 5734 1946 5808 Agg.
1990 5751 2028 5806 ι,
2063 5736 2169 5794 ινέι.
2247 5739 2288 5772 θ’
2321 5737 2457 5796 Ibid.
2498 5739 2580 5795 ili.
2624 5739 2725 5830 ﬁ"
2765 5739 2964 5812 Epiros.
2999 5758 3054 5809 ιι,
3090 5739 3176 5794 9.2.

2123 4545 2408 4613 ybv'6vta,
2442 4549 2535 4602 καὶ
2558 4550 2892 4623 ἐπιμελητὴν
2918 4553 3010 4606 τοῦ
3039 4553 3196 4620 ἀγίου
3229 4553 3380 4606 ναοῦ.
3419 4553 3716 4622 Ἐπόμενοι

2123 4635 2232 4709 γὰρ
2260 4637 2349 4692 διὰ
2387 4639 2622 4705 πίστεως
2652 4645 2938 4715 καθηγητῇ
2977 4643 3055 4713 τῷ
3101 4642 3341 4716 Χριστῷ,
3378 4643 3456 4707 ὡς
3494 4642 3717 4714 βασιλεῖ

2123 4725 2217 4778 καὶ
2253 4727 2522 4798 ἀρχιερεῖ,
2557 4729 2621 4782 ὲκ
2645 4730 2959 4801 διαϐολικῆς
2998 4731 3332 4796 πλεονεξίας,
3375 4733 3469 4786 καὶ
3513 4732 3715 4806 ὥσπερ

2123 4815 2191 4868 ὲκ
2244 4815 2351 4886 γῆς
2392 4817 2723 4887 ἀλλοφύλων,
2769 4821 2828 4885 ἐξ
2888 4823 3104 4894 ἀπάτης
3155 4823 3428 4894 κοσμικῆς
3481 4826 3560 4888 είς
3602 4826 3716 4896 τὴν

2123 4908 2286 4976 ἁγίαν
2326 4909 2539 4981 εῖσιμεν
2574 4913 2749 4978 πόλιν,
2776 4913 2874 4986 τὴν
2919 4914 3028 4968 τῶν
3057 4914 3419 4987 πρωτοτόκων
3471 4917 3716 4988 Ἐκκληέ

2129 5001 2270 5068 σίαν,
2299 5003 2365 5073 ῆν
2403 5003 2567 5068 αύτῖος
2598 5006 2780 5076 ἐγερεῖ
2807 5007 3041 5078 Χριστὸς
3080 5008 3156 5070 ὡς
3194 5007 3250 5064 ἐν
3283 5025 3346 5078 γε
3391 5009 3559 5074 λίθοις
3592 5014 3718 5076 τοῖς

2125 5096 2351 5162 νοητοῖς.
2383 5095 2494 5148 Καὶ
2535 5099 2875 5168 μαρτυρήσει
2908 5097 3136 5169 γράφων
3176 5101 3204 5153 6
3244 5100 3454 5164 Παῦλος
3480 5104 3592 5164 τοῖς
3615 5101 3717 5157 διὰ

2127 5183 2361 5248 πίστεως
2397 5187 2889 5260 ὲκλελυτρωμένοις
2927 5193 3021 5246 καὶ
3067 5190 3381 5246 ἀκολουθεῖν
3427 5190 3718 5265 ἑλομένοις

2123 5278 2236 5339 τοῖς
2267 5276 2434 5346 ἴχνεσι
2476 5279 2570 5332 τοῦ
2598 5282 2857 5352 Χριστοῦ’
2895 5301 2914 5335 ι
2964 5285 3052 5340 Ἐν
3081 5279 3126 5354 ᾧ
3152 5286 3246 5340 καὶ
3276 5287 3433 5357 ὑμεῖς
3461 5303 3717 5339 συνοικο-

2120 5366 2367 5437 δομεῖσθε
2384 5370 2462 5434 είς
2477 5375 2894 5444 κατοικητήριον
2911 5378 3008 5429 τοῦ
3025 5378 3263 5449 Χριστοῦ
3287 5380 3344 5431 tv
3366 5377 3658 5448 πνεύματι.
3685 5397 3710 5433 ι

2123 5457 2244 5510 Ὅτι
2278 5457 2336 5510 δὲ
2375 5460 2471 5514 καὶ
2512 5462 2750 5532 ἀμείνων
2795 5467 2830 5536 ή
2859 5465 2988 5530 δόξα
3029 5468 3130 5540 τῆς
3183 5469 3508 5540 Ἐκκλησίας
3547 5470 3716 5538 παρὰ

2119 5544 2217 5616 τὴν
2264 5545 2487 5620 πρώτην
2528 5553 2622 5609 καὶ
2661 5554 2718 5608 tv
2759 5556 2976 5628 ἀρχαῖς,
3009 5558 3107 5628 τήν
3138 5558 3230 5612 ἐπί
3266 5557 3330 5626 γέ
3356 5572 3496 5628 φημι
3527 5555 3603 5627 τῷ
3637 5559 3730 5617 ἐκ

3281 5740 3326 5771 ³³³
3385 5737 3514 5808 Agg.
3550 5753 3618 5801 tt,
3654 5739 3711 5796 ri.
