4052 6212
331 293 398 347 .‘i'l
1370 291 1892 349 CLAPIIYRORUM
1933 293 2000 348 ΙΝ
2043 293 2342 350 GENESIM
2393 297 2520 353 LIB.
2559 296 2624 352 ll.
3535 307 3607 362 98

332 413 494 466 λίθων
525 411 660 482 ναῷ,
695 413 1103 483 διαμεμήνυκεν
1137 411 1305 466 εἰπὼν
1337 412 1422 466 διὰ
1455 414 1636 483 φωνῆς
1671 415 1927 482 ’Δγγαίου

2032 428 2341 489 argentum,
2369 427 2425 473 et
2456 433 2640 473 meum
2686 432 2905 483 aurum,
2938 418 3073 474 dicit
3115 420 3381 478 Dominus
3426 425 3611 480 omni-

333 502 524 556 πάλιν·
561 523 577 554 ι
617 503 717 567 Τίς
745 503 803 567 ἐξ
831 503 1004 574 ὑμῶν,
1031 504 1086 565 6;
1114 499 1220 556 εἶδε
1255 504 1344 557 τὸν
1370 501 1516 558 οἷκον
1543 503 1732 558 τοῦτον
1765 508 1822 558 ὲν
1854 509 1918 576 τῇ

330 595 456 664 δόξῃ
483 595 650 646 αὑτοῦ
677 598 741 664 τῇ
771 595 1101 664 ἔμπροσθεν,
1130 596 1225 648 καὶ
1248 597 1364 660 πῶς
1389 597 1546 667 ὑμεῖς
1570 595 1794 665 βλέπετε
1823 597 1922 650 αύ-

329 687 416 738 τὺν
443 685 541 738 νῦν
571 683 751 748 καθὼς
783 685 880 755 οὐχ
911 671 1225 755 ὑπάρχοντα
1251 684 1480 739 ἐνώπιον
1518 685 1708 756 ὑμῶν;
1747 704 1766 735 ι
1811 687 1921 739 Καὶ

331 778 450 848 μεθ’
504 777 665 848 ἕτερα
711 776 898 830 πάλιν·
961 795 978 828 ι
1035 776 1196 846 Ἐμὸν
1225 777 1286 829 τὸ
1325 775 1608 848 ἀργύριον,
1659 778 1754 830 καὶ
1786 776 1920 847 ἐμὸν

329 870 386 921 τι
413 871 658 940 χρυσίον,
684 867 828 936 λέγει
856 868 1060 939 Κύριος
1089 869 1508 938 παντοκράτωρ,
1535 869 1670 923 διότι
1703 869 1918 940 μεγάλη

329 960 479 1011 ἔσται
514 962 546 1029 ἡ
599 959 726 1024 δόξα
763 958 858 1012 τοῦ
905 960 1056 1012 οἴκου
1106 958 1299 1012 τούτου
1345 963 1378 1031 ἡ
1412 960 1616 1032 ἐσχάτη
1647 961 1788 1032 ὑπὲρ
1819 962 1918 1031 τὴν

329 1051 576 1122 πρώτην,
628 1050 774 1117 λέγει
833 1050 1037 1121 Κύριος
1089 1052 1520 1123 παντοκράτωρ·
1582 1055 1677 1106 καὶ
1725 1055 1783 1105 ἐν
1839 1051 1917 1123 τῷ

328 1145 484 1213 τόπῳ
526 1142 696 1214 τούτῳ
729 1142 886 1196 δώσω
924 1144 1166 1214 εἰρήνην.
1211 1161 1230 1194 ι
1280 1144 1389 1196 Καὶ
1417 1145 1610 1215 εἰρήνη
1634 1143 1813 1215 ψυχῆς
1839 1146 1919 1207 είς

331 1235 678 1305 περιποίησιν
727 1235 889 1286 παντὶ
933 1235 1008 1304 τῷ
1055 1233 1292 1297 κτίζοντι
1340 1233 1433 1287 τοῦ
1469 1235 1774 1305 ἀναστῆσαι
1815 1235 1906 1288 τὸν

327 1328 452 1380 ναὸν
473 1327 684 1380 τοῦτον.
722 1327 832 1378 Καὶ
874 1327 1130 1395 ἀνιδρωτὶ
1160 1327 1259 1395 μὲν
1305 1326 1368 1380 ἄν
1393 1343 1476 1390 τις
1505 1327 1817 1392 συλλέξαιτο
1846 1327 1916 1380 τὰ

322 1421 387 1473 δι’
407 1416 480 1474 ὧν
505 1422 639 1490 ἡμῖν
662 1420 736 1482 ὡς
766 1419 822 1471 ἕν
842 1435 905 1486 γε
928 1421 1042 1482 τοῖς
1068 1418 1236 1472 πάλαι
1261 1419 1496 1489 Χριστὸς
1516 1421 1910 1490 κατεγράφετο.

327 1510 448 1561 "Iv:
477 1508 533 1560 δὲ
568 1508 643 1578 μὴ
667 1508 746 1576 τῷ
775 1508 969 1577 πλήθει
996 1507 1102 1558 τῶν
1149 1507 1608 1578 παραδειγμάτων
1645 1508 1914 1579 ἀποκομί-

325 1600 514 1665 ζεσθαί
542 1618 634 1652 ποι
666 1599 760 1652 τοῦ
789 1598 1086 1668 πρέποντος
1113 1599 1141 1650 ὁ
1170 1598 1326 1668 λόγος
1347 1600 1480 1670 ἡμῖν
1515 1599 1670 1670 δοκῇ,
1705 1600 1911 1671 παρέν-

321 1709 409 1753 τες
430 1691 570 1754 τέως
593 1690 656 1743 τὸ
673 1692 766 1743 καὶ
793 1691 857 1743 δι’
888 1691 1090 1762 ἐτέρων
1119 1693 1258 1748 ἰέναι
1277 1693 1480 1759 λοιπὸν,
1506 1693 1681 1745 έκεῖνο
1703 1692 1907 1762 φαμένο

2026 520 2222 578 potens
2247 551 2262 574 ,
2298 511 2426 580 quia
2457 526 2650 582 magna
2668 510 2774 564 erit
2795 510 2968 581 gloria
3001 512 3198 568 domus
3235 514 3394 570 istius
3422 517 3608 571 novis-

2027 599 2179 654 sima:
2201 600 2489 670 plusquam
2513 602 2723 671 primae,
2752 610 2808 656 et
2837 603 2895 656 in
2923 603 3045 657 loco
3080 603 3186 658 isto
3220 604 3366 659 dabo
3393 621 3605 674 pacem,

2026 691 2162 746 dicit
2190 692 2456 747 Dominus
2483 695 2832 765 omnipotens
2855 696 2922 748 9‘.
2954 717 2972 748 ι
3009 696 3078 751 Ει
3107 713 3210 766 pax
3239 697 3434 752 anima:
3461 697 3608 753 cedit

2027 780 2083 834 in
2135 783 2536 850 possessionem
2590 786 2740 840 omni
2798 788 3104 842 exstruenti
3161 790 3423 858 templum
3478 789 3604 844 hoc.

2026 873 2194 927 Multa
2228 884 2494 944 praeterea
2525 878 2632 932 alia
2663 878 2820 934 facile
2861 881 2986 950 quis
3021 881 3320 951 collegerit,
3350 898 3448 951 per
3484 897 3607 951 quae

2023 965 2203 1031 nobis,
2248 975 2310 1020 ut
2346 957 2401 1021 in
2427 970 2730 1035 veteribus,
2771 971 3024 1028 Christus
3051 972 3485 1027 dcscribebatur.
3526 955 3614 1029 Ne

2023 1073 2157 1112 vero
2199 1059 2554 1115 multitudine
2601 1064 2976 1132 exemplorum
3011 1079 3193 1117 sermo
3232 1079 3396 1134 supra
3437 1065 3602 1132 quam

2023 1165 2122 1219 par
2150 1158 2235 1204 est
2265 1161 2545 1220 evagetur,
2573 1154 2956 1222 praetermissis
2987 1155 3129 1219 aliis,
3159 1155 3294 1209 illud
3330 1155 3598 1210 dicimus:

2022 1241 2316 1312 Oportebit
2358 1242 2507 1296 enim
2549 1245 2774 1300 omnino
2807 1245 3039 1300 duorum
3087 1247 3320 1301 alterum
3358 1262 3597 1301 sumere.

2020 1332 2129 1387 Aut
2157 1333 2304 1388 enim
2337 1349 2432 1388 eos
2457 1350 2556 1403 per
2581 1351 2720 1405 quos
2745 1337 2836 1391 illa
2858 1336 2997 1390 facta
3027 1347 3172 1402 sunt,
3203 1339 3256 1392 in
3281 1339 3598 1394 universum

2021 1422 2296 1488 tollemus,
2347 1439 2502 1477 suam
2551 1424 2694 1494 typis
2734 1425 3117 1480 auctoritatem
3169 1426 3516 1496 derogantes,
3551 1429 3596 1481 si

2019 1522 2350 1568 censeantur
2396 1530 2494 1584 per
2537 1515 2785 1572 homines
2817 1516 2920 1586 57
2967 1517 3142 1571 nostri
3193 1518 3404 1572 similes
3446 1518 3595 1583 facti,

2020 1606 2234 1660 tametsi
2273 1607 2487 1662 divinas
2524 1623 2612 1663 res
2643 1609 2698 1662 in
2724 1623 2781 1663 se
2813 1610 3166 1676 contineant;
3220 1616 3314 1664 aut
3352 1610 3600 1665 dicentes

2017 1712 2234 1767 semper
2268 1698 2532 1768 Spiritum
2562 1711 2805 1756 nostram
2831 1701 3063 1755 formam
3097 1702 3369 1771 accipere,
3409 1719 3600 1756 ncces-

320 1787 516 1854 Δεήτει
544 1784 610 1856 δὴ
661 1784 878 1849 πάντως
916 1759 1068 1856 ἡμῖν,
1114 1785 1260 1840 δυοῖν
1297 1785 1512 1840 ἑλέσθαι
1545 1759 1797 1857 θάτερον..
1840 1788 1911 1840 Ἥ

2017 1791 2164 1844 sario
2202 1790 2499 1845 fatebimur
2538 1792 2804 1861 Spiritum
2830 1795 2993 1848 etiam
3017 1794 3073 1846 in
3107 1793 3307 1863 Cyrum
3336 1794 3599 1847 transfor-

325 1879 433 1946 γὰρ
479 1878 608 1940 τοὺς
660 1876 726 1930 δι’
761 1870 836 1930 ὧν
868 1879 1054 1931 ἐκεῖνα
1085 1879 1375 1947 γεγόνασιν
1408 1880 1641 1934 είσάπαν
1684 1880 1912 1951 ἀναιρή-

325 1988 512 2039 σομεν,
560 1969 945 2040 καθορίζοντες
985 1971 1093 2024 τῶν
1126 1971 1313 2026 τύπων
1341 1973 1401 2025 τὸ
1428 1973 1501 2044 μὴ
1530 1973 1650 2027 λίαν
1688 1974 1908 2044 ἁπλημ-

321 2061 502 2129 μελὲς,
530 2062 578 2112 εί
617 2064 820 2114 νοοῖντο
846 2061 912 2114 δι’
947 2061 1252 2134 ἀνθρώπων
1276 2063 1384 2116 τῶν
1419 2064 1541 2117 καθ’
1571 2066 1718 2136 ἡμᾶς
1748 2082 1907 2134 γεγο-

319 2151 488 2217 νότες,
526 2151 704 2204 καίτοι
739 2151 874 2203 πολὺ
921 2152 1041 2206 λίαν
1071 2152 1287 2223 ἔχοντες
1326 2153 1388 2207 τὸ
1417 2154 1733 2226 θεοπρεπὲς
1766 2155 1801 2227 ἦ
1843 2155 1906 2209 τὸ

312 2242 547 2311 Πνεῦμα
577 2241 827 2310 λέγοντες
855 2242 942 2294 ἀεὶ
975 2243 1316 2314 μορφοῦσθαι
1343 2245 1481 2316 πρὸς
1514 2240 1652 2308 εῐδος
1678 2243 1739 2298 τὸ
1781 2244 1903 2298 καθ’

317 2338 496 2405 ἡμᾶς,
534 2333 596 2399 ἐξ
615 2335 860 2405 ἀνάγκης
884 2335 1294 2406 ὁμολογήσομεν
1324 2337 1419 2389 καὶ
1448 2339 1526 2399 είς
1560 2335 1742 2408 Κῦρον
1774 2337 1906 2390 αὐτὸ

2016 1893 2244 1948 matum,
2267 1883 2362 1953 qui
2397 1884 2569 1938 Deum
2593 1899 2703 1938 non
2730 1895 2978 1940 noverat.
3014 1887 3231 1940 Dictum
3255 1886 3403 1939 enim
3423 1894 3504 1940 est
3529 1886 3594 1938 ad

2014 1989 2176 2028 eum:
2211 1994 2228 2025 ι
2262 1975 2343 2029 Tu
2376 1990 2509 2029 vero
2537 1991 2645 2030 non
2681 1977 3050 2047 cognoscebas
3091 1993 3178 2032 me
3200 1978 3266 2030 9'.
3299 1997 3316 2028 ›
3353 1977 3595 2031 Sublatis

2014 2081 2147 2121 vero
2189 2067 2257 2121 iis
2303 2082 2425 2136 quae
2473 2067 2528 2122 in
2569 2069 2732 2138 typis,
2781 2069 2978 2123 umbra
3015 2069 3239 2138 quidem
3277 2069 3594 2124 censebitur

2011 2159 2229 2214 Aaron:
2257 2159 2562 2214 Zorohabel
2594 2169 2776 2215 autem
2813 2160 3125 2216 Salathielis
3155 2160 3320 2226 filius,
3347 2170 3401 2215 ct
3436 2161 3594 2216 Jesus

2010 2249 2242 2305 .losedec
2270 2249 2436 2315 ﬁlius,
2463 2251 2721 2306 sacerdos
2744 2267 2993 2322 magnus,
3022 2253 3160 2307 nihil
3198 2261 3397 2324 praeter
3431 2253 3592 2307 inane

2011 2349 2068 2394 et
2090 2340 2269 2394 solum
2294 2355 2497 2395 nomen
2530 2339 2834 2395 habebunt.

316 2431 721 2486 διαπεπλᾶσθαί
771 2448 926 2496 ποτε,
978 2431 1071 2485 τὸν
1127 2433 1227 2485 οὐκ
1283 2433 1462 2487 εἰδότα
1493 2433 1652 2490 Θεόν.
1685 2434 1916 2505 Εἴρηται
1954 2435 2062 2509 γὰρ
2091 2437 2227 2508 πρὸς
2265 2437 2450 2503 αὑτὸν,
2487 2455 2506 2489 ι
2552 2438 2624 2491 Σὺ
2687 2438 2744 2490 δὲ
2809 2440 2909 2493 οὐκ
2938 2439 3082 2511 ᾔδεις
3119 2457 3208 2510 με.
3245 2459 3264 2491 i
3311 2439 3593 2510 Ἀναιρου-

317 2525 500 2596 μένων
544 2524 600 2576 δὲ
635 2523 741 2578 τῶν
784 2524 842 2578 ἐν
875 2523 1088 2590 τύποις,
1127 2525 1257 2578 σκιὰ
1293 2526 1392 2597 μὲν
1423 2526 1553 2590 ῖσως
1606 2526 1635 2580 6
1680 2527 1910 2600 ’Λαρώνο
1952 2529 2257 2600 Ζοροϐάϐελ
2279 2531 2334 2584 δὲ
2361 2534 2388 2585 6
2411 2531 2505 2584 τοῦ
2529 2531 2816 2603 Σαλαθιήλ,
2849 2534 2943 2587 καὶ
3006 2533 3105 2604 μέν
3161 2550 3241 2588 τοι
3262 2534 3355 2588 καὶ
3387 2532 3591 2606 Ἰησοῦς

315 2623 344 2673 6
372 2617 464 2671 τοῦ
526 2615 773 2669 Ἰωσεδὲκ
821 2618 848 2668 6
882 2615 1060 2687 ἱερεὺς
1105 2616 1133 2668 6
1169 2616 1364 2688 μέγας,
1409 2619 1466 2672 ὲν
1499 2617 1760 2688 ὀνόμασιν
1797 2616 1907 2674 εἷεν
1945 2619 2012 2674 ἂν
2039 2621 2213 2691 ψιλοῖς
2244 2640 2303 2676 τε
2332 2624 2426 2677 καὶ
2458 2622 2659 2692 μόνοις.

387 2708 454 2772 ζ’.
510 2707 649 2760 Ἀλλ’
682 2702 833 2778 οἶμαι
861 2705 925 2778 δὴ
959 2705 1156 2777 μᾶλλον
1182 2708 1246 2761 ἐκ
1270 2705 1531 2778 λογισμοῦ
1562 2707 1656 2762 τοῦ
1692 2709 1901 2772 εἰκότος

315 2802 834 2874 ἁναπεπεισμένους
865 2802 1198 2857 συναινέσειν
1232 2803 1430 2876 ὀρθῶς,
1465 2804 1542 2866 ὡς
1577 2799 1646 2874 ἦν
1679 2805 1779 2875 μὲν
1805 2804 1901 2859 άν-

314 2894 537 2966 Θρωπος
560 2895 589 2946 6
612 2893 968 2964 Μελχισεδὲκ,
1004 2894 1211 2958 πόλεως
1245 2893 1545 2964 βασιλεύων
1570 2894 1671 2965 τῆς
1693 2895 1899 2966 Σαλήμ.⁹

313 2989 486 3042 τύπον
533 2985 592 3038 δὲ
628 2985 962 3055 ήμῖνάύτὺν
1024 2986 1260 3038 ἐποιεῖτο
1297 2986 1558 3056 Χριστοῦ,
1614 2985 1902 3050 λεπτόνους

2009 3003 2140 3057 pum
2160 2985 2364 3040 Christi
2384 2985 2671 3056 proposuit
2695 2985 2924 3052 Paulus,
2947 2986 3165 3042 subtilis
3181 2987 3589 3060 acerrimusque
3663 3015 3676 3028 θ

316 3081 396 3142 είς
441 3077 677 3149 θεωρίας
720 3077 1097 3146 πνευματικὰς
1142 3077 1403 3149 ὑπάρχων
1450 3079 1478 3131 6
1518 3077 1754 3143 Παῦλος·
1812 3080 1901 3134 ὲν-

322 3167 603 3238 ιστάμενοι
629 3168 688 3220 δὲ
729 3167 869 3238 μετὰ
912 3166 1091 3233 τοῦτο,
1147 3168 1241 3223 καὶ
1274 3168 1426 3222 οὐδὲν
1458 3163 1622 3240 ἦττον
1655 3169 1906 3239 λέγουσιν

316 3259 392 3324 ὡς
413 3259 702 3331 ἄνθρωπος
733 3259 832 3330 μὲν
878 3258 977 3312 οὐκ
1001 3253 1070 3330 ἦν
1098 3258 1127 3312 6
1175 3259 1512 3330 Μελχισεδέκ
1531 3276 1545 3292 ·
1573 3260 1636 3314 τὸ
1680 3260 1905 3333 Πνεῦμα

315 3351 372 3406 δὲ
419 3351 624 3423 μᾶλλον
674 3351 736 3403 τὸ
776 3351 963 3419 ἆγιον·
994 3351 1028 3421 ἢ
1063 3350 1194 3420 γοῦν
1239 3352 1402 3422 ἑτέρα
1429 3369 1513 3416 τις
1539 3351 1764 3424 δύναμις
1795 3353 1904 3407 τῶν

316 3445 526 3500 ἄνωθεν
581 3443 676 3496 καὶ
724 3441 784 3506 ἐξ
831 3439 1087 3511 οὐρανοῦ,
1140 3443 1241 3513 τὴν
1280 3441 1663 3514 λειτουργικὴν
1707 3443 1903 3515 ἔχουσα

315 3535 496 3600 τάξιν’
536 3535 688 3588 δοκεῖ
720 3535 828 3605 γὰρ
863 3529 966 3590 ὦδε
1008 3536 1226 3605 φρονεῖν
1253 3533 1487 3604 ἑτέροις,
1518 3533 1694 3588 ἐκεῖνό
1723 3551 1903 3604 φαμεν

314 3625 634 3693 ἀναγκαίως
672 3625 754 3679 ὅτι
807 3625 1261 3697 πλημμελήσουσι
1314 3623 1457 3678 κατὰ
1506 3623 1600 3678 δύο
1643 3624 1898 3695 τρόπους,

312 3717 407 3770 καὶ
431 3716 535 3786 τὴν
567 3715 718 3770 θείαν
751 3715 844 3769 καὶ
875 3716 1114 3787 ἄρρητον
1140 3714 1235 3768 τοῦ
1276 3700 1590 3786 Πνεύματος
1629 3713 1791 3784 φύσιν
1821 3717 1902 3778 εἰς

311 3804 402 3858 τδν
437 3805 514 3876 μὴ
558 3804 838 3874 πρέποντα
881 3804 1080 3876 τρόπον
1126 3804 1262 3874 αὐτῇ
1312 3803 1749 3874 κατασύροντες,
1805 3803 1900 3858 καὶ

313 3897 411 3967 τὴν
465 3897 734 3967 γεννητὴν
777 3896 874 3950 καὶ
924 3896 1304 3968 πεποιημένην
1362 3895 1560 3960 κτίσιν,
1605 3897 1685 3960 είς
1740 3896 1900 3962 δόξαν

315 3987 591 4059 ὕπερτενῆ
645 3989 942 4058 φληνάφως
991 3987 1435 4056 ἀνακομίζοντες.
1491 3987 1623 4041 Τίνα
1696 3989 1898 4060 τρόπον

313 4079 440 4150 ἐρῶ.
468 4079 788 4150 Γέγραπται
817 4079 946 4150 περὶ
971 4078 1066 4131 τοῦ
1088 4078 1442 4149 Μελχισεδὲκ,
1469 4079 1546 4143 ὡς
1571 4099 1589 4132 ι
1623 4075 1690 4143 ἦν
1720 4080 1899 4150 ἱερεὺς

312 4173 402 4227 τοῦ
451 4174 590 4226 Θεοῦ
627 4173 872 4242 ὑψίστου.
909 4192 928 4225 ι
977 4174 1040 4226 El
1078 4173 1134 4227 δὲ
1185 4173 1249 4245 δὴ
1294 4173 1355 4226 τὸ
1386 4171 1612 4244 Πνεῦμα
1639 4176 1708 4228 τὸ
1745 4172 1897 4242 ἅγιόν

313 4267 459 4319 ἑστιν
500 4266 528 4318 6
565 4265 922 4336 Μελχισεδὲκ,
965 4263 1332 4334 κατεκομίσθη
1367 4263 1552 4319 λοιπὸν
1597 4266 1655 4318 ὲν
1685 4267 1897 4336 ἱερουρ-

2079 2714 2132 2766 7.
2173 2713 2243 2768 At
2280 2729 2432 2778 vero,
2473 2713 2567 2782 qui
2597 2724 2760 2769 rectae
2789 2714 3018 2770 rationis
3037 2715 3307 2786 judicium
3352 2733 3590 2789 sequun-

2008 2812 2118 2868 tur,
2149 2803 2335 2873 potius
2353 2804 2727 2874 probaverint,
2772 2805 3054 2861 hominem
3097 2808 3266 2863 fuisse
3294 2795 3590 2867 Melchise-

2008 2896 2131 2960 dec,
2161 2911 2344 2965 regem
2379 2895 2620 2951 civitatis
2658 2895 2858 2950 Salem.
2885 2896 3044 2950 Hunc
3070 2914 3203 2952 vero
3220 2899 3382 2953 nobis
3408 2900 3464 2954 in
3504 2909 3589 2972 ty-

2007 3077 2372 3150 spiritualium
2411 3076 2934 3146 contemplationum
2984 3078 3270 3149 indagator
3310 3081 3380 3134 ".
3425 3076 3592 3138 Belo-

2004 3176 2216 3224 ctantes
2243 3181 2375 3221 vero
2408 3165 2466 3220 hi
2489 3165 2848 3220 nihilominus
2880 3166 3074 3222 dicunt
3104 3168 3467 3226 Melchisedec
3485 3172 3589 3228 ho-

2003 3261 2209 3316 minem
2250 3275 2362 3315 non
2406 3259 2575 3314 fuisse
2604 3275 2619 3324 ;
2653 3257 2924 3328 Spiritum
2953 3275 3086 3314 vero
3114 3261 3297 3330 potius
3316 3271 3587 3330 sanctum,

2004 3359 2096 3406 aut
2126 3349 2332 3419 alioqui
2378 3348 2540 3403 aliam
2597 3348 2890 3417 quamdam
2927 3357 3252 3418 potestatem
3293 3367 3588 3422 supernam

2003 3450 2166 3511 atque
2187 3440 2487 3504 ccclestem,
2521 3437 2848 3493 sacerdotali
2877 3437 3156 3495 functione
3177 3442 3480 3510 praeditam.
3509 3442 3588 3499 lta

2000 3533 2148 3586 enim
2190 3530 2519 3601 quibusdam
2550 3529 2750 3585 sentire
2774 3530 2969 3600 placet,
2997 3531 3092 3601 qui
3120 3532 3343 3602 quidem
3371 3533 3588 3590 duobus

2001 3621 2180 3677 modis
2199 3637 2388 3677 errare
2413 3620 2633 3676 dicendi
2659 3630 2806 3687 sunt,
2839 3636 2965 3676 cum
2985 3622 3228 3678 divinam
3258 3635 3422 3695 atque
3442 3625 3584 3681 inef-

1999 3715 2223 3771 fabilem
2271 3714 2512 3785 Spiritus
2567 3715 2740 3770 sancti
2775 3723 3024 3770 naturam
3071 3716 3139 3771 ad
3173 3732 3260 3782 ea,
3307 3734 3429 3787 qua:
3480 3717 3587 3788 ipsi

1999 3807 2226 3862 minime
2246 3805 2602 3871 conveniunt,
2626 3805 2917 3862 demittant
2940 3825 2953 3860 :
2981 3815 3094 3861 tum
3115 3817 3440 3875 creaturam,
3463 3825 3585 3879 qua:

1997 3899 2143 3955 facta
2178 3914 2242 3954 ac
2275 3907 2458 3953 creata
2496 3906 2601 3963 est,
2634 3899 2702 3953 ad
2749 3899 2975 3969 gloriam
3007 3899 3167 3970 longe
3195 3900 3312 3969 ipsa
3329 3902 3584 3970 superio~

1999 4006 2117 4047 rem
2148 3989 2346 4046 stolide
2375 3989 2659 4044 extollant.
2686 3989 2932 4055 Quonam
2964 3998 3146 4043 autem
3175 3999 3356 4060 pacto,
3379 3991 3578 4048 dicam.

2000 4081 2277 4151 Scriptum
2306 4087 2392 4134 est
2429 4079 2497 4134 de
2528 4079 2909 4144 Melchisedec,
2937 4081 3086 4151 quod
3131 4100 3148 4133 ι
3176 4090 3294 4137 erat
3325 4084 3582 4140 sacerdos

1997 4169 2096 4224 Dei
2137 4168 2392 4224 altissimi
2433 4169 2502 4221 9⁷.
2538 4187 2558 4220 ι
2605 4167 2662 4223 Si
2703 4177 2887 4224 autem
2937 4169 3174 4241 Spiritus
3231 4182 3454 4230 sanctus
3495 4184 3583 4231 est

1997 4260 2382 4326 Melchisedec,
2425 4260 2665 4316 refertur
2708 4261 2856 4316 inter
2899 4263 3211 4319 sacerdotes
3240 4264 3494 4334 Spiritus,
3524 4275 3582 4322 et

313 4360 425 4426 γοῖς
470 4359 533 4411 τὸ
569 4358 814 4428 Πνεῦμα,
841 4357 936 4410 καὶ
977 4355 1356 4427 λειτουργικὴν
1399 4354 1515 4426 ἔχει
1561 4355 1662 4425 τὴν
1689 4352 1895 4426 ὓπουρ-
1926 4419 1927 4422 η

2006 4351 2325 4408 sacerdotali
2391 4350 2698 4408 ministerio
2750 4351 3014 4422 fungitur.
3078 4353 3351 4408 Laudabit
3396 4355 3581 4426 itaque

311 4449 454 4516 γξαν.
529 4450 793 4520 Ὑμνήσει
843 4448 908 4518 δὴ
938 4443 1030 4501 οὖν
1078 4447 1172 4500 καὶ
1216 4445 1347 4500 αὐτὸ
1397 4445 1538 4515 μετὰ
1569 4445 1680 4501 τῶν
1721 4446 1894 4516 ἁγίων

313 4541 564 4610 αγγέλων
625 4540 716 4592 τὸν
763 4539 1024 4593 ἀνωτάτω
1069 4537 1221 4592 Θεόν.
1275 4535 1589 4609 Γέγραπται
1630 4538 1763 4608 γὰρ,
1811 4537 1894 4591 ὅτι

317 4635 635 4703 «Εὖλογεῖτε
651 4633 743 4685 τὸν
765 4633 990 4702 Κύριον,
1020 4629 1223 4691 πάντες
1260 4629 1308 4680 οί
1333 4626 1553 4696 ἄγγελοι
1574 4625 1762 4690 αὐτοῦ,
1790 4625 1896 4679 λει-

307 4725 533 4796 τουργοὶ
557 4723 748 4787 αὑτοῦ,
786 4724 835 4775 οἱ
876 4721 1156 4784 ποιοῦντες
1186 4719 1247 4772 τὸ
1269 4717 1480 4789 θέλημα
1507 4717 1694 4774 αὐτοῦ.
1742 4736 1761 4770 ι
1790 4716 1891 4789 Εἴη

309 4815 416 4885 γὰρ
442 4814 510 4867 ἂν
541 4811 837 4882 οὐδαμόθεν
855 4809 1200 4880 ἀσυμφανὲς,
1231 4808 1306 4870 ὼς
1337 4805 1396 4870 ὅς
1424 4807 1596 4878 ἑτέρῳ
1623 4824 1723 4860 που
1749 4806 1888 4861 πάν-

309 4923 415 4970 τως
438 4907 585 4976 ἱερου
595 4904 734 4975 ργεῖ,
754 4903 847 4956 καὶ
868 4901 966 4971 οὐχ
981 4899 1157 4970 ἑαυτῷ
1167 4899 1229 4952 τὸ
1258 4899 1400 4970 ἱερου
1409 4896 1590 4969 ργοῦν,
1620 4898 1892 4969 ίερουργεῖ

308 4997 364 5050 δὲ
383 4995 457 5067 τῷ
478 4995 622 5068 Θεῷ,
642 4994 720 5066 τῷ
747 4991 1058 5064 προύχοντι.
1083 4989 1292 5044 Οὐκοῦν
1313 4989 1366 5041 εἴ
1384 5005 1564 5060 φαμεν
1589 4989 1889 5061 ἱερατεύειν

307 5088 368 5142 τὸ
392 5087 638 5158 Πνεῦμα,
661 5086 760 5155 τὴν
785 5084 933 5137 θείαν
968 5101 1070 5136 που
1100 5083 1316 5145 πάντως
1341 5079 1681 5150 ύποκάθηται
1706 5079 1885 5148 φύσιν

308 5181 453 5234 τελεῖ
493 5167 550 5232 δὲ
604 5178 806 5249 μᾶλλον
852 5177 946 5230 καὶ
978 5176 1034 5228 ὲν
1077 5174 1345 5244 γενητοῖς,
1385 5171 1479 5224 καὶ
1519 5171 1888 5241 προσκυνήσει

311 5273 410 5344 μὲν
442 5270 565 5343 μεθ’
595 5270 765 5342 ἡμῶν.
816 5266 1059 5336 Ἀγιάσει
1088 5265 1147 5318 δὲ
1192 5263 1410 5326 πάντως
1434 5261 1532 5332 οὐχ
1557 5261 1738 5326 ἑαυτὸ,
1769 5260 1892 5314 ὲπεί

306 5381 390 5418 τοι
427 5365 491 5417 τὸ
536 5360 917 5430 ἁγιαζόμενον,
973 5356 1238 5428 κρείττονι
1291 5372 1392 5408 που
1433 5355 1652 5416 πάντως
1685 5352 1719 5422 ἢ
1767 5350 1891 5405 καθ’

309 5455 472 5510 ἑαυτὸ
505 5455 598 5526 τὴν
646 5452 808 5523 φύσιν
846 5450 1152 5519 ἁγιάζεται.
1203 5445 1598 5516 ’Λγιασθήσετσ
1661 5443 1715 5498 δὲ
1771 5441 1890 5513 μεθ’

310 5547 487 5616 ἡμῶν-
532 5545 656 5607 Πῶς
694 5539 786 5598 οὖν
815 5541 894 5596 ἔτι
923 5541 1016 5594 καὶ
1051 5539 1182 5602 Θεὸς
1211 5538 1350 5592 κατὰ
1381 5537 1543 5606 φύσιν
1573 5547 1634 5588 το
1668 5531 1890 5602 ἁγιαζό-

383 5735 430 5768 ⁵³
455 5751 589 5808 .igg.
615 5751 672 5801 ιι,
701 5733 755 5800 9,
787 5733 869 5788 10.
945 5734 990 5764 ’⁵
1023 5733 1125 5788 lsa.
1155 5746 1274 5797 xcv,
1333 5730 1374 5785 l.

1993 4445 2161 4501 etiam
2192 4445 2309 4514 ipse
2335 4458 2461 4498 cum
2483 4442 2690 4513 angelis
2719 4443 2890 4496 Deum
2925 4442 3271 4497 altissimum.
3302 4443 3580 4515 Scriptum

1993 4545 2080 4590 est
2115 4535 2302 4590 enim:
2337 4553 2354 4585 ι
2389 4531 2703 4588 Benedicitc
2737 4533 2870 4597 Deo,
2899 4548 3090 4588 omnes
3109 4535 3285 4605 angeli
3303 4535 3444 4606 ejus,
3469 4537 3578 4591 mi-

1993 4626 2155 4682 nistri
2194 4625 2334 4697 ejus,
2355 4624 2619 4680 facientes
2647 4623 2983 4678 voluntatem
3018 4623 3192 4694 ipsius
3225 4625 3290 4679 ".
3328 4645 3348 4676 ι
3387 4625 3578 4696 Neque

1992 4732 2124 4773 vero
2145 4717 2377 4772 dubium
2414 4731 2536 4772 esse
2561 4715 2784 4786 poterit,
2816 4715 2947 4785 quin
2974 4715 3068 4786 qui
3104 4717 3264 4772 alteri
3293 4717 3455 4773 alicui
3488 4733 3577 4774 sa-

1993 4807 2224 4883 ctjiﬁcat,
2260 4824 2372 4864 non
2404 4807 2509 4863 sibi
2544 4807 2671 4878 ipsi,
2701 4807 2797 4862 sed
2829 4808 2962 4873 Deo;
2989 4817 3050 4863 ut
3076 4810 3372 4880 superiori,
3403 4810 3578 4866 sacri-

1996 4899 2142 4956 ﬁcet.
2166 4899 2436 4967 Quocirca
2458 4899 2504 4955 si
2529 4899 2765 4954 dicimus
2791 4899 3058 4969 Spiritum
3075 4900 3384 4956 sacerdotio
3400 4901 3574 4972 fungi,

1995 4992 2181 5048 divina
2222 4991 2448 5046 omnino
2494 4999 2691 5045 natura
2734 4989 2960 5046 inferior
3003 4991 3130 5055 erit,
3164 4999 3220 5046 et
3250 4991 3452 5046 creatis
3480 5006 3575 5047 ac-

1995 5079 2331 5145 censebitur,
2370 5079 2726 5150 adorabitque.
2761 5095 2870 5134 una
2896 5079 3204 5133 nobiscum.
3252 5078 3575 5134 Sanctiﬁca-

1995 5172 2077 5227 hit
2099 5185 2230 5226 vero
2261 5185 2371 5225 non
2407 5171 2670 5240 seipsum,
2705 5169 2976 5239 siquidem
2999 5167 3146 5237 quod
3181 5168 3571 5236 sanctificatur,

1993 5261 2362 5332 praestantiori
2399 5261 2586 5327 alicui,
2618 5275 2780 5330 quam
2817 5261 2995 5329 ipsum
3017 5273 3085 5313 ex
3109 5274 3208 5314 sua
3239 5267 3436 5315 natura
3467 5271 3571 5326 est,

1992 5350 2381 5406 sanctificatur.
2421 5351 2863 5406 Sanctiﬁcabitur
2911 5351 3094 5421 itaque
3123 5353 3430 5408 nobiscum.
3454 5354 3574 5420 Quo

1991 5451 2152 5512 pacto
2191 5442 2356 5512 igitur
2394 5443 2538 5498 Deus
2569 5442 2870 5497 secundum
2892 5452 3141 5499 naturam
3176 5444 3300 5508 erit,
3333 5443 3387 5498 id
3424 5445 3571 5515 quod

1992 5533 2394 5589 sanctiﬁcatum
2435 5542 2520 5588 est
2537 5533 2560 5586 ?
2578 5532 2772 5588 Annon
2795 5535 2941 5589 enim
2971 5535 3149 5592 omnis
3167 5535 3423 5592 sacerdos
3443 5552 3572 5594 san-

1461 5730 1506 5762 9“
1539 5727 1705 5783 llcbr.
1729 5743 1822 5794 vn,
1869 5725 2070 5796 lscqq.
2145 5727 2187 5759 97
2219 5723 2358 5781 Psal.
2393 5739 2496 5791 cxx,
2521 5723 2570 5778 4.
2645 5720 2864 5796 “"Psal.
2902 5721 2991 5788 cn,
3015 5721 3105 5778 2i.

3733 6145 3910 6180 Δ
