4050 6210
441 274 511 339 99
1440 270 1497 325 S.
1535 268 1812 325 CYBllJJ
1849 256 2318 323 ΑιειιΑΝῡιιιΝι
2353 256 2665 319 ARCHIEP.

3605 248 3708 312 100

445 398 740 459 ctilieatur,
788 401 953 463 atque
1004 391 1079 445 ita
1112 387 1417 460 ingreditur
1449 387 1517 441 ad
1539 402 1821 442 sacrorum
1849 384 2025 440 admi-

2134 401 2328 456 μενον;
2366 377 2443 436 Ἦ
2471 382 2578 452 γὰρ
2624 380 2683 433 οὐ
2728 378 2833 443 πᾶς
2858 377 3035 449 ἱερεὺς
3069 375 3375 448 ἁγιάζεται.
3410 374 3604 430 είσεισί
3646 393 3708 430 τε

446 486 830 544 nistrationem
867 484 891 537 ’ἓ
944 502 963 533 ι
991 481 1185 551 Neque
1233 478 1380 534 enim
1414 477 1704 548 quisquam
1735 474 2025 532 sumitsibi

449 578 714 632 honorem
740 574 906 647 (sicut
924 572 1189 642 scriptum
1213 569 1341 641 est),
1362 569 1457 625 sed
1476 568 1572 639 qui
1594 576 1821 623 vocatur
1835 583 1866 622 a
1892 568 2027 632 Deo,

451 676 712 738 tanquam
759 666 939 720 Aaron
977 664 1044 717 ”.
1080 682 1099 714 ι
1142 661 1252 732 58
1292 660 1507 732 Adiecit
1556 667 1739 715 autem
1787 658 2027 713 Paulus:

459 776 479 811 ι
503 758 597 814 Sic
638 765 694 812 et
741 755 994 811 Christus
1042 767 1155 807 non
1199 750 1556 819 semetipsum
1584 747 1926 820 gloriﬁcavit,
1968 756 2031 803 ut

450 850 698 922 pontifex
732 848 909 912 ﬁeret,
944 846 1041 902 sed
1073 844 1169 915 qui
1203 843 1422 897 locutus
1453 849 1537 897 est
1569 841 1636 896 ad
1661 856 1786 896 eum
1814 857 1827 894 :
1856 838 2030 896 Filius

449 955 611 995 meus
644 954 706 993 es
733 946 812 1002 tu,
851 951 952 1008 ego
978 936 1143 991 hodie
1168 933 1334 1005 genui
1363 941 1433 987 te.
1469 930 1940 999 Quemadmodum
1971 936 2032 986 et

448 1031 559 1086 alio
610 1030 667 1085 in
707 1030 830 1084 loco
879 1028 1067 1083 dixit:
1106 1026 1187 1080 Tu
1239 1040 1302 1080 es
1341 1022 1599 1080 sacerdos
1647 1023 1705 1077 in
1759 1031 2028 1081 aeternum

448 1125 752 1182 secundum
774 1123 1024 1178 ordinem
1056 1118 1418 1176 Melehisedec
1444 1119 1483 1172 ‘.
1514 1137 1533 1170 ι
1562 1117 1856 1173 Sciendum
1879 1117 2029 1172 enim

447 1227 551 1283 est,
589 1216 736 1286 quod
764 1230 942 1285 neque
985 1214 1103 1284 ipse
1136 1213 1308 1268 Filius
1346 1211 1589 1267 Verbum
1630 1225 1699 1265 ex
1734 1210 1896 1266 Patre
1937 1225 2028 1266 sa-

449 1309 707 1381 cerdotio
737 1307 886 1377 fungi
932 1304 1167 1369 dicatur,
1196 1310 1253 1358 et
1281 1303 1336 1356 in
1375 1299 1800 1357 sacrificantium
1833 1299 2028 1356 ordine

448 1415 590 1464 esse,
621 1399 728 1455 nisi
763 1399 821 1453 in
850 1404 1116 1468 quantum
1148 1394 1315 1449 homo
1341 1400 1569 1463 propter
1589 1406 1693 1446 nos
1716 1400 1800 1447 est
1829 1389 2025 1453 factus,

448 1500 506 1548 et
547 1492 692 1547 sicut
722 1500 952 1547 vocatur
1007 1489 1258 1560 propheta
1310 1494 1369 1541 et
1402 1483 1669 1556 apostolus
1712 1485 1755 1548 ',
1805 1492 2029 1555 propter

449 1581 847 1637 humanitatem
887 1595 1053 1652 quam
1090 1576 1404 1648 assumpsit,
1447 1576 1521 1631 ita
1557 1577 1722 1631 etiam
1758 1575 2023 1631 sacerdos.

445 1673 794 1729 Conveniunt
823 1672 971 1728 enim
1008 1672 1198 1727 formae
1231 1669 1535 1734 servitutis,
1566 1667 1805 1723 servilia.
1847 1667 2027 1738 Atque

2129 475 2302 539 οὕτως
2352 474 2444 527 ἐπὶ
2488 473 2550 527 τὸ
2580 473 2776 543 χρῆναι
2820 470 3006 525 λοιπὸν
3056 470 3149 524 καὶ
3189 470 3533 542 ίερουργεῖν;
3576 490 3595 521 ι
3630 467 3706 523 Οὐ

2129 567 2237 640 γὰρ
2262 565 2439 636 ἑαυτῷ
2474 583 2561 630 τις
2605 561 2874 634 λαμϐάνει
2909 560 3008 635 τὴν
3031 561 3220 634 τιμὴν,
3265 579 3284 613 ι
3323 559 3467 615 καθὰ
3504 559 3709 632 γέγρα-

2129 673 2282 719 πται,
2320 675 2341 708 ι
2375 655 2488 709 ἀλλ’
2518 653 2899 725 ὁκαλούμενος
2928 652 3034 706 ὑπὸ
3090 651 3184 706 τοῦ
3215 650 3375 715 Θεοῦ,
3439 651 3581 705 καθὰ
3614 651 3711 706 καὶ

2142 746 2378 818 Ἀαρών.
2411 765 2430 799 ι
2457 745 2820 818 Προστέθεικε
2846 745 2901 798 δὲ
2928 746 2956 799 6
2975 743 3206 811 Παῦλος,
3235 745 3318 798 ὅτι
3361 763 3380 796 ι
3417 746 3526 799 Καὶ
3547 745 3710 811 αὐτὸς

2128 841 2157 893 6
2187 839 2421 910 Χριστὸς
2447 840 2547 911 οὐχ
2582 839 2774 894 ἑαυτὸν
2807 838 3025 904 ὲδόξασε
3069 840 3396 911 γεννηθῆναι
3424 841 3708 914 ἀρχιερέα,

2128 929 2244 983 ἀλλ’
2273 931 2302 983 6
2325 928 2562 1000 λαλήσας
2592 929 2729 1001 πρὸς
2763 930 2947 984 αὐτόν’
2983 928 3113 995 Υἱὸς
3140 948 3242 1002 μου
3267 929 3318 984 εἷ
3351 933 3438 993 σὺ.
3467 930 3577 1000 ἐγὼ
3608 933 3712 1002 σή-

2132 1035 2299 1091 μερον
2345 1018 2655 1090 γεγέννηκά
2683 1036 2762 1075 σε.
2801 1018 2999 1083 Καθὼς
3029 1020 3124 1074 καλ
3149 1022 3207 1074 ὲν
3236 1016 3406 1093 ἑτέρῳ
3433 1021 3602 1091 λέγει,
3637 1023 3709 1075 Σὺ

2132 1112 2310 1184 ἱερεὺς
2351 1114 2432 1176 είς
2468 1111 2560 1167 τὸν
2592 1111 2764 1166 αίῶνα
2788 1113 2931 1167 κατὰ
2970 1112 3071 1185 τὴν
3102 1112 3256 1180 τάξιν
3288 1114 3643 1184 Μελχισεδέκ.
3686 1134 3707 1167 ι

2129 1203 2343 1259 Είδέναι
2365 1205 2473 1277 γὰρ
2506 1204 2821 1275 ἀναγκαῖον,
2844 1205 2920 1270 ώς
2945 1196 3055 1260 ούδ⁴
3080 1206 3148 1260 ἂν
3177 1202 3341 1269 αὐτὸς
3365 1207 3394 1259 6
3428 1198 3554 1270 Υἱὸς
3587 1207 3617 1259 6
3647 1207 3713 1259 ἐκ

2127 1292 2264 1347 Θεοῦ
2292 1293 2507 1366 Πατρὸς
2531 1294 2723 1364 Λόγος,
2756 1295 3057 1368 ἱερατεύειν
3086 1294 3324 1365 λέγοιτο,
3356 1296 3451 1349 καὶ
3479 1297 3537 1349 ἐν
3558 1295 3735 1365 τάξει,

2128 1385 2381 1453 γενέσθαι
2430 1389 2497 1458 τῇ
2548 1386 2919 1460 λειτουργικῇ,
2969 1387 3018 1441 εί
3078 1386 3154 1460 μὴ
3192 1389 3365 1442 νοοῖτο
3392 1386 3515 1441 καθ’
3561 1387 3713 1459 ἡμᾶς

2130 1477 2392 1546 γεγονώς,
2431 1481 2525 1533 καὶ
2571 1479 2760 1553 ῶσπερ
2803 1481 3066 1553 κέκληται
3111 1478 3424 1550 προφήτης
3460 1479 3554 1534 καὶ
3602 1479 3711 1553 μὴν

2130 1570 2223 1623 καὶ
2246 1571 2593 1639 ἀπόστολος
2613 1573 2701 1627 διὰ
2727 1572 2787 1627 τὸ
2815 1564 3174 1646 ἀνθρώπινον,
3206 1571 3350 1628 οὕτω
3372 1573 3467 1626 καὶ
3492 1573 3707 1641 ἱερεύς.

2130 1661 2338 1733 Πρέποι
2382 1665 2492 1735 γὰρ
2543 1663 2694 1735 αὐτῷ
2742 1665 2844 1735 τῆς
2889 1664 3134 1729 δουλείας
3186 1666 3450 1736 σχήματι,
3492 1665 3561 1718 τὰ
3588 1665 3713 1719 δου-

447 1768 555 1824 hoc
587 1775 672 1823 est
710 1766 1029 1822 exinanitio.
1057 1765 1162 1832 Qui
1197 1763 1402 1819 etenim
1439 1763 1666 1834 aequalis
1701 1771 1822 1818 erat
1842 1762 2025 1828 'Patri,

2129 1754 2373 1827 λοπρεπῆ
2398 1772 2414 1788 ο
2456 1755 2549 1810 καὶ
2580 1754 2738 1810 τοῦτό
2770 1758 2918 1810 ἐστιν
2948 1757 2983 1829 ή
3012 1755 3263 1819 κένωσις.
3301 1756 3361 1809 'O
3392 1757 3500 1829 γὰρ
3532 1757 3712 1829 ὑπάρ-

446 1860 535 1917 cui
569 1862 735 1917 etiam
769 1874 1003 1930 superna
1037 1857 1325 1928 Seraphim
1344 1856 1607 1912 assistunt
1630 1873 1644 1922 ;
1665 1855 1756 1910 cui
1779 1856 2027 1911 serviunt

448 1952 596 2006 mille
644 1950 813 2006 millia
865 1949 1183 2021 angelorum
1235 1948 1276 2013 ³,
1328 1954 1617 2018 postquam
1670 1947 2025 2016 semetipsum

445 2038 749 2093 exinanivit
781 2039 823 2105 ⁵,
854 2047 985 2094 tunc
1015 2037 1237 2092 demum
1262 2046 1575 2091 sanctorum
1604 2044 1661 2091 et
1691 2037 1809 2091 veri
1843 2037 2025 2092 taber-

446 2130 630 2184 naeuli
666 2129 923 2185 sacerdos
941 2129 1250 2184 declaratus
1272 2127 1493 2184 dicitur.
1532 2128 1687 2184 Tunc
1706 2131 1873 2185 etiam
1898 2146 2026 2186 san-

447 2220 720 2276 ctiﬁcatus
761 2229 845 2277 est
885 2221 1175 2277 nobiseum
1216 2222 1264 2277 is
1290 2222 1384 2293 qui
1435 2216 1652 2277 omnem
1718 2206 2025 2278 creaturam

447 2319 707 2382 superat:
743 2333 761 2364 ι
791 2312 896 2379 Qui
927 2312 1075 2367 enim
1098 2313 1423 2379 sanctiﬁcat,
1455 2332 1474 2364 ›
1516 2313 1713 2383 inquit,
1743 2332 1760 2365 ι
1789 2322 1845 2368 et
1865 2314 1900 2368 ii
1931 2314 2026 2384 qui

446 2403 881 2470 sanctiﬁcantur,
917 2419 986 2459 ex
1025 2419 1138 2459 uno
1170 2419 1383 2460 omnes.
1428 2403 1547 2471 Qua
1582 2405 1651 2461 de
1707 2421 1870 2462 causa
1915 2423 2027 2463 non

446 2495 619 2566 pudet
646 2495 825 2567 ipsum
858 2495 1057 2552 fratres
1083 2510 1215 2552 suos
1243 2512 1461 2563 vocare,
1491 2498 1681 2554 dicens
1712 2518 1725 2552 :
1753 2500 2028 2558 Nuntiabo

446 2600 650 2641 nomen
691 2596 846 2642 tuum
879 2586 1144 2643 fratribus
1181 2589 1321 2643 meis
1354 2589 1415 2643 δ’.
1450 2608 1468 2640 ι
1507 2589 1864 2648 Sanctificans
1898 2609 2029 2666 ergo

445 2679 614 2745 Deus,
657 2678 879 2750 quando
911 2678 1093 2734 factus
1131 2687 1216 2735 est
1251 2680 1438 2747 homo,
1471 2690 1529 2737 et
1563 2681 1829 2739 habitavit
1851 2686 1909 2740 in
1930 2702 2030 2741 no-

446 2768 535 2825 bis
576 2770 620 2836 ⁵,
659 2778 998 2841 vocatusque
1029 2778 1114 2826 est
1145 2770 1332 2838 frater,
1378 2774 1681 2830 secundum
1718 2775 2029 2835 humanita-

447 2869 580 2927 tem,
614 2869 747 2917 tunc
777 2861 945 2916 etiam
976 2862 1264 2918 nobiscum
1306 2865 1634 2922 sanctificari
1669 2868 1892 2925 dicitur.
1926 2870 2027 2926 Sa-

343 2972 362 2994 ο
445 2950 696 3007 cerdotio
730 2951 901 3022 igitur
940 2950 1115 3024 fungi,
1145 2963 1201 3009 et
1234 2954 1525 3012 nobiscum
1559 2958 1908 3024 sanetiﬁcari;
1930 2975 2029 3029 per

444 3055 670 3097 carnem
717 3048 1053 3112 assumptam
1105 3044 1207 3114 ipsi
1260 3046 1507 3100 accidit:
1554 3048 2026 3119 exinanitionique

382 3148 389 3164 ·
445 3133 641 3203 ipsius,
675 3134 841 3190 modo
885 3143 1035 3189 recte
1066 3135 1274 3190 sentire
1316 3137 1573 3205 velimus,
1624 3140 1743 3195 haec
1784 3141 2030 3198 ascribe-
2056 3111 2104 3174 θ

446 3239 590 3279 mus.
640 3223 700 3277 Si
746 3238 880 3278 vero
927 3210 1194 3291 Spiritum
1224 3232 1494 3291 sanctum,
1534 3242 1659 3282 cum
1683 3243 2030 3300 nequaquam

445 3329 507 3369 se
527 3312 912 3378 exinaniverit,
945 3313 1255 3368 sacerdotio
1273 3314 1523 3371 functum
1549 3317 1815 3386 dicamus,
1842 3320 2028 3377 divina

447 3406 628 3475 ipsum
663 3405 836 3475 gloria
875 3404 1174 3474 privamus,
1213 3416 1377 3476 atque
1408 3408 1465 3462 in
1503 3410 1572 3464 iis
1601 3426 1722 3481 qua:
1754 3412 1866 3468 Deo
1886 3411 2028 3470 infe-

448 3498 595 3552 riora
627 3503 777 3561 sunt,
807 3495 1228 3563 constituemus,
1266 3498 1413 3554 inter
1446 3509 1629 3556 creata
1655 3502 2025 3573 collocantes;

447 3596 546 3644 aut
568 3588 863 3644 ostendant
893 3588 1054 3644 nobis
1090 3588 1357 3660 Spiritum
1391 3590 1787 3650 humanitatem
1813 3611 2023 3653 assum—

446 3680 644 3751 psisse,
691 3679 1247 3752 imminutionemque
1287 3682 1476 3738 divino
1529 3685 1760 3742 consilio
1804 3686 2028 3744 institu-

447 3776 561 3826 tam
620 3772 981 3839 sustinuisse,
1038 3774 1501 3844 quemadmodum
1561 3777 1782 3834 Filium.
1838 3780 2028 3851 Neque

445 3864 596 3920 enim
644 3879 772 3921 cum
807 3866 1293 3923 eonsubstantialis
1320 3869 1392 3924 sit
1411 3880 1598 3926 sancta
1627 3886 1692 3927 ac
1714 3874 2026 3929 veneranda

447 3955 714 4023 Trinitas,
761 3957 969 4013 idcirco
999 3959 1090 4013 cui
1123 3960 1356 4031 quisque
1388 3961 1626 4018 voluerit
1656 3978 1904 4033 persona:
1938 3965 2026 4019 in-

448 4046 785 4102 carnationis
830 4046 972 4101 ratio
1021 4047 1313 4103 tribuenda
1348 4058 1452 4104 est.
1483 4049 1681 4107 Factus
1708 4051 1914 4106 etenim
1943 4057 2028 4107 est

448 4136 634 4202 homo,
668 4151 779 4191 non
815 4136 931 4206 ipse
971 4138 1148 4204 Pater,
1183 4154 1295 4193 non
1333 4139 1572 4209 Spiritus
1593 4153 1852 4198 sanctus:
1878 4143 2027 4198 solus

447 4241 581 4284 vero
624 4227 813 4283 Pilius.
865 4228 943 4282 ita
987 4243 1093 4282 nos
1136 4243 1304 4284 sacrae
1358 4230 1578 4286 Litterae
1627 4231 1844 4288 docent.
1881 4233 2023 4301 Quid

447 4318 617 4391 igitur
656 4326 916 4389 torquent
943 4319 1252 4387 veritatem,
1276 4322 1437 4392 eique
1459 4323 1565 4377 vim
1592 4322 1853 4391 inferunt,
1870 4335 1926 4380 et
1946 4326 2020 4393 id,

448 4412 596 4483 quod
618 4410 1007 4467 exinanitionis
1020 4412 1362 4468 occasionem
1374 4429 1485 4470 non
1505 4416 1715 4484 habuit,
1732 4417 2021 4489 Spiritum,

447 4500 693 4571 inquam,
720 4507 969 4554 sanctum
1000 4500 1338 4556 exinanitum
1371 4505 1728 4572 contendunt,
1748 4506 1804 4561 in
1840 4522 2023 4564 sacer-

447 4593 637 4649 dotum
659 4608 948 4648 numerum
967 4607 1092 4647 eum
1116 4594 1452 4651 referentes?
1475 4599 1730 4654 sacerdos
1754 4600 1901 4655 enim
1921 4602 2023 4657 fuit

447 4682 825 4743 Melchisedec.
858 4685 1128 4744 Caeterum
1178 4688 1235 4743 in
1260 4688 1548 4756 honorem,
1586 4691 1759 4758 aiunt,
1792 4690 1937 4759 Filii,
1965 4695 2021 4751 in

424 4780 634 4850 typum
672 4780 843 4837 futuri
880 4784 1000 4854 ejus
1028 4781 1136 4853 59
1162 4780 1450 4838 sacerdotii
1484 4783 1600 4854 ipse
1628 4800 1727 4856 per
1758 4801 1815 4841 se
1839 4793 2019 4842 trans~

448 4869 723 4944 figuratus
741 4883 826 4930 est
862 4874 1119 4946 Spiritus.
1144 4875 1308 4947 Ergo,
1333 4874 1565 4931 dixerim
1587 4877 1754 4941 enim,
1783 4878 2021 4949 neglexit

448 4961 687 5031 Spiritus
722 4972 945 5020 sanctus
991 4966 1256 5023 honorem
1297 4981 1649 5038 amoremque
1692 4967 1748 5023 in
1797 4969 2016 5034 Filium,

447 5067 780 5126 parvamque
809 5056 973 5129 hujus
996 5058 1076 5113 rei
1108 5073 1293 5114 curam
1315 5058 1501 5130 gessit.
1542 5058 1706 5127 Atqui
1729 5074 1838 5128 quo
1861 5067 2018 5129 pacto

447 5159 557 5200 non
602 5146 707 5201 hoc
751 5162 953 5202 vanum
992 5147 1229 5219 cogitatu
1249 5157 1303 5203 et
1323 5146 1471 5201 dictu
1500 5146 1670 5200 fuerit
1694 5148 1718 5200 ?
1741 5146 2021 5202 Gloriﬁcat

447 5237 594 5291 enim
639 5237 837 5293 Filium
869 5239 1204 5305 Paracletus,
1248 5240 1354 5293 hoc
1391 5246 1496 5302 est,
1541 5236 1800 5306 Spiritus.
1853 5238 1921 5292 Et
1950 5239 2018 5293 de

447 5328 567 5397 ipso
622 5328 802 5399 inquit
843 5348 856 5384 :
903 5331 1040 5387 «ille
1068 5347 1156 5387 me
1182 5329 1505 5385 clariﬁeabit
1554 5329 1594 5380 ⁸.
1627 5348 1643 5379 ι
1692 5328 1793 5394 Qui
1855 5329 2018 5401 igitur

445 5418 716 5478 honorare
741 5422 879 5488 vult,
908 5431 1069 5493 atque
1095 5423 1199 5476 hoc
1218 5421 1438 5491 quidem
1464 5429 1749 5491 perpetuo,
1780 5435 1878 5474 cur
1905 5436 2014 5476 non

2134 1863 2244 1917 χων
2290 1846 2349 1899 ὲν
2387 1848 2568 1917 μορφῇ
2616 1847 2711 1900 καὶ
2735 1847 2939 1918 ἰσότητι
2969 1845 3064 1899 τοῦ
3098 1846 3332 1918 Πατρὸς,
3359 1839 3404 1914 ᾧ
3447 1846 3542 1900 καὶ
3574 1845 3716 1900 αὐτὰ

2132 1938 2201 1993 τὰ
2224 1939 2336 1994 ἄνω
2362 1942 2744 2011 παρεστήκασι
2772 1941 3046 2013 Σεραφὶμ,
3069 1934 3114 2010 ᾧ
3136 1939 3314 1995 λειτου
3325 1940 3453 2012 ργοῦ
3463 1958 3514 1994 σι
3544 1940 3717 2012 χίλιαι

2120 2032 2369 2102 χιλιάδες
2421 2032 2703 2102 ἀγγέλων,
2748 2034 2937 2105 ἐπειδὴ
2985 2035 3287 2088 κεκένωκεν
3325 2034 3545 2098 ἑαυτὸν,
3591 2035 3718 2089 τότε

2132 2123 2196 2194 δὴ
2232 2124 2353 2177 τότε
2400 2123 2510 2178 τῶν
2562 2123 2734 2193 ἁγίων
2761 2124 3071 2197 λειτουργὸς
3114 2124 3337 2195 καὶτῆς
3372 2128 3575 2195 σκηνῆς
3614 2126 3715 2197 τῆς

2134 2216 2397 2287 ἀληθινῆς
2443 2216 2826 2288 ἀναδειχθῆναι
2873 2217 3113 2286 λέγεται.
3144 2215 3276 2271 Τότε
3322 2219 3415 2271 καὶ
3454 2217 3717 2288 ἡγίασται

2137 2310 2256 2381 μεθ’
2331 2309 2488 2381 ἡμῶν
2544 2311 2572 2364 6
2618 2310 2759 2381 ὑπὲρ
2812 2312 2992 2364 πᾶσαν
3055 2310 3252 2365 κτίσιν.
3305 2329 3323 2363 ι
3370 2310 3442 2363 ’Ὀ
3488 2327 3548 2364 τε
3606 2309 3717 2382 γὰρ

2133 2403 2395 2473 ἁγιάζων,
2437 2423 2455 2456 ι
2502 2404 2655 2473 φησι,
2692 2422 2711 2454 ι
2754 2402 2846 2456 καὶ
2888 2402 2935 2455 oi
2964 2401 3312 2473 ἁγιαζόμενοι
3346 2403 3405 2467 ἐξ
3429 2402 3547 2466 ἑνὸς
3575 2402 3710 2456 ⁸πάνι

2132 2514 2244 2561 τες.
2277 2497 2354 2550 Δι’
2388 2496 2457 2567 ῆν
2486 2497 2664 2550 αἰτίαν
2694 2496 2794 2549 ούκ
2826 2494 3214 2566 ἐπαισχύνεται
3244 2495 3507 2566 ἀδελφοὺς
3529 2496 3718 2550 καλεῖν

2134 2586 2352 2653 αὐτοὺς,
2377 2587 2575 2656 λέγων,
2605 2586 2930 2656 Ἀπαγγελῶ
2950 2587 3011 2640 τὸ
3039 2587 3211 2659 ὄνομά
3232 2604 3326 2641 σου
3342 2590 3454 2652 τοῖς
3468 2588 3716 2657 ἀδελφοῖς

2138 2698 2259 2752 μου.
2310 2700 2331 2735 ι
2369 2680 2576 2735 Οὐκοῦν
2614 2682 2643 2735 6
2667 2678 2910 2750 ἁγιάζων
2946 2679 3021 2745 ὡς
3059 2680 3212 2746 Θεὸς,
3245 2681 3335 2734 ὅτε
3363 2679 3586 2750 γέγονεν
3617 2681 3715 2736 ἄν·

2135 2772 2372 2844 θρωπος,
2410 2771 2505 2828 καὶ
2537 2774 2845 2845 ἐσκήνωσεν
2877 2773 2935 2826 ὲν
2969 2773 3120 2843 ἡμῖν,
3163 2772 3259 2826 καὶ
3307 2771 3716 2845 κεχρημάτικεν

2135 2862 2363 2932 ἀδελφὸς
2389 2861 2533 2915 κατὰ
2551 2862 2610 2915 τὸ
2632 2860 2992 2933 ἀνθρώπινον,
3018 2862 3138 2916 τότε
3158 2863 3251 2917 καὶ
3280 2864 3376 2916 σὺν
3401 2865 3532 2934 ἡμῖν
3555 2862 3717 2932 ἅγιά.-

2116 2952 2326 3015 ’ζεσθαι
2359 2953 2596 3022 λέγεται.
2649 2955 2805 3008 Ἐστι
2834 2956 3014 3009 τοίνυν
3056 2956 3152 3010 xui.
3183 2956 3245 3010 τὸ
3271 2956 3381 3010 δεῖν
3415 2957 3715 3028 ἱερατεύειν

2135 3044 2229 3098 καὶ
2259 3043 2319 3097 τὸ
2342 3044 2663 3113 ἁγιάζεσθαι
2690 3045 2810 3118 μεθ’
2843 3046 3000 3117 ἡμῶν
3034 3047 3135 3118 τῆς
3161 3047 3301 3119 μετὰ
3335 3048 3537 3120 σαρκὸς
3564 3050 3713 3103 οίκοδ

2131 3133 2342 3204 νομίας.
2378 3135 2491 3189 Καὶ
2530 3138 2648 3200 τοῖς
2694 3136 2797 3209 τῆς
2848 3137 3128 3203 κενώσεως
3166 3137 3405 3212 μέτροις,
3447 3139 3623 3212 ὀρθῶς
3651 3157 3712 3194 τι

2131 3226 2227 3279 καὶ
2266 3226 2586 3300 ἀμωμήτως
2632 3232 2850 3301 φρονεῖν
2896 3232 3188 3303 ᾑρημένοι,
3217 3234 3289 3286 τὰ
3333 3233 3511 3288 τοιάδε
3542 3251 3713 3307 προσ-

2130 3315 2434 3388 γράψομεν.
2464 3319 2529 3372 Ei
2554 3319 2611 3373 δὲ
2642 3319 2706 3390 δὴ
2730 3320 2792 3373 τὸ
2814 3320 3038 3392 Πνεῦμα
3070 3321 3323 3394 μηδαμοῦ
3352 3324 3452 3397 τὴν
3480 3325 3714 3379 κένωσιν

2130 3407 2551 3482 ὑπομεμενηκὸς
2588 3410 2888 3482 ἱερατεύειν
2942 3410 3191 3484 λέγομεν,
3235 3414 3393 3485 δόξης
3444 3416 3579 3469 αὐτὸ
3609 3417 3712 3489 τῆς

2130 3500 2469 3572 θεοπρεποῦς
2495 3501 2798 3574 ἐξοίσομεν,
2839 3498 2949 3558 καῖ’
2974 3505 3033 3559 ὲν
3060 3507 3172 3570 τοῖς
3200 3505 3305 3559 ὑπὸ
3336 3506 3469 3561 Θεὸν
3496 3508 3709 3579 λογιού-

2132 3586 2274 3656 μεθά
2316 3605 2441 3652 που,
2489 3590 2686 3662 μέτρον
2711 3590 2860 3663 αὐτῷ
2890 3591 3124 3656 διδόντες
3148 3593 3209 3648 τὸ
3239 3597 3518 3667 γεννητόν.
3551 3600 3621 3652 Ἢ
3646 3598 3710 3674 δὴ

2128 3676 2495 3734 δεικνύτωσαν
2540 3681 2673 3751 ἡμῖν
2722 3680 3141 3754 ἐνανθρωπῆσαι
3188 3684 3251 3737 τὸ
3312 3684 3556 3757 Πνεῦμα,
3615 3688 3710 3742 καὶ

2128 3767 2395 3823 ὑπόϐασιν
2441 3771 2790 3843 οἰκονομικὴν
2837 3768 3157 3845 ὑπομεῖναν,
3215 3776 3465 3849 καθάπερ
3517 3780 3707 3851 ἀμέλει
3770 3837 3774 3839 Α

2128 3862 2224 3915 καὶ
2270 3860 2364 3915 τὸν
2394 3862 2542 3917 Υίόν.
2580 3864 2655 3918 Οὐ
2703 3865 2813 3937 γὰρ
2845 3866 3144 3942 ἐπειδήπερ
3177 3871 3327 3924 ἐστὶν
3360 3873 3644 3943 όμοούσιος
3670 3877 3705 3949 η

2126 3950 2260 4020 ἁγία
2291 3952 2385 4005 καὶ
2414 3955 2862 4028 προσκυνουμένη
2895 3958 3087 4030 Τριὰς,
3107 3960 3367 4037 ταύτῃτοι
3387 3965 3508 4018 καθ’
3536 3959 3707 4039 οὗπερ

2127 4041 2195 4096 ἂν
2222 4042 2394 4098 ἕλοιτό
2422 4063 2507 4109 τις
2526 4046 2821 4117 προσώπου
2840 4050 2931 4103 τὸν
2957 4053 3056 4123 τῆς
3082 4053 3546 4129 ἑνανθρωπήσεως
3569 4058 3705 4113 καθ-

2126 4134 2266 4204 οριεῖ
2306 4134 2480 4205 λόγον.
2556 4137 2752 4206 Γέγονε
2798 4140 2908 4213 γὰρ
2959 4142 3280 4215 ἄνθρωπος,
3322 4147 3423 4203 οὐκ
3470 4149 3633 4214 αὐτὸς
3674 4151 3704 4204 ό

2127 4226 2339 4299 Πατὴρ,
2368 4229 2488 4282 οὐδὲ
2528 4229 2589 4283 τὸ
2631 4231 2857 4305 Πνεῦμα
2888 4235 2948 4288 τὸ
2976 4236 3150 4305 ἅγιον,
3208 4240 3372 4309 μόνος
3398 4241 3456 4295 δὲ
3493 4243 3523 4296 ό
3555 4243 3703 4309 Υίός.

2128 4315 2315 4381 Οὕτως
2358 4318 2505 4391 ἡμᾶς
2530 4322 2586 4374 αί
2616 4320 2755 4377 θεῖαι
2792 4329 3332 4399 μεμυσταγωγήκασι
3360 4331 3594 4403 Γραφαί.
3640 4334 3707 4387 Τί

2126 4409 2307 4463 τοίνυν
2335 4411 2762 4481 παραϐιάζονται
2790 4415 2888 4488 τὴν
2915 4417 3190 4489 ἀλήθειαν,
3225 4421 3317 4473 καὶ
3344 4421 3404 4473 τὸ
3433 4423 3703 4492 πρόφασιν

2128 4501 2229 4555 οὐκ
2259 4500 2380 4572 ἔχον
2416 4502 2508 4556 τοῦ
2549 4506 2883 4560 κεκενῶσθαι
2923 4508 3050 4574 δεῖν,
3095 4510 3237 4581 φημὶ
3264 4511 3329 4582 δὴ
3375 4513 3437 4566 τὸ
3478 4514 3704 4587 Πνεῦμα

2129 4593 2189 4646 τὸ
2221 4594 2393 4663 ἅγιον,
2435 4597 2492 4650 ὲν
2519 4600 2631 4662 τοῖς
2672 4600 2771 4671 τῆς
2814 4599 3094 4665 κενώσεως
3130 4604 3559 4675 κατακομίζουσι
3602 4607 3703 4679 μέ-

2128 4701 2306 4756 τροις,
2338 4686 2492 4757 είπερ
2525 4688 2671 4742 ἐστὶν
2710 4689 2925 4762 ἀληθῶς
2968 4693 3077 4755 τοῖς
3112 4692 3415 4766 ἱερουργεῖν
3440 4698 3709 4767 τεταγμέο

2128 4792 2241 4838 νοις
2281 4777 2625 4849 ὲναρίθμιονς
2680 4781 2877 4853 Ἰερεὺς
2925 4782 3026 4854 μὲν
3056 4784 3165 4857 γὰρ
3191 4781 3261 4859 ἦν
3289 4788 3317 4842 ό
3348 4788 3699 4861 Μελχισεδέκ.

2141 4865 2280 4918 Ἀλλ’
2311 4870 2391 4932 είς
2423 4871 2587 4942 τιμήν
2626 4888 2757 4943 φησι
2801 4873 2894 4927 τοῦ
2934 4873 3065 4929 Υίοῦ
3103 4875 3239 4948 πρὸς
3262 4876 3431 4934 τύπον
3455 4879 3555 4950 τῆς
3582 4878 3703 4935 κατ⁶

2126 4959 2291 5014 αὐτὸν
2345 4963 2610 5034 ἐσομένης
2654 4969 2953 5042 ἱερωσύνης
3008 4973 3151 5027 κατὰ
3195 4976 3441 5046 καιροὺς,
3474 4977 3606 5031 αὐτὸ
3637 4976 3703 5032 δι’

2128 5053 2320 5105 ἑαυτοῦ
2339 5053 2416 5106 διε
2424 5056 2695 5126 μορφοῦτο
2706 5058 2767 5112 τὸ
2779 5061 2917 5114 Πνεῦ
2926 5080 3020 5132 μα.
3042 5063 3270 5129 Οὐκοῦν,
3287 5066 3555 5138 ἐρήσομαι
3572 5069 3701 5140 γὰρ,

2126 5144 2502 5218 κατημέλησεν
2545 5148 2651 5221 ἄρα
2682 5151 2751 5205 »τὸ
2783 5154 3007 5228 Πνεῦμα
3044 5156 3104 5210 τὸ
3152 5157 3328 5226 ἅγιον,
3373 5158 3471 5232 τῆς
3492 5163 3570 5224 είς
3609 5161 3702 5216 τὸν

2126 5236 2255 5292 Υίὸν
2290 5241 2454 5309 τιμῆς
2495 5241 2591 5297 καὶ
2628 5245 2867 5318 ἀγάπης,
2919 5248 3012 5302 καὶ
3044 5249 3200 5320 ὀλίγα
3233 5252 3326 5305 τοῦ
3381 5254 3701 5326 πράγματος

2125 5332 2428 5403 φροντίζειν
2476 5334 2645 5400 ἀξιοῖ·
2695 5340 2871 5395 καίτοι
2922 5342 3039 5408 πῶς
3083 5346 3143 5399 οὐ
3193 5346 3359 5418 λῆρος
3411 5349 3512 5419 ἤδη
3547 5347 3704 5401 ταυτὶ

2126 5426 2387 5496 φρονεῖνῆ
2413 5425 2619 5497 λέγειν;
2643 5430 2862 5496 Δοξάςει
2885 5434 2995 5508 γὰρ
3012 5437 3102 5492 τὸν
3128 5438 3257 5493 Υῐὸν
3280 5441 3307 5492 6
3323 5438 3703 5510 Παράκλητος,

549 5624 597 5656 ⁸³
625 5623 875 5707 llebr._v;_,
894 5624 958 5707 6,
981 5624 1039 5707 ﬁt
1244 5623 1319 5707 5L
1340 5622 1371 5676 6
1389 5622 1536 5707 :uC'E.
1563 5624 1712 5707 ‘Psal.
1748 5618 1861 5707 ll,_7
1888 5631 1973 5707 ret

2129 5667 2145 5707 ,ι
2186 5627 2237 5681 4.
2312 5630 2987 5707 ’Apeutg.§v111,15;Ael.
3030 5655 3109 5695 ιιι.
3143 5639 3249 5705 2'2;
3300 5639 3470 5696 llebr.
3521 5658 3601 5707 ιιι,
3645 5643 3696 5702 i.

465 5696 620 5756 lDan.
660 5708 751 5756 vn,
789 5693 872 5747 10.
943 5692 1180 5759 ‘Philip.
1205 5708 1261 5756 ιι,
1289 5693 1338 5745 7.
1415 5695 1455 5724 “
1482 5691 1643 5748 Hebr.
1677 5694 1846 5761 11,“,
1882 5695 1984 5763 1'2;

2134 5697 2167 5751 l.
2200 5713 2307 5767 xxv,
2333 5700 2419 5756 95.
2499 5705 2519 5734 ⁸
2556 5691 2711 5759 Ιυοηξ
2761 5722 2797 5775 ι,
2826 5691 2937 5764 Ἰλί.
2980 5691 3211 5768 ’ποιιῖ
3238 5691 3511 5779 avitis.
