4052 6212
297 300 391 356 101

1319 288 1838 352 (ἓὶΔΡΗΥΒΟΙὶΠΜ
1874 292 1940 351 IN
1978 292 2277 355 GENESIM
2319 290 2446 351 LIB.
2486 289 2549 351 ll.

3460 303 3564 362 ΗΞ

292 415 535 470 τουτέστι
560 412 1002 484 τὺΠνεῦμα.Καὶ
1027 409 1156 483 περὶ
1175 411 1343 465 αὐτοῦ
1369 429 1554 484 φησιν,
1586 431 1605 465 ι
1644 414 1877 477 Ἐκεῖνος

1982 417 2167 486 potius
2216 419 2398 472 Aaron
2436 426 2523 472 est
2574 414 2790 472 factus?
2819 427 2914 473 aut
2943 418 3118 491 Cyrus
3164 421 3452 477 Persarum
3495 436 3559 479 ac

294 508 391 579 ἐμὲ
415 503 651 572 δοξάσει.
692 524 712 557 ι
745 503 818 557 T6
844 502 1023 557 τοίνυν
1069 505 1235 576 τιμᾷν
1281 503 1555 576 ᾑρημένον
1589 504 1684 557 καὶ
1721 502 1880 558 τοῦτο

296 584 710 667 ἀκαταλήκτως,
754 595 913 666 τίμὴ
968 593 1169 666 μᾶλλον
1204 596 1339 650 αὐτὸ
1368 596 1589 665 γέγονεν
1632 594 1876 668 ’Δαρὼν;

294 687 424 742 αὐτὸ
460 687 525 759 δὴ
564 689 660 740 καὶ
690 684 877 757 Κῦρος
915 687 946 740 6
974 685 1203 759 Περσῶν
1230 704 1290 740 τε
1317 687 1413 740 καὶ
1440 688 1643 759 Μήδων
1668 688 1880 759 κρατή-

299 797 421 847 σας;
468 780 558 833 καὶ
590 779 695 850 μέν
741 795 825 832 τοι
869 779 966 833 καὶ
1003 779 1211 850 Ἰησοῦς
1239 780 1268 832 6
1314 779 1409 833 τοῦ
1471 779 1754 846 Ἰωσεδὲκ,
1788 779 1881 833 καὶ

300 872 396 943 μέν
434 888 518 924 τοι
566 871 662 923 καὶ
690 869 995 941 Ζοροὸάόελ
1034 872 1064 924 6
1091 869 1186 924 τοῦ
1234 869 1523 940 Σαλαθιὴλ,
1558 871 1586 923 6
1617 872 1682 924 ὲκ
1709 870 1880 941 φυλῆς

310 962 498 1027 Ἰούδα,
526 961 557 1032 ἢ
591 962 686 1015 καὶ
723 962 949 1033 Μωσῆς,
985 962 1121 1034 πρὸς
1145 962 1205 1016 ὃν
1243 961 1458 1034 εἴρηταί
1488 980 1591 1016 που
1617 962 1716 1033 τὴν
1744 963 1881 1034 Χρι-

302 1052 426 1106 στοῦ
471 1051 746 1123 μεσιτείαν
779 1053 867 1120 ἐφ’
910 1051 1106 1107 ἑαυτοῦ
1138 1052 1480 1107 δεικνύοντα⁸
1528 1071 1547 1105 ι
1588 1054 1880 1126 Προφήτην

303 1146 591 1213 ἀναστήσω
629 1145 814 1207 αὐτοῖς
837 1145 902 1198 ὲκ
932 1143 1042 1198 τῶν
1064 1144 1310 1214 ἀδελφῶν
1334 1144 1535 1209 αὐτῶν,
1565 1145 1753 1216 ὥσπερ
1795 1162 1877 1210 σε,

305 1239 396 1291 καί⁵
418 1236 572 1290 δώσω
610 1236 736 1300 τοὺς
760 1236 950 1303 λόγους
981 1254 1082 1307 μου
1111 1238 1170 1290 ὲν
1196 1236 1277 1308 τῷ
1307 1236 1540 1308 στόματι
1564 1235 1750 1303 αὐτοῦ,
1787 1236 1882 1293 καὶ

302 1328 519 1398 λαλήσει
558 1327 744 1390 αὐτοῖς
792 1327 932 1381 καθὰ
963 1326 1030 1381 ἂν
1062 1327 1385 1399 ὲντείλωμαι
1409 1326 1600 1399 att-rip;
1648 1345 1667 1379 ι
1704 1328 1770 1382 Τί
1805 1327 1879 1401 μὴ

302 1420 521 1487 γέγονεν
548 1418 682 1472 αὒτὺ
711 1419 805 1472 καὶ⁵
837 1415 1041 1489 Ἰησοῦς
1078 1421 1106 1473 6
1130 1419 1226 1473 τοῦ
1253 1419 1434 1490 Ναυῆ.
1465 1421 1494 1473 6
1516 1418 1655 1490 μετὰ
1678 1420 1882 1474 Μωσέα

307 1509 629 1582 στρατηγὸς,
675 1508 735 1575 ὃς
773 1510 1046 1565 διεϐίϐασε
1087 1509 1177 1565 τὸν
1242 1511 1515 1582 Ἰορδάνην
1555 1512 1683 1575 τοὺς
1731 1510 1881 1574 υἱοὺς

314 1602 560 1674 Ἰσραὴλ,
592 1603 688 1656 καὶ
710 1601 1002 1673 περιέτεμε
1044 1602 1342 1673 μαχαίραις
1368 1602 1671 1673 πετρίναις,
1698 1603 1879 1656 εισκε·

304 1694 496 1764 κόμικε
532 1692 592 1747 δὲ
633 1694 727 1746 καὶ
755 1695 835 1756 είς
870 1692 969 1764 τὴν
993 1693 1096 1763 γῆν
1118 1695 1218 1764 τῆς
1256 1692 1618 1762 ὲπαγγελίας;
1646 1692 1801 1764 ἢούκ
1820 1694 1881 1746 ὲν

1979 505 2259 562 Medorum
2304 508 2463 579 arex?
2505 507 2587 563 vel
2635 508 2794 565 Jesus
2844 508 2992 567 ﬁlius
3039 512 3290 577 Josedec,
3349 527 3562 569 necnon

1979 597 2281 654 Zorobabel
2309 597 2627 654 Salathielis
2660 597 2808 656 ﬁlius
2827 614 2896 655 ex
2917 601 3066 655 tribu
3093 600 3261 666 Juda,
3295 611 3391 656 aut
3412 602 3563 675 Moy-

1978 704 2088 753 ses,
2142 688 2212 744 ad
2257 704 2423 759 quem
2465 688 2672 745 Christi
2719 690 3112 746 mediationem
3156 692 3270 747 sive
3297 692 3563 748 interces-

1977 782 2190 838 sionem
2229 797 2345 852 prae
2381 797 2441 838 se
2468 781 2732 838 ferentem
2778 782 2987 839 dictum
3018 795 3142 839 est:
3188 783 3564 852 rProphetam

1978 873 2259 929 suscitabo
2295 873 2379 929 eis
2411 888 2480 928 ex
2513 872 2779 928 fratribus
2807 887 3024 937 eorum,
3062 873 3207 928 sicut
3242 881 3319 935 te,
3347 881 3405 928 et
3423 873 3564 929 dabo

1979 954 2435 1021 sermonesmeos
2461 963 2520 1020 in
2549 981 2645 1019 ore
2677 965 2871 1035 ipsius,
2892 972 2948 1022 et
2974 965 3233 1035 loquetur
3264 964 3344 1020 eis
3369 979 3564 1035 quem-

1978 1057 2273 1112 admodum
2308 1072 2623 1129 praecepero
2641 1057 2695 1112 ei
2724 1058 2743 1089 ⁷
2771 1058 2795 1111 ?
2822 1076 2842 1109 ι
2877 1057 2989 1112 Aut
3012 1073 3110 1113 cur
3135 1072 3244 1113 non
3274 1057 3451 1112 factus
3480 1063 3567 1113 est

1977 1148 2143 1205 Iosue
2168 1189 2183 1214 ,
2227 1148 2374 1205 ﬁlius
2397 1148 2567 1214 Nave,
2615 1148 2712 1218 qui
2748 1156 2875 1219 post
2914 1149 3132 1221 Moysen
3156 1148 3268 1203 dux
3290 1149 3566 1204 exercitus

1978 1238 2123 1295 fuit?
2150 1240 2245 1310 qui
2286 1240 2531 1295 traduxit
2567 1240 2843 1296 lsraelitas
2869 1255 2970 1311 per
3002 1241 3341 1297 Iordanem?
3368 1251 3425 1296 et
3451 1241 3563 1297 cir-

1978 1332 2239 1388 cumcidit
2263 1332 2457 1387 cultris
2477 1332 2728 1403 lapideis,
2761 1331 3085 1401 induxitque
3111 1330 3167 1385 in
3197 1340 3400 1385 terram
3430 1346 3563 1401 pro-

1978 1423 2296 1479 missionis?
2322 1422 2515 1478 Nonne
2540 1422 2687 1479 enim
2720 1422 2778 1477 in
2806 1421 3029 1478 Christo
3061 1421 3321 1492 baptizati
3348 1437 3558 1486 sumus,

1977 1519 2035 1567 et
2084 1511 2394 1567 circumcisi
2434 1511 2858 1569 circumcisione
2910 1526 3022 1567 non
3078 1511 3409 1576 manufacta,
3463 1527 3562 1581 per

1981 1600 2271 1672 Spiritum,
2296 1602 2427 1657 facti
2457 1611 2641 1658 autem
2680 1618 2872 1661 sumus
2901 1601 3147 1658 haeredes
3192 1602 3344 1673 regni
3390 1603 3560 1657 etcla-

1980 1690 2148 1745 rum?
2177 1690 2344 1761 Atqui
2383 1706 2493 1760 quo
2515 1700 2674 1761 pacto
2710 1706 2821 1747 non
2842 1690 3193 1746 manifestum
3226 1690 3332 1744 hoc
3348 1690 3564 1745 fuerit?

303 1780 521 1854 Χριστῷ
558 1781 969 1853 βεδαπτίσμεθα
994 1784 1087 1836 καὶ
1116 1782 1566 1855 περιτετμήμεθα
1593 1783 1694 1854 μὲν
1724 1784 1873 1853 ἀχειο

1978 1778 2247 1846 Quocirca
2290 1780 2337 1833 si
2383 1779 2646 1849 Spiritum
2692 1789 2997 1855 statuemus
3029 1794 3246 1850 semper
3270 1780 3563 1835 formatum

308 1877 576 1949 ροποιήτῳ
621 1878 889 1949 περιτομῇ
941 1876 1031 1931 διὰ
1081 1875 1420 1947 Πνεύματος,
1472 1876 1776 1947 γεγόναμεν
1819 1877 1876 1931 δὲ

303 1967 629 2039 κληρονόμοι
658 1971 763 2040 τῆς
794 1968 905 2023 τῶν
931 1969 1178 2041 οὐρανῶν
1221 1968 1532 2040 βασιλείας;
1557 1970 1736 2025 καίτοι
1759 1968 1878 2033 πῶς

302 2059 454 2113 τοῦτο
474 2060 578 2113 οὐκ
610 2060 870 2132 ἐναργές
900 2060 1108 2115 Οὐκοῦν
1129 2059 1161 2132 ἢ
1187 2061 1249 2114 τὸ
1282 2061 1505 2133 Πνεῦμα
1527 2061 1768 2133 δώσομεν
1791 2060 1879 2116 ἀεὶ

304 2151 700 2223 μορφώμενον,
740 2152 834 2205 καὶ
877 2150 953 2215 ὡς
989 2153 1049 2206 ὲν
1076 2152 1291 2222 ἑκάστῳ
1313 2152 1422 2206 τῶν
1449 2153 1877 2224 ὠνομασμένων,

298 2243 382 2297 ἵνα
415 2246 629 2315 τιμήσῃ
658 2243 749 2296 τὸν
793 2242 941 2307 Υίὸν,
969 2244 1139 2315 ήγουν
1186 2242 1338 2298 ἔσται
1369 2242 1557 2298 λοιπὸν
1603 2243 1812 2315 ἀληθὴς
1848 2243 1878 2296 6

298 2334 472 2403 λόγος,
495 2335 575 2398 ὼς
597 2334 755 2403 ὀλίγα
774 2333 870 2388 τοῦ
898 2335 1203 2407 πρέποντος
1233 2337 1626 2411 καταφωρᾶται
1650 2350 1880 2407 πεφρον-

1964 1879 2039 1928 .et
2071 1870 2250 1931 veluti
2289 1871 2347 1926 in
2396 1854 2729 1941 unoquoque
2769 1886 2985 1937 eorum,
3018 1887 3159 1942 quos
3209 1872 3468 1935 diximus,
3504 1881 3565 1926 ut

1982 1962 2220 2019 honoret
2257 1962 2478 2029 Filium,
2525 1978 2658 2019 vere
2711 1963 2902 2034 utique
2945 1964 3162 2019 dicetur
3212 1980 3436 2035 parvam
3464 1962 3564 2018 de-

1979 2054 2314 2110 corationem
2362 2053 2663 2110 habuisse:
2706 2054 2912 2126 quippe
2959 2058 3055 2126 qui
3105 2065 3356 2112 veterum
3400 2054 3564 2110 alicui

1979 2158 2040 2201 se
2071 2144 2361 2201 immiserit
2387 2145 2444 2199 in
2468 2153 2653 2217 typum
2677 2161 2741 2201 ac
2766 2145 3184 2203 similitudinem
3206 2146 3348 2202 Filii.
3380 2146 3564 2216 Apage

1979 2236 2149 2308 igitur
2162 2252 2289 2292 cum
2318 2237 2424 2292 ista
2444 2236 2841 2307 cogitationum
2865 2237 3228 2292 absurditate.
3248 2241 3252 2245 '
3274 2235 3562 2291 Melchise-

1980 2330 2083 2387 dec
2112 2329 2297 2399 itaque
2333 2328 2498 2384 homo
2518 2328 2644 2395 fuit,
2665 2345 2777 2384 non
2796 2329 3035 2400 Spiritus
3058 2337 3302 2385 sanctus.

296 2429 466 2492 ταις.
491 2430 666 2499 ἐφῆκε
691 2429 801 2501 γὰρ
826 2429 891 2502 δὴ
915 2429 1024 2482 τῶν
1044 2429 1415 2501 ἀρχαιοτέρων
1436 2432 1576 2484 τισὶν
1596 2433 1676 2494 εις
1701 2430 1869 2485 τύπον
1906 2426 2001 2480 καὶ
2067 2426 2325 2495 ὁμοίωσιν
2366 2424 2696 2479 πλάττεσθαι
2731 2422 2828 2479 τοῦ
2869 2424 3001 2481 Υίοῦ
3026 2439 3039 2454 ο
3090 2425 3272 2494 ἄπαγε
3311 2424 3414 2496 τῆς
3452 2422 3563 2479 τῶν

298 2522 574 2592 λογισμῶν
614 2522 865 2585 ἀτοπίας.
911 2520 1119 2575 Οὐκοῦν
1160 2520 1256 2575 ἀνθ
1264 2536 1445 2590 ρωπος
1468 2524 1494 2574 6
1518 2520 1873 2591 Μελχισεδὲκ,
1912 2514 2032 2587 οὐχὶ
2052 2514 2112 2567 τὸ
2132 2513 2357 2583 Πνεῦμα
2378 2513 2440 2566 τὸ
2463 2514 2639 2583 ἅγιον.

368 2614 443 2686 η’.
474 2616 600 2668 Ὀτι
639 2613 695 2667 δὲ
738 2613 849 2668 οὐδ’
869 2613 936 2668 ἂν
978 2609 1118 2668 εἶναι
1148 2616 1320 2667 νοοῖτο
1356 2612 1587 2684 δύναμις
1624 2613 1755 2681 ἁγία
1785 2613 1878 2668 καὶ

297 2705 671 2777 λειτουργικὴ,
696 2705 841 2758 καθά
868 2707 1085 2776 φρονεῖν
1114 2703 1260 2769 ἔδοξέ
1286 2721 1416 2768 τισι,
1450 2706 1583 2775 φέρε
1617 2705 1677 2774 δὴ
1712 2704 1881 2772 λέγω-

301 2815 420 2870 μεν,
445 2798 516 2851 τὰ
544 2796 606 2862 ἐξ
633 2796 1239 2865 είκότωνσυλλέγοντες
1266 2795 1543 2866 λογισμῶν
1565 2797 1643 2858 είς
1660 2793 1758 2863 τὴν
1782 2793 1879 2863 τῆς

296 2890 560 2962 ἀληθείας
589 2888 884 2954 ἀπόδειξιν.
931 2889 1191 2952 Ἐκείνοις
1238 2887 1339 2959 μὲν
1386 2886 1515 2958 γὰρ,
1561 2884 1763 2939 τοιόσδε
1797 2899 1880 2946 τις

298 2985 389 3037 καὶ
436 2982 625 3049 σοφὸς,
660 2980 914 3051 καθάπερ
942 2976 1035 3036 οὗν
1065 2980 1269 3033 οἴονται
1309 2978 1451 3033 κατά
1484 2978 1627 3046 σφᾶς
1656 2974 1876 3038 αὐτοὺς,

298 3073 624 3144 συντὲθηται
666 3072 845 3141 λόγος.
912 3072 1130 3141 Ἐπειδὴ
1177 3070 1310 3143 γὰρ,
1360 3068 1516 3139 φησὶ,
1567 3067 1878 3137 γέγραπται

297 3166 428 3238 περὶ
442 3164 537 3218 τοῦ
550 3163 909 3235 Μελχισεδὲκ,
931 3164 1006 3228 ὡς
1027 3182 1047 3216 ι
1079 3165 1309 3235 ἀπάτωρ
1323 3179 1383 3216 τε
1403 3157 1493 3234 ἦν,
1508 3162 1603 3216 καὶ⁸
1625 3161 1878 3231 ἀμήτωρ,

292 3258 390 3310 καὶ
414 3254 524 3326 μὴν
550 3255 646 3307 καὶ
663 3254 1143 3325 ἀγενεαλόγητοςοι
1182 3253 1451 3323 εὐλόγηκε
1476 3250 1533 3304 δὲ
1559 3249 1737 3304 καίτοι
1754 3263 1881 3302 τοσ-

292 3349 449 3401 οῦτον
475 3347 608 3400 ὄντα
640 3346 734 3399 τὸν
781 3345 1057 3417 ’Δϐραάμ’
1095 3366 1114 3397 ι
1142 3345 1461 3412 Εὑλογείται
1482 3342 1539 3397 δὲ
1564 3340 1630 3395 τὸ
1660 3340 1879 3393 ἔλαττον

296 3439 399 3492 ὐπὸ
418 3437 517 3491 τοῦ
544 3436 853 3507 κρείττονος
872 3436 969 3489 καὶ
993 3434 1261 3507 μείζονος,
1289 3454 1309 3489 ι
1326 3435 1542 3504 ἀπάσης
1570 3429 1881 3499 ἀντιλογίας

290 3532 441 3602 δίκαν
475 3533 551 3601 μὴ
580 3529 827 3596 νοείσθω,
866 3529 990 3583 καθ’
1017 3530 1188 3600 ἡμᾶς,
1234 3528 1351 3582 ἀλλ’
1391 3526 1534 3580 ἔστω
1575 3524 1676 3595 τὴν
1716 3522 1880 3594 φύσιν

292 3622 546 3691 ἄγγελος,
577 3623 767 3692 ἧγουν,
796 3619 905 3674 τῶν
926 3621 1039 3675 ἀνω
1066 3620 1349 3692 δυνάμεων
1374 3620 1467 3672 καὶ
1492 3614 1880 3688 λειτουργικῶν

294 3713 389 3785 μία
416 3730 508 3776 τις
547 3712 722 3782 σεπτὴ
756 3712 851 3766 καὶ
872 3711 1258 3783 δεδοξασμένη.
1301 3709 1445 3780 Ἐγὼ
1472 3710 1551 3773 δὲ,
1580 3706 1877 3779 ἀγαπητοὶ,

288 3805 619 3876 τεθαύμακα
664 3803 821 3868 λίαν,
869 3806 918 3857 εί
963 3804 1163 3875 τρόπος
1214 3801 1414 3866 αὐτοὺς
1458 3799 1744 3863 εὐλαϐείας
1780 3798 1880 3869 τῆς

293 3896 369 3959 είς
409 3893 505 3947 τὸν
555 3892 846 3946 Θεσπέσιον
887 3891 1156 3964 ’Δὸραάμ,
1196 3892 1299 3962 τῆς
1330 3891 1426 3945 τοῦ
1469 3888 1740 3962 χρησίμου
1783 3887 1880 3942 καὶ

295 3985 598 4057 πρέποντος
621 3985 930 4055 ἀπεκόμισε
961 3984 1156 4056 θήρας,
1182 3984 1276 4037 καὶ
1310 3983 1418 4037 τῶν
1450 3980 1766 4049 ἀναγκαίων
1795 3980 1879 4044 είς

294 4077 551 4148 ἀληθείας
579 4075 804 4148 εὕρεσιν
825 4074 1218 4129 ἀπεϐουκόλισε
1241 4073 1536 4145 λογισμῶν.
1564 4074 1661 4136 Et;
1677 4071 1877 4142 ὁμοίω-

298 4183 379 4219 σιν
396 4168 509 4240 γὰρ
532 4167 600 4237 δὴ
625 4168 721 4219 καὶ
743 4164 1021 4220 τύποντοῦ
1054 4164 1397 4237 Ἐμμανουὴλ
1416 4160 1879 4236 παραδεικνύντες

296 4261 426 4329 ἡμῖν
453 4260 547 4312 τὸν
575 4258 940 4328 Μελχισεδὲκ,
982 4258 1084 4311 οὐκ
1126 4258 1208 4321 είς
1238 4258 1338 4328 τὴν
1371 4256 1479 4310 τῶν
1533 4253 1877 4327 πραγμάτων

2050 2606 2104 2661 8.
2134 2605 2292 2673 Quod
2320 2620 2456 2661 vero
2487 2621 2669 2676 neque
2701 2613 2944 2677 potestas
2966 2604 3150 2676 aliqua
3182 2613 3367 2663 sancta
3382 2615 3440 2661 et
3461 2605 3562 2662 ado

1979 2697 2374 2753 ministratoria
2406 2697 2596 2762 fuerit,
2632 2706 2695 2753 ut
2720 2698 2972 2753 nonnulli
2991 2705 3218 2754 censent
3244 2714 3260 2764 ;
3291 2711 3411 2768 age,
3436 2710 3562 2752 rura

1980 2803 2074 2843 sus
2120 2788 2370 2843 dicamus
2418 2787 2603 2843 ﬁrmas
2639 2789 2880 2845 rationes
2917 2788 2988 2843 ad
3032 2788 3282 2843 veritatis
3329 2787 3564 2843 demon-

1944 2868 1945 2871 “
1979 2879 2301 2933 strationem
2349 2877 2715 2934 conferentes.
2758 2879 2842 2933 Illi
2881 2877 3029 2932 enim
3065 2877 3297 2947 pulchre
3336 2876 3444 2932 sibi
3481 2877 3565 2933 vi-

1981 2966 2182 3023 dentur
2222 2966 2537 3036 opinionem
2585 2982 2741 3024 suam
2785 2966 3156 3022 constabilire.
3204 2964 3342 3022 Cum
3388 2967 3561 3036 enim,
3662 2996 3676 3011 ο

1980 3058 2156 3125 aiunt,
2188 3059 2454 3129 scriptum
2478 3060 2550 3114 sit
2578 3059 2649 3114 de
2705 3058 3087 3123 Melchisedec,
3146 3057 3293 3128 quod
3351 3077 3371 3111 ι
3405 3068 3563 3130 patre

1978 3167 2045 3208 ac
2059 3159 2234 3206 matre
2250 3150 2511 3216 caruerit,
2533 3149 2790 3220 quodque
2810 3150 2962 3204 nulla
2988 3149 3138 3205 illius
3155 3150 3472 3221 genealogia
3490 3150 3512 3184 ⁸
3533 3170 3555 3202 ι

1968 3253 2377 3311 recensentur;
2425 3243 2708 3299 benedixit
2747 3257 2880 3298 vero
2916 3243 3152 3299 Abrahae
3202 3242 3565 3299 Melchisedec

1979 3335 2075 3390 tali
2109 3335 2397 3391 exsistenti
2427 3352 2441 3389 :
2475 3354 2495 3388 ι
2534 3334 2893 3391 Benedicitur
2923 3343 3105 3390 autem
3133 3334 3188 3390 id
3213 3335 3360 3405 quod
3381 3336 3566 3392 minus

1976 3434 2064 3484 est
2084 3443 2116 3483 a
2149 3429 2357 3499 majore
2376 3443 2441 3483 ac
2475 3428 2855 3499 praestantiore
2883 3428 2904 3461 ⁹
2933 3446 2951 3480 ι
2987 3428 3125 3483 citra
3146 3428 3311 3483 ullam
3339 3438 3564 3484 contro-

1976 3520 2213 3576 versiam
2242 3536 2258 3586 ;
2292 3534 2639 3590 nequaquam
2667 3521 3016 3577 existimetur
3043 3521 3211 3606 homo
3240 3521 3432 3587 fuisse,
3464 3521 3565 3577 sed

1976 3625 2047 3667 ex
2072 3626 2172 3668 sua
2195 3617 2395 3665 natdra
2411 3610 2657 3681 angelus,
2682 3618 2779 3666 aut
2809 3609 3016 3680 alioqui
3040 3613 3353 3668 veneranda
3381 3613 3565 3684 aliqua

1975 3711 2034 3758 et
2071 3702 2310 3773 gloriosa
2345 3716 2584 3772 superna
2614 3710 2858 3773 potestas
2889 3711 3053 3774 atque
3073 3704 3560 3763 administratoria.

1975 3795 2091 3867 Ego
2112 3810 2267 3861 vero,
2286 3795 2471 3861 amici,
2491 3794 2737 3850 demiror
2752 3796 3134 3862 vehementer,
3158 3797 3206 3852 si
3226 3797 3370 3853 forte
3388 3798 3565 3868 pietas

1975 3888 2087 3961 σο
2128 3887 2380 3958 quaedam
2425 3902 2491 3942 ac
2538 3889 2850 3943 reverentia
2895 3904 3024 3959 erga
3070 3889 3346 3944 Abraham
3388 3904 3486 3946 eos
3530 3906 3563 3946 a

1976 3988 2130 4037 recto
2166 3980 2477 4046 abduxerit,
2516 3988 2575 4035 et
2601 3995 2633 4034 a
2666 3980 2995 4035 necessariis
3018 3980 3086 4035 ad
3116 3981 3403 4035 veritatem
3425 3996 3565 4037 con-

1974 4071 2315 4142 sequendam
2357 4070 2787 4142 cogitationibus
2831 4071 3115 4127 avulserit.
3161 4071 3299 4128 Cum
3329 4073 3478 4129 enim
3504 4073 3563 4130 in

1976 4163 2392 4219 similitudinem
2433 4162 2499 4219 ac
2549 4171 2736 4234 typum
2786 4162 3164 4219 Emmanuelis
3201 4164 3565 4221 Melchisedec

1977 4261 2247 4321 statuunt,
2280 4270 2392 4311 non
2423 4271 2610 4311 rerum
2633 4257 2957 4326 qualitatem
2977 4257 3349 4323 considerant,
3382 4272 3564 4329 neque

299 4352 557 4422 ποιότητα
583 4351 897 4421 βλέπουσιν,
919 4350 952 4421 ἢ
977 4352 1068 4406 τὸν
1083 4350 1183 4421 τῆς
1204 4348 1505 4422 ίερωσύνης
1522 4346 1877 4418 δοκιμάζουσι

1979 4347 2272 4403 sacerdotii
2327 4346 2553 4402 modum
2603 4348 2910 4418 explorant,
2972 4348 3069 4403 sed
3130 4349 3317 4419 potius
3367 4364 3563 4406 eorum

298 4443 496 4514 τρόπον
518 4461 533 4474 ·
563 4443 921 4514 βασανίζουσι
967 4443 1025 4496 δὲ
1073 4442 1272 4513 μᾶλλον
1299 4442 1411 4497 τῶν
1437 4443 1518 4504 εἰς
1540 4439 1700 4494 τοῦτο
1729 4453 1873 4510 παρα

299 4532 673 4602 ενηνεγμένων
698 4530 796 4594 τὰς
816 4532 1081 4600 φύσεις.’1“
1088 4532 1103 4584 ί
1118 4530 1227 4601 γὰρ
1252 4531 1319 4584 ἂν
1334 4531 1545 4599 γένοιτο
1563 4529 1625 4582 τὸ
1648 4526 1873 4592 λυποῦν,

298 4622 427 4693 φαίη
440 4639 524 4686 τις
543 4621 611 4675 ἃν
637 4622 865 4685 εἰκότως
889 4622 1094 4688 αὐτοῖς,
1125 4621 1467 4691 εὐλογεῖσθαι
1493 4620 1588 4674 τὸν
1603 4618 1875 4691 Ἀϐραάμ,

298 4712 371 4776 ὡς
406 4713 466 4778 ἐξ
505 4713 797 4785 ἀνθρώπου
831 4713 994 4783 τυχὸν
1040 4713 1133 4767 τοῦ
1167 4712 1522 4783 Μελχισεδὲκ,
1575 4710 1676 4766 κᾶν
1713 4712 1760 4764 εί
1801 4708 1876 4781 μὴ

302 4804 464 4854 νοοῖτο
493 4804 757 4871 κρείττων
779 4802 979 4867 αὐτοῦς
1004 4802 1079 4856 Οὐ
1111 4801 1221 4873 γὰρ
1248 4802 1305 4855 αἱ
1335 4801 1525 4871 φύσεις
1548 4802 1607 4854 ὲν
1638 4799 1871 4863 τούτοις.

299 4892 407 4944 ἀλλ’
434 4896 464 4947 6
499 4894 608 4948 τῶν
632 4894 929 4967 δρωμένων
951 4893 1304 4964 δοκιμάζεται
1327 4892 1473 4959 νοῦς,
1499 4892 1718 4964 καὶτῆς
1741 4891 1872 4962 άληη

302 4980 444 5047 θείας
467 4986 515 5038 οἱ
543 4985 716 5054 λόγοι,
751 4983 861 5037 τῶν
901 4987 960 5039 ἐν
1006 4988 1187 5049 σκιαῖς
1233 4984 1573 5054 αἰνιγμάτων
1616 4984 1870 5054 ἀμείνους

302 5069 948 5145 προαναφαίνονται.’⁹οτι
963 5076 1076 5148 γάρ
1094 5077 1213 5130 ἐστι
1234 5074 1343 5129 τῶν
1360 5073 1481 5129 λίαν
1500 5075 1870 5139 ἀτοποτάτων,

299 5168 415 5237 οὐχὶ
454 5168 527 5221 τά
562 5169 628 5221 ὲκ
653 5168 763 5222 τῶν
803 5172 1221 5242 σημαινομένων
1259 5167 1719 5242 ἀντιπαρεξάγειν
1760 5171 1875 5234 τοῖς

297 5258 352 5311 ἐν
385 5263 590 5324 σκιαῖς,
626 5261 714 5313 ἐπ’
739 5261 912 5326 αὐτὰς
937 5262 994 5316 δὲ
1030 5262 1231 5335 μᾶλλον
1259 5263 1395 5319 ίέναι
1422 5262 1522 5327 τὰς
1554 5261 1746 5332 φύσεις
1765 5261 1874 5315 τῶν

295 5352 372 5415 είς
415 5353 579 5423 μέσον
622 5355 1021 5426 ὲνηνεγμένων,
1054 5356 1189 5433 ⁹εἴσῃ
1226 5372 1308 5409 τοι
1342 5354 1654 5411 κάντεῦθεν.
1712 5355 1873 5409 Ἀπό-

294 5441 482 5509 λεκτος
513 5439 582 5517 ἢν
638 5446 873 5518 Ἀαρὼν,
904 5447 1262 5520 προεστηκὼς
1294 5448 1391 5502 καὶ
1432 5447 1737 5519 ἡγούμενος
1775 5448 1875 5518 τῆς

293 5534 455 5603 ἀγξας
500 5538 742 5609 σκηνῆς,
796 5542 921 5605 ταῖς
966 5541 1230 5595 ἀνωτάτω
1274 5540 1461 5609 τιμαῖς
1505 5542 1564 5594 ὲν
1606 5538 1871 5610 ἱερωσύνῃ

365 5715 389 5748 ⁷
421 5716 577 5772 Deut.
616 5733 765 5785 xmr,
816 5717 914 5781 t8;
956 5717 1074 5772 Act.
1103 5735 1158 5775 ιη
1186 5761 1202 5789 ,
1253 5720 1342 5775 22.
1418 5717 1438 5751 ⁸
1470 5718 1637 5776 Hebr.
1669 5735 1763 5789 vn,
1805 5718 1858 5774 '5.

1979 4438 2182 4509 quibus
2214 4438 2270 4493 id
2297 4437 2461 4494 cilicii
2496 4454 2668 4509 genus
2693 4439 2936 4494 delatum
2967 4448 3074 4505 est,
3108 4447 3337 4497 naturas
3375 4441 3562 4511 inqui-

1977 4538 2126 4585 runt.
2155 4528 2298 4595 Quid
2343 4530 2490 4584 enim
2536 4529 2817 4585 obstiterit
2845 4531 3065 4603 (merito
3106 4531 3234 4603 quis
3282 4531 3350 4586 iis
3390 4532 3560 4605 dicat)

1978 4621 2277 4690 quominus
2300 4619 2580 4677 Abraham
2623 4621 2952 4680 benedictus
2991 4624 3063 4681 sit
3102 4641 3135 4680 a
3179 4625 3559 4695 Melchisedec,

1978 4711 2242 4769 nimirum
2272 4721 2334 4768 ut
2363 4713 2434 4768 ab
2466 4714 2711 4781 homine,
2745 4717 2964 4772 etiamsi
2988 4718 3135 4774 hunc
3164 4719 3259 4774 illo
3292 4735 3402 4775 non
3445 4736 3557 4777 ma-

1972 4803 2153 4874 jorem
2181 4820 2302 4861 esse
2324 4805 2860 4879 credamus?Neque
2904 4810 3052 4865 enim
3095 4811 3154 4867 in
3198 4813 3286 4869 his
3328 4823 3557 4880 naturae,

1979 4895 2078 4951 sed
2111 4910 2303 4951 eorum
2339 4913 2461 4967 qua:
2493 4909 2750 4971 aguntur,
2790 4916 2949 4958 mens
2982 4903 3331 4974 expenditur,
3355 4905 3558 4959 verita-

1981 4987 2160 5057 tisque
2184 5002 2471 5045 sermones
2488 4990 2678 5063 ﬁguris
2696 5009 2910 5060 eorum,
2932 5010 3055 5065 quae
3077 4995 3134 5049 in
3163 4994 3374 5049 umbris
3399 4994 3556 5060 ﬁunt,

1979 5080 2388 5148 praestantiorcs
2444 5093 2763 5141 censentur.
2829 5086 2986 5153 Quod
3042 5087 3189 5142 enim
3232 5086 3561 5143 absurdissi-
3644 5094 3647 5097 ‘
3728 5103 3732 5106 ‘

1978 5184 2127 5225 mum
2173 5170 2266 5237 sit,
2315 5188 2428 5229 non
2466 5190 2533 5231 ea
2560 5192 2682 5248 qua
2726 5177 3123 5248 signiﬁcantur,
3146 5177 3358 5233 umbris
3386 5193 3558 5249 oppo-

1976 5277 2130 5327 nere,
2162 5263 2258 5318 sed
2281 5265 2467 5334 potius
2498 5283 2691 5324 eorum
2718 5284 2840 5339 quae
2870 5269 2925 5323 in
2963 5268 3205 5324 medium
3232 5269 3557 5337 atteruntur,

1976 5360 2205 5407 naturas
2257 5356 2588 5425 explorare,
2647 5360 2813 5414 etiam
2876 5360 3009 5417 hinc
3062 5361 3365 5432 intelligere
3406 5360 3555 5418 licet.

1976 5445 2234 5500 Delectas
2256 5448 2403 5502 enim
2429 5458 2547 5504 erat
2588 5452 2790 5516 Aaron,
2816 5466 2881 5507 ac
2902 5452 3195 5523 praefectus
3218 5461 3275 5508 et
3295 5452 3405 5507 dux
3433 5467 3561 5512 san-

1977 5539 2050 5594 cti
2080 5538 2443 5605 tabernaculi,
2478 5555 2732 5613 suprema
2757 5544 3080 5601 sacerdotali
3119 5543 3382 5617 dignitate
3419 5543 3559 5603 insl~

1933 5720 1954 5752 ⁹
1979 5720 2116 5777 Ibid.
2170 5722 2223 5781 7.
2544 5727 2575 5761 ⁸
