4050 6210
493 315 598 373 105

1505 306 1566 362 S.
1611 306 1884 364 CYRILLI
1925 308 2391 365 ALEXANDRINI
2430 307 2747 367 ARCHIEP.

3657 307 3759 372 104

497 428 700 500 gnitus.
732 420 851 489 Quo
888 430 1046 494 pacto
1089 424 1256 495 igitur
1289 423 1659 480 sanctiﬁcatus
1684 427 1813 480 est?
1844 434 2080 480 mactato

2183 429 2648 500 κατεστεμμένος.
2675 427 2798 492 Πῶς
2821 419 2913 481 οὑν
2934 425 3190 497 ἡγιάζετο
3213 442 3226 492 ;
3247 424 3279 496 ἢ
3300 425 3453 498 κριὸς
3468 427 3757 498 ἐσφάζετο,

498 519 691 576 ariete.
739 527 902 586 atque
929 516 1244 572 summitate
1282 516 1487 572 dextra:
1509 517 1684 587 ipsius
1713 517 1994 581 auriculae,
2024 527 2080 572 et

499 624 695 663 manus
720 622 784 661 ac
807 607 983 677 pedis,
1006 607 1273 677 sanguine
1314 607 1616 676 perunctis,
1666 615 1829 676 atque
1873 607 1947 660 ita
1992 621 2079 661 sa-

501 697 746 755 cerdotio
791 698 1040 752 initiatus
1085 699 1213 753 est?
1239 698 1405 768 Atqui
1431 698 1662 753 dixerim
1700 698 2081 770 hujuscemodi

497 791 837 856 hominibus,
905 790 953 845 si
999 790 1212 846 naturis
1243 805 1436 845 eorum
1475 806 1596 860 quae
1627 789 1988 853 sanctiﬁcant,
2024 797 2082 845 et

497 897 688 937 eorum
734 897 856 951 quae
907 881 1340 946 sanctiﬁcantur,
1383 881 1664 937 adhaerere
1718 881 1922 936 bonum
1954 888 2077 946 est;

497 989 675 1042 neque
704 973 890 1042 potius
916 972 1087 1027 veluti
1109 987 1177 1026 ex
1204 982 1333 1043 typo
1372 981 1428 1027 et
1461 973 1657 1026 umbra
1683 970 1752 1026 ad
1782 971 1954 1041 ipsam
1982 985 2080 1026 ve-

499 1063 678 1118 ritatis
721 1063 1189 1133 pulchritudinem
1239 1080 1297 1120 se
1341 1064 1612 1129 conferre,
1642 1079 1751 1134 quo
1785 1071 1944 1133 pacto
1967 1062 2080 1134 jam

497 1154 678 1209 minus
707 1171 737 1208 a
779 1155 1160 1224 prazstantiore
1185 1155 1578 1210 benedicitur?
1606 1155 1738 1225 quid
1777 1169 1910 1209 vero
1938 1170 2079 1224 pra:-

498 1245 733 1300 stantius
773 1262 841 1300 ex
880 1245 967 1300 his
1004 1245 1095 1310 sit,
1136 1247 1239 1316 ipsi
1283 1247 1487 1302 dicant.
1531 1246 1700 1301 Porro
1730 1245 1775 1300 si
1807 1245 2078 1301 Aaronem

497 1339 668 1392 ariete
709 1338 1030 1394 inferiorem
1064 1341 1380 1405 statuimus,
1416 1347 1472 1394 et
1500 1338 1569 1394 ab
1603 1337 1825 1392 animali
1854 1336 2080 1393 rationis

497 1441 724 1499 experte
765 1432 1115 1487 benedicitur
1150 1432 1205 1487 id
1234 1433 1382 1503 quod
1420 1433 1628 1488 ratione
1657 1432 1944 1502 praeditum
1973 1438 2077 1495 est,

498 1520 555 1574 id
599 1522 748 1590 quod
794 1523 862 1576 ad
909 1524 1276 1579 sacerdotium
1323 1525 1595 1579 delectum
1645 1531 1783 1588 erat,
1817 1521 2080 1592 sanguine

497 1600 1086 1668 nullo'sanctiﬁcatum
1125 1613 1392 1679 dicemus,
1435 1622 1491 1667 et
1523 1613 1662 1668 cinis
1689 1613 1848 1668 vituli
1873 1612 2081 1666 aﬂ‘usus

497 1713 614 1767 eos,
650 1705 746 1773 qui
787 1705 1083 1775 participes
1105 1705 1234 1760 lacti
1257 1706 1387 1770 sint,
1415 1704 1781 1760 sanctiﬁcabit
1803 1703 1871 1758 ad
1899 1701 2080 1757 carnis

2183 519 2275 572 καὶ
2316 517 2391 590 τῷ
2441 519 2636 590 αἵματι
2669 519 2987 590 κατεχρίετο
3033 518 3096 570 τὸ
3127 518 3298 589 ἀκρον
3337 519 3433 573 τοῦ
3481 519 3622 584 ὠτὸς
3667 524 3762 577 τοῦ

2181 607 2377 674 δεξιοῦ,
2410 609 2505 662 καὶ
2539 610 2647 680 μὴν
2697 609 2793 662 καὶ
2821 607 3004 680 χειρὸς
3036 607 3129 661 καὶ
3159 607 3354 672 ποδόςο
3391 608 3763 666 ἐτελειοῦτοδὲ

2180 699 2343 764 οὕτω,
2375 699 2512 770 πρὸς
2547 699 2890 770 ἱερουργίαν;
2924 698 3062 765 ἀλλ’,
3097 691 3142 751 ὦ
3175 694 3473 768 βέλτιστοι,
3503 702 3670 772 φαίην
3696 701 3762 759 ἂν

2182 789 2388 856 αὑτοῖς,
2419 791 2468 843 εἰ
2493 793 2621 853 ταῖς
2647 789 2842 859 φύσεσι
2862 789 2971 844 τῶν
3003 787 3341 858 ἁγιαζόντων
3362 791 3455 843 καὶ
3482 791 3590 844 τῶν
3607 793 3763 861 ἀγιαο

2183 881 2428 954 ζομένων
2461 882 2822 954 προσκεῖσθαι
2847 881 3038 936 καλόν·
3077 882 3172 936 καὶ
3197 882 3320 953 οὑχὶ
3349 875 3415 952 δή
3453 882 3656 952 μᾶλλον
3687 883 3764 947 ὡς

2181 974 2248 1026 ὲκ
2287 973 2459 1028 τύπου
2510 973 2606 1029 καὶ
2647 974 2805 1039 σκιᾶς
2830 974 2916 1028 ἐπ’
2945 974 3079 1029 αὐτὸ
3118 975 3220 1045 τῆς
3253 973 3511 1044 ἀληθείας
3545 975 3679 1028 ἰέναι
3704 976 3765 1029 τὸ

2182 1064 2399 1131 κάλλος,
2423 1066 2540 1130 πῶς
2563 1067 2644 1119 ἔτι
2671 1067 2732 1120 τὸ
2771 1064 2990 1120 ἔλαττον
3021 1066 3125 1119 ὑπὸ
3153 1065 3250 1120 τοῦ
3281 1067 3588 1138 κρείττονος
3613 1067 3766 1120 εὐλο-

2181 1161 2394 1227 γεῖται;
2420 1158 2485 1211 Τί
2516 1159 2578 1212 τὸ
2606 1160 2829 1229 ἄμεινον
2847 1159 2903 1212 ἐν
2930 1157 3159 1223 τούτοις,
3193 1158 3511 1228 φραζόντων
3542 1159 3762 1212 ἐκεῖνοι.

2179 1245 2328 1321 *Αρα
2379 1250 2474 1303 καὶ
2505 1249 2663 1321 κριοῦ
2713 1250 2944 1304 κατόπιν
2988 1249 3080 1303 τόν
3126 1249 3336 1321 Ἀαρὼν
3385 1248 3659 1320 θήσομενς
3706 1250 3764 1302 ἐν

2181 1339 2360 1409 ἀλόγῳ
2396 1338 2520 1411 ζώῳ
2548 1340 2848 1397 τελειοῦται
2881 1340 2942 1394 τὸ
2966 1341 3201 1409 λογικόν.
3235 1340 3438 1410 Αἵματι
3473 1339 3766 1409 προϐάτων

2181 1431 2274 1484 τὸν
2304 1430 2604 1484 ἀπόλεκτον
2628 1433 2708 1494 εἰς
2739 1429 3041 1503 ἱερωσύνην
3076 1429 3341 1500 ἡγιᾶσθαι
3370 1430 3638 1502 φήσομεν,
3667 1431 3765 1484 καὶ

2183 1521 2376 1585 σποδὸς
2419 1522 2708 1592 δαμάλεως
2757 1521 3099 1592 ῥαντίζουσα,
3149 1523 3275 1586 τοὺς
3326 1521 3765 1591 κεκοινωμένους

2181 1611 2419 1682 ἁγιάζει,
2465 1614 2602 1686 πρὸς
2634 1615 2733 1686 τὴν
2767 1614 2867 1684 τῆς
2905 1614 3107 1685 σαρκὸς
3141 1613 3520 1685 καθαρότηταο
3565 1613 3619 1665 τί
3667 1607 3767 1668 οὖν

2183 1703 2291 1774 ἀρα
2316 1702 2378 1756 τὸ
2421 1703 2647 1774 χρῆμα;
2693 1702 2746 1756 τί
2775 1702 2884 1756 τῶν
2919 1703 3208 1774 νοημάτων
3251 1703 3311 1756 τὸ
3345 1702 3541 1774 βάθος;
3588 1705 3764 1758 Τύποι

497 1794 813 1863 puritatem.
841 1796 984 1862 Quid
1003 1796 1171 1867 igitur
1193 1797 1309 1852 haec
1332 1812 1420 1852 res
1464 1797 1571 1852 sibi
1612 1796 1769 1851 vult?
1803 1804 1897 1850 aut
1934 1809 2081 1864 quae-

2182 1789 2274 1844 καί
2323 1791 2530 1855 εἰκόνες
2571 1790 2640 1844 τὰ
2689 1791 2961 1862 δρώμενα,
3001 1791 3096 1846 καὶ
3144 1791 3215 1845 ἵν’
3264 1790 3440 1856 οὑτως
3490 1792 3761 1863 εἴπωμεν,

498 1900 625 1938 nam
676 1885 871 1947 horum
899 1900 1160 1941 sensuum
1210 1887 1442 1949 altitudo
1471 1887 1662 1971 [Τεῖρί
1691 1895 1821 1942 sunt
1855 1894 1910 1941 et
1940 1886 2077 1940 ima-

499 1977 671 2048 gines,
693 1986 881 2049 atque,
908 1988 968 2034 ut
996 1979 1070 2033 ita
1099 1978 1366 2043 dicamus,
1387 1978 1924 2048 praemonstrationes
1951 1991 2078 2030 san-

499 2069 844 2124 ctiﬁcationis
865 2084 962 2140 per
980 2069 1280 2126 Christum.
1315 2069 1499 2140 Typus
1529 2083 1664 2124 vero
1688 2069 1744 2122 in
1775 2067 1940 2122 rebus
1967 2079 2078 2122 non
2106 2084 2108 2086 '

499 2161 961 2216 sanctificantium
1001 2170 1100 2216 aut
1138 2161 1605 2217 sanctiﬁcatorum
1643 2169 1840 2216 natura
1884 2160 2081 2230 depre-

498 2251 797 2306 henditur:
831 2253 1305 2323 quandoquidem,
1355 2260 1416 2308 ut
1463 2252 1625 2308 modo
1674 2252 1808 2318 dixi,
1837 2251 1892 2307 id
1930 2251 2078 2322 quod

501 2344 850 2413 praestantius
893 2353 978 2399 est
1024 2344 1094 2399 ab
1147 2345 1409 2400 inferiore
1450 2343 1812 2408 benedicitur,
1841 2341 1888 2397 si
1918 2343 2080 2398 modo

500 2434 847 2505 praestantior
862 2444 946 2492 est
961 2435 1202 2491 hominis
1219 2442 1417 2490 natura
1438 2449 1601 2505 quam
1621 2433 1780 2488 vituli
1796 2441 1851 2488 et
1871 2432 2075 2487 arietis.

499 2527 580 2582 Ne
618 2528 785 2599 igitur
813 2543 910 2583 eos
947 2527 1171 2600 pudeat,
1213 2527 1431 2583 etiamsi
1473 2526 1751 2581 Abraham
1779 2526 1954 2580 multo
1977 2541 2078 2596 po-

503 2619 611 2673 tior
653 2635 717 2674 ac
772 2619 966 2675 melior
992 2607 1278 2676 'exsistens
1310 2633 1476 2690 quam
1508 2617 1888 2683 Melebisedec,
1921 2617 1991 2672 ab
2013 2632 2080 2672 eo

502 2708 827 2766 benedictus
865 2711 1100 2766 dicatur.
1135 2711 1320 2783 Typus
1352 2711 1501 2765 enim
1527 2717 1648 2766 erat
1680 2709 1929 2774 vincens,
1967 2723 2080 2763 non

500 2807 686 2854 autem
727 2800 1106 2856 benedicentis
1142 2808 1358 2854 natura.
1398 2799 1502 2870 ει
1550 2798 1717 2853 Miror
1744 2813 1876 2853 vero
1909 2798 2077 2868 quod,

499 2906 625 2945 cum
654 2889 832 2961 ipsum
857 2898 1100 2946 statuant
1123 2890 1182 2943 in
1201 2889 1621 2944 similitudinem
1640 2905 1705 2944 ac
1730 2898 1918 2960 typum
1934 2888 2077 2956 Filii,

501 2991 674 3038 matre
704 2997 767 3038 ac
795 2990 949 3052 patre
976 2996 1165 3037 carere
1194 2980 1530 3036 contendant
1557 2986 1620 3036 ut
1651 2981 1923 3051 angelum,
1954 2995 2080 3035 cum

502 3083 737 3145 utroque
757 3081 985 3144 parente
1009 3073 1703 3173 Christuanuodammo-do
1725 3072 1936 3173 ﬂoreat.
1964 3073 2079 3127 Ma-
2107 3101 2154 3173 α

504 3174 588 3221 ter
616 3165 762 3220 enim
798 3165 970 3234 ipsius
998 3165 1053 3219 in
1077 3165 1240 3218 terris
1263 3163 1369 3216 fuit
1402 3171 1590 3217 sancta
1621 3161 1806 3233 Virgo.
1825 3163 1960 3218 Erat
1979 3179 2082 3219 au-

504 3264 614 3310 tem
634 3258 685 3310 ei
705 3263 763 3309 et
785 3263 870 3308 est
900 3255 957 3306 in
977 3253 1132 3308 caelis
1155 3253 1318 3307 Pater
1345 3252 1509 3307 Deus.
1532 3251 1799 3322 Oportcre
1827 3266 1960 3307 vero
1991 3267 2082 3307 ar-

504 3345 678 3400 bitror
706 3343 968 3414 imagines
997 3343 1063 3398 ad
1085 3343 1381 3414 archetypa
1400 3342 1642 3415 depingi.
1661 3342 1931 3409 Quoniam
1952 3359 2084 3399 vero

503 3439 724 3494 divinus
751 3436 973 3501 Paulus,
1015 3454 1033 3487 ι
1074 3436 1262 3505 Neque
1283 3435 1618 3505 principium
1641 3434 1878 3500 dierum,
1903 3449 2084 3505 neque

503 3533 669 3587 ﬁnem
701 3529 826 3584 vitae
858 3528 1062 3583 habere
1106 3527 1487 3589 Melchisedec,
1521 3545 1540 3578 ι
1591 3526 1732 3582 dixit
1762 3528 1848 3594 ‘°;
1879 3527 2084 3584 idcirco

503 3636 632 3677 eum
658 3626 983 3690 potestatem
1012 3617 1335 3672 rationalem
1354 3624 1411 3672 et
1435 3615 1776 3672 sacerdotem
1807 3631 1926 3673 esse
1956 3633 2086 3673 eon-

508 3712 762 3777 Iendunt,
787 3727 900 3766 non
931 3709 1298 3781 intelligentes
1315 3707 1465 3779 quod
1491 3707 1699 3778 aliquid
1722 3723 1935 3773 eorum,
1963 3723 2085 3779 quae

505 3804 812 3860 necessaria
847 3811 996 3867 sunt,
1028 3785 1125 3858 eos
1153 3809 1463 3872 praetereat.
1509 3798 1654 3854 Nihil
1697 3799 1844 3854 enim
1891 3813 2083 3853 eorum

504 3912 628 3966 qua:
683 3902 866 3950 creata
913 3901 1065 3960 sunt,
1121 3891 1380 3964 principii
1426 3905 1622 3961 expers
1665 3889 1834 3945 fuerit
1872 3890 2084 3945 ratione

505 3987 768 4058 temporis
796 3985 928 4041 :sed
959 3985 1229 4056 quidquid
1249 3985 1305 4039 in
1332 3983 1654 4039 universum
1676 3981 1972 4037 essentiam
1991 3996 2082 4036 ae-

505 4081 671 4149 cepit,
721 4080 826 4134 hoc
855 4079 1020 4133 etiam
1050 4077 1383 4148 principium
1417 4075 1584 4130 habet
1603 4075 1728 4129 vitae
1755 4088 1819 4129 ac
1848 4073 2081 4128 dierum.

506 4171 768 4238 Quisnam
806 4170 993 4240 itaque
1030 4170 1178 4224 beati
1218 4169 1373 4248 Pauli
1408 4180 1606 4238 scapus
1648 4168 1800 4223 fuit?
1842 4175 1939 4222 aut
1974 4182 2084 4236 quo

505 4269 666 4331 pacto
701 4280 718 4312 ι
749 4261 802 4314 in
835 4258 1248 4314 similitudinem
1289 4273 1352 4313 ac
1391 4269 1574 4327 typum
1600 4255 1802 4318 Christi
1834 4256 1874 4287 ¹¹
1903 4274 1922 4307 ι
1952 4256 2084 4310 Mel-

507 4351 763 4406 chisedec
800 4349 1036 4405 statuit?
1071 4347 1184 4420 Age
1223 4347 1412 4418 igitur,
1455 4344 1692 4401 abducto
1712 4344 1992 4399 intellectu
2015 4345 2084 4399 ab

2178 1881 2454 1953 ἁγιασμοῦ
2487 1882 2866 1952 προανάδειξις
2908 1878 2976 1953 ἦν
3009 1882 3100 1936 τοῦ
3147 1883 3285 1937 κατὰ
3315 1884 3568 1955 Χριστόν.
3611 1885 3668 1937 Ὀ
3700 1880 3760 1939 δὲ

2177 1973 2348 2037 τύπος
2380 1974 2438 2027 ὲν
2484 1974 2839 2045 πράγμασιν,
2881 1975 2984 2028 οὑκ
3029 1976 3088 2028 ὲν
3129 1977 3195 2047 τῇ
3229 1975 3338 2030 τῶν
3389 1975 3759 2045 ἁγιαζόντων,
3813 1956 3824 1965 ’

2178 2066 2344 2136 ήγουν
2361 2065 2471 2119 τῶν
2509 2066 2890 2138 ἁγιαζομένων
2929 2069 3322 2138 καταφωρᾶται
3357 2067 3535 2137 φύσει.
3579 2067 3758 2134 Ἐπεὶ,

2178 2157 2431 2229 καθάπερ
2449 2157 2585 2229 ἔφην
2606 2158 2826 2229 ἀρτίως,
2858 2158 2917 2212 τὸ
2943 2162 3190 2230 κρεῖττον
3220 2160 3325 2214 ὑπὸ
3353 2160 3446 2213 τοῦ
3477 2160 3762 2225 ἐλάττονος

2178 2247 2480 2317 εὐλογεῖται
2505 2289 2521 2314 ,
2573 2250 2734 2320 εἰπερ
2787 2250 2935 2303 ἐστὶν
2971 2251 3029 2303 ὲν
3073 2251 3350 2321 ἀμείνοσιν
3397 2253 3430 2322 ἡ
3470 2251 3761 2324 ἀνθρώπου

2140 2402 2142 2405 ,
2181 2341 2340 2410 φύσις
2369 2341 2658 2412 δαμάλεως
2677 2343 2772 2394 καὶ
2789 2341 2969 2413 κριοῦ.
2996 2341 3089 2413 Μὴ
3116 2343 3297 2397 τοίνυν
3325 2343 3760 2415 ἑρυθριάτωσαν,

2179 2433 2283 2488 κᾶν
2311 2434 2358 2486 εἰ
2389 2433 2523 2487 πολὺ
2550 2434 2816 2504 κρείττων
2854 2434 3117 2504 ὑπάρχων
3147 2436 3175 2488 6
3209 2435 3460 2506 Ἀϐραὰμ
3490 2434 3584 2489 τοῦ
3619 2435 3763 2490 Μελ-

2179 2523 2417 2594 χισεδὲκ,
2479 2523 2818 2593 εὐλογεῖσθαι
2871 2525 3094 2597 λέγηται
3137 2529 3268 2598 παρ’
3303 2527 3490 2582 αὑτοῦ.
3546 2528 3603 2582 Ὁ
3647 2528 3760 2601 γὰρ

2178 2617 2346 2680 τύπος
2360 2613 2430 2688 ἦν
2455 2619 2483 2671 ὁ
2511 2615 2698 2681 νικῶν,
2722 2617 2818 2671 καὶ
2840 2617 2960 2688 οὑχί
2975 2617 3039 2689 δὴ
3070 2617 3270 2688 μᾶλλον
3295 2621 3327 2690 ἡ
3354 2619 3448 2672 τοῦ
3472 2620 3762 2689 εὐλογοῦν-

2177 2726 2270 2772 τος
2299 2708 2480 2777 φύσις.
2511 2707 2790 2779 Θαυμάζω
2815 2708 2872 2762 δὲ
2893 2709 2976 2762 ὃτι
3005 2709 3100 2762 καὶ
3131 2712 3210 2773 εἰς
3232 2711 3492 2781 ὁμοίωσιν
3531 2711 3625 2766 καὶ
3662 2713 3762 2766 τύ-

2181 2817 2280 2854 πον
2309 2799 2736 2871 διαμορφοῦντες
2757 2800 2918 2855 αὑτὸν
2939 2800 3032 2855 τοῦ
3063 2800 3216 2869 Υἱοῦ,
3241 2803 3494 2875 άμήτορά
3520 2819 3580 2856 τε
3618 2801 3765 2858 εἶναι

2179 2893 2273 2948 καὶ
2303 2893 2556 2964 ἀπάτορά
2582 2909 2748 2962 φασιν
2787 2893 2862 2956 ὡς
2891 2893 3140 2962 ἄγγελον,
3185 2895 3364 2948 καίτοι
3411 2896 3611 2967 τρόπον
3634 2896 3763 2950 τινὰ

2179 2983 2274 3038 καὶ
2311 2981 2651 3056 άμφιθαλοῦς
2691 2983 2844 3043 ὄντος
2893 2985 3153 3056 Χριστοῦ.
3204 2986 3405 3056 Γέγονε
3455 2985 3566 3057 γὰρ
3607 2987 3765 3058 αὑτῷ

2185 3071 2368 3142 μήτηρ
2403 3071 2501 3142 μὲν
2545 3070 2640 3124 ἐπὶ
2689 3071 2882 3144 γῆς,ὴ
2926 3073 3056 3142 ἀγία
3084 3074 3381 3146 Παρθένος.
3415 3072 3525 3130 Ἦν
3567 3076 3623 3130 δὲ
3666 3079 3768 3130 καὶ

2184 3161 2330 3215 ἔστιν
2368 3162 2427 3216 ὲν
2470 3161 2685 3233 οὑρανῲ
2729 3162 2940 3235 Πατὴρ,
2977 3165 3006 3217 6
3036 3165 3172 3229 Θεός
3241 3167 3360 3222 Δεῖν
3391 3166 3447 3220 δὲ
3482 3162 3636 3237 οἶμαι
3662 3167 3768 3231 τὰς

2184 3251 2400 3316 εἰκόνας
2435 3251 2767 3323 γράφεσθαι,
2805 3255 2944 3326 πρὸς
2983 3255 3054 3310 τὰ
3085 3257 3391 3328 ἀρχέτυπα,
3435 3259 3650 3331 Ἐπειδὴ
3678 3259 3765 3326 δὲ,

2190 3363 2206 3393 ι
2254 3342 2404 3414 Μήτε
2431 3343 2606 3415 ἀρχὴν
2643 3344 2892 3416 ἡμερῶν,
2927 3348 3064 3420 μήτε
3094 3347 3241 3419 ζωῆς
3283 3350 3428 3422 ἔχειν
3475 3351 3628 3414 τέλος
3667 3351 3768 3405 τὸν

2182 3433 2517 3504 Μελχισεδὲκ
2554 3455 2573 3487 ι
2604 3437 2632 3490 6
2666 3436 2952 3503 θεσπέσιος
2980 3439 3083 3512 ἔφη
3115 3441 3348 3507 Παῦλος,
3380 3446 3639 3515 ταύτῃτοι
3665 3447 3768 3499 καὶ

2171 3521 2412 3593 ’δύναμιν
2444 3523 2670 3594 λογικὴν
2697 3525 2792 3578 καὶ
2818 3527 3099 3598 ίερουργδν
3124 3528 3391 3600 ὑπάρχειν
3425 3529 3607 3592 αὑτὸν,
3638 3529 3765 3583 δια-

2182 3613 2449 3667 τείνονταί
2478 3631 2538 3667 τε
2584 3615 2681 3668 καὶ
2710 3614 2962 3684 λέγουσιν
2985 3633 2998 3647 ·
3034 3619 3134 3673 οὐκ
3165 3619 3495 3685 ἐννοοῦντες,
3543 3619 3626 3672 ὅτι
3657 3637 3768 3674 πα-

2187 3705 2440 3776 ρατρέχει
2463 3723 2516 3760 τι
2554 3706 2662 3760 τῶν
2703 3706 3015 3777 ἀναγκαίων
3053 3709 3269 3774 αὑτούς.
3317 3709 3483 3764 Οὐδὲν
3513 3710 3620 3780 γὰρ
3650 3709 3768 3764 τῶν

2183 3795 2480 3851 τελούντων
2507 3798 2566 3851 ὲν
2591 3801 2859 3869 γενητοῖς,
2897 3799 3132 3872 ἄναρχον
3158 3800 3311 3855 ἔσται
3339 3802 3480 3855 κατά
3515 3801 3606 3855 τὸν
3627 3802 3762 3875 χρόα-

2184 3902 2295 3944 νον.
2342 3888 2480 3941 Ἀλλ’
2545 3890 2759 3962 εῐτιπερ
2799 3890 2936 3955 ὅλως
2983 3892 3266 3962 παρῆκται
3314 3892 3452 3965 πρὸς
3503 3893 3761 3964 ὓπαρξιν,

2185 3978 2342 4033 τοῦτο
2374 3980 2468 4033 καὶ
2490 3980 2666 4051 ἀρχὴν
2694 3980 2807 4052 ἔχει
2839 3981 2986 4052 ζωῆς
3019 3983 3115 4036 καὶ
3148 3982 3390 4057 ἡμερῶν.
3423 3985 3520 4049 Τίς
3547 3981 3639 4038 οὖν
3654 3985 3765 4057 άρα

2185 4069 2264 4142 τῷ
2285 4071 2545 4143 μακαρίῳ
2573 4071 2770 4143 Παύλῳ
2797 4073 2987 4141 γέγονε
3010 4075 3210 4138 σκοπὸς
3233 4075 3326 4128 τοῦ
3350 4075 3510 4146 λόγου
3534 4095 3549 4144 ;
3585 4078 3616 4148 ἢ
3643 4077 3764 4140 πῶς

2191 4183 2210 4216 ι
2252 4164 2333 4228 εἰς
2363 4164 2533 4219 τύπον
2564 4165 2659 4219 καὶ
2701 4165 2958 4236 ὁμοίωσιν
2995 4167 3090 4221 τοῦ
3121 4168 3358 4240 Χριστοῦ
3410 4188 3428 4222 ι
3475 4169 3761 4240 παρέδειξε

2185 4254 2276 4308 τὸν
2307 4255 2672 4326 Μελχισεδέκς
2701 4257 2821 4312 Τῶν
2847 4258 2906 4325 ἐξ
2929 4259 3264 4331 εἰκαιότητος
3302 4257 3395 4314 οῦν
3421 4260 3640 4315 ἐννοιῶν
3668 4259 3761 4314 τὸν

2186 4347 2312 4400 νοῦν
2334 4348 2762 4421 ἀποστήσαντες,
2787 4350 2919 4423 φέρε
2941 4352 3004 4424 δή
3034 4351 3168 4425 φέρε
3197 4352 3642 4424 διασκεψώμεθα,
3666 4356 3760 4408 καὶ

507 4443 609 4498 hac
653 4443 991 4498 absurditate
1033 4439 1375 4511 opinionum,
1431 4438 1487 4494 id
1537 4435 1971 4502 consideremus,
2029 4445 2082 4491 ct

2186 4437 2262 4505 ὡς
2289 4439 2368 4495 ενι
2398 4440 2664 4512 λέγωμεν.

505 4534 685 4603 quoad
711 4534 831 4589 fieri
857 4532 1059 4604 poterit
1090 4533 1357 4588 dicamus.

575 4625 628 4679 9.
668 4624 1088 4692 Paulusitaque,
1122 4632 1316 4693 utpote
1353 4622 1447 4692 qui
1483 4623 1656 4693 legem
1682 4622 1888 4692 optime
1927 4622 2090 4678 calle-

505 4715 617 4780 bat,
651 4729 761 4768 non
801 4713 1142 4783 simplicibus
1167 4713 1506 4784 argumentis
1551 4727 1675 4768 cum
1707 4711 1911 4768 Judaais
1959 4729 2086 4783 age-

509 4816 631 4872 Jat;
672 4805 768 4860 sed
813 4805 1033 4875 scriptis
1077 4805 1348 4870 Mosaicis,
1395 4805 1598 4875 quibus
1642 4803 1940 4859 verisimile
1970 4813 2088 4858 erat

508 4899 652 4970 ipsos
679 4897 844 4952 etiam
885 4897 1137 4952 nolentes
1183 4911 1456 4959 cessuros,
1514 4897 1608 4965 qui
1652 4895 1869 4950 veritati
1909 4910 2074 4965 repu-

504 5005 670 5061 gnare
705 5000 921 5045 norant.
956 4988 1156 5044 Statuit
1195 4986 1380 5056 itaque
1425 4987 1790 5043 Melchisedee
1833 4985 1889 5040 in
1921 4986 2074 5041 simi-

503 5080 793 5137 litudinem
816 5097 878 5137 ac
908 5089 1095 5152 typum
1119 5074 1344 5144 Christi,
1373 5089 1661 5149 propterea
1693 5079 1840 5149 quod
1864 5078 2078 5133 dicatur

513 5192 532 5225 ι
577 5175 908 5244 rexjustitia:
935 5173 1154 5243 etpacis
1185 5173 1247 5226 ⁸³.
1292 5190 1309 5223 ι
1351 5171 1622 5227 Convenit
1649 5172 1794 5227 enim
1842 5173 1946 5228 hoc
1974 5172 2075 5226 soli

505 5266 731 5337 mystica
756 5266 965 5320 ratione
999 5264 1357 5320 Emmanueli.
1392 5263 1623 5320 Iustitia).
1652 5265 1796 5319 enim
1833 5281 1896 5319 ac
1929 5263 2078 5334 pacis

505 5361 697 5408 auctor
723 5362 886 5422 atque
937 5354 1161 5425 largitor
1187 5355 1416 5410 ell'cctus
1439 5362 1524 5408 est
1552 5353 1894 5408 mortalibus.
1932 5371 1949 5402 ι
1977 5353 2075 5408 Ju-

505 5445 723 5502 stiﬁcati
745 5445 1016 5515 siquidem
1040 5462 1232 5502 sumus
1249 5463 1347 5518 per
1372 5449 1550 5518 ipsum
1578 5446 1670 5510 ",i
1690 5461 1920 5501 excusso
1947 5461 2076 5514 pec-

505 5538 610 5593 cati
638 5539 788 5610 jugo.
823 5538 1114 5595 Consecuti
1145 5540 1308 5594 etiam
1343 5555 1534 5596 sumus
1563 5552 1751 5608 pacem
1774 5538 1841 5593 ad
1869 5545 2076 5606 patrem

2257 4615 2319 4670 θ’.
2354 4616 2690 4688 Νομομαθὴς
2719 4616 2796 4672 ὢν
2825 4617 2988 4688 ἄγαν,
3017 4621 3117 4674 οὑκ
3140 4618 3199 4684 ἐξ
3218 4617 3400 4673 ἁπλῶν
3424 4616 3643 4671 ἐννοιῶν
3665 4617 3764 4670 τὸν

2186 4709 2323 4780 πρὸς
2359 4709 2648 4774 Ἰουδαίους
2687 4714 2924 4765 ποιεῖται
2957 4711 3137 4781 λόγον,
3175 4712 3287 4768 ἀλλ’
3319 4713 3383 4764 ὲκ
3412 4710 3762 4781 γραμμάτων

2182 4800 2513 4866 Μωσαῖκῶν,
2531 4796 2612 4866 οἷς
2640 4797 2709 4872 ἦν
2731 4803 2877 4866 εἰκὸς
2900 4804 2994 4857 καὶ
3036 4804 3133 4874 οὑχ
3159 4807 3382 4868 ἑκόντας
3413 4804 3764 4874 παραχωρεῖν

2158 4893 2310 4955 τοὺς
2338 4892 2403 4963 τῇ
2431 4893 2662 4965 ἀληθείᾳ
2688 4893 2948 4963 πολεμεῖν
2974 4897 3306 4964 ἐγνωκότας.
3330 4895 3554 4966 Δέχεται
3584 4893 3766 4947 τοίνυν
3867 4895 3870 4897 “

2183 4983 2274 5036 τὸν
2320 4983 2653 5054 Μελχισεδὲκ
2699 4987 2779 5049 είς
2811 4986 3072 5056 ὁμοίωσιν
3124 4988 3246 5041 τότε
3275 4989 3369 5041 καὶ
3413 4986 3767 5040 ὑποτύπωσιν

2184 5075 2278 5130 τοῦ
2305 5076 2567 5146 Χριστοῦ,
2597 5078 2686 5132 διά
2711 5095 2794 5131 τοι
2821 5079 2882 5133 τὸ
2912 5079 3168 5149 λέγεσθαι
3195 5098 3213 5131 ι
3240 5078 3462 5150 βασιλέα
3488 5077 3765 5132 δικαιοσύ-

2184 5182 2303 5236 νης,
2335 5167 2428 5220 καὶ
2460 5167 2568 5238 μὴν
2600 5169 2695 5222 καὶ
2719 5170 2961 5242 εἰρήνης.
3001 5189 3020 5224 ›
3069 5170 3278 5241 Πρέποι
3307 5169 3416 5240 γὰρ
3459 5168 3545 5234 ἂν,
3577 5165 3757 5239 οἶμαι,

2182 5259 2339 5314 ταυτὶ
2369 5259 2432 5330 δὴ
2471 5261 2616 5331 μόνῳ
2647 5261 2789 5316 κατά
2815 5262 2971 5331 λόγον
3001 5263 3090 5317 τὸν
3121 5262 3402 5334 μυστικὸν,
3429 5262 3509 5332 τῷ
3551 5261 3605 5313 Ἐ
3613 5276 3762 5330 μμα-

2184 5354 2362 5424 νουήλ.
2404 5355 2762 5428 Δικαιοσύνης
2797 5355 2907 5427 γὰρ
2945 5358 3040 5411 καὶ
3069 5359 3291 5430 εἰρήνης
3333 5357 3598 5428 πρύτανις
3664 5355 3763 5406 άν-

2183 5446 2401 5517 εδείχθη
2453 5449 2567 5511 τοῖς
2611 5448 2705 5501 ἐπὶ
2744 5448 2868 5520 γῆς.
2924 5467 2943 5501 ι
2998 5452 3110 5506 Καὶ
3148 5448 3544 5521 δεδικαιώμεθα
3578 5447 3675 5518 μὲν
3703 5447 3766 5500 ἐν

2184 5537 2354 5609 αὐτῷ,
2419 5557 2440 5591 ι
2487 5539 2548 5592 τὸ
2591 5537 2688 5612 τῆς
2737 5540 3010 5614 ἁμαρτίας
3071 5542 3234 5616 ἄχθος
3277 5539 3765 5615 ἀποπεμψάμενοι.

569 5714 612 5749 ¹⁰
645 5714 812 5772 Hebr.
851 5732 943 5784 vn,
969 5717 1020 5771 5.
1101 5720 1136 5751 ¹¹
1175 5719 1312 5774 Ibid.
1395 5720 1433 5752 "
1460 5719 1599 5776 Ibid.
1633 5718 1685 5773 2.
1753 5719 1795 5751 ¹³
1820 5718 1977 5775 Rom.
2016 5739 2078 5790 ν,

2196 5721 2215 5778 l
2239 5718 2362 5779 Cor.
2407 5737 2479 5794 vr,
2520 5721 2612 5781 2i.
