4052 6212
284 196 387 253 £35

1309 190 1829 249 CLAPHYRORUM
1865 190 1935 244 IN
1970 187 2269 244 GENESIM
2313 188 2441 243 LlB.
2484 189 2548 243 ll.

3434 193 3535 251 l06

294 311 644 382 Ἑσχήκαμεν
674 310 731 363 δὲ
775 311 870 364 καὶ
906 310 1131 381 εἰρήνην
1173 310 1275 381 τὴν
1321 311 1456 381 πρὸς
1499 308 1590 361 τὸν
1632 290 1857 379 ’Πατέρα

1961 318 2023 358 ac
2049 305 2220 359 Deum
2241 305 2312 359 ab
2337 302 2684 360 immunditia
2708 318 2943 368 morum,
2975 321 3096 375 quae
3119 321 3220 362 nos
3245 307 3313 362 ab
3345 323 3411 364 eo
3447 308 3533 363 di-

286 402 379 455 καὶ
406 400 564 465 Θεὸν,
596 401 697 471 τὴν
730 400 1137 471 μεσολαϐοῦσάν
1166 418 1226 455 τε
1259 403 1353 455 καὶ
1391 401 1685 457 διιστῶσαν
1711 401 1858 472 ἡμᾶς

284 493 390 547 τῶν
409 494 630 564 τρόπων
669 492 1009 567 ἀκαθαρσίαν
1046 494 1462 565 ἀπονιψάμενοι,
1494 494 1770 564 ἑνούμενοί
1796 510 1857 546 τε

284 581 474 652 ὥσπερ
515 581 669 651 αὑτῷ
706 580 796 635 διὰ
828 581 1176 653 πνεύματος*
1219 602 1239 636 ι
1283 582 1343 637 '0
1376 581 1485 654 γὰρ
1523 582 1859 653 κολλώμενος

288 673 359 744 τῷ
390 673 608 745 Κυρίῳ,
650 690 671 724 ι
706 674 892 744 φησὶν,
932 693 951 726 ι
978 672 1037 727 ἓν
1057 672 1277 745 πνεῦμά
1308 676 1479 729 ἐστιν.
1511 694 1530 724 ι
1572 676 1727 728 Ἐστι
1751 674 1857 727 τοί-

283 780 376 815 νυν
404 762 550 816 κατά
573 781 635 831 γε
665 764 763 834 τὴν
791 764 1020 818 Ἐλλάδα
1044 765 1247 837 φωνήν,
1282 768 1458 837 Μελχ“ι
1483 767 1601 837 μὲν,
1624 769 1656 821 ὀ
1674 767 1859 831 ﬂam-

283 852 421 917 λεύς
443 866 458 879 ’
488 852 653 904 Σεδὲκ
677 853 755 915 δὲ,
781 853 1155 924 δικαιοσύνη.
1170 857 1278 910 Καὶ
1300 857 1399 909 ἴδοι
1416 874 1499 920 τις
1530 857 1595 911 ἂν
1616 857 1706 910 τὸν
1716 857 1860 910 Μελ-

282 943 517 1013 χισεδὲκ,
547 943 624 1006 ὡς
652 944 865 1017 ὲνςίδίᾳ
894 946 1084 1019 κλήσει
1124 948 1561 1018 πεπλουτηκότα,
1608 947 1749 1002 κατά
1793 964 1857 1016 γε

280 1035 380 1104 τὴν
421 1036 488 1087 ὲκ
520 1035 628 1093 τῶν
665 1038 1083 1108 σημαινομένων
1120 1038 1381 1107 δύναμιν,
1440 1039 1521 1105 τὸ,
1556 1039 1856 1105 ,ϐασιλεὺς

211 1142 220 1153 ·
281 1117 698 1194 δικαιοσύνης.
732 1130 822 1182 Ἐν
845 1130 902 1183 δὲ
923 1131 1022 1202 τῷ,
1036 1132 1341 1198 βασιλεὺς
1362 1129 1853 1203 είρῆσθαιΣαλὴμ,

283 1220 581 1287 βασιλεὺς
625 1220 890 1289 εἰρήνης.
942 1223 1189 1295 ’Ήρμοσε
1234 1224 1298 1297 δὴ
1348 1220 1442 1278 οὖν
1492 1225 1521 1277 ὀ
1574 1222 1855 1286 Θεσπέσιος

282 1310 515 1374 Παῦλος,
549 1311 626 1376 ὡς
658 1312 718 1378 ἐξ
742 1311 1056 1383 ὁμοιώσεως
1080 1314 1181 1385 ἤδη
1221 1313 1427 1382 σαφοῦς
1452 1330 1510 1366 τε
1542 1311 1639 1366 καὶ
1674 1313 1856 1381 ἐμφα-

281 1402 400 1465 νοῦς
424 1401 519 1456 τοῦ
558 1402 918 1473 Μελχισεδὲκ,
943 1405 1015 1458 τά
1038 1405 1220 1458 τοιάδε
1255 1402 1496 1478 Χριστῷ.
1535 1403 1763 1472 Δέχεται
1800 1401 1856 1455 δὲ

280 1488 379 1558 τῆς
400 1491 538 1560 ὑπὲρ
554 1491 716 1561 νόμον
743 1491 1040 1563 ἱερωσύνης
1059 1491 1347 1562 σύμϐολον,
1371 1492 1435 1546 τὸ
1457 1490 1855 1562 κατευλογῆσαι

276 1580 370 1633 τὸν
417 1582 689 1653 ’Δϐραάμ,
725 1578 866 1637 οἶνόν
894 1600 955 1637 τε
993 1583 1087 1639 καὶ
1112 1584 1311 1655 ἄρτους
1343 1583 1492 1656 αὑτῷ
1526 1585 1851 1655 παρασχεῖν.

1959 395 2193 449 rimebat
2218 403 2381 465 atque
2403 394 2740 465 sejungebat,
2784 394 2958 448 abluti
3001 403 3056 449 et
3091 396 3230 451 uniti
3267 397 3533 467 quodam-

1959 484 2122 539 modo
2148 484 2253 555 ipsi
2273 500 2372 554 per
2395 485 2649 555 spiritum
2693 502 2706 538 :
2744 503 2762 536 ι
2793 484 2927 551 Quir
2949 486 3096 540 enim
3130 507 3147 537 ι
3172 488 3404 542 Domino
3436 488 3535 542 ad-

1959 575 2147 640 haaret,
2185 594 2203 626 ι
2236 575 2415 644 inquit
2436 575 2602 640 idem,
2636 594 2653 627 ι
2693 590 2833 630 unus
2857 576 3084 646 spiritus
3099 585 3183 632 est
3205 579 3267 633 “.
3295 597 3311 625 ι
3343 578 3537 633 Melchi

1958 669 2142 740 igitur,
2174 670 2219 725 si
2265 670 2451 726 Graece
2496 670 2730 734 reddas,
2779 687 2953 741 regem
3016 670 3304 741 significat,
3363 671 3540 727 Sedec

1956 776 2092 815 vero
2112 762 2405 831 justitiam.
2457 762 2748 831 Facileque
2782 761 2906 832 quis
2959 762 3359 817 animadvertat
3406 778 3537 831 pro-

1954 848 2132 921 priam
2168 832 2320 906 suam
2360 851 2781 922 appellationem
2816 862 3073 918 nactum,
3105 853 3260 924 juxta
3289 852 3401 907 vim
3439 868 3535 908 eo-

1957 957 2081 996 rum
2120 958 2241 1012 quae
2283 943 2693 1014 signiﬁcantur,
2740 960 2833 997 rea:
2856 945 3081 1014 justitiw
3113 961 3130 998 :
3172 944 3226 999 in
3259 960 3326 999 eo
3352 954 3534 999 autem

1957 1032 2104 1101 quod
2147 1032 2329 1088 dictus
2376 1034 2449 1088 sit
2477 1049 2571 1087 rea:
2613 1032 2815 1098 Salcm,
2868 1040 2979 1088 ‘rea:
3022 1035 3164 1105 pacis
3197 1035 3259 1088 ν’.
3315 1036 3537 1107 Aptavit

1958 1122 2142 1193 itaque
2174 1124 2393 1178 divinus
2435 1124 2634 1179 Paulus
2665 1124 2782 1179 hmo
2817 1139 2883 1179 ex
2909 1125 3264 1179 similitudine
3298 1127 3442 1180 clara
3472 1140 3535 1179 ac

1957 1215 2244 1270 manifesta
2270 1216 2629 1271 Melohisedec
2653 1216 2891 1271 Christo.
2930 1216 3130 1271 Statuit
3170 1224 3352 1272 autem
3393 1228 3536 1289 Sym-

1956 1305 2143 1361 bolum
2181 1307 2295 1362 sive
2346 1315 2533 1378 typum
2568 1308 2857 1363 sacerdotii
2906 1300 3323 1378 praastantioris,
3370 1326 3534 1380 quam

1955 1405 2041 1451 est
2064 1398 2257 1469 legale,
2279 1398 2721 1454 benedictionem
2751 1398 2985 1455 Abrahze
3013 1400 3230 1466 factam,
3255 1402 3367 1473 62'
3390 1401 3534 1457 vini-

1956 1500 2065 1555 que
2086 1496 2143 1539 et
2171 1502 2373 1556 panum
2389 1488 2744 1543 oblationem.
2782 1488 2970 1559 Neque
3000 1486 3147 1545 enim
3180 1491 3286 1546 alia
3323 1490 3536 1547 ratione

1954 1576 2230 1632 benedicti
2253 1594 2442 1634 sumus
2463 1579 2747 1642 aChristo,
2777 1594 2973 1649 magno
2989 1596 3053 1635 ac
3075 1597 3205 1636 vero
3228 1582 3532 1638 sacerdote.

280 1643 684 1751 Εὑλογοῦμεθα
710 1674 819 1745 γὰρ
858 1674 957 1745 οὐχ
1000 1643 1203 1747 ἑτέρως
1253 1643 1407 1747 παρά
1458 1643 1853 1745 Χριστοῦ,“τοῦ

1959 1668 2236 1724 Benedicti
2260 1685 2393 1726 vero
2420 1685 2611 1725 sumus
2625 1671 2850 1741 perinde
2869 1643 3036 1742 atque
3064 1672 3359 1739 Abraham,
3384 1673 3536 1744 prin-

280 1762 519 1832 μεγάλου
540 1780 601 1815 τε
630 1764 725 1817 καὶ
741 1763 974 1835 ἀληθοῦς
1004 1765 1211 1836 ἱερέως.
1238 1765 1472 1835 Εὑλογού
1483 1767 1617 1838 μεθα
1636 1766 1690 1819 δὲ
1714 1765 1857 1821 κατά

276 1851 365 1904 τὸν
391 1851 683 1906 θεσπέσιον
725 1854 997 1925 ’Δϐραάμ,
1043 1855 1441 1912 εὐσθενέστατα
1474 1857 1855 1926 καταγωνισά-

280 1959 428 2011 μενοι
465 1944 594 2006 τοὺς
617 1944 886 2014 ἄρχοντας
917 1946 1010 2000 τοῦ
1033 1948 1229 2012 αίῶνος
1256 1948 1468 2013 τούτου,
1504 1949 1714 2020 καὶτῆς
1746 1948 1855 2002 τῶν

278 2032 554 2104 πολεμίων
578 2036 761 2105 χειρὸς
794 2036 1050 2106 ἀμείνους
1076 2038 1541 2109 ἀναδεικνύμενα,
1594 2040 1687 2093 καὶ
1722 2039 1856 2110 μηδ-

275 2125 391 2187 ενὸς
424 2124 537 2178 τῶν
581 2127 642 2178 ὲν
679 2126 870 2197 κόσμῳ
894 2126 1238 2199 δεδεημένοι⁸
1286 2128 1516 2183 πλοῦτον
1557 2129 1614 2183 δὲ
1656 2129 1855 2199 μᾶλλον

274 2215 572 2287 ἡγούμενοι
596 2217 788 2289 νοητὸν
818 2218 886 2272 τὰ
911 2219 1061 2290 παρά
1088 2218 1248 2286 Θεοῦ,
1285 2221 1378 2275 καὶ
1408 2220 1507 2293 τὴν
1531 2220 1731 2274 εὐκλεᾶ
1763 2221 1855 2274 καὶ

276 2310 595 2381 ἀμάραντον
616 2308 727 2362 τῶν
743 2309 950 2365 ἀνωθεν
961 2312 1317 2383 χαρισμάτων
1339 2312 1623 2383 διανομήν.
1655 2311 1855 2365 Ἐννόει

275 2398 382 2467 γὰρ
406 2400 493 2451 ὅτι
516 2398 845 2471 νενικηκότα
872 2400 964 2454 τὸν
1015 2400 1288 2474 ’Δϐραάμ,
1317 2402 1416 2457 καὶ
1449 2402 1856 2474 ὑποστρέφοντα

283 2490 381 2561 μὲν
409 2491 477 2543 ὲκ
517 2491 619 2560 τῆς
655 2494 828 2563 κοπῆς
868 2490 977 2545 τῶν
1013 2491 1303 2562 βασιλέων,
1337 2491 1482 2547 καθά
1523 2491 1853 2562 γέγραπται,

283 2582 382 2635 οὐκ
402 2581 720 2647 ἀξιώσαντα
746 2582 803 2637 δέ
830 2599 885 2636 τι
909 2582 1060 2654 παρὰ
1088 2582 1182 2638 τοῦ
1210 2582 1458 2653 Σοδόμων
1486 2582 1746 2654 ἄρχοντος
1775 2582 1855 2645 εἰς

282 2672 417 2727 ίδίαν
438 2672 637 2744 κτῆσιν
670 2674 833 2739 ἑλεῖν,
859 2674 1120 2745 εὐλόγησε
1144 2674 1235 2729 τὸν
1264 2672 1618 2749 Μελχισεδέκ.
1671 2673 1729 2724 '0
1758 2671 1857 2742 μὲν

278 2761 384 2832 γὰρ
412 2761 723 2834 Σοδομιτῶν
744 2760 1157 2834 ήγούμενος,ὠς
1177 2762 1487 2832 νενικηκότι
1508 2759 1585 2831 τῷ
1600 2758 1859 2831 Ἀϐραὰμ

282 2852 509 2924 ἔφασκε·
566 2873 587 2906 ι
620 2854 720 2918 Δός
750 2872 843 2926 μοι
881 2855 1007 2918 τοὺς
1047 2854 1267 2927 ἄνδρας,
1300 2854 1400 2925 τὴν
1430 2853 1487 2907 δὲ
1527 2854 1692 2908 ἵππον
1723 2851 1856 2906 λάϐε

279 2943 489 3014 σεαυτῷ
514 2960 565 2994 ·›
597 2945 627 2996 ὁ
663 2943 722 2997 δὲ
761 2944 990 3013 μηδενὸς
1034 2943 1144 2999 τῶν
1185 2944 1405 3039 ἐκείνου.
1446 2941 1856 3039 μεταποιεῖσθαι
1882 2980 1927 3039 c

276 3034 589 3105 διεγνωκὼς
610 3076 627 3100 ,
692 3053 714 3086 ι
775 3034 1009 3089 Ἐκτενῶ
1029 3076 1044 3101 ,
1123 3035 1288 3106 φησὶ,
1355 3032 1454 3104 τὴν
1522 3032 1683 3104 χεῖρά
1753 3048 1853 3102 μου

276 3130 411 3201 πρὸς
436 3129 530 3182 τὸν
548 3128 686 3182 Θεὸν
708 3128 797 3181 τὸν
821 3127 1143 3199 ῦψιστονῶς
1174 3126 1357 3181 ἔκτισε
1384 3125 1476 3180 τὸν
1502 3123 1730 3196 οὐρανὸν
1760 3123 1857 3178 καὶ

277 3220 371 3294 τὴν
394 3222 524 3293 γῆν,
559 3223 609 3274 εί
642 3219 753 3274 ἀπὸ
786 3218 1051 3290 σπαρτίου
1089 3219 1195 3282 ἕως
1243 3217 1624 3289 σφαιρωτῆρος
1662 3215 1855 3286 ὑποδή-

282 3330 445 3382 ματος
474 3312 720 3383 λήψομαι
749 3310 858 3364 ἀπὸ
891 3311 1111 3366 πάντων
1149 3309 1258 3363 τῶν
1287 3308 1416 3371 σῶν,
1445 3308 1532 3362 ἵνα
1560 3305 1636 3379 μὴ
1672 3306 1853 3377 εἴπῃς·

292 3399 431 3468 Ἐγὼ
487 3397 792 3453 ἔπλούτισα
821 3398 912 3452 τὸν
953 3396 1228 3470 Ἀϐραάμ.
1255 3415 1275 3448 ι
1296 3396 1522 3468 Χαίρειν
1539 3395 1647 3467 γὰρ
1683 3395 1857 3465 ἁγίοις

280 3487 396 3555 ἔθος
432 3490 537 3543 οὐκ
578 3491 675 3542 ἐπὶ
692 3488 906 3559 πλούτῳ
932 3488 1203 3560 κοσμικῷ.
1233 3487 1651 3559 Κεκρατηκότες
1678 3486 1858 3541 τοίνυν

282 3580 488 3651 ὁρατῶν
513 3597 573 3633 τε
600 3580 697 3634 καὶ⁴
714 3581 960 3651 ἀοράτων
978 3579 1210 3654 ἐχθρῶν,
1238 3580 1333 3641 καὶ
1349 3579 1502 3633 οὐδὲν
1521 3578 1630 3632 ἀπὸ
1649 3578 1856 3649 κόσμου

284 3669 578 3742 δεχόμενοι,
618 3669 885 3741 τιμῶντες
918 3671 976 3724 δὲ
1011 3672 1212 3741 μᾶλλον
1244 3670 1334 3726 τὸν
1364 3669 1569 3725 ἄνωθεν
1607 3669 1857 3736 πλοῦτον,

284 3760 655 3832 εὐλογοῦμεθα
681 3759 770 3813 διὰ
784 3759 1043 3831 Χριστοῦ,
1072 3759 1166 3815 τοῦ
1186 3760 1288 3831 τῆς
1319 3760 1542 3831 εἰρήνης
1573 3759 1856 3830 βασιλέως.

287 3848 670 3920 Bitho-xorius“
716 3849 793 3915 δὲ,
838 3849 1007 3914 ξένιον
1043 3848 1234 3921 ὥσπερ
1271 3848 1526 3920 οὐρανοῦ,
1574 3850 1669 3904 καὶ
1711 3848 1859 3919 ζωῆς

287 3940 487 4008 ἑφόδιον
515 3941 800 4011 δεχόμενοι
818 3939 887 3994 τά
922 3940 1181 4011 μυστικά.
1212 3939 1527 4011 Σεσιγήσθω
1556 3940 1666 4011 γὰρ
1697 3939 1857 4004 τέως,

290 4029 334 4082 tl
360 4028 540 4083 δοκεῖ’
578 4027 956 4100 εὐλογούμεθα
983 4028 1041 4082 δὲ
1074 4029 1227 4101 παρὰ
1281 4028 1519 4102 Χριστοῦ
1580 4030 1678 4084 καὶ
1720 4047 1859 4102 πρε-

293 4121 490 4186 σϐεἰαις
514 4123 637 4185 ταῖς
663 4122 804 4191 ὑπὲρ
826 4121 983 4192 ήμῶν
1012 4121 1148 4192 πρὸς
1178 4121 1268 4175 τὸν
1293 4122 1532 4194 Πατέρα.
1549 4122 1607 4174 '0
1630 4121 1729 4192 μὲν
1750 4121 1860 4190 γὰρ

291 4211 621 4283 Μελχισεδὲκ
682 4213 894 4280 εὐλόγει
946 4213 1037 4265 τὸν
1102 4212 1385 4285 Ἀϐραάμ,
1452 4212 1596 4267 οὕτω
1646 4211 1820 4281 λέγων
1842 4227 1857 4243 ⁸

1956 1760 2171 1830 cipibus
2203 1761 2386 1815 saeculi
2409 1761 2573 1831 hujus
2590 1761 2885 1817 fortissime
2918 1763 3226 1829 debellatis,
3253 1772 3310 1819 et
3344 1765 3537 1820 adver-

1955 1852 2119 1907 sariis
2147 1852 2461 1923 superiores
2493 1851 2773 1917 declarati,
2810 1854 3126 1924 nulliusque
3161 1870 3376 1920 eorum,
3414 1870 3536 1925 quae

1958 1942 2012 1997 in
2055 1943 2263 1999 mundo
2287 1952 2435 2009 sunt,
2481 1953 2723 2015 egentes,
2768 1954 2821 2000 at
2844 1962 2976 2001 vero
3033 1947 3219 2016 potius
3257 1949 3535 2018 spiritales

1956 2036 2177 2092 divitias
2207 2045 2494 2092 censentes
2553 2051 2617 2091 ea
2666 2053 2788 2107 qua:
2827 2038 2923 2093 Dei
2953 2047 3101 2102 sunt,
3145 2048 3200 2095 et
3242 2041 3535 2110 gloriosam

1956 2135 2117 2198 atque
2150 2128 2656 2183 immarcescibilem
2681 2143 3046 2199 supernorum
3077 2131 3345 2186 donorum
3366 2132 3535 2205 largi-

1957 2219 2180 2274 tionem.
2219 2219 2603 2274 Animadverte
2636 2220 2782 2275 enim
2806 2220 2953 2290 quod
3000 2222 3194 2277 victori
3234 2222 3532 2289 Abraham,

1917 2367 1925 2374 ,
1956 2320 2012 2367 et
2032 2310 2282 2366 redeunti
2308 2326 2338 2365 a
2370 2310 2516 2366 cmde
2544 2325 2756 2381 regum,
2784 2310 2927 2365 sicut
2971 2313 3233 2383 scriptum
3266 2321 3349 2368 est
3377 2313 3439 2379 "‘,
3481 2324 3536 2370 et

1956 2402 2270 2475 dedignanti
2291 2401 2590 2472 quidquam
2628 2417 2659 2456 a
2683 2402 2931 2472 principe
2963 2402 3323 2458 Sodomorum
3357 2406 3533 2475 possi-

1957 2492 2196 2550 dendum
2223 2495 2494 2565 accipere,
2525 2493 2809 2548 benedixit
2838 2490 3220 2549 Melchisedec.
3246 2494 3357 2549 Rex
3387 2497 3534 2551 enim

1958 2587 2323 2642 Sodomorum
2369 2587 2566 2642 victori
2614 2586 2846 2642 Abrahae
2884 2586 3063 2641 dixit:
3099 2607 3115 2637 α
3148 2589 3224 2642 Da
3252 2588 3387 2642 mihi
3421 2590 3539 2644 ani-

1958 2693 2096 2743 mas,
2119 2678 2424 2747 equitatum
2449 2692 2580 2732 vero
2614 2678 2713 2733 tibi
2757 2677 2943 2747 accipe
2965 2678 3029 2730 ¹⁷.
3066 2697 3085 2728 ι
3109 2678 3228 2747 Ipse
3248 2694 3379 2733 vero
3399 2670 3535 2733 nihil

1958 2783 2151 2822 eorum
2176 2782 2298 2837 quae
2327 2768 2473 2839 regis
2501 2767 2865 2822 Sodomorum
2881 2775 3060 2832 erant,
3088 2767 3192 2821 sibi
3216 2769 3503 2823 vindicans
3520 2754 3553 2821 τ’

1969 2878 1987 2910 ι
2042 2859 2381 2922 Extendam,
2451 2859 2661 2929 inquit,
2732 2874 2953 2913 manum
3003 2872 3180 2913 meam
3232 2859 3296 2913 ad
3364 2860 3534 2915 Deum

1959 2947 2305 3010 altissimum,
2340 2946 2434 3017 qui
2475 2946 2682 3001 creavit
2710 2945 2907 3000 caelum
2949 2959 3012 3000 ac
3037 2951 3260 3009 terram,
3298 2945 3344 2999 si
3387 2962 3416 3000 a
3446 2947 3535 3000 ﬁio

1961 3036 2323 3107 subtegminis
2353 3035 2624 3106 usquead
2659 3034 2948 3104 corrigiam
2988 3033 3157 3088 calcei
3181 3048 3444 3104 accepero
3469 3051 3535 3090 cx

1961 3127 2219 3183 omnibus
2241 3126 2369 3192 tuis,
2398 3134 2460 3181 ut
2479 3141 2587 3181 non
2612 3125 2792 3180 dicas:
2811 3124 2925 3196 Ego
2950 3124 3119 3180 ditavi
3139 3124 3416 3180 Abraham
3436 3123 3529 3180 ι’.»

1959 3217 2151 3287 Neque
2197 3217 2346 3273 enim
2397 3224 2713 3273 sanctorum
2747 3216 3085 3271 consuetudo
3132 3225 3218 3272 est
3246 3217 3539 3274 mundanis

1961 3309 2172 3364 divitiis
2200 3308 2454 3380 gaudere.
2505 3308 2751 3363 Victores
2777 3308 2961 3379 itaque
2990 3298 3291 3363 visibilium
3330 3311 3540 3380 pariter

1961 3408 2019 3455 et
2040 3399 2398 3455 invisibilium
2434 3398 2801 3464 inimicorum,
2831 3414 3012 3469 neque
3034 3399 3332 3471 quidquam
3374 3417 3539 3456 mun-

1962 3489 2167 3545 danum
2199 3489 2567 3554 admittentes,
2597 3497 2654 3544 at
2682 3489 2864 3560 potius
2891 3504 3155 3560 supernas
3191 3490 3411 3548 divitias
3451 3507 3541 3548 su-

1963 3581 2282 3651 spicientes,
2323 3580 2705 3636 benedicimur
2741 3596 2772 3635 a
2802 3579 3021 3636 Christo
3069 3582 3220 3651 pacis
3253 3598 3402 3654 rege.
3434 3584 3539 3639 Be-

1962 3669 2272 3725 nedicimur
2299 3677 2504 3733 autem,
2536 3678 2797 3739 tanquam
2819 3668 3024 3724 donum
3041 3671 3164 3725 cmli
3196 3678 3253 3725 et
3277 3671 3537 3726 viaticum

1963 3760 2091 3815 vitae
2137 3760 2502 3830 suscipientes
2541 3775 2607 3815 ea
2658 3775 2781 3831 qua:
2841 3761 3069 3831 mystica
3122 3767 3287 3830 atque
3340 3764 3540 3818 arcan’a

1965 3857 2113 3907 sunt.
2146 3850 2436 3914 Taceatur,
2465 3849 2512 3905 si
2550 3849 2803 3913 videtur,
2836 3850 3121 3920 tantisper.
3155 3849 3541 3905 Benedicimur

1963 3956 2097 3997 vero
2120 3956 2152 3995 a
2179 3940 2400 3997 Christo
2434 3947 2491 3996 et
2516 3938 2994 4008 deprecationibus
3011 3953 3111 4007 pro
3140 3937 3300 3992 nobis
3337 3939 3403 3993 ad
3441 3939 3540 3993 Pa-

1968 4040 2125 4087 trem.
2181 4032 2543 4089 Melchisedec
2589 4031 2736 4086 enim
2802 4029 3084 4085 benedixit
3122 4028 3385 4095 Abrahae,
3434 4029 3542 4085 hoc

1963 4131 2164 4194 pacto:
2210 4143 2230 4177 ι
2257 4122 2587 4179 Benedictus
2624 4122 2773 4178 Deus
2807 4120 3136 4187 altissimus,
3179 4122 3273 4192 qui
3317 4122 3538 4179 tradidit

1966 4213 2221 4271 inimicos
2236 4222 2359 4269 tuos
2387 4213 2636 4284 captivos
2663 4212 2762 4268 tibi
2794 4213 2860 4267 ⁸³.
2901 4231 2920 4264 ι
2956 4212 3223 4267 Dominus
3252 4202 3384 4267 vero
3433 4227 3534 4268 no-

300 4323 317 4354 ι
348 4302 653 4373 Εὐλογητὸς
683 4306 713 4359 ὁ
739 4303 874 4368 Θεὸς
895 4304 925 4355 ὁ
943 4302 1186 4374 ὕψιστος,
1209 4304 1268 4368 ὃς
1296 4304 1464 4359 ἔδωκε
1487 4307 1614 4369 τοὺς
1633 4304 1859 4378 ἐχθρούς

1966 4315 2082 4363 ster
2111 4306 2271 4363 Jesus
2322 4305 2601 4372 Christus,
2670 4306 2917 4361 omnium
2984 4316 3230 4359 nostrum
3277 4304 3543 4375 propitia-

296 4411 380 4447 σου
423 4394 772 4466 ὑποχειρίους
806 4412 912 4449 σοι.
953 4414 972 4448 ι
1020 4395 1078 4449 '0
1115 4395 1172 4448 δὲ
1200 4394 1403 4466 Κύριος
1439 4396 1601 4467 ήμῶν
1654 4396 1863 4466 Ἰησοῦς

212 4480 217 4481 “
296 4480 535 4552 Χριστὸς,
559 4482 621 4537 τδ
644 4482 866 4537 πάντων
899 4481 1058 4554 ήμῶν
1098 4483 1434 4555 ἱλαστήριον,
1457 4503 1476 4537 ι
1502 4485 1684 4557 Πάτερ
1717 4485 1863 4554 ἆγιε,

300 4576 439 4643 φησὶ,
488 4579 732 4650 τήρησον
776 4576 972 4639 αὐτοὺς
1008 4576 1066 4629 ὲν
1100 4577 1168 4647 τῇ
1205 4576 1436 4648 ἀληθείᾳ
1461 4593 1578 4631 σου.
1611 4596 1632 4629 ›
1657 4576 1866 4631 Οὐκοῦν

298 4667 383 4718 καὶ
406 4668 471 4720 ὲκ
491 4668 593 4738 τῆς
613 4667 725 4721 τῶν
749 4667 1028 4738 ὀνομάτων
1051 4667 1349 4739 ἑρμηνείας
1370 4667 1607 4739 ἁρπάζει
1636 4666 1696 4721 τὸ
1727 4668 1867 4740 χρή-

301 4775 466 4831 σιμον,
487 4764 567 4827 εἰς
592 4761 947 4817 ὑποτύπωσιν
974 4760 1069 4816 τοῦ
1088 4760 1347 4833 Χριστοῦ.
1371 4760 1484 4815 Καὶ
1508 4760 1669 4814 αὐτὸν
1690 4761 1748 4815 δὲ
1766 4761 1867 4830 τῆς

299 4850 588 4922 ἱερωσύνης
614 4853 708 4907 τον
735 4852 956 4925 τρόπον,
973 4854 1055 4917 είς
1071 4852 1389 4923 παράδειξιν
1416 4850 1510 4904 τοῦ
1542 4850 1867 4924 πράγματος

302 4943 525 4997 lanistae
549 4944 721 5014 σαφῆ.
760 4961 781 4994 ι
826 4944 1063 5015 Ἄρτους
1100 4943 1210 5016 γὰρ
1247 4943 1344 4997 καὶ
1375 4939 1519 4997 οἶνον
1551 4942 1870 5013 ὲξεκόμιζεν

298 5031 326 5081 ὁ
346 5032 698 5104 Μελχισεδέκ.
736 5050 756 5083 ι
785 5032 909 5086 Ὀτι
927 5032 985 5086 δὲ
1008 5033 1241 5102 ἀπάτωρ
1269 5033 1303 5102 ἢ
1322 5032 1554 5103 ἀμήτωρ
1577 5027 1667 5103 ἦν,
1700 5032 1869 5102 ήγουν

301 5121 734 5196 ἀγενεαλόγητος,
773 5124 808 5195 ἢ
840 5123 1013 5196 ἀρχὴν
1055 5123 1299 5195 ἡμερῶν,
1340 5122 1373 5193 ἧ
1409 5124 1563 5188 τέλος
1595 5123 1739 5191 ζωῆς
1763 5124 1867 5177 οὐκ

301 5213 423 5285 ἔχων
445 5220 475 5271 ὁ
500 5218 856 5288 Μελχισεδὲκ,
873 5216 1110 5287 οὐδαμοῦ
1131 5216 1507 5288 διαμεμήνυκε
1542 5215 1602 5270 τὸ
1624 5215 1865 5286 Γράμμα

299 5303 353 5360 ’ὼ
386 5308 551 5380 ἱερόν.
590 5308 964 5378 Πεφενάκικεν
995 5303 1087 5362 οὖν
1122 5306 1249 5387 ἄρα,
1282 5307 1415 5379 φαίη
1447 5323 1531 5372 τις
1556 5307 1622 5360 ἂν
1657 5305 1808 5369 ἴσως,
1834 5303 1862 5356 ὁ

1964 4398 2063 4463 tio,
2110 4417 2129 4450 ι
2165 4399 2326 4454 Pater
2367 4405 2576 4462 sancte,
2630 4397 2830 4466 inquit,
2877 4411 3037 4451 serva
3079 4410 3176 4451 eos
3216 4394 3273 4449 in
3309 4395 3542 4449 veritate

1964 4498 2059 4544 tua
2082 4490 2151 4543 ὀ.
2193 4508 2212 4539 ι
2259 4489 2340 4543 Ex
2362 4489 2481 4558 ipsa
2538 4486 2705 4557 igitur
2746 4486 3029 4541 nominum
3084 4485 3539 4556 interpretatione

1964 4580 2109 4650 rapit
2136 4578 2192 4634 id
2226 4579 2374 4649 quod
2425 4577 2494 4633 ad
2516 4576 2859 4649 ﬁgurandum
2873 4574 3152 4632 Christum
3176 4566 3325 4632 facit.
3359 4576 3541 4647 ipsum

1962 4671 2130 4725 etiam
2160 4669 2451 4726 sacerdotii
2480 4668 2704 4749 modum
2734 4669 2791 4723 in
2808 4666 3116 4738 exemplum
3137 4667 3216 4723 rei
3254 4667 3542 4724 manifeste

1966 4760 2039 4817 ob
2060 4761 2251 4816 oculos
2290 4759 2492 4830 posuit.
2544 4778 2564 4811 ι
2594 4759 2772 4815 Panes
2798 4758 2947 4813 enim
2993 4766 3050 4813 et
3099 4758 3287 4814 vinum
3341 4758 3542 4814 obtulit

1968 4850 2404 4906 Melchisedec".
2435 4869 2455 4903 ι
2493 4848 2650 4916 Quod
2676 4863 2806 4904 vero
2838 4855 2992 4919 patre
3021 4862 3085 4903 ac
3108 4857 3283 4903 matre
3305 4854 3539 4911 careret,

1967 4942 2198 5011 ejusque
2241 4940 2557 5011 genealogia
2588 4941 2968 5010 ignoraretur,
3012 4940 3099 4994 vel
3129 4938 3277 5009 quod
3328 4938 3540 5008 princi-

1969 5033 2122 5101 pium
2148 5032 2385 5095 dierum,
2402 5039 2497 5086 aut
2529 5031 2654 5086 vitae
2674 5030 2836 5085 linem
2864 5044 2976 5085 non
3006 5029 3234 5083 haberet
3254 5027 3544 5083 Melchise-

1970 5122 2095 5188 dec,
2124 5138 2280 5179 sacra
2317 5124 2601 5195 Scriptura
2643 5138 2914 5193 nusquam
2940 5127 3190 5176 testatur.
3226 5117 3419 5174 Falsus
3443 5119 3544 5174 ita-

1969 5226 2078 5282 que
2109 5219 2195 5267 est
2222 5211 2391 5283 (dicat
2415 5212 2642 5269 fortasse
2676 5210 2896 5281 aliquis)
2929 5208 3153 5264 divinus
3172 5208 3393 5264 Paulus.
3423 5209 3540 5265 Non

1968 5305 2079 5376 63
2113 5304 2219 5359 hoc
2247 5303 2518 5362 dicimus:
2544 5303 2719 5360 absit!
2761 5301 3057 5357 Veritatem
3080 5299 3228 5355 enim
3276 5299 3538 5371 loquitur.

362 5502 447 5557 “l
476 5503 604 5559 Cor.
642 5519 719 5566 τι,
743 5503 830 5558 17.
907 5506 950 5537 ¹⁸
978 5504 1144 5560 Hebr.
1184 5521 1278 5569 vn,
1317 5504 1374 5559 2.
1444 5502 1486 5532 ³⁸
1522 5500 1659 5555 Gen.
1696 5517 1804 5566 xiv,
1840 5500 1859 5554 l

1986 5498 2311 5554 "uidet.
2394 5464 2833 5561 ⁸⁸11)ἰι1.22,25.
2911 5493 3232 5552 “thiaso.
3311 5494 3535 5552 “Joan.

306 5583 422 5637 xm,
451 5574 536 5626 ll.
616 5574 660 5604 "
695 5572 833 5628 Gen.
865 5590 977 5638 xxv,
1010 5575 1107 5640 18;
1141 5576 1309 5632 llebr.
1367 5590 1459 5638 vn,
1492 5572 1603 5626 l-‘5.

528 5666 809 5727 ΡΑτιιοι..
852 5667 969 5727 Gn.
1012 5670 1216 5731 LXIX.

3148 5658 3182 5724 Α
