4050 6210
479 194 578 249 I07

1491 189 1546 243 S.
1591 188 1863 243 CYRILLI
1904 186 2368 242 ALEXANDRINI
2408 186 2722 242 ARCHIEP.

3619 194 3720 250 108

476 314 544 366 At
575 309 777 380 potius,
805 306 1133 364 artiﬁciosus
1177 307 1468 362 admodum
1503 322 1783 370 sacrorum
1843 317 2042 379 myste-

2157 307 2431 369 θεσπέσιος
2466 305 2699 369 Παῦλος.
2733 307 2807 359 Οὐ
2837 306 2993 359 τοῦτό
3033 323 3230 378 φαμεν,
3269 307 3342 379 μὴ
3373 308 3603 376 γένοιτο·
3627 309 3723 363 λα-

475 404 683 457 riorum
717 401 1006 469 interpres,
1031 399 1220 454 statuit
1242 398 1406 454 etiam
1429 398 1824 454 meonomicam
1847 399 2044 452 horum

477 492 841 547 narrationem
887 490 941 545 in
987 497 1174 560 typum
1212 489 1397 561 gloria:
1446 489 1840 544 Emmanuelis.
1889 488 2045 555 Quod

475 584 621 638 enim
653 581 908 638 sacerdos
941 581 1116 635 solum
1150 581 1668 646 eratMelchisedec,
1703 595 1857 636 sacra
1885 580 2046 635 nobis

475 670 758 740 Scriptura
781 668 1038 732 declarat,
1062 683 1233 738 genus
1261 685 1370 723 non
1394 685 1704 734 recensens,
1743 685 1920 739 neque
1938 685 2046 740 quo

475 771 628 831 patre
652 766 746 813 aut
782 767 957 812 matre
981 767 1144 813 natus
1183 759 1280 823 sit,
1320 759 1416 814 sed
1449 774 1627 829 neque
1683 759 1752 813 ad
1781 767 2046 828 quantum

473 866 739 905 annorum
761 865 1052 904 numerum
1078 851 1386 920 pervenerit
1407 891 1420 916 ,
1451 860 1547 906 aut
1573 849 1762 920 quales
1789 842 2048 904 habuerit

475 939 764 994 sacerdotii
790 939 1183 1006 succesSiones,
1216 949 1564 994 enarrantem
1588 939 1851 994 invenias.
1883 938 2046 1008 Figu-

477 1040 591 1085 rate
621 1031 805 1101 itaque
834 1033 994 1088 nobis
1012 1032 1256 1103 depingit
1280 1032 1476 1086 horum
1507 1030 1748 1085 narratio
1765 1029 2046 1100 perpetui-

478 1132 642 1178 tatem
683 1133 738 1181 et
777 1125 1034 1196 principii
1068 1124 1365 1180 carentiam
1401 1125 1456 1178 in
1483 1122 1719 1187 Christo,
1752 1138 1860 1192 qua
1903 1123 2048 1177 Deus

475 1223 561 1269 est
589 1233 603 1268 :
646 1216 944 1270 carentiam
987 1225 1193 1282 autem,
1226 1215 1468 1285 inquam,
1500 1213 1757 1286 principii
1793 1214 1848 1267 in
1876 1228 2050 1284 quan-

479 1306 652 1370 titate,
677 1307 938 1361 nimirum
984 1307 1286 1362 secundum
1325 1315 1557 1375 tempus.
1609 1306 1728 1376 Ipse
1777 1305 1924 1359 enim
1969 1311 2052 1360 est

475 1397 648 1454 factor
675 1399 1016 1453 saeculorum.
1041 1397 1318 1470 Signiﬁcat
1343 1407 1525 1453 autem
1577 1404 1840 1467 praeterea
1883 1395 2049 1450 etiam

477 1487 898 1543 indesinentiam
923 1488 1234 1544 sacerdotii.
1279 1509 1296 1540 ι
1341 1489 1572 1554 Idcirco,
1611 1508 1627 1539 ι
1666 1487 1842 1558 inquit
1859 1487 2053 1542 beatus

478 1580 676 1635 Paulus
723 1581 789 1636 de
836 1581 1216 1648 Melchisedec,
1269 1599 1286 1631 ι
1322 1581 1468 1650 quod
1496 1597 1675 1650 neque
1719 1580 2051 1650 principium

2146 399 2229 452 λετ
2256 399 2366 471 γὰρ
2401 398 2656 470 ἀλήθειαν
2675 416 2689 430 ο
2719 399 2931 470 δέχεται
2961 400 3016 452 δὲ
3062 399 3260 470 μᾶλλον
3294 402 3322 454 6
3364 402 3722 470 μυσταγωγὸς

2143 491 2417 562 τεχνίτης.
2447 492 2660 559 ἀνάγων
2679 493 2756 554 είς
2779 490 2946 544 τύπον
2962 491 3062 560 τῆς
3085 491 3242 562 δόξης
3255 490 3350 543 τοῦ
3375 491 3721 562 Ἐμμανουὴλ

2147 585 2242 639 καὶ
2270 585 2370 654 τὴν
2411 585 2501 637 ἐπὶ
2539 584 2746 650 τούτοις
2793 585 2978 648 αὐτοῖς
3023 586 3372 656 οἰκονομικὴν
3423 587 3720 656 ἀφήγησιν.

2149 677 2272 731 Ὅτι
2299 677 2405 746 γὰρ
2426 677 2584 747 μόνον
2601 673 2668 749 ἦν
2699 677 2876 748 ἱερεὺς
2901 679 2930 731 6
2948 676 3299 747 Μελχισεδὲκ,
3320 677 3724 748 ἡθεόπνευστος

2149 770 2280 840 ἡμῖν
2311 769 2555 838 ὑπέφηνε
2586 769 2797 840 Γραφὴ,
2829 769 2985 836 γένος
3013 769 3112 821 οὑκ
3153 767 3486 838 ὀνομάσασα,
3516 769 3549 840 ἢ
3578 769 3722 834 τίνος

2147 860 2311 930 ἐξέφυ
2359 861 2562 931 πατρὸς
2597 863 2629 931 ἢ
2671 861 2905 932 μητρός⁸
2945 859 3060 914 ἀλλ’
3099 859 3217 912 οὐδὲ
3259 863 3339 923 εἰς
3373 861 3537 913 πόσον
3583 859 3722 912 ὲτῶν

2147 953 2440 1024 κατέληξεν
2483 951 2733 1022 ἀριθμὸν,
2785 952 2817 1023 ἢ
2870 952 3030 1015 ποίας
3074 951 3212 1023 ἔχων
3257 951 3569 1023 εὑρίσκεται
3621 952 3720 1020 τῆς

2149 1045 2446 1115 ἱερωσύνης
2513 1045 2618 1108 τὰς
2669 1044 2922 1114 διαδοχὰς
2989 1043 3318 1114 προσθεῖσαν
3372 1042 3717 1113 εὕρίσκομεν.

2159 1136 2595 1191 ’Υποπλάττεται
2613 1135 2836 1206 τοὶνυνή
2854 1134 2962 1188 τῶν
2978 1134 3248 1187 τοσούτων
3267 1135 3397 1204 ἡμῖν
3422 1134 3720 1204 ἀφήγησις,

2146 1227 2308 1282 οἱονεί
2335 1243 2452 1291 πως
2467 1227 2526 1279 τὸ
2547 1227 2793 1297 διηνεκὲς
2819 1225 2912 1280 καὶ
2939 1226 3172 1296 ἄναρχον
3187 1223 3283 1277 τοῦ
3311 1223 3570 1296 Χριστοῦ,
3589 1224 3721 1278 καθὸ

2147 1319 2347 1371 νοεῖται
2373 1316 2529 1380 Θεός.
2575 1317 2841 1387 Ἀναρχον
2871 1315 2924 1368 δέ
2959 1332 3120 1385 φημι,
3153 1314 3215 1368 τὸ
3236 1314 3312 1378 ὡς
3347 1315 3404 1367 ἐν
3437 1312 3720 1385 ποσότητι,

2151 1407 2392 1478 δηλονότι
2416 1409 2481 1478 τῇ
2507 1406 2648 1460 κατὰ
2670 1407 2880 1477 χρόνον.
2901 1405 3071 1465 Αὐτὸς
3097 1405 3206 1475 γάρ
3235 1405 3350 1456 ἔστι
3380 1402 3488 1455 τῶν
3510 1402 3722 1456 αἰώνων

2148 1501 2176 1554 6
2201 1500 2451 1571 ποιητής.
2498 1499 2861 1569 ’Υπεμφαίνει
2888 1498 2946 1551 δὲ
2975 1496 3109 1567 πρὸς
3145 1495 3319 1566 τούτῳ
3380 1496 3472 1549 καὶ
3500 1495 3561 1548 τὸ
3581 1497 3721 1551 ἀκα-

2149 1593 2416 1663 τάληκτον
2459 1591 2558 1660 τῆς
2591 1588 2906 1661 ἱερωσύνης.
2939 1607 2957 1640 ι
2994 1588 3094 1641 Διά
3125 1587 3280 1641 τοῦτό
3313 1606 3332 1640 ο
3370 1603 3532 1658 φησιν
3562 1589 3590 1641 6
3621 1605 3724 1658 μα-

477 1671 712 1738 dierum,
743 1688 922 1742 neque
940 1673 1063 1726 vita:
1080 1671 1243 1727 ﬁnem
1282 1672 1516 1736 habens,
1558 1672 1890 1727 assimilatas
1913 1685 2046 1725 vero

2157 1684 2336 1754 κάριος
2387 1681 2598 1746 Παῦλος
2643 1680 2770 1752 περὶ
2816 1679 2910 1734 τοῦ
2953 1679 3308 1750 Μελχισεδὲκ,
3367 1678 3448 1731 ὅτι
3507 1697 3526 1731 ι
3583 1683 3722 1750 μήτε

478 1763 617 1817 Filio
643 1764 760 1829 Dei,
788 1771 972 1818 manet
995 1762 1252 1817 sacerdos
1296 1763 1347 1815 in
1381 1771 1704 1832 perpetuum
1727 1765 1793 1814 “.
1828 1781 1846 1814 ι
1888 1761 2050 1816 Vide-

480 1865 569 1909 tur
589 1863 770 1909 autem
811 1855 974 1909 etiam
1029 1853 1175 1908 aliud
1206 1854 1336 1923 quid
1367 1869 1474 1908 non
1520 1853 1742 1922 vulgare
1797 1852 2047 1908 subindi-

478 1961 625 2014 care,
651 1946 797 2018 quod
831 1947 1052 2019 quidem
1071 1947 1230 2019 quale
1265 1946 1334 2002 sit
1361 1946 1634 2017 erplicare
1659 1945 1918 1999 conabor.

550 2223 636 2281 ιο.
693 2221 1047 2278 Obsistebant
1095 2220 1268 2277 Judaei
1294 2219 1500 2276 Christi
1533 2219 1907 2290 praedicationi
1935 2260 1948 2285 ,
1994 2228 2051 2274 et

479 2314 776 2386 apostolica
799 2312 981 2368 studia
1017 2311 1348 2377 irridebant,
1381 2312 1491 2367 duo
1532 2311 1649 2366 haec
1676 2321 2047 2382 opponentes:

480 2424 652 2464 unum
682 2406 926 2478 quidem,
961 2404 1108 2475 quod
1156 2403 1493 2474 impossibile
1539 2413 1685 2460 esset
1732 2403 2050 2459 mandatum

483 2500 730 2572 patribus
748 2513 778 2550 a
800 2497 979 2568 Moyse
1010 2495 1388 2566 praescriptum
1416 2497 1701 2565 antiquare
1766 2495 2053 2566 legemque

479 2590 764 2659 abrogare,
789 2586 896 2640 alio
929 2584 1147 2641 vivendi
1169 2599 1368 2654 genere
1397 2582 1535 2636 nulli
1563 2590 1809 2637 veterum
1839 2582 2056 2652 cognito

484 2689 680 2752 praeter
701 2678 1014 2748 opinionem
1043 2675 1269 2730 inducto
1293 2692 1306 2742 ;
1331 2675 1564 2729 alterum
1593 2689 1724 2729 vero
1743 2672 2053 2745 hujusmodi

480 2780 600 2828 erat
634 2790 646 2824 :
687 2768 1094 2825 contendebant
1118 2768 1264 2822 enim
1308 2767 1598 2822 sacerdotii
1629 2766 1854 2838 gloriam
1898 2781 1928 2820 a
1961 2765 2056 2819 de-

481 2865 620 2918 lecta
651 2861 818 2925 tribu,
848 2859 1089 2913 Levitica
1107 2858 1392 2922 nimirum,
1425 2858 1626 2912 auferri
1662 2872 1771 2912 non
1803 2857 2003 2912 debere
2038 2873 2052 2908 :

481 2969 548 3007 eo
570 2951 718 3023 quod
742 2951 942 3021 passim
972 2966 1002 3004 a
1035 2949 1342 3004 ministerio
1370 2951 1556 3020 templi
1585 2951 1729 3005 Deus
1748 2965 1842 3004 eos
1870 2952 2055 3001 arceat

482 3045 575 3115 qui
603 3059 672 3097 ex
693 3059 756 3098 ea
787 3057 898 3098 non
933 3048 1080 3104 sunt,
1119 3048 1526 3110 extremamque
1549 3039 1856 3109 hujusmodi
1889 3047 2058 3091 teme-

485 3136 633 3191 ritati
657 3151 872 3205 poenam
917 3133 1140 3202 irroget.
1176 3133 1419 3187 Conatur
1466 3132 1652 3198 itaque
1675 3131 1897 3194 Paulus,
1923 3129 2059 3198 legis

483 3225 688 3295 optime
717 3224 947 3293 peritus,
978 3221 1366 3277 verisimilibus
1389 3220 1694 3276 rationibus
1730 3220 1890 3290 plane
1911 3235 2060 3275 com—

486 3317 740 3389 probare,
769 3323 929 3384 atque
950 3313 1088 3368 adeo
1121 3329 1189 3367 ex
1213 3313 1331 3382 ipsa
1362 3311 1527 3369 etiam
1556 3311 1838 3382 Scriptura
1881 3327 2055 3377 sacra,

485 3413 632 3485 quod
668 3420 725 3467 ct
756 3411 891 3482 legis
917 3408 1150 3474 novitas,
1177 3417 1234 3472 et
1253 3407 1543 3463 sacerdotii
1568 3407 1740 3477 ipsius
1778 3408 2058 3463 translatio

485 3504 746 3577 praedicta
778 3502 885 3567 sit,
913 3500 1169 3570 quodque
1200 3499 1488 3568 utriusque
1531 3497 1852 3569 signiﬁcatio
1882 3499 1936 3552 in
1972 3507 2058 3571 ty-

487 3597 574 3666 pis
608 3598 1017 3664 praemonstrata
1045 3588 1228 3644 fuerit.
1263 3587 1667 3656 Statuititaque
1698 3586 2060 3641 Melchisedec

486 3702 600 3741 non
655 3699 722 3738 ex
760 3682 909 3736 tribu
949 3679 1208 3734 Levitica.
1236 3677 1444 3734 Deinde
1509 3678 1751 3733 ostendit
1801 3677 2058 3732 sacerdo-

487 3786 594 3829 tem
615 3773 836 3844 quidem
869 3770 1035 3825 fuisse
1069 3769 1448 3835 altissimiDei,
1471 3768 1790 3824 offerentem
1809 3784 1940 3823 vero
1962 3784 2058 3838 pa-

484 3881 586 3922 nes
616 3873 672 3920 et
697 3864 881 3919 vinum
908 3901 922 3927 ,
977 3870 1141 3930 atque
1176 3863 1249 3915 ita
1287 3861 1354 3916 de
1382 3861 1500 3931 ipso
1534 3861 1608 3916 ait
1645 3878 1659 3916 :
1703 3880 1722 3913 ‹
1763 3861 2058 3916 Intuemini

486 3969 668 4016 autem
690 3964 927 4027 quantus
955 3954 1046 4009 hic
1071 3955 1163 4017 sit,
1190 3954 1277 4009 cui
1307 3963 1363 4008 et
1394 3953 1633 4009 decimas
1661 3953 1812 4008 dedit
1829 3952 1896 4007 de
1921 3969 2060 4024 prae.

486 4051 666 4121 cipuis
716 4047 991 4102 Abraham
1034 4046 1363 4116 patriarcha.
1407 4045 1478 4100 Et
1535 4044 1757 4115 quidem
1813 4044 1882 4099 de
1933 4043 2061 4098 ﬁliis

487 4140 618 4195 Levi
657 4137 1024 4192 sacerdotium
1072 4137 1425 4205 accipientes,
1482 4137 1801 4192 mandatum
1856 4137 2061 4192 habent

489 4229 600 4301 64
629 4228 870 4283 decimas
901 4238 1116 4281 sumere
1138 4243 1169 4280 a
1199 4227 1400 4296 p0pulo
1423 4227 1723 4281 secundum
1761 4229 1956 4298 legem,
2003 4227 2059 4281 id

489 4333 593 4388 est,
625 4337 656 4375 a
690 4320 954 4376 fratribus
1005 4320 1139 4384 suis,
1169 4335 1482 4389 quanquam
1514 4327 1570 4373 et
1591 4319 1693 4390 ipsi
1732 4321 1966 4375 exierint
1993 4322 2059 4377 de
2093 4359 2135 4413 Ι)

489 4411 694 4467 lumbis
720 4409 1016 4465 Abraham.
1047 4409 1215 4480 Cujus
1234 4418 1414 4464 autem
1445 4410 1724 4479 generatio
1749 4426 1857 4464 non
1881 4426 2059 4466 annu-

487 4513 731 4558 meratur
775 4501 829 4554 in
869 4501 967 4563 eis,
999 4498 1239 4555 decimas
1280 4500 1515 4569 sumpsit
1550 4501 1619 4555 ab
1670 4501 1964 4569 Abraham,
2007 4513 2063 4558 et

487 4596 636 4648 hunc
675 4593 771 4662 qui
817 4592 1057 4646 habebat
1092 4591 1548 4660 repromissiones
1597 4592 1896 4650 benedixit.
1930 4594 2060 4651 Sine

488 4685 600 4738 ulla
643 4693 828 4738 autem
852 4681 1306 4750 contradictione,
1338 4682 1486 4752 quod
1524 4683 1708 4739 minus
1751 4695 1837 4741 est
1869 4701 1898 4741 a
1943 4702 2060 4741 me-

487 4776 624 4830 liore
656 4773 1086 4830 benedicitur".
1127 4791 1145 4824 ›
1195 4772 1464 4828 Caeterum
1508 4792 1621 4831 non
1652 4777 1706 4832 in
1736 4787 1933 4833 natura
1962 4794 2061 4834 ex-

481 4865 796 4922 cellentiam
858 4863 1252 4931 Melchisedec,
1303 4866 1397 4920 sed
1425 4867 1480 4922 in
1529 4871 1741 4925 ratione
1771 4872 2062 4927 sacerdotii

480 4958 668 5012 inesse
688 4955 958 5011 dicimus:
984 4969 1092 5010 non
1129 4967 1396 5012 renuente
1425 4961 1732 5029 patriarcha
1765 4961 2059 5030 Abraham,

487 5050 584 5106 sed
607 5047 1072 5119 praeeminentiam
1090 5047 1190 5118 ipsi
1213 5049 1511 5115 tribuente,
1543 5061 1705 5121 atque
1732 5053 1938 5108 idcirco
1961 5055 2062 5108 ho-

489 5157 677 5197 norem
705 5141 1003 5206 deferente,
1026 5140 1307 5197 oﬁ'erendo
1329 5141 1586 5198 decimas.
1614 5143 1894 5199 Decimant
1915 5146 2061 5200 enim

489 5232 549 5296 ii,
576 5233 669 5301 qui
722 5247 789 5286 ex
824 5233 1086 5304 sanguine
1119 5233 1256 5287 Levi
1298 5243 1459 5298 sunt,
1506 5234 1789 5303 populum,
1851 5237 2062 5293 etiamsi

476 5323 686 5382 fratres
707 5321 836 5376 sint.
864 5323 915 5377 ls
936 5337 1070 5376 vero
1100 5323 1254 5391 cujus
1286 5324 1564 5392 generatio
1594 5323 1725 5393 ipsis
1754 5341 1862 5380 non
1892 5343 2066 5382 annu-

481 5418 753 5477 meratur,
778 5411 882 5467 hoc
906 5421 987 5467 est
1005 5452 1021 5477 ,
1057 5411 1418 5466 Melchisedec
1441 5411 1647 5483 (neque
1677 5414 1823 5468 enim
1855 5425 1972 5470 erat
1997 5432 2065 5472 ex

600 5589 833 5647 “ﬂebr.
865 5606 957 5656 vn,
981 5590 1035 5643 5.
1107 5590 1157 5622 ’³
1194 5588 1335 5646 Ibid.
1363 5591 1483 5647 4-7.

2083 3018 2124 3074 C

2150 1775 2321 1846 ἀρχὴν
2343 1772 2565 1844 ἡμερῶν
2595 1774 2728 1844 μήτε
2753 1770 2898 1841 ζωῆς
2928 1770 3081 1834 τέλος
3103 1771 3260 1841 ἔχων,
3295 1769 3722 1841 ἀφωμοιωμένος

2148 1868 2204 1920 δὲ
2225 1865 2304 1936 τῷ
2335 1865 2450 1936 Υἱῷ
2486 1864 2579 1917 τοῦ
2607 1863 2742 1916 Θεοῦ
2786 1864 2933 1934 μένει
2961 1863 3038 1926 εἱς
3063 1861 3124 1914 τὸ
3165 1861 3410 1931 διηνεκὲς
3451 1859 3646 1931 ἱερεύς.
3697 1878 3716 1910 ι

2154 1958 2339 2012 Ἔοικε
2379 1958 2435 2010 δὲ
2471 1957 2567 2010 καὶ
2600 1956 2786 2027 ἕτερόν
2817 1972 2869 2008 τι
2912 1955 3074 2023 σοφὸν
3119 1950 3504 2024 βεϐουλεῦσθαι
3538 1952 3721 2007 πάλινο

2151 2050 2244 2103 καὶ
2280 2050 2332 2102 τί
2372 2050 2435 2122 δὴ
2478 2047 2640 2102 τοῦτό
2687 2047 2855 2114 ἐστιν,
2903 2045 2980 2110 ὼς
3027 2045 3092 2099 ἂν
3139 2038 3250 2108 οἷός
3298 2061 3358 2098 τε
3396 2037 3462 2110 ὦ,
3497 2043 3725 2097 διειπεῖν

2151 2141 2505 2213 πειράσομαι.

2228 2234 2279 2290 ι’.
2325 2233 2713 2305 Ἀντέπραττον
2753 2231 2802 2285 οἱ
2852 2229 3091 2285 Ἰουδαῖοι
3142 2230 3256 2292 τοῖς
3308 2226 3436 2300 περὶ
3483 2223 3724 2297 Χριστοῦ

2151 2326 2487 2398 κηρύγμασι,
2557 2325 2649 2379 καὶ
2710 2324 2818 2376 τῶν
2869 2319 3240 2376 ἀποστολικῶν
3295 2317 3725 2388 σπουδασμάτων

2156 2416 2436 2486 μονονουχὶ
2465 2413 2822 2485 καταμειδιᾷν
2867 2411 3131 2482 ἐτόλμων,
3163 2409 3256 2464 δύο
3291 2408 3465 2463 ταῦτα
3513 2406 3726 2479 προτεί-

2154 2521 2362 2569 νοντεςο
2393 2504 2451 2557 ἓν
2490 2504 2608 2576 μὲν,
2637 2503 2711 2567 ὼς
2744 2503 2829 2574 εἴη
2866 2501 2972 2554 τῶν
3018 2503 3313 2572 ἀμηχάνων
3343 2500 3442 2571 τὴν
3468 2502 3580 2563 τοῖς
3621 2514 3728 2551 πα-

2152 2600 2310 2670 τράσι
2331 2596 2690 2669 διωρισμένην
2717 2595 2803 2648 διὰ
2837 2594 3021 2664 φωνῆς
3045 2592 3138 2647 τοῦ
3177 2592 3453 2660 πανσόφου
3483 2587 3727 2653 Μωσέως

2156 2692 2460 2762 ἀπρακτεῖν
2502 2686 2740 2758 ἐντολὴν,
2773 2684 2868 2736 καὶ
2895 2683 3201 2752 ἀθετεῖσθαι
3239 2682 3330 2735 τὸν
3357 2681 3540 2752 νόμον,
3577 2678 3728 2733 πολι-

2153 2781 2302 2844 τείας
2339 2781 2549 2852 ὲτέρας,
2592 2779 2690 2846 τῆς
2735 2775 2910 2830 οὐδενὶ
2950 2776 3057 2829 τῶν
3096 2774 3262 2828 πάλαι
3303 2770 3724 2842 διεγνωσμένης,

2154 2872 2428 2942 ἀδοκήτως
2473 2868 2901 2940 εἱσκρινομένης·
2959 2869 3143 2938 ἕτερον
3181 2865 3236 2918 δὲ
3265 2861 3365 2918 αὖ·
3405 2862 3638 2936 Μὴτγὰρ
3661 2861 3727 2933 δὴ

2156 2963 2353 3031 χρῆναι
2392 2958 2786 3030 διισχυρίζοντο
2816 2961 2913 3027 τῆς
2949 2957 3250 3027 ἱερωσύνης
3289 2955 3390 3026 τὴν
3437 2953 3592 3018 δόξαν
3623 2951 3730 3017 ἔξω

2158 3055 2256 3123 τῆς
2297 3050 2594 3105 ἀπολέκτου
2653 3049 2912 3120 φέρεσθαι
2953 3047 3143 3118 φυλῆς,
3177 3045 3440 3110 τουτέστι,
3493 3042 3588 3115 τῆς
3635 3040 3731 3096 τοῦ

2159 3143 2312 3198 Aeni.
2346 3143 2492 3195 ¹Ἀνω
2530 3157 2586 3194 τε
2634 3141 2726 3193 καὶ
2775 3140 2922 3193 κάτω
2971 3138 3071 3209 τῆς
3126 3140 3183 3191 ὲν
3217 3136 3348 3208 ἱερῷ
3389 3133 3733 3204 λειτουργίας

2159 3234 2554 3296 ἀποσοϐοῦντος
2579 3232 2712 3285 Θεοῦ
2746 3232 2872 3295 τοὺς
2904 3231 3004 3283 οὐκ
3034 3229 3191 3292 ὂντας
3228 3227 3423 3297 αὐτῆς»
3450 3226 3549 3280 καὶ
3571 3224 3730 3293 δίκην

2160 3325 2320 3391 εὐθὺς
2347 3326 2424 3396 τῷ
2453 3323 2640 3396 τοιῷδε
2664 3323 2976 3395 τολμήματι
3009 3320 3387 3390 καθορίςοντος
3425 3318 3523 3388 τὴν
3563 3315 3732 3385 ἐσχά-

2157 3438 2278 3492 την.
2321 3417 2671 3487 Ἀγωνίζεται
2719 3415 2897 3469 τοίνυν
2941 3411 3258 3484 νομομαθὴς
3295 3409 3370 3464 ὢν
3427 3411 3454 3462 6
3499 3407 3731 3474 Παῦλος,

2159 3513 2252 3567 καὶ
2283 3512 2536 3583 πειρᾶται
2572 3509 2952 3578 πληροφορεῖν,
2988 3504 3094 3558 ἀπό
3137 3520 3194 3556 τε
3242 3501 3336 3555 τοῦ
3377 3501 3604 3564 εἰκότος,
3639 3498 3735 3552 καὶ

2163 3602 2342 3672 μέντοι
2401 3601 2494 3654 καὶ
2521 3599 2580 3665 ἐξ
2607 3598 2774 3668 αὐτῆς
2800 3597 2898 3666 τῆς
2951 3593 3307 3648 θεοπνεύστου
3361 3587 3604 3665 Γραφῆς,
3650 3593 3734 3647 ὅτι

2159 3697 2252 3748 καὶ
2278 3693 2441 3764 νόμου
2474 3691 2746 3761 καινότης,
2779 3689 2870 3742 καὶ
2903 3688 3198 3760 ἱερωσύνης
3223 3687 3391 3756 αὐτῆς
3416 3701 3734 3755 προανεᾳω-

2159 3789 2300 3840 νεῖτο
2324 3775 2634 3857 μετάθεσις·
2676 3783 2772 3836 καὶ
2800 3781 3215 3851 προανέλαμφεν
3237 3779 3293 3830 ὲν
3318 3777 3510 3838 τύποις
3539 3777 3573 3846 ἡ
3603 3776 3736 3828 ἐκα-

2160 3874 2316 3945 τέρου
2358 3871 2607 3942 δήλωσις.
2644 3871 2867 3940 Δέχεται
2897 3869 2958 3938 δὴ
2988 3864 3081 3921 οῦν
3121 3868 3219 3921 ούκ
3270 3869 3334 3920 ὲκ
3380 3865 3556 3935 φυλῆς
3607 3864 3736 3917 ὅντα

2160 3963 2451 4033 Λευῖτικῆς
2477 3961 2568 4014 τὸν
2612 3960 2968 4030 Μελχισεδὲκ,
2996 3955 3117 4012 εἶτα
3159 3958 3427 4013 δείκνυσιν
3456 3957 3605 4026 ἱερέα
3638 3953 3738 4026 μὲν

2159 4055 2289 4108 ὄντα
2329 4053 2422 4107 τοῦ
2467 4052 2690 4122 ὑψίστου
2736 4051 2892 4115 Θεοῦ,
2942 4050 3287 4121 προσάγοντα
3329 4047 3384 4100 δὲ
3416 4048 3508 4100 καὶ
3537 4046 3735 4114 ἄρτους

2161 4145 2256 4199 καὶ
2288 4139 2450 4207 οἶνον,
2500 4142 2604 4213 ἔφη
2632 4159 2691 4194 τε
2738 4140 2879 4194 οὕτω
2919 4139 3046 4206 περὶ
3101 4137 3290 4193 αὐτοῦ·
3328 4135 3630 4206 «Θεωρεῖτε
3681 4131 3738 4187 δὲ

2163 4235 2393 4305 πηλίκος
2423 4228 2594 4298 οὗτος,
2738 4233 2831 4285 καὶ
2875 4231 3108 4299 δεκάτην
3141 4227 3395 4300 Ἀϐραὰμ
3433 4226 3631 4279 ἔδωκεν
3672 4225 3738 4279 ἐκ

2163 4324 2272 4378 τῶν
2315 4324 2634 4396 ἀκροθινίων
2680 4323 2708 4374 6
2768 4322 3132 4394 πατριάρχης.
3163 4320 3273 4371 Καὶ
3315 4318 3364 4370 oi
3401 4316 3500 4387 μὲν
3528 4317 3591 4368 ἐκ
3630 4315 3739 4366 τῶν

2165 4415 2294 4469 υἱῶν
2321 4415 2454 4468 Λευῖ
2487 4415 2582 4486 τὴν
2613 4412 2881 4484 ἱερατείαν
2912 4411 3296 4480 λαμϐάνοντες,
3325 4407 3542 4477 ἐντολὴν
3584 4405 3740 4475 ἔχου-

2165 4523 2249 4558 σιν
2271 4502 2634 4559 ἀποδεκατοῦν
2667 4503 2757 4555 τὸν
2789 4502 2916 4555 λαὸν
2956 4500 3095 4554 κατὰ
3124 4499 3213 4552 τὸν
3251 4499 3431 4566 νόμον,
3466 4495 3732 4558 τουτέστι,

2163 4597 2288 4660 τοὺς
2318 4583 2596 4665 ’ἀδελφοὺς
2641 4593 2839 4656 αὐτῶν,
2875 4592 3075 4662 καίπερ
3121 4585 3500 4656 ἐξεληλυθότας
3527 4585 3591 4636 ὲκ
3637 4582 3741 4653 τῆς

2164 4685 2363 4757 ὀσφύος
2405 4685 2672 4759 Ἀϐραάμ.
2715 4686 2774 4737 '0
2807 4683 2863 4736 δὲ
2895 4683 2968 4754 μὴ
2996 4676 3482 4750 γενεαλογούμενος
3534 4673 3594 4738 ἐξ
3638 4673 3743 4726 αύ-

2167 4779 2296 4846 τῶν,
2327 4777 2662 4830 δεδεκάτωκε
2691 4774 2784 4828 τὸν
2823 4772 3096 4843 Ἀϐραὰμ,
3131 4770 3228 4824 καὶ
3271 4769 3362 4822 τὸν
3402 4767 3595 4838 ἔχοντα
3643 4764 3743 4829 τὰς

2169 4869 2502 4938 ἐπαγγελίας
2544 4865 2838 4936 εὐλόγηκεο
2875 4863 3046 4935 χωρὶς
3097 4863 3154 4917 δὲ
3204 4861 3386 4932 πάσης
3439 4856 3746 4925 ἀντιλογίας

2169 4961 2232 5014 τὸ
2282 4960 2500 5013 ἔλαττον
2559 4959 2662 5011 ὑπὸ
2694 4956 2785 5010 τοῦ
2826 4956 3132 5028 κρείττονος
3177 4951 3500 5018 εὐλογεῖται.
3525 4965 3543 4998 ι
3605 4945 3746 4998 Ἀλλ’

2170 5051 2270 5103 οὒκ
2298 5050 2353 5102 ὲν
2381 5052 2448 5119 τῇ
2479 5046 2638 5118 φύσει
2661 5047 2758 5118 τὴν
2785 5043 3054 5115 ὑπεροχὴν
3078 5041 3155 5111 τῷ
3177 5035 3528 5109 Μελχισεδὲκ,
3545 5032 3660 5087 ἀλλ’
3688 5030 3748 5084 έν

2170 5158 2232 5211 γε
2267 5140 2346 5211 τῷ
2373 5139 2558 5211 τρόπῳ
2583 5138 2679 5209 τῆς
2702 5135 2994 5208 ἱερωσύνης
3018 5131 3215 5187 ἐνεῖναί
3244 5144 3442 5200 φαμεν,
3477 5125 3578 5178 οὐκ
3618 5122 3751 5175 ἀνα-

2170 5231 2414 5295 νεύοντος
2456 5231 2550 5284 τοῦ
2593 5230 2937 5301 προπάτορος
2988 5224 3258 5296 Ἀϐραὰμ,
3295 5219 3660 5289 ἀπονέμοντος
3689 5212 3751 5267 δὲ

2172 5325 2360 5396 ὥσπερ
2393 5324 2454 5376 τὸ
2498 5322 2755 5395 προύχειν
2801 5320 2971 5392 αὐτῷ,
3015 5319 3080 5373 δι’
3121 5310 3195 5370 ὧν
3245 5313 3386 5383 ἔγνω
3432 5308 3619 5381 τιμᾷν,
3651 5305 3753 5359 καὶ

2171 5417 2361 5481 αὐταῖς
2411 5417 2530 5479 ταῖς
2577 5415 2683 5469 τῶν
2726 5412 2966 5468 δεκατῶν
3007 5407 3411 5484 προσαγωγαῖς.
3456 5399 3754 5480 ’Δποδεκα-
