4052 6212
438 208 534 268 111

1471 200 1527 254 s.
1570 199 1840 254 CYRILLI
1885 180 2351 254 animum
2395 198 2707 254 menter.

3587 198 3694 258 “2

497 413 3670 453 ,mm

937 575 1728 695 ΓΛΑΦΥΡΩΝ
1791 573 2034 686 ΕΙΣ
2105 574 2420 687 ΤΗΝ
2491 575 3135 690 ΓΕΝΕΣΙΝ

1736 797 2176 887 ΒΙΒΛΙΟΝ
2247 791 2364 886 Γ’.

696 1105 1616 1204 GLAPHYBORUM
1677 1109 1802 1196 IN
1851 1107 2378 1198 GENESIM
2438 1107 2801 1202 LIBER
2875 1110 3442 1202 TERTIUS.

441 1421 520 1479 De
554 1419 839 1481 Abraham,
871 1425 920 1470 et
957 1418 1020 1490 de
1061 1417 1427 1490 promissione
1455 1432 1550 1490 per
1591 1417 1765 1490 Isaac,
1808 1428 1855 1476 et
1883 1419 2020 1490 quod

2126 1417 2267 1490 Περὶ
2297 1416 2406 1490 τοῦ
2449 1415 2717 1490 Ἀϐραὰμ,
2751 1413 2847 1490 περὶ
2877 1413 2991 1490 τῆς
3026 1412 3391 1490 ἐπαγγελίας
3416 1419 3527 1489 τῆς
3554 1425 3703 1476 κατὰ

582 1506 674 1550 per
697 1491 833 1559 ipsos
865 1487 1266 1559 pmﬁguratum
1298 1488 1363 1540 sit
1390 1486 1515 1556 ﬁdei
1555 1489 1877 1557 mysterium.

514 1671 568 1726 1.
593 1668 914 1728 Pontiﬁcem
944 1679 1000 1723 et
1019 1669 1322 1738 apostolum
1346 1668 1706 1724 confessionis
1723 1678 1918 1725 nostra:
1943 1671 2023 1725 l'a-

431 1766 589 1820 etum
609 1777 729 1819 esse
746 1761 1026 1817 Christum
1048 1760 1270 1815 divinus
1307 1761 1507 1816 Paulus
1537 1762 1786 1817 scribit"
1814 1780 1826 1815 :
1850 1763 2023 1832 quod-

439 1869 548 1923 que
576 1852 750 1908 veteri
777 1851 870 1906 illo
901 1860 957 1906 et
981 1851 1216 1905 Mosaico
1237 1850 1492 1906 mandato
1522 1851 2024 1922 incomparabiliter

441 1945 639 2002 melius
659 1955 822 2014 atque
846 1945 1058 2006 utilius,
1082 1943 1454 2010 evangelicum
1477 1944 1761 2008 nimirum,
1779 1945 2024 2000 melioris

438 2035 551 2107 66
579 2048 816 2104 sponsor
857 2035 1170 2088 testamenti
1216 2031 1507 2086 tradiderit
1560 2033 1850 2088 manifeste
1888 2048 2022 2088 con-

443 2125 639 2181 ﬁrmat.
667 2126 736 2182 Et
757 2139 921 2180 verus
947 2130 1030 2178 est
1067 2138 1247 2178 sermo
1266 2162 1280 2186 ,
1305 2122 1579 2192 siquidem
1617 2125 1704 2177 lex
1730 2123 1864 2177 iram
1889 2139 2023 2193 ope-

442 2226 615 2282 ratur,
641 2223 698 2272 et
724 2221 1010 2285 peccatum
1041 2212 1387 2278 manifestat;
1413 2213 1678 2283 justiﬁcat
1707 2223 1888 2269 autem
1924 2230 2024 2270 nos

440 2309 635 2378 gratia,
684 2304 982 2361 Salvatoris
1029 2304 1204 2360 nostri
1248 2304 1584 2375 benignitate
1623 2304 2019 2361 administrata.

439 2397 910 2471 Quemadmodum
946 2397 1094 2452 enim
1127 2387 1480 2465 ipse'alicubi
1514 2398 1590 2450 ait
1618 2436 1634 2461 ,
1695 2414 1806 2452 non
1873 2399 2026 2454 venit

442 2501 504 2548 ut
519 2490 730 2562 judicet
763 2488 1051 2553 mundum,
1099 2491 1196 2544 sed
1245 2495 1306 2541 ut
1351 2489 1591 2544 salvetur
1643 2491 1881 2546 mundus
1927 2507 2026 2560 per

443 2583 619 2654 ipsum
647 2579 713 2636 ³⁸.
765 2581 923 2648 Quod
954 2581 1142 2650 igitur,
1202 2581 1418 2636 etiamsi
1471 2597 1581 2636 non
1616 2582 1687 2636 sit
1732 2592 1906 2648 ortus,
1941 2599 2026 2638 se-

441 2674 682 2729 cundum
716 2688 958 2737 carnem,
1002 2688 1069 2726 ex
1109 2672 1256 2728 tribu
1300 2671 1454 2738 Levi,
1483 2683 1708 2728 vocatus
1733 2684 1915 2729 autem
1942 2683 2025 2729 est

2194 1484 2302 1559 ἐόν
2345 1486 2571 1550 Ἰσαὰκ,
2617 1485 2714 1559 καὶ
2771 1484 2861 1540 ὅτι
2923 1484 2996 1541 δι’
3039 1484 3238 1543 αὐτῶν
3295 1484 3703 1559 προετῦποῑτο

2193 1557 2305 1626 τῆς
2337 1559 2598 1623 πίστεως
2627 1557 2694 1611 τὸ
2710 1558 3072 1627 μυστήριον.

2193 1679 2266 1726 α’.
2311 1671 2599 1742 Ἀρχιερέα
2640 1669 2737 1724 καὶ
2778 1671 3079 1726 ἀπόστολον
3102 1672 3203 1742 τῆς
3235 1672 3523 1744 ὁμολογίας
3549 1673 3704 1745 ἡμῶν

2123 1763 2374 1833 γενέσθαι
2408 1762 2661 1833 Χριστὸν,
2695 1764 2723 1816 6
2753 1761 3039 1826 Θεσπέσιος
3075 1763 3277 1832 γράφει
3323 1763 3566 1828 Παῦλος’
3612 1765 3704 1817 καὶ

2127 1855 2254 1926 μὴν,
2292 1855 2374 1908 ὅτι
2399 1855 2497 1925 τῆς
2532 1853 2764 1926 ἀρχαίας
2792 1854 2887 1908 καὶ
2927 1853 3016 1908 διὰ
3066 1856 3309 1919 Μωσέως
3357 1856 3577 1927 ἐντολῆς
3607 1857 3704 1926 τὴν

2123 1947 2469 2018 ἀσυγκρίτως
2496 1947 2708 2015 ἀμείνω
2749 1946 2844 1999 καὶ
2875 1947 3315 2018 προφερεστέραν
3347 1947 3479 2018 ἡμῖν
3521 1949 3702 2000 εισκεο

2127 2039 2388 2110 κομικὼς,
2419 2038 2562 2109 φημὶ
2589 2038 2653 2110 δὴ
2685 2039 2783 2109 τὴν
2814 2037 3194 2108 εύαγγελικὴν,
3241 2039 3550 2110 κρείττονος
3589 2040 3702 2094 δια-

2125 2131 2300 2202 Θήκης
2346 2131 2569 2200 γέγονεν
2600 2131 2895 2201 ἐγγυητὴς,
2937 2129 3306 2183 διεϐεϐαιοῦτο
3341 2130 3552 2200 σαφῶς.
3588 2131 3698 2184 Καὶ

2126 2223 2330 2295 ἀληθὴς
2364 2227 2392 2276 6
2433 2223 2591 2291 λόγος
2614 2238 2626 2252 ”
2661 2224 2820 2291 εἴπερ
2849 2224 2876 2275 6
2905 2221 3005 2293 μὲν
3047 2221 3210 2292 νόμος
3238 2221 3407 2292 ὀργὴν
3430 2223 3706 2293 κατεργά-

2125 2317 2298 2381 ζεται,
2332 2315 2426 2369 καὶ
2453 2313 2726 2385 ἁμαρτίας
2756 2314 2905 2366 ἐστὶν
2941 2312 3383 2383 παραδεικτικὸς,
3416 2313 3617 2366 δικαιοῖ
3642 2313 3702 2365 δὲ

2125 2407 2272 2477 ἡμᾶς
2298 2407 2328 2475 ἡ
2361 2403 2449 2458 διὰ
2494 2404 2594 2472 τῆς
2621 2402 2714 2456 τοῦ
2755 2402 3003 2472 Σωτῆρος
3041 2401 3198 2472 ἡμῶν
3221 2403 3556 2474 ἡμερότητος
3583 2402 3701 2455 δια-

2125 2494 2425 2565 κονουμένη
2455 2493 2636 2564 χάρις.
2684 2492 2770 2556 Ὠς
2822 2492 2930 2563 γάρ
2981 2492 3142 2555 αὑτός
3199 2491 3302 2545 πού
3350 2509 3535 2562 φησιν,
3599 2492 3702 2544 οὐκ

2123 2583 2286 2657 ἦλθεν
2311 2586 2397 2639 ἵνα
2427 2585 2587 2656 κρίνῃ
2605 2584 2697 2636 τὸν
2727 2583 2955 2652 κόσμον,
2995 2583 3110 2637 ἀλλ’
3141 2585 3228 2637 ῐνα
3258 2583 3404 2654 σωθῇ
3439 2585 3468 2637 6
3496 2583 3701 2655 κόσμος

2124 2677 2204 2748 δι’,
2230 2676 2415 2730 αὑτοῦ.
2479 2677 2603 2730 Ὀτι
2657 2674 2859 2740 τοίνυν,
2893 2674 2998 2728 κᾶν
3041 2677 3088 2728 εί
3139 2675 3212 2744 μὴ
3238 2675 3430 2742 γέγονε
3470 2673 3532 2728 τδ
3561 2675 3699 2728 κατά

439 2773 593 2823 etest
617 2763 874 2819 sacerdos
894 2764 948 2819 in
975 2773 1242 2819 :eternum
1273 2765 1575 2820 secundum
1605 2766 1856 2821 ordinem
1887 2767 2021 2822 Mel-

2127 2767 2309 2837 σάρκα
2336 2765 2496 2838 τυχὸν
2517 2767 2582 2819 ἐκ
2613 2765 2784 2835 φυλῆς
2804 2764 2897 2818 τοῦ
2928 2766 2999 2818 Ae
3011 2763 3083 2829 υτ,
3115 2765 3488 2836 κεχρημάτικέ
3517 2782 3577 2818 τε
3607 2765 3700 2818 καὶ

439 2855 715 2920 cbiscdec,
747 2854 966 2910 abunde
1014 2855 1148 2909 satis
1179 2871 1211 2908 a
1237 2855 1398 2914 nobis
1429 2855 1864 2913 demonstratum
1915 2867 2018 2914 est.

439 2945 596 3012 Quod
627 2961 759 3001 vero
792 2945 1111 3016 mysterium
1137 2945 1542 3017 justiﬁeationis
1571 2963 1670 3018 per
1694 2947 1856 3003 ﬁdem
1877 2949 2021 3003 anti-

438 3037 707 3108 quiorem,
739 3053 900 3107 quam
925 3037 1271 3094 circumcisio
1300 3039 1568 3110 originem
1594 3039 1810 3102 habeat,
1845 3039 2021 3106 quod-

439 3143 546 3199 que
563 3127 827 3184 lsraelitis
852 3127 908 3182 in
934 3136 1059 3199 typo
1087 3142 1154 3181 ac
1178 3128 1349 3196 ﬁgura
1375 3125 1806 3195 praenuntiatum
1829 3125 2017 3190 fuerit,

437 3233 535 3273 eos
551 3233 662 3272 non
681 3218 787 3272 alia
827 3217 1037 3270 ratione
1063 3232 1302 3285 unquam
1323 3216 1519 3270 salvari
1539 3229 1719 3284 posse,
1743 3231 1904 3284 quam
1921 3233 2022 3286 per

438 3298 1127 3378 Christumjustiﬁcantem
1148 3306 1396 3376 impium,
1416 3314 1474 3361 et
1497 3305 1866 3360 remittentem
1887 3321 2020 3376 pec-

439 3407 560 3454 cata
597 3415 611 3453 :
637 3406 900 3469 praeterea
945 3397 1093 3468 quod
1125 3396 1370 3452 haeredes
1395 3397 1512 3461 Dei,
1539 3407 1704 3467 atque
1732 3396 1875 3453 inter
1902 3413 2018 3452 ma—

441 3491 584 3546 xime
607 3491 883 3563 legitimos
917 3490 1059 3546 ﬁlios
1099 3490 1404 3546 collocandi
1435 3491 1544 3546 sint
1572 3490 1611 3544 ii
1654 3491 1750 3560 qui
1778 3507 1847 3546 ex
1888 3506 2019 3561 pro-

442 3583 703 3638 missione
733 3591 861 3638 sunt
896 3583 951 3637 in
981 3583 1130 3638 Isaac
1159 3583 1300 3638 facta
1325 3583 1392 3637 ad
1442 3583 1664 3637 beatum
1709 3582 2015 3650 Abraham;

441 3667 564 3750 age,
582 3674 850 3738 dicamus,
871 3688 938 3728 ex
968 3673 1102 3744 ipsis
1123 3673 1292 3728 sacris
1318 3673 1544 3728 Litteris
1567 3673 1938 3740 desumentes,
1963 3681 2021 3729 et

441 3758 873 3838 uniuscujusque
937 3766 1016 3820 rei
1087 3774 1398 3821 accuratam
1475 3765 1860 3836 probationem
1919 3781 2018 3837 pe-

438 3863 642 3914 tentes.

2124 2856 2269 2909 ἐστιν
2313 2856 2605 2928 ἀρχιερεὺς
2637 2854 2716 2917 εἰς
2757 2853 2847 2906 τὸν
2893 2854 3066 2907 αἰῶνα
3119 2854 3261 2906 κατά
3293 2854 3391 2924 τὴν
3420 2852 3573 2920 τάξιν
3600 2856 3699 2919 τῆς

2125 2945 2427 3018 ἱερωσύνης
2475 2943 2830 3012 Μελχισεδὲκ,
2865 2941 3236 3014 ἀποχρώντως
3293 2945 3426 3014 ἡμῖν
3475 2944 3576 3014 ῆδη
3622 2943 3700 2996 δι-

2123 3034 2322 3098 έδειξεν
2353 3035 2382 3086 6
2413 3033 2589 3100 λόγος.
2627 3031 2750 3084 Ὀτι
2779 3032 2835 3086 δὲ
2884 3033 2984 3103 τῆς
3042 3034 3099 3086 ἐν
3147 3032 3328 3086 πίστει
3356 3032 3698 3102 δικαιοσύνης

2120 3128 2182 3181 τὸ
2217 3127 2516 3198 μυστήριον
2548 3125 2650 3195 τῆς
2690 3127 2748 3179 ἐν
2802 3126 2951 3196 νόμῳ
2993 3127 3296 3197 περιτομῆς
3326 3125 3699 3198 πρεσϐυτέραν

2122 3218 2233 3290 ἔχει
2285 3217 2384 3288 τὴν
2443 3218 2878 3288 προανάρῤησιν,
2924 3218 3018 3271 καὶ
3072 3219 3156 3272 ὅτι
3212 3216 3698 3289 προκατεγράφετο

2119 3312 2230 3374 τοῖς
2256 3309 2315 3373 ἐξ
2356 3309 2571 3380 Ἰσραὴλ
2607 3312 2634 3363 6
2663 3309 2831 3372 τύπος
2865 3309 2982 3377 τοῦ,
3014 3309 3089 3380 μὴ
3117 3309 3185 3363 ἂν
3217 3309 3418 3380 ἑτέρως
3442 3307 3698 3364 δύνασθαι

2123 3400 2362 3472 σωθῆναί
2409 3417 2561 3466 ποτε,
2598 3401 2736 3472 πλὴν
2761 3402 2844 3455 ὅτι
2897 3401 2986 3455 διὰ
3021 3402 3184 3472 μόνου
3228 3401 3464 3471 Χριστοῦ
3494 3399 3586 3454 τοῦ
3614 3401 3695 3455 διο

2121 3493 2404 3556 καιοῦντος
2446 3493 2529 3546 τὸν
2562 3492 2758 3564 ἀσεϐῆ,
2805 3495 2900 3548 καὶ
2955 3494 3198 3557 ἀνιέντος
3221 3494 3558 3564 ἐγκλήματα.
3590 3493 3698 3546 Καί

2121 3584 2256 3655 πρὸς
2285 3600 2349 3652 γε
2379 3583 2442 3655 δὴ
2471 3584 2698 3649 τούτοις,
2720 3585 2802 3638 ὄτι
2831 3583 2966 3637 Θεοῦ
2998 3583 3343 3656 κληρονόμοι,
3371 3584 3466 3637 καὶ
3502 3585 3560 3637 ἐν
3587 3585 3698 3646 τοῖς

2119 3679 2201 3733 ὅτι
2218 3677 2452 3748 μάλιστα
2470 3677 2714 3748 γνησίοις
2743 3675 3197 3744 κατατετάξονται
3217 3675 3428 3739 τέκνοις
3454 3675 3504 3729 oi
3527 3673 3699 3744 ἐκτῆς

2119 3770 2470 3840 ἐπαγγελίας,
2485 3771 2583 3842 τῆς
2599 3771 2657 3824 ὲν
2671 3769 2858 3825 Ἰσαὰκ
2874 3769 3246 3840 γεγενημένης
3265 3769 3401 3840 πρὸς
3417 3768 3507 3822 τὸν
3525 3767 3700 3839 pexi.

2121 3881 2234 3935 ριον
2250 3862 2524 3934 ’Δϐραάμ,
2551 3860 2686 3932 φέρε
2707 3860 2771 3932 δὴ
2785 3860 3051 3931 λέγωμεν,
3076 3859 3140 3924 ἐξ
3159 3859 3338 3914 αὐτῶν
3352 3859 3565 3921 ἑλόντες
3590 3857 3700 3910 τῶν

2120 3953 2282 4026 ίερῶν
2319 3954 2692 4024 Γραμμάτων,
2723 3953 2818 4006 καὶ
2855 3950 2955 4014 τὰς
3001 3951 3086 4015 ἐφ’
3115 3950 3331 4020 ἑκάστῳ
3383 3947 3698 4019 ποιούμενοι

2120 4044 2336 4106 πίστεις
2362 4043 2574 4106 λεπτως
2596 4044 2691 4096 καὶ
2723 4040 3134 4113 ἐξητασμένῶς.

486 4134 567 4208 2.
599 4134 802 4190 Paulus
821 4131 1004 4201 itaque
1037 4131 1105 4186 ad
1137 4131 1412 4185 Romanos
1451 4129 1527 4185 ita
1558 4130 1750 4186 scribit
1783 4149 1795 4184 :
1830 4149 1847 4182 ι
1876 4129 2018 4198 Quid

2201 4136 2268 4208 β’.
2305 4137 2514 4208 Γράφει
2548 4136 2728 4190 τοίνυν
2765 4133 3057 4206 Ῥωμαίοις
3083 4134 3112 4186 6
3138 4127 3427 4202 ἱερώτατος
3459 4127 3693 4193 Παῦλοςο

443 4226 609 4300 igitur
635 4224 882 4279 dicemus
915 4222 1186 4276 invenisse
1218 4221 1493 4278 Abraham
1527 4213 1740 4290 patrem
1767 4231 2020 4276 nostrum

441 4316 745 4375 secundum
769 4314 1028 4371 carnem?
1071 4313 1127 4370 Si
1171 4316 1318 4368 enim
1354 4314 1625 4368 Abraham
1652 4330 1720 4369 ex
1759 4315 2022 4384 operibus

444 4410 579 4482 legis
601 4408 932 4482 justiﬁcatus
975 4415 1081 4471 est,
1115 4405 1281 4461 habet
1313 4405 1564 4477 gloriam,
1608 4406 1702 4461 sed
1737 4422 1848 4461 non
1877 4407 2021 4477 apud

447 4488 635 4559 Deum.
660 4498 802 4566 Quid
827 4497 975 4553 enim
993 4496 1128 4551 dicit
1143 4495 1460 4566 Scriptura?
1473 4496 1720 4552 Credidit
1745 4497 2021 4552 Abraham

444 4593 577 4664 Deo,
604 4601 661 4646 et
684 4596 996 4660 reputatum
1018 4596 1102 4642 est
1127 4586 1208 4640 illi
1229 4586 1606 4664 adjustitiam.
1637 4587 1699 4641 Ei
1719 4597 1904 4658 autem
1927 4587 2022 4657 qui

442 4662 722 4754 operatur,
746 4694 958 4734 merces
984 4693 1093 4731 non
1117 4662 1418 4747 imputatur
1439 4677 1740 4732 secundum
1766 4679 2019 4748 gratiam,

442 4772 539 4828 sed
569 4769 870 4828 secundum
897 4769 1164 4824 debitum.
1199 4769 1261 4824 Ei
1286 4785 1417 4824 vero
1462 4769 1558 4840 qui
1595 4786 1706 4824 non
1739 4779 2018 4840 operatur,

437 4857 690 4920 credenti
713 4873 896 4917 autem
930 4862 986 4916 in
1017 4878 1142 4917 eum
1174 4861 1547 4931 quijustiﬁcat
1570 4861 1820 4933 impium,
1855 4879 2021 4932 repu-

446 4963 591 5009 tatur
627 4952 760 5008 ﬁdes
784 4953 903 5024 ejus
932 4951 1000 5006 ad
1027 4951 1322 5022 justitiam,
1353 4952 1656 5006 secundum
1678 4953 2021 5022 propositum

443 5047 630 5116 gratia:
659 5045 775 5100 Dei.
823 5043 978 5098 Sicut
1017 5051 1072 5098 et
1102 5043 1270 5098 David
1310 5043 1445 5098 dicit
1483 5043 1881 5099 beatitudinem
1918 5044 2020 5098 lio-

444 5132 629 5196 minis,
645 5132 744 5186 cui.
756 5131 901 5186 Deus
925 5139 1149 5201 accepto
1171 5131 1493 5203 fertjustitia
1502 5148 1575 5197 m,
1593 5134 1712 5187 sine
1726 5133 2016 5202 operibus:

447 5221 596 5277 Beati
620 5238 855 5291 quorum
887 5223 1128 5277 remissae
1161 5230 1290 5278 sunt
1339 5223 1675 5294 iniquitates,
1707 5232 1762 5279 et
1784 5241 2020 5294 quorum

447 5322 587 5368 tecta
619 5321 748 5366 sunt
777 5323 1018 5381 peccata.
1072 5314 1270 5368 Beatus
1317 5315 1402 5368 vir
1431 5314 1519 5367 cui
1571 5329 1681 5367 non
1733 5314 2022 5384 imputavit

438 5401 712 5459 Dominus
725 5399 1109 5473 pecéatum’i'.
1130 5403 1416 5458 Bcatitudo
1427 5419 1556 5475 ergo
1572 5403 1687 5462 haec
1709 5405 1763 5458 in
1781 5406 2020 5459 circum-

519 5577 771 5638 1"'ﬂcbr.
807 5597 886 5649 ιιι,
922 5581 972 5638 1.
1047 5584 1092 5616 ’⁸
1136 5582 1292 5640 Joan.
1339 5601 1432 5650 xu,
1469 5585 1521 5642 ι.
1601 5583 1670 5618 ³⁸⁸
1704 5585 1845 5642 Psal.
1876 5603 2019 5654 xxxi,
2047 5587 2095 5641 l.

2122 4229 2188 4283 Τί
2221 4224 2314 4283 οῦν
2365 4227 2598 4300 ἐροῦμεν
2645 4226 2938 4297 εὑρηκέναι
2971 4222 3223 4297 Ἀϐραὰμ
3260 4221 3350 4275 τὸν
3381 4222 3698 4292 προπάτορα

2123 4321 2278 4392 ἡμῶν
2313 4321 2454 4374 κατά
2502 4318 2714 4388 σάρκα;
2740 4319 2802 4370 El
2826 4317 2934 4387 γὰρ
2973 4314 3222 4386 Ἀϐραάμ
3264 4313 3321 4379 ἐξ
3370 4311 3547 4383 ἔργων
3587 4310 3695 4364 ἐδι-

2122 4409 2358 4482 καιώθη,
2392 4409 2506 4481 ἔχει
2552 4410 2832 4479 καύχημα,
2868 4406 2980 4459 ἀλλ’
3010 4406 3070 4459 ού
3118 4405 3252 4475 πρὸς
3298 4403 3450 4457 Θεόν.
3491 4401 3555 4455 Τί
3585 4402 3694 4472 γὰρ

2122 4502 2156 4569 ἡ
2184 4498 2566 4570 Γραφὴλέγει;
2612 4496 2929 4550 Ἐπίστευσε
2960 4496 3016 4549 δέ
3063 4493 3314 4564 Ἀϐραὰμ
3327 4493 3403 4565 τῷ
3433 4492 3570 4563 Θεῷ,
3601 4491 3697 4547 καὶ

2123 4573 2374 4661 ἐλογίσθη
2419 4587 2569 4659 αύτῷ
2613 4589 2692 4652 είς
2729 4585 3095 4656 δικαιοσύνην.
3132 4585 3220 4655 Τῷ
3252 4585 3310 4638 δὲ
3345 4583 3696 4658 ἐργαζομένῳ

2122 4685 2150 4736 ὁ
2186 4682 2374 4753 μισθὸς
2403 4682 2464 4734 ού
2493 4679 2764 4749 λογίζεται
2797 4680 2936 4733 κατὰ
2965 4678 3145 4748 χάριν,
3175 4676 3312 4732 ἀλλά
3361 4677 3504 4731 κατά
3549 4676 3697 4743 ὀφεί-

2122 4775 2291 4846 λημα.
2325 4772 2416 4843 Τῷ
2441 4771 2496 4824 δὲ
2530 4772 2606 4843 μῆ
2632 4770 3004 4843 ἐργαζομένῳ,
3029 4768 3338 4824 πιστεύοντι
3381 4767 3441 4821 δὲ
3483 4767 3575 4821 ἐπὶ
3604 4765 3696 4820 τὸν

2121 4863 2431 4920 δικαιοῦντα
2460 4862 2552 4916 τὸν
2593 4862 2791 4933 ἀσεϐῆ,
2825 4861 3099 4930 λογίζεται
3139 4863 3172 4932 ἡ
3211 4861 3394 4922 πίστις
3426 4855 3592 4912 αὑτοῦ
3616 4857 3696 4920 είς

2121 4953 2489 5024 δικαιοσύνην.
2537 4952 2807 5021 Καθάπερ
2847 4952 2943 5005 καὶ
2989 4951 3155 5006 Δαϐὶδ
3208 4951 3355 5018 λέγει
3390 4948 3479 5000 τὸν
3516 4961 3696 5017 μακαο

2126 5046 2318 5116 ρισμὸν
2342 5045 2434 5098 τοῦ
2461 5044 2769 5115 ἀνθρώπου,
2810 5035 2854 5111 ᾧ
2883 5043 2911 5095 6
2941 5042 3076 5106 Θεδς
3105 5041 3378 5110 λογίζεται
3419 5036 3697 5092 δικαιοσύο

2121 5153 2239 5207 νην,
2273 5134 2442 5206 χωρὶς
2489 5133 2683 5203 ἐργων·
2717 5131 2996 5205 Μακάριοι
3036 5125 3109 5185 ὧν
3151 5129 3428 5199 ἀφέθησαν
3459 5128 3517 5182 ai
3568 5127 3697 5180 ἀνο-

2125 5227 2264 5297 μίαι,
2291 5225 2386 5278 καὶ
2413 5219 2489 5279 ὧν
2526 5225 2984 5295 ἐπεκαλύιρθησαν
3015 5224 3069 5277 αἱ
3101 5219 3364 5293 ἁμαρτίαι
3384 5237 3398 5251 °
3425 5219 3694 5290 μακάριος

2121 5317 2280 5387 ἀνὴρ,
2315 5309 2360 5384 ᾧ
2403 5317 2463 5369 ού
2517 5315 2592 5386 μὴ
2619 5316 2899 5386 λογίσηται
2923 5315 3123 5382 Κύριος
3154 5313 3447 5385 ἁμαρτίαν.
3493 5311 3551 5362 ’0
3584 5325 3692 5379 μα-

2120 5409 2391 5479 καρισμὸς
2433 5403 2526 5462 οῦν
2556 5400 2731 5473 οὗτος,
2759 5407 2850 5460 ἐπὶ
2883 5407 2982 5480 τὴν
3018 5405 3341 5478 περιτομὴν,
3378 5402 3412 5470 ἦ
3454 5400 3545 5455 καὶ
3595 5396 3690 5454 ἐπὶ
