4050 6210
350 406 450 465 IIS

1324 399 1846 461 GLAPHYRORUM
1885 398 1952 459 IN
1991 397 2290 454 GENESIM
2330 399 2458 454 ιιι).
2499 398 2592 453 Ill.

3500 401 3613 463 ιιι

346 527 442 599 τὴν
502 523 907 598 ἀκροϐυστίανς
957 522 1203 597 Δίγομεν
1249 522 1377 594 γὰρ,
1430 523 1514 577 δτι
1561 519 1814 592 ἐλογίσθη
1840 517 1920 590 τῷ

2035 516 2228 573 :isione
2249 524 2459 573 tantum
2472 524 2676 582 manet,
2705 530 2774 573 an
2796 516 2959 573 etiam
2974 517 3030 574 in
3052 518 3618 591 preputioYDiclmus

357 616 610 690 ’Δὸραὰμ
656 617 692 688 ἡ
743 613 926 680 πίστις
977 617 1056 681 είς
1113 613 1480 684 δικαιοσύνην.
1517 612 1643 679 Πῶς
1686 607 1780 667 οὖν
1807 611 1926 665 ἔλο-

348 706 547 777 γίσθη;
585 706 646 760 ἐν
686 706 962 777 περιτομῇ
1005 703 1142 767 ὄντι,
1169 700 1203 775 ἢ
1252 704 1310 757 ὲν
1336 700 1703 773 ἀκροϐυστίτμ
1731 698 1845 752 Οὐκ
1867 698 1926 750 ὲν

348 797 657 868 περιτομῇ,
729 794 917 866 φησιν,
963 791 1078 848 ἀλλ’
1123 794 1183 847 ὲν
1237 790 1594 864 ἀκροϐυστίᾳ.
1654 788 1767 845 Καὶ
1829 805 1927 860 ση-

351 890 500 958 μεῖον
554 885 716 938 ῐλσ6ε
762 884 1085 958 περιτομῆς,
1114 884 1381 956 σφραγῖδα
1438 882 1538 955 τῆς
1584 879 1927 950 δικαιοσύνης

350 978 446 1048 τῆς
481 976 721 1038 πίστεως
756 974 859 1044 τῆς
888 975 946 1028 ὲν
968 976 1034 1046 τῇ
1066 972 1422 1046 ἀκροόυστίᾳ,
1451 974 1531 1038 είς
1560 972 1622 1026 τὸ
1647 965 1785 1025 εἶναι
1830 970 1929 1024 αὐ·

353 1068 447 1121 τὸν
480 1067 696 1138 πατέρα
750 1066 970 1120 πάντων
1022 1066 1131 1120 τῶν
1181 1067 1543 1121 πιστευόντων
1584 1063 1652 1117 δι’
1694 1060 1929 1134 ἁκροδυ-

359 1156 532 1220 στίας,
573 1157 653 1218 εἰς
682 1154 743 1208 τὸ
770 1154 1091 1226 λογισθῆναι
1122 1155 1301 1219 αὐτοῖς
1333 1156 1412 1219 εἰς
1444 1152 1811 1223 δικαιοσύνην,
1836 1151 1930 1204 καὶ

358 1246 569 1317 πατέρα
610 1245 913 1318 περιτομῆς
965 1248 1078 1310 τοῖς
1134 1246 1234 1300 οὐκ
1284 1248 1348 1300 ἐκ
1410 1244 1714 1315 περιτομῆς
1747 1242 1926 1314 μόνον,

352 1337 488 1392 ἀλλὰ
514 1338 747 1401 καὶτοῖς
789 1335 1057 1409 στοιχοῦσι
1086 1340 1197 1402 τοῖς
1244 1337 1416 1409 ίχνεσι
1465 1337 1565 1408 τῆς
1615 1338 1674 1390 ἐν
1700 1335 1930 1407 ἀκροϐυ-

353 1427 479 1498 στῑᾳ
534 1426 771 1493 πίστεως
826 1427 921 1482 τοῦ
964 1427 1171 1498 πατρὸς
1235 1426 1390 1499 ἡμῶν
1440 1426 1715 1499 Ἀϐραάμ.
1748 1446 1766 1478 ι
1818 1425 1930 1480 Καὶ

355 1520 493 1590 πρὸς
514 1519 578 1592 δὴ
610 1519 841 1583 τούτοις,
877 1520 1191 1593 ίσχνοτέραν
1220 1521 1299 1575 ἔτι
1334 1522 1566 1575 ποιεῖται
1595 1518 1690 1573 τοῦ
1722 1534 1929 1590 μυστη-

354 1610 473 1683 ρίου
520 1610 620 1683 τὴν
660 1610 915 1682 βάσανον.
965 1611 1121 1666 Οὕτω
1144 1611 1203 1665 τέ
1235 1626 1429 1681 φησιν’
1459 1629 1478 1663 ι
1500 1611 1573 1665 Οὐ
1604 1611 1712 1683 γὰρ
1734 1608 1821 1663 διὰ
1846 1608 1931 1662 νό-

350 1719 458 1774 μου
505 1703 543 1774 ή
591 1700 895 1773 ἑπαγγελία
938 1701 1018 1773 τῷ
1055 1701 1328 1776 Ἀϐραὰμ,
1363 1700 1501 1775 ῆτῷ
1528 1702 1798 1773 σπέρματι
1834 1699 1932 1753 αὺ-

2029 606 2177 663 enim
2205 607 2333 679 quia
2355 615 2605 679 reputata
2637 616 2724 664 est
2772 606 3004 663 Abrahae
3045 608 3181 667 ﬁdes
3220 608 3289 664 ad
3312 609 3602 681 justitiam.

2031 694 2316 762 Quomodo
2343 712 2474 770 ergo
2496 707 2746 769 reputata
2772 697 2890 753 est?
2922 697 2979 754 in
2997 697 3438 765 circumcisione,
3460 715 3529 756 an
3548 701 3603 758 in

2030 788 2331 859 praeputio?
2369 790 2488 845 Non
2545 790 2603 845 in
2654 789 3099 855 circumcisione,
3147 790 3344 861 inquit,
3397 793 3494 848 sed
3547 795 3604 850 in

2032 880 2320 951 praeputio.
2372 881 2441 937 Et
2464 872 2680 953 signum
2709 881 2923 953 accepit
2942 883 3398 950 circumcisionis,
3422 885 3605 956 signa-

2032 971 2215 1025 culum
2237 972 2463 1043 justitiae
2482 972 2629 1037 ﬁdei,
2655 988 2776 1043 quae
2798 982 2882 1030 est
2900 974 2954 1029 in
2979 974 3269 1045 praeputio,
3333 982 3396 1030 ut
3415 976 3483 1032 sit
3508 991 3606 1046 pa-

2037 1071 2119 1118 ter
2151 1064 2398 1119 omnium
2438 1064 2781 1121 credentium
2819 1080 2919 1137 per
2959 1066 3310 1136 prmputium,
3339 1074 3401 1121 ut
3438 1082 3606 1138 repu-

2035 1161 2184 1210 tetur
2211 1156 2320 1226 67
2345 1155 2455 1212 illis
2485 1156 2554 1212 ad
2586 1156 2855 1228 justitiam
2893 1176 2906 1211 :
2933 1165 2990 1213 et
3018 1158 3089 1213 sit
3127 1165 3283 1228 pater
3314 1159 3606 1215 circumci-

2035 1246 2207 1302 sionis
2235 1262 2346 1303 non
2398 1248 2468 1303 iis
2515 1256 2725 1304 tantum
2761 1249 2857 1319 qui
2899 1256 3124 1305 suntex
3162 1248 3603 1317 circumcisione,

2036 1335 2132 1391 sed
2159 1344 2216 1391 et
2245 1336 2314 1392 iis
2354 1336 2451 1408 qui
2484 1345 2764 1392 sectantur
2800 1337 3027 1409 vestigia
3079 1338 3229 1404 ﬁdei,
3259 1355 3381 1410 quae
3417 1348 3502 1395 est
3548 1340 3605 1395 in

2036 1428 2302 1498 praeputio
2324 1428 2497 1499 patris
2540 1429 2713 1485 nostri
2756 1430 2987 1485 Abrahae
3012 1431 3078 1483 ¹⁹.
3119 1448 3139 1481 ι
3174 1429 3445 1489 Praeterea
3477 1429 3608 1486 sub-

2038 1519 2273 1575 tiliorem
2311 1520 2474 1591 hujus
2500 1521 2744 1593 mysterii
2780 1521 3159 1593 probationem
3211 1521 3394 1588 addit;
3442 1529 3607 1592 atque

2036 1612 2112 1667 ita
2138 1612 2214 1667 ait
2246 1630 2259 1665 :
2287 1630 2304 1664 ι
2351 1612 2474 1668 Non
2503 1613 2650 1668 enim
2688 1627 2789 1683 per
2824 1613 2999 1684 legem
3029 1611 3322 1683 promissio
3350 1612 3602 1678 Abrahm.

2036 1710 2131 1759 aut
2186 1703 2384 1759 semini
2429 1704 2568 1773 ejus,
2622 1712 2684 1758 ut
2729 1703 2904 1758 hares
2948 1711 3096 1759 esset
3149 1701 3364 1767 mundi,
3390 1701 3608 1772 sedpor

348 1792 469 1860 τοῦ,
501 1794 565 1848 τὸ
602 1794 942 1867 κληρονόμον
985 1794 1147 1848 αὑτὸν
1196 1789 1335 1849 εῖναι
1382 1791 1476 1847 τοῦ
1531 1793 1758 1863 κόσμου,
1796 1791 1931 1846 ἀλλὰ

2035 1795 2296 1867 justitiam
2313 1794 2460 1850 ﬁdei.
2484 1794 2541 1850 Si
2580 1796 2725 1850 enim
2750 1794 2847 1865 qui
2895 1810 2962 1851 ex
2988 1795 3129 1865 lege,
3160 1793 3405 1850 haredes
3454 1803 3605 1857 sunt;

346 1882 441 1937 διὰ
494 1882 849 1955 δικαιοσύνης
886 1882 1142 1947 πίστεως.
1176 1882 1239 1936 El
1268 1881 1378 1954 γὰρ
1408 1882 1457 1935 οἱ
1499 1881 1565 1936 ἐκ
1608 1878 1773 1953 νόμου
1805 1880 1929 1953 κλη-

2035 1888 2308 1944 exinanita
2345 1896 2432 1943 est
2478 1886 2635 1952 ﬁdes,
2678 1894 2735 1941 et
2766 1885 2970 1941 abolita
3016 1896 3105 1942 est
3140 1884 3453 1955 promissio.
3494 1883 3606 1942 Lex

351 1971 594 2045 ρονόμοι,
626 1972 782 2046 φησὶ,
816 1973 1181 2028 ἑκκεκὲνωται
1211 1974 1245 2041 ἡ
1296 1971 1501 2040 πίστις,
1527 1969 1621 2025 καὶ
1646 1971 1926 2042 κατήργη-

2035 1978 2177 2036 enim
2224 1979 2363 2034 iram
2395 1987 2673 2049 operatur.
2732 1977 2836 2034 Ubi
2887 1977 3036 2033 enim
3084 1991 3195 2032 non
3246 1984 3331 2031 est
3361 1976 3608 2038 lex,.neo

345 2082 440 2119 ται
471 2068 505 2137 ἡ
535 2064 853 2134 ἐπαγγελία.
902 2065 963 2118 ’0
989 2063 1097 2136 γὰρ
1123 2062 1287 2135 νόμος
1310 2062 1479 2135 ὀργὴν
1507 2061 1924 2134 κατεργάζεται.

2035 2070 2424 2143 praevaricatio.
2461 2071 2589 2126 Ideo
2634 2085 2704 2125 ex
2757 2068 2883 2134 ﬁde,
2928 2076 2991 2123 ut
3036 2067 3349 2124 secundum.
3372 2067 3608 2138 gratiam

348 2149 429 2213 οὗ
468 2158 580 2230 γὰρ
608 2159 713 2211 οὐκ
750 2156 868 2209 ἔστι
899 2155 1084 2227 νόμος,
1127 2154 1248 2208 οὐδὲ
1288 2153 1618 2226 παράϐασις.
1645 2154 1744 2207 Διὰ
1771 2152 1928 2207 τοῦτο

2035 2161 2185 2218 ﬁrma
2206 2162 2279 2218 sit
2298 2161 2592 2233 promissio
2623 2160 2773 2216 omni
2797 2157 3021 2225 semini,
3038 2174 3151 2214 non
3185 2158 3244 2214 ei
3264 2157 3371 2229 qui.
3396 2173 3466 2214 ex
3487 2159 3607 2230 lego

349 2251 416 2304 ἐκ
446 2249 705 2313 πίστεως,
725 2247 812 2302 ἵνα
847 2248 988 2303 κατὰ
1030 2247 1189 2320 χάριν
1214 2247 1293 2311 είς
1322 2246 1385 2300 τὸ
1415 2241 1553 2300 εῖναι
1579 2244 1801 2318 βεϐαίαν
1828 2245 1928 2319 τὴν

2035 2262 2110 2311 est
2136 2253 2337 2319 solum,
2372 2252 2466 2309 sed
2494 2261 2551 2308 et
2567 2252 2620 2307 ei
2655 2251 2747 2323 qui
2770 2266 2837 2307 ex
2863 2248 2969 2306 ﬁde
2992 2258 3078 2306 est
3094 2248 3350 2316 Abram,
3373 2250 3469 2320 qui
3490 2265 3611 2320 pa-

349 2341 696 2411 ἐπαγγελίαν
731 2339 894 2394 παντὶ
930 2337 1009 2410 τῷ
1053 2337 1350 2410 σπέρματι,
1392 2337 1453 2392 ού
1493 2337 1571 2409 τῷ
1610 2340 1674 2391 ὲκ
1708 2336 1799 2391 τοῦ
1841 2336 1927 2391 νό-

2035 2346 2110 2402 ter
2141 2353 2227 2402 cst
2251 2343 2496 2400 omnium
2528 2353 2776 2399 nostrum
2808 2340 2974 2415 (sicut
3004 2341 3272 2412 scriptum
3310 2348 3419 2405 est,
3477 2343 3613 2412 quia

354 2451 459 2505 μου
490 2433 675 2505 μόνον,
726 2431 863 2486 ἀλλὰ
906 2432 1001 2486 καὶ
1050 2428 1130 2503 τῷ
1172 2432 1237 2483 ὲκ
1293 2430 1531 2496 πίστεως
1566 2429 1835 2503 ’Δϐραὰμ,
1867 2430 1923 2494 ὃς

2035 2448 2236 2510 patrem
2267 2436 2565 2504 multarum
2592 2435 2838 2507 gentium
2869 2433 3028 2505 posui
3047 2434 3144 2507 te),
3175 2442 3302 2489 ante
3324 2434 3496 2489 Deum
3517 2436 3618 2489 cui

352 2528 472 2579 ἐστι
521 2525 706 2596 πατὴρ
752 2524 968 2579 πάντων
1005 2522 1161 2595 ἡμῶν
1214 2521 1379 2593 (καθὰ
1430 2525 1776 2594 γέγραπται,
1839 2525 1924 2578 ὅτι

2035 2524 2280 2590 credidit,
2320 2524 2412 2595 qui
2443 2518 2683 2579 viviﬁcat
2734 2530 3004 2588 mortuos,
3068 2530 3126 2579 et
3175 2529 3334 2579 vocat
3385 2539 3449 2579 ea
3487 2539 3612 2593 qua

348 2617 574 2688 Πατέρα
613 2615 826 2669 πολλῶν
880 2613 1050 2669 ἐθνῶν
1097 2612 1320 2667 τέθεικά
1380 2612 1486 2679 σε),
1523 2612 1808 2668 κατέναντι
1863 2609 1924 2670 οῦ

2035 2632 2136 2671 non
2188 2624 2338 2680 sunt,
2385 2623 2644 2685 tanquam
2682 2627 2749 2669 ea
2800 2628 2922 2684 qua:
2968 2622 3097 2669 sunt
3121 2614 3186 2668 ³ο.
3222 2632 3245 2666 ι
3289 2613 3463 2671 Audis
3499 2630 3617 2685 quo

345 2708 642 2762 ἐπίστευσε
697 2705 857 2771 Θεοῦ,
907 2703 1000 2761 τοῦ
1058 2704 1447 2772 ζωοποιοῦντος
1497 2707 1620 2770 τοὺς
1675 2708 1922 2778 νεκροὺς,

2035 2714 2183 2777 pacto
2230 2707 2436 2777 passim
2486 2702 2777 2760 conﬁrmet
2823 2719 2889 2759 ac
2931 2702 3098 2769 dicat,
3129 2704 3297 2775 idque
3320 2705 3616 2771 acerrime,

348 2801 447 2854 καὶ
473 2798 770 2864 καλοῦντος
811 2796 881 2852 τὰ
908 2798 984 2871 μὴ
1026 2796 1154 2851 ὄντα
1185 2797 1259 2862 ὡς
1291 2796 1435 2852 ὄντα.
1458 2815 1477 2848 ι
1527 2796 1769 2861 ’Δκούεις
1813 2796 1924 2851 ἄνω

2035 2797 2172 2868 quod
2211 2796 2446 2851 Abrahae
2477 2795 2720 2852 nondum
2748 2794 3094 2859 circumciso,
3139 2794 3237 2850 sed
3260 2794 3443 2850 adhuc
3466 2811 3617 2864 prae--

262 2908 291 2923 κ
344 2907 408 2945 τε
461 2889 557 2945 καὶ
616 2889 770 2943 κάτω
821 2886 1294 2960 διαὸεόαιουμένου
1364 2887 1458 2941 καὶ
1504 2885 1774 2957 λέγοντος.
1828 2888 1925 2960 οὐκ

2035 2887 2238 2958 putium
2265 2887 2495 2944 habenti
2518 2887 2644 2943 data
2672 2886 2745 2942 sit
2771 2885 2947 2957 gratia
2973 2884 3283 2956 justiﬁcans
3304 2885 3484 2956 ipsum
3511 2902 3615 2957 per

346 2981 797 3053 ὑπεσταλμένως,
830 2979 905 3044 ὡς
943 2977 1096 3033 οῦπω
1127 2980 1226 3050 μὲν
1259 2977 1436 3050 ἔχοντι
1481 2976 1579 3049 τὴν
1600 2976 1919 3050 περιτομὴν,

2035 2979 2189 3034 ﬁdem
2208 3019 2224 3046 ,
2242 2977 2499 3049 quodque
2534 2976 2784 3057 haeredcs
2802 2975 3063 3034 declarati
3083 2976 3194 3032 sint
3215 2975 3619 3033 beneﬁciorum

347 3076 411 3129 ἂν
443 3073 781 3145 ἀκροϐυστία
821 3072 877 3127 δὲ
908 3071 1108 3144 μᾶλλον
1151 3070 1231 3124 ἔτι
1255 3070 1576 3140 τυγχάνοντι
1608 3069 1814 3126 δέδοται
1838 3068 1925 3142 ,τῷ

2035 3068 2145 3134 Dei,
2183 3069 2223 3124 ii
2249 3068 2346 3139 qui
2389 3068 2619 3139 vestigia
2645 3069 2842 3135 sectari
2867 3068 3145 3125 voluerint
3182 3066 3329 3133 ﬁdei,
3365 3084 3487 3139 quae
3524 3079 3621 3126 est

361 3163 616 3236 Ἀδραὰμ
644 3166 679 3236 ἡ
702 3163 789 3218 διὰ
820 3163 1053 3229 πίστεως
1082 3163 1241 3216 αὐτὸν
1285 3161 1569 3217 δικαιοῦσα
1610 3161 1768 3234 χάρις
1788 3202 1803 3229 ,
1831 3163 1926 3216 καὶ

2035 3158 2085 3214 in
2119 3159 2388 3230 praeputio
2409 3158 2661 3215 Abrahae.
2724 3160 2848 3215 Non
2885 3167 3069 3215 autem
3119 3160 3373 3216 Mosaieis
3400 3161 3611 3219 umbris

352 3256 464 3328 μὴν
491 3257 576 3310 ὅτι
602 3254 928 3327 κληρονόμοι
959 3254 1226 3308 τέθεινται
1250 3253 1357 3306 τῶν
1386 3253 1538 3325 παρὰ
1583 3251 1717 3307 Θεοῦ
1778 3270 1929 3326 χαρι-

2035 3249 2443 3321 gloriabuntur,
2494 3265 2675 3321 neque
2723 3250 2996 3307 carnalem
3066 3259 3275 3321 patrem
3334 3252 3624 3309 Abrahaur

350 3337 581 3418 σμάτων
613 3348 663 3401 οί
702 3346 1003 3417 ίχνηλατεῖν
1048 3344 1320 3409 ἐθέλοντες
1343 3346 1442 3416 τῆς
1499 3347 1557 3399 ὲν
1596 3345 1929 3419 ἀκροϐυστία

2035 3342 2344 3414 iactabant;
2385 3342 2480 3412 qui
2527 3361 2546 3394 ι
2572 3343 2868 3398 multarum
2912 3341 3156 3413 gentium
3194 3351 3349 3413 pater
3376 3363 3394 3396 ι
3428 3347 3613 3401 nomi-

350 3439 596 3502 πίστεως
662 3437 757 3493 τοῦ
817 3436 1161 3508 προπάτορος
1218 3434 1471 3506 ’Δϐραὰμ
1525 3435 1624 3509 τὴν
1674 3437 1926 3508 μίμησιν,

356 3531 461 3587 καὶ
490 3530 610 3585 οὔτι
644 3547 748 3583 που
796 3529 1012 3594 πάντως
1036 3530 1086 3583 οἱ
1129 3527 1272 3599 μέγα
1306 3528 1523 3600 φρονεῖν
1557 3527 1809 3593 εἰωθότες
1837 3530 1931 3583 ἐπὶ

348 3625 416 3693 τῇ
452 3620 545 3675 διὰ
589 3620 835 3684 Μωσέως
877 3617 1270 3691 διακονουμένῃ
1318 3618 1467 3690 σκιᾷ,
1517 3618 1611 3672 καὶ
1668 3619 1931 3690 σαρκικὺν

348 3711 655 3782 αὐχοῦντες
700 3709 912 3781 πατέρα
964 3708 1056 3762 τὸν
1098 3707 1372 3780 Ἀϐραὰμ,
1414 3708 1473 3772 ὃς
1535 3727 1553 3760 ι
1580 3707 1797 3764 Πολλῶν
1843 3708 1932 3763 ἑθ-

348 3804 463 3857 νῶν
491 3821 511 3855 ι
538 3801 853 3873 ὠνόμασται
910 3818 929 3851 ι
954 3798 1153 3879 πατὴρ,
1173 3817 1192 3851 ι
1228 3800 1406 3853 καίτοι
1439 3798 1530 3853 τοῦ
1577 3799 1791 3873 Ἰσραὴλ
1814 3798 1933 3865 ἑνὸς

351 3893 544 3956 ωνους
567 3892 741 3955 ὄντος,
768 3890 872 3945 κᾶν
901 3890 949 3943 εί
991 3888 1284 3944 ὲκτείνοιτο
1318 3889 1479 3962 τυχὸν
1519 3891 1601 3954 εἱς
1634 3889 1839 3962 πληθὺν
1869 3890 1929 3944 οὐ

352 3981 808 4057 μεμετρημένην.
841 3982 922 4034 δτι
954 3980 1061 4035 τῶν
1097 3981 1155 4033 ὲν
1195 3979 1376 4033 πίστει
1416 3980 1604 4050 γέγονε
1641 3982 1842 4055 πατὴρ,
1881 3983 1931 4037 οἳ

350 4076 415 4140 ἐξ
446 4075 691 4145 ἁπάσης,
741 4073 816 4138 ὡς
862 4070 991 4136 ἔπος
1046 4071 1241 4138 εἰπεῖν,
1299 4071 1507 4137 πόλεώς
1538 4088 1599 4126 τε
1633 4074 1724 4128 καὶ
1749 4072 1932 4144 χώρας

352 4164 788 4235 συνειλεγμένοι,
822 4161 1099 4233 σύσσωμοι
1131 4161 1418 4231 γεγόνασιν
1461 4163 1518 4216 ὲν
1564 4161 1805 4234 Χριστῷ,
1839 4162 1933 4216 καὶ

349 4258 437 4320 είς
492 4254 834 4326 ἀδελφότητα
905 4252 1195 4325 κέκληνται
1244 4253 1642 4325 πνευματικήν.
1680 4253 1935 4325 Γεγένην-

344 4365 442 4401 ται
477 4346 578 4417 μὲν
614 4345 726 4418 γὰρ
752 4344 812 4412 ἐξ
851 4344 1103 4418 Ἀδραὰμ
1141 4345 1403 4400 Ἰουδαῖοι.
1443 4345 1589 4417 Πλὴν
1633 4344 1694 4398 οὐ
1731 4346 1931 4409 πάντες

346 4440 401 4491 οἱ
430 4434 493 4502 ἐξ
537 4435 781 4509 Ἰσραὴλ,
821 4427 969 4489 οὗτοι
1005 4434 1238 4508 Ἰσραὴλ,
1282 4430 1402 4489 οὐδὲ
1440 4436 1524 4489 ὅτι
1572 4436 1679 4488 είσὶ
1713 4435 1934 4507 σπέρμα

2034 3440 2195 3487 natus
2234 3440 2319 3488 est
2352 3431 2415 3498 ³¹,
2452 3446 2579 3488 cum
2633 3431 2800 3488 Israel
2855 3431 3017 3487 unica
3073 3447 3206 3504 gens
3242 3432 3334 3499 sit,
3392 3434 3622 3491 etiamsi:
3710 3448 3717 3457 '

2034 3525 2177 3581 forte
2215 3525 2272 3581 in
2296 3525 2802 3581 immensurabilem
2830 3524 3236 3582 multitudinem
3263 3535 3486 3583 extensa
3517 3526 3613 3592 sit,

2035 3616 2167 3688 quia
2214 3615 2389 3672 factus
2429 3624 2514 3672 est
2541 3624 2695 3686 pater
2724 3616 3099 3682 credentium,
3122 3618 3216 3687 qui
3238 3632 3305 3673 ex
3333 3617 3609 3685 omnibus,

2037 3717 2098 3764 ut
2132 3709 2207 3764 ita
2250 3708 2450 3774 dicam,
2503 3707 2741 3763 urbibus
2782 3708 3190 3779 ac-regienibus
3214 3718 3341 3764 sunt
3372 3710 3607 3775 collecti,

2036 3810 2512 3865 concorporesquc
2545 3794 2674 3850 facti
2731 3795 2787 3850 in
2825 3794 3066 3861 Christo,
3104 3806 3160 3851 et
3187 3797 3242 3853 in
3271 3796 3610 3867 spiritualem

2037 3885 2435 3942 fraternitatem
2480 3884 2681 3940 vocati.
2718 3884 2836 3942 Orti
2860 3888 3011 3942 enim
3062 3898 3283 3943 suntex
3333 3887 3612 3942 Abraham

2036 3978 2230 4035 Judaei.
2258 3976 2529 4033 Caeterum
2582 3992 2693 4032 non
2749 3992 2943 4034 omnes
2987 3980 3083 4050 qui
3122 3995 3191 4034 ex
3240 3979 3424 4045 Israel,
3480 3988 3611 4035 sunt

2038 4069 2318 4125 Israelita.
2347 4067 2539 4138 Neque
2560 4082 2691 4123 vero
2726 4082 2793 4124 eo
2821 4069 2971 4140 quod
3003 4070 3114 4126 sint
3142 4085 3331 4127 semen
3355 4070 3608 4138 Abrahae,

2037 4158 2136 4215 ﬁlii
2163 4159 2343 4214 statim
2368 4173 2559 4214 omnes
2574 4166 2702 4214 sunt
2720 4161 3002 4217 censendi.
3028 4160 3452 4234 Propinquiores
3480 4177 3618 4219 vero

2037 4251 2087 4309 ei
2126 4251 2259 4307 facit
2285 4251 2421 4309 ﬁdes
2443 4266 2539 4308 eos
2580 4252 2677 4322 qui
2708 4252 2763 4309 in
2797 4254 3067 4325 praeputio
3107 4254 3482 4310 crediderunt.
3508 4254 3615 4309 Fa—

2038 4352 2125 4399 cta
2153 4342 2300 4397 enim
2326 4351 2412 4398 est
2463 4343 2776 4413 promissio,
2809 4343 3045 4414 dataque
3075 4354 3159 4399 est
3204 4344 3377 4415 gratia
3410 4344 3612 4415 justiﬁ-

2038 4450 2167 4490 cans
2195 4434 2427 4489 Abrahae
2457 4434 2700 4490 nondum
2733 4434 2955 4504 quidem
2983 4436 3325 4502 circumciso,
3367 4435 3478 4491 imo
3512 4451 3613 4507 po—

361 4526 644 4598 ’Δϐραὰμ,
680 4526 881 4591 πάντες
925 4525 1108 4581 τέκνα.
1172 4527 1508 4599 Προσοικειοϊ
1552 4525 1609 4579 δὲ
1662 4526 1861 4598 μᾶλλον
1897 4528 1931 4599 ἡ

2036 4530 2148 4588 tius
2167 4526 2346 4582 adhuc
2376 4525 2704 4597 praeputium
2729 4527 2980 4594 habenti,
3006 4538 3173 4598 prout
3198 4544 3364 4585 sacra:
3392 4528 3614 4586 Littera;

346 4618 541 4682 πίστις
568 4611 723 4684 αὐτῷ
766 4618 895 4681 τοὺς
922 4617 980 4671 ἐν
1002 4615 1336 4689 ἀκροῦυστίᾳ
1377 4616 1796 4682 πιστεύσαντας.
1826 4618 1934 4672 Πε-

2040 4625 2331 4678 testantur.

345 4713 579 4784 ποίηται
603 4711 714 4783 γὸρ
735 4714 769 4782 ἡ
798 4712 1110 4784 ὑπόσχεσις,
1135 4711 1343 4766 δέδοται
1376 4710 1433 4764 δὲ
1462 4710 1555 4763 καὶ
1579 4711 1612 4781 ἡ
1639 4710 1920 4766 δικαιοῦσα
1957 4714 2139 4786 χάρις,
2198 4710 2355 4767 οὔπω
2386 4711 2485 4783 μὲν
2520 4711 2696 4783 ἔχοντι
2732 4710 2833 4784 τὴν
2894 4713 3195 4784 περιτομὴν
3228 4713 3308 4784 τῷ
3343 4713 3609 4786 Ἀϐραὰμ,
3678 4768 3687 4775 ,

340 4805 471 4861 ὄντι
504 4807 559 4859 δὲ
583 4806 784 4878 μᾶλλον
820 4806 878 4859 ὲν
913 4806 1272 4878 ἀκροϐυστία,
1313 4805 1458 4860 κατά
1503 4823 1567 4875 γε
1611 4807 1710 4878 τὴν
1749 4808 1930 4863 πίστιν
1967 4811 2075 4867 τῶν
2109 4810 2268 4881 ἱερῶν
2294 4810 2669 4880 Γραμμάτων.

417 4900 491 4965 γ.
518 4896 641 4949 Ὀτι
663 4895 721 4949 δὲ
758 4894 859 4966 τῆς
885 4896 944 4949 ἐν
973 4895 1157 4948 πίστει
1182 4894 1533 4959 δικαιοσύνης
1553 4894 1615 4948 τὸ
1637 4895 1810 4967 δῶρον
1831 4896 1930 4951 ούκ

338 4987 450 5041 ἐπὶ
485 4984 642 5055 μόνον
667 4985 734 5039 ἂν
758 4983 829 5038 ἴοι
855 4985 948 5038 τὸν
989 4984 1256 5057 Ἀδραὰμ,
1298 4986 1348 5038 εί
1375 4986 1467 5040 καὶ
1504 4986 1561 5040 ἐν
1595 4985 1743 5057 αὐτῷ
1768 4987 1931 5058 γέγο-

335 5095 445 5136 νεν
479 5079 513 5148 ἡ
560 5077 875 5149 ὑπόσχεσις,
935 5077 1303 5147 ἑκπεφοίτηκε
1364 5077 1421 5131 δὲ
1465 5076 1656 5150 ὥσπερ
1706 5079 1800 5131 καὶ
1850 5079 1931 5142 είς

336 5170 566 5232 πάντας
608 5168 794 5222 λοιπὸν
839 5169 992 5232 τοῦς,
1016 5167 1477 5233 πεπιστευκότας,
1517 5168 1747 5239 ὲμπεόοἰ
1770 5168 1931 5224 πάλιν

333 5260 501 5331 ἡμᾶς
526 5260 555 5314 ὀ
590 5257 900 5329 σοφώτατος
928 5258 1163 5324 Παῦλος,
1184 5254 1264 5322 οἷς
1287 5258 1512 5329 ἔναγχος
1533 5258 1670 5333 ἔφην
1706 5278 1929 5331 προστι-

333 5351 496 5412 θείς’
535 5369 555 5403 ι
609 5351 724 5405 Οὐκ
779 5350 996 5422 ἐγράφη
1048 5350 1104 5404 δὲ
1155 5350 1221 5403 δι’
1266 5351 1426 5404 αὐτὸν
1469 5351 1651 5423 μόνον,
1694 5352 1776 5407 ὅτι
1812 5352 1927 5407 ἑλο⁴

331 5440 514 5514 γίσοη
542 5441 695 5513 αὐτῷ
718 5443 855 5514 πρὸς
877 5441 1242 5513 δικαιοσύνην,
1268 5440 1402 5514 ἀλλὰ
1430 5442 1525 5497 καὶ
1546 5442 1612 5497 δι’
1645 5444 1817 5515 ἡμᾶς,
1847 5439 1929 5509 οἷς

336 5530 537 5603 μέλλει
566 5532 878 5600 λογίζεσθαι
903 5534 1015 5594 τοῖς
1036 5531 1379 5585 πιστεύουσιν
1412 5531 1502 5585 ἐπὶ
1526 5532 1616 5587 τὸν
1640 5533 1930 5605 ἐγείραντα

350 5616 572 5685 Ἰησοῦν
604 5617 695 5672 τὸν
720 5616 929 5689 Κύριον
966 5617 1122 5689 ἡμῶν
1156 5619 1220 5672 ὲκ
1262 5619 1506 5691 νεκρῶνο
1555 5620 1612 5683 ὃς
1660 5621 1926 5693 παρεδόθη

427 5791 476 5821 ³*
510 5791 663 5848 Rom.
712 5809 796 5858 nr,
828 5792 971 5848 1—12.
1042 5794 1085 5827 ’θ
1116 5790 1255 5867 ibid.
1287 5795 1467 5851 15-17.
1547 5798 1590 5829 “
1630 5797 1790 5853 Rom.
1818 5816 1890 5865 ιγ,
1936 5800 2026 5858 18.

2104 4898 2157 4953 5.
2176 4894 2332 4962 Quod
2354 4912 2485 4951 vero
2512 4896 2717 4952 donum
2735 4898 2963 4969 justitiae
2984 4913 3083 4969 per
3103 4897 3268 4954 ﬁdem
3298 4914 3406 4952 non
3427 4898 3495 4953 ad
3527 4913 3613 4953 τοι

2032 4984 2146 5040 lum
2173 4985 2448 5041 Abraham
2492 4988 2813 5057 pertineret,
2863 4990 3081 5045 tametsi
3109 4990 3163 5044 in
3204 4989 3322 5058 ipso
3354 4988 3495 5044 facta
3541 4989 3616 5046 sit

2033 5075 2346 5145 promissio,
2371 5076 2467 5133 sed
2507 5078 2565 5133 in
2586 5093 2778 5136 omnes
2797 5079 3201 5150 quodammodo
3222 5078 3507 5134 credentes
3541 5079 3614 5133 sit

2033 5177 2427 5238 propagatura,
2478 5170 2918 5241 sapientissimus
3135 5170 3339 5226 Paulus
3389 5186 3610 5227 rursum

2034 5256 2340 5325 conﬁrmat,
2376 5259 2444 5315 iis
2503 5276 2634 5331 quae
2674 5262 2837 5317 modo
2900 5261 3021 5316 dixi
3069 5261 3336 5333 adjiciens
3376 5279 3388 5315 :
3439 5280 3458 5313 ι
3494 5261 3612 5317 Non

2035 5357 2118 5403 est
2147 5356 2333 5404 autem
2358 5351 2623 5421 scriptum
2650 5359 2872 5422 propter
2907 5352 3085 5422 ipsum
3112 5360 3345 5417 tantum,
3371 5351 3499 5422 quia
3523 5368 3613 5407 rc-

2035 5449 2283 5513 putatum
2330 5451 2417 5497 est
2459 5443 2538 5498 illi
2581 5444 2648 5498 ad
2686 5444 2958 5515 justitiam
2983 5462 3003 5499 :
3043 5445 3140 5501 sed
3164 5455 3220 5500 ct
3237 5452 3461 5515 propter
3490 5459 3612 5511 nos,

2036 5534 2237 5605 quibus
2269 5536 2614 5605 reputabitur
2639 5538 2990 5595 credentibus
3018 5539 3071 5594 in
3122 5555 3272 5604 eum,
3300 5539 3394 5611 qui
3435 5539 3614 5599 susci-

2038 5626 2171 5680 tavit
2198 5626 2382 5682 Jcsum
2420 5627 2699 5685 Christum
2733 5629 3021 5685 Dominum
3074 5642 3323 5687 nostrum
3382 5648 3411 5686 τι
3459 5646 3612 5687 mor-
