4052 6212
424 330 524 388 115

1441 339 1496 393 S.
1538 337 1811 394 CYRILLI
1850 334 2316 393 ALEXANDRINI
2348 334 2662 403 ARCHIEP.

3554 324 3581 383 1
3598 320 3658 383 l'ﬁ

400 449 549 515 atuis,
582 453 676 520 qui
703 452 936 509 traditus
973 464 1057 510 est
1090 465 1313 525 pmpter
1344 449 1543 512 delicta
1576 466 1783 520 nostra,
1809 465 1863 511 et
1903 471 1992 510 rc-

2095 455 2181 510 διά
2213 454 2280 509 τὰ
2321 453 2741 527 παραπτώματα
2768 447 2947 522 ἡμῶν,
2976 447 3070 505 καὶ
3098 444 3302 518 ἠγέρθη
3337 443 3423 497 διὰ
3451 440 3549 512 τὴν
3577 410 3659 493 δία

396 588 405 597 .
448 539 658 595 arrexit
688 552 912 613 propter
938 544 1384 615 justiﬂcationcm
1422 554 1668 601 nostram
1698 545 1763 598 ⁸¹.
1803 564 1821 597 ι
1861 543 1989 600 Cm-

402 633 553 687 .leste
586 631 754 702 igitur
806 632 1011 689 donum
1066 636 1264 692 divinae
1313 636 1685 708 benignitatis,
1742 637 1985 708 inquam,

415 722 719 792 iustificans
747 739 847 779 nos
876 739 975 794 per
1022 724 1206 790 fidem,
1235 741 1343 782 non
1375 718 1725 783 solum'tilios
1756 726 1990 783 Abrahae

406 813 854 883 comprehendit,
889 816 983 884 qui
1040 831 1108 871 ex
1142 817 1260 888 ipso
1292 818 1594 874 secundum
1619 834 1841 873 carnem
1882 819 1989 873 orti

418 910 564 966 sunt,
588 903 683 957 sed
714 903 811 972 qui
841 905 1086 960 eamdem
1116 922 1239 962 cum
1259 923 1327 962 eo
1354 906 1668 979 formamet
1689 907 1988 963 fraternum

414 992 662 1047 animum
683 994 849 1055 nacti.
877 996 1110 1053 credunt
1131 998 1186 1052 in
1214 999 1505 1053 Dominum
1536 1008 1783 1054 nostrum
1803 999 1988 1055 Jesum

415 1084 730 1152 Christum;
780 1087 838 1142 hi
895 1089 1062 1144 etiam
1109 1090 1508 1146 beneﬁciorum
1568 1091 1664 1146 Dei
1695 1090 1990 1162 participes

415 1184 547 1231 sunt
604 1175 800 1243 futuri,
856 1182 1078 1252 rejecto,
1131 1183 1202 1237 ob
1265 1183 1723 1249 incredulitatem,
1780 1183 1989 1238 carnali

417 1267 635 1326 israele.
674 1268 830 1337 Quod
859 1272 1082 1341 quidem
1132 1273 1418 1346 manifeste
1449 1274 1746 1331 admodum
1773 1273 1830 1329 in
1877 1290 1991 1346 my-

414 1362 586 1417 sterio
604 1364 751 1420 lsaac
779 1364 938 1419 nobis
965 1364 1304 1436 descriptum
1322 1343 1435 1422 ‘est.
1452 1366 1748 1433 Caeterum,
1769 1382 1890 1437 age,
1909 1343 1991 1420 di-

416 1465 606 1507 camus
625 1453 805 1523 quoad
829 1456 951 1525 ejus
966 1454 1084 1510 ﬁeri
1106 1458 1328 1526 poterit,
1350 1457 1464 1527 ipsa
1489 1457 1686 1529 Moysis
1702 1457 1905 1527 scripta
1933 1455 1989 1510 in

416 1540 661 1597 medium
685 1544 998 1601 afferentes.
1034 1546 1117 1603 ita
1154 1562 1286 1602 vero
1316 1547 1519 1604 habent
1555 1566 1568 1602 :
1612 1567 1630 1600 ι
1666 1549 1795 1604 Post
1824 1546 1991 1602 verba

418 1641 602 1691 autem
632 1634 772 1702 haec,
803 1656 822 1688 ι
863 1638 1064 1707 inquit,
1106 1658 1126 1691 ι
1173 1639 1376 1695 factum
1408 1649 1492 1696 est
1518 1639 1747 1696 verbum
1773 1637 1990 1695 Domini

417 1722 487 1779 ad
499 1724 840 1782 Abrahamin
860 1728 1089 1796 visione,
1105 1731 1294 1787 dicens
1317 1732 1421 1787 :Ne
1453 1731 1664 1797 timeas,
1683 1731 1985 1786 Abraham:

2092 547 2386 615 καιοσύνην
2407 545 2583 629 ἡμῶν.
2623 563 2642 596 ι
2679 541 2890 597 Οὐκοῦν
2918 538 3090 605 ξένιον
3110 535 3340 611 ούρανοῦ
3364 535 3458 590 καὶ
3491 533 3663 608 δῶρον

2090 638 2426 709 ἡμερότητος
2442 623 2789 707 ⁴ὶῆςάνωθεν,
2811 633 2845 702 ἠ
2862 633 2926 685 ὲκ
2949 631 3185 694 πίστεως
3207 629 3353 700 ἡμᾶς
3376 623 3662 682 δικαιοῦσα

2076 718 2266 817 ’,χάρις’
2302 728 2395 782 καὶ
2441 728 2497 781 ὲν
2530 727 2746 790 τέκνοις
2798 721 3049 796 ’Λεραάμ
3093 714 3532 788 καταλογισθεῖεν
3572 714 3656 781 ἂν,

2088 812 2206 892 om
2231 820 2297 893 δὴ
2328 821 2547 884 πάντως
2583 821 2632 873 οἱ
2675 810 2747 883 ἐξ
2773 815 2938 872 αὑτοῦ
2971 812 3112 870 κατά
3146 812 3326 884 σάρκα
3352 804 3660 879 γεγονότες,

2089 913 2204 968 ἀλλ’
2255 913 2370 966 ὅσοι
2411 912 2511 984 τὴν
2564 902 2699 981 πρδς
2745 907 2907 961 αὐτὸν
2946 903 3358 974 πεπλουτηκασι
3416 914 3662 970 συμμορ-

2091 1004 2237 1074 φίαν,
2284 1002 2383 1056 καὶ
2426 998 2646 1070 ἀδελφοὶ
2696 996 3020 1070 φρονοῦντες
3064 991 3412 1046 πιστεύουσιν
3457 989 3537 1052 εἰς
3573 985 3664 1040 τὸν

2089 1095 2293 1166 Κύριον
2324 1093 2483 1165 ἡμῶν
2528 1088 2730 1163 Ἰησοῦν
2774 1086 3030 1160 Χριστόν.
3069 1079 3230 1139 Οὗτοι
3257 1082 3353 1136 καὶ
3383 1078 3492 1133 τῶν
3515 1076 3663 1149 παρά

2084 1182 2225 1238 ’Θεοῦ
2283 1181 2642 1256 χαρισμάτων
2693 1179 2905 1233 ἔσονται
2945 1174 3291 1247 κληρονόμοι,
3320 1167 3664 1242 παρωθέντος

2090 1274 2149 1343 ἐξ
2174 1275 2430 1338 ἀπιστίας
2452 1272 2546 1327 τοῦ
2572 1269 2711 1325 κατά
2734 1268 2912 1339 σάρκα
2942 1265 3177 1339 Ἰσραήλ.
3207 1261 3563 1317 Διεπλάττετο
3583 1258 3660 1322 δὲ,

2090 1365 2181 1417 καὶ
2217 1363 2360 1434 μάλα
2390 1361 2597 1432 σαφῶς,
2623 1361 2716 1415 καὶ
2741 1358 2898 1413 τοῦτο
2932 1357 3065 1430 ἡμῖν
3091 1357 3148 1409 ὲν
3178 1354 3257 1425 τῷ
3298 1351 3441 1407 κατὰ
3480 1348 3666 1421 Ἰσαὰκ

2093 1454 2395 1525 μυστηρίῳ.
2417 1452 2578 1506 Ἀλλὰ
2609 1450 2740 1522 φέρε
2762 1448 3013 1520 λέγωμεν
3035 1446 3109 1512 ὡς
3132 1445 3211 1500 ἔνι
3227 1444 3292 1517 δὴ
3312 1443 3494 1511 πάλιν,
3526 1440 3666 1495 αὐτὰ

2092 1546 2428 1617 παραθέντες
2456 1546 2536 1609 είς
2559 1543 2766 1615 είδησιν
2798 1541 2868 1596 τὰ
2889 1540 3136 1603 Μωσέως
3165 1535 3489 1610 γράμματα.
3511 1534 3666 1617 Ἔχει

2089 1637 2145 1691 δὲ
2172 1614 2363 1701 οὕτως·
2379 1655 2397 1687 ι
2422 1633 2578 1690 Μετά
2600 1614 2752 1689 sua:
2769 1630 2991 1705 ῥήματα
3019 1625 3246 1691 tau-ta,»
3267 1627 3452 1698 φησὶν,
3480 1643 3500 1676 ι
3535 1614 3659 1693 ἔγε-

2090 1724 2225 1800 νήθη
2251 1727 2403 1798 ῥῆμα
2428 1712 2645 1798 Κυρίου
2662 1725 2798 1797 πρὸς
2825 1721 3078 1794 Ἀϐραὰμ
3095 1722 3151 1774 ὲν
3176 1719 3436 1793 ὁράματι,
3463 1716 3625 1784 λέγον
3650 1731 3664 1746 ’

416 1830 521 1886 ego
548 1826 825 1890 protegam
848 1829 897 1876 te
927 1839 940 1879 :
977 1838 1190 1878 merces
1210 1831 1303 1879 tua
1322 1824 1491 1880 multa
1514 1824 1620 1880 erit
1639 1824 1823 1879 nimis.
1852 1823 1993 1878 Dicit

2095 1822 2185 1893 Μὴ
2209 1808 2375 1890 φοϐοῦ
2412 1816 2684 1890 Ἀὕραάμ,
2717 1814 2829 1885 ἐγὼ
2855 1811 3214 1887 ύπερασπίσω
3238 1826 3353 1864 σου.
3384 1808 3441 1862 ’0
3477 1804 3668 1887 μισθός

416 1916 601 1964 autcm
616 1909 889 1967 Abraham
909 1914 1180 1980 :Domine,
1198 1915 1328 1985 quid
1341 1915 1473 1970 mihi
1487 1914 1674 1970 dabis?
1684 1914 1796 1985 Ego
1810 1922 1993 1969 autem

416 1998 669 2056 dimittor
701 2003 820 2058 sine
857 2004 1141 2060 liberis.At
1159 2004 1304 2060 illius
1323 2006 1499 2061 Masec
1525 2006 1833 2061 vernaculas
1862 2020 1995 2062 mea:

419 2088 511 2145 hic
550 2091 847 2149 Damascus
894 2094 1128 2150 Eliezer.
1156 2096 1224 2150 Et
1253 2096 1332 2150 ait
1374 2096 1688 2151 Abraham:
1725 2075 1994 2161 Quoniam

419 2179 555 2234 mihi
573 2197 684 2236 non
717 2183 917 2240 dedisti
942 2186 1134 2251 lilium,
1161 2196 1215 2241 at
1247 2187 1574 2241 vernaculus
1594 2180 1751 2240 meus
1764 2185 1992 2241 haeredi-

421 2270 679 2326 tabitme.
700 2273 767 2327 Et
787 2275 970 2329 statim
992 2292 1097 2330 vox
1117 2276 1214 2330 Dei
1237 2275 1377 2332 facta
1392 2284 1475 2331 est
1500 2275 1564 2330 ad
1591 2290 1738 2339 eum,
1770 2274 1990 2331 dicens:

419 2358 538 2415 Non
558 2360 904 2418 haereditabit
926 2373 978 2420 te
1002 2366 1113 2431 hic,
1130 2367 1225 2422 sed
1268 2367 1361 2437 qui
1383 2366 1698 2438 egredietur
1712 2366 1780 2422 de
1812 2375 1887 2432 te,
1905 2367 1997 2422 hic

419 2451 766 2510 haereditabit
783 2463 855 2510 te.
880 2455 1273 2512 Eduxitautem
1293 2472 1421 2513 eum
1437 2450 1604 2522 foras,
1621 2465 1677 2512 et
1693 2456 1830 2511 dixit
1852 2457 1954 2527 ipsi
1977 2473 1991 2510 :

418 2541 649 2614 Respice
666 2544 722 2600 in
738 2546 957 2614 caelum,
977 2556 1034 2604 et
1054 2565 1284 2605 numera
1296 2550 1503 2616 stellas,
1519 2551 1781 2621 sipoteris
1800 2565 1996 2605 nume-

419 2646 543 2687 rare
565 2632 726 2705 ipsas.
750 2636 818 2691 Et
831 2636 998 2694 dixit:
1028 2639 1119 2695 Sic
1139 2641 1247 2696 erit
1279 2656 1463 2696 semen
1485 2650 1660 2697 tuum.
1676 2643 1745 2697 Et
1759 2642 1995 2698 credidit

419 2724 692 2782 Abraham
710 2728 843 2795 Deo,
874 2738 930 2785 et
966 2740 1278 2803 reputatum
1296 2742 1381 2790 est
1408 2733 1486 2788 illi
1514 2733 1865 2805 adjustitiam
1893 2734 1988 2789 ".i

420 2818 549 2874 Erat
580 2820 727 2878 enim
749 2824 853 2895 ipsi
882 2824 1127 2897 legitimo
1147 2826 1497 2883 matrimonio
1511 2829 1803 2899 conjuncta
1837 2827 1999 2883 beata

419 2908 706 2982 Sara,qua:
720 2911 1113 2985 interpretatur
1131 2916 1475 2984 dominatrim,
1494 2919 1694 2974 mulier
1711 2917 1995 2973 formosis—

418 3002 574 3059 sima.
594 3000 670 3058 lla
699 3006 847 3061 enim
882 3004 1168 3079 Scriptura
1196 3017 1446 3066 testatur.
1475 3009 1778 3078 Conjuncta
1811 2997 1993 3061 auitam

416 3096 650 3166 cratipsi
676 3092 919 3154 secundo
946 3099 1348 3170 quodammodo
1372 3107 1534 3168 atque
1557 3096 1840 3167 illegitimo
1859 3112 1991 3152 con-

417 3186 569 3256 iugio
592 3189 909 3252 vernacula,
940 3189 1046 3243 hoc
1073 3197 1186 3253 est,
1239 3188 1403 3259 Agar,
1440 3202 1562 3258 qua:
1594 3188 1992 3257 interpretatur

424 3277 802 3362 peregrinatio.
840 3275 1008 3347 Atqui
1043 3277 1197 3342 Sara,
1223 3292 1344 3347 qua:
1377 3292 1659 3347 nunquam
1692 3276 1989 3347 legitimam

420 3364 634 3435 prolem
667 3376 1020 3436 conceperat,
1052 3366 1274 3438 lugebat
1310 3382 1462 3422 suam
1495 3367 1812 3422 orbitatem.
1851 3367 1994 3438 Agar

418 3463 603 3514 autem
622 3457 836 3528 peperit
848 3458 1149 3514 lsmaeiem.
1167 3459 1356 3514 Rebus
1371 3459 1539 3531 igitur
1555 3459 1629 3515 ita
1646 3458 1958 3515 constitutis
1975 3498 1990 3523 ,

420 3545 637 3609 locutus
659 3555 744 3602 est
767 3547 913 3604 Deus
952 3548 1020 3604 ad
1066 3547 1362 3613 Abraham,
1405 3548 1595 3604 dicens
1630 3566 1642 3602 ε
1674 3569 1693 3600 ι
1725 3549 1838 3619 Ego
1862 3563 1995 3619 pro-

425 3645 600 3705 tegam
631 3644 720 3691 te:
760 3652 973 3693 merces
1002 3644 1095 3694 tua
1121 3639 1291 3694 multa
1320 3640 1427 3695 erit
1451 3639 1637 3694 nimis.
1678 3658 1694 3691 ι
1728 3638 1829 3694 llic
1864 3653 1996 3694 vero

422 3720 555 3793 quid
592 3723 661 3777 ad
698 3722 852 3780 haec?
882 3744 899 3776 ι
932 3726 1181 3791 Domine,
1199 3726 1332 3796 quid
1361 3727 1496 3781 mihi
1520 3726 1714 3782 dabis?
1747 3727 1860 3799 Ego
1885 3726 1998 3799 69

424 3817 608 3868 autem
662 3812 910 3871 dimittor
951 3815 1072 3872 sine
1122 3816 1352 3872 liberis:
1410 3817 1556 3872 ﬁlius
1606 3826 1787 3874 autem
1819 3818 1998 3874 Masec

423 3899 728 3969 vernaculae
749 3916 884 3958 mea:
899 3903 991 3960 hic
1009 3905 1306 3962 Damascus
1320 3906 1554 3964 Eliezcr.
1567 3927 1585 3958 ι
1609 3906 1996 3963 Animadverte

422 3991 694 4046 sermonis
720 3993 1134 4063 perfectionem.
1165 4015 1183 4048 ι
1210 3996 1353 4064 Quid
1385 3998 1522 4052 mihi
1547 3978 1755 4065 dabis,i
1795 3997 1994 4070 inquit,

431 4081 725 4155 «Domine?
750 4103 770 4135 ι
792 4084 1057 4157 intelligis
1072 4103 1183 4157 quo
1210 4097 1369 4159 pacto
1390 4089 1542 4146 nulla
1569 4091 1782 4146 ratione
1808 4105 1866 4145 se
1890 4097 1999 4145 ter.

424 4173 574 4231 renis
628 4172 984 4232 facultatibus
1040 4177 1293 4251 indigere
1343 4180 1538 4245 dicat,
1586 4181 1888 4250 quinetiam
1951 4180 1997 4236 si

425 4264 597 4320 multo
624 4265 781 4336 plura
796 4281 922 4322 eum
944 4270 1228 4339 possidere
1243 4270 1541 4341 contingat,
1566 4286 1907 4344 nequaquam
1940 4287 2000 4327 se

424 4357 494 4411 iis
521 4355 921 4414 oblectaturum
955 4359 1153 4431 inquit,
1184 4361 1291 4417 nisi
1318 4362 1624 4433 legitimum
1655 4361 1854 4417 habeat
1886 4363 1999 4418 ha:-

426 4451 633 4516 redem,
667 4467 734 4507 ex
783 4453 959 4509 libero
990 4455 1340 4511 matrimonio
1384 4464 1574 4510 natum
1621 4469 1749 4509 vere
1803 4453 1996 4509 lilium.

424 4540 559 4597 Vide
573 4548 754 4598 autem
775 4559 1010 4613 quonam
1031 4545 1192 4600 modo
1212 4553 1407 4600 natura
1427 4544 1494 4599 ad
1512 4543 1792 4599 sciendum
1815 4551 2000 4613 aperte

425 4632 482 4688 id
532 4635 679 4703 quod
733 4635 867 4691 utile
905 4646 1012 4702 est,
1038 4653 1138 4692 sua
1183 4644 1376 4708 sponte
1430 4646 1487 4693 et
1529 4637 1736 4706 absque
1787 4635 2000 4707 legibus

423 4722 644 4793 scriptis
676 4723 901 4780 feratur.
925 4726 1061 4782 Cum
1087 4727 1233 4783 enim
1257 4726 1429 4784 lilium
1444 4726 1691 4790 haberet,
1716 4725 1996 4780 lsmaelem

426 4814 670 4884 inquam,
702 4816 899 4870 orbum
938 4832 996 4872 se
1023 4818 1237 4872 vocavit
1273 4817 1493 4873 divinus
1517 4816 1812 4872 Abraham.
1836 4816 1999 4872 Novit

425 4905 630 4976 itaque,
659 4915 716 4961 et
742 4906 962 4976 quidem
990 4917 1196 4979 aperte,
1223 4918 1439 4974 natura,
1477 4908 1625 4979 quod
1651 4923 1829 4978 neque
1854 4907 1998 4963 illius

425 4996 482 5052 in
514 4998 830 5054 universum
865 5001 1062 5055 merito
1093 5001 1278 5056 vocari
1304 4999 1496 5070 possit,
1531 4999 1624 5069 qui
1642 5014 1710 5054 ex
1730 4997 1999 5053 adulteri-

431 5089 520 5144 nis
549 5104 616 5146 ac
645 5091 847 5162 spuriis
874 5092 1078 5163 nuptiis
1100 5100 1183 5147 est
1205 5100 1384 5147 natus.
1425 5110 1444 5143 ι
1467 5091 1656 5160 Neque
1675 5091 1821 5146 enim
1848 5089 2000 5145 dabit

425 5178 664 5235 radicem
694 5182 748 5235 in
761 5182 1152 5250 profunditate,
1187 5201 1207 5234 ι
1246 5180 1704 5252 quemadmodum
1734 5179 1996 5249 scriptum

423 5276 509 5326 est
536 5269 600 5325 ".
621 5266 777 5337 Quod
800 5287 931 5326 vero
952 5272 1163 5328 etiamsi
1208 5270 1533 5342 quihusdam
1573 5270 1718 5324 ﬁlius
1744 5284 1811 5324 ex
1840 5284 1996 5324 serva

425 5368 702 5424 nascatur,
731 5356 926 5431 frigida
948 5377 1013 5416 ac
1028 5377 1170 5416 vana
1189 5376 1276 5415 res
1305 5360 1396 5425 sit,
1426 5375 1603 5430 neque
1624 5359 1813 5414 liberte
1846 5357 1999 5413 dele-

424 5450 650 5506 ctationi
676 5451 1022 5518 ascribenda,
1046 5453 1287 5509 ostendit
1312 5453 1503 5509 dicens
1531 5470 1544 5507 :
1579 5471 1598 5503 ι
1617 5451 1787 5506 Filius
1814 5459 1997 5506 autem

426 5539 603 5598 Hasce
629 5545 938 5602 vernacula:
960 5561 1115 5614 meae,
1143 5547 1233 5602 hic
1263 5546 1559 5603 Damascus
1585 5545 1813 5603 Eiiezer.
1836 5564 1853 5597 ι
1884 5544 1999 5616 Hoc

2048 1902 2055 1909 ’
2096 1930 2189 1967 σου
2220 1911 2386 1977 πολὺς
2413 1910 2564 1964 ἔσται
2599 1908 2821 1980 σφόδρα.
2851 1906 3014 1974 Λέγει
3052 1903 3109 1958 δὲ
3154 1900 3427 1973 Ἀϐραάμ·
3461 1897 3668 1950 Δέσποο

2093 2017 2183 2068 τα,
2208 2001 2262 2055 τί
2299 2001 2629 2073 μοιδὼσεις;
2659 1997 2802 2068 Ἐγὼ
2824 1996 2878 2051 δὲ
2903 1994 3208 2065 ἀπολύομαι
3236 1992 3480 2054 ἄτεκνος.
3520 1989 3578 2041 Ὀ
3609 1986 3668 2041 δὲ

2095 2093 2209 2156 υἱὸς
2269 2092 2463 2147 Μασὲκ
2506 2091 2608 2161 τῆς
2650 2087 2956 2155 οίκογενοῦς
3008 2102 3134 2159 μου,
3182 2075 3335 2145 οὗτος
3379 2075 3669 2150 Δαμασκδς

2106 2183 2372 2255 Ἐλιέζερ.
2396 2184 2505 2238 Καὶ
2536 2179 2688 2237 εἶπεν
2724 2178 2993 2251 Ἀϐραάμ’
3027 2173 3245 2243 Ἐπειδὴ
3269 2170 3394 2242 ἔμοι
3409 2170 3508 2223 οὐκ
3540 2167 3668 2220 ἐδω-

2096 2294 2195 2339 κας
2227 2275 2467 2347 σπέρμα,
2518 2274 2547 2327 ὁ
2586 2273 2645 2327 δὲ
2676 2269 2961 2340 οἰκογενής
3003 2283 3103 2337 μου
3139 2259 3540 2337 κληρονομήσει
3574 2273 3663 2328 με.

2094 2368 2205 2421 Καὶ
2236 2365 2398 2428 εὐθὺς
2432 2363 2585 2435 φωνὴ
2610 2360 2818 2433 Κυρίου
2846 2356 3064 2428 ἐγένετο
3092 2350 3245 2425 πρὸς
3265 2348 3445 2413 αὐτὸν,
3479 2347 3668 2415 λέγου-

2098 2473 2194 2512 σαο
2221 2456 2298 2510 Ού
2329 2453 2728 2527 κληρονομήσει
2767 2468 2827 2504 σε
2871 2441 3046 2513 οὗτος,
3083 2445 3198 2500 ἀλλ’
3239 2443 3298 2507 ὃς
3328 2437 3669 2527 ἐξελεύσεται

2096 2548 2160 2602 ἐκ
2193 2547 2320 2611 σοῦ,
2360 2526 2514 2609 οὗτος
2547 2542 2948 2615 κληρονομήσει
2984 2554 3063 2593 σε.
3113 2534 3379 2604 Ἐξήγαγε
3417 2529 3473 2583 δὲ
3507 2526 3671 2581 αὑτὸν

2095 2637 2234 2704 ἔξω,
2267 2636 2361 2691 καὶ
2390 2631 2545 2690 εἶπεν
2584 2631 2761 2704 αὐτῷ·
2811 2626 3137 2696 Ἀνάϐλεψον
3169 2623 3235 2693 δὴ
3272 2623 3350 2686 είς
3378 2619 3470 2672 τδν
3508 2617 3671 2688 ούρα-

2096 2731 2206 2792 νδν,
2225 2725 2455 2799 καὶάρίθ
2465 2741 2635 2798 μησον
2660 2723 2789 2787 τοὺς
2814 2719 3071 2792 ἀστέρας,
3088 2718 3137 2770 εί
3154 2715 3354 2786 δυνήσῃ
3370 2707 3669 2781 ἐξαριθμῆσ-

2099 2841 2189 2878 σαι
2213 2820 2431 2885 αύτούς.
2461 2819 2571 2873 Καὶ
2598 2812 2781 2870 εἶπενο
2816 2812 3005 2873 Οὕτως
3022 2808 3171 2861 ἔσται
3199 2804 3260 2859 τὸ
3298 2803 3666 2889 σπέρμαθσου.

2097 2916 2207 2969 Καὶ⁸
2237 2913 2554 2966 ἐπίστευσεν
2598 2904 2851 2977 Ἀδραάμ
2886 2900 2964 2972 τῷ
3000 2899 3141 2971 Θεῷ,
3172 2897 3267 2953 καὶ
3293 2892 3546 2965 ἐλογίσθη
3572 2893 3666 2948 αύ-

2096 3003 2174 3074 τῷ
2220 3004 2300 3066 είς
2347 2996 2712 3067 δικαιοσύνην.
2752 3013 2771 3047 ι
2806 2994 3055 3071 Συνῆπτο
3100 2990 3198 3062 μὲν
3239 2987 3347 3060 γάρ
3382 2985 3529 3057 αύτῷ
3576 2984 3672 3039 καὶ

2099 3092 2373 3154 συνέστιος
2419 3084 2489 3160 ἦν
2535 3088 2571 3159 ἡ
2608 3083 2853 3157 μακαρία
2885 3083 3072 3155 Σάρῤα
3107 3081 3163 3154 (ἡ
3204 3074 3670 3151 διερμηνευομένη

2093 3183 2306 3253 λέγεται
2326 3176 2646 3251 ἄρχουσα),
2666 3174 2802 3247 γυνὴ
2830 3173 2927 3246 τὴν
2958 3172 3109 3244 ῶραν
3126 3167 3543 3242 ὲκπρεπεστάτη
3575 3166 3671 3219 καὶ

2093 3275 2213 3329 λίαν
2279 3270 2669 3343 εὐπρόσωπος·
2739 3264 3134 3338 μεμαρτύρηκε
3208 3263 3320 3332 γὰρ
3380 3256 3553 3321 οὕτως
3609 3257 3671 3310 τὸ

2093 3366 2335 3438 Γράμμα
2359 3363 2420 3417 τὸ
2443 3358 2952 3432 ίερόν.·Παρείπετο
2979 3354 3036 3408 δὲ
3068 3353 3341 3423 δευτέροις
3364 3350 3551 3421 ῶσπερ
3578 3346 3670 3402 καὶ

2094 3456 2270 3521 νόθοις
2308 3452 2657 3526 ὑπηρετοῦσα
2689 3449 2888 3520 γάμοις
2929 3448 2963 3518 ἡ
3015 3442 3296 3515 οἰκογενὴς
3317 3484 3333 3509 ,
3368 3440 3669 3502 τουτέστιν,

2098 3550 2133 3621 ἡ
2173 3550 2355 3618 Ἀγαρ
2397 3543 2513 3617 (καὶ
2551 3542 2690 3616 αύτὴ
2714 3541 2773 3596 δὲ
2809 3537 3168 3607 παροικησις
3206 3529 3669 3608 ἐρμηνευομένη).

2107 3638 2245 3693 Ἀλλ’
2278 3639 2311 3709 ἠ
2340 3636 2437 3706 μὲν
2474 3634 2684 3707 Σάρῤα,
2717 3632 2922 3685 τέκνων
2948 3627 3101 3683 οὔπω
3135 3626 3373 3698 γνησίων
3396 3623 3560 3677 ὠδῖνα
3585 3621 3674 3675 λα-

2095 3729 2285 3792 ϐοῦσα,
2314 3724 2640 3797 κατεθρήνει
2671 3721 2771 3793 τὴν
2788 3716 3064 3774 ἀπαιδίαν.
3102 3715 3168 3770 Ἡ
3201 3714 3258 3767 δὲ
3283 3715 3379 3780 ’Δγ
3391 3729 3462 3785 αρ
3492 3710 3673 3766 ἔτικτε

2092 3821 2183 3874 τὸν
2218 3818 2456 3890 Ἰσμαὴλ.
2474 3815 2737 3887 Ἐχόντων
2762 3812 2818 3865 δὲ
2840 3806 2939 3865 ὦδε
2959 3808 3069 3862 τῶν
3094 3810 3150 3861 ὲν
3170 3804 3379 3878 ἱστορίᾳ
3420 3800 3674 3890 πραγμά-

2096 3927 2226 3975 των,
2283 3889 2609 3980 πωσελὰλει
2647 3903 2780 3967 Θεὸς
2813 3901 2892 3974 τῷ
2934 3897 3186 3971 Ἀϐραὰμ
3221 3895 3425 3963 λέγων’
3473 3912 3491 3945 ι
3528 3889 3673 3960 Ἐγὼ

2096 3999 2461 4071 ὑπερασπίσω
2496 4014 2612 4059 σου,
2640 3997 2668 4049 ὁ
2702 3993 2894 4066 μισθός
2915 4009 3008 4046 σου
3040 3988 3202 4051 πολὺς
3222 3985 3377 4039 ἔσται
3410 3983 3664 4054 σφόδρα.»

2109 4090 2167 4144 Ὁ
2188 4069 2265 4154 δὲ,
2293 4089 2346 4142 τί
2384 4087 2523 4158 πρὸς
2562 4084 2737 4139 ταῦτά
2776 4099 2939 4155 φησι;
2985 4099 3006 4134 ι
3060 4077 3325 4137 Δέσποτα,
3360 4074 3413 4128 τί
3446 4089 3536 4143 μοι
3563 4069 3670 4127 δὼ-

2096 4197 2242 4248 σεις;
2290 4180 2432 4249 Ἐγὼ
2464 4178 2522 4232 δὲ
2564 4176 2873 4247 ἀπολύομαι
2906 4174 3166 4236 ἄτεκνος·
3200 4171 3229 4224 ὀ
3249 4168 3305 4222 δὲ
3332 4165 3445 4231 υἱὸς
3476 4164 3675 4220 Macta

2096 4274 2197 4344 τῆς
2252 4269 2564 4341 οίκογενσῦς
2620 4287 2745 4342 μου,
2802 4259 2958 4329 οὗτος
3007 4260 3298 4334 Δαμασκδς
3341 4256 3666 4344 Ἐλιέζερ.»

2110 4365 2393 4435 Ἐπιτὴρει
2439 4362 2534 4416 τοῦ
2574 4361 2734 4430 λόγου
2774 4354 3123 4426 τδάκριόἑς.
3158 4372 3176 4404 ι
3206 4352 3273 4405 Τί
3319 4366 3407 4421 μοι
3433 4348 3541 4419 γὰρ
3572 4343 3673 4402 δὼ-

2103 4474 2236 4522 σεις,
2262 4456 2446 4528 φησὶν,
2483 4448 2528 4507 ὦ
2561 4453 2839 4518 Δέσποτας
2893 4468 2911 4501 ι
2946 4446 3142 4517 Συνίης
3173 4446 3322 4507 ὅπως
3361 4439 3572 4528 ούδενδς
3611 4436 3674 4490 τὸ

2101 4526 2362 4615 παράπαν
2404 4543 2483 4598 ἔτι
2520 4539 2728 4594 δεῖσθαί
2763 4553 2903 4607 φησι,
2921 4535 3030 4588 τῶν
3062 4531 3318 4599 ἐπιγείων
3348 4526 3671 4599 κτημάτων,

2098 4614 2211 4690 ἀλλ’
2239 4634 2347 4688 οὐδ’
2364 4631 2430 4687 ἂν
2458 4634 2506 4685 εἰ
2533 4629 2742 4700 γένοιτο
2768 4627 2861 4680 καὶ
2883 4625 2959 4679 ἔτι
2990 4621 3249 4677 πλειόνων
3265 4618 3553 4686 δεσπότης,
3578 4614 3673 4666 θυ-

2101 4725 2295 4796 μηδίαν
2335 4721 2588 4794 ἡγεῖσθαι
2621 4720 2682 4773 τὸ
2721 4716 2911 4790 χρῆμά
2939 4730 3124 4785 φησιν,
3147 4712 3196 4763 εί
3218 4710 3291 4781 μὴ
3316 4708 3536 4778 γνήσιον
3558 4703 3673 4772 ἔχοι

2097 4793 2187 4867 τὸν
2214 4793 2550 4881 κληρονόμον
2584 4808 2642 4874 ἐξ
2684 4805 2983 4876 ἐλευθέρων
3021 4801 3302 4870 ἀναφύντα
3337 4797 3551 4867 γάμων,
3581 4793 3673 4845 τὸν

2096 4903 2312 4973 ἀληθῶς
2348 4902 2483 4955 υἱόν.
2519 4899 2709 4971 Ἀθρει
2733 4897 2810 4961 δὲ,
2850 4897 2933 4950 ὅτι
2973 4892 3112 4964 πρὸς
3146 4890 3208 4943 τὸ
3249 4887 3445 4942 εἰδέναι
3485 4882 3672 4952 σαφῶς

2102 4994 2162 5049 τὸ
2189 4992 2483 5057 λυσιτελὲς,
2516 4991 2549 5061 ἡ
2576 4989 2735 5060 φύσις
2769 4984 3066 5057 αὐτόμολος
3091 4982 3185 5037 καὶ
3217 4980 3338 5050 δίχα
3369 4978 3550 5048 νόμων
3576 4991 3672 5044 γε-

2102 5083 2456 5157 γραμμένων.
2489 5081 2681 5135 Καίτοι
2702 5078 2809 5150 γὰρ
2839 5077 2989 5140 ὄντος
3012 5073 3152 5138 υἱοῦ,
3185 5070 3327 5141 φημὶ
3354 5068 3417 5142 δὴ
3450 5065 3543 5120 τοῦ
3572 5066 3672 5119 ἰσ-

2106 5155 2271 5246 μαὴλ,
2295 5172 2518 5227 ἄτεκνον
2534 5169 2725 5225 ἑαυτὸν
2739 5167 3020 5237 ὠνόμαζεν
3034 5167 3061 5218 ὁ
3079 5162 3363 5223 θεσπέσιος
3396 5155 3666 5230 Ἁϐραάμ.

2102 5244 2252 5322 ὸῖδεν
2288 5260 2381 5318 οῦν
2434 5263 2542 5333 ἄρα
2581 5260 2675 5313 καὶ
2728 5259 2873 5330 μάλα
2919 5255 3103 5325 σαφῶς
3136 5255 3169 5325 ἡ
3217 5250 3504 5321 φύσις,ὅτι
3537 5244 3669 5318 μηδὲ

2102 5358 2216 5421 υίὸς
2229 5356 2363 5418 ὅλως
2383 5352 2697 5424 ὀνομάζοιτο
2713 5350 2777 5405 ἂν
2802 5348 3045 5410 εἰκότως,
3065 5348 3093 5398 ὁ
3115 5347 3176 5396 ἐκ
3198 5342 3465 5412 κιῦδὴλων
3488 5355 3547 5390 τε
3575 5333 3670 5389 καὶ

2100 5450 2270 5505 νόθων
2295 5446 2504 5516 ἀναφὺς
2532 5440 2958 5514 νυμφευμάτων.
3006 5457 3025 5489 ι
3067 5436 3141 5492 Ού
3167 5434 3276 5504 γὰρ
3315 5430 3475 5486 δώσει
3515 5426 3670 5500 ῥίζαν

2102 5543 2180 5605 είς
2210 5538 2390 5611 βάθος,
2430 5556 2448 5590 ι
2488 5534 2630 5591 κατὰ
2671 5534 2731 5587 τὸ
2756 5529 3163 5603 γεγραμμένον.
3212 5525 3332 5579 Ὅτι
3373 5520 3450 5586 δὲ,
3485 5516 3588 5573 κᾶν
3619 5516 3670 5570 at

498 5718 541 5753 "
571 5721 728 5779 Rom.
770 5739 842 5791 tv,
875 5721 964 5787 '25,
992 5721 1080 5777 ‘21.
1158 5723 1200 5754 ⁸³
1225 5721 1359 5778 Gen.
1396 5739 1484 5786 xv,
1539 5722 1645 5777 1-6.
1721 5721 1764 5752 ³³
1793 5719 1918 5790 Sap.
1948 5735 2018 5781 tv,
2047 5717 2100 5771 3.
