  <div class='ocr_page' id='page_1' title='image "/cluster/home/n/w/nwhite01/storage/ocr_20150623/69/hvd.32044073501983/064.png"; bbox 0 0 4050 6210; ppageno 0'>
   <div class='ocr_carea' id='block_1_1' title="bbox 307 393 416 453">
    <p class='ocr_par' dir='ltr' id='par_1_1' title="bbox 307 393 416 453">
     <span class='ocr_line' id='line_1_1' title="bbox 307 393 416 453; baseline -0.018 -2"><span class='ocrx_word' id='word_1_1' title='bbox 307 393 416 453; x_wconf 77' lang='lat' dir='ltr'><strong>H7</strong></span> 
     </span>
    </p>
   </div>
   <div class='ocr_carea' id='block_1_2' title="bbox 1328 382 2586 452">
    <p class='ocr_par' dir='ltr' id='par_1_2' title="bbox 1328 382 2586 452">
     <span class='ocr_line' id='line_1_2' title="bbox 1328 382 2586 452; baseline -0.002 -2"><span class='ocrx_word' id='word_1_2' title='bbox 1328 391 1849 450; x_wconf 73' lang='lat' dir='ltr'><strong>GLAPHYRORUM</strong></span> <span class='ocrx_word' id='word_1_3' title='bbox 1881 382 1953 451; x_wconf 80' lang='grc' dir='ltr'><strong>ἸΝ</strong></span> <span class='ocrx_word' id='word_1_4' title='bbox 1994 395 2293 452; x_wconf 70' lang='grc' dir='ltr'><strong>ϐΕΝΕὸΙΜ</strong></span> <span class='ocrx_word' id='word_1_5' title='bbox 2331 394 2456 451; x_wconf 78' lang='lat' dir='ltr'><strong>LIB.</strong></span> <span class='ocrx_word' id='word_1_6' title='bbox 2499 394 2586 450; x_wconf 76' lang='lat' dir='ltr'><strong>in.</strong></span> 
     </span>
    </p>
   </div>
   <div class='ocr_carea' id='block_1_3' title="bbox 3464 404 3581 466">
    <p class='ocr_par' dir='ltr' id='par_1_3' title="bbox 3464 404 3581 466">
     <span class='ocr_line' id='line_1_3' title="bbox 3464 404 3581 466; baseline 0.068 -9"><span class='ocrx_word' id='word_1_7' title='bbox 3464 404 3581 466; x_wconf 73' lang='lat' dir='ltr'><strong>H8</strong></span> 
     </span>
    </p>
   </div>
   <div class='ocr_carea' id='block_1_4' title="bbox 306 488 1888 579">
    <p class='ocr_par' dir='ltr' id='par_1_4' title="bbox 306 502 1888 577">
     <span class='ocr_line' id='line_1_4' title="bbox 306 502 1888 577; baseline -0.001 -16"><span class='ocrx_word' id='word_1_8' title='bbox 306 505 516 575; x_wconf 72' lang='grc' dir='ltr'>γένοιτό</span> <span class='ocrx_word' id='word_1_9' title='bbox 561 521 695 559; x_wconf 81' lang='grc' dir='ltr'>ποτε</span> <span class='ocrx_word' id='word_1_10' title='bbox 724 504 911 558; x_wconf 74' lang='grc' dir='ltr'>τέκνον</span> <span class='ocrx_word' id='word_1_11' title='bbox 943 504 1007 557; x_wconf 63' lang='grc' dir='ltr'>ἐκ</span> <span class='ocrx_word' id='word_1_12' title='bbox 1036 502 1373 576; x_wconf 78' lang='grc' dir='ltr'>θεραπαίνης</span> <span class='ocrx_word' id='word_1_13' title='bbox 1406 507 1516 559; x_wconf 72' lang='grc' dir='ltr'>τισὶ</span> <span class='ocrx_word' id='word_1_14' title='bbox 1536 544 1553 571; x_wconf 84' lang='grc'><strong>,</strong></span> <span class='ocrx_word' id='word_1_15' title='bbox 1585 505 1807 577; x_wconf 78' lang='grc' dir='ltr'>ψυχρόν</span> <span class='ocrx_word' id='word_1_16' title='bbox 1832 522 1888 559; x_wconf 78' lang='grc' dir='ltr'><strong>τε</strong></span> 
     </span>
    </p>
   </div>
   <div class='ocr_carea' id='block_1_5' title="bbox 1988 488 3572 579">
    <p class='ocr_par' dir='ltr' id='par_1_5' title="bbox 1993 488 3572 579">
     <span class='ocr_line' id='line_1_5' title="bbox 1993 488 3572 579; baseline 0.006 -17"><span class='ocrx_word' id='word_1_17' title='bbox 1993 516 2098 573; x_wconf 86' lang='lat' dir='ltr'><strong>est,</strong></span> <span class='ocrx_word' id='word_1_18' title='bbox 2132 507 2222 562; x_wconf 80' lang='lat' dir='ltr'><strong>ﬁet</strong></span> <span class='ocrx_word' id='word_1_19' title='bbox 2249 507 2382 563; x_wconf 87' lang='lat' dir='ltr'><strong>mihi</strong></span> <span class='ocrx_word' id='word_1_20' title='bbox 2415 506 2677 576; x_wconf 82' lang='lat' dir='ltr'><strong>deinceps</strong></span> <span class='ocrx_word' id='word_1_21' title='bbox 2704 512 2864 559; x_wconf 87' lang='lat' dir='ltr'><strong>natus</strong></span> <span class='ocrx_word' id='word_1_22' title='bbox 2900 521 2973 559; x_wconf 71' lang='lat' dir='ltr'><strong>ex</strong></span> <span class='ocrx_word' id='word_1_23' title='bbox 2992 488 3159 561; x_wconf 78' lang='lat' dir='ltr'><strong>serva</strong></span> <span class='ocrx_word' id='word_1_24' title='bbox 3181 507 3459 579; x_wconf 73' lang='lat' dir='ltr'><strong>sanguinis</strong></span> <span class='ocrx_word' id='word_1_25' title='bbox 3485 529 3572 571; x_wconf 78' lang='lat' dir='ltr'><strong>so-</strong></span> 
     </span>
    </p>
   </div>
   <div class='ocr_carea' id='block_1_6' title="bbox 309 593 1893 663">
    <p class='ocr_par' dir='ltr' id='par_1_6' title="bbox 309 593 1893 663">
     <span class='ocr_line' id='line_1_6' title="bbox 309 593 1893 663; baseline 0.002 -15"><span class='ocrx_word' id='word_1_26' title='bbox 309 596 402 649; x_wconf 75' lang='grc' dir='ltr'>καὶ</span> <span class='ocrx_word' id='word_1_27' title='bbox 448 593 616 647; x_wconf 76' lang='grc' dir='ltr'>ῑωλον</span> <span class='ocrx_word' id='word_1_28' title='bbox 658 593 720 646; x_wconf 80' lang='lat'><strong>:0</strong></span> <span class='ocrx_word' id='word_1_29' title='bbox 756 593 947 663; x_wconf 65' lang='grc' dir='ltr'>χρῆμά</span> <span class='ocrx_word' id='word_1_30' title='bbox 979 610 1079 647; x_wconf 82' lang='grc' dir='ltr'><strong>που</strong></span> <span class='ocrx_word' id='word_1_31' title='bbox 1107 594 1322 660; x_wconf 81' lang='grc' dir='ltr'>πάντως</span> <span class='ocrx_word' id='word_1_32' title='bbox 1342 635 1357 657; x_wconf 83' lang='grc'><strong>,</strong></span> <span class='ocrx_word' id='word_1_33' title='bbox 1389 598 1483 651; x_wconf 78' lang='grc' dir='ltr'>καὶ</span> <span class='ocrx_word' id='word_1_34' title='bbox 1518 596 1618 650; x_wconf 76' lang='grc' dir='ltr'>οὐκ</span> <span class='ocrx_word' id='word_1_35' title='bbox 1645 596 1712 649; x_wconf 83' lang='grc' dir='ltr'>ἂν</span> <span class='ocrx_word' id='word_1_36' title='bbox 1741 597 1893 651; x_wconf 51' lang='lat' dir='ltr'><strong>neua</strong></span> 
     </span>
    </p>
   </div>
   <div class='ocr_carea' id='block_1_7' title="bbox 307 683 1887 757">
    <p class='ocr_par' dir='ltr' id='par_1_7' title="bbox 307 683 1887 757">
     <span class='ocr_line' id='line_1_7' title="bbox 307 683 1887 757; baseline 0.002 -20"><span class='ocrx_word' id='word_1_37' title='bbox 307 683 488 756; x_wconf 78' lang='grc' dir='ltr'>θέροις</span> <span class='ocrx_word' id='word_1_38' title='bbox 518 683 933 755; x_wconf 74' lang='grc' dir='ltr'>καταγράφοιτο</span> <span class='ocrx_word' id='word_1_39' title='bbox 959 683 1247 755; x_wconf 81' lang='grc' dir='ltr'>θυμηδίας,</span> <span class='ocrx_word' id='word_1_40' title='bbox 1272 684 1661 757; x_wconf 79' lang='grc' dir='ltr'>προσαπὲδειξε</span> <span class='ocrx_word' id='word_1_41' title='bbox 1685 685 1858 755; x_wconf 81' lang='grc' dir='ltr'>λέγων</span> <span class='ocrx_word' id='word_1_42' title='bbox 1875 705 1887 717; x_wconf 89' lang='grc'><strong>·</strong></span> 
     </span>
    </p>
   </div>
   <div class='ocr_carea' id='block_1_8' title="bbox 315 774 1888 848">
    <p class='ocr_par' dir='ltr' id='par_1_8' title="bbox 315 774 1888 848">
     <span class='ocr_line' id='line_1_8' title="bbox 315 774 1888 848; baseline 0.003 -20"><span class='ocrx_word' id='word_1_43' title='bbox 315 795 332 828; x_wconf 84' lang='grc' dir='ltr'><strong>ι</strong></span> <span class='ocrx_word' id='word_1_44' title='bbox 372 774 509 829; x_wconf 71' lang='grc' dir='ltr'><strong>Ὀδὶ</strong></span> <span class='ocrx_word' id='word_1_45' title='bbox 532 774 645 839; x_wconf 70' lang='grc' dir='ltr'>υίὸς</span> <span class='ocrx_word' id='word_1_46' title='bbox 684 775 880 830; x_wconf 75' lang='grc' dir='ltr'>Μασὲκ</span> <span class='ocrx_word' id='word_1_47' title='bbox 919 776 1020 845; x_wconf 81' lang='grc' dir='ltr'>τῆς</span> <span class='ocrx_word' id='word_1_48' title='bbox 1064 776 1375 845; x_wconf 79' lang='grc' dir='ltr'>οίκογενοΰς</span> <span class='ocrx_word' id='word_1_49' title='bbox 1414 795 1537 848; x_wconf 84' lang='grc' dir='ltr'>μου,</span> <span class='ocrx_word' id='word_1_50' title='bbox 1579 774 1732 843; x_wconf 76' lang='grc' dir='ltr'>οὗτος</span> <span class='ocrx_word' id='word_1_51' title='bbox 1782 780 1888 832; x_wconf 59' lang='lat' dir='ltr'><strong>Aa.</strong></span> 
     </span>
    </p>
   </div>
   <div class='ocr_carea' id='block_1_9' title="bbox 309 863 1891 940">
    <p class='ocr_par' dir='ltr' id='par_1_9' title="bbox 309 863 1891 940">
     <span class='ocr_line' id='line_1_9' title="bbox 309 863 1891 940; baseline 0.005 -24"><span class='ocrx_word' id='word_1_52' title='bbox 309 863 519 935; x_wconf 84' lang='grc' dir='ltr'>μασκδς</span> <span class='ocrx_word' id='word_1_53' title='bbox 553 863 816 937; x_wconf 76' lang='grc' dir='ltr'><strong>Ἐλιέζερ.</strong></span> <span class='ocrx_word' id='word_1_54' title='bbox 854 884 874 918; x_wconf 74' lang='grc' dir='ltr'><strong>ι</strong></span> <span class='ocrx_word' id='word_1_55' title='bbox 926 866 1207 931; x_wconf 58' lang='lat' dir='ltr'><strong>Taurica,</strong></span> <span class='ocrx_word' id='word_1_56' title='bbox 1241 868 1542 940; x_wconf 77' lang='grc' dir='ltr'>Γενήσεταί</span> <span class='ocrx_word' id='word_1_57' title='bbox 1573 886 1662 940; x_wconf 86' lang='grc' dir='ltr'><strong>μοι</strong></span> <span class='ocrx_word' id='word_1_58' title='bbox 1699 870 1891 924; x_wconf 78' lang='grc' dir='ltr'>λοιπὸν</span> 
     </span>
    </p>
   </div>
   <div class='ocr_carea' id='block_1_10' title="bbox 306 936 1889 1031">
    <p class='ocr_par' dir='ltr' id='par_1_10' title="bbox 306 936 1889 1031">
     <span class='ocr_line' id='line_1_10' title="bbox 306 936 1889 1031; baseline 0.004 -22"><span class='ocrx_word' id='word_1_59' title='bbox 306 958 335 1009; x_wconf 88' lang='lat'><strong>0</strong></span> <span class='ocrx_word' id='word_1_60' title='bbox 374 956 443 1010; x_wconf 69' lang='grc' dir='ltr'><strong>εκ</strong></span> <span class='ocrx_word' id='word_1_61' title='bbox 470 956 572 1027; x_wconf 77' lang='grc' dir='ltr'>τῆς</span> <span class='ocrx_word' id='word_1_62' title='bbox 614 936 948 1025; x_wconf 74' lang='grc' dir='ltr'>οἰκογενοῦς.</span> <span class='ocrx_word' id='word_1_63' title='bbox 992 956 1225 1028; x_wconf 67' lang='grc' dir='ltr'>αἵματος</span> <span class='ocrx_word' id='word_1_64' title='bbox 1550 936 1724 1014; x_wconf 62' lang='grc' dir='ltr'>Τοῦτο</span> <span class='ocrx_word' id='word_1_65' title='bbox 1779 960 1889 1031; x_wconf 80' lang='grc' dir='ltr'><strong>γάρ</strong></span> 
     </span>
    </p>
   </div>
   <div class='ocr_carea' id='block_1_11' title="bbox 307 1048 1888 1123">
    <p class='ocr_par' dir='ltr' id='par_1_11' title="bbox 307 1048 1888 1123">
     <span class='ocr_line' id='line_1_11' title="bbox 307 1048 1888 1123; baseline 0.005 -23"><span class='ocrx_word' id='word_1_66' title='bbox 307 1048 429 1101; x_wconf 67' lang='grc' dir='ltr'>εστι</span> <span class='ocrx_word' id='word_1_67' title='bbox 449 1048 535 1115; x_wconf 77' lang='grc' dir='ltr'><strong>τὸ,</strong></span> <span class='ocrx_word' id='word_1_68' title='bbox 569 1050 885 1119; x_wconf 79' lang='grc' dir='ltr'>Δαμασκός.</span> <span class='ocrx_word' id='word_1_69' title='bbox 896 1050 1428 1123; x_wconf 81' lang='grc' dir='ltr'>Καταλογισθήσεται</span> <span class='ocrx_word' id='word_1_70' title='bbox 1448 1053 1503 1107; x_wconf 75' lang='lat'><strong>00</strong></span> <span class='ocrx_word' id='word_1_71' title='bbox 1530 1054 1623 1107; x_wconf 70' lang='grc' dir='ltr'>καὶ</span> <span class='ocrx_word' id='word_1_72' title='bbox 1646 1054 1728 1118; x_wconf 83' lang='grc' dir='ltr'><strong>είς</strong></span> <span class='ocrx_word' id='word_1_73' title='bbox 1742 1054 1888 1108; x_wconf 79' lang='grc' dir='ltr'>ἀντί-</span> 
     </span>
    </p>
   </div>
   <div class='ocr_carea' id='block_1_12' title="bbox 307 1138 1885 1216">
    <p class='ocr_par' dir='ltr' id='par_1_12' title="bbox 307 1138 1885 1216">
     <span class='ocr_line' id='line_1_12' title="bbox 307 1138 1885 1216; baseline 0.006 -25"><span class='ocrx_word' id='word_1_74' title='bbox 307 1138 475 1208; x_wconf 79' lang='grc' dir='ltr'>ληψιν</span> <span class='ocrx_word' id='word_1_75' title='bbox 495 1139 586 1192; x_wconf 78' lang='grc' dir='ltr'>καὶ</span> <span class='ocrx_word' id='word_1_76' title='bbox 605 1140 926 1211; x_wconf 68' lang='grc' dir='ltr'><strong>ἐπικουρίαν</strong></span> <span class='ocrx_word' id='word_1_77' title='bbox 956 1140 1055 1211; x_wconf 80' lang='grc' dir='ltr'>τὴν</span> <span class='ocrx_word' id='word_1_78' title='bbox 1085 1142 1236 1212; x_wconf 79' lang='grc' dir='ltr'>παρὰ</span> <span class='ocrx_word' id='word_1_79' title='bbox 1255 1142 1413 1197; x_wconf 82' lang='grc' dir='ltr'>Θεοῦ.</span> <span class='ocrx_word' id='word_1_80' title='bbox 1443 1144 1615 1198; x_wconf 68' lang='grc' dir='ltr'>Τοῦτο</span> <span class='ocrx_word' id='word_1_81' title='bbox 1642 1145 1751 1216; x_wconf 74' lang='grc' dir='ltr'><strong>γὰρ</strong></span> <span class='ocrx_word' id='word_1_82' title='bbox 1777 1145 1885 1200; x_wconf 81' lang='grc' dir='ltr'><strong>πά-</strong></span> 
     </span>
    </p>
   </div>
   <div class='ocr_carea' id='block_1_13' title="bbox 310 1228 1885 1305">
    <p class='ocr_par' dir='ltr' id='par_1_13' title="bbox 310 1228 1885 1305">
     <span class='ocr_line' id='line_1_13' title="bbox 310 1228 1885 1305; baseline 0.005 -22"><span class='ocrx_word' id='word_1_83' title='bbox 310 1231 396 1284; x_wconf 85' lang='grc' dir='ltr'><strong>λιν</strong></span> <span class='ocrx_word' id='word_1_84' title='bbox 427 1231 490 1284; x_wconf 76' lang='grc' dir='ltr'><strong>τὸ</strong></span> <span class='ocrx_word' id='word_1_85' title='bbox 517 1228 752 1302; x_wconf 73' lang='grc' dir='ltr'><strong>Ελιέζερ.</strong></span> <span class='ocrx_word' id='word_1_86' title='bbox 782 1232 1009 1302; x_wconf 83' lang='grc' dir='ltr'>Ὅμοιον</span> <span class='ocrx_word' id='word_1_87' title='bbox 1029 1228 1123 1288; x_wconf 81' lang='grc' dir='ltr'>οὖν</span> <span class='ocrx_word' id='word_1_88' title='bbox 1141 1232 1219 1297; x_wconf 88' lang='grc' dir='ltr'><strong>ώς</strong></span> <span class='ocrx_word' id='word_1_89' title='bbox 1237 1235 1287 1287; x_wconf 80' lang='grc' dir='ltr'><strong>εί</strong></span> <span class='ocrx_word' id='word_1_90' title='bbox 1315 1233 1465 1303; x_wconf 74' lang='grc' dir='ltr'>λέγει</span> <span class='ocrx_word' id='word_1_91' title='bbox 1496 1235 1704 1305; x_wconf 73' lang='grc' dir='ltr'>σαφῶς·</span> <span class='ocrx_word' id='word_1_92' title='bbox 1744 1236 1885 1291; x_wconf 77' lang='grc' dir='ltr'>Ἀνθ“</span> 
     </span>
    </p>
   </div>
   <div class='ocr_carea' id='block_1_14' title="bbox 309 1321 1886 1400">
    <p class='ocr_par' dir='ltr' id='par_1_14' title="bbox 309 1321 1886 1400">
     <span class='ocr_line' id='line_1_14' title="bbox 309 1321 1886 1400; baseline 0.003 -23"><span class='ocrx_word' id='word_1_93' title='bbox 309 1321 545 1390; x_wconf 76' lang='grc' dir='ltr'>αἵματος</span> <span class='ocrx_word' id='word_1_94' title='bbox 561 1322 657 1375; x_wconf 81' lang='grc' dir='ltr'>τοῦ</span> <span class='ocrx_word' id='word_1_95' title='bbox 683 1324 908 1393; x_wconf 80' lang='grc' dir='ltr'>γνησίου</span> <span class='ocrx_word' id='word_1_96' title='bbox 942 1324 1035 1378; x_wconf 82' lang='grc' dir='ltr'>καὶ</span> <span class='ocrx_word' id='word_1_97' title='bbox 1054 1325 1277 1396; x_wconf 78' lang='grc' dir='ltr'><strong>ἀγάπης</strong></span> <span class='ocrx_word' id='word_1_98' title='bbox 1303 1325 1443 1396; x_wconf 65' lang='grc' dir='ltr'>τῆς*</span> <span class='ocrx_word' id='word_1_99' title='bbox 1471 1326 1624 1388; x_wconf 82' lang='grc' dir='ltr'>αὐτὸ.</span> <span class='ocrx_word' id='word_1_100' title='bbox 1653 1328 1886 1400; x_wconf 74' lang='grc' dir='ltr'>αἵματος</span> 
     </span>
    </p>
   </div>
   <div class='ocr_carea' id='block_1_15' title="bbox 309 1408 1887 1487">
    <p class='ocr_par' dir='ltr' id='par_1_15' title="bbox 309 1408 1887 1487">
     <span class='ocr_line' id='line_1_15' title="bbox 309 1408 1887 1487; baseline 0.004 -23"><span class='ocrx_word' id='word_1_101' title='bbox 309 1408 523 1481; x_wconf 74' lang='grc' dir='ltr'>φίλημα</span> <span class='ocrx_word' id='word_1_102' title='bbox 566 1412 662 1465; x_wconf 75' lang='grc' dir='ltr'>καὶ</span> <span class='ocrx_word' id='word_1_103' title='bbox 712 1411 1000 1482; x_wconf 73' lang='grc' dir='ltr'><strong>ἀντίληψις</strong></span> <span class='ocrx_word' id='word_1_104' title='bbox 1050 1413 1084 1484; x_wconf 83' lang='grc' dir='ltr'><strong>ή</strong></span> <span class='ocrx_word' id='word_1_105' title='bbox 1127 1412 1283 1482; x_wconf 74' lang='grc' dir='ltr'>παρὰ</span> <span class='ocrx_word' id='word_1_106' title='bbox 1332 1413 1468 1467; x_wconf 80' lang='grc' dir='ltr'>Θεοῦ</span> <span class='ocrx_word' id='word_1_107' title='bbox 1525 1416 1775 1487; x_wconf 80' lang='grc' dir='ltr'>καθάπερ</span> <span class='ocrx_word' id='word_1_108' title='bbox 1827 1418 1887 1483; x_wconf 69' lang='grc' dir='ltr'><strong>ἐξ</strong></span> 
     </span>
    </p>
   </div>
   <div class='ocr_carea' id='block_1_16' title="bbox 308 1503 1883 1579">
    <p class='ocr_par' dir='ltr' id='par_1_16' title="bbox 308 1503 1883 1579">
     <span class='ocr_line' id='line_1_16' title="bbox 308 1503 1883 1579; baseline 0.005 -24"><span class='ocrx_word' id='word_1_109' title='bbox 308 1503 555 1574; x_wconf 65' lang='lat' dir='ltr'><strong>him;</strong></span> <span class='ocrx_word' id='word_1_110' title='bbox 596 1505 626 1556; x_wconf 98' lang='lat'><strong>0</strong></span> <span class='ocrx_word' id='word_1_111' title='bbox 662 1504 946 1575; x_wconf 80' lang='grc' dir='ltr'>οἰκογενής</span> <span class='ocrx_word' id='word_1_112' title='bbox 985 1520 1085 1573; x_wconf 86' lang='grc' dir='ltr'><strong>μου</strong></span> <span class='ocrx_word' id='word_1_113' title='bbox 1123 1505 1446 1573; x_wconf 75' lang='grc' dir='ltr'>γενήσεταιο</span> <span class='ocrx_word' id='word_1_114' title='bbox 1485 1504 1639 1560; x_wconf 70' lang='grc' dir='ltr'>ἔσται</span> <span class='ocrx_word' id='word_1_115' title='bbox 1681 1507 1738 1561; x_wconf 79' lang='grc' dir='ltr'>δέ</span> <span class='ocrx_word' id='word_1_116' title='bbox 1781 1526 1883 1579; x_wconf 85' lang='grc' dir='ltr'><strong>μου</strong></span> 
     </span>
    </p>
   </div>
   <div class='ocr_carea' id='block_1_17' title="bbox 311 1590 1882 1671">
    <p class='ocr_par' dir='ltr' id='par_1_17' title="bbox 311 1590 1882 1671">
     <span class='ocr_line' id='line_1_17' title="bbox 311 1590 1882 1671; baseline 0.004 -24"><span class='ocrx_word' id='word_1_117' title='bbox 311 1593 407 1647; x_wconf 78' lang='grc' dir='ltr'>καὶ</span> <span class='ocrx_word' id='word_1_118' title='bbox 434 1592 787 1665; x_wconf 77' lang='grc' dir='ltr'>κληρονόμος.</span> <span class='ocrx_word' id='word_1_119' title='bbox 822 1611 842 1645; x_wconf 80' lang='grc' dir='ltr'><strong>ι</strong></span> <span class='ocrx_word' id='word_1_120' title='bbox 877 1594 942 1647; x_wconf 87' lang='grc' dir='ltr'>Τί</span> <span class='ocrx_word' id='word_1_121' title='bbox 970 1590 1065 1648; x_wconf 86' lang='grc' dir='ltr'>οὖν</span> <span class='ocrx_word' id='word_1_122' title='bbox 1102 1611 1192 1665; x_wconf 89' lang='grc' dir='ltr'><strong>μοι</strong></span> <span class='ocrx_word' id='word_1_123' title='bbox 1214 1593 1441 1663; x_wconf 76' lang='grc' dir='ltr'>δώσειςς</span> <span class='ocrx_word' id='word_1_124' title='bbox 1483 1615 1502 1646; x_wconf 71' lang='grc' dir='ltr'><strong>ο</strong></span> <span class='ocrx_word' id='word_1_125' title='bbox 1548 1597 1609 1649; x_wconf 86' lang='grc' dir='ltr'>Εί</span> <span class='ocrx_word' id='word_1_126' title='bbox 1648 1597 1722 1669; x_wconf 82' lang='grc' dir='ltr'><strong>μή</strong></span> <span class='ocrx_word' id='word_1_127' title='bbox 1752 1602 1882 1671; x_wconf 89' lang='grc' dir='ltr'>γνή-</span> 
     </span>
    </p>
   </div>
   <div class='ocr_carea' id='block_1_18' title="bbox 308 1672 1885 1764">
    <p class='ocr_par' dir='ltr' id='par_1_18' title="bbox 308 1672 1885 1764">
     <span class='ocr_line' id='line_1_18' title="bbox 308 1672 1885 1764; baseline 0.004 -27"><span class='ocrx_word' id='word_1_128' title='bbox 308 1700 425 1738; x_wconf 89' lang='grc' dir='ltr'>σιον</span> <span class='ocrx_word' id='word_1_129' title='bbox 448 1681 631 1754; x_wconf 65' lang='grc' dir='ltr'>ἔχοιμι</span> <span class='ocrx_word' id='word_1_130' title='bbox 648 1685 740 1737; x_wconf 80' lang='grc' dir='ltr'>τὸν</span> <span class='ocrx_word' id='word_1_131' title='bbox 763 1683 1157 1754; x_wconf 74' lang='grc' dir='ltr'>διαδεξόμενον,</span> <span class='ocrx_word' id='word_1_132' title='bbox 1185 1685 1293 1739; x_wconf 79' lang='lat'><strong>01:0</strong></span> <span class='ocrx_word' id='word_1_133' title='bbox 1311 1684 1500 1756; x_wconf 84' lang='grc' dir='ltr'>μῶμον</span> <span class='ocrx_word' id='word_1_134' title='bbox 1530 1672 1684 1744; x_wconf 69' lang='grc' dir='ltr'>ἔσται</span> <span class='ocrx_word' id='word_1_135' title='bbox 1709 1690 1885 1764; x_wconf 76' lang='grc' dir='ltr'>πάντῃ</span> 
     </span>
    </p>
   </div>
   <div class='ocr_carea' id='block_1_19' title="bbox 1995 595 3571 669">
    <p class='ocr_par' dir='ltr' id='par_1_19' title="bbox 1995 595 3571 669">
     <span class='ocr_line' id='line_1_19' title="bbox 1995 595 3571 669; baseline 0.004 -17"><span class='ocrx_word' id='word_1_136' title='bbox 1995 598 2206 653; x_wconf 89' lang='lat' dir='ltr'><strong>latium.</strong></span> <span class='ocrx_word' id='word_1_137' title='bbox 2232 597 2347 654; x_wconf 82' lang='lat' dir='ltr'><strong>Hoc</strong></span> <span class='ocrx_word' id='word_1_138' title='bbox 2370 596 2518 653; x_wconf 88' lang='lat' dir='ltr'><strong>enim</strong></span> <span class='ocrx_word' id='word_1_139' title='bbox 2534 602 2617 652; x_wconf 89' lang='lat' dir='ltr'><strong>est</strong></span> <span class='ocrx_word' id='word_1_140' title='bbox 2653 595 2965 651; x_wconf 80' lang='lat' dir='ltr'><strong>Damascus.</strong></span> <span class='ocrx_word' id='word_1_141' title='bbox 2998 596 3361 669; x_wconf 78' lang='lat' dir='ltr'><strong>Reputabitur</strong></span> <span class='ocrx_word' id='word_1_142' title='bbox 3388 612 3571 658; x_wconf 85' lang='lat' dir='ltr'><strong>autem</strong></span> 
     </span>
    </p>
   </div>
   <div class='ocr_carea' id='block_1_20' title="bbox 1994 688 3574 747">
    <p class='ocr_par' dir='ltr' id='par_1_20' title="bbox 1994 688 3574 747">
     <span class='ocr_line' id='line_1_20' title="bbox 1994 688 3574 747; baseline 0.003 -5"><span class='ocrx_word' id='word_1_143' title='bbox 1994 689 2049 743; x_wconf 90' lang='lat' dir='ltr'><strong>in</strong></span> <span class='ocrx_word' id='word_1_144' title='bbox 2079 688 2576 744; x_wconf 78' lang='lat' dir='ltr'><strong>remunerationem</strong></span> <span class='ocrx_word' id='word_1_145' title='bbox 2633 695 2689 743; x_wconf 91' lang='lat' dir='ltr'><strong>et</strong></span> <span class='ocrx_word' id='word_1_146' title='bbox 2726 689 2989 744; x_wconf 81' lang='lat' dir='ltr'><strong>auxilium</strong></span> <span class='ocrx_word' id='word_1_147' title='bbox 3038 704 3068 743; x_wconf 89' lang='lat' dir='ltr'><strong>a</strong></span> <span class='ocrx_word' id='word_1_148' title='bbox 3106 689 3237 743; x_wconf 90' lang='lat' dir='ltr'><strong>Deo.</strong></span> <span class='ocrx_word' id='word_1_149' title='bbox 3271 688 3385 746; x_wconf 81' lang='lat' dir='ltr'><strong>Hoc</strong></span> <span class='ocrx_word' id='word_1_150' title='bbox 3424 692 3574 747; x_wconf 88' lang='lat' dir='ltr'><strong>enim</strong></span> 
     </span>
    </p>
   </div>
   <div class='ocr_carea' id='block_1_21' title="bbox 1991 779 3575 851">
    <p class='ocr_par' dir='ltr' id='par_1_21' title="bbox 1991 779 3575 851">
     <span class='ocr_line' id='line_1_21' title="bbox 1991 779 3575 851; baseline 0.003 -15"><span class='ocrx_word' id='word_1_151' title='bbox 1991 796 2211 836; x_wconf 85' lang='lat' dir='ltr'><strong>rursum</strong></span> <span class='ocrx_word' id='word_1_152' title='bbox 2244 790 2328 837; x_wconf 88' lang='lat' dir='ltr'><strong>est</strong></span> <span class='ocrx_word' id='word_1_153' title='bbox 2364 781 2597 835; x_wconf 84' lang='lat' dir='ltr'><strong>Ellezcr.</strong></span> <span class='ocrx_word' id='word_1_154' title='bbox 2640 779 2875 836; x_wconf 85' lang='lat' dir='ltr'><strong>Perinde</strong></span> <span class='ocrx_word' id='word_1_155' title='bbox 2906 781 3075 851; x_wconf 78' lang='lat' dir='ltr'><strong>igitur</strong></span> <span class='ocrx_word' id='word_1_156' title='bbox 3114 791 3219 847; x_wconf 89' lang='lat' dir='ltr'><strong>est,</strong></span> <span class='ocrx_word' id='word_1_157' title='bbox 3247 796 3311 837; x_wconf 86' lang='lat' dir='ltr'><strong>ac</strong></span> <span class='ocrx_word' id='word_1_158' title='bbox 3354 782 3398 839; x_wconf 88' lang='lat' dir='ltr'><strong>si</strong></span> <span class='ocrx_word' id='word_1_159' title='bbox 3429 782 3575 840; x_wconf 87' lang='lat' dir='ltr'><strong>dicat</strong></span> 
     </span>
    </p>
   </div>
   <div class='ocr_carea' id='block_1_22' title="bbox 1990 871 3575 943">
    <p class='ocr_par' dir='ltr' id='par_1_22' title="bbox 1990 871 3575 943">
     <span class='ocr_line' id='line_1_22' title="bbox 1990 871 3575 943; baseline 0.002 -17"><span class='ocrx_word' id='word_1_160' title='bbox 1990 878 2178 942; x_wconf 86' lang='lat' dir='ltr'><strong>aperte</strong></span> <span class='ocrx_word' id='word_1_161' title='bbox 2206 890 2218 926; x_wconf 90' lang='lat'><strong>:</strong></span> <span class='ocrx_word' id='word_1_162' title='bbox 2245 871 2352 926; x_wconf 90' lang='lat' dir='ltr'><strong>Pro</strong></span> <span class='ocrx_word' id='word_1_163' title='bbox 2380 871 2642 943; x_wconf 85' lang='lat' dir='ltr'><strong>sanguine</strong></span> <span class='ocrx_word' id='word_1_164' title='bbox 2660 872 2904 943; x_wconf 88' lang='lat' dir='ltr'><strong>legitimo</strong></span> <span class='ocrx_word' id='word_1_165' title='bbox 2928 879 2985 925; x_wconf 90' lang='lat' dir='ltr'><strong>et</strong></span> <span class='ocrx_word' id='word_1_166' title='bbox 3037 886 3243 936; x_wconf 86' lang='lat' dir='ltr'><strong>amore,</strong></span> <span class='ocrx_word' id='word_1_167' title='bbox 3276 871 3369 941; x_wconf 88' lang='lat' dir='ltr'><strong>qui</strong></span> <span class='ocrx_word' id='word_1_168' title='bbox 3396 872 3446 928; x_wconf 91' lang='lat' dir='ltr'><strong>ei</strong></span> <span class='ocrx_word' id='word_1_169' title='bbox 3481 874 3575 929; x_wconf 61' lang='lat' dir='ltr'><strong>dco</strong></span> 
     </span>
    </p>
   </div>
   <div class='ocr_carea' id='block_1_23' title="bbox 1990 962 3577 1034">
    <p class='ocr_par' dir='ltr' id='par_1_23' title="bbox 1990 962 3577 1034">
     <span class='ocr_line' id='line_1_23' title="bbox 1990 962 3577 1034; baseline 0.001 -17"><span class='ocrx_word' id='word_1_170' title='bbox 1990 962 2172 1028; x_wconf 89' lang='lat' dir='ltr'><strong>betur,</strong></span> <span class='ocrx_word' id='word_1_171' title='bbox 2233 963 2487 1019; x_wconf 80' lang='lat' dir='ltr'><strong>solatium</strong></span> <span class='ocrx_word' id='word_1_172' title='bbox 2534 963 2816 1034; x_wconf 80' lang='lat' dir='ltr'><strong>sanguinis</strong></span> <span class='ocrx_word' id='word_1_173' title='bbox 2862 969 2918 1017; x_wconf 91' lang='lat' dir='ltr'><strong>et</strong></span> <span class='ocrx_word' id='word_1_174' title='bbox 2963 962 3335 1017; x_wconf 80' lang='lat' dir='ltr'><strong>remuneratio</strong></span> <span class='ocrx_word' id='word_1_175' title='bbox 3379 979 3409 1018; x_wconf 91' lang='lat' dir='ltr'><strong>a</strong></span> <span class='ocrx_word' id='word_1_176' title='bbox 3460 964 3577 1019; x_wconf 87' lang='lat' dir='ltr'><strong>Deo</strong></span> 
     </span>
    </p>
   </div>
   <div class='ocr_carea' id='block_1_24' title="bbox 1988 1049 3572 1120">
    <p class='ocr_par' dir='ltr' id='par_1_24' title="bbox 1988 1049 3572 1120">
     <span class='ocr_line' id='line_1_24' title="bbox 1988 1049 3572 1120; baseline -0.003 -11"><span class='ocrx_word' id='word_1_177' title='bbox 1988 1052 2297 1109; x_wconf 89' lang='lat' dir='ltr'><strong>necessario</strong></span> <span class='ocrx_word' id='word_1_178' title='bbox 2317 1052 2450 1107; x_wconf 89' lang='lat' dir='ltr'><strong>mihi</strong></span> <span class='ocrx_word' id='word_1_179' title='bbox 2470 1051 2562 1107; x_wconf 80' lang='lat' dir='ltr'><strong>ﬁet</strong></span> <span class='ocrx_word' id='word_1_180' title='bbox 2584 1052 2932 1115; x_wconf 89' lang='lat' dir='ltr'><strong>vernaculus,</strong></span> <span class='ocrx_word' id='word_1_181' title='bbox 2958 1064 3223 1120; x_wconf 79' lang='lat' dir='ltr'><strong>meusque</strong></span> <span class='ocrx_word' id='word_1_182' title='bbox 3248 1049 3424 1107; x_wconf 85' lang='lat' dir='ltr'><strong>haeres</strong></span> <span class='ocrx_word' id='word_1_183' title='bbox 3444 1051 3572 1107; x_wconf 89' lang='lat' dir='ltr'><strong>erit.</strong></span> 
     </span>
    </p>
   </div>
   <div class='ocr_carea' id='block_1_25' title="bbox 1996 1140 3572 1215">
    <p class='ocr_par' dir='ltr' id='par_1_25' title="bbox 1996 1140 3572 1215">
     <span class='ocr_line' id='line_1_25' title="bbox 1996 1140 3572 1215; baseline 0 -18"><span class='ocrx_word' id='word_1_184' title='bbox 1996 1163 2014 1197; x_wconf 81' lang='grc' dir='ltr'><strong>ι</strong></span> <span class='ocrx_word' id='word_1_185' title='bbox 2042 1144 2184 1211; x_wconf 84' lang='lat' dir='ltr'><strong>Quid</strong></span> <span class='ocrx_word' id='word_1_186' title='bbox 2219 1143 2384 1215; x_wconf 90' lang='lat' dir='ltr'><strong>igitur</strong></span> <span class='ocrx_word' id='word_1_187' title='bbox 2412 1142 2570 1198; x_wconf 88' lang='lat' dir='ltr'><strong>dabis</strong></span> <span class='ocrx_word' id='word_1_188' title='bbox 2611 1141 2780 1197; x_wconf 78' lang='lat' dir='ltr'><strong>mihi?</strong></span> <span class='ocrx_word' id='word_1_189' title='bbox 2806 1161 2825 1193; x_wconf 75' lang='grc' dir='ltr'><strong>ι</strong></span> <span class='ocrx_word' id='word_1_190' title='bbox 2864 1140 2982 1195; x_wconf 82' lang='lat' dir='ltr'><strong>Nisi</strong></span> <span class='ocrx_word' id='word_1_191' title='bbox 3004 1140 3312 1210; x_wconf 88' lang='lat' dir='ltr'><strong>legitimum</strong></span> <span class='ocrx_word' id='word_1_192' title='bbox 3339 1140 3572 1197; x_wconf 85' lang='lat' dir='ltr'><strong>habeam</strong></span> 
     </span>
    </p>
   </div>
   <div class='ocr_carea' id='block_1_26' title="bbox 1987 1228 3575 1302">
    <p class='ocr_par' dir='ltr' id='par_1_26' title="bbox 1987 1228 3575 1302">
     <span class='ocr_line' id='line_1_26' title="bbox 1987 1228 3575 1302; baseline -0.004 -13"><span class='ocrx_word' id='word_1_193' title='bbox 1987 1247 2378 1297; x_wconf 75' lang='lat' dir='ltr'><strong>successorem,</strong></span> <span class='ocrx_word' id='word_1_194' title='bbox 2396 1230 2743 1302; x_wconf 84' lang='lat' dir='ltr'><strong>despicabilis</strong></span> <span class='ocrx_word' id='word_1_195' title='bbox 2758 1230 2980 1286; x_wconf 86' lang='lat' dir='ltr'><strong>omnino</strong></span> <span class='ocrx_word' id='word_1_196' title='bbox 3002 1231 3107 1284; x_wconf 91' lang='lat' dir='ltr'><strong>erit</strong></span> <span class='ocrx_word' id='word_1_197' title='bbox 3128 1236 3252 1285; x_wconf 90' lang='lat' dir='ltr'><strong>tuus</strong></span> <span class='ocrx_word' id='word_1_198' title='bbox 3276 1228 3575 1298; x_wconf 73' lang='lat' dir='ltr'><strong>Abraham,</strong></span> 
     </span>
    </p>
   </div>
   <div class='ocr_carea' id='block_1_27' title="bbox 1985 1321 3569 1394">
    <p class='ocr_par' dir='ltr' id='par_1_27' title="bbox 1985 1321 3569 1394">
     <span class='ocr_line' id='line_1_27' title="bbox 1985 1321 3569 1394; baseline -0.002 -15"><span class='ocrx_word' id='word_1_199' title='bbox 1985 1324 2235 1379; x_wconf 85' lang='lat' dir='ltr'><strong>Domine.</strong></span> <span class='ocrx_word' id='word_1_200' title='bbox 2253 1322 2431 1379; x_wconf 89' lang='lat' dir='ltr'><strong>Orbus</strong></span> <span class='ocrx_word' id='word_1_201' title='bbox 2447 1323 2595 1379; x_wconf 90' lang='lat' dir='ltr'><strong>enim</strong></span> <span class='ocrx_word' id='word_1_202' title='bbox 2615 1322 2873 1394; x_wconf 86' lang='lat' dir='ltr'><strong>legitimis</strong></span> <span class='ocrx_word' id='word_1_203' title='bbox 2902 1337 2968 1377; x_wconf 78' lang='lat' dir='ltr'><strong>ex</strong></span> <span class='ocrx_word' id='word_1_204' title='bbox 2991 1322 3166 1376; x_wconf 89' lang='lat' dir='ltr'><strong>libera</strong></span> <span class='ocrx_word' id='word_1_205' title='bbox 3187 1321 3314 1377; x_wconf 79' lang='lat' dir='ltr'><strong>ﬁliis</strong></span> <span class='ocrx_word' id='word_1_206' title='bbox 3333 1321 3569 1377; x_wconf 87' lang='lat' dir='ltr'><strong>decedit.</strong></span> 
     </span>
    </p>
   </div>
   <div class='ocr_carea' id='block_1_28' title="bbox 1984 1412 3572 1484">
    <p class='ocr_par' dir='ltr' id='par_1_28' title="bbox 1984 1412 3572 1484">
     <span class='ocr_line' id='line_1_28' title="bbox 1984 1412 3572 1484; baseline 0 -17"><span class='ocrx_word' id='word_1_207' title='bbox 1984 1412 2255 1467; x_wconf 68' lang='lat' dir='ltr'><strong>Caeterum</strong></span> <span class='ocrx_word' id='word_1_208' title='bbox 2297 1414 2443 1468; x_wconf 88' lang='lat' dir='ltr'><strong>Deus</strong></span> <span class='ocrx_word' id='word_1_209' title='bbox 2478 1429 2588 1468; x_wconf 91' lang='lat' dir='ltr'><strong>non</strong></span> <span class='ocrx_word' id='word_1_210' title='bbox 2636 1412 2729 1467; x_wconf 89' lang='lat' dir='ltr'><strong>diu</strong></span> <span class='ocrx_word' id='word_1_211' title='bbox 2775 1412 2981 1484; x_wconf 80' lang='lat' dir='ltr'><strong>justum</strong></span> <span class='ocrx_word' id='word_1_212' title='bbox 3028 1426 3263 1467; x_wconf 86' lang='lat' dir='ltr'><strong>moerere</strong></span> <span class='ocrx_word' id='word_1_213' title='bbox 3299 1412 3572 1483; x_wconf 86' lang='lat' dir='ltr'><strong>permisit.</strong></span> 
     </span>
    </p>
   </div>
   <div class='ocr_carea' id='block_1_29' title="bbox 1988 1502 3575 1575">
    <p class='ocr_par' dir='ltr' id='par_1_29' title="bbox 1988 1502 3575 1575">
     <span class='ocr_line' id='line_1_29' title="bbox 1988 1502 3575 1575; baseline -0.001 -16"><span class='ocrx_word' id='word_1_214' title='bbox 1988 1503 2179 1559; x_wconf 85' lang='lat' dir='ltr'><strong>Statim</strong></span> <span class='ocrx_word' id='word_1_215' title='bbox 2214 1503 2359 1558; x_wconf 91' lang='lat' dir='ltr'><strong>enim</strong></span> <span class='ocrx_word' id='word_1_216' title='bbox 2405 1519 2590 1559; x_wconf 89' lang='lat' dir='ltr'><strong>semen</strong></span> <span class='ocrx_word' id='word_1_217' title='bbox 2610 1503 2863 1575; x_wconf 88' lang='lat' dir='ltr'><strong>promisit</strong></span> <span class='ocrx_word' id='word_1_218' title='bbox 2887 1503 2942 1557; x_wconf 90' lang='lat' dir='ltr'><strong>in</strong></span> <span class='ocrx_word' id='word_1_219' title='bbox 2972 1503 3142 1569; x_wconf 85' lang='lat' dir='ltr'><strong>lsaac,</strong></span> <span class='ocrx_word' id='word_1_220' title='bbox 3172 1502 3317 1573; x_wconf 87' lang='lat' dir='ltr'><strong>quod</strong></span> <span class='ocrx_word' id='word_1_221' title='bbox 3349 1509 3405 1557; x_wconf 91' lang='lat' dir='ltr'><strong>et</strong></span> <span class='ocrx_word' id='word_1_222' title='bbox 3440 1504 3575 1558; x_wconf 87' lang='lat' dir='ltr'><strong>stel-</strong></span> 
     </span>
    </p>
   </div>
   <div class='ocr_carea' id='block_1_30' title="bbox 1984 1592 3574 1665">
    <p class='ocr_par' dir='ltr' id='par_1_30' title="bbox 1984 1592 3574 1665">
     <span class='ocr_line' id='line_1_30' title="bbox 1984 1592 3574 1665; baseline -0.001 -16"><span class='ocrx_word' id='word_1_223' title='bbox 1984 1595 2160 1649; x_wconf 88' lang='lat' dir='ltr'><strong>larum</strong></span> <span class='ocrx_word' id='word_1_224' title='bbox 2192 1594 2579 1649; x_wconf 84' lang='lat' dir='ltr'><strong>innumerabili</strong></span> <span class='ocrx_word' id='word_1_225' title='bbox 2605 1593 2940 1649; x_wconf 88' lang='lat' dir='ltr'><strong>multitudini</strong></span> <span class='ocrx_word' id='word_1_226' title='bbox 2974 1609 3071 1665; x_wconf 87' lang='lat' dir='ltr'><strong>par</strong></span> <span class='ocrx_word' id='word_1_227' title='bbox 3096 1593 3212 1649; x_wconf 81' lang='lat' dir='ltr'><strong>fore</strong></span> <span class='ocrx_word' id='word_1_228' title='bbox 3240 1593 3335 1648; x_wconf 86' lang='lat' dir='ltr'><strong>ait.</strong></span> <span class='ocrx_word' id='word_1_229' title='bbox 3361 1592 3574 1649; x_wconf 76' lang='lat' dir='ltr'><strong>Conﬁr-</strong></span> 
     </span>
    </p>
   </div>
   <div class='ocr_carea' id='block_1_31' title="bbox 1985 1685 3575 1756">
    <p class='ocr_par' dir='ltr' id='par_1_31' title="bbox 1985 1685 3575 1756">
     <span class='ocr_line' id='line_1_31' title="bbox 1985 1685 3575 1756; baseline 0 -16"><span class='ocrx_word' id='word_1_230' title='bbox 1985 1696 2097 1741; x_wconf 86' lang='lat' dir='ltr'><strong>mat</strong></span> <span class='ocrx_word' id='word_1_231' title='bbox 2122 1694 2304 1740; x_wconf 88' lang='lat' dir='ltr'><strong>autem</strong></span> <span class='ocrx_word' id='word_1_232' title='bbox 2341 1685 2487 1756; x_wconf 89' lang='lat' dir='ltr'><strong>quod</strong></span> <span class='ocrx_word' id='word_1_233' title='bbox 2512 1685 2921 1740; x_wconf 85' lang='lat' dir='ltr'><strong>innumerarum</strong></span> <span class='ocrx_word' id='word_1_234' title='bbox 2956 1685 3198 1756; x_wconf 87' lang='lat' dir='ltr'><strong>gentium</strong></span> <span class='ocrx_word' id='word_1_235' title='bbox 3228 1696 3385 1755; x_wconf 87' lang='lat' dir='ltr'><strong>pater</strong></span> <span class='ocrx_word' id='word_1_236' title='bbox 3428 1694 3575 1741; x_wconf 84' lang='lat' dir='ltr'><strong>esset</strong></span> 
     </span>
    </p>
   </div>
   <div class='ocr_carea' id='block_1_32' title="bbox 304 1770 1888 1846">
    <p class='ocr_par' dir='ltr' id='par_1_32' title="bbox 304 1770 1883 1846">
     <span class='ocr_line' id='line_1_32' title="bbox 304 1770 1883 1846; baseline 0.004 -18"><span class='ocrx_word' id='word_1_237' title='bbox 304 1790 365 1828; x_wconf 79' lang='grc' dir='ltr'><strong>τε</strong></span> <span class='ocrx_word' id='word_1_238' title='bbox 402 1774 500 1829; x_wconf 77' lang='grc' dir='ltr'>καὶ</span> <span class='ocrx_word' id='word_1_239' title='bbox 533 1775 750 1839; x_wconf 74' lang='grc' dir='ltr'>πάντως</span> <span class='ocrx_word' id='word_1_240' title='bbox 791 1775 823 1826; x_wconf 96' lang='lat'><strong>0</strong></span> <span class='ocrx_word' id='word_1_241' title='bbox 849 1775 941 1840; x_wconf 73' lang='grc' dir='ltr'>σὸς</span> <span class='ocrx_word' id='word_1_242' title='bbox 979 1774 1252 1846; x_wconf 70' lang='grc' dir='ltr'><strong>Ἀϐραὰμ.</strong></span> <span class='ocrx_word' id='word_1_243' title='bbox 1284 1770 1330 1829; x_wconf 79' lang='grc' dir='ltr'><strong>ὦ</strong></span> <span class='ocrx_word' id='word_1_244' title='bbox 1361 1778 1637 1833; x_wconf 76' lang='grc' dir='ltr'><strong>Δέσποτα.</strong></span> <span class='ocrx_word' id='word_1_245' title='bbox 1663 1779 1883 1835; x_wconf 76' lang='grc' dir='ltr'>Τέκνων</span> 
     </span>
    </p>
   </div>
   <div class='ocr_carea' id='block_1_33' title="bbox 1988 1770 3568 1846">
    <p class='ocr_par' dir='ltr' id='par_1_33' title="bbox 1988 1775 3568 1846">
     <span class='ocr_line' id='line_1_33' title="bbox 1988 1775 3568 1846; baseline 0.001 -17"><span class='ocrx_word' id='word_1_246' title='bbox 1988 1775 2286 1839; x_wconf 85' lang='lat' dir='ltr'><strong>vocandus,</strong></span> <span class='ocrx_word' id='word_1_247' title='bbox 2341 1775 2555 1831; x_wconf 89' lang='lat' dir='ltr'><strong>etiamsi</strong></span> <span class='ocrx_word' id='word_1_248' title='bbox 2612 1775 2867 1830; x_wconf 84' lang='lat' dir='ltr'><strong>orbitatis</strong></span> <span class='ocrx_word' id='word_1_249' title='bbox 2898 1784 3044 1830; x_wconf 92' lang='lat' dir='ltr'><strong>metu</strong></span> <span class='ocrx_word' id='word_1_250' title='bbox 3081 1776 3367 1846; x_wconf 89' lang='lat' dir='ltr'><strong>perculsus</strong></span> <span class='ocrx_word' id='word_1_251' title='bbox 3403 1782 3568 1831; x_wconf 88' lang='lat' dir='ltr'><strong>esset.</strong></span> 
     </span>
    </p>
   </div>
   <div class='ocr_carea' id='block_1_34' title="bbox 306 1845 1888 1942">
    <p class='ocr_par' dir='ltr' id='par_1_34' title="bbox 306 1845 1888 1942">
     <span class='ocr_line' id='line_1_34' title="bbox 306 1845 1888 1942; baseline 0.004 -21"><span class='ocrx_word' id='word_1_252' title='bbox 306 1868 419 1939; x_wconf 65' lang='grc' dir='ltr'><strong>γὰρ</strong></span> <span class='ocrx_word' id='word_1_253' title='bbox 447 1866 658 1941; x_wconf 68' lang='grc' dir='ltr'>ἕρημος</span> <span class='ocrx_word' id='word_1_254' title='bbox 682 1867 1086 1942; x_wconf 62' lang='grc' dir='ltr'>ἀπαλλάττεται</span> <span class='ocrx_word' id='word_1_255' title='bbox 1112 1868 1221 1922; x_wconf 78' lang='grc' dir='ltr'>τῶν</span> <span class='ocrx_word' id='word_1_256' title='bbox 1244 1868 1519 1941; x_wconf 76' lang='grc' dir='ltr'><strong>ἀληθινῶν</strong></span> <span class='ocrx_word' id='word_1_257' title='bbox 1534 1872 1629 1925; x_wconf 72' lang='lat' dir='ltr'><strong>xui.</strong></span> <span class='ocrx_word' id='word_1_258' title='bbox 1651 1872 1709 1939; x_wconf 68' lang='grc' dir='ltr'><strong>ἐξ</strong></span> <span class='ocrx_word' id='word_1_259' title='bbox 1739 1871 1888 1927; x_wconf 77' lang='grc' dir='ltr'>ἐλευ-</span> 
     </span>
    </p>
   </div>
   <div class='ocr_carea' id='block_1_35' title="bbox 1988 1845 3571 1942">
    <p class='ocr_par' dir='ltr' id='par_1_35' title="bbox 2000 1845 3571 1939">
     <span class='ocr_line' id='line_1_35' title="bbox 2000 1845 3571 1939; baseline 0.001 -20"><span class='ocrx_word' id='word_1_260' title='bbox 2000 1886 2018 1919; x_wconf 82' lang='grc' dir='ltr'><strong>ι</strong></span> <span class='ocrx_word' id='word_1_261' title='bbox 2043 1867 2289 1923; x_wconf 83' lang='lat' dir='ltr'><strong>Credidit</strong></span> <span class='ocrx_word' id='word_1_262' title='bbox 2316 1878 2519 1932; x_wconf 87' lang='lat' dir='ltr'><strong>autem,</strong></span> <span class='ocrx_word' id='word_1_263' title='bbox 2565 1867 2763 1936; x_wconf 90' lang='lat' dir='ltr'><strong>inquit,</strong></span> <span class='ocrx_word' id='word_1_264' title='bbox 2790 1865 3063 1927; x_wconf 80' lang='lat' dir='ltr'><strong>Abraham</strong></span> <span class='ocrx_word' id='word_1_265' title='bbox 3086 1845 3235 1932; x_wconf 88' lang='lat' dir='ltr'><strong>Deo,</strong></span> <span class='ocrx_word' id='word_1_266' title='bbox 3268 1876 3323 1923; x_wconf 87' lang='lat' dir='ltr'><strong>et</strong></span> <span class='ocrx_word' id='word_1_267' title='bbox 3351 1878 3571 1939; x_wconf 85' lang='lat' dir='ltr'><strong>reputa-</strong></span> 
     </span>
    </p>
   </div>
   <div class='ocr_carea' id='block_1_36' title="bbox 307 1951 1892 2033">
    <p class='ocr_par' dir='ltr' id='par_1_36' title="bbox 307 1951 1892 2033">
     <span class='ocr_line' id='line_1_36' title="bbox 307 1951 1892 2033; baseline 0.004 -22"><span class='ocrx_word' id='word_1_268' title='bbox 307 1959 493 2030; x_wconf 78' lang='grc' dir='ltr'>θέρας.</span> <span class='ocrx_word' id='word_1_269' title='bbox 544 1951 683 2011; x_wconf 60' lang='grc' dir='ltr'>’.ἀλλ’</span> <span class='ocrx_word' id='word_1_270' title='bbox 727 1960 790 2012; x_wconf 81' lang='grc' dir='ltr'>οὐ</span> <span class='ocrx_word' id='word_1_271' title='bbox 831 1958 1019 2029; x_wconf 69' lang='grc' dir='ltr'>μακρὰ</span> <span class='ocrx_word' id='word_1_272' title='bbox 1046 1959 1331 2014; x_wconf 81' lang='grc' dir='ltr'>λυπεῖσθαι</span> <span class='ocrx_word' id='word_1_273' title='bbox 1369 1960 1460 2013; x_wconf 78' lang='grc' dir='ltr'>τὸν</span> <span class='ocrx_word' id='word_1_274' title='bbox 1501 1960 1713 2016; x_wconf 89' lang='grc' dir='ltr'>δίκαιον</span> <span class='ocrx_word' id='word_1_275' title='bbox 1741 1963 1892 2033; x_wconf 80' lang='grc' dir='ltr'>ἠφίει</span> 
     </span>
    </p>
   </div>
   <div class='ocr_carea' id='block_1_37' title="bbox 308 2036 1892 2122">
    <p class='ocr_par' dir='ltr' id='par_1_37' title="bbox 308 2036 1892 2122">
     <span class='ocr_line' id='line_1_37' title="bbox 308 2036 1892 2122; baseline 0.003 -17"><span class='ocrx_word' id='word_1_276' title='bbox 308 2051 463 2114; x_wconf 75' lang='grc' dir='ltr'>θεάς.</span> <span class='ocrx_word' id='word_1_277' title='bbox 496 2050 727 2122; x_wconf 68' lang='grc' dir='ltr'>Σπέρμα</span> <span class='ocrx_word' id='word_1_278' title='bbox 770 2036 880 2121; x_wconf 50' lang='lat' dir='ltr'><strong>{ap</strong></span> <span class='ocrx_word' id='word_1_279' title='bbox 918 2051 1078 2115; x_wconf 77' lang='grc' dir='ltr'>εὐθὺς</span> <span class='ocrx_word' id='word_1_280' title='bbox 1109 2052 1416 2122; x_wconf 73' lang='grc' dir='ltr'>ἑπήγγελτο</span> <span class='ocrx_word' id='word_1_281' title='bbox 1440 2053 1498 2106; x_wconf 71' lang='lat'><strong>:0</strong></span> <span class='ocrx_word' id='word_1_282' title='bbox 1524 2054 1585 2106; x_wconf 79' lang='grc' dir='ltr'>ὲν</span> <span class='ocrx_word' id='word_1_283' title='bbox 1632 2054 1837 2119; x_wconf 70' lang='grc' dir='ltr'>Ἰσαὰκ,</span> <span class='ocrx_word' id='word_1_284' title='bbox 1862 2056 1892 2109; x_wconf 77' lang='grc' dir='ltr'><strong>δ</strong></span> 
     </span>
    </p>
   </div>
   <div class='ocr_carea' id='block_1_38' title="bbox 308 2139 1893 2216">
    <p class='ocr_par' dir='ltr' id='par_1_38' title="bbox 308 2139 1893 2216">
     <span class='ocr_line' id='line_1_38' title="bbox 308 2139 1893 2216; baseline 0.003 -23"><span class='ocrx_word' id='word_1_285' title='bbox 308 2141 403 2197; x_wconf 71' lang='grc' dir='ltr'><strong>καὶ</strong></span> <span class='ocrx_word' id='word_1_286' title='bbox 431 2140 724 2213; x_wconf 73' lang='grc' dir='ltr'><strong>ἰσάριθμον</strong></span> <span class='ocrx_word' id='word_1_287' title='bbox 746 2139 968 2194; x_wconf 75' lang='grc' dir='ltr'>ἔσεσθαί</span> <span class='ocrx_word' id='word_1_288' title='bbox 997 2158 1131 2212; x_wconf 73' lang='grc' dir='ltr'>φησι</span> <span class='ocrx_word' id='word_1_289' title='bbox 1156 2144 1225 2212; x_wconf 76' lang='grc' dir='ltr'>τῇ</span> <span class='ocrx_word' id='word_1_290' title='bbox 1260 2141 1368 2195; x_wconf 82' lang='grc' dir='ltr'><strong>τῶν</strong></span> <span class='ocrx_word' id='word_1_291' title='bbox 1390 2141 1635 2213; x_wconf 77' lang='grc' dir='ltr'><strong>ἀστέρων</strong></span> <span class='ocrx_word' id='word_1_292' title='bbox 1657 2144 1893 2216; x_wconf 74' lang='grc' dir='ltr'>ἀμετρή-</span> 
     </span>
    </p>
   </div>
   <div class='ocr_carea' id='block_1_39' title="bbox 308 2232 1890 2305">
    <p class='ocr_par' dir='ltr' id='par_1_39' title="bbox 308 2232 1890 2305">
     <span class='ocr_line' id='line_1_39' title="bbox 308 2232 1890 2305; baseline 0.002 -20"><span class='ocrx_word' id='word_1_293' title='bbox 308 2249 417 2287; x_wconf 86' lang='grc' dir='ltr'><strong>των</strong></span> <span class='ocrx_word' id='word_1_294' title='bbox 445 2232 668 2305; x_wconf 68' lang='grc' dir='ltr'>πληθυῖ.</span> <span class='ocrx_word' id='word_1_295' title='bbox 693 2232 1070 2287; x_wconf 78' lang='grc' dir='ltr'>Διεδεδαιοῦτο</span> <span class='ocrx_word' id='word_1_296' title='bbox 1092 2232 1174 2296; x_wconf 76' lang='grc' dir='ltr'><strong>δὲ,</strong></span> <span class='ocrx_word' id='word_1_297' title='bbox 1198 2233 1280 2286; x_wconf 86' lang='grc' dir='ltr'><strong>δτι</strong></span> <span class='ocrx_word' id='word_1_298' title='bbox 1308 2232 1518 2302; x_wconf 83' lang='grc' dir='ltr'>μυρίων</span> <span class='ocrx_word' id='word_1_299' title='bbox 1546 2234 1686 2288; x_wconf 79' lang='grc' dir='ltr'>ὅσων</span> <span class='ocrx_word' id='word_1_300' title='bbox 1721 2234 1890 2288; x_wconf 69' lang='grc' dir='ltr'>ὶθνῶν</span> 
     </span>
    </p>
   </div>
   <div class='ocr_carea' id='block_1_40' title="bbox 309 2324 1891 2396">
    <p class='ocr_par' dir='ltr' id='par_1_40' title="bbox 309 2324 1891 2396">
     <span class='ocr_line' id='line_1_40' title="bbox 309 2324 1891 2396; baseline 0.001 -16"><span class='ocrx_word' id='word_1_301' title='bbox 309 2324 645 2396; x_wconf 82' lang='grc' dir='ltr'>κληθήσεται</span> <span class='ocrx_word' id='word_1_302' title='bbox 675 2324 889 2396; x_wconf 74' lang='grc' dir='ltr'>πατὴρ,</span> <span class='ocrx_word' id='word_1_303' title='bbox 919 2325 1095 2379; x_wconf 86' lang='grc' dir='ltr'>καίτοι</span> <span class='ocrx_word' id='word_1_304' title='bbox 1138 2326 1251 2388; x_wconf 74' lang='grc' dir='ltr'>τοῖς</span> <span class='ocrx_word' id='word_1_305' title='bbox 1291 2326 1372 2387; x_wconf 84' lang='grc' dir='ltr'><strong>εἰς</strong></span> <span class='ocrx_word' id='word_1_306' title='bbox 1403 2324 1657 2379; x_wconf 75' lang='grc' dir='ltr'><strong>ἀπαιδίαν</strong></span> <span class='ocrx_word' id='word_1_307' title='bbox 1693 2328 1891 2396; x_wconf 74' lang='grc' dir='ltr'>ἐπτοη-</span> 
     </span>
    </p>
   </div>
   <div class='ocr_carea' id='block_1_41' title="bbox 314 2413 1891 2489">
    <p class='ocr_par' dir='ltr' id='par_1_41' title="bbox 314 2413 1891 2489">
     <span class='ocr_line' id='line_1_41' title="bbox 314 2413 1891 2489; baseline 0.003 -22"><span class='ocrx_word' id='word_1_308' title='bbox 314 2414 473 2483; x_wconf 66' lang='grc' dir='ltr'>μένος</span> <span class='ocrx_word' id='word_1_309' title='bbox 497 2414 742 2485; x_wconf 79' lang='grc' dir='ltr'>δείμασι.</span> <span class='ocrx_word' id='word_1_310' title='bbox 772 2433 792 2466; x_wconf 83' lang='grc' dir='ltr'><strong>ι</strong></span> <span class='ocrx_word' id='word_1_311' title='bbox 830 2413 1169 2469; x_wconf 75' lang='grc' dir='ltr'>Πεπίστευκε</span> <span class='ocrx_word' id='word_1_312' title='bbox 1195 2414 1274 2479; x_wconf 77' lang='grc' dir='ltr'><strong>δὲ,</strong></span> <span class='ocrx_word' id='word_1_313' title='bbox 1307 2418 1496 2485; x_wconf 71' lang='grc' dir='ltr'>φησιν,</span> <span class='ocrx_word' id='word_1_314' title='bbox 1534 2416 1785 2488; x_wconf 76' lang='grc' dir='ltr'><strong>⁹Δσραὰμ</strong></span> <span class='ocrx_word' id='word_1_315' title='bbox 1812 2417 1891 2489; x_wconf 81' lang='grc' dir='ltr'>τῷ</span> 
     </span>
    </p>
   </div>
   <div class='ocr_carea' id='block_1_42' title="bbox 310 2504 1889 2580">
    <p class='ocr_par' dir='ltr' id='par_1_42' title="bbox 310 2504 1889 2580">
     <span class='ocr_line' id='line_1_42' title="bbox 310 2504 1889 2580; baseline 0.003 -22"><span class='ocrx_word' id='word_1_316' title='bbox 310 2504 452 2576; x_wconf 79' lang='grc' dir='ltr'>Θεῷ,</span> <span class='ocrx_word' id='word_1_317' title='bbox 486 2506 583 2559; x_wconf 83' lang='grc' dir='ltr'>καὶ</span> <span class='ocrx_word' id='word_1_318' title='bbox 617 2506 871 2577; x_wconf 75' lang='grc' dir='ltr'><strong>ἐλογίσθη</strong></span> <span class='ocrx_word' id='word_1_319' title='bbox 908 2506 1058 2577; x_wconf 81' lang='grc' dir='ltr'>αὐτῷ</span> <span class='ocrx_word' id='word_1_320' title='bbox 1107 2507 1188 2571; x_wconf 82' lang='grc' dir='ltr'><strong>είς</strong></span> <span class='ocrx_word' id='word_1_321' title='bbox 1243 2507 1611 2580; x_wconf 79' lang='grc' dir='ltr'>δικαιοσύνην.</span> <span class='ocrx_word' id='word_1_322' title='bbox 1653 2526 1673 2560; x_wconf 71' lang='grc' dir='ltr'><strong>ι</strong></span> <span class='ocrx_word' id='word_1_323' title='bbox 1718 2509 1889 2580; x_wconf 85' lang='grc' dir='ltr'>Γέρας</span> 
     </span>
    </p>
   </div>
   <div class='ocr_carea' id='block_1_43' title="bbox 310 2591 1890 2671">
    <p class='ocr_par' dir='ltr' id='par_1_43' title="bbox 310 2591 1890 2671">
     <span class='ocr_line' id='line_1_43' title="bbox 310 2591 1890 2671; baseline 0.004 -22"><span class='ocrx_word' id='word_1_324' title='bbox 310 2591 406 2650; x_wconf 77' lang='grc' dir='ltr'><strong>οὗν</strong></span> <span class='ocrx_word' id='word_1_325' title='bbox 446 2596 564 2666; x_wconf 71' lang='grc' dir='ltr'>ἔχει</span> <span class='ocrx_word' id='word_1_326' title='bbox 602 2596 703 2667; x_wconf 82' lang='grc' dir='ltr'><strong>τήν</strong></span> <span class='ocrx_word' id='word_1_327' title='bbox 745 2596 1121 2667; x_wconf 79' lang='grc' dir='ltr'>δικαιοσύνην.</span> <span class='ocrx_word' id='word_1_328' title='bbox 1171 2600 1201 2652; x_wconf 92' lang='lat'><strong>0</strong></span> <span class='ocrx_word' id='word_1_329' title='bbox 1244 2599 1427 2653; x_wconf 86' lang='grc' dir='ltr'>πίστει</span> <span class='ocrx_word' id='word_1_330' title='bbox 1458 2599 1632 2671; x_wconf 83' lang='grc' dir='ltr'>τιμῶν</span> <span class='ocrx_word' id='word_1_331' title='bbox 1655 2600 1751 2654; x_wconf 78' lang='grc' dir='ltr'>τὸν</span> <span class='ocrx_word' id='word_1_332' title='bbox 1781 2600 1890 2656; x_wconf 84' lang='grc' dir='ltr'>τῶν</span> 
     </span>
    </p>
   </div>
   <div class='ocr_carea' id='block_1_44' title="bbox 315 2687 1890 2761">
    <p class='ocr_par' dir='ltr' id='par_1_44' title="bbox 315 2687 1890 2761">
     <span class='ocr_line' id='line_1_44' title="bbox 315 2687 1890 2761; baseline 0.003 -19"><span class='ocrx_word' id='word_1_333' title='bbox 315 2688 454 2742; x_wconf 78' lang='grc' dir='ltr'>ὅλων</span> <span class='ocrx_word' id='word_1_334' title='bbox 477 2688 779 2760; x_wconf 76' lang='grc' dir='ltr'>Δεσπότην.</span> <span class='ocrx_word' id='word_1_335' title='bbox 830 2687 1240 2759; x_wconf 80' lang='grc' dir='ltr'>Μεμαρτῦρηκε</span> <span class='ocrx_word' id='word_1_336' title='bbox 1291 2688 1401 2761; x_wconf 78' lang='grc' dir='ltr'>γὰρ</span> <span class='ocrx_word' id='word_1_337' title='bbox 1439 2690 1527 2745; x_wconf 82' lang='grc' dir='ltr'><strong>διὰ</strong></span> <span class='ocrx_word' id='word_1_338' title='bbox 1565 2691 1794 2759; x_wconf 85' lang='grc' dir='ltr'>τούτου,</span> <span class='ocrx_word' id='word_1_339' title='bbox 1828 2692 1890 2746; x_wconf 83' lang='grc' dir='ltr'><strong>τὺ</strong></span> 
     </span>
    </p>
   </div>
   <div class='ocr_carea' id='block_1_45' title="bbox 314 2777 1889 2849">
    <p class='ocr_par' dir='ltr' id='par_1_45' title="bbox 314 2777 1889 2849">
     <span class='ocr_line' id='line_1_45' title="bbox 314 2777 1889 2849; baseline 0.001 -16"><span class='ocrx_word' id='word_1_340' title='bbox 314 2779 493 2833; x_wconf 79' lang='grc' dir='ltr'>πάντα</span> <span class='ocrx_word' id='word_1_341' title='bbox 518 2777 780 2833; x_wconf 74' lang='grc' dir='ltr'>δύνασθαι</span> <span class='ocrx_word' id='word_1_342' title='bbox 798 2778 1093 2849; x_wconf 78' lang='grc' dir='ltr'>κατορθοῦν</span> <span class='ocrx_word' id='word_1_343' title='bbox 1115 2779 1284 2849; x_wconf 76' lang='grc' dir='ltr'>αὐτῷ’</span> <span class='ocrx_word' id='word_1_344' title='bbox 1315 2780 1346 2832; x_wconf 94' lang='lat'><strong>0</strong></span> <span class='ocrx_word' id='word_1_345' title='bbox 1366 2779 1422 2833; x_wconf 73' lang='grc' dir='ltr'>δὲ</span> <span class='ocrx_word' id='word_1_346' title='bbox 1447 2779 1677 2845; x_wconf 78' lang='grc' dir='ltr'>ἄπιστός</span> <span class='ocrx_word' id='word_1_347' title='bbox 1703 2798 1764 2834; x_wconf 84' lang='grc' dir='ltr'><strong>τε</strong></span> <span class='ocrx_word' id='word_1_348' title='bbox 1795 2782 1889 2835; x_wconf 72' lang='grc' dir='ltr'>καὶ</span> 
     </span>
    </p>
   </div>
   <div class='ocr_carea' id='block_1_46' title="bbox 313 2867 1889 2943">
    <p class='ocr_par' dir='ltr' id='par_1_46' title="bbox 313 2867 1889 2943">
     <span class='ocr_line' id='line_1_46' title="bbox 313 2867 1889 2943; baseline 0.001 -20"><span class='ocrx_word' id='word_1_349' title='bbox 313 2869 616 2941; x_wconf 73' lang='grc' dir='ltr'>ἁμελητὴς,</span> <span class='ocrx_word' id='word_1_350' title='bbox 649 2867 864 2935; x_wconf 75' lang='grc' dir='ltr'>ἀλαζὼν</span> <span class='ocrx_word' id='word_1_351' title='bbox 895 2868 1049 2923; x_wconf 69' lang='grc' dir='ltr'>ἔσται</span> <span class='ocrx_word' id='word_1_352' title='bbox 1091 2870 1187 2925; x_wconf 78' lang='grc' dir='ltr'>καὶ</span> <span class='ocrx_word' id='word_1_353' title='bbox 1226 2869 1508 2941; x_wconf 73' lang='grc' dir='ltr'>ὑϐριστής.</span> <span class='ocrx_word' id='word_1_354' title='bbox 1544 2872 1798 2924; x_wconf 82' lang='grc' dir='ltr'>Πεσείται</span> <span class='ocrx_word' id='word_1_355' title='bbox 1825 2871 1889 2943; x_wconf 77' lang='grc' dir='ltr'><strong>δή</strong></span> 
     </span>
    </p>
   </div>
   <div class='ocr_carea' id='block_1_47' title="bbox 313 2956 1888 3034">
    <p class='ocr_par' dir='ltr' id='par_1_47' title="bbox 313 2956 1888 3034">
     <span class='ocr_line' id='line_1_47' title="bbox 313 2956 1888 3034; baseline -0.001 -18"><span class='ocrx_word' id='word_1_356' title='bbox 313 2956 403 3016; x_wconf 74' lang='grc' dir='ltr'>ὥν</span> <span class='ocrx_word' id='word_1_357' title='bbox 426 2960 691 3034; x_wconf 75' lang='grc' dir='ltr'>ταύτῃτοι</span> <span class='ocrx_word' id='word_1_358' title='bbox 716 2961 903 3014; x_wconf 80' lang='grc' dir='ltr'>λοιπὸν</span> <span class='ocrx_word' id='word_1_359' title='bbox 932 2961 1029 3015; x_wconf 68' lang='grc' dir='ltr'><strong>καὶ¹</strong></span> <span class='ocrx_word' id='word_1_360' title='bbox 1056 2960 1161 3014; x_wconf 80' lang='grc' dir='ltr'>ῠπδ</span> <span class='ocrx_word' id='word_1_361' title='bbox 1186 2960 1344 3031; x_wconf 83' lang='grc' dir='ltr'>δίκην</span> <span class='ocrx_word' id='word_1_362' title='bbox 1370 2962 1463 3016; x_wconf 79' lang='grc' dir='ltr'>καὶ</span> <span class='ocrx_word' id='word_1_363' title='bbox 1487 2961 1696 3031; x_wconf 87' lang='grc' dir='ltr'>λόγους.</span> <span class='ocrx_word' id='word_1_364' title='bbox 1737 2980 1757 3013; x_wconf 84' lang='grc' dir='ltr'><strong>ι</strong></span> <span class='ocrx_word' id='word_1_365' title='bbox 1786 2963 1888 3015; x_wconf 82' lang='grc' dir='ltr'><strong>Πε-</strong></span> 
     </span>
    </p>
   </div>
   <div class='ocr_carea' id='block_1_48' title="bbox 315 3048 1887 3124">
    <p class='ocr_par' dir='ltr' id='par_1_48' title="bbox 315 3048 1887 3124">
     <span class='ocr_line' id='line_1_48' title="bbox 315 3048 1887 3124; baseline -0.001 -17"><span class='ocrx_word' id='word_1_366' title='bbox 315 3053 607 3107; x_wconf 80' lang='grc' dir='ltr'>πίστευκεν</span> <span class='ocrx_word' id='word_1_367' title='bbox 644 3048 738 3108; x_wconf 79' lang='grc' dir='ltr'>οὖν</span> <span class='ocrx_word' id='word_1_368' title='bbox 778 3050 1035 3124; x_wconf 77' lang='grc' dir='ltr'>Ἀδραὰμ</span> <span class='ocrx_word' id='word_1_369' title='bbox 1079 3051 1159 3123; x_wconf 85' lang='grc' dir='ltr'><strong>τῷ</strong></span> <span class='ocrx_word' id='word_1_370' title='bbox 1190 3051 1339 3124; x_wconf 84' lang='grc' dir='ltr'>Θεῷ,</span> <span class='ocrx_word' id='word_1_371' title='bbox 1392 3052 1487 3107; x_wconf 73' lang='grc' dir='ltr'>καὶ</span> <span class='ocrx_word' id='word_1_372' title='bbox 1540 3053 1887 3109; x_wconf 73' lang='grc' dir='ltr'>δεδικαίωται</span> 
     </span>
    </p>
   </div>
   <div class='ocr_carea' id='block_1_49' title="bbox 315 3144 1888 3217">
    <p class='ocr_par' dir='ltr' id='par_1_49' title="bbox 315 3144 1888 3217">
     <span class='ocr_line' id='line_1_49' title="bbox 315 3144 1888 3217; baseline 0.001 -18"><span class='ocrx_word' id='word_1_373' title='bbox 315 3146 443 3217; x_wconf 74' lang='grc' dir='ltr'>παρ’</span> <span class='ocrx_word' id='word_1_374' title='bbox 468 3144 643 3216; x_wconf 75' lang='grc' dir='ltr'>αὐτῷ.</span> <span class='ocrx_word' id='word_1_375' title='bbox 683 3163 705 3197; x_wconf 77' lang='grc' dir='ltr'><strong>ι</strong></span> <span class='ocrx_word' id='word_1_376' title='bbox 744 3145 1115 3216; x_wconf 75' lang='grc' dir='ltr'>Προσαπαιτεῖ</span> <span class='ocrx_word' id='word_1_377' title='bbox 1143 3144 1200 3200; x_wconf 66' lang='lat'><strong>00</strong></span> <span class='ocrx_word' id='word_1_378' title='bbox 1227 3146 1451 3216; x_wconf 79' lang='grc' dir='ltr'>σημεῖον</span> <span class='ocrx_word' id='word_1_379' title='bbox 1482 3146 1563 3208; x_wconf 78' lang='grc' dir='ltr'><strong>είς</strong></span> <span class='ocrx_word' id='word_1_380' title='bbox 1599 3144 1888 3216; x_wconf 73' lang='grc' dir='ltr'>βεϐαίωσιν</span> 
     </span>
    </p>
   </div>
   <div class='ocr_carea' id='block_1_50' title="bbox 314 3232 1892 3307">
    <p class='ocr_par' dir='ltr' id='par_1_50' title="bbox 314 3232 1892 3307">
     <span class='ocr_line' id='line_1_50' title="bbox 314 3232 1892 3307; baseline -0.001 -16"><span class='ocrx_word' id='word_1_381' title='bbox 314 3238 407 3292; x_wconf 78' lang='grc' dir='ltr'>καὶ</span> <span class='ocrx_word' id='word_1_382' title='bbox 429 3236 687 3307; x_wconf 76' lang='grc' dir='ltr'>ἀλήθειαν</span> <span class='ocrx_word' id='word_1_383' title='bbox 701 3235 909 3302; x_wconf 84' lang='grc' dir='ltr'>τῶν,ώς</span> <span class='ocrx_word' id='word_1_384' title='bbox 926 3234 1163 3300; x_wconf 68' lang='grc' dir='ltr'>ἔσονται,</span> <span class='ocrx_word' id='word_1_385' title='bbox 1189 3235 1739 3307; x_wconf 68' lang='grc' dir='ltr'>προεπηγγελμένων.</span> <span class='ocrx_word' id='word_1_386' title='bbox 1760 3232 1892 3291; x_wconf 79' lang='grc' dir='ltr'>Εἶτα</span> 
     </span>
    </p>
   </div>
   <div class='ocr_carea' id='block_1_51' title="bbox 312 3325 1894 3399">
    <p class='ocr_par' dir='ltr' id='par_1_51' title="bbox 312 3325 1894 3399">
     <span class='ocr_line' id='line_1_51' title="bbox 312 3325 1894 3399; baseline -0.002 -16"><span class='ocrx_word' id='word_1_387' title='bbox 312 3327 442 3392; x_wconf 77' lang='grc' dir='ltr'><strong>Θεὸς</strong></span> <span class='ocrx_word' id='word_1_388' title='bbox 476 3325 837 3399; x_wconf 71' lang='grc' dir='ltr'>οἰκονομικῶς</span> <span class='ocrx_word' id='word_1_389' title='bbox 869 3326 1170 3396; x_wconf 81' lang='grc' dir='ltr'>σκήπτεται</span> <span class='ocrx_word' id='word_1_390' title='bbox 1201 3325 1263 3380; x_wconf 80' lang='grc' dir='ltr'>τὸ</span> <span class='ocrx_word' id='word_1_391' title='bbox 1291 3326 1563 3397; x_wconf 69' lang='grc' dir='ltr'>ἐνώμοτον</span> <span class='ocrx_word' id='word_1_392' title='bbox 1589 3326 1894 3381; x_wconf 81' lang='grc' dir='ltr'>καταδονεί-</span> 
     </span>
    </p>
   </div>
   <div class='ocr_carea' id='block_1_52' title="bbox 314 3417 1895 3492">
    <p class='ocr_par' dir='ltr' id='par_1_52' title="bbox 314 3417 1895 3492">
     <span class='ocr_line' id='line_1_52' title="bbox 314 3417 1895 3492; baseline -0.003 -16"><span class='ocrx_word' id='word_1_393' title='bbox 314 3420 434 3477; x_wconf 87' lang='grc' dir='ltr'>σθαί</span> <span class='ocrx_word' id='word_1_394' title='bbox 481 3437 602 3482; x_wconf 77' lang='grc' dir='ltr'><strong>πως</strong></span> <span class='ocrx_word' id='word_1_395' title='bbox 649 3419 787 3492; x_wconf 83' lang='grc' dir='ltr'>πρὸς</span> <span class='ocrx_word' id='word_1_396' title='bbox 822 3417 1076 3489; x_wconf 78' lang='grc' dir='ltr'>διψυχίαν</span> <span class='ocrx_word' id='word_1_397' title='bbox 1117 3417 1218 3471; x_wconf 81' lang='grc' dir='ltr'>οὐκ</span> <span class='ocrx_word' id='word_1_398' title='bbox 1262 3418 1444 3487; x_wconf 80' lang='grc' dir='ltr'>ἀφιεὶς</span> <span class='ocrx_word' id='word_1_399' title='bbox 1478 3418 1570 3472; x_wconf 83' lang='grc' dir='ltr'><strong>τδν</strong></span> <span class='ocrx_word' id='word_1_400' title='bbox 1602 3434 1895 3472; x_wconf 75' lang='grc' dir='ltr'>πεπιστευο</span> 
     </span>
    </p>
   </div>
   <div class='ocr_carea' id='block_1_53' title="bbox 313 3503 1890 3580">
    <p class='ocr_par' dir='ltr' id='par_1_53' title="bbox 313 3503 1890 3580">
     <span class='ocr_line' id='line_1_53' title="bbox 313 3503 1890 3580; baseline -0.002 -14"><span class='ocrx_word' id='word_1_401' title='bbox 313 3512 466 3566; x_wconf 68' lang='grc' dir='ltr'>κάτα.</span> <span class='ocrx_word' id='word_1_402' title='bbox 507 3510 825 3580; x_wconf 69' lang='grc' dir='ltr'>Γέγραπται</span> <span class='ocrx_word' id='word_1_403' title='bbox 855 3508 966 3579; x_wconf 77' lang='grc' dir='ltr'>γὰρ</span> <span class='ocrx_word' id='word_1_404' title='bbox 986 3505 1179 3570; x_wconf 76' lang='grc' dir='ltr'>οὕτως’</span> <span class='ocrx_word' id='word_1_405' title='bbox 1213 3524 1232 3560; x_wconf 88' lang='grc' dir='ltr'><strong>ι</strong></span> <span class='ocrx_word' id='word_1_406' title='bbox 1266 3503 1405 3562; x_wconf 65' lang='lat' dir='ltr'><strong>Eius</strong></span> <span class='ocrx_word' id='word_1_407' title='bbox 1431 3507 1490 3562; x_wconf 73' lang='grc' dir='ltr'>δὲ</span> <span class='ocrx_word' id='word_1_408' title='bbox 1526 3508 1665 3580; x_wconf 75' lang='lat'><strong>1:90;</strong></span> <span class='ocrx_word' id='word_1_409' title='bbox 1690 3509 1854 3563; x_wconf 80' lang='grc' dir='ltr'>αὐτόν</span> <span class='ocrx_word' id='word_1_410' title='bbox 1874 3525 1890 3541; x_wconf 86' lang='grc'><strong>·</strong></span> 
     </span>
    </p>
   </div>
   <div class='ocr_carea' id='block_1_54' title="bbox 323 3600 1894 3674">
    <p class='ocr_par' dir='ltr' id='par_1_54' title="bbox 323 3600 1894 3674">
     <span class='ocr_line' id='line_1_54' title="bbox 323 3600 1894 3674; baseline -0.002 -15"><span class='ocrx_word' id='word_1_411' title='bbox 323 3603 467 3674; x_wconf 79' lang='grc' dir='ltr'><strong>Ἐγὼ</strong></span> <span class='ocrx_word' id='word_1_412' title='bbox 489 3606 521 3659; x_wconf 92' lang='lat'><strong>0</strong></span> <span class='ocrx_word' id='word_1_413' title='bbox 544 3603 678 3666; x_wconf 77' lang='grc' dir='ltr'>Θεὸς</span> <span class='ocrx_word' id='word_1_414' title='bbox 704 3605 735 3657; x_wconf 96' lang='lat'><strong>0</strong></span> <span class='ocrx_word' id='word_1_415' title='bbox 757 3600 1044 3672; x_wconf 68' lang='grc' dir='ltr'>ἐξαγαγών</span> <span class='ocrx_word' id='word_1_416' title='bbox 1070 3619 1130 3657; x_wconf 88' lang='grc' dir='ltr'><strong>σε</strong></span> <span class='ocrx_word' id='word_1_417' title='bbox 1158 3603 1223 3657; x_wconf 70' lang='grc' dir='ltr'>ἑκ</span> <span class='ocrx_word' id='word_1_418' title='bbox 1254 3600 1439 3672; x_wconf 77' lang='grc' dir='ltr'>χώρας</span> <span class='ocrx_word' id='word_1_419' title='bbox 1460 3600 1763 3668; x_wconf 82' lang='grc' dir='ltr'>Χαλδαίων,</span> <span class='ocrx_word' id='word_1_420' title='bbox 1784 3601 1894 3656; x_wconf 78' lang='grc' dir='ltr'>ώσ-</span> 
     </span>
    </p>
   </div>
   <div class='ocr_carea' id='block_1_55' title="bbox 314 3692 1888 3765">
    <p class='ocr_par' dir='ltr' id='par_1_55' title="bbox 314 3692 1888 3765">
     <span class='ocr_line' id='line_1_55' title="bbox 314 3692 1888 3765; baseline -0.001 -15"><span class='ocrx_word' id='word_1_421' title='bbox 314 3714 368 3750; x_wconf 85' lang='grc' dir='ltr'><strong>τε</strong></span> <span class='ocrx_word' id='word_1_422' title='bbox 386 3694 577 3750; x_wconf 79' lang='grc' dir='ltr'>δοῦναί</span> <span class='ocrx_word' id='word_1_423' title='bbox 608 3711 691 3748; x_wconf 89' lang='grc' dir='ltr'><strong>σοι</strong></span> <span class='ocrx_word' id='word_1_424' title='bbox 728 3693 827 3764; x_wconf 80' lang='grc' dir='ltr'>τὴν</span> <span class='ocrx_word' id='word_1_425' title='bbox 867 3693 972 3762; x_wconf 77' lang='grc' dir='ltr'>γῆν</span> <span class='ocrx_word' id='word_1_426' title='bbox 1012 3692 1216 3763; x_wconf 80' lang='grc' dir='ltr'>ταύτην</span> <span class='ocrx_word' id='word_1_427' title='bbox 1252 3692 1660 3764; x_wconf 81' lang='grc' dir='ltr'>κληρονομῆσαι</span> <span class='ocrx_word' id='word_1_428' title='bbox 1697 3694 1888 3765; x_wconf 85' lang='grc' dir='ltr'>αὐτήν.</span> 
     </span>
    </p>
   </div>
   <div class='ocr_carea' id='block_1_56' title="bbox 315 3782 1893 3858">
    <p class='ocr_par' dir='ltr' id='par_1_56' title="bbox 315 3782 1893 3858">
     <span class='ocr_line' id='line_1_56' title="bbox 315 3782 1893 3858; baseline -0.001 -17"><span class='ocrx_word' id='word_1_429' title='bbox 315 3782 444 3841; x_wconf 67' lang='lat' dir='ltr'><strong>Eius</strong></span> <span class='ocrx_word' id='word_1_430' title='bbox 466 3786 546 3841; x_wconf 71' lang='grc' dir='ltr'><strong>δέ·</strong></span> <span class='ocrx_word' id='word_1_431' title='bbox 575 3786 825 3841; x_wconf 68' lang='grc' dir='ltr'>Δέσποτα</span> <span class='ocrx_word' id='word_1_432' title='bbox 855 3785 1048 3856; x_wconf 82' lang='grc' dir='ltr'>Κύριε,</span> <span class='ocrx_word' id='word_1_433' title='bbox 1082 3783 1226 3838; x_wconf 82' lang='grc' dir='ltr'>κατά</span> <span class='ocrx_word' id='word_1_434' title='bbox 1243 3783 1296 3837; x_wconf 88' lang='grc' dir='ltr'><strong>τί</strong></span> <span class='ocrx_word' id='word_1_435' title='bbox 1323 3783 1605 3856; x_wconf 83' lang='grc' dir='ltr'>γνώσομαι</span> <span class='ocrx_word' id='word_1_436' title='bbox 1638 3785 1721 3838; x_wconf 83' lang='grc' dir='ltr'><strong>δτι</strong></span> <span class='ocrx_word' id='word_1_437' title='bbox 1759 3786 1893 3858; x_wconf 81' lang='grc' dir='ltr'>κλη-</span> 
     </span>
    </p>
   </div>
   <div class='ocr_carea' id='block_1_57' title="bbox 318 3873 1891 3949">
    <p class='ocr_par' dir='ltr' id='par_1_57' title="bbox 318 3873 1891 3949">
     <span class='ocr_line' id='line_1_57' title="bbox 318 3873 1891 3949; baseline 0 -18"><span class='ocrx_word' id='word_1_438' title='bbox 318 3879 605 3949; x_wconf 85' lang='grc' dir='ltr'>ρονομήσω</span> <span class='ocrx_word' id='word_1_439' title='bbox 634 3878 838 3947; x_wconf 75' lang='grc' dir='ltr'>αὐτήνς</span> <span class='ocrx_word' id='word_1_440' title='bbox 877 3873 1011 3931; x_wconf 64' lang='lat' dir='ltr'><strong>Eine</strong></span> <span class='ocrx_word' id='word_1_441' title='bbox 1059 3876 1117 3930; x_wconf 76' lang='grc' dir='ltr'>δὲ</span> <span class='ocrx_word' id='word_1_442' title='bbox 1160 3874 1329 3945; x_wconf 73' lang='grc' dir='ltr'>αὐτῷ·</span> <span class='ocrx_word' id='word_1_443' title='bbox 1357 3874 1508 3929; x_wconf 75' lang='grc' dir='ltr'><strong>Λάϐε</strong></span> <span class='ocrx_word' id='word_1_444' title='bbox 1536 3893 1624 3947; x_wconf 89' lang='grc' dir='ltr'><strong>μοι</strong></span> <span class='ocrx_word' id='word_1_445' title='bbox 1658 3876 1891 3948; x_wconf 73' lang='grc' dir='ltr'>δάμαλιν</span> 
     </span>
    </p>
   </div>
   <div class='ocr_carea' id='block_1_58' title="bbox 314 3965 1892 4040">
    <p class='ocr_par' dir='ltr' id='par_1_58' title="bbox 314 3965 1892 4040">
     <span class='ocr_line' id='line_1_58' title="bbox 314 3965 1892 4040; baseline 0 -18"><span class='ocrx_word' id='word_1_446' title='bbox 314 3967 708 4040; x_wconf 74' lang='grc' dir='ltr'>τριετίζουσαν,</span> <span class='ocrx_word' id='word_1_447' title='bbox 729 3969 825 4022; x_wconf 75' lang='grc' dir='ltr'>καὶ</span> <span class='ocrx_word' id='word_1_448' title='bbox 838 3967 992 4038; x_wconf 80' lang='grc' dir='ltr'>κριὸν</span> <span class='ocrx_word' id='word_1_449' title='bbox 1021 3965 1380 4038; x_wconf 77' lang='grc' dir='ltr'>τριετίζοντα,</span> <span class='ocrx_word' id='word_1_450' title='bbox 1407 3966 1502 4019; x_wconf 74' lang='grc' dir='ltr'>καὶ</span> <span class='ocrx_word' id='word_1_451' title='bbox 1522 3968 1780 4036; x_wconf 84' lang='grc' dir='ltr'>τρυγόνα,</span> <span class='ocrx_word' id='word_1_452' title='bbox 1798 3969 1892 4022; x_wconf 59' lang='grc' dir='ltr'><strong>καὶ⁵</strong></span> 
     </span>
    </p>
   </div>
   <div class='ocr_carea' id='block_1_59' title="bbox 317 4056 1891 4131">
    <p class='ocr_par' dir='ltr' id='par_1_59' title="bbox 317 4056 1891 4131">
     <span class='ocr_line' id='line_1_59' title="bbox 317 4056 1891 4131; baseline 0 -17"><span class='ocrx_word' id='word_1_453' title='bbox 317 4059 665 4131; x_wconf 79' lang='grc' dir='ltr'>περιστεράν.</span> <span class='ocrx_word' id='word_1_454' title='bbox 724 4056 926 4112; x_wconf 79' lang='grc' dir='ltr'>Ἔλασε</span> <span class='ocrx_word' id='word_1_455' title='bbox 964 4057 1022 4112; x_wconf 74' lang='grc' dir='ltr'>δὲ</span> <span class='ocrx_word' id='word_1_456' title='bbox 1080 4056 1261 4128; x_wconf 75' lang='grc' dir='ltr'>ἑαυτῷ</span> <span class='ocrx_word' id='word_1_457' title='bbox 1307 4058 1480 4112; x_wconf 83' lang='grc' dir='ltr'>ταῦτα</span> <span class='ocrx_word' id='word_1_458' title='bbox 1543 4059 1753 4124; x_wconf 81' lang='grc' dir='ltr'>πάντα,</span> <span class='ocrx_word' id='word_1_459' title='bbox 1797 4060 1891 4114; x_wconf 75' lang='grc' dir='ltr'>καὶ</span> 
     </span>
    </p>
   </div>
   <div class='ocr_carea' id='block_1_60' title="bbox 312 4148 1886 4221">
    <p class='ocr_par' dir='ltr' id='par_1_60' title="bbox 312 4148 1886 4221">
     <span class='ocr_line' id='line_1_60' title="bbox 312 4148 1886 4221; baseline 0.001 -18"><span class='ocrx_word' id='word_1_460' title='bbox 312 4151 502 4204; x_wconf 80' lang='grc' dir='ltr'>διεῖλιν</span> <span class='ocrx_word' id='word_1_461' title='bbox 534 4148 677 4204; x_wconf 70' lang='grc' dir='ltr'>αὐτὰ</span> <span class='ocrx_word' id='word_1_462' title='bbox 694 4149 855 4221; x_wconf 76' lang='grc' dir='ltr'>μέσα,</span> <span class='ocrx_word' id='word_1_463' title='bbox 877 4149 970 4204; x_wconf 76' lang='grc' dir='ltr'>καὶ</span> <span class='ocrx_word' id='word_1_464' title='bbox 986 4148 1182 4220; x_wconf 72' lang='grc' dir='ltr'>ἔθηκεν</span> <span class='ocrx_word' id='word_1_465' title='bbox 1203 4148 1595 4221; x_wconf 79' lang='grc' dir='ltr'>ἁντιπρόσωπα</span> <span class='ocrx_word' id='word_1_466' title='bbox 1615 4150 1886 4220; x_wconf 79' lang='grc' dir='ltr'>ἀλλήλοις.</span> 
     </span>
    </p>
   </div>
   <div class='ocr_carea' id='block_1_61' title="bbox 314 4237 1887 4314">
    <p class='ocr_par' dir='ltr' id='par_1_61' title="bbox 314 4237 1887 4314">
     <span class='ocr_line' id='line_1_61' title="bbox 314 4237 1887 4314; baseline 0 -21"><span class='ocrx_word' id='word_1_467' title='bbox 314 4242 392 4295; x_wconf 77' lang='grc' dir='ltr'><strong>Τὰ</strong></span> <span class='ocrx_word' id='word_1_468' title='bbox 403 4241 460 4294; x_wconf 69' lang='grc' dir='ltr'>δὲ</span> <span class='ocrx_word' id='word_1_469' title='bbox 470 4240 634 4314; x_wconf 78' lang='grc' dir='ltr'>δρνεα</span> <span class='ocrx_word' id='word_1_470' title='bbox 650 4241 711 4295; x_wconf 83' lang='grc' dir='ltr'>οὺ</span> <span class='ocrx_word' id='word_1_471' title='bbox 721 4240 905 4295; x_wconf 81' lang='grc' dir='ltr'>διεῖλε.</span> <span class='ocrx_word' id='word_1_472' title='bbox 935 4238 1157 4311; x_wconf 55' lang='lat' dir='ltr'><strong>Kc“:th</strong></span> <span class='ocrx_word' id='word_1_473' title='bbox 1171 4238 1229 4293; x_wconf 66' lang='grc' dir='ltr'>δὲ</span> <span class='ocrx_word' id='word_1_474' title='bbox 1257 4239 1420 4311; x_wconf 75' lang='grc' dir='ltr'>ὖρνεα</span> <span class='ocrx_word' id='word_1_475' title='bbox 1443 4239 1536 4293; x_wconf 68' lang='grc' dir='ltr'><strong>ἐπὶ</strong></span> <span class='ocrx_word' id='word_1_476' title='bbox 1551 4239 1620 4294; x_wconf 77' lang='grc' dir='ltr'><strong>τὰ</strong></span> <span class='ocrx_word' id='word_1_477' title='bbox 1637 4237 1887 4309; x_wconf 87' lang='grc' dir='ltr'>σώματα,</span> 
     </span>
    </p>
   </div>
   <div class='ocr_carea' id='block_1_62' title="bbox 313 4330 1891 4404">
    <p class='ocr_par' dir='ltr' id='par_1_62' title="bbox 313 4330 1891 4404">
     <span class='ocr_line' id='line_1_62' title="bbox 313 4330 1891 4404; baseline -0.001 -18"><span class='ocrx_word' id='word_1_478' title='bbox 313 4332 405 4386; x_wconf 66' lang='grc' dir='ltr'><strong>ἰπὶ</strong></span> <span class='ocrx_word' id='word_1_479' title='bbox 420 4332 491 4386; x_wconf 79' lang='grc' dir='ltr'>τὰ</span> <span class='ocrx_word' id='word_1_480' title='bbox 507 4331 923 4404; x_wconf 78' lang='grc' dir='ltr'>διχοτομήματα</span> <span class='ocrx_word' id='word_1_481' title='bbox 953 4330 1134 4386; x_wconf 83' lang='grc' dir='ltr'>αὐτῶν</span> <span class='ocrx_word' id='word_1_482' title='bbox 1152 4347 1164 4362; x_wconf 88' lang='grc'><strong>·</strong></span> <span class='ocrx_word' id='word_1_483' title='bbox 1197 4330 1292 4385; x_wconf 74' lang='grc' dir='ltr'>καὶ</span> <span class='ocrx_word' id='word_1_484' title='bbox 1324 4330 1679 4386; x_wconf 74' lang='grc' dir='ltr'>συνεκάθισεν</span> <span class='ocrx_word' id='word_1_485' title='bbox 1706 4330 1891 4394; x_wconf 81' lang='grc' dir='ltr'>αὐτοῖς</span> 
     </span>
    </p>
   </div>
   <div class='ocr_carea' id='block_1_63' title="bbox 325 4422 1891 4496">
    <p class='ocr_par' dir='ltr' id='par_1_63' title="bbox 325 4422 1891 4496">
     <span class='ocr_line' id='line_1_63' title="bbox 325 4422 1891 4496; baseline -0.002 -18"><span class='ocrx_word' id='word_1_486' title='bbox 325 4424 595 4495; x_wconf 74' lang='grc' dir='ltr'><strong>Ἀϐραάμ.</strong></span> <span class='ocrx_word' id='word_1_487' title='bbox 615 4424 751 4496; x_wconf 80' lang='grc' dir='ltr'><strong>Περὶ</strong></span> <span class='ocrx_word' id='word_1_488' title='bbox 773 4424 832 4478; x_wconf 66' lang='grc' dir='ltr'>δὲ</span> <span class='ocrx_word' id='word_1_489' title='bbox 852 4423 1005 4495; x_wconf 73' lang='grc' dir='ltr'>ἡλίου</span> <span class='ocrx_word' id='word_1_490' title='bbox 1037 4422 1271 4494; x_wconf 81' lang='grc' dir='ltr'>δυσμὰς,</span> <span class='ocrx_word' id='word_1_491' title='bbox 1293 4422 1548 4487; x_wconf 68' lang='grc' dir='ltr'>ἔκστασις</span> <span class='ocrx_word' id='word_1_492' title='bbox 1576 4422 1770 4476; x_wconf 75' lang='grc' dir='ltr'>ἔπεσεν</span> <span class='ocrx_word' id='word_1_493' title='bbox 1798 4422 1891 4476; x_wconf 68' lang='grc' dir='ltr'><strong>ἐπὶ</strong></span> 
     </span>
    </p>
   </div>
   <div class='ocr_carea' id='block_1_64' title="bbox 315 4513 1886 4586">
    <p class='ocr_par' dir='ltr' id='par_1_64' title="bbox 315 4513 1886 4586">
     <span class='ocr_line' id='line_1_64' title="bbox 315 4513 1886 4586; baseline -0.001 -18"><span class='ocrx_word' id='word_1_494' title='bbox 315 4514 403 4570; x_wconf 78' lang='grc' dir='ltr'>τὸν</span> <span class='ocrx_word' id='word_1_495' title='bbox 449 4514 727 4586; x_wconf 73' lang='grc' dir='ltr'>Ἀϐραὰμ,</span> <span class='ocrx_word' id='word_1_496' title='bbox 753 4515 848 4570; x_wconf 71' lang='grc' dir='ltr'><strong>καὶ</strong></span> <span class='ocrx_word' id='word_1_497' title='bbox 881 4515 990 4570; x_wconf 77' lang='grc' dir='ltr'>ίδοὺ</span> <span class='ocrx_word' id='word_1_498' title='bbox 1024 4513 1188 4584; x_wconf 71' lang='lat'><strong>(9060;</strong></span> <span class='ocrx_word' id='word_1_499' title='bbox 1206 4514 1479 4579; x_wconf 79' lang='grc' dir='ltr'>σκοτεινὸς</span> <span class='ocrx_word' id='word_1_500' title='bbox 1508 4513 1683 4585; x_wconf 78' lang='grc' dir='ltr'>μέγας</span> <span class='ocrx_word' id='word_1_501' title='bbox 1698 4514 1886 4568; x_wconf 73' lang='grc' dir='ltr'>ἐπιπί-</span> 
     </span>
    </p>
   </div>
   <div class='ocr_carea' id='block_1_65' title="bbox 314 4603 1888 4678">
    <p class='ocr_par' dir='ltr' id='par_1_65' title="bbox 314 4603 1888 4678">
     <span class='ocr_line' id='line_1_65' title="bbox 314 4603 1888 4678; baseline 0.001 -20"><span class='ocrx_word' id='word_1_502' title='bbox 314 4620 438 4658; x_wconf 74' lang='grc' dir='ltr'>πτει</span> <span class='ocrx_word' id='word_1_503' title='bbox 479 4604 651 4677; x_wconf 78' lang='grc' dir='ltr'>αὐτῷ.</span> <span class='ocrx_word' id='word_1_504' title='bbox 698 4605 811 4660; x_wconf 72' lang='grc' dir='ltr'><strong>Καὶ</strong></span> <span class='ocrx_word' id='word_1_505' title='bbox 847 4604 1045 4678; x_wconf 69' lang='grc' dir='ltr'><strong>ὲρῤἐθη</strong></span> <span class='ocrx_word' id='word_1_506' title='bbox 1083 4605 1222 4674; x_wconf 66' lang='grc' dir='ltr'>πρὸς</span> <span class='ocrx_word' id='word_1_507' title='bbox 1265 4603 1539 4676; x_wconf 72' lang='grc' dir='ltr'><strong>Ἁϐραάμ·</strong></span> <span class='ocrx_word' id='word_1_508' title='bbox 1593 4604 1888 4660; x_wconf 85' lang='grc' dir='ltr'>Γινώσκων</span> 
     </span>
    </p>
   </div>
   <div class='ocr_carea' id='block_1_66' title="bbox 313 4696 1887 4769">
    <p class='ocr_par' dir='ltr' id='par_1_66' title="bbox 313 4696 1887 4769">
     <span class='ocr_line' id='line_1_66' title="bbox 313 4696 1887 4769; baseline 0 -18"><span class='ocrx_word' id='word_1_509' title='bbox 313 4696 617 4768; x_wconf 77' lang='grc' dir='ltr'>γνώσῃ,δτι</span> <span class='ocrx_word' id='word_1_510' title='bbox 651 4696 913 4768; x_wconf 80' lang='grc' dir='ltr'>πάροικον</span> <span class='ocrx_word' id='word_1_511' title='bbox 934 4696 1088 4751; x_wconf 73' lang='grc' dir='ltr'>ἔσται</span> <span class='ocrx_word' id='word_1_512' title='bbox 1121 4696 1185 4750; x_wconf 75' lang='lat'><strong>:0</strong></span> <span class='ocrx_word' id='word_1_513' title='bbox 1211 4697 1435 4769; x_wconf 84' lang='grc' dir='ltr'>σπέρμα</span> <span class='ocrx_word' id='word_1_514' title='bbox 1472 4713 1565 4751; x_wconf 89' lang='grc' dir='ltr'><strong>σου</strong></span> <span class='ocrx_word' id='word_1_515' title='bbox 1594 4696 1651 4751; x_wconf 68' lang='grc' dir='ltr'>ἐν</span> <span class='ocrx_word' id='word_1_516' title='bbox 1681 4700 1752 4767; x_wconf 81' lang='grc' dir='ltr'><strong>γῇ</strong></span> <span class='ocrx_word' id='word_1_517' title='bbox 1783 4697 1887 4752; x_wconf 83' lang='grc' dir='ltr'>οὐκ</span> 
     </span>
    </p>
   </div>
   <div class='ocr_carea' id='block_1_67' title="bbox 315 4787 1883 4859">
    <p class='ocr_par' dir='ltr' id='par_1_67' title="bbox 315 4787 1883 4859">
     <span class='ocr_line' id='line_1_67' title="bbox 315 4787 1883 4859; baseline 0.003 -21"><span class='ocrx_word' id='word_1_518' title='bbox 315 4788 442 4859; x_wconf 58' lang='grc' dir='ltr'>ἰδία,</span> <span class='ocrx_word' id='word_1_519' title='bbox 461 4789 554 4842; x_wconf 72' lang='grc' dir='ltr'>καὶ</span> <span class='ocrx_word' id='word_1_520' title='bbox 568 4787 927 4841; x_wconf 80' lang='grc' dir='ltr'>δουλώσουσιν</span> <span class='ocrx_word' id='word_1_521' title='bbox 948 4788 1167 4854; x_wconf 81' lang='grc' dir='ltr'>αὐτοὺς,</span> <span class='ocrx_word' id='word_1_522' title='bbox 1190 4789 1287 4844; x_wconf 76' lang='grc' dir='ltr'>καὶ</span> <span class='ocrx_word' id='word_1_523' title='bbox 1313 4789 1654 4843; x_wconf 82' lang='grc' dir='ltr'>κακώσουσιν</span> <span class='ocrx_word' id='word_1_524' title='bbox 1682 4788 1883 4853; x_wconf 76' lang='grc' dir='ltr'>αὐτοὺς</span> 
     </span>
    </p>
   </div>
   <div class='ocr_carea' id='block_1_68' title="bbox 311 4874 1886 4953">
    <p class='ocr_par' dir='ltr' id='par_1_68' title="bbox 311 4874 1886 4953">
     <span class='ocr_line' id='line_1_68' title="bbox 311 4874 1886 4953; baseline 0.002 -22"><span class='ocrx_word' id='word_1_525' title='bbox 311 4879 405 4948; x_wconf 72' lang='grc' dir='ltr'><strong>ἔτη</strong></span> <span class='ocrx_word' id='word_1_526' title='bbox 433 4880 779 4949; x_wconf 70' lang='grc' dir='ltr'>τετρακόσια.</span> <span class='ocrx_word' id='word_1_527' title='bbox 817 4880 891 4934; x_wconf 86' lang='lat' dir='ltr'><strong>T0</strong></span> <span class='ocrx_word' id='word_1_528' title='bbox 921 4880 978 4933; x_wconf 78' lang='grc' dir='ltr'>δὲ</span> <span class='ocrx_word' id='word_1_529' title='bbox 1006 4880 1160 4949; x_wconf 71' lang='grc' dir='ltr'>ἔθνος</span> <span class='ocrx_word' id='word_1_530' title='bbox 1187 4874 1232 4950; x_wconf 79' lang='grc' dir='ltr'><strong>ᾧ</strong></span> <span class='ocrx_word' id='word_1_531' title='bbox 1265 4881 1362 4935; x_wconf 74' lang='grc' dir='ltr'>ἐὰν</span> <span class='ocrx_word' id='word_1_532' title='bbox 1390 4881 1736 4945; x_wconf 77' lang='grc' dir='ltr'>δουλεύσωσι,</span> <span class='ocrx_word' id='word_1_533' title='bbox 1765 4899 1886 4953; x_wconf 87' lang='grc' dir='ltr'>κρι-</span> 
     </span>
    </p>
   </div>
   <div class='ocr_carea' id='block_1_69' title="bbox 310 4966 1886 5044">
    <p class='ocr_par' dir='ltr' id='par_1_69' title="bbox 310 4966 1886 5044">
     <span class='ocr_line' id='line_1_69' title="bbox 310 4966 1886 5044; baseline 0.003 -23"><span class='ocrx_word' id='word_1_534' title='bbox 310 4970 385 5023; x_wconf 78' lang='grc' dir='ltr'><strong>νῶ</strong></span> <span class='ocrx_word' id='word_1_535' title='bbox 409 4969 536 5037; x_wconf 64' lang='grc' dir='ltr'>ἐγώ.</span> <span class='ocrx_word' id='word_1_536' title='bbox 565 4970 723 5025; x_wconf 76' lang='grc' dir='ltr'>Μετὰ</span> <span class='ocrx_word' id='word_1_537' title='bbox 752 4970 811 5024; x_wconf 76' lang='grc' dir='ltr'>δὲ</span> <span class='ocrx_word' id='word_1_538' title='bbox 846 4970 1021 5026; x_wconf 79' lang='grc' dir='ltr'>ταῦτα</span> <span class='ocrx_word' id='word_1_539' title='bbox 1050 4971 1424 5037; x_wconf 69' lang='grc' dir='ltr'>ἐξελεύσονται</span> <span class='ocrx_word' id='word_1_540' title='bbox 1454 4966 1556 5027; x_wconf 82' lang='grc' dir='ltr'><strong>ὧδε</strong></span> <span class='ocrx_word' id='word_1_541' title='bbox 1590 4972 1729 5044; x_wconf 77' lang='grc' dir='ltr'>μετὰ</span> <span class='ocrx_word' id='word_1_542' title='bbox 1747 4973 1886 5026; x_wconf 85' lang='grc' dir='ltr'><strong>ἀπο-</strong></span> 
     </span>
    </p>
   </div>
   <div class='ocr_carea' id='block_1_70' title="bbox 313 5061 1885 5136">
    <p class='ocr_par' dir='ltr' id='par_1_70' title="bbox 313 5061 1885 5136">
     <span class='ocr_line' id='line_1_70' title="bbox 313 5061 1885 5136; baseline 0.002 -23"><span class='ocrx_word' id='word_1_543' title='bbox 313 5062 512 5132; x_wconf 79' lang='grc' dir='ltr'>σκευῆς</span> <span class='ocrx_word' id='word_1_544' title='bbox 539 5061 762 5132; x_wconf 79' lang='grc' dir='ltr'>πολλῆς.</span> <span class='ocrx_word' id='word_1_545' title='bbox 790 5063 864 5117; x_wconf 78' lang='grc' dir='ltr'><strong>Σὺ</strong></span> <span class='ocrx_word' id='word_1_546' title='bbox 895 5063 951 5118; x_wconf 82' lang='grc' dir='ltr'>δὲ</span> <span class='ocrx_word' id='word_1_547' title='bbox 985 5063 1264 5135; x_wconf 76' lang='grc' dir='ltr'>ἀπελεύσῃ</span> <span class='ocrx_word' id='word_1_548' title='bbox 1307 5063 1442 5136; x_wconf 77' lang='lat'><strong>1:90;</strong></span> <span class='ocrx_word' id='word_1_549' title='bbox 1473 5065 1604 5128; x_wconf 77' lang='grc' dir='ltr'>τοὺς</span> <span class='ocrx_word' id='word_1_550' title='bbox 1642 5063 1885 5135; x_wconf 81' lang='grc' dir='ltr'>πατέρας</span> 
     </span>
    </p>
   </div>
   <div class='ocr_carea' id='block_1_71' title="bbox 312 5154 1885 5228">
    <p class='ocr_par' dir='ltr' id='par_1_71' title="bbox 312 5154 1885 5228">
     <span class='ocr_line' id='line_1_71' title="bbox 312 5154 1885 5228; baseline 0.002 -23"><span class='ocrx_word' id='word_1_551' title='bbox 312 5169 404 5205; x_wconf 87' lang='grc' dir='ltr'><strong>σου</strong></span> <span class='ocrx_word' id='word_1_552' title='bbox 441 5154 560 5223; x_wconf 80' lang='grc' dir='ltr'>μετ’</span> <span class='ocrx_word' id='word_1_553' title='bbox 593 5155 840 5226; x_wconf 73' lang='grc' dir='ltr'>εἰρήνης,</span> <span class='ocrx_word' id='word_1_554' title='bbox 874 5156 1102 5227; x_wconf 80' lang='grc' dir='ltr'>τραφεὶς</span> <span class='ocrx_word' id='word_1_555' title='bbox 1135 5158 1194 5210; x_wconf 74' lang='grc' dir='ltr'>ἐν</span> <span class='ocrx_word' id='word_1_556' title='bbox 1231 5156 1393 5227; x_wconf 83' lang='grc' dir='ltr'>γήρει</span> <span class='ocrx_word' id='word_1_557' title='bbox 1438 5156 1608 5227; x_wconf 84' lang='grc' dir='ltr'>καλῷ.</span> <span class='ocrx_word' id='word_1_558' title='bbox 1637 5156 1885 5228; x_wconf 80' lang='grc' dir='ltr'>Τετάρτῃ</span> 
     </span>
    </p>
   </div>
   <div class='ocr_carea' id='block_1_72' title="bbox 309 5241 1889 5317">
    <p class='ocr_par' dir='ltr' id='par_1_72' title="bbox 309 5241 1889 5317">
     <span class='ocr_line' id='line_1_72' title="bbox 309 5241 1889 5317; baseline 0.002 -23"><span class='ocrx_word' id='word_1_559' title='bbox 309 5241 363 5294; x_wconf 71' lang='grc' dir='ltr'>δὲ</span> <span class='ocrx_word' id='word_1_560' title='bbox 400 5243 589 5313; x_wconf 76' lang='grc' dir='ltr'>γενεᾷ,</span> <span class='ocrx_word' id='word_1_561' title='bbox 628 5244 1143 5317; x_wconf 82' lang='grc' dir='ltr'>ἀποστραφήσονται</span> <span class='ocrx_word' id='word_1_562' title='bbox 1180 5243 1303 5300; x_wconf 83' lang='grc' dir='ltr'>ὧδε.</span> <span class='ocrx_word' id='word_1_563' title='bbox 1347 5243 1515 5298; x_wconf 76' lang='grc' dir='ltr'><strong>οὔπω</strong></span> <span class='ocrx_word' id='word_1_564' title='bbox 1549 5244 1660 5316; x_wconf 80' lang='grc' dir='ltr'><strong>γὰρ</strong></span> <span class='ocrx_word' id='word_1_565' title='bbox 1691 5244 1889 5299; x_wconf 81' lang='grc' dir='ltr'>ἀναπε-</span> 
     </span>
    </p>
   </div>
   <div class='ocr_carea' id='block_1_73' title="bbox 312 5333 1880 5410">
    <p class='ocr_par' dir='ltr' id='par_1_73' title="bbox 312 5333 1880 5410">
     <span class='ocr_line' id='line_1_73' title="bbox 312 5333 1880 5410; baseline 0.003 -25"><span class='ocrx_word' id='word_1_566' title='bbox 312 5333 624 5407; x_wconf 81' lang='grc' dir='ltr'>τλήρωνται</span> <span class='ocrx_word' id='word_1_567' title='bbox 677 5337 736 5390; x_wconf 87' lang='grc' dir='ltr'><strong>αί</strong></span> <span class='ocrx_word' id='word_1_568' title='bbox 783 5338 1051 5409; x_wconf 83' lang='grc' dir='ltr'>ἁμαρτίαι</span> <span class='ocrx_word' id='word_1_569' title='bbox 1093 5337 1202 5392; x_wconf 80' lang='grc' dir='ltr'><strong>τῶν</strong></span> <span class='ocrx_word' id='word_1_570' title='bbox 1248 5336 1593 5410; x_wconf 74' lang='grc' dir='ltr'>Ἀμορραίων</span> <span class='ocrx_word' id='word_1_571' title='bbox 1644 5337 1750 5401; x_wconf 74' lang='grc' dir='ltr'>ἕως</span> <span class='ocrx_word' id='word_1_572' title='bbox 1788 5337 1880 5390; x_wconf 83' lang='grc' dir='ltr'>τοῦ</span> 
     </span>
    </p>
   </div>
   <div class='ocr_carea' id='block_1_74' title="bbox 309 5424 1882 5500">
    <p class='ocr_par' dir='ltr' id='par_1_74' title="bbox 309 5424 1882 5500">
     <span class='ocr_line' id='line_1_74' title="bbox 309 5424 1882 5500; baseline 0.007 -25"><span class='ocrx_word' id='word_1_573' title='bbox 309 5424 422 5481; x_wconf 69' lang='grc' dir='ltr'>νῦν.</span> <span class='ocrx_word' id='word_1_574' title='bbox 464 5427 684 5499; x_wconf 73' lang='grc' dir='ltr'>Ἐπειδὴ</span> <span class='ocrx_word' id='word_1_575' title='bbox 724 5427 783 5483; x_wconf 69' lang='grc' dir='ltr'>δὲ</span> <span class='ocrx_word' id='word_1_576' title='bbox 824 5429 1040 5498; x_wconf 75' lang='grc' dir='ltr'>ἐγένετο</span> <span class='ocrx_word' id='word_1_577' title='bbox 1070 5431 1099 5483; x_wconf 91' lang='lat'><strong>0</strong></span> <span class='ocrx_word' id='word_1_578' title='bbox 1129 5430 1282 5499; x_wconf 80' lang='grc' dir='ltr'>ἥλιος</span> <span class='ocrx_word' id='word_1_579' title='bbox 1318 5429 1452 5500; x_wconf 86' lang='grc' dir='ltr'><strong>πρὸς</strong></span> <span class='ocrx_word' id='word_1_580' title='bbox 1484 5428 1714 5499; x_wconf 81' lang='grc' dir='ltr'>δυσμὰς,</span> <span class='ocrx_word' id='word_1_581' title='bbox 1750 5428 1882 5497; x_wconf 75' lang='grc' dir='ltr'>φλὸξ</span> 
     </span>
    </p>
   </div>
   <div class='ocr_carea' id='block_1_75' title="bbox 312 5514 1882 5591">
    <p class='ocr_par' dir='ltr' id='par_1_75' title="bbox 312 5514 1882 5591">
     <span class='ocr_line' id='line_1_75' title="bbox 312 5514 1882 5591; baseline 0.003 -24"><span class='ocrx_word' id='word_1_582' title='bbox 312 5514 543 5581; x_wconf 64' lang='grc' dir='ltr'>ἐγένετο.</span> <span class='ocrx_word' id='word_1_583' title='bbox 574 5518 687 5573; x_wconf 74' lang='grc' dir='ltr'><strong>Καὶ</strong></span> <span class='ocrx_word' id='word_1_584' title='bbox 723 5518 833 5573; x_wconf 79' lang='grc' dir='ltr'>ἰδοὺ</span> <span class='ocrx_word' id='word_1_585' title='bbox 862 5518 1115 5583; x_wconf 77' lang='grc' dir='ltr'>κλίϐανος</span> <span class='ocrx_word' id='word_1_586' title='bbox 1147 5518 1562 5591; x_wconf 73' lang='grc' dir='ltr'>καπνιζόμενος,</span> <span class='ocrx_word' id='word_1_587' title='bbox 1604 5519 1699 5573; x_wconf 73' lang='grc' dir='ltr'><strong>καὶ</strong></span> <span class='ocrx_word' id='word_1_588' title='bbox 1738 5519 1882 5591; x_wconf 82' lang='grc' dir='ltr'>λαμ-</span> 
     </span>
    </p>
   </div>
   <div class='ocr_carea' id='block_1_76' title="bbox 313 5604 1879 5681">
    <p class='ocr_par' dir='ltr' id='par_1_76' title="bbox 313 5604 1879 5681">
     <span class='ocr_line' id='line_1_76' title="bbox 313 5604 1879 5681; baseline 0.006 -28"><span class='ocrx_word' id='word_1_589' title='bbox 313 5604 473 5670; x_wconf 68' lang='grc' dir='ltr'>πάδες</span> <span class='ocrx_word' id='word_1_590' title='bbox 504 5607 700 5681; x_wconf 80' lang='grc' dir='ltr'>πυρὸς,</span> <span class='ocrx_word' id='word_1_591' title='bbox 734 5607 793 5661; x_wconf 83' lang='grc' dir='ltr'>αἳ</span> <span class='ocrx_word' id='word_1_592' title='bbox 848 5607 1062 5680; x_wconf 82' lang='grc' dir='ltr'>διῆλθον</span> <span class='ocrx_word' id='word_1_593' title='bbox 1108 5609 1212 5665; x_wconf 67' lang='grc' dir='ltr'>ἀνὰ</span> <span class='ocrx_word' id='word_1_594' title='bbox 1253 5610 1419 5680; x_wconf 72' lang='grc' dir='ltr'>μέσον</span> <span class='ocrx_word' id='word_1_595' title='bbox 1458 5609 1565 5664; x_wconf 81' lang='grc' dir='ltr'>τῶν</span> <span class='ocrx_word' id='word_1_596' title='bbox 1598 5610 1879 5681; x_wconf 79' lang='grc' dir='ltr'>διχοτομη-</span> 
     </span>
    </p>
   </div>
   <div class='ocr_carea' id='block_1_77' title="bbox 383 5781 902 5850">
    <p class='ocr_par' dir='ltr' id='par_1_77' title="bbox 383 5781 902 5850">
     <span class='ocr_line' id='line_1_77' title="bbox 383 5781 902 5850; baseline -0.002 -9"><span class='ocrx_word' id='word_1_597' title='bbox 383 5782 426 5818; x_wconf 82' lang='grc'><strong>²⁹</strong></span> <span class='ocrx_word' id='word_1_598' title='bbox 450 5781 587 5841; x_wconf 87' lang='lat' dir='ltr'><strong>Gen.</strong></span> <span class='ocrx_word' id='word_1_599' title='bbox 624 5802 715 5850; x_wconf 74' lang='lat' dir='ltr'><strong>xv,</strong></span> <span class='ocrx_word' id='word_1_600' title='bbox 750 5786 902 5840; x_wconf 72' lang='lat'><strong>7—!8.</strong></span> 
     </span>
    </p>
   </div>
   <div class='ocr_carea' id='block_1_78' title="bbox 1992 1950 3573 2030">
    <p class='ocr_par' dir='ltr' id='par_1_78' title="bbox 1992 1950 3573 2030">
     <span class='ocr_line' id='line_1_78' title="bbox 1992 1950 3573 2030; baseline -0.001 -16"><span class='ocrx_word' id='word_1_601' title='bbox 1992 1970 2110 2014; x_wconf 91' lang='lat' dir='ltr'><strong>tum</strong></span> <span class='ocrx_word' id='word_1_602' title='bbox 2132 1967 2218 2017; x_wconf 91' lang='lat' dir='ltr'><strong>est</strong></span> <span class='ocrx_word' id='word_1_603' title='bbox 2240 1960 2291 2015; x_wconf 91' lang='lat' dir='ltr'><strong>ei</strong></span> <span class='ocrx_word' id='word_1_604' title='bbox 2314 1958 2380 2014; x_wconf 87' lang='lat' dir='ltr'><strong>ad</strong></span> <span class='ocrx_word' id='word_1_605' title='bbox 2425 1959 2744 2030; x_wconf 67' lang='lat' dir='ltr'><strong>justitiam.»</strong></span> <span class='ocrx_word' id='word_1_606' title='bbox 2764 1958 3052 2014; x_wconf 80' lang='lat' dir='ltr'><strong>Praemium</strong></span> <span class='ocrx_word' id='word_1_607' title='bbox 3080 1959 3260 2029; x_wconf 84' lang='lat' dir='ltr'><strong>itaque</strong></span> <span class='ocrx_word' id='word_1_608' title='bbox 3278 1958 3456 2014; x_wconf 83' lang='lat' dir='ltr'><strong>aufert</strong></span> <span class='ocrx_word' id='word_1_609' title='bbox 3478 1950 3573 2030; x_wconf 58' lang='lat' dir='ltr'><strong>ju-L</strong></span> 
     </span>
    </p>
   </div>
   <div class='ocr_carea' id='block_1_79' title="bbox 1992 2048 3573 2118">
    <p class='ocr_par' dir='ltr' id='par_1_79' title="bbox 1992 2048 3573 2118">
     <span class='ocr_line' id='line_1_79' title="bbox 1992 2048 3573 2118; baseline 0 -12"><span class='ocrx_word' id='word_1_610' title='bbox 1992 2050 2224 2118; x_wconf 86' lang='lat' dir='ltr'><strong>stitiam,</strong></span> <span class='ocrx_word' id='word_1_611' title='bbox 2252 2048 2357 2105; x_wconf 78' lang='lat' dir='ltr'><strong>ﬁde</strong></span> <span class='ocrx_word' id='word_1_612' title='bbox 2385 2052 2765 2105; x_wconf 89' lang='lat' dir='ltr'><strong>universorum</strong></span> <span class='ocrx_word' id='word_1_613' title='bbox 2790 2049 3079 2103; x_wconf 88' lang='lat' dir='ltr'><strong>Dominum</strong></span> <span class='ocrx_word' id='word_1_614' title='bbox 3098 2049 3573 2107; x_wconf 85' lang='lat' dir='ltr'><strong>colens.Testatus</strong></span> 
     </span>
    </p>
   </div>
   <div class='ocr_carea' id='block_1_80' title="bbox 1991 2140 3573 2213">
    <p class='ocr_par' dir='ltr' id='par_1_80' title="bbox 1991 2140 3573 2213">
     <span class='ocr_line' id='line_1_80' title="bbox 1991 2140 3573 2213; baseline -0.001 -16"><span class='ocrx_word' id='word_1_615' title='bbox 1991 2143 2139 2197; x_wconf 90' lang='lat' dir='ltr'><strong>enim</strong></span> <span class='ocrx_word' id='word_1_616' title='bbox 2189 2151 2273 2197; x_wconf 89' lang='lat' dir='ltr'><strong>est</strong></span> <span class='ocrx_word' id='word_1_617' title='bbox 2323 2156 2422 2213; x_wconf 91' lang='lat' dir='ltr'><strong>per</strong></span> <span class='ocrx_word' id='word_1_618' title='bbox 2474 2142 2578 2196; x_wconf 86' lang='lat' dir='ltr'><strong>hoc</strong></span> <span class='ocrx_word' id='word_1_619' title='bbox 2630 2140 2828 2211; x_wconf 90' lang='lat' dir='ltr'><strong>ipsum,</strong></span> <span class='ocrx_word' id='word_1_620' title='bbox 2875 2141 3058 2195; x_wconf 87' lang='lat' dir='ltr'><strong>omnia</strong></span> <span class='ocrx_word' id='word_1_621' title='bbox 3104 2150 3361 2211; x_wconf 66' lang='lat' dir='ltr'><strong>prmstare</strong></span> <span class='ocrx_word' id='word_1_622' title='bbox 3407 2151 3573 2211; x_wconf 79' lang='lat' dir='ltr'><strong>atque</strong></span> 
     </span>
    </p>
   </div>
   <div class='ocr_carea' id='block_1_81' title="bbox 1989 2232 3574 2304">
    <p class='ocr_par' dir='ltr' id='par_1_81' title="bbox 1989 2232 3574 2304">
     <span class='ocr_line' id='line_1_81' title="bbox 1989 2232 3574 2304; baseline -0.001 -15"><span class='ocrx_word' id='word_1_623' title='bbox 1989 2233 2204 2289; x_wconf 70' lang='lat' dir='ltr'><strong>edicere</strong></span> <span class='ocrx_word' id='word_1_624' title='bbox 2225 2248 2405 2304; x_wconf 86' lang='lat' dir='ltr'><strong>posse.</strong></span> <span class='ocrx_word' id='word_1_625' title='bbox 2446 2232 2763 2288; x_wconf 90' lang='lat' dir='ltr'><strong>lncredulus</strong></span> <span class='ocrx_word' id='word_1_626' title='bbox 2782 2248 2913 2288; x_wconf 88' lang='lat' dir='ltr'><strong>vero</strong></span> <span class='ocrx_word' id='word_1_627' title='bbox 2940 2240 2995 2288; x_wconf 91' lang='lat' dir='ltr'><strong>ct</strong></span> <span class='ocrx_word' id='word_1_628' title='bbox 3029 2241 3375 2303; x_wconf 88' lang='lat' dir='ltr'><strong>contemptor</strong></span> <span class='ocrx_word' id='word_1_629' title='bbox 3420 2248 3574 2287; x_wconf 85' lang='lat' dir='ltr'><strong>arro-</strong></span> 
     </span>
    </p>
   </div>
   <div class='ocr_carea' id='block_1_82' title="bbox 1952 2321 3572 2396">
    <p class='ocr_par' dir='ltr' id='par_1_82' title="bbox 1952 2321 3572 2396">
     <span class='ocr_line' id='line_1_82' title="bbox 1952 2321 3572 2396; baseline 0.001 -23"><span class='ocrx_word' id='word_1_630' title='bbox 1952 2368 1959 2373; x_wconf 94' lang='lat'><strong>.</strong></span> <span class='ocrx_word' id='word_1_631' title='bbox 1990 2338 2124 2396; x_wconf 83' lang='lat' dir='ltr'><strong>gans</strong></span> <span class='ocrx_word' id='word_1_632' title='bbox 2149 2323 2316 2378; x_wconf 81' lang='lat' dir='ltr'><strong>fuerit</strong></span> <span class='ocrx_word' id='word_1_633' title='bbox 2339 2338 2404 2378; x_wconf 89' lang='lat' dir='ltr'><strong>ac</strong></span> <span class='ocrx_word' id='word_1_634' title='bbox 2422 2321 2884 2390; x_wconf 87' lang='lat' dir='ltr'><strong>contumeliosus;</strong></span> <span class='ocrx_word' id='word_1_635' title='bbox 2918 2322 3115 2377; x_wconf 88' lang='lat' dir='ltr'><strong>merito</strong></span> <span class='ocrx_word' id='word_1_636' title='bbox 3138 2322 3320 2392; x_wconf 89' lang='lat' dir='ltr'><strong>itaque</strong></span> <span class='ocrx_word' id='word_1_637' title='bbox 3353 2337 3572 2393; x_wconf 81' lang='lat' dir='ltr'><strong>pcenam</strong></span> 
     </span>
    </p>
   </div>
   <div class='ocr_carea' id='block_1_83' title="bbox 1990 2413 3572 2488">
    <p class='ocr_par' dir='ltr' id='par_1_83' title="bbox 1990 2413 3572 2488">
     <span class='ocr_line' id='line_1_83' title="bbox 1990 2413 3572 2488; baseline -0.003 -15"><span class='ocrx_word' id='word_1_638' title='bbox 1990 2433 2054 2473; x_wconf 88' lang='lat' dir='ltr'><strong>ac</strong></span> <span class='ocrx_word' id='word_1_639' title='bbox 2085 2416 2416 2488; x_wconf 85' lang='lat' dir='ltr'><strong>supplicium</strong></span> <span class='ocrx_word' id='word_1_640' title='bbox 2456 2416 2720 2471; x_wconf 84' lang='lat' dir='ltr'><strong>incurret.</strong></span> <span class='ocrx_word' id='word_1_641' title='bbox 2764 2433 2783 2466; x_wconf 88' lang='grc'><strong><em>‹</em></strong></span> <span class='ocrx_word' id='word_1_642' title='bbox 2824 2413 3071 2471; x_wconf 86' lang='lat' dir='ltr'><strong>Credidit</strong></span> <span class='ocrx_word' id='word_1_643' title='bbox 3106 2414 3272 2487; x_wconf 86' lang='lat' dir='ltr'><strong>igitur</strong></span> <span class='ocrx_word' id='word_1_644' title='bbox 3298 2414 3572 2469; x_wconf 82' lang='lat' dir='ltr'><strong>Abraham</strong></span> 
     </span>
    </p>
   </div>
   <div class='ocr_carea' id='block_1_84' title="bbox 1991 2504 3571 2580">
    <p class='ocr_par' dir='ltr' id='par_1_84' title="bbox 1991 2504 3571 2580">
     <span class='ocr_line' id='line_1_84' title="bbox 1991 2504 3571 2580; baseline -0.004 -16"><span class='ocrx_word' id='word_1_645' title='bbox 1991 2509 2122 2575; x_wconf 90' lang='lat' dir='ltr'><strong>Deo,</strong></span> <span class='ocrx_word' id='word_1_646' title='bbox 2146 2518 2202 2564; x_wconf 90' lang='lat' dir='ltr'><strong>et</strong></span> <span class='ocrx_word' id='word_1_647' title='bbox 2222 2506 2550 2580; x_wconf 75' lang='lat' dir='ltr'><strong>iustiﬁcatus</strong></span> <span class='ocrx_word' id='word_1_648' title='bbox 2571 2515 2656 2562; x_wconf 91' lang='lat' dir='ltr'><strong>est</strong></span> <span class='ocrx_word' id='word_1_649' title='bbox 2676 2505 2744 2561; x_wconf 90' lang='lat' dir='ltr'><strong>ab</strong></span> <span class='ocrx_word' id='word_1_650' title='bbox 2761 2521 2845 2563; x_wconf 92' lang='lat' dir='ltr'><strong>eo.</strong></span> <span class='ocrx_word' id='word_1_651' title='bbox 2869 2526 2887 2558; x_wconf 76' lang='grc' dir='ltr'><strong>ι</strong></span> <span class='ocrx_word' id='word_1_652' title='bbox 2908 2505 3124 2576; x_wconf 77' lang='lat' dir='ltr'><strong>Repetit</strong></span> <span class='ocrx_word' id='word_1_653' title='bbox 3149 2514 3330 2560; x_wconf 90' lang='lat' dir='ltr'><strong>autem</strong></span> <span class='ocrx_word' id='word_1_654' title='bbox 3356 2504 3571 2576; x_wconf 85' lang='lat' dir='ltr'><strong>signum</strong></span> 
     </span>
    </p>
   </div>
   <div class='ocr_carea' id='block_1_85' title="bbox 1990 2596 3571 2668">
    <p class='ocr_par' dir='ltr' id='par_1_85' title="bbox 1990 2596 3571 2668">
     <span class='ocr_line' id='line_1_85' title="bbox 1990 2596 3571 2668; baseline -0.003 -14"><span class='ocrx_word' id='word_1_655' title='bbox 1990 2600 2046 2654; x_wconf 89' lang='lat' dir='ltr'><strong>in</strong></span> <span class='ocrx_word' id='word_1_656' title='bbox 2072 2599 2544 2656; x_wconf 77' lang='lat' dir='ltr'><strong>conﬁrmationem</strong></span> <span class='ocrx_word' id='word_1_657' title='bbox 2584 2612 2649 2654; x_wconf 88' lang='lat' dir='ltr'><strong>ac</strong></span> <span class='ocrx_word' id='word_1_658' title='bbox 2684 2598 2971 2653; x_wconf 82' lang='lat' dir='ltr'><strong>veritatem</strong></span> <span class='ocrx_word' id='word_1_659' title='bbox 3010 2596 3119 2668; x_wconf 84' lang='lat'><strong>70</strong></span> <span class='ocrx_word' id='word_1_660' title='bbox 3150 2596 3571 2667; x_wconf 86' lang='lat' dir='ltr'><strong>promissorum.</strong></span> 
     </span>
    </p>
   </div>
   <div class='ocr_carea' id='block_1_86' title="bbox 1988 2685 3571 2764">
    <p class='ocr_par' dir='ltr' id='par_1_86' title="bbox 1988 2685 3571 2764">
     <span class='ocr_line' id='line_1_86' title="bbox 1988 2685 3571 2764; baseline -0.005 -15"><span class='ocrx_word' id='word_1_661' title='bbox 1988 2694 2135 2750; x_wconf 88' lang='lat' dir='ltr'><strong>Deus</strong></span> <span class='ocrx_word' id='word_1_662' title='bbox 2155 2709 2286 2764; x_wconf 89' lang='lat' dir='ltr'><strong>ergo</strong></span> <span class='ocrx_word' id='word_1_663' title='bbox 2328 2691 2591 2763; x_wconf 88' lang='lat' dir='ltr'><strong>singulari</strong></span> <span class='ocrx_word' id='word_1_664' title='bbox 2639 2690 2869 2746; x_wconf 88' lang='lat' dir='ltr'><strong>consilio</strong></span> <span class='ocrx_word' id='word_1_665' title='bbox 2908 2690 3278 2761; x_wconf 86' lang='lat' dir='ltr'><strong>juramcntum</strong></span> <span class='ocrx_word' id='word_1_666' title='bbox 3325 2685 3571 2750; x_wconf 87' lang='lat' dir='ltr'><strong>adhibet,</strong></span> 
     </span>
    </p>
   </div>
   <div class='ocr_carea' id='block_1_87' title="bbox 1990 2778 3572 2856">
    <p class='ocr_par' dir='ltr' id='par_1_87' title="bbox 1990 2778 3572 2856">
     <span class='ocr_line' id='line_1_87' title="bbox 1990 2778 3572 2856; baseline -0.005 -17"><span class='ocrx_word' id='word_1_667' title='bbox 1990 2800 2060 2839; x_wconf 89' lang='lat' dir='ltr'><strong>ne</strong></span> <span class='ocrx_word' id='word_1_668' title='bbox 2100 2784 2167 2850; x_wconf 90' lang='lat' dir='ltr'><strong>is,</strong></span> <span class='ocrx_word' id='word_1_669' title='bbox 2188 2785 2284 2854; x_wconf 92' lang='lat' dir='ltr'><strong>qui</strong></span> <span class='ocrx_word' id='word_1_670' title='bbox 2294 2785 2405 2856; x_wconf 86' lang='lat' dir='ltr'><strong>jam</strong></span> <span class='ocrx_word' id='word_1_671' title='bbox 2426 2782 2757 2846; x_wconf 88' lang='lat' dir='ltr'><strong>crediderat,</strong></span> <span class='ocrx_word' id='word_1_672' title='bbox 2786 2781 2968 2836; x_wconf 87' lang='lat' dir='ltr'><strong>animo</strong></span> <span class='ocrx_word' id='word_1_673' title='bbox 2990 2780 3289 2835; x_wconf 87' lang='lat' dir='ltr'><strong>vacillaret.</strong></span> <span class='ocrx_word' id='word_1_674' title='bbox 3322 2779 3401 2833; x_wconf 85' lang='lat' dir='ltr'><strong>Ita</strong></span> <span class='ocrx_word' id='word_1_675' title='bbox 3425 2778 3572 2832; x_wconf 85' lang='lat' dir='ltr'><strong>enim</strong></span> 
     </span>
    </p>
   </div>
   <div class='ocr_carea' id='block_1_88' title="bbox 1990 2864 3573 2940">
    <p class='ocr_par' dir='ltr' id='par_1_88' title="bbox 1990 2864 3573 2940">
     <span class='ocr_line' id='line_1_88' title="bbox 1990 2864 3573 2940; baseline -0.002 -15"><span class='ocrx_word' id='word_1_676' title='bbox 1990 2871 2256 2940; x_wconf 89' lang='lat' dir='ltr'><strong>scriptum</strong></span> <span class='ocrx_word' id='word_1_677' title='bbox 2282 2878 2366 2925; x_wconf 91' lang='lat' dir='ltr'><strong>est</strong></span> <span class='ocrx_word' id='word_1_678' title='bbox 2392 2889 2405 2924; x_wconf 87' lang='lat'><strong>:</strong></span> <span class='ocrx_word' id='word_1_679' title='bbox 2443 2888 2461 2920; x_wconf 77' lang='grc' dir='ltr'><strong>ι</strong></span> <span class='ocrx_word' id='word_1_680' title='bbox 2492 2870 2639 2924; x_wconf 75' lang='lat' dir='ltr'><strong>Dixit</strong></span> <span class='ocrx_word' id='word_1_681' title='bbox 2674 2876 2855 2924; x_wconf 89' lang='lat' dir='ltr'><strong>autem</strong></span> <span class='ocrx_word' id='word_1_682' title='bbox 2882 2869 2949 2922; x_wconf 90' lang='lat' dir='ltr'><strong>ad</strong></span> <span class='ocrx_word' id='word_1_683' title='bbox 2982 2883 3107 2923; x_wconf 89' lang='lat' dir='ltr'><strong>eum</strong></span> <span class='ocrx_word' id='word_1_684' title='bbox 3136 2886 3148 2922; x_wconf 92' lang='lat'><strong>:</strong></span> <span class='ocrx_word' id='word_1_685' title='bbox 3174 2869 3287 2938; x_wconf 86' lang='lat' dir='ltr'><strong>Ego</strong></span> <span class='ocrx_word' id='word_1_686' title='bbox 3309 2867 3454 2921; x_wconf 89' lang='lat' dir='ltr'><strong>Deus</strong></span> <span class='ocrx_word' id='word_1_687' title='bbox 3478 2864 3573 2936; x_wconf 88' lang='lat' dir='ltr'><strong>qui</strong></span> 
     </span>
    </p>
   </div>
   <div class='ocr_carea' id='block_1_89' title="bbox 1989 2951 3581 3033">
    <p class='ocr_par' dir='ltr' id='par_1_89' title="bbox 1989 2951 3581 3033">
     <span class='ocr_line' id='line_1_89' title="bbox 1989 2951 3581 3033; baseline -0.002 -14"><span class='ocrx_word' id='word_1_688' title='bbox 1989 2951 2154 3020; x_wconf 59' lang='lat' dir='ltr'><strong>edusi</strong></span> <span class='ocrx_word' id='word_1_689' title='bbox 2190 2972 2244 3018; x_wconf 89' lang='lat' dir='ltr'><strong>te</strong></span> <span class='ocrx_word' id='word_1_690' title='bbox 2275 2962 2342 3017; x_wconf 91' lang='lat' dir='ltr'><strong>de</strong></span> <span class='ocrx_word' id='word_1_691' title='bbox 2372 2960 2449 3017; x_wconf 90' lang='lat' dir='ltr'><strong>Ur</strong></span> <span class='ocrx_word' id='word_1_692' title='bbox 2481 2960 2700 3033; x_wconf 85' lang='lat' dir='ltr'><strong>regione</strong></span> <span class='ocrx_word' id='word_1_693' title='bbox 2724 2959 3123 3025; x_wconf 55' lang='lat' dir='ltr'><strong>Chaldaeorum,</strong></span> <span class='ocrx_word' id='word_1_694' title='bbox 3152 2967 3212 3013; x_wconf 91' lang='lat' dir='ltr'><strong>ut</strong></span> <span class='ocrx_word' id='word_1_695' title='bbox 3236 2957 3422 3013; x_wconf 89' lang='lat' dir='ltr'><strong>darem</strong></span> <span class='ocrx_word' id='word_1_696' title='bbox 3472 2956 3581 3016; x_wconf 81' lang='lat' dir='ltr'><strong>tibi</strong></span> 
     </span>
    </p>
   </div>
   <div class='ocr_carea' id='block_1_90' title="bbox 1991 3050 3574 3112">
    <p class='ocr_par' dir='ltr' id='par_1_90' title="bbox 1991 3050 3574 3112">
     <span class='ocr_line' id='line_1_90' title="bbox 1991 3050 3574 3112; baseline -0.004 0"><span class='ocrx_word' id='word_1_697' title='bbox 1991 3065 2195 3112; x_wconf 90' lang='lat' dir='ltr'><strong>terram</strong></span> <span class='ocrx_word' id='word_1_698' title='bbox 2237 3054 2379 3110; x_wconf 88' lang='lat' dir='ltr'><strong>hanc</strong></span> <span class='ocrx_word' id='word_1_699' title='bbox 2443 3053 2789 3109; x_wconf 83' lang='lat' dir='ltr'><strong>haereditare.</strong></span> <span class='ocrx_word' id='word_1_700' title='bbox 2832 3051 2920 3108; x_wconf 92' lang='lat' dir='ltr'><strong>Ait</strong></span> <span class='ocrx_word' id='word_1_701' title='bbox 2982 3059 3165 3106; x_wconf 89' lang='lat' dir='ltr'><strong>autem</strong></span> <span class='ocrx_word' id='word_1_702' title='bbox 3199 3069 3213 3107; x_wconf 91' lang='lat'><strong>:</strong></span> <span class='ocrx_word' id='word_1_703' title='bbox 3254 3050 3574 3106; x_wconf 87' lang='lat' dir='ltr'><strong>Dominator</strong></span> 
     </span>
    </p>
   </div>
   <div class='ocr_carea' id='block_1_91' title="bbox 1991 3137 3572 3214">
    <p class='ocr_par' dir='ltr' id='par_1_91' title="bbox 1991 3137 3572 3214">
     <span class='ocr_line' id='line_1_91' title="bbox 1991 3137 3572 3214; baseline -0.002 -13"><span class='ocrx_word' id='word_1_704' title='bbox 1991 3145 2221 3202; x_wconf 87' lang='lat' dir='ltr'><strong>Domine</strong></span> <span class='ocrx_word' id='word_1_705' title='bbox 2253 3146 2417 3211; x_wconf 88' lang='lat' dir='ltr'><strong>Deus,</strong></span> <span class='ocrx_word' id='word_1_706' title='bbox 2457 3143 2758 3201; x_wconf 86' lang='lat' dir='ltr'><strong>secundum</strong></span> <span class='ocrx_word' id='word_1_707' title='bbox 2786 3143 2919 3214; x_wconf 87' lang='lat' dir='ltr'><strong>quid</strong></span> <span class='ocrx_word' id='word_1_708' title='bbox 2957 3142 3126 3199; x_wconf 86' lang='lat' dir='ltr'><strong>sciam</strong></span> <span class='ocrx_word' id='word_1_709' title='bbox 3161 3142 3307 3213; x_wconf 90' lang='lat' dir='ltr'><strong>quod</strong></span> <span class='ocrx_word' id='word_1_710' title='bbox 3335 3137 3572 3198; x_wconf 65' lang='lat' dir='ltr'><strong>haeredi-</strong></span> 
     </span>
    </p>
   </div>
   <div class='ocr_carea' id='block_1_92' title="bbox 1994 3232 3575 3304">
    <p class='ocr_par' dir='ltr' id='par_1_92' title="bbox 1994 3232 3575 3304">
     <span class='ocr_line' id='line_1_92' title="bbox 1994 3232 3575 3304; baseline -0.003 -12"><span class='ocrx_word' id='word_1_711' title='bbox 1994 3236 2120 3292; x_wconf 81' lang='lat' dir='ltr'><strong>tabo</strong></span> <span class='ocrx_word' id='word_1_712' title='bbox 2144 3236 2305 3292; x_wconf 86' lang='lat' dir='ltr'><strong>eam?</strong></span> <span class='ocrx_word' id='word_1_713' title='bbox 2328 3236 2472 3290; x_wconf 80' lang='lat' dir='ltr'><strong>Dixit</strong></span> <span class='ocrx_word' id='word_1_714' title='bbox 2493 3244 2675 3290; x_wconf 90' lang='lat' dir='ltr'><strong>autem</strong></span> <span class='ocrx_word' id='word_1_715' title='bbox 2692 3234 2741 3289; x_wconf 89' lang='lat' dir='ltr'><strong>ei</strong></span> <span class='ocrx_word' id='word_1_716' title='bbox 2759 3253 2771 3288; x_wconf 91' lang='lat'><strong>:</strong></span> <span class='ocrx_word' id='word_1_717' title='bbox 2787 3233 2983 3304; x_wconf 88' lang='lat' dir='ltr'><strong>Accipe</strong></span> <span class='ocrx_word' id='word_1_718' title='bbox 3001 3232 3135 3287; x_wconf 88' lang='lat' dir='ltr'><strong>mihi</strong></span> <span class='ocrx_word' id='word_1_719' title='bbox 3156 3232 3387 3287; x_wconf 91' lang='lat' dir='ltr'><strong>vitulum</strong></span> <span class='ocrx_word' id='word_1_720' title='bbox 3405 3232 3575 3288; x_wconf 85' lang='lat' dir='ltr'><strong>trien-</strong></span> 
     </span>
    </p>
   </div>
   <div class='ocr_carea' id='block_1_93' title="bbox 1992 3322 3575 3399">
    <p class='ocr_par' dir='ltr' id='par_1_93' title="bbox 1992 3322 3575 3399">
     <span class='ocr_line' id='line_1_93' title="bbox 1992 3322 3575 3399; baseline -0.001 -18"><span class='ocrx_word' id='word_1_721' title='bbox 1992 3342 2141 3394; x_wconf 89' lang='lat' dir='ltr'><strong>nem,</strong></span> <span class='ocrx_word' id='word_1_722' title='bbox 2176 3337 2233 3383; x_wconf 91' lang='lat' dir='ltr'><strong>et</strong></span> <span class='ocrx_word' id='word_1_723' title='bbox 2272 3343 2497 3399; x_wconf 88' lang='lat' dir='ltr'><strong>caprum</strong></span> <span class='ocrx_word' id='word_1_724' title='bbox 2533 3326 2824 3390; x_wconf 85' lang='lat' dir='ltr'><strong>triennem,</strong></span> <span class='ocrx_word' id='word_1_725' title='bbox 2860 3334 2915 3381; x_wconf 92' lang='lat' dir='ltr'><strong>et</strong></span> <span class='ocrx_word' id='word_1_726' title='bbox 2954 3325 3180 3380; x_wconf 89' lang='lat' dir='ltr'><strong>arietem</strong></span> <span class='ocrx_word' id='word_1_727' title='bbox 3224 3322 3469 3389; x_wconf 86' lang='lat' dir='ltr'><strong>trimum,</strong></span> <span class='ocrx_word' id='word_1_728' title='bbox 3517 3330 3575 3379; x_wconf 86' lang='lat' dir='ltr'><strong>et</strong></span> 
     </span>
    </p>
   </div>
   <div class='ocr_carea' id='block_1_94' title="bbox 1994 3412 3570 3485">
    <p class='ocr_par' dir='ltr' id='par_1_94' title="bbox 1994 3412 3570 3485">
     <span class='ocr_line' id='line_1_94' title="bbox 1994 3412 3570 3485; baseline -0.005 -15"><span class='ocrx_word' id='word_1_729' title='bbox 1994 3425 2264 3474; x_wconf 81' lang='lat' dir='ltr'><strong>turturem</strong></span> <span class='ocrx_word' id='word_1_730' title='bbox 2294 3427 2350 3473; x_wconf 93' lang='lat' dir='ltr'><strong>et</strong></span> <span class='ocrx_word' id='word_1_731' title='bbox 2372 3416 2700 3473; x_wconf 90' lang='lat' dir='ltr'><strong>columbam.</strong></span> <span class='ocrx_word' id='word_1_732' title='bbox 2729 3415 2796 3469; x_wconf 87' lang='lat' dir='ltr'><strong>Et</strong></span> <span class='ocrx_word' id='word_1_733' title='bbox 2822 3415 3033 3485; x_wconf 91' lang='lat' dir='ltr'><strong>accepit</strong></span> <span class='ocrx_word' id='word_1_734' title='bbox 3060 3413 3168 3469; x_wconf 91' lang='lat' dir='ltr'><strong>sibi</strong></span> <span class='ocrx_word' id='word_1_735' title='bbox 3208 3412 3391 3468; x_wconf 88' lang='lat' dir='ltr'><strong>omnia</strong></span> <span class='ocrx_word' id='word_1_736' title='bbox 3415 3412 3570 3468; x_wconf 68' lang='lat' dir='ltr'><strong>haec:</strong></span> 
     </span>
    </p>
   </div>
   <div class='ocr_carea' id='block_1_95' title="bbox 1992 3504 3571 3577">
    <p class='ocr_par' dir='ltr' id='par_1_95' title="bbox 1992 3504 3571 3577">
     <span class='ocr_line' id='line_1_95' title="bbox 1992 3504 3571 3577; baseline -0.004 -11"><span class='ocrx_word' id='word_1_737' title='bbox 1992 3519 2047 3566; x_wconf 91' lang='lat' dir='ltr'><strong>et</strong></span> <span class='ocrx_word' id='word_1_738' title='bbox 2066 3509 2256 3564; x_wconf 76' lang='lat' dir='ltr'><strong>divisit</strong></span> <span class='ocrx_word' id='word_1_739' title='bbox 2277 3525 2342 3565; x_wconf 92' lang='lat' dir='ltr'><strong>ea</strong></span> <span class='ocrx_word' id='word_1_740' title='bbox 2356 3508 2556 3573; x_wconf 92' lang='lat' dir='ltr'><strong>media,</strong></span> <span class='ocrx_word' id='word_1_741' title='bbox 2573 3516 2629 3563; x_wconf 91' lang='lat' dir='ltr'><strong>et</strong></span> <span class='ocrx_word' id='word_1_742' title='bbox 2644 3505 2830 3577; x_wconf 88' lang='lat' dir='ltr'><strong>posuit</strong></span> <span class='ocrx_word' id='word_1_743' title='bbox 2850 3521 2912 3561; x_wconf 91' lang='lat' dir='ltr'><strong>ea</strong></span> <span class='ocrx_word' id='word_1_744' title='bbox 2937 3506 3211 3561; x_wconf 89' lang='lat' dir='ltr'><strong>contraria</strong></span> <span class='ocrx_word' id='word_1_745' title='bbox 3230 3504 3297 3560; x_wconf 89' lang='lat' dir='ltr'><strong>ad</strong></span> <span class='ocrx_word' id='word_1_746' title='bbox 3315 3504 3571 3561; x_wconf 80' lang='lat' dir='ltr'><strong>invicem.</strong></span> 
     </span>
    </p>
   </div>
   <div class='ocr_carea' id='block_1_96' title="bbox 1992 3595 3575 3658">
    <p class='ocr_par' dir='ltr' id='par_1_96' title="bbox 1992 3595 3575 3658">
     <span class='ocr_line' id='line_1_96' title="bbox 1992 3595 3575 3658; baseline -0.003 0"><span class='ocrx_word' id='word_1_747' title='bbox 1992 3601 2061 3658; x_wconf 94' lang='lat' dir='ltr'><strong>At</strong></span> <span class='ocrx_word' id='word_1_748' title='bbox 2087 3617 2216 3657; x_wconf 88' lang='lat' dir='ltr'><strong>aves</strong></span> <span class='ocrx_word' id='word_1_749' title='bbox 2253 3617 2362 3657; x_wconf 91' lang='lat' dir='ltr'><strong>non</strong></span> <span class='ocrx_word' id='word_1_750' title='bbox 2397 3599 2601 3655; x_wconf 80' lang='lat' dir='ltr'><strong>divisit.</strong></span> <span class='ocrx_word' id='word_1_751' title='bbox 2648 3597 3059 3654; x_wconf 88' lang='lat' dir='ltr'><strong>Descenderunt</strong></span> <span class='ocrx_word' id='word_1_752' title='bbox 3089 3606 3271 3652; x_wconf 90' lang='lat' dir='ltr'><strong>autem</strong></span> <span class='ocrx_word' id='word_1_753' title='bbox 3321 3595 3575 3653; x_wconf 81' lang='lat' dir='ltr'><strong>volucres</strong></span> 
     </span>
    </p>
   </div>
   <div class='ocr_carea' id='block_1_97' title="bbox 1992 3686 3572 3767">
    <p class='ocr_par' dir='ltr' id='par_1_97' title="bbox 1992 3686 3572 3767">
     <span class='ocr_line' id='line_1_97' title="bbox 1992 3686 3572 3767; baseline -0.005 -16"><span class='ocrx_word' id='word_1_754' title='bbox 1992 3711 2156 3767; x_wconf 86' lang='lat' dir='ltr'><strong>supra</strong></span> <span class='ocrx_word' id='word_1_755' title='bbox 2187 3709 2416 3765; x_wconf 88' lang='lat' dir='ltr'><strong>corpora</strong></span> <span class='ocrx_word' id='word_1_756' title='bbox 2461 3701 2517 3747; x_wconf 93' lang='lat' dir='ltr'><strong>et</strong></span> <span class='ocrx_word' id='word_1_757' title='bbox 2545 3689 2845 3746; x_wconf 86' lang='lat' dir='ltr'><strong>divisiones</strong></span> <span class='ocrx_word' id='word_1_758' title='bbox 2870 3705 3082 3754; x_wconf 88' lang='lat' dir='ltr'><strong>eorum,</strong></span> <span class='ocrx_word' id='word_1_759' title='bbox 3110 3687 3325 3744; x_wconf 87' lang='lat' dir='ltr'><strong>etsedit</strong></span> <span class='ocrx_word' id='word_1_760' title='bbox 3350 3702 3474 3743; x_wconf 91' lang='lat' dir='ltr'><strong>cum</strong></span> <span class='ocrx_word' id='word_1_761' title='bbox 3492 3686 3572 3743; x_wconf 88' lang='lat' dir='ltr'><strong>eis</strong></span> 
     </span>
    </p>
   </div>
   <div class='ocr_carea' id='block_1_98' title="bbox 1990 3778 3570 3844">
    <p class='ocr_par' dir='ltr' id='par_1_98' title="bbox 1990 3778 3570 3844">
     <span class='ocr_line' id='line_1_98' title="bbox 1990 3778 3570 3844; baseline -0.007 0"><span class='ocrx_word' id='word_1_762' title='bbox 1990 3787 2285 3844; x_wconf 82' lang='lat' dir='ltr'><strong>Abraham.</strong></span> <span class='ocrx_word' id='word_1_763' title='bbox 2315 3785 2471 3842; x_wconf 89' lang='lat' dir='ltr'><strong>Circa</strong></span> <span class='ocrx_word' id='word_1_764' title='bbox 2509 3792 2691 3839; x_wconf 88' lang='lat' dir='ltr'><strong>autem</strong></span> <span class='ocrx_word' id='word_1_765' title='bbox 2724 3782 2856 3838; x_wconf 90' lang='lat' dir='ltr'><strong>solis</strong></span> <span class='ocrx_word' id='word_1_766' title='bbox 2880 3796 3132 3836; x_wconf 89' lang='lat' dir='ltr'><strong>occasum</strong></span> <span class='ocrx_word' id='word_1_767' title='bbox 3172 3780 3403 3835; x_wconf 80' lang='lat' dir='ltr'><strong>exstasis</strong></span> <span class='ocrx_word' id='word_1_768' title='bbox 3426 3778 3570 3834; x_wconf 88' lang='lat' dir='ltr'><strong>ceci—</strong></span> 
     </span>
    </p>
   </div>
   <div class='ocr_carea' id='block_1_99' title="bbox 1991 3860 3571 3947">
    <p class='ocr_par' dir='ltr' id='par_1_99' title="bbox 1991 3860 3571 3947">
     <span class='ocr_line' id='line_1_99' title="bbox 1991 3860 3571 3947; baseline -0.007 -14"><span class='ocrx_word' id='word_1_769' title='bbox 1991 3877 2073 3933; x_wconf 90' lang='lat' dir='ltr'><strong>dit</strong></span> <span class='ocrx_word' id='word_1_770' title='bbox 2097 3892 2262 3947; x_wconf 88' lang='lat' dir='ltr'><strong>supra</strong></span> <span class='ocrx_word' id='word_1_771' title='bbox 2303 3875 2599 3940; x_wconf 85' lang='lat' dir='ltr'><strong>Abraham,</strong></span> <span class='ocrx_word' id='word_1_772' title='bbox 2636 3881 2693 3928; x_wconf 91' lang='lat' dir='ltr'><strong>et</strong></span> <span class='ocrx_word' id='word_1_773' title='bbox 2718 3887 2846 3928; x_wconf 89' lang='lat' dir='ltr'><strong>ecce</strong></span> <span class='ocrx_word' id='word_1_774' title='bbox 2877 3860 3052 3942; x_wconf 88' lang='lat' dir='ltr'><strong>caligo</strong></span> <span class='ocrx_word' id='word_1_775' title='bbox 3094 3869 3380 3925; x_wconf 83' lang='lat' dir='ltr'><strong>tenebrosa</strong></span> <span class='ocrx_word' id='word_1_776' title='bbox 3412 3868 3571 3923; x_wconf 80' lang='lat' dir='ltr'><strong>irruit</strong></span> 
     </span>
    </p>
   </div>
   <div class='ocr_carea' id='block_1_100' title="bbox 1992 3958 3573 4033">
    <p class='ocr_par' dir='ltr' id='par_1_100' title="bbox 1992 3958 3573 4033">
     <span class='ocr_line' id='line_1_100' title="bbox 1992 3958 3573 4033; baseline -0.004 -12"><span class='ocrx_word' id='word_1_777' title='bbox 1992 3968 2048 4022; x_wconf 90' lang='lat' dir='ltr'><strong>in</strong></span> <span class='ocrx_word' id='word_1_778' title='bbox 2078 3983 2234 4033; x_wconf 88' lang='lat' dir='ltr'><strong>eum;</strong></span> <span class='ocrx_word' id='word_1_779' title='bbox 2282 3973 2339 4021; x_wconf 92' lang='lat' dir='ltr'><strong>et</strong></span> <span class='ocrx_word' id='word_1_780' title='bbox 2385 3966 2591 4021; x_wconf 88' lang='lat' dir='ltr'><strong>dictum</strong></span> <span class='ocrx_word' id='word_1_781' title='bbox 2632 3972 2717 4019; x_wconf 91' lang='lat' dir='ltr'><strong>est</strong></span> <span class='ocrx_word' id='word_1_782' title='bbox 2763 3963 2831 4017; x_wconf 92' lang='lat' dir='ltr'><strong>ad</strong></span> <span class='ocrx_word' id='word_1_783' title='bbox 2886 3962 3158 4017; x_wconf 84' lang='lat' dir='ltr'><strong>Abraham</strong></span> <span class='ocrx_word' id='word_1_784' title='bbox 3188 3979 3200 4012; x_wconf 85' lang='lat'><strong>:</strong></span> <span class='ocrx_word' id='word_1_785' title='bbox 3226 3958 3573 4029; x_wconf 85' lang='lat' dir='ltr'><strong>Cognoscens</strong></span> 
     </span>
    </p>
   </div>
   <div class='ocr_carea' id='block_1_101' title="bbox 1990 4050 3571 4127">
    <p class='ocr_par' dir='ltr' id='par_1_101' title="bbox 1990 4050 3571 4127">
     <span class='ocr_line' id='line_1_101' title="bbox 1990 4050 3571 4127; baseline -0.005 -14"><span class='ocrx_word' id='word_1_786' title='bbox 1990 4059 2149 4122; x_wconf 89' lang='lat' dir='ltr'><strong>scies,</strong></span> <span class='ocrx_word' id='word_1_787' title='bbox 2179 4056 2325 4127; x_wconf 89' lang='lat' dir='ltr'><strong>quod</strong></span> <span class='ocrx_word' id='word_1_788' title='bbox 2368 4055 2719 4126; x_wconf 87' lang='lat' dir='ltr'><strong>peregrinum</strong></span> <span class='ocrx_word' id='word_1_789' title='bbox 2760 4052 2867 4108; x_wconf 83' lang='lat' dir='ltr'><strong>erit</strong></span> <span class='ocrx_word' id='word_1_790' title='bbox 2910 4066 3097 4106; x_wconf 89' lang='lat' dir='ltr'><strong>semen</strong></span> <span class='ocrx_word' id='word_1_791' title='bbox 3130 4057 3285 4105; x_wconf 92' lang='lat' dir='ltr'><strong>tuum</strong></span> <span class='ocrx_word' id='word_1_792' title='bbox 3320 4050 3376 4103; x_wconf 90' lang='lat' dir='ltr'><strong>in</strong></span> <span class='ocrx_word' id='word_1_793' title='bbox 3424 4059 3571 4105; x_wconf 89' lang='lat' dir='ltr'><strong>terra</strong></span> 
     </span>
    </p>
   </div>
   <div class='ocr_carea' id='block_1_102' title="bbox 1990 4142 3572 4218">
    <p class='ocr_par' dir='ltr' id='par_1_102' title="bbox 1990 4142 3572 4218">
     <span class='ocr_line' id='line_1_102' title="bbox 1990 4142 3572 4218; baseline -0.005 -13"><span class='ocrx_word' id='word_1_794' title='bbox 1990 4165 2099 4205; x_wconf 89' lang='lat' dir='ltr'><strong>non</strong></span> <span class='ocrx_word' id='word_1_795' title='bbox 2126 4163 2244 4212; x_wconf 91' lang='lat' dir='ltr'><strong>sua,</strong></span> <span class='ocrx_word' id='word_1_796' title='bbox 2274 4157 2330 4204; x_wconf 90' lang='lat' dir='ltr'><strong>et</strong></span> <span class='ocrx_word' id='word_1_797' title='bbox 2367 4146 2662 4218; x_wconf 84' lang='lat' dir='ltr'><strong>subjicient</strong></span> <span class='ocrx_word' id='word_1_798' title='bbox 2689 4143 2943 4201; x_wconf 78' lang='lat' dir='ltr'><strong>servituti</strong></span> <span class='ocrx_word' id='word_1_799' title='bbox 2983 4156 3098 4209; x_wconf 88' lang='lat' dir='ltr'><strong>eos,</strong></span> <span class='ocrx_word' id='word_1_800' title='bbox 3124 4152 3180 4199; x_wconf 89' lang='lat' dir='ltr'><strong>et</strong></span> <span class='ocrx_word' id='word_1_801' title='bbox 3209 4142 3469 4213; x_wconf 81' lang='lat' dir='ltr'><strong>aﬂligcnt,</strong></span> <span class='ocrx_word' id='word_1_802' title='bbox 3515 4151 3572 4198; x_wconf 92' lang='lat' dir='ltr'><strong>et</strong></span> 
     </span>
    </p>
   </div>
   <div class='ocr_carea' id='block_1_103' title="bbox 1990 4234 3572 4308">
    <p class='ocr_par' dir='ltr' id='par_1_103' title="bbox 1990 4234 3572 4308">
     <span class='ocr_line' id='line_1_103' title="bbox 1990 4234 3572 4308; baseline -0.004 -13"><span class='ocrx_word' id='word_1_803' title='bbox 1990 4239 2355 4295; x_wconf 88' lang='lat' dir='ltr'><strong>humiliabunt</strong></span> <span class='ocrx_word' id='word_1_804' title='bbox 2381 4238 2539 4294; x_wconf 89' lang='lat' dir='ltr'><strong>annis</strong></span> <span class='ocrx_word' id='word_1_805' title='bbox 2554 4236 2967 4308; x_wconf 84' lang='lat' dir='ltr'><strong>quadringentis</strong></span> <span class='ocrx_word' id='word_1_806' title='bbox 2991 4253 3003 4289; x_wconf 88' lang='lat'><strong>:</strong></span> <span class='ocrx_word' id='word_1_807' title='bbox 3023 4244 3077 4290; x_wconf 93' lang='lat' dir='ltr'><strong>et</strong></span> <span class='ocrx_word' id='word_1_808' title='bbox 3092 4242 3329 4306; x_wconf 81' lang='lat' dir='ltr'><strong>gentem,</strong></span> <span class='ocrx_word' id='word_1_809' title='bbox 3348 4234 3437 4290; x_wconf 91' lang='lat' dir='ltr'><strong>cui</strong></span> <span class='ocrx_word' id='word_1_810' title='bbox 3451 4249 3572 4290; x_wconf 86' lang='lat' dir='ltr'><strong>ser—</strong></span> 
     </span>
    </p>
   </div>
   <div class='ocr_carea' id='block_1_104' title="bbox 1989 4324 3572 4402">
    <p class='ocr_par' dir='ltr' id='par_1_104' title="bbox 1989 4324 3572 4402">
     <span class='ocr_line' id='line_1_104' title="bbox 1989 4324 3572 4402; baseline -0.006 -15"><span class='ocrx_word' id='word_1_811' title='bbox 1989 4330 2161 4396; x_wconf 84' lang='lat' dir='ltr'><strong>vient,</strong></span> <span class='ocrx_word' id='word_1_812' title='bbox 2205 4345 2307 4402; x_wconf 85' lang='lat' dir='ltr'><strong>ego</strong></span> <span class='ocrx_word' id='word_1_813' title='bbox 2351 4329 2627 4401; x_wconf 87' lang='lat' dir='ltr'><strong>judicabo.</strong></span> <span class='ocrx_word' id='word_1_814' title='bbox 2671 4327 2801 4383; x_wconf 89' lang='lat' dir='ltr'><strong>Post</strong></span> <span class='ocrx_word' id='word_1_815' title='bbox 2847 4326 2962 4381; x_wconf 69' lang='lat' dir='ltr'><strong>hmc</strong></span> <span class='ocrx_word' id='word_1_816' title='bbox 2990 4335 3171 4381; x_wconf 90' lang='lat' dir='ltr'><strong>autem</strong></span> <span class='ocrx_word' id='word_1_817' title='bbox 3219 4324 3572 4396; x_wconf 81' lang='lat' dir='ltr'><strong>egredientnr</strong></span> 
     </span>
    </p>
   </div>
   <div class='ocr_carea' id='block_1_105' title="bbox 1990 4414 3577 4491">
    <p class='ocr_par' dir='ltr' id='par_1_105' title="bbox 1990 4414 3577 4491">
     <span class='ocr_line' id='line_1_105' title="bbox 1990 4414 3577 4491; baseline -0.006 -11"><span class='ocrx_word' id='word_1_818' title='bbox 1990 4424 2099 4480; x_wconf 87' lang='lat' dir='ltr'><strong>huc</strong></span> <span class='ocrx_word' id='word_1_819' title='bbox 2128 4438 2253 4479; x_wconf 88' lang='lat' dir='ltr'><strong>cum</strong></span> <span class='ocrx_word' id='word_1_820' title='bbox 2276 4419 2603 4491; x_wconf 86' lang='lat' dir='ltr'><strong>supellectili</strong></span> <span class='ocrx_word' id='word_1_821' title='bbox 2626 4418 2815 4473; x_wconf 91' lang='lat' dir='ltr'><strong>multa.</strong></span> <span class='ocrx_word' id='word_1_822' title='bbox 2845 4416 2926 4471; x_wconf 89' lang='lat' dir='ltr'><strong>Tu</strong></span> <span class='ocrx_word' id='word_1_823' title='bbox 2956 4424 3137 4470; x_wconf 88' lang='lat' dir='ltr'><strong>autem</strong></span> <span class='ocrx_word' id='word_1_824' title='bbox 3165 4415 3269 4470; x_wconf 90' lang='lat' dir='ltr'><strong>ibis</strong></span> <span class='ocrx_word' id='word_1_825' title='bbox 3294 4414 3360 4469; x_wconf 90' lang='lat' dir='ltr'><strong>ad</strong></span> <span class='ocrx_word' id='word_1_826' title='bbox 3389 4423 3577 4485; x_wconf 89' lang='lat' dir='ltr'><strong>patres</strong></span> 
     </span>
    </p>
   </div>
   <div class='ocr_carea' id='block_1_106' title="bbox 1993 4506 3571 4582">
    <p class='ocr_par' dir='ltr' id='par_1_106' title="bbox 1993 4506 3571 4582">
     <span class='ocr_line' id='line_1_106' title="bbox 1993 4506 3571 4582; baseline -0.005 -12"><span class='ocrx_word' id='word_1_827' title='bbox 1993 4523 2116 4570; x_wconf 90' lang='lat' dir='ltr'><strong>tuos</strong></span> <span class='ocrx_word' id='word_1_828' title='bbox 2138 4528 2263 4569; x_wconf 89' lang='lat' dir='ltr'><strong>cum</strong></span> <span class='ocrx_word' id='word_1_829' title='bbox 2295 4526 2452 4582; x_wconf 88' lang='lat' dir='ltr'><strong>pace,</strong></span> <span class='ocrx_word' id='word_1_830' title='bbox 2482 4510 2732 4580; x_wconf 89' lang='lat' dir='ltr'><strong>sepultus</strong></span> <span class='ocrx_word' id='word_1_831' title='bbox 2766 4510 2823 4563; x_wconf 88' lang='lat' dir='ltr'><strong>in</strong></span> <span class='ocrx_word' id='word_1_832' title='bbox 2856 4513 3137 4563; x_wconf 87' lang='lat' dir='ltr'><strong>senectute</strong></span> <span class='ocrx_word' id='word_1_833' title='bbox 3172 4506 3335 4561; x_wconf 87' lang='lat' dir='ltr'><strong>bona.</strong></span> <span class='ocrx_word' id='word_1_834' title='bbox 3366 4506 3571 4574; x_wconf 74' lang='lat' dir='ltr'><strong>Quarta</strong></span> 
     </span>
    </p>
   </div>
   <div class='ocr_carea' id='block_1_107' title="bbox 1990 4596 3587 4683">
    <p class='ocr_par' dir='ltr' id='par_1_107' title="bbox 1990 4596 3587 4683">
     <span class='ocr_line' id='line_1_107' title="bbox 1990 4596 3587 4683; baseline -0.007 -21"><span class='ocrx_word' id='word_1_835' title='bbox 1990 4615 2172 4662; x_wconf 88' lang='lat' dir='ltr'><strong>autem</strong></span> <span class='ocrx_word' id='word_1_836' title='bbox 2202 4602 2553 4675; x_wconf 84' lang='lat' dir='ltr'><strong>generatione</strong></span> <span class='ocrx_word' id='word_1_837' title='bbox 2586 4606 2932 4657; x_wconf 84' lang='lat' dir='ltr'><strong>revertentur</strong></span> <span class='ocrx_word' id='word_1_838' title='bbox 2971 4597 3097 4653; x_wconf 89' lang='lat' dir='ltr'><strong>huc.</strong></span> <span class='ocrx_word' id='word_1_839' title='bbox 3126 4596 3381 4654; x_wconf 83' lang='lat' dir='ltr'><strong>Nondum</strong></span> <span class='ocrx_word' id='word_1_840' title='bbox 3422 4598 3587 4683; x_wconf 46' lang='lat' dir='ltr'><strong>enim,</strong></span> 
     </span>
    </p>
   </div>
   <div class='ocr_carea' id='block_1_108' title="bbox 1988 4689 3568 4767">
    <p class='ocr_par' dir='ltr' id='par_1_108' title="bbox 1988 4689 3568 4767">
     <span class='ocr_line' id='line_1_108' title="bbox 1988 4689 3568 4767; baseline -0.004 -15"><span class='ocrx_word' id='word_1_841' title='bbox 1988 4696 2272 4767; x_wconf 71' lang='lat' dir='ltr'><strong>completa:</strong></span> <span class='ocrx_word' id='word_1_842' title='bbox 2288 4702 2417 4751; x_wconf 90' lang='lat' dir='ltr'><strong>sunt</strong></span> <span class='ocrx_word' id='word_1_843' title='bbox 2429 4693 2748 4763; x_wconf 91' lang='lat' dir='ltr'><strong>iniquitates</strong></span> <span class='ocrx_word' id='word_1_844' title='bbox 2758 4689 3200 4745; x_wconf 69' lang='lat' dir='ltr'><strong>Amorrhteorum</strong></span> <span class='ocrx_word' id='word_1_845' title='bbox 3218 4705 3389 4760; x_wconf 88' lang='lat' dir='ltr'><strong>usque</strong></span> <span class='ocrx_word' id='word_1_846' title='bbox 3401 4704 3568 4746; x_wconf 90' lang='lat' dir='ltr'><strong>nunc.</strong></span> 
     </span>
    </p>
   </div>
   <div class='ocr_carea' id='block_1_109' title="bbox 1990 4779 3570 4857">
    <p class='ocr_par' dir='ltr' id='par_1_109' title="bbox 1990 4779 3570 4857">
     <span class='ocr_line' id='line_1_109' title="bbox 1990 4779 3570 4857; baseline -0.006 -15"><span class='ocrx_word' id='word_1_847' title='bbox 1990 4790 2281 4857; x_wconf 84' lang='lat' dir='ltr'><strong>Postquam</strong></span> <span class='ocrx_word' id='word_1_848' title='bbox 2323 4793 2508 4841; x_wconf 83' lang='lat' dir='ltr'><strong>autem</strong></span> <span class='ocrx_word' id='word_1_849' title='bbox 2548 4784 2660 4855; x_wconf 86' lang='lat' dir='ltr'><strong>jam</strong></span> <span class='ocrx_word' id='word_1_850' title='bbox 2684 4782 2787 4836; x_wconf 68' lang='lat' dir='ltr'><strong>ﬁnit</strong></span> <span class='ocrx_word' id='word_1_851' title='bbox 2811 4782 2891 4837; x_wconf 89' lang='lat' dir='ltr'><strong>sol</strong></span> <span class='ocrx_word' id='word_1_852' title='bbox 2934 4780 2999 4835; x_wconf 90' lang='lat' dir='ltr'><strong>ad</strong></span> <span class='ocrx_word' id='word_1_853' title='bbox 3038 4795 3315 4845; x_wconf 88' lang='lat' dir='ltr'><strong>occasum,</strong></span> <span class='ocrx_word' id='word_1_854' title='bbox 3354 4779 3570 4834; x_wconf 80' lang='lat' dir='ltr'><strong>ﬂamma</strong></span> 
     </span>
    </p>
   </div>
   <div class='ocr_carea' id='block_1_110' title="bbox 1986 4868 3570 4933">
    <p class='ocr_par' dir='ltr' id='par_1_110' title="bbox 1986 4868 3570 4933">
     <span class='ocr_line' id='line_1_110' title="bbox 1986 4868 3570 4933; baseline -0.005 -5"><span class='ocrx_word' id='word_1_855' title='bbox 1986 4873 2130 4928; x_wconf 78' lang='lat' dir='ltr'><strong>facta</strong></span> <span class='ocrx_word' id='word_1_856' title='bbox 2166 4881 2268 4927; x_wconf 90' lang='lat' dir='ltr'><strong>est.</strong></span> <span class='ocrx_word' id='word_1_857' title='bbox 2294 4872 2363 4927; x_wconf 83' lang='lat' dir='ltr'><strong>Et</strong></span> <span class='ocrx_word' id='word_1_858' title='bbox 2389 4888 2517 4927; x_wconf 78' lang='lat' dir='ltr'><strong>ecce</strong></span> <span class='ocrx_word' id='word_1_859' title='bbox 2545 4869 2794 4926; x_wconf 85' lang='lat' dir='ltr'><strong>clibanus</strong></span> <span class='ocrx_word' id='word_1_860' title='bbox 2811 4868 3045 4933; x_wconf 78' lang='lat' dir='ltr'><strong>fumans,</strong></span> <span class='ocrx_word' id='word_1_861' title='bbox 3069 4878 3125 4923; x_wconf 88' lang='lat' dir='ltr'><strong>et</strong></span> <span class='ocrx_word' id='word_1_862' title='bbox 3149 4877 3417 4924; x_wconf 87' lang='lat' dir='ltr'><strong>venerunt</strong></span> <span class='ocrx_word' id='word_1_863' title='bbox 3435 4868 3570 4921; x_wconf 53' lang='lat' dir='ltr'><strong>lam»</strong></span> 
     </span>
    </p>
   </div>
   <div class='ocr_carea' id='block_1_111' title="bbox 1986 4957 3566 5034">
    <p class='ocr_par' dir='ltr' id='par_1_111' title="bbox 1986 4957 3566 5034">
     <span class='ocr_line' id='line_1_111' title="bbox 1986 4957 3566 5034; baseline -0.006 -15"><span class='ocrx_word' id='word_1_864' title='bbox 1986 4966 2154 5034; x_wconf 84' lang='lat' dir='ltr'><strong>pades</strong></span> <span class='ocrx_word' id='word_1_865' title='bbox 2180 4963 2341 5033; x_wconf 81' lang='lat' dir='ltr'><strong>ignis,</strong></span> <span class='ocrx_word' id='word_1_866' title='bbox 2362 4978 2482 5031; x_wconf 61' lang='lat' dir='ltr'><strong>qua!</strong></span> <span class='ocrx_word' id='word_1_867' title='bbox 2494 4960 2827 5015; x_wconf 88' lang='lat' dir='ltr'><strong>transierunt</strong></span> <span class='ocrx_word' id='word_1_868' title='bbox 2846 4974 2944 5029; x_wconf 86' lang='lat' dir='ltr'><strong>per</strong></span> <span class='ocrx_word' id='word_1_869' title='bbox 2976 4959 3217 5013; x_wconf 89' lang='lat' dir='ltr'><strong>medium</strong></span> <span class='ocrx_word' id='word_1_870' title='bbox 3236 4957 3566 5012; x_wconf 84' lang='lat' dir='ltr'><strong>divisionum</strong></span> 
     </span>
    </p>
   </div>
   <div class='ocr_carea' id='block_1_112' title="bbox 1987 5044 3562 5117">
    <p class='ocr_par' dir='ltr' id='par_1_112' title="bbox 1987 5044 3562 5117">
     <span class='ocr_line' id='line_1_112' title="bbox 1987 5044 3562 5117; baseline -0.004 -12"><span class='ocrx_word' id='word_1_871' title='bbox 1987 5052 2219 5105; x_wconf 86' lang='lat' dir='ltr'><strong>istarum</strong></span> <span class='ocrx_word' id='word_1_872' title='bbox 2248 5050 2311 5103; x_wconf 82' lang='grc'><strong>³⁸.</strong></span> <span class='ocrx_word' id='word_1_873' title='bbox 2343 5068 2362 5100; x_wconf 69' lang='grc' dir='ltr'><strong>ι</strong></span> <span class='ocrx_word' id='word_1_874' title='bbox 2393 5048 2660 5103; x_wconf 64' lang='lat' dir='ltr'><strong>Caeterum</strong></span> <span class='ocrx_word' id='word_1_875' title='bbox 2686 5062 2933 5117; x_wconf 69' lang='lat' dir='ltr'><strong>quaenam</strong></span> <span class='ocrx_word' id='word_1_876' title='bbox 2968 5047 3037 5101; x_wconf 93' lang='lat' dir='ltr'><strong>sit</strong></span> <span class='ocrx_word' id='word_1_877' title='bbox 3058 5060 3248 5100; x_wconf 90' lang='lat' dir='ltr'><strong>eorum</strong></span> <span class='ocrx_word' id='word_1_878' title='bbox 3277 5060 3397 5114; x_wconf 74' lang='lat' dir='ltr'><strong>quae</strong></span> <span class='ocrx_word' id='word_1_879' title='bbox 3423 5044 3562 5099; x_wconf 85' lang='lat' dir='ltr'><strong>facta</strong></span> 
     </span>
    </p>
   </div>
   <div class='ocr_carea' id='block_1_113' title="bbox 1986 5137 3563 5207">
    <p class='ocr_par' dir='ltr' id='par_1_113' title="bbox 1986 5137 3563 5207">
     <span class='ocr_line' id='line_1_113' title="bbox 1986 5137 3563 5207; baseline -0.005 -8"><span class='ocrx_word' id='word_1_880' title='bbox 1986 5153 2115 5199; x_wconf 90' lang='lat' dir='ltr'><strong>sunt</strong></span> <span class='ocrx_word' id='word_1_881' title='bbox 2155 5143 2314 5207; x_wconf 83' lang='lat' dir='ltr'><strong>ratio,</strong></span> <span class='ocrx_word' id='word_1_882' title='bbox 2358 5140 2590 5197; x_wconf 89' lang='lat' dir='ltr'><strong>studiosi</strong></span> <span class='ocrx_word' id='word_1_883' title='bbox 2637 5139 3084 5201; x_wconf 87' lang='lat' dir='ltr'><strong>considerabunt,</strong></span> <span class='ocrx_word' id='word_1_884' title='bbox 3127 5145 3185 5192; x_wconf 91' lang='lat' dir='ltr'><strong>et</strong></span> <span class='ocrx_word' id='word_1_885' title='bbox 3206 5137 3563 5207; x_wconf 86' lang='lat' dir='ltr'><strong>jurisjurandi</strong></span> 
     </span>
    </p>
   </div>
   <div class='ocr_carea' id='block_1_114' title="bbox 1987 5227 3563 5303">
    <p class='ocr_par' dir='ltr' id='par_1_114' title="bbox 1987 5227 3563 5303">
     <span class='ocr_line' id='line_1_114' title="bbox 1987 5227 3563 5303; baseline -0.004 -13"><span class='ocrx_word' id='word_1_886' title='bbox 1987 5235 2209 5291; x_wconf 91' lang='lat' dir='ltr'><strong>modum</strong></span> <span class='ocrx_word' id='word_1_887' title='bbox 2229 5244 2484 5290; x_wconf 88' lang='lat' dir='ltr'><strong>accurate</strong></span> <span class='ocrx_word' id='word_1_888' title='bbox 2505 5233 2802 5303; x_wconf 82' lang='lat' dir='ltr'><strong>inquirent,</strong></span> <span class='ocrx_word' id='word_1_889' title='bbox 2823 5228 2954 5299; x_wconf 91' lang='lat' dir='ltr'><strong>quid</strong></span> <span class='ocrx_word' id='word_1_890' title='bbox 2974 5228 3077 5282; x_wconf 89' lang='lat' dir='ltr'><strong>sibi</strong></span> <span class='ocrx_word' id='word_1_891' title='bbox 3097 5227 3270 5283; x_wconf 81' lang='lat' dir='ltr'><strong>frusta</strong></span> <span class='ocrx_word' id='word_1_892' title='bbox 3292 5228 3405 5283; x_wconf 88' lang='lat' dir='ltr'><strong>sive</strong></span> <span class='ocrx_word' id='word_1_893' title='bbox 3422 5228 3563 5283; x_wconf 85' lang='lat' dir='ltr'><strong>divi-</strong></span> 
     </span>
    </p>
   </div>
   <div class='ocr_carea' id='block_1_115' title="bbox 1985 5317 3565 5393">
    <p class='ocr_par' dir='ltr' id='par_1_115' title="bbox 1985 5317 3565 5393">
     <span class='ocr_line' id='line_1_115' title="bbox 1985 5317 3565 5393; baseline -0.005 -11"><span class='ocrx_word' id='word_1_894' title='bbox 1985 5327 2169 5382; x_wconf 88' lang='lat' dir='ltr'><strong>siones</strong></span> <span class='ocrx_word' id='word_1_895' title='bbox 2204 5326 2394 5390; x_wconf 89' lang='lat' dir='ltr'><strong>velint,</strong></span> <span class='ocrx_word' id='word_1_896' title='bbox 2426 5326 2839 5393; x_wconf 87' lang='lat' dir='ltr'><strong>interrogantes,</strong></span> <span class='ocrx_word' id='word_1_897' title='bbox 2877 5317 3010 5388; x_wconf 91' lang='lat' dir='ltr'><strong>quid</strong></span> <span class='ocrx_word' id='word_1_898' title='bbox 3046 5319 3209 5374; x_wconf 87' lang='lat' dir='ltr'><strong>etiam</strong></span> <span class='ocrx_word' id='word_1_899' title='bbox 3253 5319 3434 5375; x_wconf 89' lang='lat' dir='ltr'><strong>avium</strong></span> <span class='ocrx_word' id='word_1_900' title='bbox 3466 5336 3565 5375; x_wconf 68' lang='grc' dir='ltr'><strong>νος</strong></span> 
     </span>
    </p>
   </div>
   <div class='ocr_carea' id='block_1_116' title="bbox 1988 5411 3558 5489">
    <p class='ocr_par' dir='ltr' id='par_1_116' title="bbox 1988 5411 3558 5489">
     <span class='ocr_line' id='line_1_116' title="bbox 1988 5411 3558 5489; baseline -0.004 -14"><span class='ocrx_word' id='word_1_901' title='bbox 1988 5420 2133 5489; x_wconf 83' lang='lat' dir='ltr'><strong>latus</strong></span> <span class='ocrx_word' id='word_1_902' title='bbox 2151 5427 2207 5474; x_wconf 89' lang='lat' dir='ltr'><strong>et</strong></span> <span class='ocrx_word' id='word_1_903' title='bbox 2235 5419 2290 5473; x_wconf 90' lang='lat' dir='ltr'><strong>in</strong></span> <span class='ocrx_word' id='word_1_904' title='bbox 2312 5419 2454 5488; x_wconf 86' lang='lat' dir='ltr'><strong>ipsas</strong></span> <span class='ocrx_word' id='word_1_905' title='bbox 2474 5429 2796 5478; x_wconf 85' lang='lat' dir='ltr'><strong>concursus,</strong></span> <span class='ocrx_word' id='word_1_906' title='bbox 2818 5411 2953 5483; x_wconf 87' lang='lat' dir='ltr'><strong>quid</strong></span> <span class='ocrx_word' id='word_1_907' title='bbox 2974 5429 3104 5469; x_wconf 81' lang='lat' dir='ltr'><strong>vero</strong></span> <span class='ocrx_word' id='word_1_908' title='bbox 3120 5413 3265 5485; x_wconf 87' lang='lat' dir='ltr'><strong>quod</strong></span> <span class='ocrx_word' id='word_1_909' title='bbox 3290 5412 3558 5470; x_wconf 83' lang='lat' dir='ltr'><strong>Abraham</strong></span> 
     </span>
    </p>
   </div>
   <div class='ocr_carea' id='block_1_117' title="bbox 1989 5504 3562 5579">
    <p class='ocr_par' dir='ltr' id='par_1_117' title="bbox 1989 5504 3562 5579">
     <span class='ocr_line' id='line_1_117' title="bbox 1989 5504 3562 5579; baseline -0.003 -11"><span class='ocrx_word' id='word_1_910' title='bbox 1989 5528 2114 5568; x_wconf 88' lang='lat' dir='ltr'><strong>cum</strong></span> <span class='ocrx_word' id='word_1_911' title='bbox 2138 5512 2219 5567; x_wconf 90' lang='lat' dir='ltr'><strong>eis</strong></span> <span class='ocrx_word' id='word_1_912' title='bbox 2248 5510 2453 5574; x_wconf 86' lang='lat' dir='ltr'><strong>sedeat,</strong></span> <span class='ocrx_word' id='word_1_913' title='bbox 2474 5507 2607 5579; x_wconf 90' lang='lat' dir='ltr'><strong>quid</strong></span> <span class='ocrx_word' id='word_1_914' title='bbox 2629 5507 2794 5562; x_wconf 89' lang='lat' dir='ltr'><strong>etiam</strong></span> <span class='ocrx_word' id='word_1_915' title='bbox 2827 5504 3041 5562; x_wconf 81' lang='lat' dir='ltr'><strong>ﬂamma</strong></span> <span class='ocrx_word' id='word_1_916' title='bbox 3081 5522 3178 5578; x_wconf 89' lang='lat' dir='ltr'><strong>per</strong></span> <span class='ocrx_word' id='word_1_917' title='bbox 3210 5506 3453 5564; x_wconf 87' lang='lat' dir='ltr'><strong>medium</strong></span> <span class='ocrx_word' id='word_1_918' title='bbox 3478 5507 3562 5565; x_wconf 72' lang='lat' dir='ltr'><strong>d1-</strong></span> 
     </span>
    </p>
   </div>
   <div class='ocr_carea' id='block_1_118' title="bbox 1990 5598 3189 5671">
    <p class='ocr_par' dir='ltr' id='par_1_118' title="bbox 1990 5598 3189 5671">
     <span class='ocr_line' id='line_1_118' title="bbox 1990 5598 3189 5671; baseline -0.005 -10"><span class='ocrx_word' id='word_1_919' title='bbox 1990 5607 2262 5662; x_wconf 72' lang='lat' dir='ltr'><strong>visnonum</strong></span> <span class='ocrx_word' id='word_1_920' title='bbox 2290 5601 2578 5658; x_wconf 90' lang='lat' dir='ltr'><strong>transiens.</strong></span> <span class='ocrx_word' id='word_1_921' title='bbox 2608 5599 2958 5671; x_wconf 82' lang='lat' dir='ltr'><strong>Explicemus</strong></span> <span class='ocrx_word' id='word_1_922' title='bbox 2986 5598 3189 5670; x_wconf 85' lang='lat' dir='ltr'><strong>itaque.</strong></span> 
     </span>
    </p>
   </div>
  </div>
