4050 6210
426 363 528 433 ω
1458 359 1513 415 s.
1555 348 1829 417 crium
1873 361 2344 418 ALEXANDRINI
2382 360 2695 418 ARClllEP.
3585 359 3701 417 tso

360 513 371 530 .
425 476 615 547 μάτων
676 471 901 535 τούτων.
947 490 964 524 ι
1016 468 1177 523 Ἀλλά
1236 469 1289 522 τί
1356 468 1420 540 δὴ
1461 470 1680 534 πάντως
1709 472 1827 525 ἐστὶ
1872 471 1932 525 τὸ
1964 471 2357 541 γεγενημένον,
2397 473 2427 525 ὀ
2483 468 2791 542 φιλομαθὴς
2843 466 3271 537 κατασκέψεται,
3319 467 3416 523 καὶ
3460 468 3553 523 τόν
3592 468 3695 539 τῆς

421 560 768 635 ὁρκωμοσίας
815 560 1235 632 περιεργάσεται
1281 557 1501 628 τρόπον·
1568 559 1623 613 τί
1686 559 1753 614 ἂν
1787 559 2062 630 βούλοιντο
2100 559 2295 631 δηλοῦν
2333 560 2402 614 τὰ
2453 560 2889 632 διχοτομήματα,
2928 558 3137 627 λέγων,
3176 558 3228 612 τί
3256 556 3313 611 δέ
3344 557 3454 612 τῶν
3489 557 3697 629 ὀρνέων

421 657 455 727 η
496 654 711 726 πτῆσις,
744 650 932 706 καὶτὰ
962 653 1049 705 ἐπ’
1083 651 1223 705 αύτά
1262 651 1568 724 συνδρομή*
1603 651 1655 705 τί
1700 651 1758 704 δὲ
1800 650 1865 724 δὴ
1904 647 1971 706 αὗ
2012 652 2106 707 καὶ
2172 653 2204 724 ἡ
2261 653 2356 707 τοῦ
2398 652 2653 725 ’Δϐραὰμ
2684 650 3052 722 συγκάθησις,
3098 649 3151 704 τί
3191 647 3249 703 δὲ
3280 649 3378 704 καὶ
3427 650 3463 720 η
3488 648 3622 718 φλὸξ
3657 650 3695 721 ἡ

425 749 711 820 διᾴττουσα
745 746 907 815 μέσον
926 744 1032 798 τῶν
1061 745 1534 816 διχοτομημάτων.
1576 744 1997 815 Ἀφηγησόμεθα
2033 743 2103 817 δὴ
2128 740 2242 800 οὖν.
3084 816 3095 823 Ὦ

494 843 546 897 4.
570 839 728 912 Apud
750 839 1341 911 Cbaldaaosjuramenti
1367 855 1499 896 usus
1512 839 1636 906 fuit,
1661 856 1761 911 per
1773 840 2015 901 medium

2211 843 2274 898 δ’.
2316 841 2654 928 ’Δναγκαίοις
2674 841 2837 912 ὅρκου
2859 839 3050 911 γρείαν
3071 838 3307 911 ἐπλήρου
3324 837 3612 901 Χαλδαίοις
3629 838 3696 892 τὸ

426 934 767 999 animalium,
806 948 927 1003 qua:
953 932 1010 986 in
1043 931 1182 986 duas
1220 939 1405 1002 partes
1436 930 1661 987 discissa
1692 939 1896 997 essent,
1932 931 2013 986 in-

2125 932 2202 988 Βιά
2233 932 2399 1003 μέσον
2436 930 2690 985 ίέναιτῶν
2714 928 3181 1001 διχοτομηθέντων
3193 927 3368 992 ζώων,
3386 928 3482 982 καὶ
3502 929 3689 985 οἱονεί-

425 1026 645 1091 cedere,
668 1024 915 1080 dicentes
939 1022 1342 1094 quodammodo
1367 1022 1510 1078 facto
1530 1022 1669 1093 ipso,
1696 1023 1802 1078 hoc
1816 1032 2008 1093 pacto:

2125 1040 2227 1087 πως
2276 1024 2578 1092 ἀναφωνεῖν
2623 1021 2690 1075 δι’
2732 1018 2898 1074 αὑτοῦ
2934 1018 3028 1072 τοῦ
3068 1019 3350 1089 δρωμένου
3395 1017 3560 1071 οὕτω·
3596 1016 3693 1090 Μὴ

426 1118 503 1172 Ne
551 1116 678 1172 ﬁam
729 1124 790 1171 ut
835 1115 972 1170 haec.
1005 1111 1146 1169 Cum
1208 1114 1395 1184 itaque
1445 1113 1736 1170 Chaldaeus
1792 1113 2014 1168 natione

427 1216 572 1263 esset
612 1205 910 1271 Abraham,
957 1213 1014 1259 et
1040 1219 1235 1261 recens
1264 1204 1439 1274 patria
1482 1204 1832 1269 excessisset,
1870 1204 2015 1258 Deus

427 1303 690 1351 consueto
714 1293 942 1350 fmderis
976 1308 1127 1348 more
1150 1293 1232 1347 uti
1253 1293 1438 1365 jussit,
1473 1302 1635 1363 atque
1663 1309 1771 1348 una
1809 1292 2014 1349 Christi

428 1388 752 1461 mysterium
791 1386 845 1441 in
878 1386 965 1451 iis,
990 1401 1112 1456 quae
1144 1385 1614 1451 sacriﬁcabantur,
1642 1385 1874 1456 pulchre
1909 1384 2014 1440 im-

427 1478 639 1549 plicuit.
667 1476 805 1533 Cum
829 1491 961 1533 vero
985 1477 1041 1532 in
1067 1485 1211 1532 terra
1246 1491 1483 1547 expansa
1517 1484 1704 1531 essent
1723 1474 1917 1540 frusta,
1951 1489 2017 1529 ac

430 1572 573 1626 Deus
596 1586 696 1642 per
726 1569 968 1625 medium
994 1569 1327 1625 transiturus
1349 1578 1514 1635 esset,
1548 1569 1755 1630 multa.
1790 1569 1892 1638 71
1929 1567 2016 1624 in-

427 1660 566 1730 quit,
589 1674 717 1715 aves
732 1658 800 1713 ad
810 1674 875 1714 ea
890 1665 1309 1723 concurrerunt,
1326 1666 1383 1713 et
1402 1657 1607 1713 assedit
1623 1657 1704 1743 ei‘s
1717 1656 2015 1743 Abraham,

432 1750 535 1804 hoc
564 1755 648 1804 est
672 1747 921 1803 assidens
944 1747 1260 1812 custodivit,
1288 1763 1356 1803 ne
1398 1729 1755 1803 damnum‘iis
1785 1729 2016 1804 inferre-1

430 1850 542 1905 tur,
577 1854 714 1894 neve
738 1856 824 1904 ea,
856 1855 976 1909 quae
998 1838 1066 1894 ad
1107 1839 1406 1910 juramenti
1432 1854 1591 1894 usum
1622 1840 1819 1896 collata
1837 1845 2016 1914 erant,

2113 1114 2370 1186 γενοίμην
2410 1114 2486 1177 ὡς
2508 1113 2659 1167 τάδε.
2701 1111 2953 1182 Χαλδαίῳ
2980 1111 3046 1182 δὴ
3084 1106 3178 1164 οῦν
3205 1111 3266 1163 τὸ
3306 1109 3463 1180 γένος
3514 1109 3697 1181 ὑπάρ-

2114 1204 2352 1276 χοντιτῷ
2380 1203 2652 1275 ⁹Αϐραὰμ,
2680 1202 2775 1257 καὶ
2801 1203 2927 1274 ἀρτι
2943 1202 3043 1273 τῆς
3074 1199 3404 1272 ἐνεγκούσης
3423 1200 3690 1265 ἐκθέοντι,

2113 1298 2182 1351 τὰ
2217 1296 2422 1368 συνήθη
2452 1296 2584 1367 δρᾷν
2610 1295 2704 1348 ἐπὶ
2739 1296 2853 1359 τοῖς
2886 1294 3071 1367 ὅρκοις
3104 1292 3389 1346 ἐκέλευσεν
3417 1294 3695 1362 οίκονομι-

2115 1389 2227 1453 κῶς
2272 1388 2301 1441 ὀ
2351 1387 2460 1441 τῶν
2497 1386 2633 1440 ὅλων
2670 1385 2947 1455 Δεσπότης
2966 1425 2981 1449 ,
3016 1383 3335 1438 ἀναπλέκων
3371 1382 3604 1444 ἀστείως
3633 1382 3694 1433 ἐν

2115 1481 2226 1544 τοῖς
2261 1477 2577 1549 τεθυμένοις
2620 1479 2682 1530 τό
2723 1474 2963 1546 Χριστοῦ
3004 1475 3320 1545 μυστήριον.
3371 1471 3589 1544 Ἐπειδὴ
3632 1471 3694 1525 δέ

2118 1573 2198 1635 εἰς
2238 1570 2342 1641 γῆν
2395 1567 2591 1639 ἐφεξῆς
2626 1566 2863 1639 ήπλοῦτο
2909 1566 3096 1620 λοιπὸν
3139 1566 3208 1618 τὰ
3249 1564 3691 1635 διχοτομήματα,

2117 1662 2317 1717 ὡσανεὶ
2335 1648 2616 1733 μέλλοντος
2630 1658 2716 1713 διὰ
2748 1659 2910 1729 μέσον
2936 1660 3134 1729 χωρεῖν
3151 1658 3243 1710 τοῦ
3270 1655 3429 1721 Θεοῦ,
3466 1654 3693 1726 Ὅρνεα,

2118 1754 2306 1825 φησὶν,
2341 1753 2427 1806 ἐπ’
2455 1751 2596 1806 αὐτὰ
2630 1749 2841 1804 συνέθει
2874 1749 3066 1812 πολλὰ,
3085 1749 3178 1802 καὶ
3210 1746 3561 1801 συνεκάθισεν
3590 1746 3695 1799 αύ-

2118 1849 2230 1911 τοῖς
2282 1845 2553 1917 Ἀϐραάμ.
2588 1842 2878 1906 Τουτέστι,
2917 1842 3219 1913 περιζήσας
3254 1838 3579 1909 ἐφύλαττεν,
3604 1837 3697 1890 ἵνα

430 1928 731 1984 immundis
777 1928 971 1984 avibus
1023 1929 1079 1983 in
1127 1930 1366 1999 przedam
1415 1928 1664 1999 exposita
1715 1935 1919 1984 essent.
1950 1928 2021 1983 At

2125 1937 2200 2009 μή
2238 1954 2293 1990 τι
2332 1936 2543 2005 γένοιτο
2582 1933 2797 2005 βλάϐος,
2840 1925 3080 1995 καῖ’τοῖς
3111 1929 3442 2000 ἀκαθάρτοις
3467 1928 3573 1982 τῶν
3596 1928 3696 1998 ὀρ-

433 2037 561 2078 vero
590 2022 695 2077 sub
719 2038 975 2077 occasum
1024 2022 1178 2087 solis,
1224 2022 1423 2092 inquit,
1485 2021 1761 2076 Abraham
1819 2021 2020 2077 εχειεεί

2125 2028 2257 2082 νέων
2279 2026 2593 2098 προκέοιντο
2611 2025 2785 2096 τροφὴ
2811 2023 2881 2078 τὰ
2895 2024 2973 2087 είς
2985 2023 3146 2093 ὅρκου
3161 2021 3352 2093 χρείαν
3369 2036 3700 2103 παρενηνεγ-

429 2119 486 2168 ει
506 2122 656 2168 metu
680 2121 972 2183 correptus
1006 2121 1109 2168 est.
1136 2112 1394 2178 Quasnam
1425 2120 1608 2167 autem
1648 2127 1838 2169 rursus
1858 2112 2021 2183 hujus

2126 2117 2282 2188 μένα.
2315 2118 2450 2188 Περὶ
2487 2116 2543 2169 δὲ
2567 2116 2776 2186 δυσμὰς
2806 2116 2980 2185 ἡλίου,
3018 2115 3201 2185 φησὶν,
3249 2132 3269 2165 ι
3319 2111 3572 2175 ἔκστασις
3600 2112 3699 2165 καὶ

431 2204 509 2259 rei
548 2204 765 2259 occasio
809 2201 997 2269 fuerit,
1045 2203 1227 2258 dicam
1264 2202 1445 2273 quoad
1495 2211 1705 2273 potero.
1753 2202 2019 2259 Chaldznis

2125 2183 2285 2279 φόϐος
2332 2183 2616 2262 ἐπιπίπτει
2788 2183 3058 2277 ’Ᾰϐραάμλ
3081 2183 3119 2256 -ι
3163 2204 3274 2257 Καὶ
3305 2201 3390 2266 τίς
3420 2202 3488 2255 ἂν
3524 2203 3700 2255 νοοῖτο

429 2309 547 2350 mos
571 2304 692 2350 erat
720 2302 978 2364 receptus
1024 2295 1208 2349 avium
1258 2294 1469 2348 volatus
1524 2303 1778 2349 accurate
1824 2294 2018 2350 obser-

433 2400 582 2440 vare.
626 2384 882 2440 Permisit
912 2384 1094 2454 itaque
1141 2383 1523 2438 universorum
1567 2382 1830 2438 Dominus
1869 2392 2018 2439 certa

433 2476 669 2542 ratione,
707 2492 773 2530 ex
804 2475 873 2532 iis
909 2491 1031 2546 quae
1076 2474 1404 2545 quibusdam
1447 2474 1618 2530 moris
1646 2484 1769 2530 erat
1812 2474 2016 2540 facere,

430 2562 620 2617 doceri
668 2562 875 2618 futura.
903 2561 1261 2634 Congregatis
1318 2562 1503 2632 itaque
1534 2578 1701 2633 supra
1740 2574 2019 2634 segmenta

430 2653 644 2720 avibus,
679 2654 964 2723 perculsus
998 2663 1082 2709 est
1104 2664 1254 2710 metu
1280 2653 1579 2720 Abraham,
1613 2654 1834 2726 ignarus
1848 2655 2019 2723 pimi-

432 2760 576 2809 rum,
610 2760 721 2815 quo
743 2754 838 2800 aut
873 2746 930 2799 in
956 2760 1095 2816 quos
1143 2744 1357 2816 signum
1389 2745 1494 2800 hoc
1519 2746 1788 2801 tenderet.
1820 2747 2020 2801 Malunt

356 2820 365 2829 ’
432 2836 577 2892 enim
605 2836 708 2906 ipsi
740 2835 1050 2900 videbatur,
1076 2836 1408 2907 anxiumque
1430 2836 1606 2907 ipsum
1629 2852 1693 2892 ac
1723 2836 2020 2893 sollicitum

338 2928 351 2945 ’
433 2926 716 2992 reddebat,
775 2927 1176 2998 impurissimas
1234 2944 1362 2984 aves
1418 2928 1701 2984 sacriﬁciis
1742 2929 2017 2985 advolare.

434 3018 733 3073 Immundze
772 3019 917 3074 enim
968 3018 1083 3074 fere
1148 3028 1276 3075 sunt
1327 3035 1457 3074 aves
1511 3020 1831 3075 carnivoras.
1883 3019 2020 3074 Cum

431 3108 615 3179 itaque
643 3107 866 3178 proprio
902 3108 1067 3178 capiti
1107 3116 1399 3171 metueret,
1427 3122 1495 3159 ne
1529 3107 1583 3159 in
1620 3107 1796 3175 ipsum
1834 3122 1923 3161 res
1958 3123 2022 3161 ea

433 3206 704 3268 vergeret,
740 3197 1111 3252 sollicitudine
1147 3197 1239 3249 illa
1270 3203 1433 3264 atque
1457 3211 1659 3265 angore
1693 3196 1847 3251 illum
1887 3198 2024 3254 libe-

436 3294 538 3342 rat.
583 3309 601 3339 ι
630 3288 819 3357 Neque
862 3287 1010 3342 enim
1046 3286 1290 3350 venient,
1342 3286 1541 3355 inquit,
1604 3303 1770 3357 super
1814 3296 1866 3343 te
1902 3305 2024 3359 qua:

436 3379 647 3433 vereris
676 3397 688 3432 :
712 3394 1047 3451 cognoscens
1069 3388 1253 3433 autem
1301 3378 1462 3443 scies,
1490 3379 1635 3448 quod
1673 3382 2022 3451 peregrinum

2119 2299 2282 2353 πάλιν
2312 2302 2346 2370 ἡ
2370 2297 2524 2351 τοῦδε
2559 2297 2865 2369 πρόφασις,
2897 2294 3162 2365 φράσαιμ’
3187 2290 3253 2347 ἂν
3292 2291 3368 2356 ὡς
3407 2291 3505 2345 ενι.
3546 2290 3697 2343 Χαλ-

2116 2390 2287 2453 δαίοις
2316 2385 2384 2459 ἦν
2414 2387 2536 2453 ἔθος
2565 2386 2658 2441 καὶ
2692 2388 2750 2441 ἐν
2778 2385 3046 2456 ὑπολήψει
3066 2386 3276 2456 χρηστῇ
3308 2384 3404 2438 καὶ
3433 2382 3697 2453 ἀδιάϐλη-

2118 2501 2195 2553 τῳ
2229 2480 2532 2543 παντελῶς,
2579 2476 3038 2550 περιεργάζεσθαι
3089 2473 3301 2538 λεπτῶς
3346 2473 3456 2527 τῶν
3493 2473 3699 2543 ὀρνέων

2118 2575 2214 2638 τὰς
2247 2574 2493 2643 πτήσεις.
2541 2570 2720 2640 Ἦφίει
2759 2568 2823 2641 δὴ
2853 2563 2946 2622 οῦν
2977 2565 3335 2638 οἰκονομικῶς
3360 2567 3391 2618 6
3422 2564 3531 2617 τῶν
3560 2565 3699 2618 ὅλων

2119 2663 2272 2727 Θεὸς,
2307 2662 2370 2727 ἐξ
2395 2655 2469 2715 ὧν
2497 2660 2614 2731 ᾔδει
2642 2661 2735 2714 καὶ
2758 2659 2892 2730 δρᾷν
2918 2653 2987 2729 ἦν
3011 2656 3132 2720 έθος
3166 2656 3309 2720 τισὶ,
3346 2646 3698 2707 παιδεύεσθαι

2118 2751 2187 2803 τὰ
2220 2750 2476 2819 ἐσόμενα.
2512 2746 2950 2817 Συνενεχθέντων
2978 2746 3158 2799 τοίνυν
3191 2746 3285 2799 ἐπὶ
3315 2743 3385 2797 τὰ
3406 2744 3697 2814 διχοτομή-

2125 2861 2268 2916 ματα
2299 2843 2408 2897 τῶν
2446 2841 2688 2912 πτηνῶν,
2716 2838 3124 2911 ἐξεδειματοῦτο
3148 2837 3332 2891 λοιπὸν
3358 2838 3388 2890 6
3410 2833 3701 2897 θεσπέσιος

2134 2934 2407 3007 Ἀϐραὰμ,
2434 2930 2765 3004 ἐννενοηκώς
2801 2948 2904 2985 που
2936 2930 3099 3001 τάχα,
3134 2932 3229 2983 ποῖ
3259 2928 3323 2999 δὴ
3345 2928 3452 3000 ἄρα
3483 2928 3576 2981 καὶ
3606 2926 3701 2979 ἐπὶ

2120 3028 2271 3090 τίνας
2309 3027 2371 3080 τὸ
2402 3028 2625 3096 σημεῖον
2650 3025 2962 3095 ἐκϐήσεται.
3002 3023 3209 3077 Φαῦλον
3253 3021 3363 3092 γὰρ
3396 3018 3564 3085 εἶναι,
3600 3020 3700 3074 καὶ

2121 3118 2241 3189 ούχὶ
2279 3116 2389 3171 τῶν
2438 3116 2543 3183 ἔξω
2594 3115 2875 3187 φροντίδος
2916 3113 3092 3168 ἐδόκει
3135 3114 3197 3166 τὸ
3240 3110 3535 3181 ἐπιπτῆναι
3585 3113 3702 3174 τοῖς

2123 3210 2328 3281 θύμασι
2362 3209 2432 3262 τὰ
2462 3207 2570 3262 τῶν
2602 3200 2805 3279 ὀρνέων
2824 3204 3218 3277 βδελυρώτατα.
3261 3203 3568 3274 ’Ᾱκάθαρτα
3589 3199 3704 3271 γάρ

2125 3319 2243 3366 πως
2272 3302 2359 3355 ἀεὶ
2393 3300 2460 3353 τὰ
2496 3300 2864 3371 σαρκοφαγεῖν
2910 3296 3155 3351 είωθότα.
3210 3294 3461 3349 Ἐπειδὰν
3489 3293 3545 3347 δὲ
3572 3291 3702 3364 περὶ

2122 3394 2219 3463 τῆς
2251 3393 2386 3456 ἰδίας
2403 3390 2592 3445 ἐδεδίει
2616 3388 2878 3459 κεφαλῆς,
2916 3388 2989 3459 μὴ
3015 3389 3122 3460 ἀρα
3150 3403 3267 3449 πως
3295 3386 3387 3439 καὶ
3407 3386 3492 3438 ἐπ’
3530 3383 3701 3453 αὐτὴν

434 3471 749 3526 eritsemen
776 3481 930 3528 tuum
957 3471 1013 3525 in
1041 3480 1187 3525 terra
1222 3469 1399 3523 aliena
1434 3469 1498 3522 ³⁸.
1545 3489 1562 3520 ι
1598 3471 1668 3526 Ει
1702 3472 1860 3527 multi
1895 3473 2021 3543 qui-

2128 3484 2197 3536 ῖοι
2227 3482 2288 3535 τὸ
2330 3482 2539 3552 χρῆμα,
2577 3479 2680 3549 τῆς
2712 3479 2804 3531 ἐπὶ
2843 3476 3055 3540 τούτοις
3088 3474 3329 3538 ἀγωνίας
3365 3472 3529 3527 αὑτὸν
3562 3474 3701 3527 ἀπο-

436 3564 560 3619 dem
584 3572 768 3628 erunt,
810 3562 1069 3618 infestare
1099 3562 1368 3627 volentes,
1408 3579 1642 3633 quorum
1674 3572 1833 3633 typus
1866 3574 2024 3621 erant

435 3670 564 3710 aves
579 3654 865 3709 sacriﬁciis
881 3654 1216 3710 advolantcs.
1239 3653 1507 3709 Caeterum
1532 3670 1723 3725 parum
1741 3664 2020 3720 nocentes,

437 3762 627 3818 poenas
661 3747 834 3802 luent.
883 3767 902 3798 ι
956 3745 1036 3801 Tu
1078 3761 1210 3802 vero
1245 3745 1480 3801 decedes
1528 3746 1597 3801 ad
1645 3755 1827 3816 patres
1879 3755 2021 3812 tuos,

437 3839 688 3911 sepultus
753 3838 810 3894 in
872 3848 1157 3896 senectute
1201 3839 1364 3894 bona.
1419 3857 1437 3891 ι
1488 3839 1695 3896 Deinde
1736 3839 1833 3906 ait,
1877 3840 2025 3909 quod

439 3933 543 3990 sub
566 3948 821 3989 occasum
846 3932 983 3989 solis
1012 3951 1029 3984 ι
1062 3931 1277 3988 ﬂamma
1295 3930 1435 4003 ignis
1456 3940 1513 3988 et
1544 3931 1796 3988 clibanus
1814 3941 1871 3987 et
1894 3933 2027 3986 lam-

438 4024 607 4094 pades
634 4023 974 4079 transierunt
1006 4039 1105 4095 per
1137 4022 1380 4079 medium
1418 4022 1772 4078 divisionum.
1803 4042 1821 4075 ι
1856 4022 2025 4079 Ιιιιειο

439 4115 626 4187 ligitur
661 4130 793 4169 vero
827 4131 1047 4170 rursum
1086 4115 1141 4169 in
1168 4114 1352 4185 specie
1382 4115 1522 4186 ignis
1556 4116 1836 4182 divinitas,
1874 4117 2028 4188 juxta

436 4202 819 4261 Chaldaeorum
845 4204 1322 4267 consuetudinem,
1350 4205 1726 4274 juramentum
1771 4206 2025 4276 implens.

438 4297 650 4354 Idcirco
671 4295 892 4351 divinus
911 4295 1113 4351 Paulus
1139 4295 1194 4349 in
1219 4295 1517 4365 juramenti
1541 4296 1651 4349 vim
1683 4297 1787 4350 hoc
1813 4300 2025 4363 statuit,

439 4389 632 4446 dicens
662 4407 674 4443 :
709 4409 726 4441 ι
774 4388 1009 4444 Abrahae
1039 4403 1275 4459 namque
1299 4388 1625 4458 promittens
1671 4388 1836 4452 Deus,
1887 4404 2028 4457 quo-

440 4482 588 4539 niam
622 4482 896 4538 neminem
944 4480 1139 4537 habuit
1162 4496 1261 4551 per
1286 4495 1449 4549 quem
1476 4480 1686 4551 juraret
1744 4480 2027 4550 majorem,

434 4573 640 4642 juravit
665 4589 762 4644 per
812 4574 1201 4643 semetipsum,
1262 4571 1490 4627 dicens:
1524 4571 1639 4625 Nisi
1699 4570 2031 4626 benedicens

440 4664 761 4720 benedicam
793 4671 867 4728 te‘,
901 4672 957 4718 et
997 4661 1369 4732 multiplicans
1411 4660 1787 4730 multiplicabo
1838 4670 1911 4715 te.
1963 4661 2030 4716 Et

441 4752 523 4806 sic
546 4751 935 4821 longanimiter
950 4749 1155 4815 ferens,
1178 4749 1411 4820 adeptus
1430 4758 1515 4803 est
1531 4749 2025 4818 repromissionem.

2125 3574 2262 3627 λύει.
2299 3590 2318 3624 ι
2348 3573 2423 3626 06
2439 3572 2550 3641 γὰρ
2564 3570 2709 3641 ἥξει.
2741 3569 2928 3641 φησὶν,
2963 3568 3054 3623 ἐπὶ
3079 3568 3139 3621 σὲ
3164 3566 3233 3621 τὰ
3264 3567 3699 3636 ὑποπτευόμενα.

2125 3664 2418 3719 Γινώσκων
2460 3662 2518 3716 δὲ
2565 3663 2750 3733 γνώσῃ
2791 3661 2871 3714 ὅτι
2913 3658 3175 3731 πάροικον
3211 3657 3362 3711 ἔσται
3392 3657 3453 3711 τὸ
3482 3657 3702 3727 σπέρμα

2128 3772 2221 3808 σου
2260 3756 2321 3807 ἐν
2355 3756 2424 3825 γῇ
2456 3751 2731 3823 ἀλλοτρίᾳ.
2771 3770 2791 3803 ι
2837 3750 2948 3803 Καὶ
2986 3748 3172 3802 πολλοὶ
3204 3747 3304 3818 μὲν
3345 3746 3558 3800 ἔσονται
3583 3746 3705 3800 λίαν

2125 3850 2174 3902 οἱ
2205 3846 2406 3902 κακοῦν
2436 3845 2728 3909 ἐθέλοντες,
2755 3837 2830 3898 ὧν
2857 3838 2997 3914 ἦσαν
3026 3844 3106 3906 είς
3125 3841 3295 3895 τύπον
3319 3840 3388 3895 τὰ
3422 3843 3535 3903 τοῖς
3569 3856 3704 3908 προ-

2129 3939 2399 4010 κειμένοις
2418 3936 2653 4007 θύμασιν
2667 3936 2759 3989 ἐπὶ
2775 3933 3037 4007 π[τ]άντα
3056 3933 3238 4005 ὄρνεα.
3270 3931 3417 4003 Πλὴν
3430 3932 3587 4000 ὀλίγα
3616 3932 3709 3985 λεο
3748 3942 3759 3951 ’

2128 4030 2459 4102 λυπηκότες,
2491 4026 2807 4082 ἀποτίσουσι
2846 4025 3019 4090 δίκας.
3048 4046 3068 4077 ι
3099 4027 3171 4079 Σὺ
3192 4025 3249 4078 δὲ
3270 4023 3543 4097 ἀπελεύσῃ
3570 4022 3705 4093 πρὸς

2128 4123 2253 4187 τοὺς
2290 4120 2536 4193 πατέρας
2566 4136 2694 4184 σου,
2722 4119 2949 4189 τραφεὶς
2987 4120 3045 4171 ἐν
3076 4119 3238 4191 γήρει
3277 4115 3450 4187 καλῷ.
3504 4135 3522 4167 ι
3572 4109 3706 4168 Εἶτά

2131 4232 2318 4285 φησιν,
2345 4214 2427 4267 ὅτι
2460 4212 2595 4284 πρὸς
2624 4212 2814 4272 αὑταῖς
2835 4210 2936 4281 ήδη
2969 4209 3202 4280 δυσμαῖς
3224 4200 3508 4277 γεγονότος
3530 4207 3701 4277 ἡλίου,

2136 4325 2153 4355 ι
2197 4303 2332 4373 φλὸξ
2369 4302 2542 4375 πυρὸς
2589 4303 2685 4356 καὶ
2724 4301 2976 4364 κλίϐανος
3019 4301 3113 4354 καὶ
3157 4299 3439 4370 λαμπάδες
3483 4298 3572 4351 διὰ
3609 4298 3705 4368 μέ-

2132 4413 2241 4448 σων
2274 4396 2441 4465 ᾔεσαν
2469 4394 2578 4446 τῶν
2622 4392 3091 4462 διχοτομημάτων.
3141 4410 3160 4444 ι
3204 4391 3424 4444 Νοεῖται
3454 4389 3510 4442 δὲ
3540 4388 3701 4442 πάλιν

2130 4484 2189 4536 ὲν
2211 4482 2526 4555 εῖδειπυρὸς
2551 4481 2613 4534 τὸ
2640 4480 2817 4545 Θεῖον,
2847 4480 2986 4535 κατὰ
3000 4479 3101 4552 τὴν
3121 4480 3230 4534 τῶν
3258 4478 3538 4533 Χαλδαίων
3572 4493 3698 4529 συν-

2132 4573 2338 4645 ήοειαν,
2357 4573 2448 4626 τὸν
2480 4572 2641 4643 ὅρκον
2661 4570 3029 4643 ἀποπληροῦν.
3061 4571 3349 4644 Τοιγάρτοι
3384 4560 3475 4624 καὶ
3504 4570 3533 4621 ὀ
3562 4568 3699 4622 θεσ-

2134 4668 2317 4731 πέσιος
2347 4664 2557 4727 Παῦλος
2611 4664 2692 4728 είς
2726 4665 2892 4736 ὅρκου
2917 4664 3150 4735 δύναμιν
3172 4665 3385 4734 δέχεται
3409 4662 3472 4716 τὸ
3491 4661 3702 4733 χρῆμα,

2134 4758 2224 4812 καί
2251 4775 2385 4829 φησι
2404 4773 2416 4785 ο
2444 4776 2462 4807 ι
2485 4755 2575 4826 Τῷ
2605 4755 2661 4809 δέ
2703 4754 2957 4826 ’Δϐραὰμ
2990 4756 3456 4826 ἐπαγγειλάμενος
3486 4753 3515 4805 ὀ
3550 4752 3703 4816 Θεὸς,

442 4843 702 4898 llomines
750 4841 899 4897 enim
945 4857 1044 4912 per
1088 4841 1350 4911 majorem
1374 4840 1459 4895 sui
1507 4841 1692 4911 jurant
1748 4851 1805 4898 et
1848 4843 2021 4898 omnis

2133 4849 2253 4903 ἐπεὶ
2285 4849 2405 4902 κατ’
2432 4846 2646 4910 οὐδενὸς
2680 4843 2792 4917 εἶχε
2836 4847 3083 4917 μείζονος
3116 4847 3333 4917 ὀμόσαι,
3366 4845 3547 4916 ὤμοσε
3587 4844 3707 4898 καθ’

441 4934 830 4991 controversiae
878 4949 1071 4990 eorum
1124 4933 1265 4998 ﬁnis,
1298 4933 1365 4988 ad
1413 4932 1904 4999 conﬁrmationem,
1942 4943 2028 4990 est

437 5028 830 5099 juramentum.
860 5027 919 5082 In
953 5041 1063 5096 quo
1101 5023 1472 5081 abundantius
1517 5024 1708 5079 volens
1736 5025 2026 5080 ostendere

442 5120 587 5175 Deus
613 5119 1025 5194 pollicitationis
1068 5118 1378 5174 baeredibus
1413 5118 1846 5174 immobilitatem
1890 5133 2025 5173 con-

442 5209 552 5263 silii
595 5209 701 5273 sui,
750 5209 1078 5280 interposuit
1110 5206 1514 5282 jusjurandum,
1554 5215 1614 5261 ut
1651 5223 1749 5276 per
1776 5206 1912 5261 duas
1938 5223 2027 5262 res

445 5298 774 5363 immobiles,
820 5300 1024 5368 quibus
1068 5297 1400 5368 impossibile
1437 5305 1522 5351 est
1558 5297 1784 5354 mentiri
1830 5298 2024 5362 Deum,

444 5389 806 5446 fortissimum
833 5392 1088 5448 solatium
1121 5393 1440 5457 habeamus,
1466 5392 1561 5463 qui
1591 5390 1936 5461 confugimus
1958 5391 2027 5446 ad

447 5482 739 5540 tenendam
768 5484 1097 5555 propositam
1125 5500 1276 5553 spem
1303 5485 1347 5515 ³⁷
1406 5503 1425 5535 ι

2132 4939 2345 5003 ἐαυτοῦ,
2387 4939 2561 5008 λέγων
2582 4954 2597 4970 °
2631 4934 2709 4992 Ἦ
2761 4937 2865 5010 μὴν
2898 4939 3136 5009 εὐλογῶν
3175 4940 3457 5010 εὐλογήσω
3501 4955 3581 5001 σε,
3615 4936 3710 4990 καὶ

2134 5032 2417 5102 πληθύνων
2454 5029 2712 5101 πληθυνῶ
2753 5046 2835 5085 σε.
2874 5030 2985 5085 Καὶ
3035 5024 3189 5092 οὗτος
3234 5028 3703 5100 μακροθυμήσας,

2130 5124 2361 5193 ἐπέτυχε
2406 5122 2507 5191 τῆς
2552 5120 2906 5190 ἐπαγγελίας.
2941 5122 3254 5193 ’Ἄνθρωποι
3300 5120 3410 5190 γὰρ
3443 5118 3586 5172 κατὰ
3610 5114 3706 5169 τοῦ

2136 5215 2377 5287 μείζονος
2397 5212 2678 5285 ὀμνύουσι,
2711 5214 2806 5267 καὶ
2837 5214 3018 5283 πάσης
3046 5214 3228 5276 αὐτοῖς
3257 5211 3569 5279 ἀντιλογίας
3605 5207 3706 5261 πέ-

2135 5320 2268 5377 ρας,
2310 5304 2389 5367 εἰς
2430 5302 2748 5372 βεϐαίωσιν’,
2789 5304 2817 5356 ὀ
2862 5303 3044 5372 ὅρκος.
3103 5304 3191 5356 Ἐν
3230 5295 3276 5370 ᾧ
3320 5298 3709 5373 περισσότερον

2136 5392 2458 5464 βουλόμενος
2495 5394 2524 5446 ὀ
2570 5391 2701 5455 Θεὸς
2757 5391 3017 5459 ἐπιδεῖξαι
3063 5395 3175 5455 τοῖς
3219 5390 3576 5461 κληρονόμοις
3612 5389 3713 5457 τῆς

2136 5485 2470 5554 ἐπαγγελίας
2505 5483 2567 5539 τὸ
2590 5483 2922 5554 ἀμετάθετον
2945 5484 3043 5554 τῆς
3084 5483 3277 5554 βουλῆς
3304 5480 3493 5546 αὑτοῦ,
3527 5477 3717 5549 ἐμεσί-

444 5588 635 5625 τευσεν
661 5574 809 5642 ὅρκῳ
833 5613 848 5637 ,
878 5573 964 5627 ἵνα
1002 5571 1091 5626 διὰ
1130 5572 1222 5627 δύο
1263 5575 1603 5645 πραγμάτων
1637 5572 2005 5643 ἀμεταθέτων,
2047 5574 2105 5627 ἐν
2141 5568 2221 5638 οἷς
2251 5574 2511 5629 ἀδύνατον
2543 5573 2850 5645 ψεύσασθαι
2895 5574 2985 5628 τὸν
3038 5573 3190 5638 Θεὸν,
3227 5570 3462 5645 ίσχυρὰν
3533 5565 3715 5637 παράλ-

448 5663 641 5733 κλησιν
670 5663 902 5735 ἔχωμεν,
943 5664 989 5717 ὸί
1011 5667 1417 5735 καταφυγόντες
1446 5668 1719 5739 κρατῆσαι
1748 5665 1845 5736 τῆς
1891 5668 2254 5739 ποοκειμένης
2279 5669 2512 5734 ἐλπίδος.
2559 5689 2577 5724 ι
3364 5668 3369 5675 ’

509 5779 553 5813 ³⁸
578 5780 714 5838 Gen.
740 5800 828 5850 xv,
861 5782 956 5849 l5;
1008 5785 1126 5839 Aet.
1165 5802 1258 5849 vn,
1308 5786 1360 5840 6.
1432 5787 1471 5818 ³⁷
1506 5786 1673 5842 Hebr.
1699 5802 1771 5852 vl,
1822 5785 2007 5842 {548.
