4050 6210
301 361 403 419 ιιι

1324 358 1844 417 ειΑΡΗΥιιοιιυΜ
1881 357 1949 414 IN
1979 346 2279 415 GENESIM
2319 357 2448 412 LIB.
2487 356 2572 412 Ill.

3454 308 3559 411 tas

373 485 436 534 ι’.
478 475 965 548 οἰκονομικώτατα
993 477 1174 531 τοίνυν
1196 477 1467 549 ινώμοτον
1496 478 1597 548 τὴν
1631 480 1870 546 ὲπαγγε-

2006 474 2113 544 72
2126 474 2179 530 5.
2195 472 2628 529 Prudentissime
2638 470 2804 543 igitur
2817 471 2963 526 Deus
2974 465 3389 541 promissionem
3401 465 3557 537 jure.

299 568 424 623 λίαν
449 567 686 621 ἐποιεῖτο
705 564 859 631 Θεὸς,
894 565 1073 621 καίτοι
1100 566 1417 636 ψευδοεπείν
1443 566 1716 630 οὐκείδώς
1736 582 1751 599 ·
1782 565 1875 631 ἶν’,

298 658 379 723 ὥς
400 659 434 711 6
459 658 750 722 θεσπέσιος
777 659 978 729 γράφει
1008 657 1218 721 Παῦλος
1234 700 1249 724 ,
1281 658 1506 731 ίσχυρὰν
1532 658 1747 729 ἔχωμεν
1778 657 1878 728 τὴν

298 748 671 820 παράκλησιν,
693 750 777 803 ὅτι
804 748 943 820 πρὸς
966 748 1139 822 πέρας
1165 748 1458 821 ἐκϐήσεται
1493 750 1668 821 πάντη
1695 767 1754 803 τε
1784 751 1880 804 καὶ

300 839 525 903 πάντως
562 840 666 893 οὐκ
707 838 1073 906 ἐνδοιάζοντας
1116 839 1218 893 ἔτι.
1273 840 1485 894 Οὐκοῦν
1532 840 1730 911 (βραχῦ
1769 840 1880 911 γὰρ

301 935 497 989 ἁνύπιν
517 934 838 1004 ἀνακομίσαι
857 931 951 987 τὸν
971 931 1150 1002 λόγον)
1180 933 1237 987 ιν
1260 931 1444 985 ὠδῖσιν
1471 932 1553 986 ἔτι
1578 932 1675 1003 τῆς
1699 933 1879 1005 ’Δγαρ

300 1024 542 1096 ἑκούσης
568 1023 923 1095 τῦνΊσμαήλ,
949 1022 1405 1095 δεδυσφόρηκενή
1439 1023 1647 1095 Σάρρα,
1674 1022 1773 1094 τῆς
1801 1024 1879 1077 0i-

303 1116 570 1187 κοτινοῦς
610 1117 707 1170 οὐκ
760 1114 1061 1184 ἐνεγκοῦσα
1113 1113 1256 1185 τάχα
1308 1131 1412 1195 που
1464 1114 1533 1168 τὰ
1567 1113 1660 1167 ὲπί
1693 1131 1757 1184 γε
1801 1115 1878 1187 τῷ

303 1210 600 1278 κυοφορείν
651 1205 961 1276 αὐχήματα,
1013 1204 1106 1259 καὶ
1140 1204 1243 1275 τὴν
1282 1203 1346 1257 οὒ
1394 1204 1621 1274 μετρίαν
1685 1203 1874 1275 ὀφρύν.

302 1295 444 1353 Εἶτα
499 1297 601 1366 τῆς
643 1297 830 1360 ἑστίας
858 1297 1092 1363 “advel,
1147 1296 1244 1350 καὶ
1279 1291 1452 1368 οὗπερ
1485 1295 1552 1350 ἂν
1582 1296 1754 1351 ἕλοιτο
1779 1296 1878 1367 βα-

300 1390 474 1456 δίζειν
496 1389 770 1455 ἐκέλευεν,
814 1387 1037 1459 ἐφέντος
1083 1388 1221 1461 αὐτῇ
1245 1387 1405 1442 τοῦτο
1443 1388 1576 1460 δρᾷν
1613 1387 1708 1441 τοῦ
1739 1386 1881 1441 κατὰ

300 1480 478 1550 νόμον
521 1479 937 1549 συνῳκηκότος,
979 1480 1123 1549 φημὶ
1157 1478 1223 1549 δή
1272 1478 1370 1532 τοῦ
1426 1477 1698 1549 Ἀϐραάμ.
1738 1478 1878 1533 Ἀλλ’

300 1571 387 1635 ὡς
418 1571 480 1624 τὸ
515 1570 754 1642 Γράμμα
781 1570 918 1640 φησὶ
954 1569 1017 1622 τὺ
1046 1569 1207 1641 ἱερὸν,
1253 1588 1273 1621 ι
1312 1561 1484 1642 Εὗρεν
1513 1569 1682 1641 αὐτὴν
1710 1570 1878 1639 ἄγγε-

298 1662 398 1726 λος
420 1661 630 1732 Κυρίου
685 1659 783 1715 τοῦ
815 1659 950 1714 Θεοῦ
984 1661 1076 1714 ἐπὶ
1117 1660 1216 1730 τῆς
1246 1661 1428 1733 πηγῆς
1460 1661 1556 1715 τοῦ
1598 1661 1788 1727 ὓδατος
1820 1663 1879 1716 ἐν

299 1755 373 1823 τῇ
400 1754 594 1823 ἐρήμῳ
619 1752 678 1804 ἐν
706 1754 774 1822 τῇ
803 1751 909 1822 ὁδῷ
941 1750 1098 1821 Σούρ.
1126 1750 1233 1803 Kal
1259 1748 1412 1804 εἶπεν
1434 1751 1571 1823 αὐτῇ
1596 1754 1625 1806 6
1649 1753 1879 1821 ἄγγελος

302 1842 543 1913 Κυρίου·
584 1844 766 1915 Ἅγαρ
795 1841 1053 1912 παιδίσκη
1102 1841 1349 1913 Σάῤῥας,
1393 1840 1557 1905 πόθεν
1586 1841 1750 1916 ἔρχῃς
1785 1843 1880 1897 καὶ¹
1912 1824 1952 1880 Β

302 1931 411 1985 ποῦ
440 1930 807 2003 πορτύῃςΚαὶ
834 1925 1008 2011 aliter
1040 1929 1171 1982 Ἀπὸ
1201 1928 1497 2000 προσώπου
1531 1930 1747 2002 Σάρρας
1776 1929 1878 2001 τῆς

302 2020 502 2092 κυρίας
532 2038 639 2092 μου
670 2021 785 2088 ἐγὼ
807 2018 1206 2089 ἀποδιδράσκω.
1239 2015 1375 2071 Eine
1403 2018 1462 2072 δὲ
1489 2018 1630 2090 αὐτῇ
1655 2021 1683 2073 6
1716 2019 1882 2088 ἄγγε-

300 2114 398 2178 λος
427 2113 654 2184 Κυρίου·
694 2110 1102 2182 ’Δποστράφηθι
1136 2112 1274 2182 πρὸς
1297 2111 1398 2182 τὴν
1417 2111 1614 2183 κυρίαν
1634 2127 1752 2174 σου,
1786 2112 1882 2165 καὶ

300 2202 673 2273 ταπεινώθητι
699 2201 807 2255 ὑπὸ
837 2200 934 2265 τὰς
962 2204 1149 2272 χεῖρας
1168 2202 1392 2273 αὐτῆς.»
1414 2201 1524 2255 Καὶ
1548 2200 1881 2271 ὑπενόστησε

306 2294 407 2366 μὲν
450 2297 486 2365 ή
524 2295 725 2364 Ἅγαρ,
776 2294 873 2348 καὶ
920 2293 1011 2347 τὸν
1054 2294 1154 2365 τῆς
1205 2292 1448 2358 δουλείας
1482 2293 1654 2347 ὑπέδυ
1695 2292 1879 2362 ζυγόν.

316 2383 658 2453 Ἐνομοθᾶτει
704 2383 763 2438 δὲ
822 2383 914 2437 ιιαὶ
967 2382 1099 2445 Θεὸς
1142 2381 1243 2453 ήδη
1301 2380 1403 2452 τὴν
1450 2380 1758 2453 περιτομὴν
1801 2380 1881 2453 τῷ

314 2478 592 2551 ’Δσραὰμ,
629 2477 825 2547 λέγων·
874 2494 893 2528 ι
933 2476 1006 2530 Σὺ
1040 2476 1099 2530 δὲ
1130 2475 1232 2548 τὴν
1267 2475 1533 2549 διαθήκην
1567 2494 1669 2548 μου
1694 2477 1883 2549 διατη-

304 2573 516 2644 ρήσιις,
541 2571 608 2625 σὺ
637 2569 816 2625 καὶτὸ
845 2568 1066 2640 σπέρμα
1093 2584 1188 2622 σου
1213 2567 1352 2640 μετὰ
1379 2568 1439 2621 ei
1460 2571 1542 2632 είς
1563 2569 1664 2633 τὰς
1688 2568 1883 2639 γενεὰς

299 2664 508 2717 αὐτῶν.
531 2661 639 2715 Kal
666 2658 804 2730 αὕτη
832 2663 866 2730 ή
897 2659 1128 2731 διαθήκη
1158 2659 1228 2731 ἣν
1256 2650 1623 2731 διατηρήσας,
1654 2659 1758 2714 ἀνὰ
1786 2659 1882 2729 μέ-

303 2772 402 2810 σον
434 2752 571 2823 ιμοῦ
615 2752 711 2807 καὶ
745 2752 923 2822 ὑμῶν,
957 2751 1053 2805 καὶ
1089 2749 1194 2805 ἀνὰ
1228 2751 1392 2821 μέσον
1437 2749 1530 2804 τοῦ
1567 2751 1883 2823 σπέρματός

304 2863 403 2900 σου
446 2847 527 2909 είς
568 2844 669 2909 τὰς
717 2843 912 2914 γενεὰς
951 2841 1153 2897 αὐτῶν.
1203 2840 1680 2913 Περιτμηθήσεται
1728 2840 1882 2911 ὑμῶν

302 2938 419 2992 πᾶν
458 2934 766 3007 ἀρσενικὸν,
797 2935 893 2987 καὶ
933 2932 1409 3005 περιτμηθήσεσθε
1450 2932 1550 3003 τὴν
1579 2931 1759 3004 σάρκα
1783 2931 1882 3003 τῆς

300 3025 672 3095 ἀκροὸυστίας
699 3022 875 3095 ὑμῶν,
911 3023 1006 3077 καὶ
1051 3020 1204 3076 ἔσται
1247 3023 1327 3084 είς
1360 3023 1586 3092 σημεῖον
1614 3019 1883 3091 διαθήκης

301 3119 417 3175 ἀνὰ
446 3117 610 3190 μέσον
639 3116 777 3188 ὶμοῦ
807 3116 901 3171 καὶ⁵
932 3115 1108 3186 ὑμῶν.
1139 3114 1250 3168 Kal
1291 3113 1504 3168 παιδίον
1541 3113 1883 3185 ὀκταήμερον

304 3184 780 3282 περιτμηθήσεται
810 3184 982 3278 ὑμῖνξ
1001 3208 1110 3261 πᾶν
1140 3206 1426 3278 ἀρσενικὸν
1447 3207 1527 3269 είς
1558 3205 1658 3268 τὰς
1685 3184 1881 3273 γενεὰς
1908 3184 1951 3243 c

304 3301 490 3374 ὑμῶν.
533 3302 593 3356 '0
633 3300 917 3370 οἰκογενὴς
965 3298 1060 3352 καὶ
1095 3300 1123 3351 6
1160 3296 1569 3370 ἀργυρώνητος,
1608 3297 1717 3352 ἀπὸ
1746 3314 1886 3352 παν-

303 3397 402 3458 τὸς
440 3392 559 3448 υἱοῦ
589 3391 895 3463 ἀλλοτρίου,
935 3390 995 3454 ὃς
1030 3390 1133 3444 οὐκ
1169 3389 1317 3443 ἐστιν
1342 3391 1408 3444 ὲκ
1441 3389 1537 3443 τοῦ
1570 3387 1887 3462 σπέρματός

308 3504 436 3552 σου,
482 3486 749 3555 περιτομῇ
781 3480 1273 3554 περιτμηθήσεται,
1301 3483 1330 3535 6
1362 3480 1644 3552 οίκογενὴς
1677 3483 1777 3553 τῆς
1809 3482 1887 3534 ol-

307 3576 436 3641 κίας
461 3591 555 3630 σου
588 3574 684 3628 καὶ
728 3575 758 3628 6
783 3571 1187 3645 ἀργυρώνητος.
1220 3574 1332 3627 Καὶ
1377 3571 1530 3625 ἔσται
1572 3573 1606 3644 ἡ
1651 3571 1885 3644 διαθήκη

313 3686 416 3740 μου
466 3668 560 3722 ἐπὶ
604 3666 704 3736 τῆς
752 3665 956 3738 σαρκὸς
996 3664 1172 3736 ὑμῶν,
1208 3665 1288 3728 είς
1336 3663 1601 3736 διαθήκην
1645 3664 1882 3723 αἰώνιον,

307 3760 423 3813 Kal
459 3758 833 3830 ἀπερίτμητος
870 3756 1064 3827 ἄρσην,
1092 3754 1152 3818 ὃς
1182 3756 1243 3809 οὐ
1279 3753 1752 3827 περιτμηθήσεται
1785 3756 1886 3826 τὴν

310 3850 496 3923 σάρκα
528 3848 629 3920 τῆς
656 3846 1023 3919 ἀκροϐυστίας
1059 3844 1249 3910 αὐτοῦ,
1288 3847 1355 3916 τῇ
1393 3845 1579 3916 ἡμέρα
1595 3847 1661 3916 τῇ
1698 3845 1883 3917 ὀγδόῃ,

308 3938 823 4011 ἐξολοθρευθήσεται
863 3938 898 4007 ή
934 3935 1081 4007 ψυχὴ
1116 3936 1300 4006 ἐκείνη
1341 3937 1405 3989 ὲκ
1436 3934 1532 3989 τοῦ
1559 3935 1746 4004 γένους
1785 3936 1886 3988 αὐ-

307 4033 429 4102 τῆς,
472 4033 557 4085 ὅτι
600 4029 702 4101 τὴν
741 4027 1004 4100 διαθήκην
1047 4045 1148 4099 μου
1190 4027 1556 4082 διεσκέδασεν.
1600 4046 1620 4079 ι
1665 4026 1884 4097 Ἐπειδὴ

306 4123 368 4178 δὲ
400 4120 471 4195 ἦν
497 4122 795 4191 ἀναγκαῖον
823 4123 935 4183 τοίς
960 4117 1126 4182 θείοις
1179 4119 1425 4173 ὑπείκειν
1457 4120 1666 4190 νόμοις.
1729 4135 1886 4189 περι-

308 4212 521 4285 ετμήθη
564 4211 665 4282 μὲν
686 4213 716 4264 6
744 4208 1293 4281 θεσπέσιοςἈδραὰμ
1316 4209 1558 4264 πανοικί.
1584 4208 1886 4281 Περιέτεμε

306 4305 365 4358 δὲ
390 4306 488 4359 καὶ
510 4305 624 4367 τοῖς
655 4302 838 4366 ἄλλοις
874 4301 1011 4373 ὁμοῦ
1050 4301 1141 4355 τὸν
1209 4302 1448 4374 Ἰσμαήλ.
1492 4300 1792 4371 Γεγένηται
1826 4301 1885 4355 δὲ

306 4396 495 4450 λοιπὸν
518 4397 547 4449 6
578 4395 647 4448 lx
678 4394 781 4464 τῆς
820 4392 1129 4464 ἐλευθέρας,
1157 4394 1438 4447 τουτέστιν
1466 4391 1494 4443 6
1534 4392 1740 4448 Ἰσαάκ.
1776 4393 1887 4447 Kal

306 4488 361 4540 τί
381 4486 444 4542 τδ
476 4486 616 4557 μετὰ
638 4484 830 4552 τοῦτο;
856 4485 932 4539 06
960 4484 1196 4556 φορητὸς
1212 4480 1281 4556 ἦν
1316 4484 1397 4537 ἔτι
1429 4486 1459 4538 6
1484 4484 1638 4549 νόθος
1666 4485 1886 4559 ἀθύρων

311 4579 422 4643 υἱὸς
443 4577 589 4632 κατὰ
603 4577 702 4647 τὴν
714 4576 898 4630 ἑστίαν
914 4578 943 4629 6
961 4575 1193 4647 Ισμαὴλ,
1212 4576 1309 4629 καὶ
1327 4576 1384 4630 ὲν
1402 4576 1502 4647 ίσῳ
1523 4592 1626 4631 που
1644 4577 1785 4647 τάχα
1804 4576 1883 4648 τῷ

323 4670 509 4723 Ἰσαὰκ
543 4667 876 4739 τιμώμενος.
896 4685 915 4719 ι
944 4660 1066 4720 Εῐδε
1089 4666 1222 4739 γὰρ,
1254 4668 1411 4738 φησὶ,
1445 4668 1632 4739 Σάρρα
1658 4668 1748 4721 τὸν
1769 4668 1884 4724 υίδν

312 4763 497 4830 ’Δγαρ
514 4760 617 4830 τῆς
651 4756 978 4827 Αἰγυπτίας,
1010 4755 1068 4820 ὃς
1104 4757 1323 4826 ἐγένετο
1347 4756 1424 4829 τῷ
1456 4756 1732 4828 Ἀϐραὰμ,
1755 4756 1885 4812 naf-

310 4850 476 4914 ζοντα
499 4850 638 4921 μετὰ
672 4847 860 4923 Ἰσαὰκ
887 4846 983 4900 τοῦ
1016 4846 1132 4900 υἱοῦ
1162 4847 1355 4918 αὐτῆς.
1409 4867 1429 4901 ι
1464 4844 1599 4903 Εἶτα
1635 4847 1885 4919 πρόσεισι

307 4940 705 5011 δεδακρυμένη.
732 4940 874 4992 κατὰ
889 4939 949 4993 τδ
977 4940 1141 5004 εἰκὸς,
1172 4939 1268 4992 καὶ
1300 4938 1555 5007 λέγουσα·
1589 4956 1609 4990 ι
1644 4938 1884 4993 Ἔκϐαλε

307 5032 406 5103 τὴν
438 5031 735 5100 παιδίσκην
763 5012 990 5101 ταύτην,
1040 5032 1133 5084 καὶ
1165 5031 1256 5084 τὸν
1294 5030 1410 5083 υἱὸν
1448 5030 1638 5101 αὐτῆς.
1670 5033 1744 5085 Οὐ
1774 5032 1884 5103 γὰρ

313 5123 386 5193 μή
419 5123 823 5194 κληρονομήσει
851 5124 879 5175 6
916 5123 1030 5184 υἱὸς
1057 5122 1161 5194 τῆς
1196 5122 1487 5194 παιδίσκης
1509 5122 1714 5194 ταύτης
1749 5124 1886 5194 μετὰ

310 5211 401 5265 τοῦ
438 5209 562 5265 υἱοῦ
600 5227 703 5281 μου
742 5211 947 5265 Ἰσαάκ.
985 5210 1227 5282 Σκληρὸν
1262 5211 1353 5275 δὲ,
1390 5213 1577 5282 φησὶν,
1618 5213 1791 5285 ἐφάνη
1825 5213 1887 5267 τὸ

313 5303 460 5371 ῥῆμα
489 5300 697 5371 σφόδρα
721 5301 963 5354 ἐναντίον
997 5300 1247 5371 Ἀϐραὰμ
1285 5300 1415 5373 ’περὶ⁸
1436 5302 1530 5356 τοῦ
1553 5302 1670 5356 υίοῦ
1691 5303 1879 5358 αὑτοῦ.

314 5385 444 5444 Isim
481 5390 538 5444 δὲ
574 5393 606 5444 6
637 5389 770 5453 Θεὸς
801 5391 881 5461 τῷ
924 5391 1194 5463 Ἀϐραάμ·
1230 5392 1324 5461 Μὴ
1371 5392 1607 5464 σκληρὸν
1640 5393 1780 5448 ἔστω
1825 5396 1886 5448 τὸ

316 5479 465 5549 ῥῆμα
504 5479 748 5534 ἐναντίον
789 5497 882 5532 σου
921 5480 1048 5552 περὶ
1087 5479 1181 5533 τοῦ
1222 5481 1436 5534 παιδίου
1491 5482 1585 5534 καὶ
1618 5483 1747 5553 περὶ
1787 5483 1888 5554 τῆς

315 5571 623 5644 παιδίσκης.
668 5572 855 5626 Πάντα
897 5572 998 5626 ὅσα
1039 5571 1140 5627 ἐὰν
1182 5573 1311 5644 εῐπη
1355 5589 1436 5627 σοι
1483 5573 1692 5645 Σάρρα,
1724 5577 1890 5630 ἄκουε

381 5839 403 5871 4

1972 574 2210 649 jurando
2244 572 2606 637 confirmavit,
2645 587 2769 627 cum
2810 568 3014 640 alioqui
3059 565 3280 628 mentiri
3327 565 3556 628 nesciat.

1980 681 2059 738 ut,
2082 671 2543 743 quemadmodum
2567 670 2786 727 divinus
2809 669 3011 724 Paulus
3038 667 3232 724 scribit
3251 664 3317 730 ³⁸,
3342 663 3559 718 firmum

1979 772 2232 828 solatium
2276 771 2578 827 habeamus
2601 770 2781 841 ipsum
2825 769 3031 838 absque
3081 768 3192 823 ullo
3234 763 3404 821 dubio
3437 777 3563 824 Dro-

1978 872 2267 929 missiones
2294 888 2422 927 suas
2441 871 2511 926 ad
2538 871 2702 938 ﬁnem
2735 870 3151 942 perducturum.
3178 866 3445 934 Quocirca
3470 864 3561 935 (li-

1979 970 2075 1027 bet
2098 972 2244 1028 enim
2271 972 2436 1043 paulo
2448 972 2614 1027 altius
2623 984 2933 1026 sermonem
2954 966 3223 1039 repetere)
3248 962 3564 1020 cumath

1978 1072 2122 1144 Agar
2159 1072 2441 1128 lsmaelem
2472 1080 2631 1128 utero
2693 1080 2951 1144 gestaret,
2990 1072 3216 1125 moleste
3254 1066 3381 1123 tulit
3404 1063 3559 1130 Sara,

1978 1201 2090 1242 non
2138 1187 2321 1244 ferens
2360 1188 2622 1243 nimirum
2655 1203 2828 1244 servae
2857 1188 2928 1243 ob
2974 1184 3365 1242 fecunditatem
3403 1194 3561 1236 arro-

1978 1289 2219 1362 gantiam
2266 1300 2321 1346 et
2354 1291 2558 1362 grande
2594 1289 2969 1362 supercilium.
2997 1285 3204 1342 Deinde
3247 1284 3410 1341 domo
3457 1283 3562 1354 eji-

1978 1389 2074 1455 cit,
2100 1400 2156 1445 et
2178 1404 2288 1461 quo
2315 1388 2551 1445 voluerit
2574 1388 2655 1444 ire
2675 1388 2852 1461 jubet,
2878 1385 3171 1442 mandante
3190 1383 3451 1439 nimirum
3485 1379 3563 1437 illi

1979 1498 2042 1545 ut
2066 1489 2171 1546 hoc
2199 1490 2403 1546 faceret
2453 1489 2697 1561 legitimo
2732 1504 2832 1546 suo
2862 1488 3078 1552 marito,
3112 1484 3387 1541 Abraham
3412 1480 3563 1535 scili-

1979 1591 2068 1639 cet
2090 1582 2157 1636 ”.
2188 1580 2481 1647 Caeterum,
2528 1589 2591 1636 ut
2615 1596 2767 1637 sacra
2829 1579 3111 1650 Scriptura
3141 1576 3257 1641 ait,
3302 1571 3564 1628 «Invenit

1979 1691 2101 1732 eam
2130 1676 2355 1746 angelus
2389 1674 2604 1730 Domini
2637 1674 2792 1745 juxta
2826 1671 3031 1726 fontem
3070 1682 3225 1739 aqua:
3262 1666 3320 1721 in
3345 1663 3563 1719 deserto

1981 1764 2039 1819 in
2064 1764 2153 1819 via
2178 1763 2304 1819 Sur.
2346 1764 2416 1819 Et
2440 1763 2579 1818 dixit
2609 1762 2687 1818 illi
2730 1761 2955 1832 angelus
2988 1756 3204 1814 Domini
3239 1773 3252 1808 :
3283 1752 3428 1824 Agar
3468 1767 3566 1807 ano

1983 1856 2108 1912 cilla
2127 1855 2293 1922 Sane,
2327 1854 2471 1911 unde
2497 1854 2652 1909 venis
2669 1894 2684 1918 ,
2707 1860 2765 1907 et
2787 1866 2896 1922 quo
2916 1848 3099 1905 vadis?
3124 1846 3193 1901 Et
3214 1845 3293 1900 ait
3317 1860 3331 1896 :
3358 1843 3403 1898 A
3427 1840 3564 1896 facie

1983 1948 2132 2005 Sarae
2172 1947 2407 2003 dominae
2438 1961 2573 2001 mea:
2612 1945 2780 2016 fugio.
2827 1942 2973 1997 Dixit
2997 1947 3180 1995 autem
3213 1937 3265 1992 ei
3293 1933 3562 2004 angelus:

1982 2040 2281 2095 Revertere
2311 2038 2377 2093 ad
2417 2037 2694 2092 dominam
2721 2044 2890 2098 tuam,
2923 2041 2980 2087 et
3006 2027 3297 2085 humiliare
3320 2023 3422 2078 sub
3448 2037 3566 2076 ma-

1980 2127 2148 2183 nibus
2175 2128 2295 2199 ejus
2319 2126 2384 2180 “.
2419 2145 2437 2178 ι
2476 2125 2545 2181 Ει
2579 2138 2800 2179 reversa
2852 2128 2937 2176 est
2980 2118 3142 2189 Agar,
3181 2124 3237 2169 et
3289 2108 3570 2199 servitutis

1976 2220 2169 2291 iugum
2204 2197 2395 2274 subiit.
2430 2214 2774 2286 Praescripsit
2806 2219 2991 2267 autem
3039 2207 3304 2264 Dominus
3341 2197 3571 2258 Abrahae

1982 2311 2484 2375 circumcisionem,
2503 2307 2694 2363 dicens
2722 2323 2735 2360 :
2772 2323 2790 2356 ι
2820 2304 2902 2359 Tu
2926 2308 3110 2357 autem
3138 2303 3358 2368 pactum
3385 2303 3569 2345 meum

1981 2402 2283 2467 custodies,
2314 2408 2372 2456 tu
2396 2407 2454 2456 et
2494 2414 2681 2456 semen
2702 2406 2858 2452 tuum
2881 2400 3005 2464 post
3031 2391 3172 2455 te,in
3192 2382 3573 2459 generationes

1982 2509 2126 2549 suas.
2156 2493 2226 2548 Et
2266 2493 2371 2548 hoc
2412 2499 2635 2562 pactum
2675 2485 2823 2558 quod
2861 2479 3182 2539 observabis
3226 2478 3370 2533 inter
3402 2487 3487 2528 me
3516 2478 3574 2525 et

1980 2600 2100 2650 vos,
2132 2592 2187 2639 et
2212 2584 2357 2638 inter
2379 2598 2566 2638 semen
2605 2589 2760 2635 tuum
2787 2578 2842 2632 in
2867 2572 3248 2648 generationes
3275 2580 3420 2623 suas.
3448 2562 3573 2619 Cir-

1981 2675 2325 2731 cumcidetur
2341 2674 2498 2729 vobis
2523 2686 2683 2727 omne
2711 2669 3097 2730 masculinum,
3123 2670 3180 2719 et
3216 2653 3578 2717 circumcide-

1981 2767 2053 2821 tis
2077 2782 2297 2821 carnem
2315 2763 2567 2837 praeputii
2588 2762 2780 2829 vestri,
2804 2767 2858 2815 et
2882 2758 2990 2815 erit
3026 2758 3083 2811 in
3109 2755 3321 2824 signum
3351 2746 3577 2837 hederis

1982 2860 2129 2915 inter
2154 2872 2240 2911 me
2269 2835 2326 2911 et
2348 2872 2465 2911 vos.
2506 2856 2576 2910 Et
2602 2853 2782 2907 infans
2812 2857 2937 2905 octo
2965 2847 3187 2903 dierum
3211 2835 3576 2897 circumcide-

1983 2954 2080 3000 tur
2103 2945 2281 3011 vobis,
2304 2960 2464 3001 omne
2482 2941 2846 2998 masculinum
2863 2939 2919 2994 in
2944 2933 3325 3009 generationes
3346 2933 3573 2982 vestras.

1981 3037 2326 3094 Vernaculus
2378 3036 2574 3091 domus
2603 3044 2731 3098 tuae,
2769 3041 2825 3087 et
2853 3028 3137 3100 emptitius
3167 3040 3234 3079 ex
3264 3020 3413 3077 omni
3466 3016 3578 3071 filio

1984 3130 2185 3194 alieno,
2230 3129 2326 3200 qui
2368 3143 2479 3183 non
2531 3136 2615 3182 est
2644 3124 2712 3180 de
2760 3124 2968 3179 semine
3017 3130 3130 3184 tuo,
3161 3104 3579 3171 circumcisione

1984 3220 2431 3286 circumcidetur,
2464 3216 2794 3274 vernaculus
2823 3214 3021 3270 domus
3044 3221 3149 3266 tum
3179 3217 3235 3263 et
3262 3200 3575 3274 emptitius:

1983 3323 2039 3370 et
2081 3313 2189 3370 erit
2220 3324 2439 3384 pactum
2499 3326 2683 3366 meum
2743 3309 2801 3364 in
2847 3321 3013 3363 carne
3046 3312 3252 3362 vestra,
3293 3297 3349 3352 in
3402 3292 3582 3350 foedus

1982 3415 2271 3460 aeternum.
2312 3402 2381 3459 Et
2408 3401 2826 3457 incircumcisus
2865 3395 3161 3460 masculus,
3192 3390 3287 3463 qui
3324 3404 3436 3444 non
3469 3385 3581 3441 cir-

1985 3496 2329 3552 cumcidetur
2369 3510 2588 3550 carnem
2630 3492 2881 3564 przeputii
2929 3490 3014 3545 sui
3044 3489 3099 3543 in
3130 3487 3219 3542 die
3240 3495 3454 3547 octava,
3488 3496 3582 3536 ex-

1987 3576 2375 3655 terminabitur
2401 3595 2457 3641 ct
2485 3584 2761 3640 delebitur
2803 3581 2985 3637 anima
3026 3579 3119 3633 illa
3148 3576 3215 3632 de
3234 3589 3432 3646 genere
3455 3584 3578 3635 suo,

1985 3682 2112 3753 quia
2149 3688 2367 3751 pactum
2404 3693 2586 3733 meum
2614 3674 2979 3746 dissipavit“.
3019 3692 3037 3724 ι
3081 3669 3219 3726 Cum
3259 3668 3442 3737 itaque
3477 3679 3578 3718 ne-

1986 3772 2285 3828 cessarium
2306 3779 2450 3826 esset
2475 3768 2678 3826 divinis
2692 3766 2907 3838 legibus
2926 3764 3324 3832 obtemperare,
3344 3758 3581 3813 circum-

1985 3864 2135 3919 cisus
2184 3862 2407 3933 quidem
2443 3869 2527 3915 est
2572 3858 2848 3913 Abraham
2910 3869 3036 3909 cum
3065 3851 3318 3907 universa
3351 3842 3574 3933 familia.

1984 3928 2344 4008 Circum—cidit
2378 3957 2561 4004 autem
2597 3961 2702 4000 una
2735 3958 2860 3998 cum
2907 3941 3030 3995 aliis
3070 3936 3236 3992 etiam
3270 3928 3577 3987 ismaelcm.

1984 4043 2159 4099 Natus
2190 4048 2371 4095 autem
2390 4046 2475 4093 est
2498 4044 2685 4107 postea
2706 4033 2851 4088 ﬁlius
2872 4030 3152 4093 exlibera,
3173 4026 3279 4080 hoc
3308 4029 3391 4079 est
3409 4021 3580 4075 lsaac.

1986 4131 2127 4199 Quid
2156 4130 2224 4186 ad
2246 4129 2407 4184 hmo?
2441 4128 2628 4197 Neque
2664 4140 2792 4180 vero
2819 4125 2930 4195 jam
2968 4117 3271 4177 tolerabilis
3302 4122 3419 4171 erat
3452 4128 3586 4183 spu-

1987 4226 2105 4282 rius
2132 4225 2280 4279 illius
2329 4222 2525 4278 ludens
2556 4221 2611 4276 in
2645 4219 2809 4274 domo
2850 4215 2956 4289 73
2988 4214 3202 4278 Ismael,
3244 4209 3333 4266 cui
3373 4215 3587 4263 tantum

1986 4315 2102 4373 fere
2132 4316 2361 4373 honoris
2390 4314 2741 4370 deferebatur
2767 4320 2930 4381 atque
2974 4309 3143 4363 Isaac.
3186 4325 3202 4356 ι
3231 4303 3380 4359 Vidit
3414 4299 3585 4364 enim,

1990 4405 2189 4478 inquit,
2222 4405 2353 4461 Sara
2396 4402 2567 4458 filium
2630 4402 2772 4472 Agar
2810 4397 3093 4469 Egyptian,
3120 4394 3212 4464 qui
3257 4400 3419 4445 natus
3464 4395 3588 4478 erat

1917 4520 1961 4577 ο
1987 4474 2240 4562 Abrahae,
2280 4494 2563 4552 ludentem
2585 4507 2708 4548 cum
2754 4490 2905 4544 Isaac
2931 4485 3045 4540 [ilio
3098 4499 3199 4539 suo
3228 4483 3294 4535 δ’.
3323 4501 3340 4532 ι
3378 4474 3588 4577 Deinde

1988 4590 2173 4663 prodit
2214 4589 2371 4651 flens,
2404 4593 2466 4640 ut
2509 4581 2807 4641 verisimile
2853 4588 2956 4643 est,
2996 4592 3060 4631 ac
3109 4575 3340 4630 dicens:
3372 4589 3388 4621 ι
3436 4567 3588 4638 Ejice

1988 4658 2239 4736 ancillam
2277 4678 2419 4733 hanc
2445 4686 2501 4732 et
2527 4675 2699 4729 filium
2738 4674 2875 4744 ejus.
2900 4670 3022 4725 Non
3059 4668 3207 4723 enim
3247 4658 3592 4720 haereditabit

1990 4771 2135 4827 filius
2171 4770 2384 4825 ancillae
2430 4768 2598 4837 hujus
2630 4781 2755 4820 cum
2780 4763 2892 4818 ﬁlio
2918 4777 3039 4817 meo
3063 4761 3233 4815 Isaac.
3262 4759 3471 4812 Durum
3493 4768 3590 4808 au-

1992 4866 2123 4923 tem,
2146 4857 2344 4928 inquit,
2359 4855 2539 4910 visum
2560 4864 2644 4910 est
2664 4853 2892 4908 verbum
2916 4852 3021 4905 hoc
3038 4850 3391 4904 vehementer
3405 4855 3586 4896 coram

1989 4949 2266 5005 Abraham
2283 4947 2350 5002 de
2383 4945 2496 5001 filio
2522 4961 2641 5000 suo.
2666 4945 2815 4999 Dixit
2835 4952 3018 4999 autem
3053 4935 3442 4995 DeusAbrahae
3474 4932 3587 4987 :Ne

1992 5041 2191 5096 durum
2230 5040 2302 5095 sit
2340 5054 2527 5094 coram
2563 5047 2614 5093 te
2661 5038 2728 5092 de
2774 5036 2884 5092 filio
2927 5046 2983 5091 et
3028 5034 3094 5087 de
3132 5028 3348 5085 ancilla.
3395 5024 3587 5081 Omnia

1992 5147 2113 5201 qua:
2150 5129 2350 5184 dixerit
2394 5129 2493 5184 tibi
2541 5129 2696 5195 Sara,
2752 5128 2880 5183 audi
2916 5140 3105 5181 vocem
3173 5122 3312 5192 ejus,
3363 5118 3492 5189 quia
3532 5116 3586 5171 in

1993 5222 2142 5278 lsaac
2171 5220 2457 5276 vocabitur
2484 5220 2583 5275 tibi
2620 5235 2839 5284 semen;
2873 5218 3045 5271 filium
3089 5212 3255 5268 etiam
3290 5211 3501 5266 ancilla:
3537 5208 3590 5262 in

1989 5320 2208 5383 gentem
2239 5326 2491 5381 magnam
2514 5311 2728 5373 faciam,
2758 5308 2885 5378 quia
2922 5323 3110 5362 semen
3149 5314 3301 5358 tuum
3330 5309 3432 5367 est,
3460 5301 3592 5355 Sur-

1993 5403 2133 5459 rexit
2172 5412 2355 5457 autem
2405 5402 2678 5458 Abraham
2724 5414 2905 5464 mane,
2958 5407 3012 5454 et
3059 5395 3271 5466 accepit
3319 5406 3490 5465 panes
3535 5399 3594 5446 ct

1996 5501 2175 5548 utrem
2228 5508 2401 5563 aqum,
2448 5500 2505 5546 et
2549 5489 2700 5546 dedit
2744 5489 2907 5560 Agar,
2957 5498 3011 5544 et
3046 5484 3308 5556 imposuit
3355 5497 3590 5554 puerum

1999 5578 2457 5652 super‘humeros
2481 5581 2620 5653 ejus,
2669 5586 2725 5634 et
2757 5576 2966 5633 dimisit
2989 5590 3131 5630 eam.
3167 5571 3374 5629 Abiens
3409 5580 3457 5620 at
3484 5580 3592 5624 tem

424 5748 760 5822 "llebr.vx,
794 5751 978 5810 15—18.
1053 5755 1096 5786 ³ι³
1147 5753 1284 5810 Gen.
1322 5772 1432 5825 XVI,
1481 5755 1595 5812 {-6.
1673 5756 1717 5787 “
1761 5755 1879 5812 Ibid

1982 5757 2049 5813 -9.
2130 5759 2169 5792 δ’
2205 5760 2340 5816 Gen.
2384 5757 2682 5826 “11,944.
2758 5759 2798 5789 δ’
2834 5757 2973 5812 Gen.
3001 5772 3108 5812 xxx.
3134 5753 3185 5807 9.
