4052 6212
490 380 598 438 13ίὸ

1520 377 1574 434 S.
1619 378 1894 434 CYRILLI
1936 381 2406 438 ALEXANDRINI
2445 380 2763 437 ABCHIEP.

3654 379 3750 434 ιει

493 491 711 546 errabat
740 506 839 561 per
862 488 1140 544 desertum
1154 489 1305 560 juxta
1331 491 1897 559 puteumJuramenti.
1921 492 2078 548 Deie-

2199 492 2278 562 τῆς
2318 493 2500 563 φωνῆς
2557 493 2762 563 αὐτῆς,
2808 493 2890 547 ὅτι
2934 493 2992 546 ἐν
3055 491 3238 546 Ἰσαάκ
3294 489 3622 562 κληθήσεταί
3671 507 3751 546 σοι

494 581 569 636 cit
610 589 788 635 autem
839 596 978 648 aqua
1025 580 1181 644 utris,
1231 588 1287 633 et
1329 581 1556 650 projecit
1600 597 1832 651 puerum
1886 584 2077 639 subter

495 687 659 724 unam
706 669 964 733 abietem,
1010 677 1066 724 et
1099 668 1289 722 abiens
1333 669 1473 723 sedit
1502 686 1532 724 e
1576 671 1791 740 regione
1849 675 1968 744 ejus
2009 673 2077 728 de

496 752 674 831 longe,
706 759 860 830 quasi
891 774 1050 813 arcus
1079 760 1305 829 jactum.
1332 760 1474 815 Dixit
1507 762 1653 816 enim
1686 781 1697 816 :
1724 762 1843 816 Non
1878 764 2078 820 videbo

496 860 729 907 mortem
760 850 855 905 filii
893 851 1021 917 mei,
1061 860 1117 905 et
1144 851 1283 905 sedit
1308 866 1375 905 ex
1410 853 1660 907 adverso.
1697 852 1948 910 Clamans
1977 871 2077 910 au-

497 953 606 998 tem
647 957 783 1012 puer
821 942 988 997 ﬂevit.
1019 943 1088 998 Et
1115 942 1394 998 exaudivit
1427 944 1571 998 Deus
1599 960 1830 1014 puerum
1860 947 1927 1002 de
1959 948 2079 1002 loco

495 1033 591 1088 ubi
621 1044 760 1089 erat.
783 1033 852 1088 Et
879 1033 1095 1088 vocavit
1132 1034 1358 1104 angelus
1387 1034 1601 1088 Domini
1633 1037 1773 1106 Agar
1811 1036 1879 1091 de
1917 1037 2077 1102 coelo,

496 1132 552 1190 et
589 1123 726 1177 dixit
763 1123 814 1177 ei
847 1141 859 1176 :
887 1123 1030 1189 Quid
1082 1131 1184 1186 est,
1220 1123 1393 1193 Agar?
1435 1139 1504 1178 ne
1547 1125 1761 1189 timeas,
1802 1126 2082 1182 exaudivit

495 1213 641 1267 enim
679 1214 822 1268 Deus
849 1228 1038 1268 vocem
1076 1214 1233 1281 pueri
1261 1213 1328 1268 de
1357 1214 1478 1269 loco
1506 1214 1601 1268 ubi
1633 1223 1734 1270 est.
1761 1214 1955 1286 Surge,
1994 1232 2083 1273 ac-

497 1303 618 1372 cipe
665 1317 918 1373 pucrum,
958 1309 1014 1356 et
1069 1310 1193 1358 tene
1232 1318 1394 1356 manu
1425 1312 1518 1358 tua
1558 1319 1706 1358 eum.
1751 1304 1819 1358 Et
1869 1305 2084 1380 aperuit

498 1394 642 1448 Deus
677 1395 866 1450 oculos
903 1393 1067 1458 illius,
1106 1401 1162 1447 et
1194 1393 1332 1447 vidit
1365 1403 1588 1464 puteum
1644 1410 1798 1464 aqua:
1831 1394 1986 1459 vivae,
2028 1406 2084 1451 et

498 1483 653 1548 abiit,
689 1491 742 1538 et
762 1483 1006 1552 implevit
1042 1491 1215 1536 utrem
1239 1496 1398 1550 aqua,
1422 1491 1478 1536 et
1507 1479 1657 1534 dedit
1690 1492 1878 1550 potum
1910 1498 2083 1551 puero

2179 581 2417 654 σπέρμα.
2449 583 2554 636 Kal
2585 583 2676 636 τὸν
2717 584 2830 637 υἱὸν
2857 582 2914 635 δὲ
2946 583 3042 652 τῆς
3077 581 3367 651 παιδίσκης
3398 580 3630 651 ταύτης,
3672 583 3749 644 είς

2177 671 2328 734 ἔθνος
2387 671 2528 742 μέγα
2573 673 2786 742 ποιήσω
2830 671 3012 734 αὑτὸν,
3059 673 3141 726 ὅτι
3186 669 3410 739 σπέρμα
3443 671 3537 722 σου
3581 670 3746 725 ἐστιν.

2191 763 2415 834 Ἀνέστη
2461 763 2520 816 δὲ
2568 763 2819 836 ’Δϐραὰμ
2859 764 2921 817 τὸ
2957 762 3124 834 πρωῒ,
3161 761 3255 816 καὶ
3297 760 3496 815 ἐλαϐεν
3553 759 3749 828 ἄρτους

2177 855 2272 907 καὶ
2298 854 2466 907 ἀσκὸν
2497 853 2708 917 ὓδατος,
2757 854 2850 907 καὶ
2878 852 3076 906 ἔδωκεν
3111 854 3308 923 Ἀγαρ,
3346 851 3442 904 καί⁵
3483 849 3753 919 ἐπέθηκεν

2179 940 2267 993 ἐπὶ
2291 940 2382 993 τὸν
2407 935 2560 1010 ὦμον
2597 942 2690 993 καὶ
2720 941 2781 994 τὸ
2810 941 3044 1005 παιδίον,
3078 941 3172 994 καὶ
3205 939 3523 994 ἀπέστειλεν
3559 940 3748 1008 αὑτήν.

2193 1028 2522 1085 ’Δπελθοῦσα
2544 1030 2599 1084 δέ
2642 1031 2911 1086 ἐπλανᾶτο
2931 1030 3030 1100 τὴν
3067 1030 3292 1101 ἔρημον,
3325 1028 3464 1086 κατὰ
3493 1029 3554 1080 τὸ
3575 1027 3753 1098 φρέαρ

2180 1120 2274 1174 τοῦ
2305 1122 2532 1193 Ὅρκον.
2572 1119 2814 1187 Ἐξέλιπε
2833 1120 2890 1173 δέ
2915 1121 2974 1174 τὸ
3008 1119 3153 1191 ὕδωρ
3196 1121 3266 1172 ἐκ
3305 1119 3398 1172 τοῦ
3431 1116 3622 1181 ἀσκοῦ,
3659 1116 3747 1172 καὶ

2181 1212 2370 1284 ἔρριψε
2399 1212 2460 1265 τὸ
2503 1212 2714 1267 παιδίον
2740 1213 2999 1265 ὑποκάτω
3033 1213 3163 1282 μιᾶς
3183 1211 3400 1274 ἐλάτης.
3419 1206 3751 1262 ’Δπελθοῦσα

2181 1303 2258 1366 δὲ,
2297 1304 2532 1375 ἐκάθητο
2578 1303 2839 1360 ἀπέναντι
2872 1301 3035 1356 αὐτοῦ
3093 1300 3391 1372 μακρόθεν,
3438 1299 3570 1351 ὡσεὶ
3600 1297 3754 1361 τόξου

2184 1393 2364 1470 βολήν.
2398 1389 2532 1447 Εἷπε
2563 1394 2671 1465 γάρ
2700 1412 2712 1424 ·
2752 1394 2824 1447 υὺ
2876 1393 2951 1465 μὴ
2981 1392 3074 1446 ῐδω
3105 1392 3195 1445 τὸν
3242 1391 3470 1444 θάνατον
3500 1388 3592 1444 τοῦ
3631 1405 3755 1441 παι-

2181 1485 2293 1537 δίου
2337 1502 2460 1556 μου,
2489 1487 2582 1538 καὶ⁵
2615 1484 2868 1539 ἐκάθισεν
2898 1483 3158 1537 ἀπέναντι
3188 1482 3376 1537 αὐτοῦ.
3424 1480 3759 1549 Ἀναϐοῆσαν

497 1591 616 1628 suo.
658 1573 724 1628 Et
758 1574 861 1628 fuit
897 1574 1041 1628 Deus
1079 1587 1202 1628 cum
1235 1586 1426 1641 puero.
1468 1572 1537 1626 Et
1570 1573 1744 1627 crevit
1780 1573 1844 1626 ⁵³.
1875 1593 1893 1624 ›
1932 1573 2082 1628 Divi-

494 1682 601 1722 nus
619 1667 765 1722 enim
786 1666 1062 1720 Abraham
1097 1665 1213 1735 lege
1254 1672 1482 1728 naturae,
1531 1679 1652 1733 qua)
1691 1665 1852 1719 nobis
1885 1665 2086 1721 libero-

2199 1665 2370 1736 ρωνῆς
2399 1667 2492 1720 τοῦ
2528 1667 2740 1720 παιδίου
2778 1668 2844 1720 ἐκ
2882 1666 2976 1720 τοῦ
3021 1667 3190 1720 τόπου
3221 1660 3282 1719 οὗ
3305 1660 3395 1734 ἦν.
3432 1663 3540 1717 Καὶ
3569 1659 3759 1714 ἐκάλεο

497 1773 621 1812 rum
645 1772 886 1812 amorem
915 1755 1132 1819 indidit,
1150 1755 1332 1808 victus
1357 1755 1600 1808 lsmaclis
1629 1771 1814 1809 curam
1839 1757 2081 1826 gerebat.

2199 1771 2277 1806 τεν
2308 1755 2536 1824 ἄγγελος
2566 1755 2658 1808 τοῦ
2687 1755 2821 1809 Θεοῦ
2851 1755 2947 1826 τὴν
2975 1755 3154 1824 Ἀγαρ
3180 1757 3244 1807 ἐκ
3264 1753 3358 1806 τοῦ
3387 1749 3638 1824 οὐρανοῦ,
3666 1747 3764 1800 καὶ

498 1849 789 1917 Postquam
829 1862 959 1901 vero
991 1845 1174 1900 divino
1224 1844 1449 1898 oraculo
1484 1844 1726 1899 monitus
1755 1853 1857 1909 est,
1886 1854 1946 1901 ut
1980 1847 2081 1901 soli

2199 1843 2335 1900 ιῖπεν
2366 1847 2529 1920 αὐτῇ·
2561 1846 2625 1901 Τί
2657 1850 2828 1907 ἐστιν.
2868 1849 3082 1918 Ἀγαρ;
3127 1846 3200 1916 μὴ
3239 1843 3406 1915 φοϐοῦ
3432 1860 3445 1876 ο
3479 1841 3764 1911 ἐπακήκοι

499 1940 648 1994 Isaac
672 1940 994 2004 adhaereret,
1019 1946 1208 2008 utpote
1231 1937 1296 1991 ad
1331 1951 1491 2006 quem
1517 1937 1806 2006 promissio
1844 1939 2083 2007 pertine-

2199 1939 2296 2012 ι’ἀρ
2321 1942 2349 1994 ὁ
2377 1939 2509 2005 Θεὸς
2538 1943 2636 2012 τῆς
2662 1941 2850 2011 φωνῆς
2881 1940 2976 1995 τοῦ
3004 1941 3215 1996 παιδίου
3248 1957 3339 1994 σου
3366 1939 3430 1992 ἐκ
3468 1936 3561 1990 τοῦ
3584 1937 3757 1989 τόπου

499 2031 610 2095 bat,
633 2031 841 2085 dimisit
871 2031 1094 2101 quidem
1121 2029 1280 2099 Agar,
1315 2037 1368 2082 et
1391 2044 1495 2081 una
1536 2044 1659 2083 cum
1684 2028 1890 2084 infante
1921 2031 2079 2088 herili

2199 2027 2246 2088 ὦ
2267 2032 2433 2088 ἔστιν.
2482 2033 2769 2105 Ἀνάστηθι
2804 2034 2899 2088 καὶ
2925 2033 3056 2088 λάϐε
3079 2033 3141 2087 τὸ
3173 2032 3404 2096 παιδίον,
3423 2031 3518 2084 καὶ
3553 2029 3780 2100 κράτηο-

497 2121 660 2177 domo
704 2123 967 2178 excedere
1001 2122 1183 2193 jussit,
1216 2119 1420 2176 Christi
1457 2119 1719 2174 nimirum
1760 2123 2079 2193 mysterium

2199 2142 2280 2177 σον
2312 2128 2376 2196 τῇ
2421 2125 2563 2196 χειρί
2618 2143 2712 2179 σου
2756 2126 2910 2181 αὐτό.
2968 2125 3078 2180 Kal
3125 2124 3356 2195 ἀνέῳξεν
3398 2125 3426 2175 ὁ
3469 2121 3597 2184 Θεὸς
3636 2119 3769 2183 τοὺς

497 2212 655 2282 legali
679 2222 805 2284 typo
834 2219 1303 2282 praemonstrante.

2199 2218 2499 2288 θφθαλμοὺς
2550 2220 2756 2290 αὐτῆς,
2807 2220 2900 2274 καὶ
2945 2214 3051 2272 εἶδε
3104 2219 3282 2288 φρέαρ
3310 2216 3501 2277 ὓδατος
3539 2214 3767 2277 ζῶντος.

498 2310 592 2361 καὶ
641 2309 912 2378 ἐπορεύθη
938 2349 950 2371 ,
994 2309 1089 2361 καὶ
1139 2305 1341 2378 ἔπλησε
1392 2307 1486 2360 τὸν
1523 2306 1689 2360 ἀσκὸν
1727 2306 1941 2373 ὓδατος,
1989 2311 2081 2365 καὶ
2120 2313 2339 2367 ἐπότισε
2367 2313 2429 2367 τὺ
2463 2314 2696 2368 παιδίον.
2722 2315 2830 2368 Καὶ
2863 2310 2930 2385 ἦν
2958 2312 3134 2376 όΘεὸς
3199 2311 3335 2382 μετά
3396 2309 3490 2364 τοῦ
3527 2307 3769 2372 παιδίου,

500 2402 593 2454 καὶ
633 2393 862 2473 ηὐξήθη.
899 2420 916 2452 ι
961 2402 1018 2453 '0
1047 2401 1144 2470 μὲν
1177 2400 1285 2471 γάρ
1350 2400 1633 2466 θεσπέσιος
1679 2401 1950 2475 Ἀϐραὰμ,
1983 2408 2094 2470 τοῖς
2129 2408 2228 2477 τῆς
2291 2408 2633 2478 φιλοπαιδίας
2682 2408 2992 2479 ἡττώμενος
3030 2407 3235 2477 νόμοις,
3296 2405 3634 2474 μετεποιεῖτο
3667 2400 3772 2454 τοῦ

499 2490 755 2565 ίἽσμαήλ.
805 2492 1022 2564 Ἐπειδὴ
1060 2493 1116 2546 δὲ
1143 2491 1203 2544 τὸ
1243 2491 1386 2544 θεῖον
1409 2493 1572 2546 αὑτὸν
1607 2494 1792 2548 ἐκάλει
1818 2496 2204 2568 χρησμῴδημα
2261 2498 2396 2570 πρός
2434 2517 2498 2568 γε
2543 2499 2605 2553 τὸ
2648 2499 2847 2570 χρῆναι
2900 2498 3046 2569 μόνῳ
3068 2494 3425 2567 προσκεῖσθαι
3472 2492 3551 2562 τῷ
3579 2492 3773 2545 Ἰσαάκ

496 2581 573 2648 ὡς
609 2585 696 2638 ἐπ’
729 2584 877 2655 αὐτῷ
921 2583 1221 2656 γενομένης
1272 2582 1368 2653 τῆς
1425 2583 1777 2653 ἐπαγγελίας,
1820 2587 1968 2655 ἠφίει
2004 2588 2104 2659 τὴν
2128 2592 2329 2664 Ἀγαρ,
2371 2592 2465 2646 καὶ
2523 2589 2659 2663 ὁμοῦ
2706 2589 2786 2660 τῷ
2851 2589 3042 2660 βρέφει
3082 2589 3179 2658 τῆς
3221 2583 3544 2654 δεσποτικῆς
3585 2585 3772 2646 ἑστίας

503 2679 762 2749 ἀπαίρειν
799 2676 1036 2740 ἐκέλευε,
1073 2674 1168 2729 τοῦ
1225 2675 1367 2730 κατά
1402 2676 1634 2747 Χριστὸν
1669 2681 1968 2752 μυστηρίου
2007 2682 2098 2736 τὸν
2135 2685 2304 2737 τύπον
2327 2683 2423 2737 τοῦ
2452 2684 2618 2752 νόμου
2650 2679 3169 2752 προαναφαίνοντος.

569 2772 624 2827 6.
659 2769 979 2826 Referamus
1004 2769 1188 2840 itaque
1219 2786 1527 2826 sermonem
1549 2788 1577 2826 a
1598 2774 1775 2844 capite
1806 2792 1818 2828 :
1847 2777 1922 2831 ita
1943 2777 2090 2832 enim

2270 2778 2346 2844 ς’.
2379 2778 2490 2832 Kal
2519 2776 2584 2849 δὴ
2613 2777 2707 2831 καὶ
2735 2775 2985 2844 λέγωμεν
3007 2770 3430 2841 ἀνακομίζοντες
3457 2768 3775 2836 ἀναγκαίως

500 2859 942 2916 manifestissime
985 2861 1109 2930 quis
1145 2859 1349 2926 videat,
1391 2862 1534 2932 quod
1587 2863 1673 2930 iis,
1713 2881 1836 2935 qua:
1867 2866 1922 2921 in
1973 2867 2094 2938 lege

2199 2870 2279 2933 είς
2305 2869 2366 2923 τδ
2393 2870 2451 2922 ἐν
2490 2869 2686 2938 ἀρχαῖς
2719 2866 2810 2920 τὸν
2837 2864 3015 2932 λόγον.
3048 2853 3498 2914 Εὑσυνοπτότατα
3524 2857 3632 2927 γὰρ
3671 2857 3776 2910 ὡδὶ

500 2964 650 3019 sunt,
679 2953 991 3024 antiquiora
1012 2953 1118 3008 sint
1149 2969 1213 3009 ea
1241 2969 1362 3023 quae
1376 2970 1473 3024 per
1499 2944 1780 3011 Christum
1803 2975 1816 3010 :
1838 2958 2097 3026 quodque

2200 2959 2514 3033 καταθεῷτό
2549 2976 2628 3022 τις
2666 2958 2762 3020 ἂν,
2797 2957 2880 3008 ὅτι
2924 2953 3270 3026 πρεσϐύτερα
3299 2952 3406 3006 τῶν
3439 2953 3497 3004 ἐν
3523 2950 3673 3019 νόμῳ
3705 2949 3779 3003 τά

500 3053 627 3100 ante
661 3044 1136 3100 circumcisionem
1190 3043 1298 3117 74
1326 3046 1648 3115 justiﬁcatio
1697 3061 1796 3114 per
1827 3045 1990 3100 ﬁdem
2027 3048 2099 3102 sit

2201 3050 2290 3104 διὰ
2321 3049 2579 3119 Χριστοῦ·
2613 3049 2708 3102 καὶ
2737 3046 2840 3117 τῆς
2862 3049 2920 3099 ἐν
2959 3046 3122 3117 σαρκὶ
3155 3044 3487 3115 περιτομῆς,
3521 3043 3554 3112 ὴ
3582 3045 3640 3094 ἐν
3677 3042 3782 3093 πί-

500 3144 737 3191 ostensa.
780 3136 1007 3208 Signum
1037 3136 1183 3190 enim
1213 3136 1400 3188 datum
1439 3144 1524 3188 est
1567 3134 1802 3188 Abrahae
1861 3133 2098 3190 circum-

2205 3159 2321 3197 στει
2361 3142 2663 3207 δικαίωσις,
2688 3139 3051 3212 ἀρχαιοτέραν
3086 3137 3198 3208 ἔχει
3243 3136 3344 3208 τὴν
3373 3133 3778 3208 προανάδειξιν.

500 3229 637 3282 cisio
687 3229 742 3282 in
783 3227 1050 3298 przeputio
1096 3225 1243 3290 ﬁdei,
1289 3227 1444 3296 juxta
1495 3225 1886 3295 sapientissimi
1944 3227 2091 3285 Pauli

2200 3236 2431 3306 Σημεῖον
2459 3233 2569 3304 γὰρ
2599 3233 2806 3286 δέδοται
2846 3231 2925 3302 τῷ
2969 3228 3223 3302 ’Δϐραὰμ
3261 3229 3294 3299 ἡ
3331 3225 3600 3298 περιτομὴ
3622 3265 3636 3287 ,
3672 3225 3783 3294 τῆς

2182 1576 2237 1630 δὲ
2288 1576 2349 1629 τὸ
2400 1576 2611 1630 παιδίον
2664 1576 2947 1630 ἔκλαυσεν.
2997 1575 3300 1644 Είσήκουσε
3340 1573 3398 1625 δὲ
3427 1574 3455 1625 ὁ
3483 1570 3615 1632 Θεὸς
3659 1567 3761 1638 τῆς
3835 1557 3841 1562 ⁷

500 3332 713 3372 vocem.
775 3317 989 3372 Acerbe
1048 3317 1232 3387 itaque
1275 3316 1488 3372 ferebat
1552 3316 1752 3373 beatus
1797 3316 2098 3382 Abraham,

503 3408 647 3478 quod
679 3423 787 3462 non
833 3417 979 3463 esset
1025 3416 1179 3479 pater
1223 3406 1320 3462 ﬁlii
1349 3407 1531 3473 liberi,
1574 3407 1890 3480 habensque
1928 3410 2099 3464 ﬁlium

503 3515 572 3552 cx
609 3498 882 3570 1E3yptia,
921 3499 1085 3570 Agar,
1140 3499 1383 3570 inquam,
1418 3501 1803 3557 mmstissimus
1848 3502 2099 3572 degebat,

505 3589 676 3643 instar
696 3589 948 3644 orbitatis
977 3604 1097 3644 esse
1128 3604 1358 3666 censens
1403 3607 1591 3646 semen
1613 3592 1862 3661 spurium
1899 3603 1955 3648 et
1991 3609 2100 3648 non

505 3677 764 3736 liberum.
818 3680 1113 3749 Postquam
1155 3696 1286 3735 vero
1324 3682 1718 3752 promissiones
1752 3684 1820 3739 de
1859 3685 2102 3754 legitimo

509 3767 619 3823 lilio
649 3769 881 3839 accepit,
914 3770 1176 3824 nimirum
1208 3771 1377 3836 lsaac,
1405 3774 1658 3844 clareque
1695 3774 1924 3837 audivit,
1955 3775 2102 3844 quod

507 3874 606 3929 per
641 3859 817 3930 ipsum
845 3859 1063 3915 futurus
1092 3870 1237 3916 esset
1265 3872 1420 3932 pater
1456 3863 1794 3919 inlinitarum
1823 3874 1985 3936 atque
2015 3866 2102 3919 in-

507 3950 932 4006 numerabilium
950 3951 1216 4022 gentium,
1233 3952 1566 4023 justiﬁcatus
1581 3965 1666 4009 est
1681 3955 1932 4011 credens.
1947 3955 2103 4022 Quod

508 4053 691 4099 autem
713 4059 1071 4114 possessurus
1092 4052 1238 4100 esset
1271 4053 1478 4100 terram
1502 4062 1533 4102 a
1558 4048 1670 4103 Deo
1703 4048 1805 4118 ipsi
1835 4059 2106 4106 monstra-

513 4142 643 4198 tam,
675 4154 694 4185 ι
719 4132 841 4188 Tibi
861 4134 1031 4201 enim,
1055 4154 1074 4186 ι
1109 4136 1309 4206 inquit,
1343 4158 1361 4188 ι
1395 4138 1538 4194 dabo
1569 4146 1771 4195 terram
1812 4140 1956 4198 hanc
1982 4142 2048 4207 ⁸⁵,
2078 4162 2097 4194 ι

511 4233 573 4276 ιιι
596 4223 801 4277 certior
839 4223 996 4279 ﬁeret
1021 4225 1258 4295 rogavit,
1293 4226 1520 4282 dicens:
1565 4247 1584 4280 ι
1618 4230 1869 4298 Domine,
1911 4249 2107 4289 secun-

511 4313 640 4369 dum
660 4315 793 4384 quid
813 4317 981 4371 sciam
1018 4317 1162 4387 quod
1185 4318 1522 4374 haereditabo
1547 4320 1631 4376 ‘5?
1660 4341 1678 4372 ι
1724 4323 1936 4380 Idcirco
1961 4327 2107 4383 Deus

513 4411 574 4458 ut
599 4403 897 4460 divisiones
930 4407 1204 4477 acciperet
1241 4409 1427 4480 jussit,
1463 4410 1690 4467 vitulam
1729 4413 2021 4480 triennem,
2050 4425 2108 4472 et

511 4509 752 4564 capram,
776 4504 832 4550 et
871 4497 1121 4564 arietem,
1150 4507 1206 4554 et
1245 4506 1517 4556 turturem
1563 4512 1620 4557 et
1654 4504 1986 4562 columbam.
2039 4508 2109 4564 Et

2201 3328 2258 3378 ἐν
2313 3323 2650 3396 ἀκροϐυστίᾳ
2697 3323 2964 3386 πίστεως,
3002 3320 3145 3374 κατὰ
3185 3319 3284 3388 τὴν
3328 3317 3422 3370 τοῦ
3463 3314 3782 3384 σοφωτάτου

2199 3416 2409 3470 Παύλου
2464 3416 2666 3486 φωνήν.
2734 3413 3115 3483 Δεδυσφόρηκε
3177 3409 3360 3462 τοίνυν
3411 3408 3440 3460 ό
3496 3405 3783 3477 μακάριος

2197 3507 2480 3580 Ἀϐραὰμ,
2512 3508 2595 3561 δτι
2635 3504 2708 3578 μὴ
2743 3505 2938 3558 τέκνου
2982 3502 3206 3572 γέγονεν
3249 3498 3536 3570 ἐλευθέρου
3569 3497 3781 3568 πατὴρ.

2200 3599 2310 3652 Kal
2343 3599 2435 3653 τὸν
2469 3600 2533 3651 ἐκ
2565 3599 2666 3667 τῆς
2709 3595 3014 3664 Αἰγυπτίας
3051 3593 3190 3662 ἔχων
3219 3591 3335 3644 υίδν
3355 3629 3370 3653 ,
3400 3589 3543 3660 φημὶ
3569 3587 3632 3659 δὴ
3675 3589 3787 3658 τῆς

2203 3693 2418 3760 Ἀγαρ,
2461 3688 2793 3759 ἀθυμὼτατα
2835 3685 3097 3746 διετέλει,
3139 3685 3196 3736 ἐν
3241 3680 3339 3752 ῐσῳ
3380 3681 3478 3750 τῆς
3522 3677 3789 3740 ἀπαιδίας

2199 3785 2369 3847 τιθεὶς
2404 3784 2628 3853 σπέρμα
2662 3781 2724 3834 τὸ
2759 3780 2914 3835 νόθον
2955 3779 3049 3833 καὶ
3080 3777 3180 3830 οὐκ
3209 3774 3517 3845 ἐλεύθερον.
3556 3769 3787 3840 Ἐπειδὴ

2200 3877 2255 3931 δὲ
2302 3875 2400 3938 τὰς
2451 3872 2786 3942 ἐπαγγελίας
2839 3871 3052 3940 ἐδέχετο
3095 3869 3192 3930 τὰς
3221 3866 3314 3920 ἐπί
3353 3881 3416 3934 γε
3445 3862 3523 3933 τῷ
3569 3861 3792 3930 γνησίῳ

2203 3966 2390 4030 παιδὶ,
2438 3965 2582 4034 φημὶ
2615 3963 2680 4034 δὴ
2737 3960 2816 4031 τῷ
2858 3959 3063 4023 Ἰσαὰκ,
3115 3955 3282 4026 ἡκουέ
3328 3971 3386 4007 τε
3433 3951 3658 4019 σαφῶς,
3702 3949 3792 4012 ὼς

2202 4056 2354 4110 ἔσται
2389 4053 2572 4126 πατὴρ
2609 4054 2666 4106 ἐν
2688 4049 2834 4121 αὐτῷ
2863 4050 3073 4120 μυρίων
3099 4064 3158 4100 τε
3181 4047 3320 4099 ὅσων
3349 4044 3442 4096 καὶ
3465 4039 3792 4110 ἀναριθμή-

2203 4164 2312 4200 των
2356 4144 2562 4210 ἐθνῶν,
2599 4141 2904 4198 ἐδικαιοῦτο
2956 4137 3248 4193 πιστεύων.
3296 4135 3420 4188 Ὀτι
3466 4132 3527 4186 δέ
3574 4130 3667 4184 καὶ
3725 4131 3794 4182 ἐν

2205 4236 2532 4307 κατασχέσει
2562 4234 2852 4305 γενήσεται
2881 4231 2980 4301 τῆς
3009 4225 3409 4297 ἐπιδειχθείσης
3438 4219 3585 4292 αὖτῷ
3628 4219 3792 4287 παρὰ

2205 4323 2341 4379 Θεοῦ
2371 4325 2494 4394 γῆς,
2516 4341 2535 4375 ι
2564 4323 2657 4376 Σοὶ
2675 4322 2807 4392 γάρ,
2840 4315 3239 4388 ἔφασκε,δώσω
3266 4314 3366 4384 τὴν
3393 4312 3499 4382 γῆν
3521 4309 3731 4378 ταύτην
3763 4326 3786 4394 ο

2207 4393 2670 4487 πληροφορείσθαι
2697 4407 2995 4481 παρεκάλει
3020 4405 3217 4474 λέγων’
3244 4421 3263 4455 ι
3286 4401 3552 4464 Δέσποτα,
3568 4393 3711 4487 κατά
3731 4393 3793 4446 τί

2205 4483 2485 4573 γνώσομαι
2512 4499 2689 4566 τοῦτο,
2719 4500 2798 4553 ὅτι
2838 4493 3235 4568 κληρονομήσω
3261 4491 3471 4573 αθτήνς
3500 4507 3518 4539 ³
3559 4483 3795 4554 Ταύτῃ--

510 4585 888 4656 quadrupedia
925 4589 1148 4658 quidem
1193 4591 1492 4647 animantia
1546 4594 1769 4650 discidit
1811 4596 2099 4665 Abraham,

2214 4569 2296 4648 τοι
2319 4569 2453 4657 Θεδς
2477 4591 2778 4664 λαμϐάνειν
2805 4587 3021 4642 ἐκέλευε
3059 4585 3131 4638 τά
3156 4569 3586 4654 διχοτομήματα,
3609 4574 3796 4644 δάμαο

511 4684 566 4727 et
588 4677 861 4731 contraria
894 4677 961 4731 ad
987 4694 1044 4733 se
1074 4680 1309 4736 invicem
1339 4684 1543 4752 posuit,
1581 4685 1687 4740 hoc
1721 4695 1824 4750 est,
1865 4688 2112 4744 seriatim

511 4766 838 4821 collocavit:
881 4784 1009 4824 aves
1027 4786 1159 4825 vero
1190 4787 1302 4827 non
1339 4774 1561 4841 divisit;
1591 4776 1774 4846 abegit
1809 4788 1992 4834 autem
2020 4795 2115 4835 vo-

513 4855 692 4910 lucres
742 4855 1007 4912 damnum
1045 4859 1248 4917 inferre
1301 4865 1607 4934 cupientes.
1657 4865 1780 4920 Sole
1826 4875 2008 4922 autem
2041 4870 2110 4924 ad

512 4961 764 5000 occasum
795 4958 1075 5018 vergente,
1118 4951 1262 5006 Deus
1316 4953 1370 5006 in
1411 4955 1592 5022 specie
1629 4954 1772 5025 ignis
1812 4956 2114 5014 divisiones

516 5033 635 5091 illas
667 5040 984 5106 pertransiit
1009 5040 1075 5095 “.
1116 5060 1134 5093 ι
1173 5041 1359 5109 Qualis
1401 5044 1586 5114 itaque
1627 5046 1930 5116 spiritualis
1967 5050 2108 5105 ratio

516 5125 630 5180 sive
666 5143 858 5185 sensus
895 5131 980 5186 his
1027 5133 1522 5190 accommodandus
1549 5136 1642 5201 sit,
1676 5153 1776 5207 pro
1825 5139 1974 5193 virili
2017 5140 2104 5195 di-

515 5231 723 5272 camus.

2211 4685 2720 4756 λιντριετίζουσαν,
2754 4678 2888 4749 αἷγά
2924 4696 2983 4732 τε
3015 4676 3174 4748 ὁμοῦ,
3205 4675 3298 4728 καὶ
3331 4673 3437 4743 μὴν
3474 4669 3568 4724 καὶ
3605 4665 3794 4756 κριὸν,

2210 4754 2450 4849 τρυγόνα
2476 4793 2534 4828 τε
2571 4775 2665 4828 καὶ
2710 4769 3058 4843 περιστεράν.
3090 4767 3198 4821 Kal
3239 4765 3310 4818 τά
3347 4763 3447 4834 μὲν
3479 4754 3794 4849 τετράποδα

2212 4847 2321 4921 τῶν
2368 4865 2522 4930 ζώων
2577 4864 2999 4935 δεδιχοτόμηκεν
3057 4856 3342 4927 Ἀϐραὰμ,
3391 4847 3801 4920 ἅντιπρόσωπα

2211 4959 2270 5012 δὲ
2312 4958 2597 5029 ἀλλήλοις,
2638 4955 2922 5018 τουτέστι,
2956 4948 3232 5020 στοιχηδὸν
3278 4943 3564 5000 συνετίθει.
3602 4938 3684 4992 Τά
3733 4938 3801 4991 δὲ

2213 5051 2378 5118 ὄρνεα
2411 5028 2471 5102 οὐ
2512 5048 2726 5100 διεῖλεν.
2776 5042 3057 5098 Ἐπεσόϐει
3095 5041 3151 5093 δὲ
3179 5039 3272 5092 καὶ
3303 5037 3372 5090 τὰ
3400 5028 3803 5100 καταφθείρειν

2210 5141 2462 5195 ἐθέλοντα
2511 5127 2620 5194 τῶν
2668 5135 2907 5208 πτηνῶν.
2963 5133 3143 5186 Ἠλίου
3188 5132 3246 5183 δὲ
3273 5129 3372 5200 ἤδη
3415 5123 3551 5196 πρὸς
3594 5120 3802 5208 αὑταῖς

2209 5231 2563 5302 καταίροντος
2603 5231 2725 5293 ταῖς
2767 5207 2851 5289 είς
2899 5225 3138 5295 ἑσπέραν
3188 5220 3500 5290 ἐσχατιαῖς,
3555 5214 3613 5264 ἐν
3657 5207 3800 5302 εζδει

517 5308 688 5383 πυρὸς
729 5310 893 5363 διέθει
940 5313 1008 5366 τά
1037 5313 1450 5386 διχοτομήματα
1477 5314 1629 5382 Θεός.
1690 5319 1848 5373 Ποῖον
1905 5319 1999 5374 οὖν
2061 5323 2169 5393 ἄρα
2209 5298 2827 5395 λόγον-ἐφαρμόσαιμεν
2869 5317 2937 5372 ἂν
2977 5317 3089 5378 τοῖς
3125 5311 3353 5367 τοιοῖσδε
3397 5298 3800 5373 πνευματικὸν.

516 5403 750 5475 ἐροῦμεν
786 5405 863 5469 ὡς
892 5405 989 5460 ἔνι.

588 5495 639 5549 ’1.
667 5495 880 5553 Primus
893 5498 1040 5552 enim
1063 5499 1466 5568 quodammodo
1506 5503 1649 5560 ﬁlius
1671 5505 1840 5560 totius
1861 5505 2103 5560 universi

521 5585 630 5640 Deo
675 5587 776 5645 fuit
812 5588 1112 5645 secundum
1157 5605 1375 5646 carnem
1412 5593 1594 5650 Israel.
1641 5615 1658 5647 ι
1702 5595 1874 5650 Filius
1931 5596 2099 5660 enim.

596 5767 640 5801 δ’
678 5769 813 5826 Cen.
849 5788 952 5838 xxI,
998 5771 1174 5826 12-21.
1254 5774 1294 5805 ³⁵
1319 5772 1452 5829 Gen.
1488 5789 1612 5839 χιιι,
1652 5773 1702 5828 8.
1780 5773 1821 5806 ⁵³
1857 5772 1991 5828 Gen.
2019 5788 2102 5836 xv,
2135 5770 2214 5825 l8.

2279 5501 2345 5566 ζ’.
2377 5499 2572 5566 Γέγονε
2617 5496 2715 5567 μὲν
2757 5494 2866 5566 γάρ
2907 5491 3120 5564 πρῶτος
3165 5488 3352 5558 ὥσπερ
3395 5486 3510 5548 υίὸς
3555 5485 3632 5555 τῷ
3677 5485 3806 5540 τῶν
3843 5556 3849 5560 _

2209 5593 2345 5646 ὅλων
2371 5588 2491 5660 Θεῷ
2519 5590 2547 5641 ὁ
2579 5585 2716 5641 κατά
2753 5585 2932 5657 σάρκα
2981 5579 3216 5654 Ἰσραὴλ.
3262 5598 3279 5628 ι
3316 5576 3439 5639 Υἱὸς
3465 5575 3595 5643 γὰρ,
3628 5576 3803 5646 φησι,

2328 5771 2372 5800 ⁸⁸
2395 5767 2536 5822 Ibid.
2561 5765 2717 5821 9-1".
