4050 6210
241 380 341 438 125

1253 377 1770 454 GLApu'vnonuu
1809 399 1873 454 ιιι
1913 397 2211 453 cexesm
2249 397 2376 452 ua.
2417 397 2508 452 ιιι.

3398 398 3493 454 126

237 499 588 566 πρωτότοκός
608 518 714 573 μου
742 505 972 576 Ἰσραήλ·
1005 525 1023 558 ι
1052 507 1191 579 πλὴν
1221 509 1296 573 ὡς
1322 511 1387 564 ἐκ
1416 511 1608 582 δούλης
1641 513 1734 567 καὶ
1753 511 1800 579 ἐξ

1917 513 2117 584 inquit,
2164 514 2567 586 primogenitus
2642 529 2799 570 meus
2854 515 3019 572 Israel
3044 515 3110 568 ‘7.
3167 533 3185 564 ι
3225 512 3495 570 Caeterum

127 615 129 618 ‹
235 590 516 659 Αἰγύπτου
543 593 973 667 λελυτρωμένος.
1023 599 1159 654 Ἀλλ’
1199 601 1258 654 ἐν
1285 601 1493 670 τέκνοις
1522 603 1688 660 αὑτὸν
1714 605 1814 658 οὐκ

239 679 388 749 ᾐξίου
444 682 577 746 Θεὸς
621 687 1076 756 καταλογίζεσθαι
1128 679 1291 746 ποθεν
1333 692 1385 767 (ἡ
1433 694 1815 765 φιλελεύθερος

234 772 342 842 γὰρ
389 775 486 828 καὶ
529 775 852 846 φιλογνησία
895 777 1101 853 φύσις)⁹
1170 778 1354 854 ἱζήτει
1396 783 1452 836 δέ
1497 784 1696 855 μᾶλλον
1723 784 1814 837 τὸν

234 863 530 920 ἁνδάνοντα
569 867 732 933 λαὸν,
759 871 1042 937 τουτέστι,
1074 873 1165 926 τὸν
1200 874 1290 929 διὰ
1332 874 1567 941 πίστεως
1611 880 1710 948 τῆς
1755 880 1832 932 ἐν,

235 958 456 1028 Χριστῷ
483 961 602 1013 κατ’
632 963 985 1031 ἐπαγγελίαν,
1014 966 1072 1017 ἐν
1097 958 1142 1032 ᾧ
1169 967 1264 1020 καὶ
1291 967 1526 1039 πατέρες
1554 970 1812 1036 γεγόνασι

234 1047 446 1101 πολλῶν
476 1049 644 1104 ἐθνῶν
663 1091 676 1113 ,
703 1055 752 1106 oi
785 1055 929 1125 ἀμφὶ
959 1055 1048 1108 τὸν
1075 1054 1363 1111 Θεσπέσιον
1403 1058 1670 1131 Ἀϐραάμ.
1701 1061 1812 1114 Κε-

231 1137 682 1211 κληρονομήκασι
711 1143 823 1214 γὰρ
844 1139 948 1214 ’τὴν
982 1145 1073 1198 ἐπὶ
1099 1145 1236 1216 τῷδε
1279 1147 1439 1215 δόξαν
1459 1189 1474 1212 ,
1507 1149 1610 1202 ούκ
1644 1151 1702 1202 ἐν
1733 1148 1812 1219 τῷ

232 1230 382 1282 κατὰ
430 1231 605 1301 σάρκα
648 1233 896 1304 Ἰσραὴλ,
923 1235 1037 1289 ἀλλ’
1068 1240 1125 1290 ἐν
1161 1240 1276 1302 τοῖς
1309 1239 1367 1305 ἐξ
1397 1239 1566 1294 ἐθνῶν
1604 1239 1691 1294 διὰ
1723 1240 1812 1292 πί-

215 1337 408 1384 ¹ειτεως
443 1322 931 1394 ἀνασεσωσμένας.
973 1330 1084 1382 Καὶ
1129 1332 1474 1402 μαρτυρήσει
1511 1333 1736 1404 γράφων
1782 1335 1811 1386 ὁ

235 1410 468 1475 Παῦλος.
495 1415 570 1467 Οὐ
597 1415 708 1484 γὰρ
737 1416 829 1471 διὰ
855 1417 1019 1488 νόμου
1049 1420 1082 1490 η
1123 1421 1423 1488 ἐπαγγελία
1449 1421 1526 1492 τῷ
1559 1422 1812 1493 Ἀϐραὰμ

232 1502 312 1564 είς
338 1501 403 1554 τὸ
432 1502 766 1576 κληρονόμον
801 1507 964 1561 αὑτὸν
994 1506 1129 1562 εἶναι
1161 1511 1375 1581 κόσμου
1395 1551 1411 1576 ,
1441 1511 1576 1566 ἀλλὰ
1609 1513 1697 1566 διὰ
1735 1512 1810 1566 δι-

232 1592 535 1662 καιοσύνης
602 1596 859 1662 πίστεως.
919 1601 1369 1673 Ἐπιγραφόμεθα
1418 1603 1528 1675 γὰρ
1599 1604 1809 1673 πατέρα

229 1681 318 1736 τὸν
366 1684 656 1760 Ἀϐραὰμ,
701 1691 748 1742 oi
785 1692 843 1744 ἐν
882 1692 1216 1764 ἀκροϐυστίᾳ
1250 1695 1672 1758 πιστεύσαντες,
1715 1695 1809 1748 καὶ

230 1775 347 1830 καθ’
369 1779 666 1849 ὁμοιότητα
711 1782 808 1852 τὴν
846 1784 1010 1838 αὑτοῦ
1039 1787 1190 1856 παρὰ
1233 1786 1372 1840 Θεοῦ
1416 1786 1804 1858 δικαιούμενοι.

1915 605 2086 673 veluti
2118 621 2188 660 ex
2209 620 2386 672 serva,
2412 615 2469 662 et
2497 621 2563 661 ex
2585 604 2816 675 Egypto
2857 605 3192 675 redemptus.
3227 603 3334 658 Sed
3358 603 3498 660 inter

1869 741 1873 744 .
1913 694 2057 750 ﬁlios
2111 695 2384 766 legitimos
2439 711 2790 766 nequaquam
2830 711 2956 750 eum
3008 696 3154 750 Deus
3207 709 3498 750 numerare

1912 787 2165 860 dignatus
2193 796 2278 844 est
2315 787 2531 861 (natura
2571 789 2718 842 enim
2763 798 2848 844 est
2879 787 3086 849 libera,
3125 795 3182 842 et
3207 802 3396 842 amans
3415 787 3496 843 le-

1911 879 2146 950 gitima)
2183 880 2474 950 :quzesivit
2514 891 2695 936 autem
2731 880 2914 950 potius
2955 879 3218 948 populum
3254 879 3348 947 qui
3382 879 3498 948 pla-

1910 980 2080 1036 ceret,
2104 973 2208 1028 hoc
2227 982 2332 1039 est,
2349 989 2447 1043 per
2471 973 2632 1028 ﬁdem
2663 972 2718 1027 in
2736 971 3017 1026 Christum
3037 968 3338 1024 secundum
3365 983 3496 1038 pro-

1912 1063 2248 1128 missionem,
2284 1064 2342 1118 in
2378 1079 2492 1134 quo
2507 1063 2673 1119 etiam
2700 1070 2856 1132 pater
2889 1060 3064 1116 factus
3087 1069 3173 1114 est
3198 1059 3494 1114 multarum

1889 1149 2154 1223 gentium
2187 1154 2479 1209 Abraham.
2531 1154 2682 1209 Hanc
2721 1153 2869 1208 enim
2904 1152 3132 1222 gloriam
3174 1149 3495 1205 haereditate

1909 1243 2092 1312 adepti
2118 1254 2244 1298 sunt
2263 1246 2488 1314 posteri,
2502 1260 2611 1300 non
2635 1245 2688 1299 in
2709 1243 2908 1299 lsraele
2930 1242 3230 1298 secundum
3251 1255 3492 1305 carnem,

1908 1333 2002 1388 sed
2035 1334 2092 1388 in
2117 1335 2183 1388 iis
2202 1335 2296 1404 qui
2325 1350 2394 1390 ex
2423 1335 2679 1405 gentibus
2699 1332 2892 1388 salvati
2923 1341 3070 1396 sunt,
3095 1329 3242 1400 quod
3265 1337 3322 1384 et
3351 1329 3494 1384 Pau-

1909 1426 1996 1480 lus
2015 1434 2267 1491 testatur,
2305 1427 2493 1481 dicens
2525 1443 2536 1478 :
2575 1445 2593 1477 ι
2632 1425 2819 1495 Neque
2861 1423 3007 1478 enim
3037 1438 3134 1491 per
3163 1422 3334 1491 legem
3362 1434 3494 1489 pro-

1909 1516 2096 1571 missio
2116 1517 2364 1581 Abraba,
2397 1527 2456 1572 ut
2485 1517 2661 1572 haeres
2683 1525 2827 1571 esset
2853 1514 3066 1578 mundi,
3093 1513 3188 1567 sed
3209 1529 3305 1582 per
3328 1511 3494 1583 justi-

1912 1609 2040 1664 tiam
2067 1607 2190 1663 ﬁdei
2211 1609 2273 1663 “.
2314 1628 2331 1660 ι
2359 1609 2517 1666 Patre
2534 1609 2681 1663 enim
2706 1608 2982 1662 Abraham
3004 1605 3246 1674 insigniti
3280 1619 3494 1666 sumus,

1909 1703 2004 1773 qui
2034 1702 2087 1756 in
2115 1702 2384 1772 praeputio
2411 1701 2709 1764 credimus,
2737 1711 2794 1754 et
2817 1699 2882 1754 ad
2916 1700 3035 1768 ejus
3077 1694 3494 1750 similitudinem

1907 1810 1939 1848 ιι
1965 1794 2076 1848 Deo
2097 1792 2380 1864 justiﬁcati
2409 1807 2617 1848 sumus.
2656 1791 2908 1848 Declarat
2929 1796 3110 1844 autem
3137 1786 3297 1840 nobis
3324 1784 3492 1839 vehe-

229 1869 491 1937 Σαφηνιεί
515 1871 573 1924 δὲ
607 1873 814 1946 σφόδρα
855 1875 915 1928 τὸ
943 1874 1084 1929 θεῖον
1112 1877 1244 1948 ἡμῖν
1286 1880 1583 1950 μυστήριον
1639 1893 1798 1947 νομο-

1900 1891 2114 1939 menter
2139 1884 2384 1938 divinum
2426 1881 2745 1954 mysterium
2781 1879 2982 1935 Paulus
3006 1877 3143 1948 legis
3160 1875 3395 1946 peritus.
3414 1874 3494 1928 Ita

230 1960 405 2030 μαθὴς
433 1959 508 2014 ὣν
532 1965 561 2016 ό
594 1964 828 2030 Παῦλος.
879 1967 1211 2022 Ἐπιστέλλει
1243 1966 1354 2040 γὰρ
1393 1967 1488 2022 ὡδὶ
1528 1968 1666 2040 μετὰ
1690 1967 1792 2039 τὴν

227 2051 283 2102 ἐν
311 2045 538 2122 Χριστῷ
568 2053 867 2121 τελείωσιν,
909 2056 1102 2111 ἀνὸπιν
1131 2057 1318 2129 ὥσπερ
1353 2057 1490 2112 ίοῦσι
1529 2057 1798 2121 Γαλάταις

224 2144 516 2214 ἐπιτιμῶν·
556 2167 574 2199 ι
619 2149 822 2218 Λέγε-τέ
847 2167 936 2221 μοι
959 2152 1008 2204 οί
1040 2151 1144 2206 ὑπὸ
1171 2151 1332 2222 νόμον
1358 2151 1603 2211 θέλοντες
1637 2147 1797 2215 εἶναι,

227 2234 316 2286 τὸν
339 2235 502 2304 νόμον
529 2237 629 2290 οὒκ
656 2237 919 2304 exausta;
953 2242 1265 2314 Γέγραπται
1291 2240 1399 2312 γὰρ
1429 2241 1510 2294 ὅτι
1550 2241 1801 2312 Ἀϐραὰμ

225 2323 319 2378 δύο
361 2328 515 2390 υἱοὺς
547 2329 725 2400 ἔσχεν,
756 2331 854 2385 ἕνα
893 2335 957 2386 ἐκ
988 2335 1086 2404 τῆς
1119 2333 1411 2404 παιδίσκης
1431 2374 1447 2397 ,
1479 2335 1573 2387 καὶ
1607 2335 1702 2386 ἕνα
1735 2335 1800 2386 ἐκ

227 2417 323 2485 τῆς
359 2418 668 2490 ἐλευθέρας.
710 2423 848 2476 Ἀλλ’
878 2426 906 2478 ὁ
937 2426 1034 2493 μὲν
1063 2426 1127 2479 ἐκ
1166 2425 1265 2495 τῆς
1305 2425 1596 2494 παιδίσκης
1615 2465 1630 2485 ,
1660 2425 1801 2495 κατᾲ

228 2509 410 2580 σάρκα
452 2513 764 2583 γεγένηται·
797 2518 825 2568 ὁ
851 2517 908 2570 δὲ
944 2519 1008 2569 ἐκ
1039 2518 1138 2589 τῆς
1179 2516 1503 2588 ἐλευθέρας,
1525 2516 1589 2570 δι’
1621 2518 1798 2585 ἐπαγ-

225 2603 432 2669 γελίας.
485 2605 682 2660 Ἀτινά
732 2608 882 2662 ἐστιν
949 2608 1417 2680 ἀλληγορούμενα.
1471 2606 1644 2664 Αῦται
1689 2610 1799 2682 γάρ

224 2696 362 2747 είσιν
391 2697 448 2750 αἱ
475 2697 570 2751 δύο
599 2699 875 2769 5:40am-
912 2701 1009 2772 μία
1048 2702 1170 2773 μὲν,
1199 2702 1307 2755 ἀπὸ
1344 2701 1506 2772 ὅρους
1535 2703 1684 2764 Σινᾶ,
1717 2705 1798 2768 είς

221 2787 472 2843 δουλείαν
515 2791 784 2858 γεννῶσα,
812 2792 934 2862 ἥτις
965 2794 1114 2846 ἐστὶν
1156 2793 1363 2866 Ἅγαρ.
1397 2793 1472 2846 Τὸ
1499 2795 1608 2865 γὰρ
1647 2795 1797 2860 Σινᾶ,

221 2880 348 2952 ὅρος
369 2881 520 2936 ἐστὶν
549 2883 607 2935 ἐν
647 2886 711 2956 τῇ
769 2885 1015 2956 Ἀραϐίαν
1051 2889 1323 2957 συστοιχεί
1361 2886 1420 2940 δέ
1457 2889 1522 2957 τῇ
1557 2885 1652 2940 νῦν
1701 2886 1800 2940 Ὶιο

225 2973 460 3044 ρσυσαλῆ
471 2993 533 3045 μ,
565 2975 808 3030 δουλεύει
843 2978 901 3031 δὲ
936 2978 1074 3048 μετὰ
1112 2977 1222 3031 τῶν
1251 2980 1460 3032 τέκνων
1499 2979 1690 3049 αὐτῆς.
1733 2979 1797 3032 Ἦ

219 3061 279 3116 δὲ
305 3063 418 3117 ἄνω
449 3064 824 3136 Ἰερουσαλὴμ,
847 3067 1111 3139 ἐλευθέρα
1138 3069 1309 3132 ἐστὶν,
1331 3069 1454 3138 ἥτις
1474 3067 1590 3120 ἐστὶ
1617 3069 1798 3139 μήτηρ

219 3152 402 3224 ημῶν.
448 3154 762 3224 Γέγραπται
811 3158 938 3230 γάρ’
984 3157 1334 3229 Εὐφράνθητι
1398 3160 1588 3229 στεῖρα
1641 3159 1674 3229 ἡ
1733 3157 1796 3210 οὐ

216 3243 506 3310 τίκτουσα,
552 3246 711 3316 ῥῆξον
757 3248 854 3302 καὶ
907 3248 1100 3319 βόησον
1137 3251 1171 3320 ἡ
1222 3251 1324 3304 οὐκ
1367 3249 1665 3313 ὠδίνουσα,
1712 3249 1796 3302 ὅτι
1823 3233 1865 3291 (ἶ

221 3336 396 3391 πολλά
430 3338 498 3392 τὰ
518 3339 682 3394 τέκνα
712 3341 814 3411 τῆς
843 3341 1054 3414 ἐρήμου
1090 3342 1326 3414 μᾶλλον,
1357 3343 1388 3413 ἤ
1428 3344 1526 3412 τῆς
1567 3341 1800 3412 ἐχούσης

217 3427 312 3482 τὸν
340 3429 531 3503 ἄνδρα.
581 3432 774 3503 Ἡμεῖς
799 3432 859 3486 δὲ
877 3474 894 3498 ,
924 3433 1174 3501 ἀδελφοὶ,
1203 3433 1344 3487 κατὰ
1400 3433 1584 3486 Ἰσαὰκ
1623 3434 1798 3501 ἐπαγ-

218 3519 408 3588 γελίας
446 3520 608 3574 τέκνα
639 3523 826 3592 ἐσμέν.
868 3523 1005 3576 Ἀλλ’
1030 3523 1178 3577 ὥσπε
1187 3541 1219 3594 ρ
1255 3523 1376 3575 τότε
1399 3524 1426 3576 ό
1451 3521 1592 3574 κατὰ
1619 3521 1798 3593 σάρκα

218 3610 502 3680 γεννηθεὶς
530 3611 718 3666 ἐδίωκε
748 3613 838 3666 τὸν
871 3615 1014 3668 κατὰ
1055 3614 1302 3684 πνεῦμα,
1346 3612 1518 3676 οὕτως
1552 3613 1646 3666 καὶ
1680 3612 1794 3666 νῦν.

234 3699 392 3756 Ἀλλὰ
418 3702 471 3755 τί
497 3703 645 3771 λέγει
673 3705 706 3775 ἡ
738 3705 950 3776 Γραφή;
987 3705 1225 3759 Ἔκϐαλε
1249 3704 1350 3776 τὴν
1380 3703 1672 3774 παιδίσκην
1699 3704 1796 3756 καὶ

218 3788 308 3842 τὸν
341 3789 460 3842 υίδν
487 3791 660 3862 αὐτῆς
679 3807 693 3820 ο
727 3794 788 3845 οὺ
832 3793 942 3865 γὰρ
970 3795 1043 3865 μὴ
1072 3794 1456 3865 κληρονομήσῃ
1491 3795 1519 3846 ὁ
1549 3793 1666 3856 υίὸς
1698 3795 1798 3864 τῆς

223 3878 515 3950 παιδίσκης
562 3879 704 3949 μετὰ
747 3881 842 3935 τοῦ
871 3883 989 3937 υίοῦ
1011 3884 1112 3955 τῆς
1148 3883 1461 3955 ἐλευθέρας.
1504 3884 1694 3954 Ἡμεῖς
1716 3883 1795 3952 δὲ,

219 3970 459 4039 ἀδελφοὶ,
487 3971 589 4024 οὐκ
629 3972 796 4042 ἐσμὲν
825 3975 1120 4045 παιδίσκης
1148 3976 1332 4039 τέκνα,
1362 3975 1502 4028 ἀλλὰ
1527 3977 1627 4046 τῆς
1654 3977 1798 4030 ἐλευο

221 4060 416 4132 θέρος,
449 4065 517 4133 τῇ
565 4062 849 4136 ἐλευθερίᾳ
972 4068 1120 4137 ἡμᾶς
1159 4067 1396 4138 Χριστὸς
1425 4067 1794 4136 ἠλευθέρωσε.

220 4150 456 4220 Στήκετε
476 4147 594 4215 οὖν,
614 4155 710 4206 καὶ
740 4153 816 4224 μὴ
837 4155 999 4208 πάλιν
1029 4154 1179 4228 ζυγῷ
1203 4157 1446 4220 δουλείας
1473 4157 1742 4229 ἐνέχεσθε.
1770 4178 1790 4210 ι

221 4238 414 4310 Συνίης
435 4236 550 4305 οὖν,
591 4243 740 4306 ὅπως
768 4243 876 4297 τῶν
905 4243 997 4298 δύο
1033 4245 1308 4319 διαθηκῶν
1343 4265 1514 4320 φησιν
1550 4248 1796 4320 ἐναργῶς

220 4334 450 4396 εἰκόνας,
492 4336 674 4404 ᾏγαρ
706 4353 766 4388 τε
797 4337 892 4391 καὶ
919 4338 1159 4411 Σάρραν.
1198 4340 1306 4394 Καὶ
1341 4339 1669 4411 παρεικάζει
1696 4341 1796 4412 μὲν

220 4423 274 4474 τὸ
298 4423 705 4494 θεραπαινίδιον
743 4427 808 4495 τῇ
862 4426 970 4480 τῶν
1010 4428 1281 4484 Ἰουδαίων
1309 4431 1494 4502 μητρὶ,
1524 4430 1791 4494 τουτέστι,

1905 1974 2052 2028 enim
2068 1972 2306 2037 Galatas,
2323 1980 2609 2042 postquam
2627 1970 2848 2025 Christo
2876 1968 3071 2023 initiati
3097 1973 3299 2027 essent,
3323 1974 3495 2019 retro-

1905 2063 2163 2118 cedentes
2190 2063 2294 2134 75
2335 2065 2580 2133 increpat
2621 2080 2635 2116 :
2675 2081 2692 2112 ι
2725 2061 2898 2116 Dicite
2929 2058 3086 2123 mihi,
3122 2057 3218 2128 qui
3249 2056 3352 2112 sub
3373 2057 3494 2126 lege

1905 2155 2074 2212 vultis
2093 2171 2234 2221 esse,
2271 2157 2448 2226 legem
2476 2170 2586 2209 non
2623 2153 2858 2208 auditis?
2894 2152 3168 2220 Scriptum
3206 2158 3292 2204 est
3321 2149 3492 2211 enim.

1905 2249 2163 2318 quoniam
2191 2248 2466 2302 Abraham
2504 2246 2644 2301 duos
2671 2245 2811 2300 ﬁlios
2843 2244 3078 2299 habuit:
3097 2258 3266 2297 unum
3299 2241 3367 2296 de
3395 2255 3495 2295 an-

1905 2337 2050 2402 cilla,
2075 2345 2130 2392 et
2165 2353 2334 2392 unum
2355 2336 2423 2391 de
2444 2337 2652 2391 liberm
2691 2335 2797 2390 Sed
2821 2335 2915 2404 qui
2951 2333 3018 2388 de
3053 2331 3268 2395 ancilla,
3298 2345 3494 2385 secun—

1905 2427 2036 2482 dum
2077 2443 2297 2482 carnem
2331 2438 2494 2482 natus
2535 2435 2620 2482 est
2651 2443 2664 2480 :
2696 2427 2790 2496 qui
2837 2434 3025 2479 autem
3055 2422 3122 2478 de
3169 2422 3494 2489 libera,tper

1905 2517 2390 2586 repromissionem
2433 2533 2598 2588 :qua:
2656 2523 2783 2571 sunt
2819 2530 2918 2586 per
2959 2511 3276 2584 allegoriam
3322 2510 3488 2565 dicta.

1906 2609 2032 2665 Haec
2062 2610 2210 2665 enim
2247 2619 2375 2665 sunt
2403 2610 2514 2665 duo
2545 2617 2871 2665 testamenta
2909 2626 2921 2662 :
2954 2622 3124 2662 unum
3173 2604 3394 2675 quidem
3436 2604 3491 2668 in

1907 2711 2092 2758 monte
2113 2702 2263 2767 Sina,
2289 2703 2344 2757 in
2365 2702 2688 2758 servitutem
2721 2716 3010 2772 generans,
3046 2713 3167 2768 quas
3195 2707 3282 2752 est
3309 2696 3490 2766 Agar:

1907 2792 2037 2847 Sina
2063 2801 2248 2847 autem
2278 2809 2437 2848 mons
2461 2800 2548 2846 est
2582 2793 2635 2846 in
2663 2791 2882 2855 Arabia,
2919 2791 3012 2859 qui
3039 2789 3366 2858 conjunctus
3407 2791 3494 2840 est

1905 2885 1954 2939 ei
2003 2899 2124 2954 qua:
2143 2899 2290 2938 nunc
2321 2894 2406 2940 est
2436 2883 2756 2946 Jerusalem,
2773 2891 2830 2938 et
2853 2881 3024 2944 servit
3045 2895 3169 2934 cum
3191 2879 3318 2933 ﬁliis
3354 2877 3488 2932 suis.

1905 2976 2002 3030 Illa
2017 2982 2199 3030 autem
2218 2991 2340 3046 qua:
2358 2989 2576 3031 sursum
2599 2983 2684 3028 est
2704 2972 3030 3036 Jerusalem,
3050 2971 3224 3026 libera
3243 2977 3346 3034 est,
3370 2983 3494 3038 qua

1904 3075 1989 3122 est
2005 3076 2182 3122 mater
2202 3076 2410 3122 nostra.
2444 3065 2722 3136 Scriptum
2740 3071 2825 3120 est
2851 3064 3055 3119 etenim
3084 3081 3096 3116 :
3125 3062 3357 3126 Laetare,
3377 3073 3495 3120 ste-

1905 3156 2021 3210 rilis
2058 3172 2181 3227 qua:
2231 3172 2343 3212 non
2379 3156 2564 3227 paris:
2591 3171 2844 3226 erumpe,
2884 3163 2941 3210 et
2981 3155 3177 3218 clama,
3228 3169 3350 3224 quae
3383 3169 3492 3210 non

1898 3247 2141 3316 parturis
2166 3265 2180 3301 :
2205 3248 2335 3317 quia
2373 3247 2531 3302 multi
2569 3246 2664 3301 ﬁlii
2705 3247 2938 3302 desertae
2973 3245 3149 3317 magis
3179 3261 3342 3316 quam
3373 3247 3494 3316 ejus

1896 3355 2017 3410 qua:
2035 3339 2201 3394 habet
2215 3341 2414 3395 virum.
2436 3341 2547 3396 Nos
2571 3349 2776 3404 autem,
2798 3339 3013 3403 fratres,
3029 3338 3326 3394 secundum
3345 3337 3496 3394 Isaac

1897 3431 2284 3501 promissionis
2321 3431 2415 3486 ﬁlii
2453 3446 2662 3486 sumus.
2693 3431 2797 3486 Sed
2821 3431 3098 3502 quomodo
3138 3439 3269 3484 tunc
3309 3430 3357 3484 is
3397 3431 3493 3499 qui

1897 3522 2203 3577 secundum
2233 3538 2456 3578 carnem
2493 3534 2654 3579 natus
2683 3523 2880 3587 fuerat,
2899 3522 3336 3592 persequebatur
3364 3537 3491 3576 eum

1897 3612 1990 3681 qui
2013 3611 2316 3666 secundum
2357 3611 2633 3681 spiritum,
2659 3610 2732 3664 ita
2757 3619 2813 3664 et
2841 3625 3007 3664 nunc.
3055 3609 3160 3664 Sed
3187 3608 3316 3678 quid
3353 3607 3494 3669 dicit

1897 3701 2213 3772 Scriptura?
2244 3701 2392 3769 Ejice
2421 3702 2674 3757 ancillam
2711 3713 2769 3755 et
2810 3699 2982 3754 ﬁlium
3014 3701 3154 3770 ejus.
3181 3699 3300 3754 Non
3344 3698 3491 3752 enim

1896 3792 2074 3848 haeres
2103 3794 2210 3849 erit
2229 3795 2372 3850 ﬁlius
2393 3794 2603 3848 ancilla:
2624 3809 2748 3848 cum
2777 3791 2890 3846 ﬁlio
2919 3792 3124 3846 liberat.
3147 3791 3258 3846 Nos
3280 3799 3485 3854 autem,

1895 3877 2110 3946 fratres,
2152 3899 2262 3939 non
2290 3899 2482 3938 sumus
2518 3882 2729 3938 ancillae
2755 3881 2874 3945 ﬁlii,
2907 3881 3005 3935 sed
3043 3880 3252 3943 liberte,
3295 3895 3402 3948 qua
3429 3879 3495 3932 li-

1894 3973 2105 4029 bertate
2125 3971 2380 4028 Christus
2407 3987 2507 4027 nos
2530 3971 2803 4025 liberavit.
2837 3970 2988 4024 State
3025 3968 3210 4037 igitur,
3233 3976 3289 4021 et
3316 3967 3490 4020 nolite

1895 4064 2095 4119 iterum
2111 4065 2244 4134 jugo
2265 4062 2550 4118 servitutis
2567 4059 2837 4116 contineri
2860 4060 2924 4113 5’.
2968 4078 2987 4111 ι
3021 4059 3288 4129 Intelligis
3307 4059 3491 4128 itaque

1895 4169 2005 4223 quo
2036 4161 2196 4224 pacto
2239 4151 2528 4207 manifeste
2573 4150 2810 4206 duorum
2846 4157 3299 4205 testamentorum
3339 4157 3494 4220 typos

1891 4260 2012 4300 esse
2042 4245 2190 4300 dicat
2222 4243 2364 4316 Agar
2400 4250 2456 4298 et
2500 4241 2712 4298 Saram.
2782 4242 2851 4298 Et
2897 4241 3216 4296 ancillulam
3269 4241 3492 4311 quidem

1897 4343 2177 4406 comparat
2215 4334 2528 4390 Judazorum
2563 4332 2748 4399 matri,
2774 4333 2881 4386 hoc
2909 4341 3012 4397 est,
3054 4331 3306 4386 terrestri
3329 4331 3490 4386 Jeru-

1895 4426 2063 4482 salem
2085 4445 2097 4478 :
2122 4425 2390 4495 siquidem
2411 4424 2693 4479 servitutis
2714 4422 2930 4493 legibus
2950 4419 3170 4474 subdita
3190 4428 3294 4482 est,
3311 4433 3493 4488 neque

221 4517 278 4585 τῇ
307 4517 401 4568 ἐπί
426 4518 533 4586 γῆς
573 4518 954 4591 Ἰερουσαλὴμ,
989 4519 1110 4574 ἐπεί
1131 4537 1213 4574 τοι
1237 4521 1482 4586 δουλείας
1511 4521 1794 4593 ὑπέστρω-

1900 4517 2076 4573 libero
2107 4516 2305 4586 spiritu
2335 4513 2584 4585 praedita.
2617 4513 2856 4568 Primam
2882 4525 3014 4564 vero
3029 4524 3092 4563 ac
3119 4508 3370 4572 liberam,
3403 4509 3494 4562 ni-

221 4623 302 4659 ται
333 4609 554 4678 νόμοις,
599 4611 697 4664 καὶ
735 4612 837 4664 οὐκ
876 4611 1146 4684 ἐλευθέρῳ
1176 4613 1466 4683 διαπρέπει
1498 4615 1787 4684 πνεύματι.

1903 4608 2103 4662 mirum
2126 4607 2314 4662 Saram
2381 4606 2562 4678 (cujus
2595 4604 2761 4660 etiam
2789 4617 2991 4656 nomen
3025 4600 3231 4655 idcirco
3249 4600 3492 4655 domina-

219 4698 322 4768 Τὴν
358 4700 419 4752 δέ
447 4717 511 4767 γε
541 4701 767 4773 πρώτην
795 4703 889 4756 καὶ
921 4703 1230 4775 ἐλευθέραν,
1257 4704 1400 4774 φημὶ
1428 4703 1490 4774 δὴ
1525 4704 1623 4774 τὴν
1654 4704 1789 4775 Σάρο

218 4791 335 4857 ραν,
375 4793 410 4862 ἠ
435 4792 529 4844 καὶ
557 4792 834 4862 ἄρχουσα
856 4794 1112 4868 ταύτητοι
1147 4794 1240 4848 καὶ
1271 4794 1652 4864 ἑρμηνεύεται,
1693 4799 1794 4866 τῆς

217 4881 350 4950 ὑψοῦ
384 4901 445 4935 τε
488 4886 582 4937 καὶ
611 4885 726 4938 ἄνω
780 4886 967 4955 φησιν·
997 4886 1353 4956 Ἰερουσαλὴμ
1400 4886 1635 4956 άνῆςρθαι
1667 4889 1796 4951 τοὺς

214 4971 437 5039 τύπους,
464 4975 873 5047 γεγενῆσθαίτε
915 4978 1129 5049 μητέρα
1157 4976 1566 5031 διαϐεϐαιοῦται
1609 4979 1795 5046 σαφῶς

213 5065 320 5116 τῶν
364 5067 425 5119 ὲν
480 5068 662 5120 πίστει
705 5068 1172 5138 δεδικαιωμένων,
1221 5070 1315 5123 καὶ
1361 5069 1421 5133 ἐξ
1463 5069 1796 5138 ἐπαγγελίας

214 5155 347 5208 Θεοῦ
379 5157 774 5228 κεκλημένων,
813 5161 894 5220 είς
922 5159 983 5211 τὸ
1009 5155 1150 5214 εἶναι
1178 5160 1344 5214 τέκνα
1383 5159 1477 5212 τοῦ
1521 5159 1791 5231 Ἀϐραάμ.

219 5267 239 5296 ι
285 5249 476 5318 Ἡμεῖς
515 5251 655 5321 γὰρ,
697 5268 716 5302 ι
766 5250 920 5320 φησὶ,
972 5270 990 5302 ι
1036 5252 1180 5305 κατᾶ
1229 5251 1415 5305 Ἰσαὰκ
1457 5253 1793 5320 ἐπαγγελίας

209 5335 372 5391 τέκνα
409 5339 596 5408 ἐσμέν.
640 5359 658 5392 ι
709 5341 1163 5413 Ἦλευθερὼμεθα
1189 5342 1297 5413 γὰρ
1327 5343 1382 5395 ὲν
1427 5343 1680 5412 Χριστῷ,
1721 5343 1786 5395 δι’

211 5421 275 5480 οὗ
303 5430 396 5482 καὶ
442 5432 502 5482 ἐν
534 5424 579 5498 ᾧ
608 5431 671 5484 τὸ
701 5432 846 5487 θεῖον
889 5435 986 5487 καὶ
1032 5433 1238 5487 ἄνωθεν
1285 5433 1786 5500 καταπλουτοῦντες

211 5517 444 5590 πνεῦμα,
471 5523 936 5593 ητατιτὰγμιθα
969 5525 1064 5594 μὲν
1098 5526 1154 5577 ἐν
1193 5525 1405 5589 τέκνοις
1445 5523 1604 5592 Θεοῦ,
1633 5525 1786 5595 Κρά-

208 5609 378 5688 ζῆμεν
401 5612 481 5679 δὲ,
510 5613 676 5671 Ὰΰϐᾶ
698 5618 732 5669 ό
761 5616 987 5684 Πατὴρ,
1011 5617 1103 5668 καὶ
1129 5615 1454 5688 κληρονόμοι
1481 5617 1785 5688 γεγόναμεν

1896 4701 2003 4752 tria:
2055 4698 2494 4770 interpretatur),
2545 4695 2801 4752 sublimis
2845 4693 2993 4748 illius
3046 4700 3210 4763 atque
3244 4707 3494 4762 superna:

1895 4789 2200 4844 JeruSalem
2221 4800 2406 4860 typum
2436 4803 2549 4860 pra:
2567 4803 2626 4842 se
2649 4787 2796 4842 ferre
2823 4783 2919 4849 ait,
2946 4791 3288 4852 matremque
3306 4795 3493 4851 aperte

1896 4879 2094 4935 factam
2115 4896 2235 4935 esse
2255 4879 2543 4935 conﬁrmat
2589 4893 2781 4933 eorum
2815 4876 2911 4947 qui
2963 4891 3061 4945 per
3089 4874 3254 4928 ﬁdem
3287 4871 3486 4942 justiﬁ-

1897 4971 2006 5026 cati
2032 4979 2180 5034 sunt,
2210 4978 2264 5023 et
2306 4985 2373 5024 ex
2412 4967 2779 5039 promissione
2811 4966 2907 5022 Dei
2961 4962 3160 5026 vocati,
3205 4969 3265 5014 ut
3307 4967 3492 5013 essent

1897 5063 1993 5116 ﬁlii
2039 5061 2293 5114 Abrahae.
2343 5078 2361 5110 ι
2408 5061 2518 5114 Nos
2570 5060 2741 5124 enim,
2789 5078 2807 5110 ι
2862 5056 3062 5125 inquit,
3126 5071 3144 5104 ι
3185 5049 3490 5105 secundum

1891 5151 2041 5206 Isaac
2070 5149 2452 5221 promissionis
2477 5149 2574 5203 ﬁlii
2605 5164 2796 5203 sumus
2823 5148 2892 5210 ⁸ο,
2936 5165 2952 5196 ι
2984 5146 3293 5198 libertatem
3313 5139 3488 5211 siqui-

1890 5242 2017 5295 dem
2063 5239 2350 5296 consecuti
2394 5254 2584 5293 sumus
2616 5254 2714 5308 per
2742 5235 3044 5298 Christum,
3101 5249 3200 5302 per
3233 5249 3397 5302 quem
3432 5241 3488 5288 et

1895 5335 1952 5388 in
1990 5349 2101 5403 quo
2140 5333 2386 5387 divinum
2418 5347 2481 5385 ac
2510 5331 2786 5385 caelestem
2827 5328 3080 5397 spiritum
3112 5327 3317 5396 adepti,
3344 5327 3488 5383 inter

1895 5429 2038 5484 ﬁlios
2065 5429 2162 5482 Dei
2195 5429 2475 5482 constituti
2514 5440 2739 5486 sumus;
2777 5423 3069 5477 clamamus
3111 5433 3292 5477 autem
3317 5424 3482 5493 Abba,
3516 5421 3524 5432 ‘

1899 5521 2086 5584 Pater,
2102 5531 2156 5574 ct
2175 5517 2420 5573 hmrcdes
2436 5516 2563 5570 facti
2576 5528 2765 5566 sumus
2786 5512 3054 5566 bonorum
3071 5514 3114 5542 ⁵¹
3137 5529 3258 5581 qua:
3283 5515 3486 5568 sanctis

1895 5614 2326 5687 suntpromissa,
2355 5613 2578 5683 jurantc
2616 5615 2826 5663 tantum
2856 5622 2965 5661 non
2993 5623 3091 5677 per
3123 5607 3480 5678 semetipsum

317 5725 357 5754 "
390 5726 555 5782 Exod.
577 5746 650 5794 tv,
678 5731 769 5784 22.
845 5729 890 5762 "'
918 5732 1075 5786 Rom.
1120 5749 1190 5798 rv,
1235 5732 1318 5786 15.
1400 5733 1443 5763 δ’
1475 5732 1648 5790 Galat.
1685 5749 1756 5796 tv,
1794 5732 1986 5785 21451.
2067 5731 2112 5763 "
2136 5733 2292 5786 Rom.
2322 5727 2478 5795 tx,8;
2508 5726 2680 5782 Galat.
2708 5741 2778 5785 Iv.
2807 5723 2893 5776 ιε.
2972 5725 3011 5755 ⁸¹
3045 5724 3200 5776 Rom.
3234 5738 3346 5784 vm.
3380 5722 3476 5781 Ni:

209 5793 382 5849 Galat.
426 5814 503 5863 tu,
541 5800 594 5854 6.
