4050 6210
574 404 679 461 ﬂ"

1605 403 1662 461 s.
1702 404 1975 462 CYRiLLi
2018 376 2484 460 ALEXANDRlNl
2520 401 2838 460 ARCiﬂEP.

3730 378 3839 454 tas

573 521 704 575 Deo.
738 516 1068 573 Continetur
1109 516 1259 573 enim
1288 517 1357 572 in
1403 518 1716 589 iuramento
1754 514 2135 576 Patrisl‘ilius

2264 517 2372 573 τῶν
2421 516 2847 588 ιπηγγελμένων
2882 515 2996 580 τοῖς
3035 513 3209 584 άγῖοις
3250 512 3504 583 ἀγαθῶν,
3550 516 3843 586 μονονουχὶ

572 609 689 662 sive
716 609 839 678 ejus
884 608 1227 679 mysterium.
1258 604 1558 663 Consuevit
1594 608 1742 664 enim
1772 609 1933 664 Pater
1973 610 2161 681 jurare

575 714 674 771 per
694 699 971 769 propriam
999 698 1260 753 virtutem
1279 697 1422 753 Filii.
1444 698 1621 769 Atque
1642 699 1748 756 hoc
1757 710 1844 757 est
1857 700 2043 771 jurare
2061 713 2162 769 per

571 791 949 861 semetipsum.
984 790 1267 861 Siquidem
1297 806 1407 846 non
1440 792 1582 847 alius
1619 791 1689 846 ab
1718 792 1836 862 ipso
1861 800 1945 848 est
1966 792 2157 859 Filius,

573 881 685 951 76
710 881 1011 937 secundum
1054 883 1308 938 essentia
1349 882 1637 949 rationem,
1672 883 1916 953 inquam,
1944 891 2000 939 et
2037 883 2163 939 Dei-

576 974 707 1029 tatis
760 975 1122 1030 identitatem.
1152 975 1363 1031 Idcirco
1411 975 1633 1032 divinus
1664 977 1895 1049 Moyses,
1943 976 2161 1048 quando

577 1064 738 1120 nobis
775 1064 1048 1135 jurantem
1100 1067 1272 1121 Deum
1310 1067 1570 1132 ostendit,
1618 1067 1893 1122 dicentem
1921 1067 2070 1133 facit,
2104 1077 2163 1124 et

574 1150 801 1221 quidem
836 1151 1166 1208 manifeste:
1199 1172 1218 1205 ι
1258 1152 1398 1221 Quia
1444 1156 1579 1210 tollo
1609 1156 1667 1210 in
1702 1156 1904 1211 omium
1937 1170 2160 1213 manum

576 1254 776 1306 meam,
801 1249 858 1296 et
877 1242 1006 1312 juro
1024 1258 1123 1313 per
1137 1243 1417 1301 dexteram
1441 1260 1618 1301 meam
1644 1246 1741 1300 ³⁸.»
1763 1248 1994 1303 Dextera
2010 1251 2160 1304 enim

577 1333 675 1388 Dei
704 1348 769 1389 ac
800 1335 979 1390 Patris
1007 1345 1093 1391 est
1129 1336 1321 1403 Filius,
1348 1353 1448 1409 per
1480 1354 1643 1410 quem
1687 1341 1961 1396 universis
1982 1341 2159 1397 domi-

575 1422 761 1489 natur,
804 1429 1130 1497 cunctisque
1165 1427 1397 1498 imperat
1439 1436 1496 1484 et
1527 1429 1710 1485 divine
1744 1440 2026 1501 operatur,
2059 1447 2161 1488 vo-

572 1528 710 1569 cans
727 1530 793 1570 ea
810 1531 933 1586 quae
959 1533 1071 1573 non
1099 1528 1229 1575 sunt
1267 1520 1335 1575 ad
1361 1527 1565 1587 ortum,
1601 1532 1656 1578 et
1692 1522 1760 1577 iis
1785 1538 1907 1594 qua:
1931 1523 2044 1593 jam
2074 1539 2161 1578 or-

573 1615 693 1661 tum
736 1616 1088 1678 acceperunt,
1143 1620 1205 1666 ut
1260 1620 1411 1666 recte
1468 1627 1528 1668 se
1580 1612 1837 1677 habeant,
1888 1613 2157 1669 tribuens.

568 1695 844 1763 Quocirca
872 1698 1231 1770 jurejurando
1275 1700 1599 1772 interposito
1626 1702 1696 1757 ad
1729 1702 2158 1760 conﬁrmandam

574 1789 891 1845 heredibus
909 1791 1288 1860 promissionis
1327 1791 1510 1859 fidem,
1535 1795 1830 1853 Salvatoris
1848 1797 2024 1851 nostri
2039 1813 2157 1869 my-

2261 609 2357 662 καὶ
2393 607 2749 679 ὀμωμοκότος
2802 604 2926 662 καθ’
2960 605 3155 660 ῑαυτοῦ
3186 603 3280 659 τοῦ
3308 603 3465 659 Θεοῦ.
3501 603 3839 675 Παρελήφθη

2259 697 2370 769 7&9
2392 697 2470 763 ὡς
2499 700 2558 752 ὲν
2583 698 2731 772 δρκῳ
2758 696 2854 752 τοῦ
2887 698 3099 770 Πατρδς
3122 698 3152 750 6
3174 692 3306 762 υἲδς,
3338 697 3459 767 ἦτοι
3484 695 3547 750 τὸ
3574 694 3661 750 ἐπ’
3683 694 3840 767 αὐτῷ

2264 791 2582 864 μυστήριον.
2617 790 2783 855 Ἔθος
2811 787 2922 862 γὰρ
2958 788 3186 861 ὀμνύναι
3226 787 3306 859 τῷ
3345 787 3521 859 Πατρὶ
3560 785 3638 851 ὥς
3687 778 3840 841 κατὰ

2264 880 2398 945 ιδίας
2425 881 2709 952 δυνάμεως
2738 880 2831 935 τοῦ
2870 878 3024 948 Υῖοῦ,
3056 878 3153 934 καὶ
3183 877 3342 933 τοῦτό
3374 879 3490 932 ἔστι
3514 877 3576 931 τδ
3602 877 3839 949 ὀμνύναι

2259 971 2383 1027 καθ’
2433 971 2648 1028 ἑαυτοῦ.
2709 970 2971 1044 Ἐπείπερ
3013 972 3115 1042 οὐχ
3160 969 3349 1042 ἕτερος
3410 971 3546 1041 παρ’
3598 968 3766 1023 αὐτὸν
3807 969 3838 1022 6

2260 1061 2411 1129 Υἱὸς,
2451 1064 2596 1118 κατά
2618 1081 2706 1135 γε,
2742 1064 2909 1135 φημὶ,
2937 1063 3033 1134 τῆς
3067 1063 3253 1127 οὐσίας
3294 1062 3388 1116 τὸν
3424 1061 3604 1130 λόγον,
3637 1060 3736 1115 καὶ
3772 1062 3835 1114 τδ

2258 1154 2455 1210 ταυτὸν
2484 1155 2585 1228 τῆς
2628 1154 2903 1225 θεότητος.
2939 1153 3050 1207 Καὶ
3079 1151 3209 1223 γοῦν
3251 1152 3595 1243 όθθεσπέσιος
3624 1150 3834 1243 Μωσῆς

2260 1245 2350 1299 ὅτε
2378 1244 2616 1316 δέδειχεν
2653 1246 2786 1317 ἡμῖν
2820 1243 3064 1316 ὀμνύντα
3091 1243 3246 1306 Θεὸν,
3282 1238 3701 1313 ἆταρακεκόμικε
3743 1238 3836 1292 λέι

2259 1352 2426 1405 γοντα
2455 1337 2549 1390 καὶ
2584 1335 2732 1405 μάλα
2768 1335 2976 1404 σαφῶς,
3002 1335 3084 1388 ὅτι
3127 1351 3148 1386 ι
3197 1331 3342 1403 Ἀρῶ
3374 1331 3455 1394 εἰς
3484 1329 3575 1384 τὸν
3601 1328 3845 1400 οὐρανὸν

2258 1428 2359 1499 τὴν
2390 1428 2550 1499 χεῖρά
2586 1445 2718 1499 μου,
2751 1428 2847 1481 καὶ
2877 1426 3120 1498 ὀμοῦμαι
3156 1426 3223 1496 τῇ
3246 1422 3399 1493 δεξιᾷ
3437 1438 3560 1494 μου.
3603 1439 3622 1472 ι
3667 1419 3834 1484 Δεξιὰ

2259 1521 2370 1590 7&9
2395 1520 2490 1574 τοῦ
2523 1519 2660 1574 Θεοῦ
2701 1521 2797 1575 καὶ
2834 1520 3068 1591 Πατρὸς,
3100 1521 3128 1574 6
3161 1518 3308 1583 Υἱὸς,
3338 1517 3408 1570 δι’
3448 1511 3517 1589 ἧς
3545 1515 3655 1568 τῶν
3690 1513 3834 1568 ὅλων

2260 1613 2598 1684 κατακρατεῖ
2618 1652 2633 1677 ,
2664 1613 2759 1666 καὶ
2791 1613 2957 1673 οἱονεὶ
2991 1611 3087 1665 τοῦ
3130 1609 3331 1674 παντὸς
3370 1607 3832 1679 καταδράσσεται,

2259 1704 2354 1758 καὶ
2381 1702 2700 1776 θεοπρεπῶς
2745 1703 3037 1777 ἐργάζεται
3080 1700 3263 1757 καλῶν
3302 1700 3372 1754 τὰ
3402 1699 3502 1753 οὐκ
3526 1698 3656 1752 ὄντα
3694 1696 3835 1768 πρὸς

2259 1793 2493 1862 γένεσιν,
2529 1795 2623 1848 καὶ
2657 1796 2767 1859 τοῖς
2818 1795 2921 1865 ήδη
2960 1792 3232 1863 γεγονόσι,
3260 1788 3324 1844 τὸ
3370 1784 3430 1843 εὖ
3475 1785 3617 1842 εἶναι
3649 1784 3835 1840 διανέ-

571 1878 805 1935 sterium
825 1883 1160 1949 continetur,
1191 1884 1564 1964 ﬁguratusque
1592 1895 1678 1941 est
1706 1886 1877 1941 veluti
1901 1888 1957 1941 in
1984 1887 2135 1943 vitul:

2264 1899 2400 1953 μων.
2451 1881 2661 1936 οὐκοῦν
2719 1882 2796 1946 ὡς
2840 1884 2901 1935 ὲν
2943 1882 3108 1954 ὅρκου
3155 1879 3317 1952 χρείᾳ
3362 1875 3704 1949 βεϐαιοῦντος
3749 1875 3834 1964 εἰς

571 1969 848 2036 Christus,
877 1973 1012 2027 etin
1049 1989 1209 2044 capra
1242 1983 1296 2030 et
1330 1976 1521 2039 ariete,
1552 1991 1617 2032 ac
1654 1977 1826 2033 veluti
1847 1977 1904 2032 in
1938 1976 2154 2035 duabus

575 2059 790 2127 avibus,
815 2070 1051 2127 turture,
1080 2064 1322 2135 inquam,
1352 2074 1408 2121 et
1447 2066 1721 2121 columba.
1758 2065 2015 2133 Quaenam
2050 2082 2151 2124 au-

574 2157 684 2204 tem
707 2151 875 2207 etiam
909 2152 1073 2225 hujus
1097 2154 1179 2210 rei
1214 2153 1355 2211 ratio
1396 2155 1489 2222 sit,
1518 2156 1698 2227 quoad
1727 2165 1939 2227 potero,
1973 2157 2151 2228 expli-

572 2241 731 2299 cabo.

640 2515 693 2571 8.
732 2517 1138 2589 Nonnunquam
1160 2520 1307 2577 enim
1344 2522 1416 2578 ob
1458 2523 1734 2595 ingentem
1768 2524 2145 2582 fortitudinem

560 2615 736 2679 atque
773 2609 1146 2680 insuperabile
1195 2613 1387 2679 robur,
1408 2613 1657 2670 divinum
1708 2631 1939 2687 nempe,
1981 2618 2145 2673 vitulo

569 2711 950 2771 comparatur;
986 2719 1378 2774 nonnunquam
1401 2721 1536 2761 vero
1572 2715 1797 2778 propter
1829 2709 2144 2765 humanita-

568 2799 784 2858 tem,'et
815 2793 961 2863 quod
988 2794 1166 2849 factus
1192 2796 1264 2850 sit
1286 2795 1390 2850 sub
1413 2796 1550 2868 iege,
1577 2797 1743 2852 vitula
1766 2809 2009 2855 vocatur.
2048 2800 2147 2857 Mi-

564 2899 673 2941 nus
696 2885 843 2939 enim
865 2900 1081 2956 semper
1101 2894 1186 2941 est
1206 2897 1368 2958 atque
1392 2887 1620 2944 inferius
1640 2890 1855 2947 femeila
1879 2895 2139 2960 masculo,

561 2975 736 3030 veluti
761 2975 1042 3046 superiore
1065 2991 1128 3032 ac
1148 2979 1548 3047 praestantiore.
1572 2978 1800 3036 Omnem
1825 2983 1970 3037 enim
1991 2999 2143 3038 crea—

566 3074 748 3119 turam
789 3074 1013 3135 superat
1056 3067 1243 3133 Filius,
1274 3077 1331 3123 et
1370 3069 1785 3138 incomparabili
1817 3071 2139 3128 excellentia

558 3164 876 3212 creatorum
904 3167 1159 3212 naturam
1194 3159 1489 3224 antecedit,
1513 3160 1752 3215 radicem
1791 3160 2002 3218 habens
2040 3179 2135 3219 su-

560 3260 813 3315 premum
834 3246 1080 3300 omnium
1101 3246 1338 3312 Patrem,
1361 3246 1555 3313 Deum,
1578 3248 1822 3319 inquam.
1844 3249 2135 3322 Postquam

560 3352 694 3393 vero
719 3337 1039 3392 incarnatus
1065 3345 1168 3401 est,
1205 3338 1309 3393 sub
1339 3339 1456 3409 lege
1488 3347 1573 3395 est
1604 3339 1799 3396 factus.
1843 3340 2053 3397 Idcirco
2079 3352 2136 3399 et

558 3430 639 3484 ait
679 3447 694 3482 :
745 3449 763 3480 ι
790 3429 911 3485 Νοη
951 3430 1077 3484 veni
1121 3430 1336 3486 solvere
1383 3431 1580 3503 legem,
1614 3433 1710 3488 sed
1751 3433 1977 3504 implere
2012 3435 2079 3489 ⁸³.
2108 3455 2125 3488 ι

567 3521 899 3599 Tribuemus
936 3532 1120 3578 autem
1152 3523 1227 3588 id,
1256 3524 1301 3579 si
1347 3534 1496 3580 recte
1525 3526 1731 3580 sentire
1754 3527 2007 3593 velimus,
2035 3544 2131 3584 cx-

559 3612 878 3668 lnanitioni.
925 3613 1138 3669 idcirco
1188 3614 1356 3670 vitula
1409 3615 1613 3671 dicitur
1642 3614 1916 3681 Christus,
1949 3619 2130 3693 Moyse

558 3705 698 3776 legis
729 3704 924 3760 faciem
965 3705 1317 3777 adimplentc,
1340 3705 1427 3762 vel
1449 3706 1674 3764 deﬁnita
1702 3724 1803 3779 per
1835 3725 1961 3764 eum
1991 3711 2127 3781 lege.

558 3794 911 3850 Assimilatur
934 3804 1118 3851 autem
1142 3796 1308 3852 etiam
1331 3813 1525 3868 caprw.
1553 3796 1669 3864 Qua
1693 3798 1760 3854 de
1788 3800 1993 3856 causa?
2016 3799 2129 3857 0b-

492 3884 504 3896 “
557 3887 682 3942 tulit
710 3887 860 3942 enim
891 3888 1131 3959 seipsum
1159 3903 1259 3958 pro
1292 3888 1532 3959 peccatis
1564 3890 1799 3955 nostris,
1828 3892 2128 3947 secundum

554 3976 891 4057 Scripturas.
919 3980 1116 4036 Hircus
1133 3987 1318 4035 autem
1338 3978 1399 4055 in
1426 3979 1546 4051 lege
1569 3980 1898 4038 sacriﬁcium
1920 3994 2004 4039 est
2026 3999 2128 4055 pro

552 4079 797 4140 peccato.
827 4070 1186 4141 Comparatur
1224 4087 1356 4128 vero
1398 4071 1569 4127 etiam
1595 4075 1770 4139 arieti,
1811 4073 1936 4130 ideo
1979 4075 2124 4146 quod

553 4159 837 4215 rationalis
861 4162 1039 4231 gregis
1061 4162 1132 4215 sit
1151 4162 1280 4215 dux.
1304 4163 1512 4218 Unicus
1531 4163 1678 4218 enim
1701 4165 1811 4219 dux
1838 4175 2026 4222 noster
2042 4175 2127 4223 est

549 4247 825 4313 Christus,
850 4257 907 4304 et
951 4265 1053 4305 nos
1078 4250 1301 4321 quidem
1328 4270 1360 4323 ¹ι
1391 4252 1628 4323 populus
1660 4270 1873 4324 pascua:
1912 4258 2030 4327 ejus
2069 4265 2125 4313 ct

547 4350 679 4392 oves
710 4351 905 4391 manus
931 4339 1051 4410 ejus
1076 4339 1166 4404 ”',
1197 4358 1215 4391 ι
1252 4339 1395 4395 sicut
1418 4341 1684 4411 scriptum
1709 4349 1810 4396 est.
1828 4343 2121 4413 Postquam

546 4443 680 4508 vero
717 4428 1050 4486 assimilatus
1085 4436 1170 4487 est
1206 4446 1304 4502 per
1346 4432 1529 4487 omnia
1553 4431 1837 4499 fratribus,
1876 4433 1981 4490 hoc
2014 4445 2117 4500 est,

2254 1971 2440 2026 πίστιν
2477 1972 2580 2042 τῆς
2625 1970 2960 2042 ἐπαγγελίας
2998 1971 3127 2036 τοὺς
3174 1968 3579 2040 κληρονόμους,
3622 1964 3685 2019 τὺ
3729 1962 3831 2018 τοῦ

2252 2060 2504 2135 Σωτῆρος
2546 2060 2704 2134 ἡμῶν
2748 2061 3070 2136 παρελήφθη
3124 2062 3440 2133 μυστήριον.
3483 2057 3593 2113 Καὶ
3627 2056 3830 2110 ἀνετο-

2252 2153 2418 2209 ποῦτο
2442 2155 2508 2226 δὴ
2540 2154 2738 2227 μᾶλλον
2767 2154 2843 2218 ὡς
2861 2157 2918 2208 ὲν
2944 2153 3170 2226 δαμάλει
3195 2153 3455 2223 Χριστὸς,
3478 2150 3572 2205 καὶ
3594 2148 3702 2221 μὴν
3727 2147 3829 2202 καλΙ

2249 2242 2387 2311 αἰγὶ,
2423 2243 2517 2297 καὶ
2548 2243 2707 2316 κριῷ,
2742 2243 2836 2298 καὶ
2864 2243 2940 2308 ὡς
2970 2245 3028 2297 ὲν
3058 2242 3203 2295 δυοῖν
3248 2239 3570 2312 στρουθίοιν,
3599 2238 3826 2308 τρυγόνι

2245 2349 2329 2398 τε,
2362 2335 2526 2406 φημὶ,
2554 2334 2648 2389 καὶ
2691 2337 3007 2407 περιστερᾷ.
3050 2334 3157 2389 Καὶ
3176 2333 3260 2398 τίς
3275 2332 3340 2387 ἂν
3373 2334 3404 2386 6
3430 2330 3616 2385 τούτου
3649 2332 3827 2386 νοοῖτο

2247 2421 2424 2492 λόγος,
2447 2425 2589 2480 κατὰ
2621 2425 2680 2479 τὸ
2699 2424 2974 2496 ἐγχωροῦν
3001 2425 3375 2496 ἀφηγήσομαι.

2316 2517 2388 2589 η’.
2425 2518 2563 2572 [loss
2595 2518 2695 2588 μὲν
2721 2518 2829 2589 7&9
2856 2518 2944 2573 διὰ
2970 2518 3030 2571 τὸ
3057 2518 3194 2586 άγαν
3223 2513 3483 2579 εὐσθενὲς
3502 2513 3595 2569 καὶ
3621 2513 3825 2567 ἀκατα-

2244 2609 2508 2680 γώνιστον
2560 2610 2641 2673 εἰς
2696 2608 2886 2681 ἀλκὴν,
2932 2607 3090 2680 δῆλον
3131 2606 3189 2661 δὲ
3237 2608 3317 2660 δτι
3363 2605 3462 2676 τὴν
3515 2602 3817 2675 θεοπρεπῆ,

2239 2701 2454 2772 μόσχῳ
2482 2701 2896 2773 παρεικάζεται.
2937 2699 3075 2753 Ποτὲ
3104 2699 3160 2753 δὲ
3199 2693 3288 2761 αὖ,
3320 2695 3410 2751 διὰ
3445 2695 3506 2748 τδ
3541 2692 3821 2765 ἀνθρώπι-

2242 2811 2353 2859 νον,
2395 2795 2490 2849 καὶ
2517 2793 2638 2853 ἐπεί
2665 2810 2749 2848 τοι
2793 2792 3019 2863 γέγονεν
3043 2791 3149 2845 ὑπὸ
3176 2790 3338 2862 νόμον
3358 2830 3372 2855 ,
3411 2788 3667 2858 δάμαλις
3693 2786 3821 2839 dvo-

2245 2885 2498 2958 μάζεται.
2538 2885 2788 2939 Κατόπιν
2824 2884 2932 2955 γάρ
2973 2899 3094 2947 πως
3147 2882 3233 2936 ἀεὶ
3284 2881 3378 2936 καὶ
3437 2881 3495 2934 tv
3543 2878 3716 2951 μεῖοσι
3754 2878 3822 2933 τδ

2242 2976 2375 3047 θῆλυ
2427 2974 2525 3029 τοῦ
2570 2975 2802 3046 ἄρρενος
2847 2974 2923 3039 ὣς
2971 2971 3275 3044 ἡγουμένου
3323 2972 3417 3024 καὶ
3465 2968 3817 3041 προύχοντος.

2252 3064 2497 3135 Ἀπάτης
2552 3064 2652 3133 μὲν
2693 3063 2806 3133 7&9
2862 3063 3120 3117 ἐπέκεινα
3163 3061 3392 3123 κτίσεως
3430 3062 3460 3114 6
3505 3060 3667 3124 Υἱὸς,
3718 3057 3821 3114 καὶ

2238 3154 2591 3226 ἀσυγκρίτοις
2619 3155 2915 3226 ὑπεροχαῖς
2945 3154 3044 3224 τὴν
3104 3153 3214 3208 τῶν
3239 3152 3481 3224 γενητῶν
3514 3150 3816 3223 ὑπερφέρει

2238 3247 2398 3317 φύσιν
2423 3262 2485 3299 τε
2526 3246 2619 3301 καὶ
2651 3244 2808 3310 δόξαν
2829 3286 2844 3310 ,
2883 3245 3034 3317 ῥίζαν
3062 3243 3205 3315 ἔχων
3235 3245 3334 3314 τὴν
3367 3243 3647 3311 ἀνωτάτην
3667 3284 3682 3305 ,
3718 3243 3816 3297 τδν

2234 3338 2345 3392 τῶν
2383 3336 2520 3393 ὅλων
2558 3338 2786 3410 Πατέρα
2855 3338 3001 3409 φημὶ
3045 3337 3111 3408 δὴ
3154 3337 3249 3391 καὶ
3293 3335 3445 3390 Θεόν.
3488 3333 3707 3406 Ἐπειδὴ
3751 3333 3813 3389 δὲ

2236 3429 2447 3499 πέφυκε
2472 3429 2595 3482 καθ’
2615 3430 2786 3501 ἡμᾶς,
2811 3445 2982 3501 κεχρη
2992 3428 3220 3499 μάτικεν
3244 3426 3349 3481 ὑπὸ
3375 3427 3536 3498 νόμον
3555 3426 3631 3490 ὼς
3653 3425 3816 3496 ἠγούο

2236 3538 2417 3593 μενον.
2432 3519 2721 3593 Τοιγάρτοι
2755 3520 2851 3575 καὶ
2881 3520 3171 3589 ἔφασκενί
3193 3519 3305 3573 Ούκ
3329 3514 3490 3589 ἦλθον
3509 3515 3813 3572 καταλῦσαι

2231 3614 2323 3668 τὸν
2354 3613 2552 3685 νόμον,
2590 3612 2725 3667 ἀλλὰ
2777 3612 3088 3683 πληρῶσαι.
3120 3606 3143 3664 ἰ
3184 3609 3554 3681 Ἀναθήσομεν
3594 3607 3652 3662 δὲ
3712 3608 3815 3668 καὶ

2229 3705 2386 3759 τοῦτο
2413 3707 2526 3768 τοῖς
2547 3704 2647 3774 τῆς
2675 3702 2958 3766 κενώσεως
2995 3703 3234 3773 μέτροις,
3269 3698 3404 3771 ὀρθὰ
3434 3699 3649 3769 φρονεῖν
3669 3699 3810 3768 ᾑρηο

2234 3794 2403 3867 μένοι.
2439 3793 2538 3847 Διὰ
2565 3792 2723 3847 τοῦτο
2753 3791 3009 3862 δάμαλις
3034 3793 3062 3845 6
3088 3789 3325 3861 Χριστὸς
3346 3829 3359 3852 .
3397 3788 3460 3843 τὸ
3495 3786 3591 3841 τοῦ
3635 3785 3809 3859 νόμου

2229 3886 2524 3956 πρόσωπον
2572 3883 3014 3956 ἀναπληροῦντος
3058 3881 3331 3945 Μωσέως,
3373 3880 3493 3952 ἤτοι
3540 3876 3635 3933 τοῦ
3684 3878 3808 3931 κατ’

2228 3979 2390 4033 αὐτὸν
2416 3976 2727 4049 ὁρισθέντος
2759 3977 2948 4046 νόμου.
3009 3974 3397 4045 Ἀφομοιοῦται
3445 3971 3503 4025 δὲ
3536 3972 3631 4025 καὶ
3654 3971 3802 4041 alrl.

2227 4069 2326 4126 Διά
2358 4069 2519 4124 ποίαν
2561 4069 2775 4133 αῖτίαν;
2825 4066 3238 4139 Προσκεκόμικε
3277 4064 3387 4136 7&9
3432 4060 3626 4119 ἑαυτὸν
3659 4061 3804 4135 ὑπὲρ

2224 4164 2333 4218 τῶν
2357 4162 2639 4236 ἁμαρτιῶν
2665 4161 2822 4234 ἡμῶν
2838 4203 2851 4226 ,
2877 4159 3018 4216 κατὰ
3057 4158 3160 4222 τὰς
3191 4158 3438 4229 Γραφάς.
3468 4158 3717 4230 Χίμαρος
3740 4157 3803 4212 δδ

2224 4251 2284 4309 τδ
2317 4256 2456 4328 ὑπὲρ
2502 4254 2777 4326 ἁμαρτίας
2821 4251 2969 4323 θῦμα
2996 4250 3139 4306 κατὰ
3168 4251 3261 4303 τὸν
3288 4248 3470 4321 νόμον.
3505 4247 3803 4320 Παραϐάλ-

2222 4347 2373 4401 λεται
2397 4347 2451 4400 δὲ
2491 4347 2589 4400 καὶ
2616 4345 2779 4413 κριῷ,
2804 4344 2895 4399 διὰ
2919 4344 2979 4398 τδ
3005 4344 3114 4397 τῶν
3138 4340 3375 4412 λογικῶν
3407 4340 3657 4413 ἡγεῖσθαι
3686 4358 3805 4395 ποι-

2227 4434 2417 4505 μνίων.
2451 4429 2549 4498 Εἷς
2588 4432 2697 4505 γὰρ
2746 4431 2903 4503 ἡμῶν
2946 4433 3062 4486 ἐστι
3108 4430 3425 4502 καθηγητὴς
3470 4431 3499 4482 ὁ
3540 4429 3799 4499 Χριστός.

545 4520 724 4586 nobis,
749 4521 1046 4579 demittens
1072 4524 1313 4595 seipsum
1335 4524 1403 4579 ad
1433 4526 1882 4590 cxinanitioncm,
1910 4524 2118 4581 descri-

2237 4527 2334 4580 Καὶ
2353 4526 2515 4597 ἡμεῖς
2550 4523 2811 4597 μὲνιλαὸς
2839 4523 3012 4593 νομῆς
3046 4521 3213 4577 αὐτοῦ
3260 4521 3354 4575 καὶ
3398 4518 3645 4590 πρόϐατα
3676 4533 3799 4589 χει-

544 4608 695 4663 bitur
720 4610 944 4680 quidem
974 4613 1030 4667 in
1068 4616 1250 4679 triete,
1283 4615 1714 4686 intciligiturque
1743 4615 2017 4686 perfectus
2054 4632 2117 4673 ac

541 4700 674 4755 dux.
704 4702 916 4758 Arietes
953 4704 1099 4758 enim
1143 4720 1360 4775 semper
1397 4715 1527 4761 sunt
1568 4720 1792 4777 gregum
1835 4704 2113 4762 ductores.

540 4790 687 4847 ldem
728 4791 911 4861 itaque
947 4802 1004 4848 et
1032 4792 1199 4849 vitula
1231 4802 1337 4860 cst,
1371 4810 1438 4851 eo
1470 4790 1758 4867 quod'sub
1789 4780 1913 4869 lege
1937 4798 2028 4863 sit,
2059 4806 2115 4855 et

538 4882 702 4938 etiam
736 4881 907 4938 veluti
935 4899 1120 4955 capra,
1160 4884 1382 4941 victima
1419 4903 1520 4959 pro
1552 4897 1811 4959 peccato;
1850 4897 2113 4959 praetcrea

538 4974 677 5027 aries
712 4980 771 5027 ut
791 4973 920 5029 dux.
945 4974 1115 5046 Cujus
1144 4977 1388 5049 vestigiis
1413 4979 1668 5034 insistere
1693 4980 1998 5050 cupientes,
2025 4988 2112 5035 at-

535 5080 643 5135 que
675 5066 1089 5132 contendentes,
1139 5066 1195 5122 in
1238 5068 1399 5125 bonis
1447 5071 1685 5140 pascuis,
1735 5079 1794 5126 et
1833 5091 1850 5123 ι
1880 5071 1937 5126 in
1983 5071 2108 5126 loco

536 5156 726 5226 pingui
768 5156 975 5214 erimus
1016 5159 1300 5213 constituti
1326 5158 1393 5224 ει,
1423 5178 1441 5211 ι
1486 5161 1592 5231 77
1633 5164 1786 5232 juxta
1827 5162 2107 5234 prophetat

536 5260 747 5311 vocem,
774 5254 830 5300 et
859 5247 915 5303 in
939 5249 1111 5304 sacris
1134 5250 1366 5304 stabulis
1404 5250 1825 5307 diversabimur.
1861 5253 2107 5308 Deducet

531 5334 678 5389 enim
703 5351 806 5391 nos
844 5337 898 5392 in
940 5340 1193 5396 caelestes
1239 5343 1550 5398 mansiones
1591 5343 1707 5414 ipse
1752 5355 1808 5400 et
1849 5345 2013 5409 aries,
2052 5355 2109 5401 et

530 5440 781 5484 summus
805 5438 1011 5499 pastor,
1048 5441 1103 5486 et
1142 5434 1310 5489 veluti
1345 5451 1490 5490 unus
1532 5451 1598 5491 ex
1638 5436 1799 5491 nobis
1835 5438 1937 5492 sub
1964 5436 2104 5508 lege,

530 5523 695 5586 atque
718 5534 883 5589 supra
906 5519 1104 5592 legem,
1129 5531 1192 5577 ut
1218 5524 1362 5579 Deus
1384 5525 1500 5595 ipse
1539 5526 1719 5581 omnis
1762 5525 2104 5598 justiﬁcatio,

531 5609 745 5662 tametsi
785 5626 803 5659 ι
831 5609 974 5667 inter
999 5612 1217 5683 iniquos
1249 5624 1533 5686 reputatus
1558 5627 1642 5673 est
1662 5617 1731 5683 ",
1762 5636 1781 5669 ›
1805 5626 1861 5673 et
1889 5633 1989 5688 pro
2008 5631 2107 5671 no.

2223 4619 2313 4689 ρδς
2338 4615 2526 4679 αὐτοῦ,
2554 4614 2696 4669 κατὰ
2722 4613 2784 4668 τὺ
2804 4613 3214 4686 γεγραμμένον.
3248 4610 3465 4680 Ἐπειδὴ
3493 4607 3548 4662 δὲ
3571 4607 3797 4679 ὡμοιὼ.

2216 4709 2284 4780 θη
2304 4707 2447 4762 κατὰ
2471 4706 2648 4761 πάντα
2674 4708 2787 4770 τοῖς
2818 4704 3085 4774 ἀδελφοῖς,
3106 4703 3384 4758 τουτέστιν
3409 4703 3563 4773 ἡμῖν,
3600 4700 3798 4766 καθεὶς

2215 4798 2405 4854 ἑαυτὸν
2439 4800 2520 4863 εἰς
2549 4797 2810 4865 κένωσιν,
2839 4798 3111 4868 γράφεται
3153 4796 3253 4868 μὲν
3296 4796 3355 4848 ὲν
3381 4792 3524 4863 κριῷ
3544 4835 3557 4859 ,
3589 4792 3797 4847 νοεῖται

2213 4907 2277 4961 γε
2322 4890 2427 4961 μὴν
2475 4890 2799 4962 ἡγούμενος.
2845 4889 3009 4960 Κριοὶ
3057 4887 3166 4960 γὰρ
3213 4884 3301 4940 ἀεὶ
3345 4885 3448 4955 τῆς
3488 4883 3689 4954 ἀγέλης
3740 4884 3794 4937 οι

2213 4978 2558 5052 προύχοντες.
2610 4978 2669 5033 '0
2708 4977 2867 5042 αὐτὸς
2898 4973 2992 5031 οὖν
3021 4975 3130 5047 ἄρα
3159 4975 3251 5029 καὶ
3276 4973 3563 5044 δάμαλις,
3592 4970 3681 5026 διά
3706 4987 3793 5024 τοι

2212 5072 2274 5126 τὸ
2300 5070 2408 5125 ὑπὸ
2451 5070 2645 5141 νόμον,
2687 5071 2782 5123 καὶ
2817 5068 2924 5141 μὴν
2961 5070 3055 5123 καὶ
3092 5069 3169 5131 ὡς
3198 5065 3301 5131 αἲξ
3327 5107 3341 5132 ,
3371 5065 3602 5134 σφάγιον
3648 5062 3791 5133 ὑπὲρ

2212 5162 2508 5235 ἁμαρτίας.
2561 5161 2674 5215 Καὶ
2722 5161 2947 5233 προσέτι
2970 5146 3149 5229 κριὸς
3173 5199 3188 5224 ,
3227 5158 3304 5222 ὡς
3346 5155 3670 5229 ἡγούμενος.
3709 5149 3791 5207 υῦ

2211 5259 2324 5319 τοῖς
2356 5256 2558 5325 ἴχνεσιν
2583 5254 2813 5309 ἕπεσθαι
2855 5254 2964 5308 δεῖν
2993 5252 3281 5324 ᾑρημένοι,
3319 5251 3415 5303 καὶ
3441 5245 3790 5302 διασπεύδονο

2209 5363 2321 5410 τες,
2357 5364 2376 5397 ι
2432 5346 2524 5400 Ἐν
2568 5347 2706 5415 νομῇ
2742 5342 2942 5415 ἀγαθῇ,
2968 5344 3063 5397 καὶ
3093 5344 3151 5396 ὲν
3189 5340 3341 5412 τόπῳ
3385 5339 3551 5415 πίονι,
3588 5356 3606 5388 ι
3643 5335 3789 5390 κατὰ

2206 5437 2306 5511 τὴν
2333 5434 2429 5490 τοῦ
2468 5437 2748 5507 προφήτου
2802 5432 2987 5505 φωνὴν
3006 5474 3021 5501 ,
3052 5431 3292 5502 ἐσόμεθα
3315 5473 3331 5497 ,
3367 5431 3462 5484 καὶ
3500 5429 3561 5482 ἐν
3591 5425 3791 5490 αὐλαῖς

2208 5527 2381 5596 ἱεραῖς
2429 5522 2826 5593 καταλύσομεν.
2877 5522 3132 5577 Ἐνοικιεῖ
3168 5519 3279 5592 γὰρ
3322 5519 3472 5589 ἡμᾶς
3516 5517 3638 5581 ταῖς
3670 5514 3787 5570 ἀνω

2209 5617 2417 5688 μοναῖς,
2453 5613 2615 5678 αὐτὸς
2638 5611 2715 5667 ὢν
2743 5611 2835 5670 καὶ
2864 5612 3017 5685 κριὸς
3043 5612 3138 5667 καὶ
3179 5610 3520 5683 ἀρχιποῖμην
3538 5648 3553 5675 ,
3582 5603 3678 5659 καὶ
3706 5603 3784 5669 ὼς

596 5782 642 5816 "
672 5782 830 5841 Deut.
867 5801 1028 5852 χχχιι,
1055 5787 1139 5842 i0.
1217 5789 1474 5847 "Matth.
1514 5809 1565 5858 ν,
1613 5793 1694 5846 i7.
1771 5793 1839 5825 ⁸³⁸
1875 5793 2012 5850 Psal.
2058 5811 2135 5851 Ls:

2237 5812 2273 5863 l,
2312 5764 2394 5853 l3.
2474 5798 2516 5831 ’δ
2559 5796 2758 5854 Ezeclt.
2804 5812 2987 5863 xxxtv,
3029 5795 3109 5852 ll.
3189 5794 3234 5827 ”
3272 5794 3373 5850 lsa.
3432 5807 3541 5850 tm.
3588 5789 3670 5845 l2.
