4050 6210
209 214 312 272 129

1233 210 1750 266 GLAPHYRORUM
1790 211 1855 266 IN
1893 212 2194 270 GENESIM
2226 214 2356 269 LIB.
2400 214 2490 270 III.

3377 218 3482 276 £50

204 326 283 394 ιίς
313 328 375 394 ἐξ
428 328 590 398 ἡμῶν
623 327 728 380 ὑπὸ
764 327 948 397 νόμον,
977 325 1070 379 καὶ
1113 295 1255 396 ὑπὲρ
1302 327 1488 396 νόμον,
1533 327 1607 392 ὡς
1660 327 1792 392 Θεὸς

1897 328 1980 384 bis
2009 339 2298 386 mactatus.
2334 331 2625 401 Figuratus
2658 346 2790 387 vero
2829 347 3051 386 rursum
3097 342 3182 388 est
3221 335 3390 390 veluti
3422 337 3477 392 in

203 419 368 483 αὐτὸς
409 419 443 490 ἡ
489 420 642 471 πᾶσα
683 417 999 481 δικαίωσις,
1030 418 1078 470 εί
1112 417 1206 470 καὶ
1236 435 1253 468 ι
1313 419 1400 470 Ἐν
1427 421 1538 481 τοῖς
1570 419 1794 488 ἀνόμοις

203 510 484 580 ἐλογίσθη,
528 529 548 562 ι
582 510 676 563 καὶ
701 509 800 578 την
826 507 891 560 δι’
923 510 1073 579 ἡμᾶς
1103 509 1362 578 ὑπέμεινε
1395 511 1632 580 σφαγήν.
1653 511 1795 579 Μορ-

204 603 403 672 φοῦται
427 603 486 656 δὲ
512 598 580 656 αὖ
617 603 711 655 καὶ
732 601 808 664 ὡς
835 603 894 653 ὲν
919 601 1141 672 τρυγόνι
1179 601 1278 654 καὶ
1317 602 1636 672 περιστερᾷ.
1687 602 1795 654 Αὐ-

202 692 293 756 τὸς
333 693 447 762 γὰρ
486 691 520 761 ἡ
571 690 709 759 μόνη
760 690 926 760 νοητὴ
971 692 1064 743 καὶ
1109 691 1404 757 λαλιστάτη
1451 687 1702 758 τρυγὼν,
1734 690 1794 743 τὺ

204 780 471 850 εὔστομον
499 776 716 848 ἀληθῶς
746 778 1024 848 στρουθίον
1043 821 1058 844 ,
1089 781 1118 833 6
1156 778 1215 843 ἐξ
1249 779 1480 851 οὐρανοῦ
1530 778 1624 831 καὶ
1657 779 1795 834 ἄνωο

205 871 329 937 θεν,
381 870 442 934 ὃς
478 872 594 932 τοῖς
635 869 1018 936 εὖαγγελικοῖς
1069 870 1394 941 κηρύγμασι
1452 869 1794 940 κατεκὴλησε

205 967 304 1035 τὴν
350 965 446 1018 ὑπ’
488 962 742 1034 οὐρανόν·
794 954 839 1029 ᾧ
889 962 982 1015 καὶ
1032 961 1170 1034 αὐτὴ
1235 961 1707 1034 προσπεφώνηκεν
1759 963 1793 1033 ή

206 1055 398 1126 νύμφη
422 1096 438 1119 ,
460 1053 743 1108 τουτέστιν
763 1091 778 1118 ,
821 1053 854 1122 ἡ
884 1052 944 1117 ἐξ
976 1052 1146 1106 ἐθνῶν
1197 1052 1514 1124 Ἐκκλησίαο
1556 1072 1574 1105 ι
1612 1052 1793 1116 Δείξόν

208 1163 304 1215 μοι
332 1146 438 1216 τὴν
467 1144 593 1214 δψιν
627 1161 744 1208 σου,
782 1143 879 1197 xal
903 1143 1193 1199 ἀκούτισόν
1224 1161 1315 1216 μοι
1346 1147 1444 1216 τὴν
1473 1145 1656 1216 φωνήν
1675 1159 1791 1196 σοιν

203 1239 286 1291 ὅτι
313 1239 347 1307 ἡ
384 1238 535 1306 φωνή
571 1253 660 1289 σου
701 1235 887 1305 ἡδεῖα,
921 1235 1078 1306 καὶὴ
1120 1235 1243 1307 δψις
1291 1251 1385 1288 σου
1423 1236 1621 1306 ὡραία.
1672 1255 1691 1288 ι
1735 1237 1792 1288 '0

205 1327 370 1392 αὐτὸς
398 1329 432 1398 ἠ
459 1327 604 1397 ἁπλῆ
638 1327 734 1380 καὶ
762 1326 1108 1397 ἁκάκουργος
1164 1326 1258 1380 καὶ
1287 1326 1438 1380 δόλον
1465 1327 1567 1380 οὐκ
1595 1325 1793 1396 ἔχουσα

206 1417 552 1490 περιστερά.
599 1419 676 1471 Οὐ
704 1418 816 1490 γὰρ
845 1418 1048 1489 εὑρέθη
1099 1436 1117 1471 ι
1172 1418 1322 1482 δόλος
1363 1421 1421 1472 ἐν
1446 1418 1524 1489 τῷ
1565 1419 1792 1488 στόματι

205 1509 411 1575 αὑτοῦ,
457 1529 477 1562 ›
523 1508 666 1563 κατὰ
711 1509 773 1562 τὺ
816 1507 1224 1580 γεγραμμένον.
1264 1509 1621 1579 Τριετίζουσα
1667 1509 1724 1562 δὲ
1751 1508 1790 1575 ἠ

204 1601 498 1672 δάμαλις,
533 1603 627 1655 καὶ
661 1600 769 1672 μὴν
799 1601 898 1663 καὶ
938 1600 1008 1654 τὰ
1036 1600 1202 1671 ἕτερα
1231 1599 1339 1653 τῶν
1373 1600 1609 1671 κτηνῶν.
1651 1602 1793 1654 Παν-

206 1663 413 1756 τέλειος
437 1663 614 1778 γαριὸ
657 1663 886 1763 ἰέϐριος.
929 1693 1040 1761 Τῆς
1075 1663 1184 1745 τῶν
1223 1692 1438 1764 κτηνῶν
1462 1663 1694 1763 ⁷ἡλικίας
1725 1689 1789 1744 τδ
1823 1663 1864 1717 Β

207 1785 281 1848 ὡς
306 1787 365 1838 ὲν
394 1784 624 1854 Θεότητι
659 1785 864 1838 τέλειον
892 1782 986 1836 τοῦ
1021 1783 1356 1852 Μονογενοῦς
1387 1782 1791 1854 ὑποφαινούσης

209 1879 461 1941 ἀστείως.
493 1877 607 1930 Καὶ
631 1875 1028 1929 διαπτύσσεται
1062 1875 1159 1945 μὲν
1195 1875 1263 1928 τὰ
1291 1877 1488 1947 κτήνηο
1529 1876 1788 1949 δεδιχοτότ

213 1985 411 2038 μηνται
441 1966 573 2036 γάρ.
604 1967 902 2036 Μεμένηκε
923 1966 979 2018 δὲ
1004 1965 1113 2019 τῶν
1138 1966 1435 2036 στρουθίων
1469 1967 1790 2040 ἁδιχοτόμη·

209 2076 298 2122 τος
345 2060 378 2130 ἡ
427 2058 581 2120 δυάς.
622 2058 732 2111 Καὶ
779 2058 863 2122 τίς
897 2056 1135 2124 ὁλόγος;
1173 2050 1250 2129 ⁷ῌ
1301 2057 1398 2127 μὲν
1446 2058 1554 2129 γὰρ
1596 2059 1787 2127 γέγονε

213 2149 346 2219 σὰρξ
386 2152 416 2202 6
451 2148 750 2220 μονογενὴς
785 2148 880 2202 τοῦ
910 2147 1044 2201 Θεοῦ
1071 2147 1263 2216 Λόγος,
1300 2149 1460 2202 οἱονεί
1499 2166 1614 2213 πως
1649 2150 1788 2203 δεδι-

211 2242 534 2312 χοτόμηται,
574 2241 668 2294 καὶ⁵
697 2241 777 2303 εἰς
813 2238 1047 2311 θεωρίαν
1069 2239 1356 2310 εὐρύνεται
1395 2241 1494 2309 τὴν
1537 2240 1731 2311 διπλῆν
1761 2243 1789 2294 6

212 2331 299 2384 ἐπ’
336 2330 490 2400 αὐτῷ
538 2331 716 2399 λόγος.
755 2329 876 2383 Ὀτὲ
925 2328 1025 2400 μὲν
1069 2328 1199 2400 γὰρ,
1234 2330 1333 2402 τὴν
1371 2330 1445 2393 ὼς
1479 2331 1543 2384 ἐκ
1575 2330 1788 2402 [ἰατρὸς

213 2422 378 2476 αὐτοῦ
429 2422 583 2476 θείαν
625 2424 722 2476 καὶ
766 2421 1076 2492 ἀπόρρητον
1114 2419 1343 2490 νοοῦμεν
1373 2421 1656 2492 γέννησιν⁸
1698 2422 1787 2476 ὁτὲ

212 2511 267 2565 δὲ
293 2506 386 2573 αὖ,
419 2511 479 2565 τὸ
519 2511 618 2583 τῆς
659 2509 1126 2584 ὲνανθρωτιήσεως
1160 2509 1428 2583 λαλοῦμεν
1462 2510 1786 2584 μυστήριον,

213 2603 275 2658 τδ
317 2602 456 2673 βαθὺ
505 2602 604 2672 τῆς
652 2603 963 2673 οἰκονομίας
1028 2604 1312 2673 μονονουχὶ
1365 2588 1790 2666 δὶαπτύσσιιντες

214 2694 309 2747 καὶ
346 2692 645 2756 ἁπλοῦντες
693 2694 773 2756 είς
832 2692 1039 2762 είδησιν
1088 2697 1199 2755 τοῖς
1243 2692 1343 2745 οὐκ
1391 2692 1588 2744 εἰδόσιν
1633 2691 1784 2746 αὑτό.

224 2785 366 2838 Ἀλλ’
401 2787 450 2837 εἰ
491 2782 586 2838 καὶ
627 2783 818 2852 γέγονε
857 2781 1031 2847 διττὸς
1076 2781 1238 2836 οἱονεί
1282 2799 1398 2844 πως
1437 2785 1464 2834 6
1505 2783 1590 2834 ἐπ’
1639 2782 1787 2851 αὐτῷ

212 2875 392 2942 λόγος,
425 2873 541 2927 ἀλλ’
566 2868 646 2934 εἷς
683 2889 786 2926 που
829 2872 1046 2937 πάντως
1074 2875 1170 2928 καὶ
1193 2875 1221 2926 6
1249 2873 1432 2937 αὐτὸς,
1459 2874 1518 2926 οὐ
1550 2872 1788 2943 διαιρούο

219 2983 380 3065 μενος
406 2967 487 3029 εἰς
510 2964 800 3065 Monaesi
837 2965 937 3036 τὴν
966 2966 1102 3037 πρὸς
1149 2967 1327 3065 eripit:
1372 2965 1609 3020 σύνοδον.
1647 2965 1787 3028 Οΰτε
1820 3007 1861 3065 C

219 3051 331 3122 μὴν
366 3054 452 3116 εἰς
478 3053 611 3104 υἱῶν
642 3052 808 3106 δυάδα
835 3054 1185 3125 τεμνόμενος·
1223 3049 1303 3116 εἷς
1333 3055 1442 3126 γὰρ
1468 3056 1560 3108 καὶ
1594 3055 1792 3127 ἀμέριο

215 3159 344 3205 στος
373 3145 404 3196 6
437 3143 689 3214 Χριστός.
732 3143 915 3208 Τύπος
954 3145 998 3198 δ’
1026 3147 1092 3199 ἂν
1133 3145 1343 3215 γένοιτο
1377 3150 1471 3201 καὶ
1500 3147 1656 3201 τοῦδε
1694 3165 1793 3200 σα-

215 3234 346 3304 φὴς,
381 3232 444 3286 τδ
490 3233 818 3306 ἀδιὰτμητον
862 3234 968 3288 τῶν
1010 3236 1328 3307 στρουθίων·
1365 3257 1383 3290 ι
1424 3237 1504 3292 Τὰ
1545 3239 1654 3309 γὰρ
1701 3238 1795 3309 ὄρ-

219 3341 347 3388 νεα,
431 3323 630 3393 φησὶν,
700 3325 760 3377 οὐ
828 3325 1011 3379 διεῖλε.
1064 3344 1082 3377 ι
1131 3329 1240 3380 Καὶ
1319 3327 1648 3398 ἐσημαίνετο
1697 3329 1797 3401 μὲν

214 3412 292 3475 ὡς
325 3412 436 3465 ἀπὸ
480 3413 581 3482 τῆς
623 3412 726 3482 γῆς
767 3411 856 3465 διὰ
901 3412 960 3465 τὸ
1013 3413 1374 3484 ἀνθρώπινον,
1410 3415 1487 3480 ὡς
1534 3415 1590 3469 εν
1625 3434 1686 3485 γε
1718 3416 1796 3487 τῷ

219 3501 433 3572 μόσχῳ,
469 3501 560 3553 καὶ
587 3500 694 3572 μὴν
717 3501 811 3554 καὶ
841 3501 958 3570 αἰγὶ
989 3502 1084 3556 καὶ
1115 3502 1273 3574 κριῷ.
1297 3504 1516 3560 Νοεῖται
1547 3506 1602 3558 δὲ
1634 3507 1796 3561 πάλιν

216 3593 292 3656 ὡς
328 3589 398 3657 ἐξ
435 3591 669 3663 οὐρανοῦ
701 3594 796 3647 καὶ
823 3593 1051 3660 ἄνωθεν,
1085 3595 1169 3648 διά
1195 3612 1278 3648 τοι
1301 3596 1361 3650 τὸ
1395 3593 1535 3651 εἶναι
1585 3601 1614 3652 6
1664 3598 1798 3664 Θεὸς

217 3683 302 3737 διὰ
328 3683 444 3736 τῶν
490 3683 810 3754 στρουθίων.
843 3685 964 3737 Ὀτι
993 3684 1050 3738 δὲ
1095 3684 1275 3737 καίτοι
1321 3686 1420 3756 τὴν
1455 3687 1595 3758 ὑπὲρ
1638 3689 1797 3759 ἡμῶν

220 3774 467 3827 ἑκούσιον
497 3775 895 3844 ὑπομείναντος
933 3777 1167 3846 σφαγὴν,
1193 3794 1211 3826 ι
1236 3777 1297 3829 Ἦ
1329 3777 1462 3848 σὰρξ
1502 3779 1667 3832 αὑτοῦ
1697 3781 1798 3834 οὐκ

223 3860 345 3931 εἶδε,
370 3883 389 3916 ι
422 3865 564 3918 κατὰ
589 3865 651 3917 τὸ
679 3867 1081 3936 γεγραμμένον,
1121 3885 1140 3920 ι
1175 3867 1491 3939 διαφθοράν·
1534 3887 1554 3921 ι
1583 3870 1677 3924 καὶ
1714 3869 1797 3923 ὅτι

223 3958 357 4010 κατά
400 3955 502 4027 τὴν
546 3954 641 4008 τοῦ
687 3956 1005 4020 Ψάλλοντος
1051 3959 1256 4029 φωνὴν,
1289 3978 1308 4011 ι
1360 3960 1474 4012 Οὐκ
1523 3959 1796 4031 ὠφελήσει

224 4050 412 4120 ἐχθρὸς
443 4052 502 4102 ἐν
532 4047 706 4119 αὐτῷ,
731 4049 825 4102 καὶ
855 4049 970 4110 υίὸς
1009 4049 1243 4120 ἀνομίας
1277 4049 1338 4103 οὗ
1369 4050 1668 4121 προσθήσει
1700 4050 1795 4103 τοῦ

224 4140 476 4194 κακῶσαι
517 4140 701 4194 αὐτόν.
737 4157 756 4191 ι
790 4138 1172 4209 Παραδείξειεν
1201 4138 1268 4193 ἂν
1297 4141 1390 4193 καὶ
1423 4140 1568 4210 μάλα
1610 4139 1798 4208 σαφῶς

221 4230 291 4293 ὡς
320 4231 379 4282 ὲν
399 4229 560 4299 τύπῳ
585 4229 651 4300 δὴ
681 4227 842 4282 πάλιν
860 4230 888 4281 6
912 4228 1198 4291 θεσπέσιος
1239 4227 1513 4299 Ἀϐραὰμ,
1542 4226 1610 4280 τὰ
1633 4243 1800 4280 κατα-

1900 429 2111 476 turture
2147 430 2204 476 et
2227 423 2498 476 columba.
2526 423 2648 492 Ipse
2674 423 2826 478 enim
2859 433 2943 478 est
2968 424 3164 478 unicus
3188 425 3279 479 ille
3310 428 3477 496 spiri-

1898 513 2061 567 tualis
2105 529 2169 568 ac
2219 528 2454 568 sonorus
2498 514 2767 584 imprimis
2797 524 2994 580 turtur,
3039 531 3239 570 canora
3289 532 3478 572 revera

1895 602 2031 666 avis,
2057 604 2152 673 qui
2174 618 2242 657 ex
2268 604 2408 657 cmlo
2444 619 2508 658 ac
2549 619 2784 674 superne
2829 606 3162 676 evangelicis
3217 607 3479 677 pradica-

1899 693 2144 748 tionibus
2183 694 2502 748 universum
2545 702 2819 749 teri-aram
2849 698 3041 751 orbem
3076 706 3334 766 personat
3365 715 3378 750 :
3407 697 3476 752 ad

1894 799 2055 852 quem
2083 785 2198 854 ipsa
2221 800 2440 854 sponsa,
2473 785 2578 839 hoc
2610 795 2696 840 est
2730 786 2996 851 Ecclesia,
3026 802 3091 840 ex
3114 786 3370 856 gentibus
3403 787 3478 842 ita

1893 873 2165 927 exclamat
2201 891 2212 926 :
2259 891 2276 924 ι
2305 872 2550 928 Ostende
2584 873 2720 927 mihi
2754 874 2950 928 faciem
2996 883 3166 938 tuam,
3193 884 3250 930 et
3283 874 3476 928 audire

1894 978 1981 1018 me
2014 963 2100 1019 fac
2128 980 2319 1020 vocem
2349 974 2529 1030 tuam;
2559 964 2686 1035 quia
2720 981 2824 1019 vox
2862 974 2953 1018 tua
2977 964 3179 1030 suavis,
3207 975 3263 1020 et
3306 965 3475 1019 facies

1897 1061 1988 1108 tua
2029 1056 2258 1125 pulchra
2295 1058 2364 1109 ⁸⁸.
2404 1076 2423 1108 ›
2464 1057 2583 1126 Ipse
2615 1058 2780 1112 etiam
2813 1066 2897 1111 est
2936 1057 3166 1126 simplex
3197 1065 3359 1127 atque
3392 1057 3475 1110 in-

1894 1163 2117 1212 nocens,
2145 1148 2428 1218 onmisque
2463 1149 2573 1203 doli
2596 1165 2791 1218 expers
2809 1148 3069 1202 columba.
3099 1149 3287 1219 Neque
3323 1149 3472 1203 enim

1896 1238 2152 1293 inventus
2173 1247 2258 1292 est
2288 1259 2306 1289 ι
2332 1239 2386 1292 in
2414 1255 2508 1294 ore
2537 1240 2656 1310 ejus
2687 1239 2847 1293 dolus
2875 1239 2943 1303 ⁸⁷,
2971 1258 2989 1290 ι
3035 1238 3175 1293 sicut
3208 1237 3472 1307 scriptum

1893 1340 1996 1386 est.
2035 1331 2206 1386 Vitula
2241 1339 2422 1386 autem
2461 1329 2712 1395 triennis,
2750 1339 2810 1383 ut
2842 1340 2897 1384 et
2931 1329 3143 1397 reliqua
3187 1328 3468 1381 animalia.

1895 1420 2181 1476 Perfectus
2215 1422 2364 1477 enim
2393 1429 2478 1476 est
2514 1437 2581 1474 ex
2629 1419 2778 1474 omni
2822 1428 2974 1490 parte
3015 1420 3298 1474 Dominus.
3334 1418 3470 1472 Ani-

1896 1512 2165 1565 mantium
2199 1511 2472 1581 siquidem
2503 1511 2679 1566 aetatis
2707 1511 2916 1581 integra
2942 1518 3150 1564 statura
3180 1509 3474 1579 perfectio-

1895 1617 2022 1656 nem
2069 1602 2296 1657 Deitatis
2337 1602 2393 1656 in
2429 1602 2719 1672 Unigenito
2754 1603 3032 1672 eleganter
3073 1600 3357 1671 significat.
3391 1602 3470 1655 Ac

1895 1691 2217 1754 dividuntur
2246 1694 2466 1762 quidem
2507 1694 2763 1748 animalia
2817 1693 3070 1765 (dissecta
3105 1691 3250 1746 enim
3294 1690 3464 1760 sunt).

1893 1783 2089 1838 Avium
2119 1799 2250 1838 vero
2284 1800 2382 1853 par
2422 1783 2719 1839 indivisum
2756 1785 2974 1838 mansit.
3025 1782 3156 1850 Quae
3205 1797 3339 1837 vero
3384 1783 3466 1835 rei

1895 1876 2062 1947 hujus
2097 1876 2276 1931 ratio?
2314 1876 2596 1942 Quatenus
2629 1878 2776 1932 enim
2810 1875 3124 1946 unigenitus
3162 1875 3258 1929 Dei
3300 1874 3471 1930 Filius

1893 1983 2022 2022 caro
2051 1976 2134 2022 est
2155 1967 2350 2032 factus,
2375 1967 2587 2023 divisus
2615 1977 2700 2024 est
2727 1966 3150 2038 quodammodo,
3182 1972 3238 2020 et
3270 1965 3326 2019 in
3364 1965 3466 2018 du-

1892 2058 2090 2128 plicem
2109 2057 2602 2112 considerationem
2631 2073 2811 2114 sermo
2846 2057 2911 2111 de
2935 2071 3002 2111 eo
3030 2055 3310 2110 dilatatur.
3331 2053 3467 2108 Nam

1892 2150 2169 2205 interdum
2194 2149 2362 2205 veluti
2393 2150 2634 2205 divinam
2672 2160 2837 2219 atque
2867 2147 3202 2202 inell'abilem
3244 2147 3363 2216 ejus
3400 2160 3468 2198 ex

1893 2243 2050 2298 Patre
2099 2245 2509 2314 generationem
2560 2241 2919 2312 intelligimus
2969 2257 2981 2292 :
3031 2237 3309 2294 interdum
3336 2251 3470 2291 vero
3533 2279 3536 2290 .

1892 2331 2286 2389 incarnationis
2306 2333 2477 2402 ipsius
2491 2332 2806 2402 myslerium
2827 2330 3126 2400 loquimur,
3143 2328 3268 2399 prof
3268 2327 3468 2382 undam

1891 2425 2088 2480 divina:
2115 2425 2610 2480 administrationis
2639 2424 2904 2478 rationem
2930 2430 3140 2477 tantum
3167 2436 3272 2475 non
3298 2420 3470 2489 expli-

1892 2524 2078 2570 cantes
2111 2524 2274 2586 atque
2310 2515 2682 2584 expendentes
2713 2513 2780 2568 ad
2817 2528 3033 2577 eorum,
3071 2511 3166 2582 qui
3206 2511 3260 2564 id
3305 2511 3465 2579 igno-

1893 2613 2036 2669 rant,
2066 2606 2425 2661 intellectum.
2447 2604 2719 2661 Caeterum
2738 2604 2955 2659 tametsi
2986 2603 3160 2657 factus
3177 2602 3248 2656 sit
3267 2599 3469 2670 duplex

1893 2694 2293 2764 quodammodo
2322 2694 2389 2748 de
2417 2709 2484 2748 eo
2505 2708 2706 2764 sermo,
2733 2707 2877 2746 unus
2898 2699 3076 2746 tamen
3109 2691 3332 2744 omnino
3361 2696 3466 2752 est,

1893 2801 2071 2856 neque
2094 2785 2305 2840 divisus
2333 2785 2388 2839 in
2417 2785 2548 2848 duo,
2581 2792 2702 2853 post
2732 2791 3064 2850 assumptam
3091 2795 3331 2835 carnem.
3358 2780 3469 2833 Ne-

1894 2893 1999 2948 que
2022 2891 2154 2932 vero
2189 2877 2244 2930 in
2279 2875 2515 2930 ﬁliorum
2552 2875 2872 2928 dualitatem
2900 2871 3167 2924 dissectus
3192 2876 3297 2931 est,
3328 2884 3471 2922 unus

1895 2967 2165 3038 siquidem
2192 2975 2354 3036 atque
2384 2965 2652 3018 indivisus
2671 2971 2754 3018 est
2781 2961 3052 3017 Christus.
3081 2959 3264 3030 Typus
3288 2968 3468 3013 autem

1897 3059 2061 3129 hujus
2109 3057 2188 3111 rei
2237 3057 2575 3112 clarissimus
2620 3053 2807 3118 fuerit,
2860 3068 2988 3108 aves
3040 3067 3149 3106 non
3200 3051 3467 3106 dissectze.

1904 3170 1922 3201 ι
1947 3151 2090 3204 Aves
2141 3148 2310 3211 enim,
2351 3146 2546 3215 inquit,
2591 3159 2701 3198 non
2748 3143 2951 3198 divisit.
2984 3162 3000 3193 ι
3025 3141 3092 3196 Et
3135 3141 3472 3212 signiﬁcatus

1896 3239 2118 3310 quidem
2157 3238 2262 3292 fuit
2307 3246 2560 3292 terrenus
2606 3235 2677 3289 ob
2717 3233 3143 3297 humanitatem,
3187 3233 3358 3287 veluti
3406 3233 3464 3286 in

1895 3332 2089 3397 vitulo,
2130 3345 2296 3400 capra
2335 3337 2391 3383 et
2433 3329 2644 3382 ariete:
2685 3326 3010 3396 intelligitur
3051 3332 3250 3385 autem)
3282 3339 3475 3378 rursus

1897 3421 2138 3477 caelestis
2169 3435 2232 3475 ac
2259 3434 2550 3489 supernus,
2575 3419 2700 3472 ideo
2727 3416 2874 3487 quod
2908 3417 3052 3471 Deus
3076 3414 3166 3479 sit,
3195 3429 3294 3483 per
3323 3428 3469 3467 aves.

1895 3511 2053 3579 Quod
2081 3527 2234 3577 vero,
2257 3509 2471 3565 etiamsi
2506 3509 2871 3564 voluntariam
2906 3521 3008 3576 pro
3047 3505 3207 3560 nobis
3241 3512 3471 3558 mortem

1897 3604 2146 3669 subierit,
2185 3621 2202 3655 ι
2229 3619 2356 3658 caro
2391 3601 2564 3673 ipsius
2588 3616 2698 3655 non
2731 3599 2870 3654 vidit
2901 3597 3310 3668 corruptionem
3350 3595 3418 3659 ⁸⁸,
3448 3613 3464 3644 ι

1892 3699 2045 3769 juxta
2062 3697 2400 3767 Scripturam
2424 3713 2438 3748 :
2457 3694 2736 3765 quodque,
2751 3693 2905 3764 juxta
2927 3690 3231 3745 Psalmista‘
3255 3700 3467 3748 vocem,

1906 3807 1923 3840 ι
1942 3789 2058 3844 Non
2068 3788 2352 3860 juvabitur
2374 3785 2630 3841 inimicus
2647 3787 2700 3838 in
2725 3800 2812 3848 eo,
2828 3791 2884 3837 et
2894 3782 3004 3851 78
3015 3779 3159 3833 ﬁlius
3172 3777 3475 3847 iniquitatis

1897 3897 2006 3936 non
2029 3889 2266 3951 apponet
2282 3895 2479 3934 nocere
2497 3879 2548 3933 ei
2568 3880 2635 3944 ἠς
2649 3898 2666 3927 ι
2694 3874 2985 3931 manifesto
3004 3886 3217 3926 rursum
3242 3878 3365 3938 typo
3385 3867 3467 3921 di-

1897 3971 2059 4025 vinus
2088 3969 2360 4023 Abraham
2389 3968 2663 4038 ﬁguravit,
2693 3980 2886 4019 arcens
2906 3979 2935 4016 a
2970 3959 3325 4015 cadaveribus
3351 3958 3471 4010 ani-

1898 4058 2123 4114 malium
2156 4059 2523 4112 dissectorum
2565 4069 2693 4109 aves
2737 4052 2996 4106 danmum
3030 4049 3294 4103 illatums.
3325 4047 3471 4101 Prw-

1897 4149 2145 4204 nuntiata
2188 4162 2320 4202 vero
2370 4146 2604 4201 Abrahae
2652 4143 2981 4207 vexatione,
3043 4155 3151 4211 qua
3215 4137 3474 4207 temporis

1900 4252 2153 4292 successu
2205 4235 2412 4307 posteri
2461 4235 2654 4305 ipsius,
2690 4233 2796 4288 hoc
2837 4241 2922 4287 est
2955 4230 3241 4293 Israelita,
3286 4227 3474 4297 oppri-

227 4320 470 4391 φθείρειν
500 4318 754 4372 ἐθέλοντα
780 4317 892 4371 τῶν
918 4317 1158 4390 πτηνῶν,
1185 4317 1420 4388 ἀφιστὰς
1458 4318 1570 4371 τῶν
1593 4317 1797 4388 διχοτο-

1901 4327 2084 4382 mendi
2120 4335 2340 4395 essent,
2389 4336 2445 4382 et
2485 4324 2807 4380 admiranda
2851 4337 3042 4378 eorum
3079 4320 3472 4388 redemptione,

230 4414 522 4484 μη;;ἀτων.
570 4411 1128 4482 Προαπαγγελθείσης
1174 4411 1232 4465 δὲ
1281 4411 1359 4482 τῷ
1409 4411 1663 4482 Ἀϐραὰμ
1695 4410 1797 4480 τῆς

226 4505 488 4576 ἐσομένης
513 4505 658 4558 κατὰ
687 4504 911 4574 καιροὺς
943 4507 1000 4558 ὲν
1026 4503 1292 4574 Αἰγύπτῳ
1321 4501 1631 4568 πλεονεξίας
1655 4502 1798 4556 κατὰ

227 4597 329 4651 τῶν
367 4598 432 4662 ἐξ
468 4597 698 4666 αἵματος
741 4595 906 4652 αὐτοῦ
928 4636 944 4660 ,
991 4595 1273 4660 τουτέστι,
1305 4595 1400 4648 τοῦ
1459 4594 1675 4668 Ἰσραὴλ
1705 4596 1800 4648 καὶ

225 4685 320 4758 τῆς
355 4685 665 4758 παραδόξου
691 4685 1042 4757 λυτρὼσεως,
1074 4704 1094 4738 ι
1125 4685 1262 4758 Περὶ
1298 4686 1398 4750 τὰς
1427 4685 1611 4757 ἡλίου,
1640 4685 1796 4755 φησί,

224 4778 437 4849 δυσμὰς
463 4777 716 4841 κλίϐανος
740 4777 910 4848 πυρὸς
945 4776 1361 4847 καπνιζόμενος,
1396 4777 1490 4830 καὶ
1521 4775 1799 4846 λαμπάδες

228 4871 420 4939 πυρὸς,
444 4869 531 4922 διὰ
559 4869 738 4940 μέσων
763 4868 931 4940 ᾔεσαν
953 4867 1064 4923 τῶν
1093 4867 1566 4938 διχοτομημάτων.
1609 4884 1629 4915 ι
1660 4867 1801 4936 Προ-

227 4962 468 5015 ανέτειλε
500 4963 602 5031 μὶν
629 4960 739 5033 γὰρ
769 4960 882 5014 τῶν
910 4961 968 5027 ἐξ
990 4959 1324 5030 ἐπαγγελίας
1364 4961 1393 5012 6
1429 4958 1519 5012 διὰ
1553 4959 1802 5020 Μωσέως

226 5053 418 5124 νόμος,
453 5052 698 5117 δουλείας
737 5069 798 5106 τε
839 5050 967 5123 πέρι
1007 5052 1118 5105 τῶν
1159 5051 1218 5118 ἐξ
1269 5050 1511 5123 Ἰσραὴλ,
1553 5050 1646 5103 καὶ
1695 5048 1800 5120 μὴν

228 5147 318 5200 καὶ
347 5144 708 5217 λυτρώσεως,
749 5145 938 5218 μακρὰ
965 5147 1076 5207 τοῖς
1113 5143 1487 5214 ἀκροωμένοις
1531 5141 1797 5210 εἰσφέρων

228 5239 293 5291 τὰ
316 5239 635 5308 διηγήματα
654 5279 668 5294 .
713 5237 804 5290 Ἐν
831 5237 1080 5307 ἐσχάτοις
1103 5235 1160 5288 δὲ
1203 5234 1297 5288 τοῦ
1331 5233 1526 5296 αἰῶνος
1562 5233 1797 5302 καιροῖς,

230 5329 320 5382 καὶ
351 5329 517 5382 οἱονεί
551 5327 687 5399 πρὸς
725 5328 984 5399 ἑσπέραν,
1025 5345 1043 5378 ι
1073 5326 1268 5394 Γέγονε
1309 5324 1445 5396 σὰρξ
1491 5325 1518 5376 6
1545 5322 1733 5390 Λόγος,
1775 5339 1794 5371 ι

229 5418 326 5492 Eii;
348 5420 477 5493 γὰρ,
499 5415 680 5492 οἶμαι,
701 5423 876 5486 τουτὶ,
892 5420 984 5471 xit
1009 5417 1095 5471 έτε
1105 5433 1193 5487 ρον
1210 5417 1382 5482 οὐδὲν,
1405 5415 1485 5483 τὸ,
1507 5415 1580 5478 ὼς
1598 5415 1655 5467 ἐν
1670 5413 1799 5466 εἴδει

305 5604 349 5636 ⁵⁸
388 5604 544 5664 Cant.
582 5623 642 5677 ιι,
677 5606 766 5661 Η.
845 5605 886 5638 ⁸⁷
922 5604 1024 5661 Isa.
1055 5603 1240 5672 un,9.

1909 4439 1927 4470 (
1954 4419 2057 4474 sub
2089 4433 2343 4473 occasum
2371 4418 2521 4480 solis,
2554 4435 2572 4468 ι
2607 4416 2808 4484 inquit,
2841 4433 2860 4464 ι
2883 4413 3131 4468 clibanus
3153 4411 3386 4471 fumans,
3419 4415 3473 4460 et

1901 4509 2178 4579 lampades
2193 4508 2351 4580 ignis,
2371 4506 2708 4560 transierunt
2719 4519 2817 4574 per
2831 4503 3072 4557 medium
3089 4499 3435 4555 divisionum.
3449 4515 3467 4547 ι

1903 4601 2161 4656 Praeluxit
2181 4600 2331 4654 enim
2355 4599 2443 4663 iis,
2475 4597 2570 4667 qui
2599 4613 2666 4651 ex
2689 4594 3055 4666 promissione
3079 4598 3226 4655 s‘u’nt,
3260 4591 3347 4644 lex
3375 4604 3474 4658 per

1904 4693 2144 4765 Moysen,
2179 4693 2392 4763 longam
2422 4690 2774 4746 auditoribus
2809 4689 2876 4744 de
2912 4687 3174 4742 servitute
3201 4683 3473 4740 Israelita-

1906 4798 2026 4836 rum
2089 4797 2191 4836 nec
2252 4796 2364 4836 non
2413 4796 2606 4836 eorum
2657 4779 3035 4848 redemptione
3107 4775 3473 4834 narrationem

1905 4872 2214 4927 continens.
2247 4872 2309 4926 In
2342 4871 2552 4926 ultimis
2590 4879 2771 4925 autem
2812 4867 2994 4924 saeculi
3028 4865 3386 4935 temporibus,
3419 4871 3476 4916 et

1906 4961 2310 5032 quodammodo
2343 4959 2411 5015 ad
2443 4976 2756 5030 vesperum,
2801 4979 2819 5010 ι
2847 4959 3086 5013 Verbum
3116 4968 3243 5008 caro
3273 4953 3474 5005 factum

1906 5060 2007 5106 est.
2035 5071 2052 5103 ι
2096 5051 2213 5105 Hoc
2247 5051 2396 5106 enim
2447 5050 2736 5122 signiﬁcat,
2775 5063 2955 5118 neque
2993 5044 3140 5100 aliud
3178 5040 3473 5111 quidquam

1906 5142 2144 5197 divinam
2171 5151 2334 5213 atque
2367 5142 2697 5198 ineffabilem
2733 5150 3003 5200 naturam,
3023 5133 3190 5190 veluti
3220 5133 3276 5188 in
3297 5132 3474 5202 specie

1906 5233 2046 5304 ignis
2075 5233 2376 5289 divisiones
2398 5236 2700 5289 transiisse.
2732 5232 3005 5287 Cmterum
3040 5247 3058 5278 ι
3087 5227 3237 5290 Erat,
3275 5223 3472 5293 inquit,

1907 5325 2121 5381 ﬂamma
2167 5327 2307 5397 ignis
2349 5335 2404 5382 et
2437 5327 2687 5381 clibanus
2721 5324 2956 5385 fumans,
2993 5327 3049 5375 et
3089 5315 3369 5388 lampades
3394 5313 3474 5382 ig-

1908 5430 2042 5470 nem.
2073 5435 2092 5468 ι
2130 5416 2356 5471 Factum
2387 5417 2535 5472 enim
2562 5423 2645 5468 est
2675 5426 2868 5466 revera
2899 5407 3269 5465 venerandum
3295 5405 3474 5459 incar-

1349 5603 1396 5636 ⁸⁸
1424 5601 1582 5658 Psal-
1605 5616 1692 5675 xv,
1726 5598 1826 5670 10;
1863 5597 1981 5652 Act.
2016 5612 2073 5665 ιι,
2097 5595 2184 5649 51.
2264 5590 2488 5666 ".Psal.
2524 5603 2775 5659 Lxxxvm,
2800 5588 2890 5645 25.
