4050 6210
558 254 649 332 lsi

1544 230 1629 318 ἐς
1669 256 1945 318 CYRILLI
1983 254 2451 312 ALEXANDRINI
2490 246 2807 310 ARCHIEP.

3700 214 3813 303 isi

553 389 791 449 nationis
821 391 1162 460 mysterium,
1193 382 1275 437 eis
1316 379 1410 450 qui
1455 375 1684 431 credere
1717 374 2036 435 noluerunt,
2066 378 2123 423 et

2232 369 2397 449 πυρὸς
2426 368 2523 437 τὴν
2555 366 2707 421 θείαν
2735 381 2795 419 τε
2844 364 2936 418 καὶ
2961 362 3270 435 ἀπόρρητον
3299 358 3490 428 φύσιν,
3532 357 3619 411 ἐπ’
3660 359 3803 412 αὖτά

554 479 901 539 refractarios
933 491 1050 531 sese
1087 467 1471 544 przebuerun't.
1504 466 1755 521 clibanus
1786 472 1842 518 et
1880 460 2119 524 ﬂamma,

553 581 609 628 et
657 571 902 626 omnium
942 566 1175 620 maxime
1218 559 1561 618 intolerabile
1608 563 1773 626 atque
1812 559 2123 608 extremum

553 660 901 731 supplicium.
923 656 1157 726 Ideoque
1181 653 1249 709 de
1268 644 1554 714 Israelitis,
1580 647 1674 717 qui
1696 642 1900 701 Christi
1926 649 2137 714 myste-

555 751 700 805 rium
740 758 946 805 temere
973 744 1302 801 contumelia
1328 741 1626 797 allicientes
1651 736 1884 807 improbi
1907 750 1971 790 ac
1996 749 2128 790 con-

556 848 799 898 tumaces
822 850 950 903 sunt
972 836 1322 909 deprehensi,
1343 833 1513 891 David
1536 834 1611 889 ita
1640 831 1718 886 ait
1743 829 1812 885 ad
1826 829 2126 905 universo-

556 948 676 987 rum
709 931 925 985 Patrem
975 945 1039 985 ac
1084 929 1256 984 Deum
1303 945 1316 981 :
1371 925 1590 981 «Penes
1620 937 1717 978 eos
1758 920 2126 975 ut'elibanum

555 1023 696 1095 ignis
722 1023 778 1076 in
812 1031 1057 1092 tempore
1088 1019 1273 1075 vultus
1298 1016 1401 1072 tui.
1425 1016 1678 1077 Domine,
1702 1013 1757 1068 in
1776 1012 1856 1066 ira
1883 1018 1975 1064 tua
2000 1025 2133 1065 con-

558 1113 804 1168 turbabis
831 1127 945 1174 eos,
994 1117 1050 1166 et
1089 1110 1340 1165 absumet
1383 1122 1480 1162 eos
1526 1103 1760 1176 ignis“.
1817 1121 1836 1153 ι
1891 1099 2132 1169 Tempus

557 1213 738 1257 autem
779 1202 945 1272 faciei
970 1200 1145 1256 Patris
1201 1199 1399 1256 merito
1426 1211 1544 1253 esse
1589 1202 1877 1249 censeatur
1917 1198 2133 1260 tempus

559 1291 972 1357 incarnationis,
1023 1292 1293 1364 siquidem
1337 1290 1504 1346 facies
1542 1294 1707 1357 atque
1747 1284 1924 1354 imago
1955 1280 2135 1337 Patris

558 1394 643 1438 est
668 1382 856 1437 Filius.
882 1382 1078 1454 Ingens
1115 1383 1298 1452 itaque
1332 1380 1547 1435 ﬂamma
1576 1384 1633 1433 et
1663 1375 1912 1432 clibanus
1949 1380 2135 1426 manet

556 1470 652 1526 eos
695 1471 789 1545 qui
837 1472 1155 1543 mysterium
1204 1467 1603 1525 incarnationis
1670 1460 1947 1534 Unigeniti
2000 1459 2135 1531 reji»

555 1560 753 1615 ciunt:
794 1560 862 1616 iis
903 1577 1036 1617 vero
1075 1560 1169 1632 qui
1210 1562 1506 1616 adventum
1554 1556 1729 1629 ipsius
1770 1558 2130 1625 agnoverunt,

554 1649 700 1706 sicut
724 1649 988 1720 scriptum
1020 1657 1124 1714 est,
1166 1668 1186 1700 ι
1214 1646 1465 1703 Lucerna
1489 1645 1547 1701 in
1585 1642 1834 1699 tenebris
1863 1641 2073 1702 lucens,
2107 1658 2124 1691 ι

2225 447 2460 533 διᾴττειν
2492 459 2560 514 τά
2586 457 3020 530 διχοτομήματα.
3076 453 3217 508 Ἀλλ’
3251 472 3270 505 ι
3304 447 3433 516 'Hv,
3463 450 3634 522 φησὶ,
3670 449 3805 519 φλὸξ

2226 553 2397 626 πυρὸς
2418 593 2433 619 ,
2472 553 2565 607 κοιὶ
2596 550 2850 613 κλί6ανος
2889 547 3088 619 πυρὸς,
3119 545 3214 599 καὶ
3239 542 3521 615 λαμπάδες
3547 544 3744 613 πυρός.
3779 560 3799 593 ι

2226 642 2425 713 Γέγονε
2452 641 2562 712 γὰρ
2603 639 2818 711 ἀληθῶς
2863 635 2925 690 τὸ
2969 633 3165 688 σεπτὸν
3198 633 3296 703 τῆς
3337 630 3809 702 ἐνανθρωπήσεως

2231 733 2554 805 μυστήριον,
2585 730 2698 793 τοῖς
2735 728 2832 799 μέν
2871 724 3117 779 ἀπειθεῖν
3146 721 3448 793 ᾑρημένοις
3478 720 3574 774 καὶ
3602 722 3809 799 ἀπονε-

2228 794 2446 879 Lmae}
2473 822 2609 895 πρὸς
2636 821 2698 874 τδ
2726 794 2936 892 ἐξήνιον
2956 857 2970 878 ,
3004 812 3257 876 κλίὄανός
3302 828 3363 865 τε
3395 813 3491 865 καὶ
3521 809 3677 881 φλὸξ,
3711 794 3810 864 καὶ

2228 916 2261 988 η
2294 913 2483 968 πασῶν
2521 913 2794 987 ἀφόρητος
2818 909 2912 963 καὶ
2955 906 3157 977 ἐσχάτη
3184 904 3329 974 δίκη.
3373 902 3485 957 Καὶ
3514 901 3647 971 γοῦν
3675 903 3811 974 περὶ

2226 1007 2337 1061 τῶν
2362 1004 2423 1070 ἐξ
2465 1003 2682 1075 Ἰσραὴλ
2699 1043 2713 1067 ,
2739 1001 2791 1056 οἳ
2817 1000 2880 1054 τδ
2905 995 3144 1070 Χριστοῦ
3185 995 3483 1067 μυστήριον
3525 993 3811 1058 ἀσυνέτως

2232 1093 2675 1169 περιυϐρίζοντες
2711 1088 2962 1146 κακόνοοί
2998 1105 3058 1142 τε
3084 1088 3179 1140 καὶ
3214 1078 3473 1151 ἀλαζόνες
3494 1084 3809 1157 ἡλίσκοντο,

2232 1168 2396 1258 φησιν
2423 1185 2452 1238 ό
2481 1180 2646 1237 Δαὸὶδ
2681 1179 2817 1252 πρὸς
2850 1177 2941 1232 τὸν
2969 1177 3077 1247 τῶν
3110 1174 3248 1229 ὅλων
3273 1174 3498 1246 Πατέρα
3523 1173 3621 1227 καὶ
3648 1171 3811 1226 Θεόν·

2237 1296 2256 1329 ι
2289 1275 2485 1348 Θήσεις
2513 1270 2712 1337 αὐτοὺς
2739 1271 2816 1336 ὼς
2855 1269 3110 1323 κλίϐανον
3141 1266 3340 1334 πυρὸς,
3373 1266 3454 1330 εις
3490 1264 3686 1335 καιρδν
3713 1262 3812 1317 τοῦ

2235 1363 2534 1436 προσώπου
2567 1377 2680 1417 σου·
2726 1360 2901 1432 Κύριε
2924 1397 2938 1423 ,
2966 1359 3025 1411 ἐν
3050 1360 3116 1429 τῇ
3151 1358 3289 1428 ὀργῇ
3325 1371 3417 1408 σου
3453 1353 3817 1426 συνταράξεις

2232 1459 2451 1520 αὐτοὺς,
2494 1456 2591 1510 κοιλ⁵
2632 1451 3008 1521 καταφάγεται
3057 1449 3256 1513 αὐτοὺς
3296 1446 3430 1519 πῦρ.
3463 1464 3483 1498 ι
3518 1444 3729 1517 Καιρδς
3752 1444 3814 1499 δέ

2233 1542 2559 1623 προσώπου
2619 1545 2727 1600 τοῦ
2771 1542 3003 1613 Πατρός
3024 1581 3039 1608 ,
3086 1544 3116 1596 ὁ
3165 1542 3265 1610 τῆς
3337 1536 3814 1608 ἐνανθρωπήσεως

2233 1645 2408 1697 νοοῖτο
2453 1639 2520 1694 ἀν
2580 1636 2825 1700 εἰκότωςο
2877 1635 3034 1707 εἴπερ
3076 1634 3193 1687 ἐστὶ
3241 1633 3339 1687 καὶ
3378 1630 3671 1703 πρόσωπον
3714 1627 3815 1681 καὶ

555 1752 612 1797 et
644 1718 928 1797 diabolica:
958 1739 1205 1810 caliginis
1231 1738 1559 1794 densitatem
1583 1733 1878 1804 dissipans,
1901 1739 1957 1786 et
1978 1745 2129 1785 scan-

2236 1734 2400 1790 είκὼν
2446 1731 2540 1787 τοῦ
2590 1730 2726 1784 Θεοῦ
2758 1727 2852 1783 καὶ
2889 1725 3124 1797 Πατρδς,
3159 1724 3359 1799 ρΥἱὸς.
3412 1720 3622 1777 οὐκοῦν
3677 1718 3815 1789 φλὸξ

556 1831 715 1897 dalis,
740 1846 860 1901 quae
883 1845 1002 1885 sese
1023 1830 1285 1897 offerunt,
1305 1831 1545 1885 cultores
1566 1823 1771 1881 oil'endi
1791 1838 1900 1877 non
1922 1820 2143 1878 sinens.‘

557 1924 636 1979 Ita
674 1922 833 1978 nobis
869 1923 1082 1978 vocavit
1114 1920 1314 1977 Filium
1348 1920 1495 1975 Deus
1527 1932 1593 1972 ac
1623 1917 1789 1972 Pater
1821 1914 1987 1969 etiam
2034 1927 2143 1983 per

556 2029 747 2069 vocem
773 2014 944 2079 Isaiae,
978 2012 1167 2069 dicens
1192 2030 1205 2066 :
1241 2031 1261 2064 ‹
1290 2012 1521 2080 Propter
1541 2008 1671 2063 Sion
1697 2021 1809 2060 non
1838 2004 2051 2069 tacebo,
2080 2012 2134 2059 et

560 2112 787 2184 prepter
810 2104 1111 2184 Jerusalem
1133 2118 1243 2158 non
1268 2102 1548 2165 desistam,
1575 2099 1753 2154 donec
1786 2105 1963 2160 exeat,
1993 2096 2137 2150 sicut

510 2192 531 2203 “
556 2182 764 2261 lumen,
784 2182 995 2268 iustitia
1018 2212 1157 2252 mea.
1190 2195 1437 2251 Salutare
1464 2203 1646 2249 autem
1670 2205 1851 2247 meum
1887 2188 2030 2244 sicut
2053 2187 2137 2242 lu-

558 2303 739 2350 cerna:
761 2288 976 2344 ardebit
998 2288 1063 2341 “.
1090 2307 1108 2340 ι
1131 2287 1383 2343 Sulutare
1406 2286 1551 2341 enim
1575 2291 1630 2340 et
1650 2282 1865 2355 iustitia
1886 2296 1915 2334 a
1937 2280 2050 2334 Deo
2069 2293 2133 2333 ac

557 2376 716 2433 Patre
740 2378 795 2433 in
830 2393 934 2433 nos
953 2376 1127 2432 factus
1159 2385 1241 2433 est
1263 2376 1436 2431 Filius
1467 2394 1480 2429 :
1510 2373 1618 2445 79
1646 2356 1916 2443 siquidem
1945 2383 2138 2424 verum

557 2466 661 2534 est,
692 2467 840 2539 quod
884 2483 983 2539 per
1012 2466 1191 2538 ipsum
1225 2465 1612 2538 justiﬁeamur,
1649 2472 1994 2531 mortemque
2028 2461 2138 2531 jam

557 2560 688 2616 olim
714 2561 770 2615 in
800 2559 1217 2629 nos’imperium
1243 2565 1591 2615 exercentem
1617 2554 1920 2616 vincentes,
1948 2564 2141 2604 rursus

557 2650 624 2705 ad
674 2650 1141 2721 incorruptionem
1190 2648 1595 2712 transferimur,
1650 2651 1708 2700 et
1749 2642 1820 2699 ad
1867 2641 1944 2707 id,
1992 2640 2140 2713 quod

559 2741 717 2795 initio
755 2749 873 2796 erat
897 2735 1117 2806 natura,
1149 2738 1538 2794 reformamur.

2233 1827 2401 1900 ἀγρία
2434 1824 2528 1879 καὶ
2557 1821 2964 1887 κλίϐανος,τοῖς
2991 1816 3232 1872 ἀπωθεῖν
3261 1815 3506 1870 ἐθέλουσι
3536 1814 3636 1882 τῆς
3658 1814 3815 1866 ἐναν-

2235 1913 2569 1988 θρωπήσεως
2618 1911 2713 1967 τοῦ
2754 1907 3094 1979 Μονογενοῦς
3126 1907 3187 1962 τδ
3227 1906 3541 1979 μυστήριον.
3575 1905 3701 1968 τοῖς
3746 1919 3812 1971 γε

2239 2010 2351 2082 μὴν
2396 2004 2732 2076 ἐπεγνωκόσι
2776 2003 2876 2073 τὴν
2929 1999 3253 2069 ἐπιφάνειαν
3299 1995 3491 2060 αὐτοῦ,
3526 1994 3671 2049 καθά
3717 1994 3816 2062 γέ-

2235 2116 2502 2173 γραπται,
2537 2117 2556 2151 ι
2592 2093 2829 2167 Λαμπάς
2855 2094 2912 2146 ἐν
2945 2091 3123 2162 σκότῳ
3155 2088 3487 2158 φωτίζουσα,
3529 2102 3548 2136 ι
3589 2083 3686 2137 καὶ
3715 2083 3818 2153 τῆς

2241 2188 2552 2265 διαϐολικῆς
2601 2191 2801 2264 ἀχλύος
2845 2189 2908 2244 τὸ
2964 2189 3138 2259 πάχος
3187 2183 3669 2245 άπολεπτύνουσα,
3718 2181 3818 2235 καὶ

2238 2291 2352 2352 τοῖς
2374 2285 2463 2341 διά
2488 2285 2650 2357 μέσρν
2674 2280 3036 2355 προσπταίειν
3066 2274 3381 2339 σκανδάλοις
3401 2272 3500 2345 τὴν
3526 2273 3633 2326 τῶν
3659 2271 3820 2324 6260-

2240 2378 2422 2451 μένων
2456 2374 2618 2430 αὐτὸν
2649 2374 2749 2427 οὐκ
2782 2373 2997 2442 ἐφιεῖσα
3027 2367 3255 2440 πληθύν.
3290 2365 3477 2429 Οῦτως
3513 2365 3647 2437 ἡμῖν
3673 2363 3817 2417 ὠνόο

2242 2468 2381 2541 μαζε
2410 2466 2501 2521 τὸν
2551 2464 2680 2519 Υἱὸν
2727 2464 2757 2518 ὁ
2792 2462 2925 2526 Θεὸς
2961 2461 3055 2515 καὶ
3095 2458 3319 2531 Πατὴρ,
3352 2458 3449 2512 καὶ
3490 2455 3581 2509 διά
3626 2454 3819 2524 φωνῆς

2251 2556 2496 2623 Ἡσαΐου,
2532 2556 2723 2625 λέγων·
2765 2573 2784 2607 ι
2814 2553 2913 2607 Διά
2937 2550 3077 2606 Σιὼν
3097 2551 3158 2604 οὐ
3190 2549 3563 2620 σιωπήσομαι,
3594 2547 3689 2600 καὶ
3724 2544 3816 2601 διὰ

2251 2647 2609 2721 Ἰερουσαλὴμ
2646 2647 2747 2700 οὐκ
2784 2644 2990 2715 ἀνήσω,
3040 2643 3146 2705 ἓως
3191 2641 3257 2695 ἀν
3295 2638 3484 2711 ἐξέλθῃ
3511 2639 3587 2702 ὡς
3629 2635 3747 2708 φῶς
3780 2639 3815 2710 ἡ

2238 2740 2554 2809 δικαιοσύνη
2602 2754 2726 2809 μου.
2754 2734 2834 2790 To
2860 2734 2917 2788 δὲ
2947 2730 3210 2804 σωτήριόν
3252 2746 3386 2802 μου,
3414 2728 3491 2793 ὡς
3531 2726 3817 2799 λαμπάδες

558 2851 915 2922 καυθήσεται.
965 2869 985 2901 ι
1052 2850 1327 2921 Σωτήρων
1384 2847 1496 2920 γάρ
1543 2845 1636 2900 καὶ
1680 2826 1995 2915 δικαιοσύνη
2040 2838 2192 2912 παρὰ
2228 2833 2324 2889 τοῦ
2369 2830 2506 2886 Θεοῦ
2564 2829 2659 2884 καὶ
2710 2825 2923 2899 Πατρὺς
2968 2825 3049 2889 είς
3112 2823 3261 2895 ἡμᾶς
3309 2820 3535 2891 γέγονεν
3580 2820 3616 2873 ὁ
3663 2818 3814 2881 Υἱός

563 2911 734 3014 εἴπερ
759 2945 905 3000 ἐστὶν
925 2944 1124 3016 ἀληθὲς
1253 2946 1312 2997 ὲν
1342 2911 1492 3013 αῦτῷ
1547 2938 1905 3011 δικαιούμεθα
1927 2978 1942 3003 ,
1976 2911 2068 2992 καὶ
2119 2911 2211 2988 τὸν
2247 2929 2415 2985 πάλαι
2456 2923 2579 2981 καθ’
2619 2921 2776 2995 ἡμῶν
2811 2919 3225 2993 τυραννήσαντα
3266 2915 3525 2978 νικῶντες
3562 2911 3816 2980 θάνατον,

558 3011 1031 3110 παλινδρομοῦμεν
1064 3038 1145 3102 εἰς
1167 3011 1501 3109 ἀφθαρσίαν,
1532 3036 1633 3091 καὶ
1659 3035 1740 3097 είς
1771 3033 1909 3102 ὅπερ
1934 3026 2002 3101 ἦν
2032 3032 2091 3083 ἐν
2127 3026 2321 3098 ἀρχαῖς
2353 3026 2388 3093 ἡ
2425 3021 2587 3091 φύσις
2611 3011 3096 3110 ἀναμορφούμεθαο

624 3134 677 3189 9.
719 3131 875 3200 Quod
908 3147 1039 3188 vero
1074 3131 1449 3189 necessarium
1481 3137 1621 3205 erat,
1659 3142 1784 3183 cum
1816 3127 1927 3197 jam
1960 3138 2128 3195 appa-

2303 3117 2369 3171 0'.
2393 3116 2517 3170 Ὅτι
2549 3113 2607 3167 δὲ
2631 3108 2698 3183 ἦν
2732 3110 3028 3178 ἀναγκαῖον
3059 3103 3361 3177 πεφηνότος
3403 3100 3503 3176 ἤδη
3538 3100 3632 3157 τοῦ
3677 3102 3818 3173 Ἐμ-

557 3225 759 3289 ruisset
802 3222 1159 3284 Emmanuel,
1215 3220 1646 3292 mysteriumque
1694 3216 1869 3287 ipsius
1922 3213 2128 3269 mundo

556 3312 959 3369 manifestatum
981 3320 1145 3377 esset,
1168 3309 1387 3365 Mosaici
1414 3308 1597 3364 cultus
1620 3314 1775 3379 typos
1797 3303 2129 3376 evangeliea:

556 3402 859 3473 disciplina:
910 3400 1107 3473 subjici
1147 3415 1213 3455 ac
1256 3398 1484 3463 cedere,
1535 3404 1724 3468 utpote
1762 3393 2127 3468 praestantiori

556 3491 983 3562 perfectiorique
1014 3489 1272 3545 mandato
1292 3528 1308 3552 ,
1345 3486 1516 3543 veluti
1551 3485 1676 3541 rudi
1716 3485 1952 3557 quodam
2000 3492 2129 3556 typo

557 3597 751 3638 rursus
775 3581 1162 3637 adumbratum
1188 3587 1292 3635 est.
1326 3577 1587 3644 Quisnam
1629 3591 1760 3632 vero
1797 3576 1887 3641 sit,
1925 3575 2123 3630 dicam.

553 3672 691 3729 Cum
713 3671 862 3728 enim
897 3670 1032 3727 Sara
1069 3668 1272 3724 sterilis
1290 3675 1457 3733 esset,
1505 3666 1649 3738 Agar
1677 3681 1810 3722 vero
1841 3664 2126 3720 lsmaelem

555 3765 882 3836 peperisset,
932 3762 1073 3819 elata
1111 3767 1195 3816 est
1238 3767 1294 3814 et
1340 3769 1636 3816 contumax
1679 3755 1943 3812 adversus
1984 3755 2126 3810 libe-

556 3871 671 3911 ram
698 3855 859 3913 facta.
895 3853 1027 3911 Sara
1055 3859 1237 3908 autem
1276 3848 1425 3907 illius
1449 3847 1849 3913 contumaciam
1872 3861 2151 3917 arrogane

557 3946 794 4018 tiamque
824 3946 1109 4017 argerrime
1150 3943 1298 4010 tulit,
1329 3952 1386 3998 et
1420 3942 1612 3998 atilixit
1637 3939 1964 4013 Egyptiam.
2002 3938 2127 3994 Haec

554 4054 687 4093 vero
720 4038 884 4094 domo
917 4036 1149 4110 aufugit,
1184 4044 1241 4094 et
1270 4051 1368 4108 per
1397 4034 1751 4092 solitudinem
1780 4030 2003 4088 erravit.
2035 4029 2127 4086 ln-

557 4129 852 4199 terrogavit
889 4138 1073 4183 autem
1115 4144 1236 4183 eam
1282 4129 1509 4198 angelus
1570 4142 1639 4183 ex
1681 4126 1843 4194 coelo,
1887 4137 2126 4195 quonam

556 4220 692 4283 iret,
740 4225 796 4271 et
845 4218 990 4271 unde
1030 4217 1264 4270 veniret.
1318 4216 1450 4281 Quae
1495 4216 1818 4285 respondit:
1853 4234 1871 4266 ι
1899 4217 1945 4272 Α
1983 4214 2125 4270 facie

557 4309 706 4365 Same
749 4307 984 4364 domina:
1027 4320 1162 4361 meae
1214 4303 1383 4376 fugio.
1432 4323 1451 4356 ι
1499 4304 1640 4371 Quid
1694 4305 1863 4375 igitur
1903 4304 2127 4358 divinus

556 4398 816 4473 angelus?
856 4415 875 4450 ι
904 4397 1223 4460 Revertere,
1263 4394 1464 4465 inquit,
1508 4393 1576 4449 ad
1619 4392 1898 4473 dominam
1950 4401 2122 4459 tuam,

2236 3207 2476 3281 μανουὴλ
2498 3246 2513 3271 ,
2541 3203 2638 3259 καὶ⁹
2672 3200 2768 3281 τοῦ
2833 3200 2953 3255 κατ’
2989 3198 3152 3253 αὐτὸν
3193 3193 3494 3269 μυστηρίου
3546 3191 3818 3264 παραδειο

2230 3296 2451 3369 χθέντος
2485 3295 2542 3348 ἐν
2572 3280 2785 3363 κόσμῳ,
2818 3290 2917 3360 τῆς
2948 3286 3250 3357 Μωσαϊκῆς
3283 3282 3536 3356 λατρείας
3563 3282 3819 3369 τοὺςῒτύ·

2230 3362 2367 3453 πους
2411 3388 2523 3450 τοῖς
2581 3362 2953 3452 εὐαγγελικοῖς
3002 3376 3366 3449 παιδεύμασιν
3417 3362 3813 3445 ὑποφέρεσθαι,

2229 3482 2325 3537 καὶ
2368 3479 2613 3533 ὑπείκειν
2647 3475 2836 3545 ὥσπερ
2866 3473 2988 3536 ταῖς
3037 3468 3286 3540 ἀμείνοσι
3320 3466 3413 3522 καῖ
3450 3465 3815 3537 τελεωτέραις

2229 3571 2491 3637 ἐντολαῖς,
2518 3565 2945 3637 ἐσκιαγραφεῖτο
2977 3561 3136 3616 πάλιν
3162 3560 3237 3625 ὡς
3268 3559 3327 3613 ἐν
3358 3557 3512 3629 τύπῳ
3536 3554 3596 3610 τὸ
3620 3554 3816 3627 χρῆμα

2229 3665 2415 3736 παχεῖ.
2461 3644 2574 3717 καὶ
2623 3660 2706 3724 τίς
2749 3657 2816 3731 δὴ
2861 3650 3047 3722 οὗτος,
3096 3653 3227 3725 ἐρῶ.
3291 3649 3512 3722 Ἐπειδὴ
3557 3649 3667 3722 γὰρ
3709 3649 3815 3704 οὐκ

2228 3755 2406 3831 ἔτικτε
2444 3752 2543 3825 μὲν
2570 3752 2605 3823 ή
2634 3749 2853 3822 Σάρρα,
2881 3742 3257 3814 κεκυοφόρηκε
3293 3742 3350 3795 δὲ
3381 3741 3471 3795 τὸν
3518 3738 3745 3811 Ἱσμαὴλ
3777 3740 3812 3810 ἡ

2232 3830 2435 3919 Ἅγαρ,
2469 3842 2640 3914 ὀφρῦν
2674 3839 3030 3917 ἀνατείνουσα
3061 3833 3199 3889 κατὰ
3228 3833 3325 3904 τῆς
3349 3830 3637 3905 ἐλευθέρας
3662 3831 3811 3899 ἐφω-

2229 3911 2360 4010 ράτο
2384 3911 2591 3989 λοιπόν.
2623 3932 2807 4004 Σάρρα
2825 3930 2882 3985 δὲ
2903 3911 3006 3983 οὐκ
3031 3925 3212 3997 ὀϊστὴν
3244 3924 3478 3979 ἐποιεῖτο
3509 3922 3608 3998 τὴν
3637 3922 3811 3992 ὑπερ-

2227 4029 2409 4101 οψίαν,
2446 4026 2541 4082 καὶ
2557 4024 2622 4098 δὴ
2654 4024 2748 4079 καὶ
2781 4022 2980 4078 ἐκάκου
3011 4020 3110 4091 τὴν
3141 4015 3467 4087 Δίγυπτίαν.
3520 4010 3593 4069 ’Π
3618 4014 3675 4069 δέ
3707 4013 3810 4085 τῆς

2228 4122 2412 4188 ἑστίας
2463 4119 2704 4191 ἀπέδρα,
2758 4114 2852 4171 καὶ
2901 4110 3166 4168 ἐπλανᾶτο
3224 4107 3365 4165 κατά
3391 4104 3519 4180 ’τὴν
3576 4105 3808 4180 ἔρημον.

2231 4210 2433 4282 Ἧρετο
2457 4210 2514 4264 δέ
2538 4208 2705 4280 αὐτὴν
2733 4203 2963 4275 ἅγγελος
2992 4200 3054 4266 ἐξ
3079 4196 3332 4272 οὐρανοῦ,
3363 4197 3486 4251 ὅποι
3506 4213 3565 4251 τε
3590 4196 3662 4250 τοι
3710 4197 3809 4251 καλ

2227 4302 2350 4357 ὅθεν
2387 4302 2495 4356 ἵκοι
2534 4300 2718 4355 πάλιν.
2766 4298 2830 4352 Ἣ
2868 4297 2926 4350 δὲ
2965 4293 3100 4367 πρὸς
3131 4290 3304 4347 ταῦτά
3352 4305 3537 4362 φησιν’
3597 4307 3617 4343 τ
3669 4289 3809 4345 Ἀπὸ

2229 4383 2521 4464 προσώπου
2543 4391 2758 4464 Σάρρας
2774 4387 2875 4460 τῆς
2891 4387 3082 4462 κυρίας
3105 4402 3205 4457 μου
3225 4382 3336 4453 ἐγὼ
3351 4381 3753 4457 ἀποδιδράσκω.
3781 4399 3804 4434 ι

555 4501 612 4547 ει
640 4490 927 4561 humiliare
960 4489 1063 4545 sub
1097 4503 1265 4544 manu
1298 4487 1436 4558 ejus.
1469 4504 1487 4539 ι
1524 4485 1685 4542 Prior
1724 4483 1872 4540 enim
1903 4489 2124 4539 ostensa

2232 4479 2419 4551 Ttoﬁv
2453 4484 2481 4536 ό
2508 4482 2794 4544 θεσπέσιος
2825 4479 3091 4549 ἀγγελοςς
3136 4496 3155 4529 ‹
3180 4472 3609 4547 ’Δποστράφηθι,
3644 4471 3804 4542 φησὶ,

553 4594 640 4639 est
668 4583 857 4654 legalis
879 4580 1166 4651 disciplina
1187 4579 1443 4634 Israelem
1472 4576 1802 4646 parturiens.
1826 4574 1962 4630 Cum
1992 4590 2126 4632 vero

553 4687 713 4726 serva
744 4681 891 4725 esset
925 4670 1125 4741 (neque
1163 4668 1312 4722 enim
1344 4675 1466 4722 erat
1496 4667 1553 4720 in
1590 4680 1655 4720 ea
1685 4665 1913 4733 spiritus
1948 4665 2125 4719 liber-

556 4760 729 4831 tatis),
758 4760 913 4831 prius
934 4767 1147 4815 tantum
1167 4773 1279 4813 non
1306 4756 1522 4828 peperit
1549 4755 1813 4825 populum
1838 4753 2122 4827 {Egyptia-

554 4869 679 4911 cum
707 4868 867 4924 quam
907 4865 1108 4906 novam
1153 4859 1318 4921 atque
1349 4846 1719 4919 evangelicam
1753 4845 2120 4916 disciplinam.

554 4943 762 5019 idcirco
781 4943 923 5000 elata
943 4950 1028 4999 est
1050 4943 1254 5007 animo,
1270 4950 1328 4997 et
1344 4948 1629 5013 persecuta
1652 4947 1737 4995 est
1757 4937 2119 5007 Christianos,

554 5045 611 5093 et
634 5036 898 5092 adversus
926 5033 1237 5102 evangelica
1268 5042 1539 5104 praecepta
1570 5031 1678 5087 alte
1716 5029 2008 5101 supercilia
2036 5037 2118 5085 at-

557 5128 771 5193 wllens,
813 5126 1001 5183 multis
1046 5121 1225 5179 modis
1265 5131 1350 5178 est
1387 5121 1749 5192 deprehensa.
1797 5120 2123 5192 lncrepabat

553 5218 702 5276 enim
728 5206 953 5274 sanctos
980 5215 1256 5293 apostolos
1267 5213 1581 5270 Iudaeorum
1605 5212 1907 5283 Synagoga,
1934 5222 2121 5283 aperte

551 5308 780 5367 dicens:
817 5328 835 5360 ι
869 5308 1148 5379 Prmeepto
1178 5305 1539 5378 praecepimus
1561 5301 1719 5357 vobis
1747 5317 1817 5358 ne
1850 5302 2124 5359 doceretis

554 5404 615 5460 iu
635 5402 852 5471 nomine
865 5401 993 5468 hoc,
1009 5411 1066 5459 et
1079 5417 1207 5458 ecce
1224 5397 1530 5471 replevistis
1544 5395 1848 5455 Jerusalem
1871 5396 2120 5452 doctrina

554 5503 733 5549 vestra
759 5492 824 5550 “.
857 5510 876 5545 ι
913 5490 1077 5547 Vides
1120 5506 1232 5561 quo
1277 5498 1436 5561 pacto
1470 5486 1700 5543 insultat
1736 5485 1883 5543 Sara:
1917 5484 2118 5557 Egyp—

623 5672 669 5707 “
710 5672 847 5728 Psal.
899 5688 989 5740 xx,
1038 5670 1125 5727 10.
1202 5670 1248 5704 ⁸⁸
1298 5669 1399 5725 lsa.
1452 5685 1578 5736 an,
1614 5668 1669 5722 1.
1750 5666 1795 5700 ⁵⁸
1820 5664 2036 5731 Act.iv,
2068 5665 2118 5719 Ι.

2231 4575 2367 4647 πρὸς
2397 4573 2495 4645 τὴν
2526 4571 2718 4646 κυρίαν
2752 4564 2869 4629 σου.
2908 4571 3003 4624 καί¹
3036 4567 3397 4643 ταπεινώθνητι
3428 4563 3533 4619 ὑπὸ
3556 4560 3654 4626 τὰς
3688 4565 3837 4645 χεῖ-1

2235 4642 2332 4739 ρας
2373 4642 2564 4735 αὐτῆς.
2597 4642 2622 4716 τι
2670 4660 3066 4734 Προανεδείχθη
3116 4659 3217 4730 μὲν
3265 4642 3371 4729 γάρ
3411 4653 3808 4713 ὡδίνουσατὺν

2243 4755 2459 4835 Ἰσραὴλ
2503 4757 2538 4828 ἡ
2585 4742 2731 4810 κατὰ
2793 4750 2958 4825 νόμον
3010 4751 3260 4824 λατρεία.
3319 4747 3534 4810 Οίκέτις
3574 4743 3633 4798 δὲ
3667 4739 3806 4799 οὖσα

2233 4849 2473 4922 (πνεῦμα
2507 4849 2617 4922 γάρ
2654 4846 2936 4917 ἐλεύθερον
2976 4845 3077 4899 οὐκ
3110 4840 3179 4916 ἦν
3215 4836 3277 4897 ἐν
3300 4840 3482 4914 αὐτῇ),
3518 4837 3808 4910 μονονουχὶ

2231 4943 2673 5015 προεκυοφὸρησε
2716 4940 2816 5012 τῆς
2850 4930 2975 5002 νέας
3013 4937 3110 4992 καὶ
3167 4926 3533 5009 εὐαγγελικῆς
3581 4929 3807 4986 παιδεύ-

2229 5051 2365 5098 σεως
2402 5035 2492 5088 τὸν
2528 5033 2586 5103 ἐξ
2617 5031 2894 5101 Αἰγύπτου
2931 5030 3082 5085 λαόν.
3139 5027 3431 5096 Τοιγάρτοι
3466 5024 3562 5079 καὶ
3598 5022 3807 5095 πεφρό-

2227 5142 2359 5196 νηκε
2386 5125 2553 5196 μέγα,
2585 5125 2680 5179 καὶ
2700 5123 2888 5177 ἐδίωκε
2912 5123 3041 5187 τοὺς
3059 5123 3118 5175 ἐν
3147 5118 3388 5192 Χριστῷ,
3410 5117 3506 5172 καὶ
3535 5114 3679 5169 κατά
3696 5114 3807 5167 τῶν

2229 5206 2601 5285 εὐαγγελικῶν
2664 5213 3052 5285 θεσπισμάτων
3131 5210 3346 5283 ὑψηλὴν
3400 5211 3641 5285 ,αἴρουσα
3702 5203 3806 5275 τὴν

2225 5305 2430 5376 ὀφρὺν,
2484 5304 2834 5374 πολυτρόπως
2884 5304 3154 5375 ἡλίσκετο.
3218 5299 3487 5371 Ἐπετίμα
3536 5294 3644 5368 γάρ
3691 5296 3807 5358 τοῖς

2227 5395 2404 5464 ἁγίοις
2466 5394 2786 5458 ἀποστόλοις
2806 5397 2841 5466 ἡ
2868 5393 2976 5448 τῶν
3017 5392 3282 5448 Ἰουδαίων
3313 5386 3634 5457 Συναγωγὴ.
3656 5386 3810 5457 διαρ-

2226 5486 2393 5559 ρήδην
2410 5484 2661 5555 λέγουσαο
2675 5485 3055 5559 ιΠαραγγελίᾳ
3078 5482 3530 5556 παρηγγείλαμεν
3548 5478 3700 5550 ὑμῖν,
3728 5475 3807 5548 μὴ
