4052 6212
258 213 365 273 185

1285 211 1807 270 CLAPHYRORUM
1846 212 1912 267 IN
1945 213 2245 270 CENESIM
2289 215 2416 272 LIB.
2459 215 2546 298 Ill.

3421 226 3550 282 ιδι-

251 325 526 380 διδάσκειν
559 325 656 380 sui.
680 324 758 395 τῷ
785 324 1012 395 ὀνόματι
1031 325 1226 396 τούτῳ,
1244 328 1339 380 καὶ
1357 327 1468 381 ἰδοὺ
1493 326 1846 398 ἐπληρώσατε

1952 327 2046 391 tia,
2069 338 2126 384 et
2150 331 2409 386 ancillula
2430 332 2617 388 liberae
2642 343 2727 388 est
2745 342 3061 390 contumax.
3089 334 3356 394 Csterum
3379 342 3523 400 victa

252 419 353 488 τὴν
381 416 742 490 Ἰερουσαλὴμ
758 416 854 486 τῆς
874 416 1093 487 διδαχῆς
1111 417 1286 488 ὑμῶν.
1317 436 1337 469 ι
1375 418 1537 489 Ὁρᾷς
1552 419 1699 480 ὅπως
1718 434 1843 472 κατ-

251 508 541 580 επαίρεται
557 511 623 579 τῆ
633 527 656 568 ;
669 510 929 580 Σάρραςὴ
946 509 1240 577 Αἰγυπτία,
1256 509 1351 564 καὶ
1369 508 1544 563 καταθ
1553 508 1841 579 ρασύνεται

250 601 348 670 τῆς
374 599 668 669 ἐλευθέρας
685 599 744 652 τὸ
765 599 1188 670 θεραπαινίδιον.
1230 599 1368 652 Ἀλλ’
1391 601 1606 652 ἐνικᾶτο
1621 599 1699 670 τῷ
1723 601 1845 673 χρό·

162 742 168 746 .
253 710 348 762 νῷ,
370 693 466 744 καὶ
493 690 899 762 ἀποδιδράσκει,
922 691 1127 761 τρόπον
1153 691 1274 745 τινὰ
1292 691 1509 762 τιμῶσα
1527 693 1588 745 τὸ
1607 692 1840 763 ὲξήνιον,

255 785 652 853 προστάττεται
680 783 736 836 δὲ
762 783 830 836 δι’
853 785 1087 852 ἀγγέλου
1115 785 1316 853 φωνῆς,
1342 785 1416 855 μὴ
1452 785 1843 855 παραιτεῖσθαι

254 873 353 944 τὴν
388 874 716 946 ἐλευθέραν,
751 876 1033 940 τουτέστι,
1067 878 1167 948 τὴν
1204 880 1284 942 εἰς
1313 879 1594 952 ἐλεύθερον
1625 880 1842 951 ἀξίωμα

255 966 527 1020 καλοῦσαν
588 967 898 1030 παίδευσιν,
957 970 1343 1024 ταπεινοῦσθαι
1398 972 1455 1025 δὲ
1506 973 1704 1043 μᾶλλον
1735 973 1842 1027 ὑπὸ

253 1056 355 1119 τὰς
399 1060 588 1127 χεῖρας
630 1058 824 1127 αὐτῆς.
886 1059 949 1112 Ἥ
999 1059 1110 1131 γὰρ
1147 1059 1235 1114 διὰ
1272 1062 1436 1132 νόμου
1467 1063 1712 1131 λατρεία,
1754 1064 1843 1120 διὰ

257 1149 561 1218 σχημάτων
607 1147 759 1202 ίοῦσα
803 1151 896 1202 καὶ
932 1151 1154 1214 τύπων,
1201 1152 1442 1207 δουλεύει
1476 1154 1677 1226 τρόπον
1720 1154 1843 1208 τινὰ

258 1243 378 1302 τοῖς
427 1239 800 1307 εύαγγελικοίς
853 1241 1251 1312 παιδεύμασιν,
1295 1244 1538 1316 ἀμυδρὸν
1579 1244 1679 1314 τῆς
1705 1245 1838 1316 ἀλη-

256 1330 412 1394 θείας
453 1331 514 1382 τὸ
565 1330 759 1394 κάλλος
808 1332 891 1399 ἐφ’
941 1334 1106 1403 ἑαυτῇ
1151 1333 1493 1389 δεικνύουσα.
1545 1337 1622 1388 Δι’
1675 1337 1841 1404 ἀγγέο

258 1422 364 1474 λων
401 1421 582 1474 τοίνυν
622 1423 650 1472 6
684 1421 849 1475 πάλαι
877 1421 963 1476 διά
1000 1423 1242 1487 Μωσέως
1272 1423 1501 1497 ὡρίζετο
1533 1425 1722 1495 νόμος,
1749 1427 1841 1480 καὶ

254 1511 348 1566 διά
393 1514 579 1582 φωνῆς
627 1512 863 1580 ἀγγέλου
909 1516 1021 1576 τοῖς
1064 1514 1153 1568 διά
1197 1515 1434 1584 Χριστοῦ
1481 1515 1840 1587 θεσπίσμασιν

257 1603 553 1673 ὑποφέρειν
612 1602 801 1675 ῶσπερ
852 1604 1251 1674 προσ-τάσσεται
1302 1605 1391 1658 τὸν
1451 1605 1685 1675 αὐχένα,
1747 1607 1840 1661 καὶ

259 1696 646 1750 ύποκλίνεσθαι
674 1700 742 1767 τῇ
772 1696 1052 1768 ἐλευθέρᾳ,
1085 1697 1180 1750 καὶ
1210 1699 1308 1768 οὐχ
1339 1696 1539 1751 ἑκοῦσα
1580 1714 1836 1769 παραχω-

257 1792 390 1859 ρεῖν.
425 1789 600 1842 Τοῦτο
628 1789 756 1859 γὰρ,
787 1785 962 1860 οἶμαι,
1013 1787 1221 1860 νοητῶς
1261 1791 1378 1843 ἐστι
1425 1792 1508 1855 τὸ,
1557 1791 1661 1844 ὑπὸ
1679 1791 1837 1861 χεῖρα

255 1881 355 1949 τῆς
393 1881 615 1951 Σάρρας
675 1880 930 1949 γενέσθαι
987 1881 1086 1951 τὴν
1134 1881 1333 1952 Ἀγαρ.
1403 1882 1728 1952 Μεμνῆσθαι
1779 1881 1835 1933 δὲ

257 1970 551 2036 ἀναγκαῖον
568 2009 582 2032 ,
620 1971 698 2033 ὼς
724 1969 996 2039 διαθηκῶν
1021 1969 1189 2024 δυάδα
1219 1970 1461 2024 τέθεικεν
1496 1971 1666 2036 αὑτὰς
1691 1972 1785 2025 καὶ
1809 1973 1838 2024 6

259 2061 546 2124 θεσπέσιος
589 2061 799 2126 Παῦλος
823 2103 837 2123 ,
881 2062 978 2132 τὴν
1013 2063 1109 2132 μὲν
1140 2063 1221 2126 είς
1255 2063 1497 2117 δουλείαν
1525 2063 1835 2132 γεννῶσαν,

261 2150 544 2220 σύστοιχόν
572 2167 632 2203 τε
662 2153 727 2220 τῇ
758 2151 852 2203 νῦν
891 2151 1246 2222 Ἰερουσαλήμ
1273 2168 1287 2184 ο
1317 2152 1413 2223 τὴν
1443 2154 1499 2206 δὲ
1524 2154 1604 2216 είς
1625 2151 1838 2206 ἐλευθε-

261 2239 376 2308 ρίας
400 2240 646 2308 ἀξίωμα,
671 2240 812 2308 φημὶ
835 2239 898 2308 δὴ
922 2239 1019 2310 τὴν
1044 2241 1279 2312 Σάρραν.
1313 2240 1436 2295 Ὅτι
1458 2241 1514 2293 δὲ
1538 2242 1838 2310 πεφηνότος

260 2330 358 2401 ήδη
385 2329 628 2399 Χριστοῦ
656 2329 1000 2383 συνανατελιῖ
1017 2329 1080 2400 δὴ
1111 2333 1328 2393 πάντως
1359 2330 1455 2400 τῆς
1481 2333 1538 2384 ὲν
1569 2331 1836 2402 πνεύματι

259 2424 562 2492 περιτομῆς
592 2423 623 2474 6
653 2422 863 2496 καιρὸς,
914 2421 1222 2476 ἐδιδάσκετο
1267 2422 1454 2492 σαφῶς
1497 2426 1528 2477 6
1569 2426 1836 2496 μακάριος

273 2513 544 2584 Ἁϐραάμ..
589 2494 970 2582 Ἐθεσμοθέτει
1003 2515 1111 2585 γὰρ
1135 2517 1164 2568 6
1193 2513 1345 2578 Θεὸς,
1380 2515 1440 2570 τὸ
1471 2516 1667 2586 χρῆναι
1702 2494 1837 2585 πλη-

261 2602 386 2673 ροῦν
413 2603 516 2671 τὴν
542 2602 866 2674 περιτομὴν,
902 2603 990 2656 διὰ
1019 2604 1314 2674 σαρκικῶν,
1341 2599 1516 2674 οἶμαι,
1538 2606 1837 2676 παραδειγ-

260 2694 450 2760 μάτων
512 2697 938 2764 προαναφαίνων
967 2694 1036 2748 τά
1066 2695 1249 2766 νοητά.
1287 2713 1307 2747 ι
1362 2697 1836 2767 Περι-τμηθήσεται

257 2783 367 2855 γάρ
396 2801 512 2848 σου,
547 2785 703 2856 φησι,
729 2786 837 2839 πᾶν
860 2787 1165 2858 ἀρσενικόν.
1205 2807 1224 2839 ι
1271 2788 1380 2840 Καὶ
1416 2790 1535 2850 ταῖς
1564 2788 1644 2849 είς
1682 2787 1839 2840 τοῦτο

257 2873 570 2944 ῥαστὼναις
627 2875 849 2947 ὀλεθρον
878 2877 972 2930 καὶ
1000 2877 1277 2932 ἀπώλειαν
1315 2877 1611 2947 ὲπεμέτρει
1636 2877 1734 2946 τὴν
1762 2876 1839 2929 δί-

261 2981 382 3039 κην·
407 2967 515 3038 ιερη
547 2967 678 3038 γὰρ,
705 2969 788 3020 δτι
818 2968 912 3021 καὶ
935 2969 1305 3039 ἀπερίτμητος
1335 2968 1532 3040 ἄρσην,
1565 2967 1623 3030 6;
1647 2969 1708 3021 οὐ
1740 2985 1834 3020 πε-

259 3058 660 3129 ριτμηθήσεται
693 3059 793 3130 τὴν
819 3059 997 3131 σάρκα
1027 3061 1126 3129 τῆς
1159 3059 1525 3138 ἀκροϐυστίας
1550 3059 1715 3116 αὐτοῦ
1768 3061 1834 3129 τῇ

253 3152 450 3226 ἡμέρᾳ
477 3157 544 3224 τῇ
570 3154 754 3225 ὀγδόη,
783 3154 1290 3225 ὲξολοθρευθήσεται
1320 3156 1356 3225 η
1381 3153 1526 3226 ψυχὴ
1563 3155 1745 3224 ἂκείνη
1773 3153 1838 3204 ὲκ

227 3313 233 3316 _
254 3241 357 3297 τοῦ
378 3244 570 3313 γένους
596 3246 788 3316 αὐτῆς,
812 3248 894 3300 ὅτι
919 3245 1016 3316 τὴν
1053 3245 1318 3315 διαθήκην
1349 3261 1451 3315 μου
1474 3245 1835 3298 διεσκέδασεν.

268 3335 438 3406 Ὁρᾷς
475 3337 557 3389 ὅτι
589 3337 688 3407 τῆς
721 3339 781 3390 ὲν
814 3337 1086 3408 πνεύματι
1131 3337 1226 3390 καὶ
1267 3336 1495 3408 ἀληθείᾳ
1536 3335 1839 3408 περιτομῆς

257 3427 430 3489 τύπος
458 3425 650 3498 ῶσπερ
688 3445 771 3490 τις
805 3428 864 3481 έν
896 3428 1059 3496 σαρκὶ
1102 3427 1498 3497 προεδείκνυτο.
1535 3426 1839 3497 Πράττεται

258 3520 372 3590 γὰρ
403 3523 473 3590 τῇ
499 3519 680 3590 ὀγδόῃ,
727 3520 851 3574 καθ’
884 3521 951 3592 ὴν
989 3523 1055 3574 ὲκ
1097 3521 1310 3593 νεκρῶν
1346 3521 1546 3575 ἀνεϐίω
1583 3519 1836 3592 Χριστός.

257 3613 370 3666 Καὶ
393 3613 587 3684 καιρὸς
613 3608 682 3682 ἦν
708 3611 810 3684 ἥδη
843 3613 936 3666 τοῦ
967 3614 1293 3686 μεταλαχεϊν
1319 3614 1476 3682 ἁγίου
1501 3613 1836 3684 Πνεύματος,

257 3703 354 3756 καὶ
383 3703 488 3773 τὴν
523 3703 584 3754 ὲν
611 3702 762 3772 αὐτῷ
793 3703 1050 3772 δέχεσθαι
1069 3705 1402 3775 περιτομὴν,
1434 3703 1496 3757 οὐ
1531 3704 1708 3775 σάρκα
1750 3702 1842 3754 λυ-

257 3793 488 3856 ποῦντος
507 3834 522 3854 ,
552 3793 690 3846 ἀλλὰ
723 3794 940 3864 πνεῦμα
981 3793 1338 3866 καθαίροντος
1358 3809 1370 3824 ·
1409 3793 1472 3846 οὐ
1512 3793 1842 3862 σωματικῶν

256 3883 695 3947 ἁπαλλάττοντος
727 3883 933 3955 ρύπων,
973 3884 1109 3938 ἀλλά
1137 3884 1388 3954 ψυχικῶν
1420 3884 1568 3954 ἡμᾶς
1600 3883 1840 3954 νοσημά-

259 3993 366 4029 των
398 3976 753 4040 ἀπολύοντος.
788 3976 914 4029 Ὅτε
943 3975 1052 4044 γάρ
1083 3975 1284 4029 ἀνεδίω
1316 3975 1570 4045 Χριστὸς,
1602 3973 1839 4026 καταλύ-

264 4085 360 4133 σας
374 4069 472 4122 τοῦ
502 4067 730 4123 θανάτου
755 4069 819 4122 τδ
837 4069 1056 4138 κράτος,
1075 4068 1195 4121 τότε
1223 4066 1305 4138 δὴ,
1323 4067 1443 4120 τότε
1468 4063 1562 4119 καὶ
1583 4065 1840 4136 ἀπαρχὴν

266 4159 447 4232 item?
470 4161 592 4214 τινὰ
613 4158 708 4213 τοῦ
735 4160 890 4228 ἁγίου
916 4157 1232 4229 Πνεύματος
1278 4160 1390 4222 τοῖς
1417 4157 1592 4226 ἁγίοις
1617 4157 1840 4226 ἐνέθηκε

267 4255 555 4325 μαθηταῖς.
596 4253 926 4322 Ἐνεφύσησε
953 4251 1084 4323 γὰρ,
1110 4251 1295 4321 φησιν,
1321 4251 1402 4314 είς
1423 4250 1623 4312 αὐτοὺς
1640 4249 1835 4316 λέγων’

1945 428 2028 474 εει
2053 428 2323 490 tempore,
2346 422 2592 494 fugitque
2611 425 3015 494 quodammodo
3037 431 3392 486 contumacia:
3413 445 3524 490 sua:

1943 524 2135 578 poenas
2168 511 2343 566 luens.
2371 513 2622 569 Monetur
2663 522 2849 569 autem
2871 532 2972 586 per
2997 532 3187 573 vocem
3218 523 3418 591 angeli,
3453 540 3523 580 ne

1944 601 2214 673 despiciat
2233 603 2485 669 liberam,
2507 605 2612 660 hoc
2633 615 2720 661 est
2770 606 3140 676 disciplinam,
3165 609 3234 664 ad
3254 611 3524 669 libertatis

1943 691 2267 763 dignitatem
2310 704 2623 758 vocantem,
2655 704 2711 749 at
2749 696 2939 765 potius
2972 705 3034 752 ut
3067 698 3391 756 humilietur
3418 703 3522 757 sub

1943 799 2107 838 manu
2133 785 2272 854 ejus.
2299 785 2492 841 Cultus
2525 785 2670 840 enim
2699 786 2888 857 legalis
2924 803 3022 856 per
3050 787 3252 858 ﬁguras
3275 806 3338 846 ac
3365 802 3518 863 typcs

1941 869 2200 927 incedens
2225 873 2395 927 servit
2423 873 2828 942 quodammodo
2862 877 3196 944 evangelica
3228 877 3516 945 doctrinm,

1941 962 2229 1019 obscuram
2254 965 2544 1034 quamdam
2567 965 2816 1021 veritatis
2835 965 3306 1034 pulchritudinem
3329 985 3442 1039 pra:
3460 987 3519 1026 se

1940 1053 2142 1112 ferens.
2167 1057 2273 1113 Per
2305 1059 2526 1128 angelos
2543 1057 2726 1127 itaque
2747 1066 2906 1112 vetus
2927 1057 3127 1129 Moysis
3163 1059 3251 1114 lex
3275 1061 3382 1116 lata
3413 1070 3514 1125 est,

1939 1153 1995 1198 et
2026 1162 2124 1215 per
2156 1162 2344 1202 vocem
2385 1148 2567 1218 angeli
2599 1148 2890 1216 praeceptis
2919 1163 3015 1217 per
3044 1148 3325 1202 Christum
3350 1149 3520 1206 editis

1940 1241 2211 1295 cervicem
2233 1241 2640 1310 quodammodo
2658 1241 2984 1296 submittere
3009 1241 3258 1310 jubetur,
3277 1252 3334 1297 et
3355 1243 3518 1298 subdi

1940 1331 2053 1400 80
2083 1332 2293 1395 liberae,
2328 1333 2546 1388 etiamsi
2577 1333 2775 1388 cedere
2809 1333 2964 1387 nolit.
3007 1333 3122 1388 Hoc
3161 1335 3310 1387 enim
3350 1335 3515 1404 spiri-

1943 1421 2162 1478 tualiter
2187 1421 2496 1493 signiﬁcare
2521 1424 2798 1480 arbitror:
2838 1443 2856 1474 ι
2885 1426 3050 1494 Agar,
3084 1423 3373 1480 humiliare
3415 1427 3518 1481 sub

1940 1525 2105 1572 manu
2135 1510 2284 1566 Sara:
2324 1513 2386 1565 ⁸³.
2431 1531 2450 1563 ι
2480 1513 2670 1582 Neque
2693 1527 2823 1567 vero
2847 1511 3066 1566 silentio
3092 1513 3517 1580 praetermitten-

1941 1600 2073 1654 dum
2113 1617 2236 1656 esse
2266 1617 2488 1666 censeo,
2534 1604 2679 1672 quod
2716 1613 2772 1658 et
2815 1602 3039 1656 divi-nus
3081 1603 3282 1656 Paulus
3322 1617 3416 1656 eas
3464 1602 3518 1656 in
3551 1667 3554 1670 ,

1877 1667 1916 1720 Β
1943 1690 2178 1745 duorum
2216 1667 2669 1748 testamentorum
2705 1693 3014 1762 exemplum
3051 1694 3332 1762 posuerit;
3369 1693 3516 1748 illam

1943 1783 2166 1852 quidem
2211 1784 2524 1855 gignentcm
2573 1785 2630 1838 in
2670 1785 3016 1848 servitutem,
3054 1793 3110 1838 et
3151 1783 3421 1840 conﬁnem
3464 1784 3518 1840 ei

1944 1891 2065 1945 qua
2098 1891 2245 1929 nunc
2265 1885 2349 1930 est
2381 1875 2707 1940 Jerusalem,
2735 1876 2877 1930 hanc
2910 1891 3042 1930 vero
3065 1875 3121 1929 in
3146 1875 3516 1930 libertatisdi-

1943 1968 2201 2036 gnitatem
2227 2005 2242 2030 ,
2297 1966 2488 2022 Saram
2554 1967 2797 2038 inquam.
2843 1966 2999 2032 Quod
3027 1982 3179 2032 vero,
3228 1975 3515 2036 postquam

1943 2057 2260 2126 apparuerit
2282 2057 2557 2122 Christus,
2589 2074 2694 2111 una
2719 2058 2999 2112 exorietur
3027 2066 3244 2127 tempus
3277 2057 3519 2112 circum-

1944 2148 2170 2204 cisionis
2218 2149 2273 2202 in
2333 2149 2550 2219 spiritu,
2595 2147 2825 2204 edoctus
2865 2158 2950 2204 est
2995 2148 3282 2204 manifeste
3325 2149 3521 2207 beatus

1942 2239 2239 2294 Abraham.
2265 2240 2532 2310 Praecepit
2555 2241 2704 2296 enim
2737 2241 2849 2311 jam
2872 2241 3018 2296 Deus
3039 2241 3554 2324 circumcisionem,.

1944 2332 2276 2402 implendam
2300 2346 2443 2397 esse,
2470 2348 2570 2402 per
2603 2333 2868 2394 carnalia,
2892 2341 2954 2387 ut
2985 2332 3247 2396 arbitror,
3275 2334 3521 2403 exempla

1943 2420 2372 2491 praesigniﬁcans
2414 2421 2743 2490 spiritualia.
2799 2439 2816 2472 ι
2849 2419 3290 2475 Circumcidetur
3339 2419 3518 2482 enim,

1945 2513 2149 2582 inquit,
2189 2527 2352 2567 omne
2397 2512 2725 2576 masculum,
2755 2530 2774 2562 ι
2815 2510 3272 2581 ηεειίεειιιὶωηυε
3315 2510 3417 2564 hac
3463 2510 3521 2564 in

1943 2613 2099 2672 parte
2125 2605 2357 2674 capitale
2386 2605 2716 2674 supplicium
2749 2603 3027 2674 proponit.
3051 2602 3142 2658 Ait
3169 2601 3338 2665 enim,
3371 2601 3520 2672 quod

1953 2712 1970 2744 ι
2004 2693 2425 2749 ineircumcisus
2477 2694 2786 2758 masculus,
2842 2695 2936 2763 qui
2992 2708 3102 2746 non
3162 2691 3525 2747 circumcisus

1945 2781 2114 2837 fuerit
2147 2798 2368 2838 carnem
2401 2785 2656 2854 praeputii
2687 2785 2771 2839 sui
2806 2795 2996 2839 octava
3024 2783 3135 2847 die,
3172 2781 3524 2851 disperdetur

1945 2871 2128 2926 anima
2153 2871 2244 2926 illa
2272 2887 2340 2926 ex
2366 2873 2721 2942 generatione
2753 2887 2871 2936 sua,
2905 2871 3036 2940 quia
3074 2880 3294 2939 pactum
3335 2886 3520 2926 meum

1945 2959 2236 3029 dissipavit
2260 2961 2356 3013 ⁸⁵.»
2380 2961 2546 3016 Vides
2578 2961 2723 3031 quod
2757 2960 3106 3016 circumcisio
3131 2960 3186 3014 in
3213 2975 3377 3016 carne
3405 2961 3520 3021 vcl-

1943 3051 2023 3106 uti
2063 3059 2226 3123 typus
2247 3051 2470 3121 quidam
2496 3055 2948 3122 pmmoustra‘tus
2983 3053 3054 3107 sit
3085 3052 3522 3108 circumcisionis

1940 3143 1998 3196 in
2021 3143 2218 3213 spiritu
2272 3152 2330 3198 et
2373 3144 2625 3198 veritate.
2676 3143 2764 3198 Fit
2811 3142 2962 3197 enim
3008 3150 3202 3198 octavo
3251 3141 3366 3207 die,
3409 3157 3522 3211 quo

1939 3233 2195 3290 Christus
2244 3251 2276 3290 a
2316 3235 2554 3290 mortuis
2606 3233 2846 3298 revixit;
2881 3241 2938 3288 et
2975 3241 3194 3303 tempus
3235 3241 3355 3287 erat
3388 3234 3520 3304 jam,

1939 3336 2001 3382 ut
2034 3326 2272 3397 Spiritus
2303 3327 2476 3382 sancti
2513 3325 2809 3397 participes
2835 3323 3200 3389 eﬁiceremur,
3229 3324 3522 3386 circumci-

1939 3417 2258 3488 sionemque
2297 3418 2351 3472 in
2376 3417 2496 3487 ipso
2521 3418 2952 3487 susciperemus,
2981 3431 3109 3486 quae
3151 3431 3260 3472 nou
3301 3431 3521 3470 carnem

1939 3509 2198 3574 alliceret,
2221 3511 2316 3565 sed
2343 3509 2596 3580 spiritum
2625 3517 2906 3580 purgaret,
2937 3525 3046 3564 non
3079 3525 3111 3564 a
3143 3510 3524 3586 corporalibus

1940 3601 2196 3656 sordibus
2224 3601 2510 3665 liberaret,
2555 3601 2653 3655 sed
2694 3600 2864 3654 animi
2909 3601 3134 3654 morbos
3174 3600 3519 3656 dissolveret.

1939 3690 2170 3756 Quando
2211 3689 2360 3746 enim
2409 3688 2666 3745 Christus
2711 3689 2932 3753 revixit,
2971 3688 3244 3744 dissoluto
3289 3689 3526 3760 imperio

1939 3783 2153 3848 mortis,
2183 3792 2316 3839 tunc
2351 3782 2576 3836 demum
2599 3781 2773 3836 veluti
2798 3781 3072 3852 primitias
3093 3779 3360 3849 quaedam
3395 3778 3522 3849 Spi-

1939 3875 2081 3929 ritus
2113 3874 2286 3929 sancti
2329 3873 2618 3942 discipulis
2655 3873 2902 3928 immisit.
2941 3871 3240 3926 lnsuﬁlavit
3277 3872 3425 3926 enim
3464 3872 3522 3926 in

1938 3963 2088 4034 ipsos
2119 3963 2336 4028 dicens,
2367 3980 2386 4013 ι
2416 3962 2664 4031 Accipite
2691 3961 2956 4031 Spiritum
2984 3967 3234 4013 sanctum
3258 3960 3324 4011 ⁸³.
3359 3978 3377 4009 ι
3407 3958 3520 4013 Ca-

1933 4056 2026 4127 jus
2083 4056 2252 4110 etiam
2302 4053 2591 4108 sententia:
2637 4060 2723 4107 est
2769 4050 3211 4122 sapientissimus
3261 4050 3518 4115 Joannes,

1939 4149 2131 4203 dicens
2155 4165 2169 4200 :
2196 4167 2216 4198 ι
2237 4145 2492 4201 Nondum
2517 4146 2664 4200 enim
2687 4154 2808 4199 erat
2831 4144 3070 4214 Spiritus
3095 4149 3318 4198 sanctus
3336 4143 3520 4206 datus,

1941 4238 2068 4309 quia
2087 4238 2246 4293 Iesus
2269 4238 2516 4292 nondum
2538 4246 2659 4291 erat
2683 4234 3020 4307 gloriﬁcatus
3041 4233 3107 4286 “.
3128 4251 3148 4283 ι
3173 4231 3550 4287 Gloriﬁcatus‘

269 4363 287 4396 ι
334 4323 546 4398 Λάὅετε
584 4343 807 4414 Πνεῦμα
836 4344 1012 4409 ἅγιον.
1069 4361 1088 4394 ι
1128 4341 1462 4412 Συλλήψεται
1493 4338 1549 4393 δὲ
1588 4339 1665 4410 τῷ
1697 4337 1838 4408 λόγῳ

1941 4329 2214 4398 siquidem
2243 4335 2350 4391 est,
2376 4343 2501 4382 cum
2529 4325 2836 4382 resurrexit
2860 4340 2890 4379 a
2918 4323 3152 4378 mortuis
3185 4333 3379 4381 octavo
3405 4323 3517 4379 die.

267 4436 354 4488 nl
380 4435 410 4485 6
441 4437 752 4503 σοφώτατος
795 4433 1068 4502 Ἰωάννης,
1092 4433 1267 4498 λέγων
1285 4447 1300 4462 ν
1319 4428 1353 4483 ἰ
1383 4430 1610 4484 οὐδέπω
1635 4429 1746 4499 γὰρ
1769 4424 1837 4498 ἦν

267 4526 485 4596 Πνεῦμα
519 4526 693 4594 ἅγιον,
719 4527 800 4579 ὅτι
839 4524 1047 4595 Ἰησοῦς
1075 4523 1286 4578 οὐδέπω
1315 4521 1598 4592 ἐδοξάσθη.
1635 4540 1653 4572 ι
1685 4519 1838 4572 Δεδὸ-

269 4618 451 4682 iam:
487 4618 587 4686 μὲν
627 4615 756 4687 γὰρ,
788 4616 1160 4686 ἐγηγερμένος
1190 4617 1254 4668 ὲκ
1294 4613 1538 4684 νεκρῶν,
1572 4610 1713 4664 κατά
1738 4611 1838 4680 τὴν

264 4707 471 4777 ὀγδόην.
508 4707 795 4777 Τοιγάρτοι
824 4709 918 4760 καὶ
958 4708 1038 4770 είς
1067 4707 1219 4776 ἡμᾶς
1253 4705 1456 4775 ἠνέχθη
1500 4703 1562 4756 τὺ
1598 4702 1836 4770 πνεῦμα,

265 4798 353 4849 καὶ
403 4799 461 4849 ἐν
486 4795 637 4858 αὑτῶ
662 4794 1113 4866 περιτετμήμεθα
1141 4796 1410 4864 περιτομῇ
1439 4792 1839 4862 ἀχειροποιήτῳ

261 4887 352 4940 καὶ
379 4889 566 4957 νοητῇ.
612 4886 850 4941 Ἀνδάνει
889 4885 997 4956 γὰρ
1027 4877 1184 4946 οὗτος
1215 4883 1334 4954 Θεῷ
1357 4883 1454 4953 τῆς
1482 4882 1785 4953 περιτομῆς
1809 4883 1840 4934 6

258 4978 477 5046 τρόπος.
503 4979 615 5032 Καὶ
633 4977 764 5047 γοῦν
788 4979 818 5031 6
842 4977 1126 5039 θεσπέσιος
1153 4975 1368 5038 Παῦλος
1409 4967 1512 5028 ὧδέ
1539 4975 1614 5045 πή
1649 4989 1836 5043 φησιν·

266 5087 284 5119 ι
316 5071 393 5123 Οὐ
429 5070 538 5140 γὰρ
567 5074 598 5124 6
623 5073 678 5124 ἐν
703 5070 780 5140 τῷ
804 5067 1028 5141 φανερῷ
1065 5067 1315 5135 Ἰουδαῖός
1344 5068 1512 5122 ἐστιν.
1561 5065 1679 5118 οὐδὲ
1712 5067 1745 5134 ἡ
1781 5067 1840 5118 ὲν

1942 4421 2153 4476 Idcirco
2182 4421 2349 4475 etiam
2390 4419 2445 4472 in
2489 4433 2593 4472 nos
2633 4418 2932 4472 translatus
2967 4424 3054 4470 est
3084 4415 3342 4485 Spiritus,
3374 4425 3428 4470 et
3459 4417 3517 4472 in

1943 4513 2062 4582 ipso
2077 4509 2388 4566 circumcisi
2407 4524 2602 4564 sumus
2611 4505 3156 4562 circumcisionenon
3169 4521 3332 4559 manu
3354 4505 3514 4570 facta,

1942 4605 2038 4660 sed
2065 4602 2359 4673 spirituaii.
2395 4601 2493 4656 Hic
2516 4599 2666 4654 enim
2707 4596 3144 4652 circumcisionis
3179 4597 3376 4652 modus
3406 4599 3520 4654 Deo

1943 4695 2140 4765 placet.
2159 4693 2323 4764 Atqui
2347 4693 2569 4748 divinus
2586 4691 2786 4745 Paulus
2809 4689 2940 4744 alibi
2967 4687 3041 4743 ita
3067 4688 3147 4744 ait
3169 4705 3215 4741 ει
3233 4688 3351 4744 Non
3369 4690 3518 4749 enim

1944 4788 2042 4856 qui
2058 4787 2115 4840 in
2129 4785 2420 4841 manifesto
2431 4783 2657 4844 Judaeus
2682 4789 2784 4843 est,
2807 4795 2986 4850 neque
3013 4795 3134 4850 qua:
3159 4780 3212 4834 in
3230 4781 3518 4836 manifesto

1940 4880 1997 4936 in
2008 4894 2172 4936 carne
2188 4887 2273 4934 est
2288 4873 2655 4938 circumcisio;
2673 4871 2770 4926 sed
2787 4871 2879 4941 qui
2896 4871 2948 4924 in
2965 4869 3284 4925 abscondito
3298 4869 3519 4925 Judmus

1945 4979 2030 5028 est
2045 4981 2102 5026 et
2114 4966 2463 5025 circumcisio
2486 4965 2669 5020 cordis
2690 4963 2744 5016 in
2765 4961 2984 5032 spiritu,
3004 4976 3114 5015 non
3133 4959 3317 5013 littera
3333 4977 3345 5012 :
3359 4961 3518 5031 cujus

1941 5064 2061 5119 laus
2097 5077 2208 5116 non
2241 5075 2307 5114 ex
2337 5057 2678 5118 hominibus,
2708 5054 2805 5110 scd
2850 5069 2919 5107 ex
2959 5053 3071 5106 Deo
3095 5050 3268 5106 est“.
3302 5067 3320 5100 ι

256 5158 334 5230 τῷ
363 5161 587 5232 φανερῷ
612 5163 670 5214 ὲν
696 5163 861 5234 σαρκὶ
889 5140 1180 5233 περιτομὴ,
1210 5159 1324 5212 ἀλλ’
1354 5161 1383 5212 6
1413 5161 1470 5210 ὲν
1535 5156 1613 5227 τῷ
1679 5157 1909 5229 κρυπτῷ
1959 5157 2226 5218 Ἰουδαῖος,
2265 5151 2359 5206 καὶ
2401 5148 2672 5220 περιτομὴ
2723 5145 2951 5216 καρδίας
2999 5146 3056 5196 ὲν
3104 5140 3406 5212 πνεύματι.
3456 5141 3517 5202 οὗ

256 5252 566 5321 γράμματι.
602 5245 676 5304 οὗ
703 5254 734 5305 6
770 5251 990 5314 ἔπαινος
1021 5252 1123 5304 ούκ
1171 5251 1231 5316 ἐξ
1261 5249 1586 5321 ἀνθρώπων,
1615 5249 1737 5302 ἀλλ’
1768 5250 1834 5301 ὲκ
1869 5247 1965 5301 τοῦ
1991 5244 2150 5300 ¹Θεοῦ.
2195 5261 2212 5294 ι

330 5340 381 5395 ι’.
419 5342 834 5413 ’Ᾱπρακτούσης
857 5342 915 5396 δὲ
944 5342 1024 5394 ὃτι
1049 5341 1146 5410 τῆς
1173 5343 1231 5394 έν
1257 5342 1407 5412 νόμῳ
1435 5341 1712 5411 λατρείας,
1741 5339 1839 5392 καὶ

259 5431 706 5505 κατακρατούσης
729 5433 830 5504 ήδη
857 5433 956 5503 τῆς
987 5433 1112 5497 νέας
1137 5433 1229 5485 καὶ
1252 5435 1310 5486 έν
1334 5430 1580 5503 Χριστῷ,
1606 5431 1700 5485 καὶ
1729 5430 1840 5484 τῶν

362 5606 562 5678 ⁶⁸,(ὶειι.
593 5606 778 5676 ιγι,9.
893 5607 1093 5664 “Cen.
1119 5623 1246 5674 xvu,
1289 5608 1375 5662 14.

2015 5335 2102 5390 lO.
2145 5333 2300 5400 Quod
2329 5347 2456 5387 vero
2483 5339 2730 5386 cessante
2759 5328 2911 5383 cultu
2936 5324 3115 5397 legali,
3142 5332 3197 5379 ct
3223 5322 3519 5393 imperium

1945 5428 2226 5486 obtinente
2258 5439 2403 5479 novo
2440 5439 2538 5493 per
2569 5421 2878 5485 Christum,
2909 5418 3266 5489 ﬁdelibusque
3301 5411 3517 5490 populis

1493 5608 1538 5640 "
1568 5607 1723 5663 Joan.
1750 5622 1840 5672 xx,
1873 5603 1964 5656 91.
2041 5602 2085 5634 "
2115 5599 2268 5682 Joan.
2293 5614 2390 5664 vn,
2415 5595 2502 5652 59.
2581 5595 2623 5626 ⁸⁷
2658 5595 2817 5650 Rom.
2841 5591 3015 5658 11,28.
