  <div class='ocr_page' id='page_1' title='image "/cluster/home/n/w/nwhite01/storage/ocr_20150623/69/hvd.32044073501983/073.png"; bbox 0 0 4052 6212; ppageno 0'>
   <div class='ocr_carea' id='block_1_1' title="bbox 487 222 591 279">
    <p class='ocr_par' dir='ltr' id='par_1_1' title="bbox 487 222 591 279">
     <span class='ocr_line' id='line_1_1' title="bbox 487 222 591 279; baseline 0.019 -2"><span class='ocrx_word' id='word_1_1' title='bbox 487 222 591 279; x_wconf 71' lang='grc'>155</span> 
     </span>
    </p>
   </div>
   <div class='ocr_carea' id='block_1_2' title="bbox 1475 211 2717 270">
    <p class='ocr_par' dir='ltr' id='par_1_2' title="bbox 1475 211 2717 270">
     <span class='ocr_line' id='line_1_2' title="bbox 1475 211 2717 270; baseline -0.001 -1"><span class='ocrx_word' id='word_1_2' title='bbox 1475 213 1533 269; x_wconf 82' lang='lat' dir='ltr'>S.</span> <span class='ocrx_word' id='word_1_3' title='bbox 1576 212 1852 270; x_wconf 76' lang='lat' dir='ltr'>CYRILLI</span> <span class='ocrx_word' id='word_1_4' title='bbox 1879 211 2360 268; x_wconf 75' lang='lat' dir='ltr'>ALEXANDRINI</span> <span class='ocrx_word' id='word_1_5' title='bbox 2401 211 2717 268; x_wconf 79' lang='lat' dir='ltr'>ARCHIEP.</span> 
     </span>
    </p>
   </div>
   <div class='ocr_carea' id='block_1_3' title="bbox 3649 215 3751 272">
    <p class='ocr_par' dir='ltr' id='par_1_3' title="bbox 3649 215 3751 272">
     <span class='ocr_line' id='line_1_3' title="bbox 3649 215 3751 272; baseline 0.02 -2"><span class='ocrx_word' id='word_1_6' title='bbox 3649 215 3751 272; x_wconf 68' lang='lat' dir='ltr'>i156</span> 
     </span>
    </p>
   </div>
   <div class='ocr_carea' id='block_1_4' title="bbox 482 327 2063 404">
    <p class='ocr_par' dir='ltr' id='par_1_4' title="bbox 482 327 2063 404">
     <span class='ocr_line' id='line_1_4' title="bbox 482 327 2063 404; baseline -0.004 -17"><span class='ocrx_word' id='word_1_7' title='bbox 482 336 591 404; x_wconf 80' lang='lat' dir='ltr'>jam</span> <span class='ocrx_word' id='word_1_8' title='bbox 609 330 836 395; x_wconf 77' lang='lat' dir='ltr'>exortis,</span> <span class='ocrx_word' id='word_1_9' title='bbox 851 329 943 400; x_wconf 90' lang='lat' dir='ltr'>qui</span> <span class='ocrx_word' id='word_1_10' title='bbox 978 331 1121 384; x_wconf 88' lang='lat' dir='ltr'>inter</span> <span class='ocrx_word' id='word_1_11' title='bbox 1148 329 1352 384; x_wconf 87' lang='lat' dir='ltr'>liberos</span> <span class='ocrx_word' id='word_1_12' title='bbox 1369 329 1474 399; x_wconf 75' lang='lat'><strong>81</strong></span> <span class='ocrx_word' id='word_1_13' title='bbox 1501 328 1642 383; x_wconf 90' lang='lat' dir='ltr'>ﬁlios</span> <span class='ocrx_word' id='word_1_14' title='bbox 1659 327 1944 382; x_wconf 73' lang='lat' dir='ltr'>constituti</span> <span class='ocrx_word' id='word_1_15' title='bbox 1965 342 2063 381; x_wconf 83' lang='lat' dir='ltr'>no-</span> 
     </span>
    </p>
   </div>
   <div class='ocr_carea' id='block_1_5' title="bbox 2166 327 3754 404">
    <p class='ocr_par' dir='ltr' id='par_1_5' title="bbox 2169 327 3754 403">
     <span class='ocr_line' id='line_1_5' title="bbox 2169 327 3754 403; baseline 0.006 -25"><span class='ocrx_word' id='word_1_16' title='bbox 2169 327 2226 381; x_wconf 87' lang='grc' dir='ltr'>ἐν</span> <span class='ocrx_word' id='word_1_17' title='bbox 2267 327 2448 382; x_wconf 78' lang='grc' dir='ltr'><strong>πίστει</strong></span> <span class='ocrx_word' id='word_1_18' title='bbox 2487 327 2634 381; x_wconf 85' lang='grc' dir='ltr'>λαῶν</span> <span class='ocrx_word' id='word_1_19' title='bbox 2667 327 3156 400; x_wconf 86' lang='grc' dir='ltr'>ἀναδεδειγμένων,</span> <span class='ocrx_word' id='word_1_20' title='bbox 3205 329 3254 382; x_wconf 73' lang='grc' dir='ltr'>οἳ</span> <span class='ocrx_word' id='word_1_21' title='bbox 3283 330 3373 384; x_wconf 75' lang='grc' dir='ltr'>καὶ</span> <span class='ocrx_word' id='word_1_22' title='bbox 3413 331 3471 383; x_wconf 82' lang='grc' dir='ltr'>ἐν</span> <span class='ocrx_word' id='word_1_23' title='bbox 3501 333 3613 395; x_wconf 78' lang='grc' dir='ltr'>τοῖς</span> <span class='ocrx_word' id='word_1_24' title='bbox 3655 334 3754 403; x_wconf 68' lang='grc' dir='ltr'>τῆς</span> 
     </span>
    </p>
   </div>
   <div class='ocr_carea' id='block_1_6' title="bbox 483 420 2067 495">
    <p class='ocr_par' dir='ltr' id='par_1_6' title="bbox 483 420 2067 495">
     <span class='ocr_line' id='line_1_6' title="bbox 483 420 2067 495; baseline -0.006 -14"><span class='ocrx_word' id='word_1_25' title='bbox 483 440 591 495; x_wconf 89' lang='lat' dir='ltr'>que</span> <span class='ocrx_word' id='word_1_26' title='bbox 605 424 858 494; x_wconf 82' lang='lat' dir='ltr'>spiritum</span> <span class='ocrx_word' id='word_1_27' title='bbox 877 424 1131 478; x_wconf 80' lang='lat' dir='ltr'>servilem</span> <span class='ocrx_word' id='word_1_28' title='bbox 1147 421 1413 476; x_wconf 89' lang='lat' dir='ltr'>habentes</span> <span class='ocrx_word' id='word_1_29' title='bbox 1425 422 1680 485; x_wconf 89' lang='lat' dir='ltr'>clamant,</span> <span class='ocrx_word' id='word_1_30' title='bbox 1699 421 1863 483; x_wconf 83' lang='lat' dir='ltr'>Abba,</span> <span class='ocrx_word' id='word_1_31' title='bbox 1887 420 2067 482; x_wconf 81' lang='lat' dir='ltr'>Pater,</span> 
     </span>
    </p>
   </div>
   <div class='ocr_carea' id='block_1_7' title="bbox 487 511 2070 586">
    <p class='ocr_par' dir='ltr' id='par_1_7' title="bbox 487 511 2070 586">
     <span class='ocr_line' id='line_1_7' title="bbox 487 511 2070 586; baseline -0.004 -14"><span class='ocrx_word' id='word_1_32' title='bbox 487 526 700 586; x_wconf 80' lang='lat' dir='ltr'>tempus</span> <span class='ocrx_word' id='word_1_33' title='bbox 735 525 854 570; x_wconf 87' lang='lat' dir='ltr'>erat</span> <span class='ocrx_word' id='word_1_34' title='bbox 873 518 983 586; x_wconf 86' lang='lat' dir='ltr'>jam</span> <span class='ocrx_word' id='word_1_35' title='bbox 1022 526 1082 570; x_wconf 89' lang='lat' dir='ltr'>ut</span> <span class='ocrx_word' id='word_1_36' title='bbox 1119 514 1435 569; x_wconf 72' lang='lat' dir='ltr'>Iudaeorum</span> <span class='ocrx_word' id='word_1_37' title='bbox 1471 512 1749 584; x_wconf 81' lang='lat' dir='ltr'>Synagoga</span> <span class='ocrx_word' id='word_1_38' title='bbox 1789 511 2070 581; x_wconf 85' lang='lat' dir='ltr'>ablegare-</span> 
     </span>
    </p>
   </div>
   <div class='ocr_carea' id='block_1_8' title="bbox 487 601 2065 675">
    <p class='ocr_par' dir='ltr' id='par_1_8' title="bbox 487 601 2065 675">
     <span class='ocr_line' id='line_1_8' title="bbox 487 601 2065 675; baseline -0.004 -13"><span class='ocrx_word' id='word_1_39' title='bbox 487 615 595 670; x_wconf 84' lang='lat' dir='ltr'>tur,</span> <span class='ocrx_word' id='word_1_40' title='bbox 623 614 678 660; x_wconf 90' lang='lat' dir='ltr'>et</span> <span class='ocrx_word' id='word_1_41' title='bbox 700 606 946 661; x_wconf 63' lang='lat' dir='ltr'>exheres</span> <span class='ocrx_word' id='word_1_42' title='bbox 974 603 1380 675; x_wconf 89' lang='lat' dir='ltr'>quodammodo</span> <span class='ocrx_word' id='word_1_43' title='bbox 1407 601 1786 673; x_wconf 85' lang='lat' dir='ltr'>promissionis</span> <span class='ocrx_word' id='word_1_44' title='bbox 1810 601 2065 671; x_wconf 89' lang='lat' dir='ltr'>populus,</span> 
     </span>
    </p>
   </div>
   <div class='ocr_carea' id='block_1_9' title="bbox 486 693 2067 768">
    <p class='ocr_par' dir='ltr' id='par_1_9' title="bbox 486 693 2067 768">
     <span class='ocr_line' id='line_1_9' title="bbox 486 693 2067 768; baseline -0.004 -16"><span class='ocrx_word' id='word_1_45' title='bbox 486 698 579 768; x_wconf 85' lang='lat' dir='ltr'>qui</span> <span class='ocrx_word' id='word_1_46' title='bbox 628 714 695 752; x_wconf 80' lang='lat' dir='ltr'>ex</span> <span class='ocrx_word' id='word_1_47' title='bbox 739 699 810 752; x_wconf 92' lang='lat' dir='ltr'>iis</span> <span class='ocrx_word' id='word_1_48' title='bbox 856 697 1118 761; x_wconf 81' lang='lat' dir='ltr'>oriretur,</span> <span class='ocrx_word' id='word_1_49' title='bbox 1171 695 1344 751; x_wconf 86' lang='lat' dir='ltr'>ﬁeret.</span> <span class='ocrx_word' id='word_1_50' title='bbox 1394 696 1568 750; x_wconf 90' lang='lat' dir='ltr'>Porro</span> <span class='ocrx_word' id='word_1_51' title='bbox 1617 693 1764 763; x_wconf 89' lang='lat' dir='ltr'>quod</span> <span class='ocrx_word' id='word_1_52' title='bbox 1809 707 2067 748; x_wconf 90' lang='lat' dir='ltr'>successu</span> 
     </span>
    </p>
   </div>
   <div class='ocr_carea' id='block_1_10' title="bbox 487 782 2064 857">
    <p class='ocr_par' dir='ltr' id='par_1_10' title="bbox 487 782 2064 857">
     <span class='ocr_line' id='line_1_10' title="bbox 487 782 2064 857; baseline -0.006 -12"><span class='ocrx_word' id='word_1_53' title='bbox 487 787 752 857; x_wconf 84' lang='lat' dir='ltr'>temporis</span> <span class='ocrx_word' id='word_1_54' title='bbox 771 786 844 840; x_wconf 90' lang='lat' dir='ltr'>sit</span> <span class='ocrx_word' id='word_1_55' title='bbox 884 801 1230 850; x_wconf 83' lang='lat' dir='ltr'>reversurus,</span> <span class='ocrx_word' id='word_1_56' title='bbox 1267 793 1323 839; x_wconf 92' lang='lat' dir='ltr'>et</span> <span class='ocrx_word' id='word_1_57' title='bbox 1372 793 1631 852; x_wconf 88' lang='lat' dir='ltr'>acceptus</span> <span class='ocrx_word' id='word_1_58' title='bbox 1671 783 1784 836; x_wconf 90' lang='lat' dir='ltr'>Deo</span> <span class='ocrx_word' id='word_1_59' title='bbox 1827 782 2064 844; x_wconf 84' lang='lat' dir='ltr'>futurus,</span> 
     </span>
    </p>
   </div>
   <div class='ocr_carea' id='block_1_11' title="bbox 485 872 2071 949">
    <p class='ocr_par' dir='ltr' id='par_1_11' title="bbox 485 872 2071 949">
     <span class='ocr_line' id='line_1_11' title="bbox 485 872 2071 949; baseline -0.004 -17"><span class='ocrx_word' id='word_1_60' title='bbox 485 878 742 949; x_wconf 87' lang='lat' dir='ltr'>quodque</span> <span class='ocrx_word' id='word_1_61' title='bbox 774 891 1068 947; x_wconf 81' lang='lat' dir='ltr'>supernam</span> <span class='ocrx_word' id='word_1_62' title='bbox 1094 875 1336 930; x_wconf 66' lang='lat' dir='ltr'>caelestis</span> <span class='ocrx_word' id='word_1_63' title='bbox 1366 874 1548 928; x_wconf 87' lang='lat' dir='ltr'>Patris</span> <span class='ocrx_word' id='word_1_64' title='bbox 1580 872 1971 941; x_wconf 81' lang='lat' dir='ltr'>benignitatem</span> <span class='ocrx_word' id='word_1_65' title='bbox 1999 873 2071 926; x_wconf 90' lang='lat' dir='ltr'>sit</span> 
     </span>
    </p>
   </div>
   <div class='ocr_carea' id='block_1_12' title="bbox 485 964 2068 1040">
    <p class='ocr_par' dir='ltr' id='par_1_12' title="bbox 485 964 2068 1040">
     <span class='ocr_line' id='line_1_12' title="bbox 485 964 2068 1040; baseline -0.004 -16"><span class='ocrx_word' id='word_1_66' title='bbox 485 976 832 1040; x_wconf 83' lang='lat' dir='ltr'>cxperturus,</span> <span class='ocrx_word' id='word_1_67' title='bbox 854 976 908 1022; x_wconf 90' lang='lat' dir='ltr'>et</span> <span class='ocrx_word' id='word_1_68' title='bbox 931 967 1271 1021; x_wconf 87' lang='lat' dir='ltr'>Salvatorem</span> <span class='ocrx_word' id='word_1_69' title='bbox 1298 981 1361 1019; x_wconf 87' lang='lat' dir='ltr'>ac</span> <span class='ocrx_word' id='word_1_70' title='bbox 1385 966 1810 1034; x_wconf 82' lang='lat' dir='ltr'>Redemptorem</span> <span class='ocrx_word' id='word_1_71' title='bbox 1844 964 2068 1018; x_wconf 86' lang='lat' dir='ltr'>univer-</span> 
     </span>
    </p>
   </div>
   <div class='ocr_carea' id='block_1_13' title="bbox 488 1053 2069 1128">
    <p class='ocr_par' dir='ltr' id='par_1_13' title="bbox 488 1053 2069 1128">
     <span class='ocr_line' id='line_1_13' title="bbox 488 1053 2069 1128; baseline -0.005 -12"><span class='ocrx_word' id='word_1_72' title='bbox 488 1076 674 1116; x_wconf 87' lang='lat' dir='ltr'>sorum</span> <span class='ocrx_word' id='word_1_73' title='bbox 726 1059 1068 1128; x_wconf 83' lang='lat' dir='ltr'>cogniturus,</span> <span class='ocrx_word' id='word_1_74' title='bbox 1112 1071 1266 1112; x_wconf 89' lang='lat' dir='ltr'>sacra</span> <span class='ocrx_word' id='word_1_75' title='bbox 1316 1055 1600 1126; x_wconf 85' lang='lat' dir='ltr'>Scriptura</span> <span class='ocrx_word' id='word_1_76' title='bbox 1644 1070 1863 1108; x_wconf 89' lang='lat' dir='ltr'>rursum</span> <span class='ocrx_word' id='word_1_77' title='bbox 1908 1053 2069 1108; x_wconf 89' lang='lat' dir='ltr'>nobis</span> 
     </span>
    </p>
   </div>
   <div class='ocr_carea' id='block_1_14' title="bbox 490 1147 2067 1222">
    <p class='ocr_par' dir='ltr' id='par_1_14' title="bbox 490 1147 2067 1222">
     <span class='ocr_line' id='line_1_14' title="bbox 490 1147 2067 1222; baseline -0.003 -17"><span class='ocrx_word' id='word_1_78' title='bbox 490 1151 780 1222; x_wconf 85' lang='lat' dir='ltr'>signiﬁcat.</span> <span class='ocrx_word' id='word_1_79' title='bbox 812 1150 1103 1203; x_wconf 89' lang='lat' dir='ltr'>Ludebant</span> <span class='ocrx_word' id='word_1_80' title='bbox 1131 1149 1278 1202; x_wconf 88' lang='lat' dir='ltr'>enim</span> <span class='ocrx_word' id='word_1_81' title='bbox 1305 1147 1449 1200; x_wconf 91' lang='lat' dir='ltr'>inter</span> <span class='ocrx_word' id='word_1_82' title='bbox 1481 1162 1539 1200; x_wconf 83' lang='lat' dir='ltr'>sc</span> <span class='ocrx_word' id='word_1_83' title='bbox 1569 1147 1896 1206; x_wconf 72' lang='lat' dir='ltr'>insultantes</span> <span class='ocrx_word' id='word_1_84' title='bbox 1919 1147 2067 1200; x_wconf 73' lang='lat' dir='ltr'>invi-</span> 
     </span>
    </p>
   </div>
   <div class='ocr_carea' id='block_1_15' title="bbox 486 1238 2068 1313">
    <p class='ocr_par' dir='ltr' id='par_1_15' title="bbox 486 1238 2068 1313">
     <span class='ocr_line' id='line_1_15' title="bbox 486 1238 2068 1313; baseline -0.004 -15"><span class='ocrx_word' id='word_1_85' title='bbox 486 1260 604 1298; x_wconf 90' lang='lat' dir='ltr'>cem</span> <span class='ocrx_word' id='word_1_86' title='bbox 653 1242 834 1313; x_wconf 88' lang='lat' dir='ltr'>pueri,</span> <span class='ocrx_word' id='word_1_87' title='bbox 881 1242 1031 1296; x_wconf 87' lang='lat' dir='ltr'>lsaac</span> <span class='ocrx_word' id='word_1_88' title='bbox 1080 1240 1340 1294; x_wconf 87' lang='lat' dir='ltr'>nimirum</span> <span class='ocrx_word' id='word_1_89' title='bbox 1382 1247 1438 1292; x_wconf 91' lang='lat' dir='ltr'>et</span> <span class='ocrx_word' id='word_1_90' title='bbox 1483 1238 1698 1292; x_wconf 87' lang='lat' dir='ltr'>lsmael.</span> <span class='ocrx_word' id='word_1_91' title='bbox 1749 1239 2068 1293; x_wconf 86' lang='lat' dir='ltr'>Persecutio</span> 
     </span>
    </p>
   </div>
   <div class='ocr_carea' id='block_1_16' title="bbox 485 1329 2066 1402">
    <p class='ocr_par' dir='ltr' id='par_1_16' title="bbox 485 1329 2066 1402">
     <span class='ocr_line' id='line_1_16' title="bbox 485 1329 2066 1402; baseline -0.004 -12"><span class='ocrx_word' id='word_1_92' title='bbox 485 1345 689 1399; x_wconf 89' lang='lat' dir='ltr'>autem,</span> <span class='ocrx_word' id='word_1_93' title='bbox 717 1343 776 1388; x_wconf 90' lang='lat' dir='ltr'>ut</span> <span class='ocrx_word' id='word_1_94' title='bbox 805 1335 1064 1396; x_wconf 85' lang='lat' dir='ltr'>arbitror,</span> <span class='ocrx_word' id='word_1_95' title='bbox 1093 1339 1213 1386; x_wconf 90' lang='lat' dir='ltr'>erat</span> <span class='ocrx_word' id='word_1_96' title='bbox 1245 1345 1417 1402; x_wconf 86' lang='lat' dir='ltr'>genus</span> <span class='ocrx_word' id='word_1_97' title='bbox 1449 1329 1586 1394; x_wconf 90' lang='lat' dir='ltr'>ludi,</span> <span class='ocrx_word' id='word_1_98' title='bbox 1615 1340 1778 1399; x_wconf 84' lang='lat' dir='ltr'>atque</span> <span class='ocrx_word' id='word_1_99' title='bbox 1807 1331 2066 1400; x_wconf 85' lang='lat' dir='ltr'>inseque-</span> 
     </span>
    </p>
   </div>
   <div class='ocr_carea' id='block_1_17' title="bbox 487 1423 2066 1497">
    <p class='ocr_par' dir='ltr' id='par_1_17' title="bbox 487 1423 2066 1497">
     <span class='ocr_line' id='line_1_17' title="bbox 487 1423 2066 1497; baseline -0.003 -15"><span class='ocrx_word' id='word_1_100' title='bbox 487 1429 649 1484; x_wconf 82' lang='lat' dir='ltr'>batur</span> <span class='ocrx_word' id='word_1_101' title='bbox 669 1426 889 1497; x_wconf 86' lang='lat' dir='ltr'>quidem</span> <span class='ocrx_word' id='word_1_102' title='bbox 918 1426 1141 1489; x_wconf 86' lang='lat' dir='ltr'>lsmael;</span> <span class='ocrx_word' id='word_1_103' title='bbox 1176 1423 1417 1493; x_wconf 80' lang='lat' dir='ltr'>fugiebat</span> <span class='ocrx_word' id='word_1_104' title='bbox 1437 1430 1617 1477; x_wconf 87' lang='lat' dir='ltr'>autem</span> <span class='ocrx_word' id='word_1_105' title='bbox 1640 1423 1810 1476; x_wconf 86' lang='lat' dir='ltr'>lsaac.</span> <span class='ocrx_word' id='word_1_106' title='bbox 1840 1423 2066 1493; x_wconf 84' lang='lat' dir='ltr'>lndigne</span> 
     </span>
    </p>
   </div>
   <div class='ocr_carea' id='block_1_18' title="bbox 487 1513 2061 1582">
    <p class='ocr_par' dir='ltr' id='par_1_18' title="bbox 487 1513 2061 1582">
     <span class='ocr_line' id='line_1_18' title="bbox 487 1513 2061 1582; baseline -0.006 -7"><span class='ocrx_word' id='word_1_107' title='bbox 487 1530 669 1575; x_wconf 90' lang='lat' dir='ltr'>autem</span> <span class='ocrx_word' id='word_1_108' title='bbox 718 1520 826 1574; x_wconf 89' lang='lat' dir='ltr'>hoc</span> <span class='ocrx_word' id='word_1_109' title='bbox 871 1517 1082 1572; x_wconf 77' lang='lat' dir='ltr'>ferebat</span> <span class='ocrx_word' id='word_1_110' title='bbox 1129 1516 1319 1570; x_wconf 67' lang='lat' dir='ltr'>libera:</span> <span class='ocrx_word' id='word_1_111' title='bbox 1366 1529 1542 1578; x_wconf 88' lang='lat' dir='ltr'>mens,</span> <span class='ocrx_word' id='word_1_112' title='bbox 1610 1514 1762 1567; x_wconf 73' lang='lat' dir='ltr'>Sara:</span> <span class='ocrx_word' id='word_1_113' title='bbox 1817 1513 2061 1582; x_wconf 85' lang='lat' dir='ltr'>inquam,</span> 
     </span>
    </p>
   </div>
   <div class='ocr_carea' id='block_1_19' title="bbox 487 1604 2062 1681">
    <p class='ocr_par' dir='ltr' id='par_1_19' title="bbox 487 1604 2062 1681">
     <span class='ocr_line' id='line_1_19' title="bbox 487 1604 2062 1681; baseline -0.007 -14"><span class='ocrx_word' id='word_1_114' title='bbox 487 1613 734 1681; x_wconf 79' lang='lat' dir='ltr'>dixitque</span> <span class='ocrx_word' id='word_1_115' title='bbox 787 1610 855 1664; x_wconf 89' lang='lat' dir='ltr'>ad</span> <span class='ocrx_word' id='word_1_116' title='bbox 901 1609 1147 1664; x_wconf 83' lang='lat' dir='ltr'>divinum</span> <span class='ocrx_word' id='word_1_117' title='bbox 1193 1606 1512 1660; x_wconf 81' lang='lat' dir='ltr'>Abraham:</span> <span class='ocrx_word' id='word_1_118' title='bbox 1563 1623 1580 1654; x_wconf 81' lang='grc' dir='ltr'><strong>ι</strong></span> <span class='ocrx_word' id='word_1_119' title='bbox 1614 1604 1762 1673; x_wconf 84' lang='lat' dir='ltr'>Ejice</span> <span class='ocrx_word' id='word_1_120' title='bbox 1809 1604 2062 1657; x_wconf 85' lang='lat' dir='ltr'>ancillam</span> 
     </span>
    </p>
   </div>
   <div class='ocr_carea' id='block_1_20' title="bbox 485 1693 2064 1770">
    <p class='ocr_par' dir='ltr' id='par_1_20' title="bbox 485 1693 2064 1770">
     <span class='ocr_line' id='line_1_20' title="bbox 485 1693 2064 1770; baseline -0.006 -12"><span class='ocrx_word' id='word_1_121' title='bbox 485 1704 648 1766; x_wconf 88' lang='lat' dir='ltr'>hanc,</span> <span class='ocrx_word' id='word_1_122' title='bbox 673 1709 730 1756; x_wconf 89' lang='lat' dir='ltr'>et</span> <span class='ocrx_word' id='word_1_123' title='bbox 765 1701 938 1755; x_wconf 91' lang='lat' dir='ltr'>ﬁlium</span> <span class='ocrx_word' id='word_1_124' title='bbox 966 1701 1102 1770; x_wconf 85' lang='lat' dir='ltr'>ejus.</span> <span class='ocrx_word' id='word_1_125' title='bbox 1128 1698 1317 1767; x_wconf 87' lang='lat' dir='ltr'>Neque</span> <span class='ocrx_word' id='word_1_126' title='bbox 1358 1697 1505 1751; x_wconf 90' lang='lat' dir='ltr'>enim</span> <span class='ocrx_word' id='word_1_127' title='bbox 1543 1695 1887 1750; x_wconf 66' lang='lat' dir='ltr'>litereditabit</span> <span class='ocrx_word' id='word_1_128' title='bbox 1920 1693 2064 1749; x_wconf 87' lang='lat' dir='ltr'>ﬁlius</span> 
     </span>
    </p>
   </div>
   <div class='ocr_carea' id='block_1_21' title="bbox 488 1787 2063 1862">
    <p class='ocr_par' dir='ltr' id='par_1_21' title="bbox 488 1787 2063 1862">
     <span class='ocr_line' id='line_1_21' title="bbox 488 1787 2063 1862; baseline -0.007 -12"><span class='ocrx_word' id='word_1_129' title='bbox 488 1793 700 1850; x_wconf 77' lang='lat' dir='ltr'>ancilla:</span> <span class='ocrx_word' id='word_1_130' title='bbox 727 1793 893 1862; x_wconf 87' lang='lat' dir='ltr'>hujus</span> <span class='ocrx_word' id='word_1_131' title='bbox 951 1807 1073 1845; x_wconf 87' lang='lat' dir='ltr'>cum</span> <span class='ocrx_word' id='word_1_132' title='bbox 1107 1789 1219 1842; x_wconf 79' lang='lat' dir='ltr'>ﬁlio</span> <span class='ocrx_word' id='word_1_133' title='bbox 1249 1803 1371 1842; x_wconf 88' lang='lat' dir='ltr'>meo</span> <span class='ocrx_word' id='word_1_134' title='bbox 1397 1789 1546 1842; x_wconf 75' lang='lat' dir='ltr'>lraac</span> <span class='ocrx_word' id='word_1_135' title='bbox 1570 1787 1633 1838; x_wconf 75' lang='lat'>°&quot;.</span> <span class='ocrx_word' id='word_1_136' title='bbox 1664 1807 1680 1836; x_wconf 78' lang='grc' dir='ltr'>ι</span> <span class='ocrx_word' id='word_1_137' title='bbox 1713 1787 1899 1856; x_wconf 85' lang='lat' dir='ltr'>Neque</span> <span class='ocrx_word' id='word_1_138' title='bbox 1931 1801 2063 1840; x_wconf 84' lang='lat' dir='ltr'>vero</span> 
     </span>
    </p>
   </div>
   <div class='ocr_carea' id='block_1_22' title="bbox 482 1877 2064 1954">
    <p class='ocr_par' dir='ltr' id='par_1_22' title="bbox 482 1877 2064 1954">
     <span class='ocr_line' id='line_1_22' title="bbox 482 1877 2064 1954; baseline -0.004 -15"><span class='ocrx_word' id='word_1_139' title='bbox 482 1884 762 1954; x_wconf 74' lang='lat' dir='ltr'>iucundus</span> <span class='ocrx_word' id='word_1_140' title='bbox 807 1882 909 1935; x_wconf 82' lang='lat' dir='ltr'>fuit</span> <span class='ocrx_word' id='word_1_141' title='bbox 954 1881 1144 1935; x_wconf 84' lang='lat' dir='ltr'>auditu</span> <span class='ocrx_word' id='word_1_142' title='bbox 1184 1880 1276 1934; x_wconf 89' lang='lat' dir='ltr'>hic</span> <span class='ocrx_word' id='word_1_143' title='bbox 1305 1894 1486 1933; x_wconf 85' lang='lat' dir='ltr'>sermo</span> <span class='ocrx_word' id='word_1_144' title='bbox 1527 1878 1780 1932; x_wconf 70' lang='lat' dir='ltr'>Abrahae.</span> <span class='ocrx_word' id='word_1_145' title='bbox 1826 1877 2064 1932; x_wconf 85' lang='lat' dir='ltr'>Monitus</span> 
     </span>
    </p>
   </div>
   <div class='ocr_carea' id='block_1_23' title="bbox 485 1967 2063 2039">
    <p class='ocr_par' dir='ltr' id='par_1_23' title="bbox 485 1967 2063 2039">
     <span class='ocr_line' id='line_1_23' title="bbox 485 1967 2063 2039; baseline -0.005 -12"><span class='ocrx_word' id='word_1_146' title='bbox 485 1980 669 2027; x_wconf 82' lang='lat' dir='ltr'>autem</span> <span class='ocrx_word' id='word_1_147' title='bbox 701 1978 785 2025; x_wconf 85' lang='lat' dir='ltr'>est</span> <span class='ocrx_word' id='word_1_148' title='bbox 813 1987 843 2024; x_wconf 90' lang='lat' dir='ltr'>a</span> <span class='ocrx_word' id='word_1_149' title='bbox 867 1971 978 2024; x_wconf 89' lang='lat' dir='ltr'>Deo</span> <span class='ocrx_word' id='word_1_150' title='bbox 997 1969 1491 2039; x_wconf 88' lang='lat' dir='ltr'>obtemperandum</span> <span class='ocrx_word' id='word_1_151' title='bbox 1519 1983 1639 2022; x_wconf 90' lang='lat' dir='ltr'>esse</span> <span class='ocrx_word' id='word_1_152' title='bbox 1675 1967 1914 2020; x_wconf 89' lang='lat' dir='ltr'>sermoni</span> <span class='ocrx_word' id='word_1_153' title='bbox 1963 1967 2063 2021; x_wconf 88' lang='lat' dir='ltr'>Sa-</span> 
     </span>
    </p>
   </div>
   <div class='ocr_carea' id='block_1_24' title="bbox 487 2058 2064 2130">
    <p class='ocr_par' dir='ltr' id='par_1_24' title="bbox 487 2058 2064 2130">
     <span class='ocr_line' id='line_1_24' title="bbox 487 2058 2064 2130; baseline -0.003 -14"><span class='ocrx_word' id='word_1_154' title='bbox 487 2078 580 2116; x_wconf 71' lang='lat' dir='ltr'>m.</span> <span class='ocrx_word' id='word_1_155' title='bbox 618 2062 754 2116; x_wconf 88' lang='lat' dir='ltr'>Dato</span> <span class='ocrx_word' id='word_1_156' title='bbox 793 2061 978 2130; x_wconf 87' lang='lat' dir='ltr'>itaque</span> <span class='ocrx_word' id='word_1_157' title='bbox 1021 2061 1164 2130; x_wconf 86' lang='lat' dir='ltr'>Agar</span> <span class='ocrx_word' id='word_1_158' title='bbox 1205 2059 1408 2114; x_wconf 88' lang='lat' dir='ltr'>viatico</span> <span class='ocrx_word' id='word_1_159' title='bbox 1454 2058 1609 2128; x_wconf 86' lang='lat' dir='ltr'>panis</span> <span class='ocrx_word' id='word_1_160' title='bbox 1647 2067 1901 2127; x_wconf 73' lang='lat' dir='ltr'>etaquae,</span> <span class='ocrx_word' id='word_1_161' title='bbox 1954 2073 2064 2112; x_wconf 85' lang='lat' dir='ltr'>una</span> 
     </span>
    </p>
   </div>
   <div class='ocr_carea' id='block_1_25' title="bbox 485 2149 2066 2220">
    <p class='ocr_par' dir='ltr' id='par_1_25' title="bbox 485 2149 2066 2220">
     <span class='ocr_line' id='line_1_25' title="bbox 485 2149 2066 2220; baseline -0.003 -12"><span class='ocrx_word' id='word_1_162' title='bbox 485 2170 610 2208; x_wconf 90' lang='lat' dir='ltr'>cum</span> <span class='ocrx_word' id='word_1_163' title='bbox 635 2153 748 2208; x_wconf 88' lang='lat' dir='ltr'>ﬁlio</span> <span class='ocrx_word' id='word_1_164' title='bbox 789 2153 860 2207; x_wconf 91' lang='lat' dir='ltr'>ab</span> <span class='ocrx_word' id='word_1_165' title='bbox 907 2152 1069 2207; x_wconf 89' lang='lat' dir='ltr'>herili</span> <span class='ocrx_word' id='word_1_166' title='bbox 1094 2151 1256 2206; x_wconf 89' lang='lat' dir='ltr'>domo</span> <span class='ocrx_word' id='word_1_167' title='bbox 1279 2150 1564 2205; x_wconf 85' lang='lat' dir='ltr'>discedere</span> <span class='ocrx_word' id='word_1_168' title='bbox 1585 2149 1766 2220; x_wconf 86' lang='lat' dir='ltr'>jussit.</span> <span class='ocrx_word' id='word_1_169' title='bbox 1793 2149 1924 2215; x_wconf 74' lang='lat' dir='ltr'>Quae</span> <span class='ocrx_word' id='word_1_170' title='bbox 1944 2150 2066 2218; x_wconf 91' lang='lat' dir='ltr'>qui-</span> 
     </span>
    </p>
   </div>
   <div class='ocr_carea' id='block_1_26' title="bbox 487 2239 2065 2312">
    <p class='ocr_par' dir='ltr' id='par_1_26' title="bbox 487 2239 2065 2312">
     <span class='ocr_line' id='line_1_26' title="bbox 487 2239 2065 2312; baseline -0.004 -13"><span class='ocrx_word' id='word_1_171' title='bbox 487 2244 612 2299; x_wconf 90' lang='lat' dir='ltr'>dem</span> <span class='ocrx_word' id='word_1_172' title='bbox 661 2243 798 2297; x_wconf 88' lang='lat' dir='ltr'>abiit</span> <span class='ocrx_word' id='word_1_173' title='bbox 838 2249 1030 2296; x_wconf 87' lang='lat' dir='ltr'>moesta</span> <span class='ocrx_word' id='word_1_174' title='bbox 1072 2255 1137 2296; x_wconf 87' lang='lat' dir='ltr'>ac</span> <span class='ocrx_word' id='word_1_175' title='bbox 1183 2239 1340 2295; x_wconf 86' lang='lat' dir='ltr'>ﬁens.</span> <span class='ocrx_word' id='word_1_176' title='bbox 1387 2239 1657 2312; x_wconf 58' lang='lat' dir='ltr'>Caeterum</span> <span class='ocrx_word' id='word_1_177' title='bbox 1703 2240 1924 2294; x_wconf 83' lang='lat' dir='ltr'>errabat</span> <span class='ocrx_word' id='word_1_178' title='bbox 1965 2255 2065 2309; x_wconf 90' lang='lat' dir='ltr'>per</span> 
     </span>
    </p>
   </div>
   <div class='ocr_carea' id='block_1_27' title="bbox 487 2332 2059 2401">
    <p class='ocr_par' dir='ltr' id='par_1_27' title="bbox 487 2332 2059 2401">
     <span class='ocr_line' id='line_1_27' title="bbox 487 2332 2059 2401; baseline -0.003 -9"><span class='ocrx_word' id='word_1_179' title='bbox 487 2335 863 2392; x_wconf 87' lang='lat' dir='ltr'>solitudinem.</span> <span class='ocrx_word' id='word_1_180' title='bbox 909 2334 1261 2388; x_wconf 86' lang='lat' dir='ltr'>Periclitaute</span> <span class='ocrx_word' id='word_1_181' title='bbox 1328 2348 1461 2387; x_wconf 76' lang='lat' dir='ltr'>\cro</span> <span class='ocrx_word' id='word_1_182' title='bbox 1508 2332 1620 2387; x_wconf 91' lang='lat' dir='ltr'>ﬁlio</span> <span class='ocrx_word' id='word_1_183' title='bbox 1665 2347 1728 2386; x_wconf 88' lang='lat' dir='ltr'>ac</span> <span class='ocrx_word' id='word_1_184' title='bbox 1779 2332 2059 2401; x_wconf 89' lang='lat' dir='ltr'>plorante,</span> 
     </span>
    </p>
   </div>
   <div class='ocr_carea' id='block_1_28' title="bbox 495 2421 2063 2493">
    <p class='ocr_par' dir='ltr' id='par_1_28' title="bbox 495 2421 2063 2493">
     <span class='ocr_line' id='line_1_28' title="bbox 495 2421 2063 2493; baseline 0.003 -21"><span class='ocrx_word' id='word_1_185' title='bbox 495 2443 512 2472; x_wconf 73' lang='grc' dir='ltr'>ι</span> <span class='ocrx_word' id='word_1_186' title='bbox 538 2422 786 2493; x_wconf 80' lang='lat' dir='ltr'>Aperuit,</span> <span class='ocrx_word' id='word_1_187' title='bbox 816 2422 1013 2491; x_wconf 87' lang='lat' dir='ltr'>inquit,</span> <span class='ocrx_word' id='word_1_188' title='bbox 1043 2423 1184 2476; x_wconf 86' lang='lat' dir='ltr'>Deus</span> <span class='ocrx_word' id='word_1_189' title='bbox 1212 2423 1399 2476; x_wconf 91' lang='lat' dir='ltr'>oculos</span> <span class='ocrx_word' id='word_1_190' title='bbox 1428 2422 1588 2490; x_wconf 84' lang='lat' dir='ltr'>Agar,</span> <span class='ocrx_word' id='word_1_191' title='bbox 1615 2431 1670 2476; x_wconf 91' lang='lat' dir='ltr'>et</span> <span class='ocrx_word' id='word_1_192' title='bbox 1693 2421 1832 2477; x_wconf 85' lang='lat' dir='ltr'>vidit</span> <span class='ocrx_word' id='word_1_193' title='bbox 1855 2422 2063 2493; x_wconf 85' lang='lat' dir='ltr'>fontem</span> 
     </span>
    </p>
   </div>
   <div class='ocr_carea' id='block_1_29' title="bbox 491 2511 2064 2583">
    <p class='ocr_par' dir='ltr' id='par_1_29' title="bbox 491 2511 2064 2583">
     <span class='ocr_line' id='line_1_29' title="bbox 491 2511 2064 2583; baseline -0.001 -16"><span class='ocrx_word' id='word_1_194' title='bbox 491 2529 646 2583; x_wconf 62' lang='lat' dir='ltr'>aqua:</span> <span class='ocrx_word' id='word_1_195' title='bbox 676 2513 931 2577; x_wconf 87' lang='lat' dir='ltr'>viventis,</span> <span class='ocrx_word' id='word_1_196' title='bbox 968 2520 1025 2567; x_wconf 86' lang='lat' dir='ltr'>et</span> <span class='ocrx_word' id='word_1_197' title='bbox 1060 2511 1213 2566; x_wconf 88' lang='lat' dir='ltr'>dedit</span> <span class='ocrx_word' id='word_1_198' title='bbox 1251 2511 1302 2565; x_wconf 91' lang='lat' dir='ltr'>ei</span> <span class='ocrx_word' id='word_1_199' title='bbox 1345 2511 1534 2582; x_wconf 80' lang='lat' dir='ltr'>potum</span> <span class='ocrx_word' id='word_1_200' title='bbox 1569 2513 1636 2563; x_wconf 69' lang='grc' dir='ltr'>θ’.</span> <span class='ocrx_word' id='word_1_201' title='bbox 1667 2532 1684 2563; x_wconf 87' lang='grc'>›</span> <span class='ocrx_word' id='word_1_202' title='bbox 1713 2511 1852 2566; x_wconf 81' lang='lat' dir='ltr'>Vide</span> <span class='ocrx_word' id='word_1_203' title='bbox 1895 2513 2064 2582; x_wconf 80' lang='lat' dir='ltr'>igitur</span> 
     </span>
    </p>
   </div>
   <div class='ocr_carea' id='block_1_30' title="bbox 485 2602 2061 2674">
    <p class='ocr_par' dir='ltr' id='par_1_30' title="bbox 485 2602 2061 2674">
     <span class='ocr_line' id='line_1_30' title="bbox 485 2602 2061 2674; baseline -0.001 -17"><span class='ocrx_word' id='word_1_204' title='bbox 485 2619 596 2673; x_wconf 87' lang='lat' dir='ltr'>quo</span> <span class='ocrx_word' id='word_1_205' title='bbox 618 2612 777 2674; x_wconf 88' lang='lat' dir='ltr'>pacto</span> <span class='ocrx_word' id='word_1_206' title='bbox 802 2605 871 2658; x_wconf 91' lang='lat' dir='ltr'>ad</span> <span class='ocrx_word' id='word_1_207' title='bbox 899 2603 1144 2674; x_wconf 86' lang='lat' dir='ltr'>mysterii</span> <span class='ocrx_word' id='word_1_208' title='bbox 1179 2602 1520 2658; x_wconf 83' lang='lat' dir='ltr'>intellectum</span> <span class='ocrx_word' id='word_1_209' title='bbox 1577 2602 1694 2672; x_wconf 90' lang='lat' dir='ltr'>ipse</span> <span class='ocrx_word' id='word_1_210' title='bbox 1727 2602 1892 2658; x_wconf 87' lang='lat' dir='ltr'>etiam</span> <span class='ocrx_word' id='word_1_211' title='bbox 1927 2617 2061 2672; x_wconf 87' lang='lat' dir='ltr'>pue-</span> 
     </span>
    </p>
   </div>
   <div class='ocr_carea' id='block_1_31' title="bbox 487 2691 2063 2747">
    <p class='ocr_par' dir='ltr' id='par_1_31' title="bbox 487 2691 2063 2747">
     <span class='ocr_line' id='line_1_31' title="bbox 487 2691 2063 2747; baseline -0.001 -1"><span class='ocrx_word' id='word_1_212' title='bbox 487 2708 674 2747; x_wconf 88' lang='lat' dir='ltr'>rorum</span> <span class='ocrx_word' id='word_1_213' title='bbox 709 2693 879 2746; x_wconf 86' lang='lat' dir='ltr'>ludus</span> <span class='ocrx_word' id='word_1_214' title='bbox 907 2707 1018 2746; x_wconf 91' lang='lat' dir='ltr'>non</span> <span class='ocrx_word' id='word_1_215' title='bbox 1056 2700 1142 2746; x_wconf 89' lang='lat' dir='ltr'>est</span> <span class='ocrx_word' id='word_1_216' title='bbox 1171 2691 1399 2746; x_wconf 90' lang='lat' dir='ltr'>inutilis.</span> <span class='ocrx_word' id='word_1_217' title='bbox 1433 2691 1765 2747; x_wconf 82' lang='lat' dir='ltr'>Persecutus</span> <span class='ocrx_word' id='word_1_218' title='bbox 1799 2691 1948 2745; x_wconf 84' lang='lat' dir='ltr'>enim</span> <span class='ocrx_word' id='word_1_219' title='bbox 1978 2698 2063 2745; x_wconf 88' lang='lat' dir='ltr'>est</span> 
     </span>
    </p>
   </div>
   <div class='ocr_carea' id='block_1_32' title="bbox 485 2779 2065 2850">
    <p class='ocr_par' dir='ltr' id='par_1_32' title="bbox 485 2779 2065 2850">
     <span class='ocr_line' id='line_1_32' title="bbox 485 2779 2065 2850; baseline -0.001 -14"><span class='ocrx_word' id='word_1_220' title='bbox 485 2782 678 2836; x_wconf 83' lang='lat' dir='ltr'>lsmael</span> <span class='ocrx_word' id='word_1_221' title='bbox 700 2782 868 2837; x_wconf 86' lang='lat' dir='ltr'>Isaac.</span> <span class='ocrx_word' id='word_1_222' title='bbox 885 2782 1154 2837; x_wconf 66' lang='lat' dir='ltr'>Caeterum</span> <span class='ocrx_word' id='word_1_223' title='bbox 1179 2781 1324 2850; x_wconf 87' lang='lat' dir='ltr'>quod</span> <span class='ocrx_word' id='word_1_224' title='bbox 1343 2795 1602 2835; x_wconf 88' lang='lat' dir='ltr'>successu</span> <span class='ocrx_word' id='word_1_225' title='bbox 1633 2779 1896 2848; x_wconf 88' lang='lat' dir='ltr'>temporis</span> <span class='ocrx_word' id='word_1_226' title='bbox 1920 2780 2065 2834; x_wconf 85' lang='lat' dir='ltr'>ﬁlius</span> 
     </span>
    </p>
   </div>
   <div class='ocr_carea' id='block_1_33' title="bbox 485 2868 2062 2937">
    <p class='ocr_par' dir='ltr' id='par_1_33' title="bbox 485 2868 2062 2937">
     <span class='ocr_line' id='line_1_33' title="bbox 485 2868 2062 2937; baseline -0.002 -11"><span class='ocrx_word' id='word_1_227' title='bbox 485 2873 718 2936; x_wconf 64' lang='lat' dir='ltr'>ancillae,</span> <span class='ocrx_word' id='word_1_228' title='bbox 753 2873 859 2928; x_wconf 87' lang='lat' dir='ltr'>hoc</span> <span class='ocrx_word' id='word_1_229' title='bbox 886 2880 971 2928; x_wconf 89' lang='lat' dir='ltr'>est</span> <span class='ocrx_word' id='word_1_230' title='bbox 1005 2873 1216 2937; x_wconf 87' lang='lat' dir='ltr'>lsmael,</span> <span class='ocrx_word' id='word_1_231' title='bbox 1255 2871 1430 2926; x_wconf 82' lang='lat' dir='ltr'>ﬁlium</span> <span class='ocrx_word' id='word_1_232' title='bbox 1473 2871 1678 2934; x_wconf 68' lang='lat' dir='ltr'>liberte,</span> <span class='ocrx_word' id='word_1_233' title='bbox 1705 2870 1820 2924; x_wconf 80' lang='lat' dir='ltr'>sive</span> <span class='ocrx_word' id='word_1_234' title='bbox 1845 2868 2062 2925; x_wconf 87' lang='lat' dir='ltr'>ﬁdelem</span> 
     </span>
    </p>
   </div>
   <div class='ocr_carea' id='block_1_34' title="bbox 2171 417 3754 492">
    <p class='ocr_par' dir='ltr' id='par_1_34' title="bbox 2171 417 3754 492">
     <span class='ocr_line' id='line_1_34' title="bbox 2171 417 3754 492; baseline 0.004 -21"><span class='ocrx_word' id='word_1_235' title='bbox 2171 417 2465 488; x_wconf 80' lang='grc' dir='ltr'>ἐλευθέρας</span> <span class='ocrx_word' id='word_1_236' title='bbox 2515 418 2782 472; x_wconf 86' lang='grc' dir='ltr'>τέθεινται</span> <span class='ocrx_word' id='word_1_237' title='bbox 2840 419 3052 484; x_wconf 86' lang='grc' dir='ltr'>τέκνοις</span> <span class='ocrx_word' id='word_1_238' title='bbox 3109 419 3172 473; x_wconf 82' lang='grc' dir='ltr'>τὸ</span> <span class='ocrx_word' id='word_1_239' title='bbox 3231 419 3597 492; x_wconf 77' lang='grc' dir='ltr'>δουλοπρεπὲς</span> <span class='ocrx_word' id='word_1_240' title='bbox 3651 424 3754 477; x_wconf 82' lang='grc' dir='ltr'>οὐκ</span> 
     </span>
    </p>
   </div>
   <div class='ocr_carea' id='block_1_35' title="bbox 2171 509 3748 582">
    <p class='ocr_par' dir='ltr' id='par_1_35' title="bbox 2171 509 3748 582">
     <span class='ocr_line' id='line_1_35' title="bbox 2171 509 3748 582; baseline 0.004 -22"><span class='ocrx_word' id='word_1_241' title='bbox 2171 509 2386 578; x_wconf 78' lang='grc' dir='ltr'>ἔχοντες</span> <span class='ocrx_word' id='word_1_242' title='bbox 2406 509 2620 579; x_wconf 84' lang='grc' dir='ltr'>πνεῦμα</span> <span class='ocrx_word' id='word_1_243' title='bbox 2637 510 3055 581; x_wconf 84' lang='grc' dir='ltr'>(διακεκράγασι</span> <span class='ocrx_word' id='word_1_244' title='bbox 3083 512 3210 581; x_wconf 84' lang='grc' dir='ltr'>γάρ·</span> <span class='ocrx_word' id='word_1_245' title='bbox 3230 511 3417 575; x_wconf 77' lang='grc' dir='ltr'>Ἀ66ᾶ,</span> <span class='ocrx_word' id='word_1_246' title='bbox 3439 515 3471 566; x_wconf 87' lang='grc' dir='ltr'><em>ὀ</em></span> <span class='ocrx_word' id='word_1_247' title='bbox 3500 510 3748 582; x_wconf 76' lang='grc' dir='ltr'>Πατὴρ),</span> 
     </span>
    </p>
   </div>
   <div class='ocr_carea' id='block_1_36' title="bbox 2170 597 3750 674">
    <p class='ocr_par' dir='ltr' id='par_1_36' title="bbox 2170 597 3750 674">
     <span class='ocr_line' id='line_1_36' title="bbox 2170 597 3750 674; baseline 0.004 -22"><span class='ocrx_word' id='word_1_248' title='bbox 2170 600 2358 672; x_wconf 80' lang='grc' dir='ltr'>καιρὸς</span> <span class='ocrx_word' id='word_1_249' title='bbox 2399 597 2467 671; x_wconf 78' lang='grc' dir='ltr'>ἦν</span> <span class='ocrx_word' id='word_1_250' title='bbox 2525 601 2624 672; x_wconf 73' lang='grc' dir='ltr'>ἤδη</span> <span class='ocrx_word' id='word_1_251' title='bbox 2648 641 2663 667; x_wconf 94' lang='grc'>,</span> <span class='ocrx_word' id='word_1_252' title='bbox 2711 601 2808 672; x_wconf 81' lang='grc' dir='ltr'>τὴν</span> <span class='ocrx_word' id='word_1_253' title='bbox 2841 601 2948 655; x_wconf 85' lang='grc' dir='ltr'>τῶν</span> <span class='ocrx_word' id='word_1_254' title='bbox 3007 603 3274 656; x_wconf 80' lang='grc' dir='ltr'>Ἰουδαίων</span> <span class='ocrx_word' id='word_1_255' title='bbox 3325 604 3750 674; x_wconf 83' lang='grc' dir='ltr'>ἀποπέμπεσθαι</span> 
     </span>
    </p>
   </div>
   <div class='ocr_carea' id='block_1_37' title="bbox 2172 692 3752 768">
    <p class='ocr_par' dir='ltr' id='par_1_37' title="bbox 2172 692 3752 768">
     <span class='ocr_line' id='line_1_37' title="bbox 2172 692 3752 768; baseline 0.003 -24"><span class='ocrx_word' id='word_1_256' title='bbox 2172 692 2460 746; x_wconf 79' lang='grc' dir='ltr'>συναυλίαν</span> <span class='ocrx_word' id='word_1_257' title='bbox 2483 693 2576 747; x_wconf 78' lang='grc' dir='ltr'>καὶ</span> <span class='ocrx_word' id='word_1_258' title='bbox 2599 694 2950 764; x_wconf 84' lang='grc' dir='ltr'>Συναγωγὴν,</span> <span class='ocrx_word' id='word_1_259' title='bbox 2985 695 3079 748; x_wconf 74' lang='grc' dir='ltr'>καὶ</span> <span class='ocrx_word' id='word_1_260' title='bbox 3099 694 3310 765; x_wconf 86' lang='grc' dir='ltr'>ἀπόκλη</span> <span class='ocrx_word' id='word_1_261' title='bbox 3319 711 3411 766; x_wconf 91' lang='grc' dir='ltr'>ρον</span> <span class='ocrx_word' id='word_1_262' title='bbox 3435 693 3624 766; x_wconf 84' lang='grc' dir='ltr'>ὥσπερ</span> <span class='ocrx_word' id='word_1_263' title='bbox 3650 697 3752 768; x_wconf 83' lang='grc' dir='ltr'>τῆς</span> 
     </span>
    </p>
   </div>
   <div class='ocr_carea' id='block_1_38' title="bbox 2169 783 3749 856">
    <p class='ocr_par' dir='ltr' id='par_1_38' title="bbox 2169 783 3749 856">
     <span class='ocr_line' id='line_1_38' title="bbox 2169 783 3749 856; baseline 0.002 -21"><span class='ocrx_word' id='word_1_264' title='bbox 2169 783 2504 853; x_wconf 78' lang='grc' dir='ltr'>ἐπαγγελίας</span> <span class='ocrx_word' id='word_1_265' title='bbox 2547 784 2638 837; x_wconf 70' lang='grc' dir='ltr'>τὸν</span> <span class='ocrx_word' id='word_1_266' title='bbox 2666 784 2725 850; x_wconf 84' lang='grc' dir='ltr'>ἐξ</span> <span class='ocrx_word' id='word_1_267' title='bbox 2751 784 2924 854; x_wconf 78' lang='grc' dir='ltr'>αὐτῆς</span> <span class='ocrx_word' id='word_1_268' title='bbox 2953 785 3207 853; x_wconf 85' lang='grc' dir='ltr'>γενέσθαι</span> <span class='ocrx_word' id='word_1_269' title='bbox 3238 785 3383 837; x_wconf 88' lang='grc' dir='ltr'>λαόν.</span> <span class='ocrx_word' id='word_1_270' title='bbox 3415 786 3524 837; x_wconf 76' lang='grc' dir='ltr'>Καὶ</span> <span class='ocrx_word' id='word_1_271' title='bbox 3543 785 3648 856; x_wconf 82' lang='grc' dir='ltr'>μὴν</span> <span class='ocrx_word' id='word_1_272' title='bbox 3667 787 3749 840; x_wconf 82' lang='grc' dir='ltr'>ὅτι</span> 
     </span>
    </p>
   </div>
   <div class='ocr_carea' id='block_1_39' title="bbox 2169 874 3750 946">
    <p class='ocr_par' dir='ltr' id='par_1_39' title="bbox 2169 874 3750 946">
     <span class='ocr_line' id='line_1_39' title="bbox 2169 874 3750 946; baseline 0 -17"><span class='ocrx_word' id='word_1_273' title='bbox 2169 876 2263 929; x_wconf 76' lang='grc' dir='ltr'>καὶ</span> <span class='ocrx_word' id='word_1_274' title='bbox 2285 875 2603 946; x_wconf 72' lang='grc' dir='ltr'>ἐπιστρέψει</span> <span class='ocrx_word' id='word_1_275' title='bbox 2643 876 2782 928; x_wconf 75' lang='grc' dir='ltr'>κατὰ</span> <span class='ocrx_word' id='word_1_276' title='bbox 2816 879 3061 946; x_wconf 71' lang='grc' dir='ltr'>καιροὺς,</span> <span class='ocrx_word' id='word_1_277' title='bbox 3092 875 3186 928; x_wconf 77' lang='grc' dir='ltr'>καὶ</span> <span class='ocrx_word' id='word_1_278' title='bbox 3224 874 3378 928; x_wconf 79' lang='grc' dir='ltr'>ἔσται</span> <span class='ocrx_word' id='word_1_279' title='bbox 3410 878 3593 946; x_wconf 79' lang='grc' dir='ltr'>δεκτὴ,</span> <span class='ocrx_word' id='word_1_280' title='bbox 3624 881 3750 934; x_wconf 75' lang='grc' dir='ltr'>τεύ-</span> 
     </span>
    </p>
   </div>
   <div class='ocr_carea' id='block_1_40' title="bbox 2169 965 3750 1040">
    <p class='ocr_par' dir='ltr' id='par_1_40' title="bbox 2169 965 3750 1040">
     <span class='ocr_line' id='line_1_40' title="bbox 2169 965 3750 1040; baseline 0.003 -23"><span class='ocrx_word' id='word_1_281' title='bbox 2169 965 2318 1031; x_wconf 83' lang='grc' dir='ltr'>ξεται</span> <span class='ocrx_word' id='word_1_282' title='bbox 2339 965 2393 1019; x_wconf 84' lang='grc' dir='ltr'>δὲ</span> <span class='ocrx_word' id='word_1_283' title='bbox 2416 966 2630 1036; x_wconf 73' lang='grc' dir='ltr'>καὶτῆς</span> <span class='ocrx_word' id='word_1_284' title='bbox 2651 965 2854 1021; x_wconf 83' lang='grc' dir='ltr'>ἄνωθεν</span> <span class='ocrx_word' id='word_1_285' title='bbox 2879 967 2973 1020; x_wconf 87' lang='grc' dir='ltr'>καὶ</span> <span class='ocrx_word' id='word_1_286' title='bbox 2989 967 3140 1038; x_wconf 78' lang='grc' dir='ltr'>παρὰ</span> <span class='ocrx_word' id='word_1_287' title='bbox 3163 968 3374 1039; x_wconf 76' lang='grc' dir='ltr'>Πατρὸς</span> <span class='ocrx_word' id='word_1_288' title='bbox 3394 971 3497 1037; x_wconf 83' lang='grc' dir='ltr'>ὴμε</span> <span class='ocrx_word' id='word_1_289' title='bbox 3507 968 3750 1040; x_wconf 63' lang='grc' dir='ltr'>ρότητοέ,</span> 
     </span>
    </p>
   </div>
   <div class='ocr_carea' id='block_1_41' title="bbox 2168 1057 3746 1130">
    <p class='ocr_par' dir='ltr' id='par_1_41' title="bbox 2168 1057 3746 1130">
     <span class='ocr_line' id='line_1_41' title="bbox 2168 1057 3746 1130; baseline 0.001 -19"><span class='ocrx_word' id='word_1_290' title='bbox 2168 1058 2257 1111; x_wconf 72' lang='grc' dir='ltr'>τὸν</span> <span class='ocrx_word' id='word_1_291' title='bbox 2287 1057 2393 1110; x_wconf 83' lang='grc' dir='ltr'>τῶν</span> <span class='ocrx_word' id='word_1_292' title='bbox 2421 1059 2558 1111; x_wconf 82' lang='grc' dir='ltr'>ὅλων</span> <span class='ocrx_word' id='word_1_293' title='bbox 2590 1059 2821 1130; x_wconf 82' lang='grc' dir='ltr'>Σωτῆρα</span> <span class='ocrx_word' id='word_1_294' title='bbox 2846 1061 2938 1111; x_wconf 78' lang='grc' dir='ltr'>καὶ</span> <span class='ocrx_word' id='word_1_295' title='bbox 2957 1057 3252 1128; x_wconf 82' lang='grc' dir='ltr'>Λυτρωτὴν</span> <span class='ocrx_word' id='word_1_296' title='bbox 3277 1059 3746 1126; x_wconf 85' lang='grc' dir='ltr'>ἐπιγινώσκουσα,</span> 
     </span>
    </p>
   </div>
   <div class='ocr_carea' id='block_1_42' title="bbox 2171 1148 3748 1223">
    <p class='ocr_par' dir='ltr' id='par_1_42' title="bbox 2171 1148 3748 1223">
     <span class='ocr_line' id='line_1_42' title="bbox 2171 1148 3748 1223; baseline 0.003 -22"><span class='ocrx_word' id='word_1_297' title='bbox 2171 1149 2422 1219; x_wconf 82' lang='grc' dir='ltr'>σημαίνει</span> <span class='ocrx_word' id='word_1_298' title='bbox 2449 1149 2512 1219; x_wconf 83' lang='grc' dir='ltr'>δὴ</span> <span class='ocrx_word' id='word_1_299' title='bbox 2537 1148 2696 1202; x_wconf 84' lang='grc' dir='ltr'>πάλιν</span> <span class='ocrx_word' id='word_1_300' title='bbox 2721 1154 2780 1202; x_wconf 82' lang='grc' dir='ltr'>τὸ</span> <span class='ocrx_word' id='word_1_301' title='bbox 2804 1149 3043 1221; x_wconf 80' lang='grc' dir='ltr'>Γράμμα</span> <span class='ocrx_word' id='word_1_302' title='bbox 3059 1150 3119 1202; x_wconf 80' lang='grc' dir='ltr'>τὸ</span> <span class='ocrx_word' id='word_1_303' title='bbox 3146 1151 3309 1220; x_wconf 77' lang='grc' dir='ltr'>ἱερόν.</span> <span class='ocrx_word' id='word_1_304' title='bbox 3347 1151 3608 1215; x_wconf 73' lang='grc' dir='ltr'>Ἐηταιζον</span> <span class='ocrx_word' id='word_1_305' title='bbox 3648 1152 3748 1223; x_wconf 78' lang='grc' dir='ltr'>μὲν</span> 
     </span>
    </p>
   </div>
   <div class='ocr_carea' id='block_1_43' title="bbox 2168 1240 3752 1312">
    <p class='ocr_par' dir='ltr' id='par_1_43' title="bbox 2168 1240 3752 1312">
     <span class='ocr_line' id='line_1_43' title="bbox 2168 1240 3752 1312; baseline 0.001 -20"><span class='ocrx_word' id='word_1_306' title='bbox 2168 1240 2276 1310; x_wconf 82' lang='grc' dir='ltr'>γὰρ</span> <span class='ocrx_word' id='word_1_307' title='bbox 2327 1240 2576 1310; x_wconf 80' lang='grc' dir='ltr'>ἀλλήλοιν</span> <span class='ocrx_word' id='word_1_308' title='bbox 2627 1240 3042 1311; x_wconf 81' lang='grc' dir='ltr'>ἐπιθρώσκοντα</span> <span class='ocrx_word' id='word_1_309' title='bbox 3085 1242 3154 1296; x_wconf 82' lang='grc' dir='ltr'>τὰ</span> <span class='ocrx_word' id='word_1_310' title='bbox 3196 1243 3496 1312; x_wconf 84' lang='grc' dir='ltr'>μειράκια,</span> <span class='ocrx_word' id='word_1_311' title='bbox 3561 1243 3752 1296; x_wconf 81' lang='grc' dir='ltr'>Ἰσαὰκ</span> 
     </span>
    </p>
   </div>
   <div class='ocr_carea' id='block_1_44' title="bbox 2166 1329 3750 1403">
    <p class='ocr_par' dir='ltr' id='par_1_44' title="bbox 2166 1329 3750 1403">
     <span class='ocr_line' id='line_1_44' title="bbox 2166 1329 3750 1403; baseline 0.002 -21"><span class='ocrx_word' id='word_1_312' title='bbox 2166 1329 2425 1400; x_wconf 85' lang='grc' dir='ltr'>δηλονότι,</span> <span class='ocrx_word' id='word_1_313' title='bbox 2463 1331 2558 1384; x_wconf 75' lang='grc' dir='ltr'>καὶ</span> <span class='ocrx_word' id='word_1_314' title='bbox 2613 1331 2794 1402; x_wconf 87' lang='grc' dir='ltr'>μέντοι</span> <span class='ocrx_word' id='word_1_315' title='bbox 2823 1331 2919 1385; x_wconf 73' lang='grc' dir='ltr'>καὶ</span> <span class='ocrx_word' id='word_1_316' title='bbox 2963 1332 3207 1402; x_wconf 81' lang='grc' dir='ltr'>Ἰσμαήλ,</span> <span class='ocrx_word' id='word_1_317' title='bbox 3249 1331 3438 1396; x_wconf 81' lang='grc' dir='ltr'>Δίωξις</span> <span class='ocrx_word' id='word_1_318' title='bbox 3464 1334 3555 1394; x_wconf 82' lang='grc' dir='ltr'>δὲ,</span> <span class='ocrx_word' id='word_1_319' title='bbox 3597 1329 3750 1403; x_wconf 74' lang='grc' dir='ltr'>οἶμαί</span> 
     </span>
    </p>
   </div>
   <div class='ocr_carea' id='block_1_45' title="bbox 2168 1419 3750 1493">
    <p class='ocr_par' dir='ltr' id='par_1_45' title="bbox 2168 1419 3750 1493">
     <span class='ocr_line' id='line_1_45' title="bbox 2168 1419 3750 1493; baseline 0 -19"><span class='ocrx_word' id='word_1_320' title='bbox 2168 1439 2292 1486; x_wconf 87' lang='grc' dir='ltr'>που,</span> <span class='ocrx_word' id='word_1_321' title='bbox 2323 1422 2422 1490; x_wconf 82' lang='grc' dir='ltr'>τῆς</span> <span class='ocrx_word' id='word_1_322' title='bbox 2447 1423 2664 1486; x_wconf 77' lang='grc' dir='ltr'>παιδιᾶς</span> <span class='ocrx_word' id='word_1_323' title='bbox 2684 1419 2752 1493; x_wconf 81' lang='grc' dir='ltr'>ἦν</span> <span class='ocrx_word' id='word_1_324' title='bbox 2776 1425 2804 1476; x_wconf 99' lang='lat'>6</span> <span class='ocrx_word' id='word_1_325' title='bbox 2831 1423 3049 1493; x_wconf 78' lang='grc' dir='ltr'>τρόπος·</span> <span class='ocrx_word' id='word_1_326' title='bbox 3084 1423 3177 1476; x_wconf 69' lang='grc' dir='ltr'>καὶ</span> <span class='ocrx_word' id='word_1_327' title='bbox 3203 1423 3388 1476; x_wconf 84' lang='grc' dir='ltr'>εἵπετο</span> <span class='ocrx_word' id='word_1_328' title='bbox 3417 1423 3515 1493; x_wconf 81' lang='grc' dir='ltr'>μὲν</span> <span class='ocrx_word' id='word_1_329' title='bbox 3535 1422 3750 1476; x_wconf 78' lang='grc' dir='ltr'>διώκων</span> 
     </span>
    </p>
   </div>
   <div class='ocr_carea' id='block_1_46' title="bbox 2165 1512 3746 1586">
    <p class='ocr_par' dir='ltr' id='par_1_46' title="bbox 2165 1512 3746 1586">
     <span class='ocr_line' id='line_1_46' title="bbox 2165 1512 3746 1586; baseline 0 -20"><span class='ocrx_word' id='word_1_330' title='bbox 2165 1515 2194 1566; x_wconf 94' lang='lat'>6</span> <span class='ocrx_word' id='word_1_331' title='bbox 2238 1512 2480 1585; x_wconf 67' lang='grc' dir='ltr'>Ἰσραὴλ,</span> <span class='ocrx_word' id='word_1_332' title='bbox 2515 1517 2872 1586; x_wconf 78' lang='grc' dir='ltr'>κατεφωρᾶτο</span> <span class='ocrx_word' id='word_1_333' title='bbox 2911 1515 2970 1568; x_wconf 79' lang='grc' dir='ltr'>δὲ</span> <span class='ocrx_word' id='word_1_334' title='bbox 3010 1515 3227 1584; x_wconf 85' lang='grc' dir='ltr'>φεύγων</span> <span class='ocrx_word' id='word_1_335' title='bbox 3275 1517 3302 1567; x_wconf 92' lang='lat'>6</span> <span class='ocrx_word' id='word_1_336' title='bbox 3353 1514 3556 1568; x_wconf 82' lang='grc' dir='ltr'>Ἰσαάκ.</span> <span class='ocrx_word' id='word_1_337' title='bbox 3609 1515 3746 1566; x_wconf 85' lang='grc' dir='ltr'>Ἀλλ’</span> 
     </span>
    </p>
   </div>
   <div class='ocr_carea' id='block_1_47' title="bbox 2166 1602 3748 1675">
    <p class='ocr_par' dir='ltr' id='par_1_47' title="bbox 2166 1602 3748 1675">
     <span class='ocr_line' id='line_1_47' title="bbox 2166 1602 3748 1675; baseline 0.002 -21"><span class='ocrx_word' id='word_1_338' title='bbox 2166 1602 2466 1670; x_wconf 76' lang='grc' dir='ltr'>ἠγανάκτει</span> <span class='ocrx_word' id='word_1_339' title='bbox 2500 1603 2635 1673; x_wconf 77' lang='grc' dir='ltr'>πρὸς</span> <span class='ocrx_word' id='word_1_340' title='bbox 2657 1605 2815 1659; x_wconf 87' lang='grc' dir='ltr'>τοῦτο</span> <span class='ocrx_word' id='word_1_341' title='bbox 2843 1606 2941 1675; x_wconf 83' lang='grc' dir='ltr'>τῆς</span> <span class='ocrx_word' id='word_1_342' title='bbox 2971 1605 3265 1675; x_wconf 79' lang='grc' dir='ltr'>ἐλευθέρας</span> <span class='ocrx_word' id='word_1_343' title='bbox 3293 1605 3321 1656; x_wconf 90' lang='lat'>6</span> <span class='ocrx_word' id='word_1_344' title='bbox 3350 1603 3490 1668; x_wconf 87' lang='grc' dir='ltr'>νοῦς,</span> <span class='ocrx_word' id='word_1_345' title='bbox 3517 1604 3660 1674; x_wconf 76' lang='grc' dir='ltr'>φημὶ</span> <span class='ocrx_word' id='word_1_346' title='bbox 3683 1604 3748 1673; x_wconf 84' lang='grc' dir='ltr'>δὴ</span> 
     </span>
    </p>
   </div>
   <div class='ocr_carea' id='block_1_48' title="bbox 2164 1692 3748 1766">
    <p class='ocr_par' dir='ltr' id='par_1_48' title="bbox 2164 1692 3748 1766">
     <span class='ocr_line' id='line_1_48' title="bbox 2164 1692 3748 1766; baseline 0.002 -23"><span class='ocrx_word' id='word_1_347' title='bbox 2164 1692 2266 1761; x_wconf 79' lang='grc' dir='ltr'>τῆς</span> <span class='ocrx_word' id='word_1_348' title='bbox 2305 1693 2540 1765; x_wconf 78' lang='grc' dir='ltr'>Σάρρας.</span> <span class='ocrx_word' id='word_1_349' title='bbox 2581 1695 2688 1748; x_wconf 73' lang='grc' dir='ltr'>Καὶ</span> <span class='ocrx_word' id='word_1_350' title='bbox 2718 1694 2781 1765; x_wconf 85' lang='grc' dir='ltr'>δὴ</span> <span class='ocrx_word' id='word_1_351' title='bbox 2821 1697 2915 1748; x_wconf 75' lang='grc' dir='ltr'>καὶ</span> <span class='ocrx_word' id='word_1_352' title='bbox 2945 1694 3150 1766; x_wconf 76' lang='grc' dir='ltr'>ἔφασκε</span> <span class='ocrx_word' id='word_1_353' title='bbox 3176 1694 3311 1766; x_wconf 72' lang='grc' dir='ltr'>πρὸς</span> <span class='ocrx_word' id='word_1_354' title='bbox 3343 1695 3434 1748; x_wconf 82' lang='grc' dir='ltr'>τὸν</span> <span class='ocrx_word' id='word_1_355' title='bbox 3465 1694 3748 1748; x_wconf 84' lang='grc' dir='ltr'>θεσπέσιον</span> 
     </span>
    </p>
   </div>
   <div class='ocr_carea' id='block_1_49' title="bbox 2178 1783 3748 1857">
    <p class='ocr_par' dir='ltr' id='par_1_49' title="bbox 2178 1783 3748 1857">
     <span class='ocr_line' id='line_1_49' title="bbox 2178 1783 3748 1857; baseline 0.002 -21"><span class='ocrx_word' id='word_1_356' title='bbox 2178 1783 2446 1856; x_wconf 78' lang='grc' dir='ltr'>Ἀϐραάμ·</span> <span class='ocrx_word' id='word_1_357' title='bbox 2489 1803 2507 1836; x_wconf 80' lang='grc' dir='ltr'>ι</span> <span class='ocrx_word' id='word_1_358' title='bbox 2548 1785 2781 1840; x_wconf 80' lang='grc' dir='ltr'>Ἔκϐαλε</span> <span class='ocrx_word' id='word_1_359' title='bbox 2811 1787 2910 1857; x_wconf 86' lang='grc' dir='ltr'>τὴν</span> <span class='ocrx_word' id='word_1_360' title='bbox 2940 1787 3231 1857; x_wconf 76' lang='grc' dir='ltr'>παιδίσκην</span> <span class='ocrx_word' id='word_1_361' title='bbox 3263 1787 3468 1857; x_wconf 77' lang='grc' dir='ltr'>ταύτην</span> <span class='ocrx_word' id='word_1_362' title='bbox 3526 1787 3619 1839; x_wconf 74' lang='grc' dir='ltr'>καὶ</span> <span class='ocrx_word' id='word_1_363' title='bbox 3657 1787 3748 1839; x_wconf 67' lang='grc' dir='ltr'>τὶν</span> 
     </span>
    </p>
   </div>
   <div class='ocr_carea' id='block_1_50' title="bbox 2164 1875 3748 1949">
    <p class='ocr_par' dir='ltr' id='par_1_50' title="bbox 2164 1875 3748 1949">
     <span class='ocr_line' id='line_1_50' title="bbox 2164 1875 3748 1949; baseline 0.001 -21"><span class='ocrx_word' id='word_1_364' title='bbox 2164 1875 2279 1929; x_wconf 80' lang='grc' dir='ltr'>υἱὸν</span> <span class='ocrx_word' id='word_1_365' title='bbox 2312 1877 2481 1947; x_wconf 81' lang='grc' dir='ltr'>αὐτῆς</span> <span class='ocrx_word' id='word_1_366' title='bbox 2502 1895 2515 1909; x_wconf 91' lang='grc'><strong>·</strong></span> <span class='ocrx_word' id='word_1_367' title='bbox 2544 1877 2604 1929; x_wconf 81' lang='grc' dir='ltr'>οὐ</span> <span class='ocrx_word' id='word_1_368' title='bbox 2642 1877 2750 1948; x_wconf 87' lang='grc' dir='ltr'>γὰρ</span> <span class='ocrx_word' id='word_1_369' title='bbox 2782 1877 2856 1948; x_wconf 83' lang='grc' dir='ltr'>μὴ</span> <span class='ocrx_word' id='word_1_370' title='bbox 2883 1877 3283 1949; x_wconf 79' lang='grc' dir='ltr'>κληρονομήσει</span> <span class='ocrx_word' id='word_1_371' title='bbox 3309 1880 3337 1932; x_wconf 92' lang='lat'>6</span> <span class='ocrx_word' id='word_1_372' title='bbox 3358 1878 3476 1942; x_wconf 74' lang='grc' dir='ltr'>υίδς</span> <span class='ocrx_word' id='word_1_373' title='bbox 3497 1878 3597 1948; x_wconf 81' lang='grc' dir='ltr'>τῆς</span> <span class='ocrx_word' id='word_1_374' title='bbox 3622 1895 3748 1930; x_wconf 84' lang='grc' dir='ltr'>παι-</span> 
     </span>
    </p>
   </div>
   <div class='ocr_carea' id='block_1_51' title="bbox 2163 1967 3748 2039">
    <p class='ocr_par' dir='ltr' id='par_1_51' title="bbox 2163 1967 3748 2039">
     <span class='ocr_line' id='line_1_51' title="bbox 2163 1967 3748 2039; baseline 0.001 -19"><span class='ocrx_word' id='word_1_375' title='bbox 2163 1968 2356 2039; x_wconf 85' lang='grc' dir='ltr'>δίσκης</span> <span class='ocrx_word' id='word_1_376' title='bbox 2380 1969 2586 2038; x_wconf 79' lang='grc' dir='ltr'>ταύτης</span> <span class='ocrx_word' id='word_1_377' title='bbox 2623 1968 2760 2039; x_wconf 68' lang='grc' dir='ltr'>μετὰ</span> <span class='ocrx_word' id='word_1_378' title='bbox 2794 1968 2886 2022; x_wconf 93' lang='grc' dir='ltr'>τοῦ</span> <span class='ocrx_word' id='word_1_379' title='bbox 2923 1967 3039 2021; x_wconf 77' lang='grc' dir='ltr'>υἱοῦ</span> <span class='ocrx_word' id='word_1_380' title='bbox 3075 1986 3174 2038; x_wconf 85' lang='grc' dir='ltr'>μου</span> <span class='ocrx_word' id='word_1_381' title='bbox 3214 1970 3416 2024; x_wconf 82' lang='grc' dir='ltr'>Ἰσαάκ.</span> <span class='ocrx_word' id='word_1_382' title='bbox 3453 1988 3472 2021; x_wconf 75' lang='grc' dir='ltr'><strong>ι</strong></span> <span class='ocrx_word' id='word_1_383' title='bbox 3507 1970 3617 2022; x_wconf 76' lang='grc' dir='ltr'>Καὶ</span> <span class='ocrx_word' id='word_1_384' title='bbox 3647 1969 3748 2022; x_wconf 82' lang='grc' dir='ltr'>οὐκ</span> 
     </span>
    </p>
   </div>
   <div class='ocr_carea' id='block_1_52' title="bbox 2165 2056 3745 2132">
    <p class='ocr_par' dir='ltr' id='par_1_52' title="bbox 2165 2056 3745 2132">
     <span class='ocr_line' id='line_1_52' title="bbox 2165 2056 3745 2132; baseline 0.001 -20"><span class='ocrx_word' id='word_1_385' title='bbox 2165 2059 2438 2130; x_wconf 80' lang='grc' dir='ltr'>ἁτάραχος</span> <span class='ocrx_word' id='word_1_386' title='bbox 2467 2060 2564 2130; x_wconf 82' lang='grc' dir='ltr'>μὲν</span> <span class='ocrx_word' id='word_1_387' title='bbox 2597 2061 2626 2112; x_wconf 91' lang='lat'>6</span> <span class='ocrx_word' id='word_1_388' title='bbox 2653 2059 2809 2128; x_wconf 82' lang='grc' dir='ltr'>λόγος</span> <span class='ocrx_word' id='word_1_389' title='bbox 2841 2056 2908 2131; x_wconf 80' lang='grc' dir='ltr'>ἦν</span> <span class='ocrx_word' id='word_1_390' title='bbox 2938 2060 2996 2113; x_wconf 83' lang='grc' dir='ltr'>ἐν</span> <span class='ocrx_word' id='word_1_391' title='bbox 3027 2061 3160 2114; x_wconf 74' lang='grc' dir='ltr'>ὠσὶν</span> <span class='ocrx_word' id='word_1_392' title='bbox 3201 2061 3472 2132; x_wconf 80' lang='grc' dir='ltr'>Ἀϐραάμ.</span> <span class='ocrx_word' id='word_1_393' title='bbox 3507 2063 3745 2114; x_wconf 83' lang='grc' dir='ltr'>Ἤκουσε</span> 
     </span>
    </p>
   </div>
   <div class='ocr_carea' id='block_1_53' title="bbox 2163 2149 3749 2224">
    <p class='ocr_par' dir='ltr' id='par_1_53' title="bbox 2163 2149 3749 2224">
     <span class='ocr_line' id='line_1_53' title="bbox 2163 2149 3749 2224; baseline 0.002 -22"><span class='ocrx_word' id='word_1_394' title='bbox 2163 2149 2220 2202; x_wconf 85' lang='grc' dir='ltr'>δὲ</span> <span class='ocrx_word' id='word_1_395' title='bbox 2242 2151 2396 2220; x_wconf 73' lang='grc' dir='ltr'>παρὰ</span> <span class='ocrx_word' id='word_1_396' title='bbox 2425 2150 2560 2203; x_wconf 91' lang='grc' dir='ltr'>Θεοῦ</span> <span class='ocrx_word' id='word_1_397' title='bbox 2585 2191 2600 2216; x_wconf 92' lang='grc'>,</span> <span class='ocrx_word' id='word_1_398' title='bbox 2635 2149 2696 2204; x_wconf 81' lang='grc' dir='ltr'>τὸ</span> <span class='ocrx_word' id='word_1_399' title='bbox 2735 2153 2929 2222; x_wconf 83' lang='grc' dir='ltr'>χρῆναι</span> <span class='ocrx_word' id='word_1_400' title='bbox 2955 2156 3069 2215; x_wconf 82' lang='grc' dir='ltr'>τοῖς</span> <span class='ocrx_word' id='word_1_401' title='bbox 3103 2151 3204 2222; x_wconf 77' lang='grc' dir='ltr'>τῆς</span> <span class='ocrx_word' id='word_1_402' title='bbox 3235 2153 3451 2224; x_wconf 76' lang='grc' dir='ltr'>Σάρρας</span> <span class='ocrx_word' id='word_1_403' title='bbox 3483 2153 3749 2205; x_wconf 82' lang='grc' dir='ltr'>καταπεί-</span> 
     </span>
    </p>
   </div>
   <div class='ocr_carea' id='block_1_54' title="bbox 2165 2241 3750 2314">
    <p class='ocr_par' dir='ltr' id='par_1_54' title="bbox 2165 2241 3750 2314">
     <span class='ocr_line' id='line_1_54' title="bbox 2165 2241 3750 2314; baseline 0.002 -21"><span class='ocrx_word' id='word_1_404' title='bbox 2165 2241 2353 2294; x_wconf 87' lang='grc' dir='ltr'>θεσθαι</span> <span class='ocrx_word' id='word_1_405' title='bbox 2382 2241 2581 2310; x_wconf 87' lang='grc' dir='ltr'>λόγοις.</span> <span class='ocrx_word' id='word_1_406' title='bbox 2607 2243 2716 2296; x_wconf 76' lang='grc' dir='ltr'>Καὶ</span> <span class='ocrx_word' id='word_1_407' title='bbox 2737 2242 2799 2312; x_wconf 82' lang='grc' dir='ltr'>δὴ</span> <span class='ocrx_word' id='word_1_408' title='bbox 2831 2244 2921 2296; x_wconf 75' lang='grc' dir='ltr'>καὶ</span> <span class='ocrx_word' id='word_1_409' title='bbox 2944 2243 3126 2314; x_wconf 79' lang='grc' dir='ltr'>ἄρτοις</span> <span class='ocrx_word' id='word_1_410' title='bbox 3149 2243 3243 2295; x_wconf 77' lang='grc' dir='ltr'>καὶ</span> <span class='ocrx_word' id='word_1_411' title='bbox 3266 2243 3420 2296; x_wconf 76' lang='grc' dir='ltr'>ὕδασι</span> <span class='ocrx_word' id='word_1_412' title='bbox 3442 2243 3540 2313; x_wconf 80' lang='grc' dir='ltr'>τὴν</span> <span class='ocrx_word' id='word_1_413' title='bbox 3567 2244 3750 2313; x_wconf 81' lang='grc' dir='ltr'>’Λγαρ</span> 
     </span>
    </p>
   </div>
   <div class='ocr_carea' id='block_1_55' title="bbox 2165 2331 3750 2402">
    <p class='ocr_par' dir='ltr' id='par_1_55' title="bbox 2165 2331 3750 2402">
     <span class='ocr_line' id='line_1_55' title="bbox 2165 2331 3750 2402; baseline -0.001 -16"><span class='ocrx_word' id='word_1_414' title='bbox 2165 2333 2484 2401; x_wconf 80' lang='grc' dir='ltr'>ἐφοδιάσας,</span> <span class='ocrx_word' id='word_1_415' title='bbox 2519 2331 2655 2401; x_wconf 76' lang='grc' dir='ltr'>ὁμοῦ</span> <span class='ocrx_word' id='word_1_416' title='bbox 2701 2332 2778 2402; x_wconf 86' lang='grc' dir='ltr'>τῷ</span> <span class='ocrx_word' id='word_1_417' title='bbox 2829 2332 2980 2385; x_wconf 79' lang='grc' dir='ltr'>παιδὶ</span> <span class='ocrx_word' id='word_1_418' title='bbox 3035 2333 3134 2401; x_wconf 82' lang='grc' dir='ltr'>τῆς</span> <span class='ocrx_word' id='word_1_419' title='bbox 3183 2332 3510 2401; x_wconf 85' lang='grc' dir='ltr'>δεσποτικῆς</span> <span class='ocrx_word' id='word_1_420' title='bbox 3559 2333 3750 2397; x_wconf 76' lang='grc' dir='ltr'>ἑστίας</span> 
     </span>
    </p>
   </div>
   <div class='ocr_carea' id='block_1_56' title="bbox 2164 2421 3750 2493">
    <p class='ocr_par' dir='ltr' id='par_1_56' title="bbox 2164 2421 3750 2493">
     <span class='ocr_line' id='line_1_56' title="bbox 2164 2421 3750 2493; baseline 0.002 -17"><span class='ocrx_word' id='word_1_421' title='bbox 2164 2423 2414 2476; x_wconf 77' lang='grc' dir='ltr'>ἀπελθεῖν</span> <span class='ocrx_word' id='word_1_422' title='bbox 2459 2423 2730 2474; x_wconf 85' lang='grc' dir='ltr'>ἐκέλευεν.</span> <span class='ocrx_word' id='word_1_423' title='bbox 2793 2424 2856 2475; x_wconf 87' lang='grc' dir='ltr'><strong>Ἦ</strong></span> <span class='ocrx_word' id='word_1_424' title='bbox 2905 2423 2960 2475; x_wconf 78' lang='grc' dir='ltr'>δὲ</span> <span class='ocrx_word' id='word_1_425' title='bbox 3003 2421 3175 2492; x_wconf 77' lang='grc' dir='ltr'>ᾤχετο</span> <span class='ocrx_word' id='word_1_426' title='bbox 3222 2423 3322 2493; x_wconf 78' lang='grc' dir='ltr'>μὶν</span> <span class='ocrx_word' id='word_1_427' title='bbox 3367 2423 3608 2477; x_wconf 81' lang='grc' dir='ltr'>ἀλύουσα</span> <span class='ocrx_word' id='word_1_428' title='bbox 3651 2425 3750 2479; x_wconf 80' lang='grc' dir='ltr'>καὶ</span> 
     </span>
    </p>
   </div>
   <div class='ocr_carea' id='block_1_57' title="bbox 2161 2512 3750 2585">
    <p class='ocr_par' dir='ltr' id='par_1_57' title="bbox 2161 2512 3750 2585">
     <span class='ocr_line' id='line_1_57' title="bbox 2161 2512 3750 2585; baseline 0.001 -18"><span class='ocrx_word' id='word_1_429' title='bbox 2161 2513 2533 2583; x_wconf 83' lang='grc' dir='ltr'>δεδακρυμένη</span> <span class='ocrx_word' id='word_1_430' title='bbox 2553 2529 2569 2544; x_wconf 78' lang='grc' dir='ltr'><strong><em>ο</em></strong></span> <span class='ocrx_word' id='word_1_431' title='bbox 2603 2512 2741 2583; x_wconf 74' lang='grc' dir='ltr'>πλὴν</span> <span class='ocrx_word' id='word_1_432' title='bbox 2773 2513 3040 2566; x_wconf 78' lang='grc' dir='ltr'>ἐπλανᾶτο</span> <span class='ocrx_word' id='word_1_433' title='bbox 3074 2513 3216 2567; x_wconf 84' lang='grc' dir='ltr'>κατὰ</span> <span class='ocrx_word' id='word_1_434' title='bbox 3245 2515 3342 2584; x_wconf 85' lang='grc' dir='ltr'>τὴν</span> <span class='ocrx_word' id='word_1_435' title='bbox 3361 2514 3584 2585; x_wconf 78' lang='grc' dir='ltr'>ἔρημον.</span> <span class='ocrx_word' id='word_1_436' title='bbox 3615 2515 3750 2568; x_wconf 82' lang='grc' dir='ltr'>Κιν-</span> 
     </span>
    </p>
   </div>
   <div class='ocr_carea' id='block_1_58' title="bbox 2161 2601 3742 2674">
    <p class='ocr_par' dir='ltr' id='par_1_58' title="bbox 2161 2601 3742 2674">
     <span class='ocr_line' id='line_1_58' title="bbox 2161 2601 3742 2674; baseline 0.001 -18"><span class='ocrx_word' id='word_1_437' title='bbox 2161 2604 2471 2666; x_wconf 81' lang='grc' dir='ltr'>δυνεύοντος</span> <span class='ocrx_word' id='word_1_438' title='bbox 2530 2603 2588 2657; x_wconf 76' lang='grc' dir='ltr'>δὲ</span> <span class='ocrx_word' id='word_1_439' title='bbox 2653 2601 2750 2656; x_wconf 89' lang='grc' dir='ltr'>τοῦ</span> <span class='ocrx_word' id='word_1_440' title='bbox 2834 2603 3049 2656; x_wconf 81' lang='grc' dir='ltr'>παιδίου</span> <span class='ocrx_word' id='word_1_441' title='bbox 3129 2604 3222 2657; x_wconf 76' lang='grc' dir='ltr'>καὶ</span> <span class='ocrx_word' id='word_1_442' title='bbox 3275 2603 3742 2674; x_wconf 79' lang='grc' dir='ltr'>κατοιμώζοντος,</span> 
     </span>
    </p>
   </div>
   <div class='ocr_carea' id='block_1_59' title="bbox 2171 2672 3742 2766">
    <p class='ocr_par' dir='ltr' id='par_1_59' title="bbox 2171 2672 3742 2766">
     <span class='ocr_line' id='line_1_59' title="bbox 2171 2672 3742 2766; baseline -0.002 -18"><span class='ocrx_word' id='word_1_443' title='bbox 2171 2715 2188 2747; x_wconf 83' lang='grc' dir='ltr'>ι</span> <span class='ocrx_word' id='word_1_444' title='bbox 2226 2693 2487 2766; x_wconf 80' lang='grc' dir='ltr'>Διήνοιξε,</span> <span class='ocrx_word' id='word_1_445' title='bbox 2511 2695 2698 2764; x_wconf 71' lang='grc' dir='ltr'>φησιν,</span> <span class='ocrx_word' id='word_1_446' title='bbox 2724 2696 2753 2747; x_wconf 89' lang='lat'>6</span> <span class='ocrx_word' id='word_1_447' title='bbox 2775 2693 2906 2756; x_wconf 72' lang='grc' dir='ltr'>Θεὸς</span> <span class='ocrx_word' id='word_1_448' title='bbox 2929 2693 3053 2756; x_wconf 77' lang='grc' dir='ltr'>τοὺς</span> <span class='ocrx_word' id='word_1_449' title='bbox 3077 2693 3386 2762; x_wconf 75' lang='grc' dir='ltr'>ὀφθαλμοὺς</span> <span class='ocrx_word' id='word_1_450' title='bbox 3409 2672 3511 2762; x_wconf 68' lang='grc' dir='ltr'>τῆς</span> <span class='ocrx_word' id='word_1_451' title='bbox 3543 2672 3742 2766; x_wconf 74' lang='grc' dir='ltr'>Ἀγαρ,</span> 
     </span>
    </p>
   </div>
   <div class='ocr_carea' id='block_1_60' title="bbox 2165 2782 3738 2857">
    <p class='ocr_par' dir='ltr' id='par_1_60' title="bbox 2165 2782 3738 2857">
     <span class='ocr_line' id='line_1_60' title="bbox 2165 2782 3738 2857; baseline -0.001 -18"><span class='ocrx_word' id='word_1_452' title='bbox 2165 2786 2258 2840; x_wconf 67' lang='grc' dir='ltr'>καὶ</span> <span class='ocrx_word' id='word_1_453' title='bbox 2285 2782 2391 2839; x_wconf 81' lang='grc' dir='ltr'>εῐδε</span> <span class='ocrx_word' id='word_1_454' title='bbox 2424 2785 2606 2857; x_wconf 75' lang='grc' dir='ltr'>πηγὴν</span> <span class='ocrx_word' id='word_1_455' title='bbox 2645 2784 2834 2847; x_wconf 76' lang='grc' dir='ltr'>ὓδατος</span> <span class='ocrx_word' id='word_1_456' title='bbox 2869 2783 3090 2848; x_wconf 82' lang='grc' dir='ltr'>ζῶντος,</span> <span class='ocrx_word' id='word_1_457' title='bbox 3123 2784 3224 2836; x_wconf 74' lang='grc' dir='ltr'>καὶ</span> <span class='ocrx_word' id='word_1_458' title='bbox 3251 2785 3502 2838; x_wconf 74' lang='grc' dir='ltr'>ἐπότισεν</span> <span class='ocrx_word' id='word_1_459' title='bbox 3529 2784 3680 2838; x_wconf 81' lang='grc' dir='ltr'>αὐτό.</span> <span class='ocrx_word' id='word_1_460' title='bbox 3719 2803 3738 2829; x_wconf 78' lang='grc' dir='ltr'>ι</span> 
     </span>
    </p>
   </div>
   <div class='ocr_carea' id='block_1_61' title="bbox 2170 2873 3746 2948">
    <p class='ocr_par' dir='ltr' id='par_1_61' title="bbox 2170 2873 3746 2948">
     <span class='ocr_line' id='line_1_61' title="bbox 2170 2873 3746 2948; baseline -0.002 -18"><span class='ocrx_word' id='word_1_461' title='bbox 2170 2877 2358 2948; x_wconf 78' lang='grc' dir='ltr'>Ἀθρει</span> <span class='ocrx_word' id='word_1_462' title='bbox 2381 2877 2444 2948; x_wconf 80' lang='grc' dir='ltr'>δὴ</span> <span class='ocrx_word' id='word_1_463' title='bbox 2473 2873 2566 2930; x_wconf 82' lang='grc' dir='ltr'>οῦν</span> <span class='ocrx_word' id='word_1_464' title='bbox 2597 2877 2746 2938; x_wconf 84' lang='grc' dir='ltr'>ὅπως</span> <span class='ocrx_word' id='word_1_465' title='bbox 2772 2875 2908 2945; x_wconf 74' lang='grc' dir='ltr'>πρὸς</span> <span class='ocrx_word' id='word_1_466' title='bbox 2940 2874 3040 2944; x_wconf 81' lang='grc' dir='ltr'>τὴν</span> <span class='ocrx_word' id='word_1_467' title='bbox 3081 2873 3174 2926; x_wconf 87' lang='grc' dir='ltr'>τοῦ</span> <span class='ocrx_word' id='word_1_468' title='bbox 3214 2875 3514 2948; x_wconf 81' lang='grc' dir='ltr'>μυστηρίου</span> <span class='ocrx_word' id='word_1_469' title='bbox 3544 2873 3746 2944; x_wconf 85' lang='grc' dir='ltr'>γνῶσιν</span> 
     </span>
    </p>
   </div>
   <div class='ocr_carea' id='block_1_62' title="bbox 484 2961 2063 3055">
    <p class='ocr_par' dir='ltr' id='par_1_62' title="bbox 484 2961 2063 3034">
     <span class='ocr_line' id='line_1_62' title="bbox 484 2961 2063 3034; baseline -0.003 -16"><span class='ocrx_word' id='word_1_470' title='bbox 484 2979 550 3018; x_wconf 85' lang='lat' dir='ltr'>ac</span> <span class='ocrx_word' id='word_1_471' title='bbox 570 2963 949 3018; x_wconf 86' lang='lat' dir='ltr'>Christianum</span> <span class='ocrx_word' id='word_1_472' title='bbox 982 2964 1267 3034; x_wconf 87' lang='lat' dir='ltr'>populum,</span> <span class='ocrx_word' id='word_1_473' title='bbox 1297 2961 1649 3018; x_wconf 87' lang='lat' dir='ltr'>insecuturus</span> <span class='ocrx_word' id='word_1_474' title='bbox 1686 2969 1852 3024; x_wconf 87' lang='lat' dir='ltr'>esset,</span> <span class='ocrx_word' id='word_1_475' title='bbox 1885 2961 2063 3015; x_wconf 86' lang='lat' dir='ltr'>decla-</span> 
     </span>
    </p>
   </div>
   <div class='ocr_carea' id='block_1_63' title="bbox 2166 2961 3747 3055">
    <p class='ocr_par' dir='ltr' id='par_1_63' title="bbox 2166 2962 3747 3036">
     <span class='ocr_line' id='line_1_63' title="bbox 2166 2962 3747 3036; baseline 0 -18"><span class='ocrx_word' id='word_1_476' title='bbox 2166 2967 2262 3018; x_wconf 75' lang='grc' dir='ltr'>οὐκ</span> <span class='ocrx_word' id='word_1_477' title='bbox 2309 2963 2596 3026; x_wconf 80' lang='grc' dir='ltr'>ἁσυντελὲς</span> <span class='ocrx_word' id='word_1_478' title='bbox 2637 2962 2759 3015; x_wconf 84' lang='grc' dir='ltr'>οὑδέ</span> <span class='ocrx_word' id='word_1_479' title='bbox 2800 2962 2932 3016; x_wconf 82' lang='grc' dir='ltr'>αὐτό</span> <span class='ocrx_word' id='word_1_480' title='bbox 2977 2978 3081 3015; x_wconf 87' lang='grc' dir='ltr'>που</span> <span class='ocrx_word' id='word_1_481' title='bbox 3113 2962 3253 3032; x_wconf 83' lang='grc' dir='ltr'>τάχα</span> <span class='ocrx_word' id='word_1_482' title='bbox 3291 2963 3398 3016; x_wconf 83' lang='grc' dir='ltr'>τῶν</span> <span class='ocrx_word' id='word_1_483' title='bbox 3439 2963 3649 3036; x_wconf 81' lang='grc' dir='ltr'>νηπίων</span> <span class='ocrx_word' id='word_1_484' title='bbox 3683 2963 3747 3018; x_wconf 80' lang='grc' dir='ltr'>τὸ</span> 
     </span>
    </p>
   </div>
   <div class='ocr_carea' id='block_1_64' title="bbox 487 3050 2062 3113">
    <p class='ocr_par' dir='ltr' id='par_1_64' title="bbox 487 3050 2062 3113">
     <span class='ocr_line' id='line_1_64' title="bbox 487 3050 2062 3113; baseline -0.003 -5"><span class='ocrx_word' id='word_1_485' title='bbox 487 3057 630 3111; x_wconf 82' lang='lat' dir='ltr'>ravit</span> <span class='ocrx_word' id='word_1_486' title='bbox 648 3055 838 3110; x_wconf 88' lang='lat' dir='ltr'>dicens</span> <span class='ocrx_word' id='word_1_487' title='bbox 864 3056 1060 3110; x_wconf 83' lang='lat' dir='ltr'>beatus</span> <span class='ocrx_word' id='word_1_488' title='bbox 1085 3055 1287 3110; x_wconf 85' lang='lat' dir='ltr'>Paulus</span> <span class='ocrx_word' id='word_1_489' title='bbox 1313 3055 1382 3109; x_wconf 87' lang='lat' dir='ltr'>de</span> <span class='ocrx_word' id='word_1_490' title='bbox 1410 3053 1638 3108; x_wconf 86' lang='lat' dir='ltr'>lsmaele</span> <span class='ocrx_word' id='word_1_491' title='bbox 1657 3061 1714 3106; x_wconf 89' lang='lat' dir='ltr'>et</span> <span class='ocrx_word' id='word_1_492' title='bbox 1751 3052 1920 3113; x_wconf 84' lang='lat' dir='ltr'>Isaac,</span> <span class='ocrx_word' id='word_1_493' title='bbox 1957 3050 2062 3104; x_wconf 90' lang='lat' dir='ltr'>hoc</span> 
     </span>
    </p>
   </div>
   <div class='ocr_carea' id='block_1_65' title="bbox 485 3137 2074 3216">
    <p class='ocr_par' dir='ltr' id='par_1_65' title="bbox 485 3137 2074 3216">
     <span class='ocr_line' id='line_1_65' title="bbox 485 3137 2074 3216; baseline -0.008 -16"><span class='ocrx_word' id='word_1_494' title='bbox 485 3153 644 3216; x_wconf 84' lang='lat' dir='ltr'>pacto</span> <span class='ocrx_word' id='word_1_495' title='bbox 673 3164 686 3198; x_wconf 92' lang='lat'>:</span> <span class='ocrx_word' id='word_1_496' title='bbox 721 3164 738 3196; x_wconf 80' lang='grc' dir='ltr'>ι</span> <span class='ocrx_word' id='word_1_497' title='bbox 766 3144 874 3199; x_wconf 88' lang='lat' dir='ltr'>Sed</span> <span class='ocrx_word' id='word_1_498' title='bbox 923 3143 1200 3213; x_wconf 90' lang='lat' dir='ltr'>quomodo</span> <span class='ocrx_word' id='word_1_499' title='bbox 1233 3152 1366 3196; x_wconf 89' lang='lat' dir='ltr'>tunc</span> <span class='ocrx_word' id='word_1_500' title='bbox 1389 3142 1434 3194; x_wconf 89' lang='lat' dir='ltr'>is</span> <span class='ocrx_word' id='word_1_501' title='bbox 1465 3141 1560 3208; x_wconf 92' lang='lat' dir='ltr'>qui</span> <span class='ocrx_word' id='word_1_502' title='bbox 1591 3137 1894 3192; x_wconf 85' lang='lat' dir='ltr'>secundum</span> <span class='ocrx_word' id='word_1_503' title='bbox 1944 3151 2074 3190; x_wconf 86' lang='lat' dir='ltr'>car-</span> 
     </span>
    </p>
   </div>
   <div class='ocr_carea' id='block_1_66' title="bbox 484 3223 2060 3299">
    <p class='ocr_par' dir='ltr' id='par_1_66' title="bbox 484 3223 2060 3299">
     <span class='ocr_line' id='line_1_66' title="bbox 484 3223 2060 3299; baseline -0.006 -11"><span class='ocrx_word' id='word_1_504' title='bbox 484 3249 611 3289; x_wconf 90' lang='lat' dir='ltr'>nem</span> <span class='ocrx_word' id='word_1_505' title='bbox 636 3240 798 3286; x_wconf 88' lang='lat' dir='ltr'>natus</span> <span class='ocrx_word' id='word_1_506' title='bbox 822 3231 1020 3294; x_wconf 80' lang='lat' dir='ltr'>fuerat,</span> <span class='ocrx_word' id='word_1_507' title='bbox 1041 3228 1474 3299; x_wconf 86' lang='lat' dir='ltr'>persequebatur</span> <span class='ocrx_word' id='word_1_508' title='bbox 1493 3242 1620 3280; x_wconf 91' lang='lat' dir='ltr'>eum</span> <span class='ocrx_word' id='word_1_509' title='bbox 1641 3225 1733 3294; x_wconf 90' lang='lat' dir='ltr'>qui</span> <span class='ocrx_word' id='word_1_510' title='bbox 1758 3223 2060 3279; x_wconf 73' lang='lat' dir='ltr'>Secundum</span> 
     </span>
    </p>
   </div>
   <div class='ocr_carea' id='block_1_67' title="bbox 485 3318 2063 3391">
    <p class='ocr_par' dir='ltr' id='par_1_67' title="bbox 485 3318 2063 3391">
     <span class='ocr_line' id='line_1_67' title="bbox 485 3318 2063 3391; baseline -0.006 -14"><span class='ocrx_word' id='word_1_511' title='bbox 485 3323 785 3391; x_wconf 83' lang='lat' dir='ltr'>spiritum:</span> <span class='ocrx_word' id='word_1_512' title='bbox 825 3321 901 3374; x_wconf 82' lang='lat' dir='ltr'>ita</span> <span class='ocrx_word' id='word_1_513' title='bbox 943 3330 1000 3375; x_wconf 89' lang='lat' dir='ltr'>et</span> <span class='ocrx_word' id='word_1_514' title='bbox 1035 3333 1186 3374; x_wconf 90' lang='lat' dir='ltr'>nunc</span> <span class='ocrx_word' id='word_1_515' title='bbox 1216 3319 1284 3370; x_wconf 77' lang='grc'>⁷⁸.</span> <span class='ocrx_word' id='word_1_516' title='bbox 1317 3337 1335 3370; x_wconf 76' lang='grc' dir='ltr'>ι</span> <span class='ocrx_word' id='word_1_517' title='bbox 1383 3318 1677 3386; x_wconf 85' lang='lat' dir='ltr'>Postquam</span> <span class='ocrx_word' id='word_1_518' title='bbox 1721 3330 1855 3370; x_wconf 83' lang='lat' dir='ltr'>vero</span> <span class='ocrx_word' id='word_1_519' title='bbox 1900 3330 2063 3384; x_wconf 87' lang='lat' dir='ltr'>repu-</span> 
     </span>
    </p>
   </div>
   <div class='ocr_carea' id='block_1_68' title="bbox 485 3405 2060 3484">
    <p class='ocr_par' dir='ltr' id='par_1_68' title="bbox 485 3405 2060 3484">
     <span class='ocr_line' id='line_1_68' title="bbox 485 3405 2060 3484; baseline -0.004 -18"><span class='ocrx_word' id='word_1_520' title='bbox 485 3414 670 3484; x_wconf 85' lang='lat' dir='ltr'>gnavit</span> <span class='ocrx_word' id='word_1_521' title='bbox 701 3413 894 3467; x_wconf 86' lang='lat' dir='ltr'>lsmael</span> <span class='ocrx_word' id='word_1_522' title='bbox 945 3413 1015 3468; x_wconf 91' lang='lat' dir='ltr'>iis</span> <span class='ocrx_word' id='word_1_523' title='bbox 1047 3411 1142 3481; x_wconf 89' lang='lat' dir='ltr'>qui</span> <span class='ocrx_word' id='word_1_524' title='bbox 1171 3426 1240 3464; x_wconf 79' lang='lat' dir='ltr'>ex</span> <span class='ocrx_word' id='word_1_525' title='bbox 1273 3409 1448 3464; x_wconf 85' lang='lat' dir='ltr'>libera</span> <span class='ocrx_word' id='word_1_526' title='bbox 1479 3409 1594 3463; x_wconf 90' lang='lat' dir='ltr'>nati</span> <span class='ocrx_word' id='word_1_527' title='bbox 1630 3417 1809 3471; x_wconf 88' lang='lat' dir='ltr'>erant,</span> <span class='ocrx_word' id='word_1_528' title='bbox 1837 3405 2060 3478; x_wconf 85' lang='lat' dir='ltr'>ejicitur</span> 
     </span>
    </p>
   </div>
   <div class='ocr_carea' id='block_1_69' title="bbox 484 3496 2060 3572">
    <p class='ocr_par' dir='ltr' id='par_1_69' title="bbox 484 3496 2060 3572">
     <span class='ocr_line' id='line_1_69' title="bbox 484 3496 2060 3572; baseline -0.004 -16"><span class='ocrx_word' id='word_1_529' title='bbox 484 3501 744 3572; x_wconf 90' lang='lat' dir='ltr'>deinceps</span> <span class='ocrx_word' id='word_1_530' title='bbox 773 3501 1086 3557; x_wconf 65' lang='lat' dir='ltr'>Iudaeorum</span> <span class='ocrx_word' id='word_1_531' title='bbox 1127 3500 1428 3571; x_wconf 81' lang='lat' dir='ltr'>Synagoga,</span> <span class='ocrx_word' id='word_1_532' title='bbox 1476 3507 1642 3552; x_wconf 88' lang='lat' dir='ltr'>tenue</span> <span class='ocrx_word' id='word_1_533' title='bbox 1672 3506 1837 3567; x_wconf 86' lang='lat' dir='ltr'>atque</span> <span class='ocrx_word' id='word_1_534' title='bbox 1873 3496 2060 3567; x_wconf 81' lang='lat' dir='ltr'>exigui</span> 
     </span>
    </p>
   </div>
   <div class='ocr_carea' id='block_1_70' title="bbox 486 3589 2060 3662">
    <p class='ocr_par' dir='ltr' id='par_1_70' title="bbox 486 3589 2060 3662">
     <span class='ocr_line' id='line_1_70' title="bbox 486 3589 2060 3662; baseline -0.006 -10"><span class='ocrx_word' id='word_1_535' title='bbox 486 3597 633 3653; x_wconf 91' lang='lat' dir='ltr'>succi</span> <span class='ocrx_word' id='word_1_536' title='bbox 661 3593 922 3648; x_wconf 86' lang='lat' dir='ltr'>viaticum</span> <span class='ocrx_word' id='word_1_537' title='bbox 970 3593 1202 3657; x_wconf 87' lang='lat' dir='ltr'>habens,</span> <span class='ocrx_word' id='word_1_538' title='bbox 1249 3605 1448 3662; x_wconf 86' lang='lat' dir='ltr'>panem</span> <span class='ocrx_word' id='word_1_539' title='bbox 1485 3589 1745 3644; x_wconf 90' lang='lat' dir='ltr'>nimirum</span> <span class='ocrx_word' id='word_1_540' title='bbox 1779 3596 1835 3644; x_wconf 90' lang='lat' dir='ltr'>et</span> <span class='ocrx_word' id='word_1_541' title='bbox 1862 3603 2060 3658; x_wconf 80' lang='lat' dir='ltr'>aquam</span> 
     </span>
    </p>
   </div>
   <div class='ocr_carea' id='block_1_71' title="bbox 488 3679 2061 3760">
    <p class='ocr_par' dir='ltr' id='par_1_71' title="bbox 488 3679 2061 3760">
     <span class='ocr_line' id='line_1_71' title="bbox 488 3679 2061 3760; baseline -0.004 -19"><span class='ocrx_word' id='word_1_542' title='bbox 488 3688 614 3758; x_wconf 87' lang='lat' dir='ltr'>(hoc</span> <span class='ocrx_word' id='word_1_543' title='bbox 642 3693 729 3740; x_wconf 89' lang='lat' dir='ltr'>est</span> <span class='ocrx_word' id='word_1_544' title='bbox 771 3699 1082 3760; x_wconf 82' lang='lat' dir='ltr'>sermonem</span> <span class='ocrx_word' id='word_1_545' title='bbox 1133 3683 1201 3738; x_wconf 91' lang='lat' dir='ltr'>de</span> <span class='ocrx_word' id='word_1_546' title='bbox 1247 3682 1562 3754; x_wconf 76' lang='lat' dir='ltr'>cognitione</span> <span class='ocrx_word' id='word_1_547' title='bbox 1603 3695 1667 3734; x_wconf 88' lang='lat' dir='ltr'>ac</span> <span class='ocrx_word' id='word_1_548' title='bbox 1710 3679 1916 3750; x_wconf 84' lang='lat' dir='ltr'>pietate</span> <span class='ocrx_word' id='word_1_549' title='bbox 1957 3696 2061 3750; x_wconf 87' lang='lat' dir='ltr'>pro</span> 
     </span>
    </p>
   </div>
   <div class='ocr_carea' id='block_1_72' title="bbox 486 3769 2064 3849">
    <p class='ocr_par' dir='ltr' id='par_1_72' title="bbox 486 3769 2064 3849">
     <span class='ocr_line' id='line_1_72' title="bbox 486 3769 2064 3849; baseline -0.006 -15"><span class='ocrx_word' id='word_1_550' title='bbox 486 3778 732 3849; x_wconf 75' lang='lat' dir='ltr'>ipsorum</span> <span class='ocrx_word' id='word_1_551' title='bbox 756 3773 1023 3846; x_wconf 86' lang='lat' dir='ltr'>modulo),</span> <span class='ocrx_word' id='word_1_552' title='bbox 1049 3789 1148 3846; x_wconf 90' lang='lat' dir='ltr'>per</span> <span class='ocrx_word' id='word_1_553' title='bbox 1167 3789 1288 3844; x_wconf 59' lang='lat' dir='ltr'>quae</span> <span class='ocrx_word' id='word_1_554' title='bbox 1311 3789 1408 3844; x_wconf 85' lang='lat' dir='ltr'>par</span> <span class='ocrx_word' id='word_1_555' title='bbox 1425 3779 1546 3826; x_wconf 87' lang='lat' dir='ltr'>erat</span> <span class='ocrx_word' id='word_1_556' title='bbox 1567 3771 1715 3840; x_wconf 85' lang='lat' dir='ltr'>ipsos</span> <span class='ocrx_word' id='word_1_557' title='bbox 1733 3784 1846 3824; x_wconf 85' lang='lat' dir='ltr'>non</span> <span class='ocrx_word' id='word_1_558' title='bbox 1867 3769 1923 3823; x_wconf 89' lang='lat' dir='ltr'>in</span> <span class='ocrx_word' id='word_1_559' title='bbox 1942 3770 2064 3824; x_wconf 89' lang='lat' dir='ltr'>uni-</span> 
     </span>
    </p>
   </div>
   <div class='ocr_carea' id='block_1_73' title="bbox 484 3861 2060 3940">
    <p class='ocr_par' dir='ltr' id='par_1_73' title="bbox 484 3861 2060 3940">
     <span class='ocr_line' id='line_1_73' title="bbox 484 3861 2060 3940; baseline -0.006 -13"><span class='ocrx_word' id='word_1_560' title='bbox 484 3886 708 3928; x_wconf 85' lang='lat' dir='ltr'>versum</span> <span class='ocrx_word' id='word_1_561' title='bbox 731 3869 1030 3940; x_wconf 88' lang='lat' dir='ltr'>perituros.</span> <span class='ocrx_word' id='word_1_562' title='bbox 1063 3868 1208 3922; x_wconf 87' lang='lat' dir='ltr'>Deus</span> <span class='ocrx_word' id='word_1_563' title='bbox 1242 3866 1389 3921; x_wconf 90' lang='lat' dir='ltr'>enim</span> <span class='ocrx_word' id='word_1_564' title='bbox 1422 3862 1624 3918; x_wconf 85' lang='lat' dir='ltr'>alicubi</span> <span class='ocrx_word' id='word_1_565' title='bbox 1656 3862 1862 3931; x_wconf 86' lang='lat' dir='ltr'>inquit,</span> <span class='ocrx_word' id='word_1_566' title='bbox 1888 3861 2060 3917; x_wconf 87' lang='lat' dir='ltr'>veluti</span> 
     </span>
    </p>
   </div>
   <div class='ocr_carea' id='block_1_74' title="bbox 486 3952 2062 4033">
    <p class='ocr_par' dir='ltr' id='par_1_74' title="bbox 486 3952 2062 4033">
     <span class='ocr_line' id='line_1_74' title="bbox 486 3952 2062 4033; baseline -0.007 -15"><span class='ocrx_word' id='word_1_567' title='bbox 486 3963 736 4033; x_wconf 84' lang='lat' dir='ltr'>reliquiis</span> <span class='ocrx_word' id='word_1_568' title='bbox 768 3959 1094 4031; x_wconf 83' lang='lat' dir='ltr'>quibusdam</span> <span class='ocrx_word' id='word_1_569' title='bbox 1137 3968 1302 4028; x_wconf 85' lang='lat' dir='ltr'>atque</span> <span class='ocrx_word' id='word_1_570' title='bbox 1340 3956 1540 4026; x_wconf 80' lang='lat' dir='ltr'>exiguo</span> <span class='ocrx_word' id='word_1_571' title='bbox 1576 3953 1814 4024; x_wconf 87' lang='lat' dir='ltr'>quodam</span> <span class='ocrx_word' id='word_1_572' title='bbox 1852 3952 2062 4008; x_wconf 82' lang='lat' dir='ltr'>semine</span> 
     </span>
    </p>
   </div>
   <div class='ocr_carea' id='block_1_75' title="bbox 485 4044 2061 4125">
    <p class='ocr_par' dir='ltr' id='par_1_75' title="bbox 485 4044 2061 4125">
     <span class='ocr_line' id='line_1_75' title="bbox 485 4044 2061 4125; baseline -0.008 -16"><span class='ocrx_word' id='word_1_573' title='bbox 485 4055 674 4125; x_wconf 79' lang='lat' dir='ltr'>legalis</span> <span class='ocrx_word' id='word_1_574' title='bbox 694 4053 915 4122; x_wconf 86' lang='lat' dir='ltr'>pietatis</span> <span class='ocrx_word' id='word_1_575' title='bbox 950 4052 1007 4106; x_wconf 93' lang='lat' dir='ltr'>in</span> <span class='ocrx_word' id='word_1_576' title='bbox 1044 4051 1248 4106; x_wconf 87' lang='lat' dir='ltr'>Israele</span> <span class='ocrx_word' id='word_1_577' title='bbox 1276 4049 1483 4103; x_wconf 87' lang='lat' dir='ltr'>relictis</span> <span class='ocrx_word' id='word_1_578' title='bbox 1509 4065 1522 4100; x_wconf 94' lang='lat'><strong>:</strong></span> <span class='ocrx_word' id='word_1_579' title='bbox 1561 4064 1578 4098; x_wconf 78' lang='grc' dir='ltr'>ι</span> <span class='ocrx_word' id='word_1_580' title='bbox 1606 4047 1674 4100; x_wconf 86' lang='lat' dir='ltr'>Et</span> <span class='ocrx_word' id='word_1_581' title='bbox 1705 4061 1804 4100; x_wconf 89' lang='lat' dir='ltr'>ero</span> <span class='ocrx_word' id='word_1_582' title='bbox 1835 4044 1969 4114; x_wconf 88' lang='lat' dir='ltr'>ipsis</span> <span class='ocrx_word' id='word_1_583' title='bbox 2003 4044 2061 4098; x_wconf 85' lang='lat' dir='ltr'>in</span> 
     </span>
    </p>
   </div>
   <div class='ocr_carea' id='block_1_76' title="bbox 486 4135 2063 4210">
    <p class='ocr_par' dir='ltr' id='par_1_76' title="bbox 486 4135 2063 4210">
     <span class='ocr_line' id='line_1_76' title="bbox 486 4135 2063 4210; baseline -0.006 -11"><span class='ocrx_word' id='word_1_584' title='bbox 486 4143 970 4200; x_wconf 86' lang='lat' dir='ltr'>sanctiﬁcationem</span> <span class='ocrx_word' id='word_1_585' title='bbox 995 4142 1106 4210; x_wconf 71' lang='lat'>82</span> <span class='ocrx_word' id='word_1_586' title='bbox 1132 4155 1356 4210; x_wconf 83' lang='lat' dir='ltr'>parvam</span> <span class='ocrx_word' id='word_1_587' title='bbox 1380 4139 1437 4192; x_wconf 90' lang='lat' dir='ltr'>in</span> <span class='ocrx_word' id='word_1_588' title='bbox 1473 4137 1795 4208; x_wconf 76' lang='lat' dir='ltr'>regionibus</span> <span class='ocrx_word' id='word_1_589' title='bbox 1843 4135 1898 4190; x_wconf 92' lang='lat' dir='ltr'>in</span> <span class='ocrx_word' id='word_1_590' title='bbox 1925 4150 2063 4205; x_wconf 88' lang='lat' dir='ltr'>quas</span> 
     </span>
    </p>
   </div>
   <div class='ocr_carea' id='block_1_77' title="bbox 491 4225 2062 4305">
    <p class='ocr_par' dir='ltr' id='par_1_77' title="bbox 491 4225 2062 4305">
     <span class='ocr_line' id='line_1_77' title="bbox 491 4225 2062 4305; baseline -0.005 -17"><span class='ocrx_word' id='word_1_591' title='bbox 491 4233 718 4305; x_wconf 87' lang='lat' dir='ltr'>ingressi</span> <span class='ocrx_word' id='word_1_592' title='bbox 767 4231 970 4285; x_wconf 80' lang='lat' dir='ltr'>fuerint</span> <span class='ocrx_word' id='word_1_593' title='bbox 994 4231 1126 4284; x_wconf 89' lang='lat' dir='ltr'>illuc</span> <span class='ocrx_word' id='word_1_594' title='bbox 1152 4231 1220 4283; x_wconf 75' lang='grc' dir='ltr'>τί.</span> <span class='ocrx_word' id='word_1_595' title='bbox 1257 4249 1276 4280; x_wconf 74' lang='grc' dir='ltr'><strong>ι</strong></span> <span class='ocrx_word' id='word_1_596' title='bbox 1307 4228 1572 4283; x_wconf 76' lang='lat' dir='ltr'>Modicam</span> <span class='ocrx_word' id='word_1_597' title='bbox 1609 4239 1792 4282; x_wconf 86' lang='lat' dir='ltr'>autem</span> <span class='ocrx_word' id='word_1_598' title='bbox 1815 4225 2062 4280; x_wconf 83' lang='lat' dir='ltr'>sanctiﬁ-</span> 
     </span>
    </p>
   </div>
   <div class='ocr_carea' id='block_1_78' title="bbox 2162 3052 3741 3125">
    <p class='ocr_par' dir='ltr' id='par_1_78' title="bbox 2162 3052 3741 3125">
     <span class='ocr_line' id='line_1_78' title="bbox 2162 3052 3741 3125; baseline 0.001 -17"><span class='ocrx_word' id='word_1_599' title='bbox 2162 3055 2403 3124; x_wconf 82' lang='grc' dir='ltr'>ἄθυρμα.</span> <span class='ocrx_word' id='word_1_600' title='bbox 2471 3053 2692 3104; x_wconf 85' lang='grc' dir='ltr'>Ἐδίωκε</span> <span class='ocrx_word' id='word_1_601' title='bbox 2743 3052 2999 3123; x_wconf 76' lang='grc' dir='ltr'>μὲνγὰρ</span> <span class='ocrx_word' id='word_1_602' title='bbox 3048 3053 3077 3104; x_wconf 89' lang='lat'>6</span> <span class='ocrx_word' id='word_1_603' title='bbox 3115 3053 3342 3125; x_wconf 82' lang='grc' dir='ltr'>Ίσμαὴλ</span> <span class='ocrx_word' id='word_1_604' title='bbox 3389 3054 3479 3108; x_wconf 81' lang='grc' dir='ltr'>τὸν</span> <span class='ocrx_word' id='word_1_605' title='bbox 3538 3056 3741 3110; x_wconf 79' lang='grc' dir='ltr'>Ἰσαάκ.</span> 
     </span>
    </p>
   </div>
   <div class='ocr_carea' id='block_1_79' title="bbox 2175 3141 3743 3216">
    <p class='ocr_par' dir='ltr' id='par_1_79' title="bbox 2175 3141 3743 3216">
     <span class='ocr_line' id='line_1_79' title="bbox 2175 3141 3743 3216; baseline 0.002 -22"><span class='ocrx_word' id='word_1_606' title='bbox 2175 3142 2311 3195; x_wconf 76' lang='grc' dir='ltr'>Ἀλλ’</span> <span class='ocrx_word' id='word_1_607' title='bbox 2343 3142 2426 3194; x_wconf 82' lang='grc' dir='ltr'>ὅτι</span> <span class='ocrx_word' id='word_1_608' title='bbox 2453 3141 2633 3206; x_wconf 79' lang='grc' dir='ltr'>διώξει</span> <span class='ocrx_word' id='word_1_609' title='bbox 2667 3142 2807 3195; x_wconf 85' lang='grc' dir='ltr'>κατὰ</span> <span class='ocrx_word' id='word_1_610' title='bbox 2828 3143 3054 3214; x_wconf 80' lang='grc' dir='ltr'>καιροὺς</span> <span class='ocrx_word' id='word_1_611' title='bbox 3084 3144 3113 3196; x_wconf 92' lang='lat'>6</span> <span class='ocrx_word' id='word_1_612' title='bbox 3145 3145 3211 3196; x_wconf 88' lang='grc' dir='ltr'>ἐκ</span> <span class='ocrx_word' id='word_1_613' title='bbox 3243 3147 3341 3215; x_wconf 73' lang='grc' dir='ltr'>τῆς</span> <span class='ocrx_word' id='word_1_614' title='bbox 3388 3141 3743 3216; x_wconf 79' lang='grc' dir='ltr'>θεραπαίνης,</span> 
     </span>
    </p>
   </div>
   <div class='ocr_carea' id='block_1_80' title="bbox 2161 3231 3746 3307">
    <p class='ocr_par' dir='ltr' id='par_1_80' title="bbox 2161 3231 3746 3307">
     <span class='ocr_line' id='line_1_80' title="bbox 2161 3231 3746 3307; baseline 0.001 -20"><span class='ocrx_word' id='word_1_615' title='bbox 2161 3231 2437 3287; x_wconf 74' lang='grc' dir='ltr'>τουτέστιν</span> <span class='ocrx_word' id='word_1_616' title='bbox 2461 3272 2476 3296; x_wconf 92' lang='grc'>,</span> <span class='ocrx_word' id='word_1_617' title='bbox 2509 3233 2538 3287; x_wconf 90' lang='lat'>6</span> <span class='ocrx_word' id='word_1_618' title='bbox 2577 3233 2822 3305; x_wconf 82' lang='grc' dir='ltr'>Ἰσμαὴλ,</span> <span class='ocrx_word' id='word_1_619' title='bbox 2858 3233 2949 3287; x_wconf 78' lang='grc' dir='ltr'>τὸν</span> <span class='ocrx_word' id='word_1_620' title='bbox 2983 3237 3048 3288; x_wconf 84' lang='grc' dir='ltr'>ἐκ</span> <span class='ocrx_word' id='word_1_621' title='bbox 3074 3235 3172 3305; x_wconf 81' lang='grc' dir='ltr'>τῆς</span> <span class='ocrx_word' id='word_1_622' title='bbox 3218 3235 3528 3307; x_wconf 87' lang='grc' dir='ltr'>ἐλευθέρας,</span> <span class='ocrx_word' id='word_1_623' title='bbox 3575 3237 3746 3307; x_wconf 72' lang='grc' dir='ltr'>ἤγουν</span> 
     </span>
    </p>
   </div>
   <div class='ocr_carea' id='block_1_81' title="bbox 2160 3322 3747 3394">
    <p class='ocr_par' dir='ltr' id='par_1_81' title="bbox 2160 3322 3747 3394">
     <span class='ocr_line' id='line_1_81' title="bbox 2160 3322 3747 3394; baseline 0.001 -18"><span class='ocrx_word' id='word_1_624' title='bbox 2160 3323 2251 3377; x_wconf 75' lang='grc' dir='ltr'>τὸν</span> <span class='ocrx_word' id='word_1_625' title='bbox 2282 3325 2340 3376; x_wconf 83' lang='grc' dir='ltr'>ἐν</span> <span class='ocrx_word' id='word_1_626' title='bbox 2366 3322 2548 3376; x_wconf 88' lang='grc' dir='ltr'>πίστει</span> <span class='ocrx_word' id='word_1_627' title='bbox 2577 3323 2670 3375; x_wconf 80' lang='grc' dir='ltr'>καὶ</span> <span class='ocrx_word' id='word_1_628' title='bbox 2701 3325 2758 3376; x_wconf 88' lang='grc' dir='ltr'>ἐν</span> <span class='ocrx_word' id='word_1_629' title='bbox 2799 3323 3024 3394; x_wconf 87' lang='grc' dir='ltr'>Χριστῷ</span> <span class='ocrx_word' id='word_1_630' title='bbox 3049 3322 3196 3387; x_wconf 78' lang='grc' dir='ltr'>λαὸν,</span> <span class='ocrx_word' id='word_1_631' title='bbox 3227 3323 3472 3393; x_wconf 83' lang='grc' dir='ltr'>διεσάφει</span> <span class='ocrx_word' id='word_1_632' title='bbox 3510 3325 3683 3392; x_wconf 81' lang='grc' dir='ltr'>λέγων</span> <span class='ocrx_word' id='word_1_633' title='bbox 3717 3325 3747 3378; x_wconf 91' lang='lat'>6</span> 
     </span>
    </p>
   </div>
   <div class='ocr_carea' id='block_1_82' title="bbox 2166 3413 3747 3486">
    <p class='ocr_par' dir='ltr' id='par_1_82' title="bbox 2166 3413 3747 3486">
     <span class='ocr_line' id='line_1_82' title="bbox 2166 3413 3747 3486; baseline 0.002 -18"><span class='ocrx_word' id='word_1_634' title='bbox 2166 3415 2436 3486; x_wconf 83' lang='grc' dir='ltr'>μακάριος</span> <span class='ocrx_word' id='word_1_635' title='bbox 2456 3413 2690 3478; x_wconf 83' lang='grc' dir='ltr'>Παῦλος,</span> <span class='ocrx_word' id='word_1_636' title='bbox 2722 3413 2814 3467; x_wconf 75' lang='grc' dir='ltr'>ἐπί</span> <span class='ocrx_word' id='word_1_637' title='bbox 2842 3433 2902 3468; x_wconf 87' lang='grc' dir='ltr'>τε</span> <span class='ocrx_word' id='word_1_638' title='bbox 2933 3413 3030 3468; x_wconf 86' lang='grc' dir='ltr'>τοῦ</span> <span class='ocrx_word' id='word_1_639' title='bbox 3060 3413 3285 3486; x_wconf 72' lang='grc' dir='ltr'>Ἰσμαὴλ</span> <span class='ocrx_word' id='word_1_640' title='bbox 3307 3416 3402 3468; x_wconf 80' lang='grc' dir='ltr'>καὶ</span> <span class='ocrx_word' id='word_1_641' title='bbox 3429 3415 3521 3470; x_wconf 88' lang='grc' dir='ltr'>τοῦ</span> <span class='ocrx_word' id='word_1_642' title='bbox 3557 3417 3747 3471; x_wconf 80' lang='grc' dir='ltr'>Ἰσαὰκ</span> 
     </span>
    </p>
   </div>
   <div class='ocr_carea' id='block_1_83' title="bbox 2161 3505 3748 3580">
    <p class='ocr_par' dir='ltr' id='par_1_83' title="bbox 2161 3505 3748 3580">
     <span class='ocr_line' id='line_1_83' title="bbox 2161 3505 3748 3580; baseline 0.002 -20"><span class='ocrx_word' id='word_1_643' title='bbox 2161 3506 2302 3560; x_wconf 86' lang='grc' dir='ltr'>οῦτω</span> <span class='ocrx_word' id='word_1_644' title='bbox 2335 3506 2508 3574; x_wconf 87' lang='grc' dir='ltr'>λέγων</span> <span class='ocrx_word' id='word_1_645' title='bbox 2527 3521 2540 3534; x_wconf 89' lang='grc'><strong>·</strong></span> <span class='ocrx_word' id='word_1_646' title='bbox 2579 3524 2598 3557; x_wconf 78' lang='grc' dir='ltr'>ι</span> <span class='ocrx_word' id='word_1_647' title='bbox 2653 3505 2794 3560; x_wconf 70' lang='grc' dir='ltr'>Ἀλλ’</span> <span class='ocrx_word' id='word_1_648' title='bbox 2825 3505 3014 3576; x_wconf 84' lang='grc' dir='ltr'>ὥσπερ</span> <span class='ocrx_word' id='word_1_649' title='bbox 3039 3506 3162 3559; x_wconf 78' lang='grc' dir='ltr'>τότε</span> <span class='ocrx_word' id='word_1_650' title='bbox 3191 3508 3220 3560; x_wconf 90' lang='lat'>6</span> <span class='ocrx_word' id='word_1_651' title='bbox 3249 3506 3393 3560; x_wconf 72' lang='grc' dir='ltr'>κατὰ</span> <span class='ocrx_word' id='word_1_652' title='bbox 3421 3507 3602 3580; x_wconf 84' lang='grc' dir='ltr'>σάρκα</span> <span class='ocrx_word' id='word_1_653' title='bbox 3629 3525 3748 3576; x_wconf 85' lang='grc' dir='ltr'>γεν-</span> 
     </span>
    </p>
   </div>
   <div class='ocr_carea' id='block_1_84' title="bbox 2162 3592 3740 3664">
    <p class='ocr_par' dir='ltr' id='par_1_84' title="bbox 2162 3592 3740 3664">
     <span class='ocr_line' id='line_1_84' title="bbox 2162 3592 3740 3664; baseline 0.005 -20"><span class='ocrx_word' id='word_1_654' title='bbox 2162 3592 2344 3664; x_wconf 77' lang='grc' dir='ltr'>νηθεὶς</span> <span class='ocrx_word' id='word_1_655' title='bbox 2395 3593 2584 3646; x_wconf 87' lang='grc' dir='ltr'>ἐδίωκε</span> <span class='ocrx_word' id='word_1_656' title='bbox 2632 3593 2724 3646; x_wconf 82' lang='grc' dir='ltr'>τὸν</span> <span class='ocrx_word' id='word_1_657' title='bbox 2777 3593 2921 3647; x_wconf 81' lang='grc' dir='ltr'>κατὰ</span> <span class='ocrx_word' id='word_1_658' title='bbox 2967 3593 3222 3664; x_wconf 87' lang='grc' dir='ltr'>πνεῦμα,</span> <span class='ocrx_word' id='word_1_659' title='bbox 3254 3593 3396 3649; x_wconf 77' lang='grc' dir='ltr'>οὕτω</span> <span class='ocrx_word' id='word_1_660' title='bbox 3424 3597 3519 3650; x_wconf 74' lang='grc' dir='ltr'>καὶ</span> <span class='ocrx_word' id='word_1_661' title='bbox 3559 3596 3674 3652; x_wconf 90' lang='grc' dir='ltr'>νῦν.</span> <span class='ocrx_word' id='word_1_662' title='bbox 3720 3617 3740 3651; x_wconf 74' lang='grc' dir='ltr'><strong>ι</strong></span> 
     </span>
    </p>
   </div>
   <div class='ocr_carea' id='block_1_85' title="bbox 2175 3685 3743 3760">
    <p class='ocr_par' dir='ltr' id='par_1_85' title="bbox 2175 3685 3743 3760">
     <span class='ocr_line' id='line_1_85' title="bbox 2175 3685 3743 3760; baseline 0.003 -22"><span class='ocrx_word' id='word_1_663' title='bbox 2175 3685 2392 3757; x_wconf 81' lang='grc' dir='ltr'>Ἐπειδὴ</span> <span class='ocrx_word' id='word_1_664' title='bbox 2417 3685 2472 3739; x_wconf 68' lang='grc' dir='ltr'>δὲ</span> <span class='ocrx_word' id='word_1_665' title='bbox 2508 3685 3002 3757; x_wconf 83' lang='grc' dir='ltr'>πεπολέμηκετοϊς</span> <span class='ocrx_word' id='word_1_666' title='bbox 3033 3685 3092 3750; x_wconf 81' lang='grc' dir='ltr'>ἐξ</span> <span class='ocrx_word' id='word_1_667' title='bbox 3116 3686 3410 3760; x_wconf 78' lang='grc' dir='ltr'>ἐλευθέρας</span> <span class='ocrx_word' id='word_1_668' title='bbox 3430 3689 3461 3742; x_wconf 94' lang='lat'>6</span> <span class='ocrx_word' id='word_1_669' title='bbox 3496 3689 3743 3759; x_wconf 84' lang='grc' dir='ltr'>Ἰσμαὴλ,</span> 
     </span>
    </p>
   </div>
   <div class='ocr_carea' id='block_1_86' title="bbox 2162 3776 3746 3851">
    <p class='ocr_par' dir='ltr' id='par_1_86' title="bbox 2162 3776 3746 3851">
     <span class='ocr_line' id='line_1_86' title="bbox 2162 3776 3746 3851; baseline 0.003 -22"><span class='ocrx_word' id='word_1_670' title='bbox 2162 3777 2506 3848; x_wconf 69' lang='grc' dir='ltr'>ἐκπέμπεται</span> <span class='ocrx_word' id='word_1_671' title='bbox 2533 3777 2721 3830; x_wconf 75' lang='grc' dir='ltr'>λοιπὸν</span> <span class='ocrx_word' id='word_1_672' title='bbox 2750 3779 2784 3847; x_wconf 78' lang='grc' dir='ltr'>ἡ</span> <span class='ocrx_word' id='word_1_673' title='bbox 2809 3776 2917 3832; x_wconf 83' lang='grc' dir='ltr'>τῶν</span> <span class='ocrx_word' id='word_1_674' title='bbox 2959 3777 3230 3832; x_wconf 86' lang='grc' dir='ltr'>Ἰουδαίων</span> <span class='ocrx_word' id='word_1_675' title='bbox 3259 3779 3578 3851; x_wconf 77' lang='grc' dir='ltr'>Συναγωγὴ,</span> <span class='ocrx_word' id='word_1_676' title='bbox 3618 3797 3746 3834; x_wconf 79' lang='grc' dir='ltr'>στυ⁶</span> 
     </span>
    </p>
   </div>
   <div class='ocr_carea' id='block_1_87' title="bbox 2162 3868 3743 3947">
    <p class='ocr_par' dir='ltr' id='par_1_87' title="bbox 2162 3868 3743 3947">
     <span class='ocr_line' id='line_1_87' title="bbox 2162 3868 3743 3947; baseline 0.005 -27"><span class='ocrx_word' id='word_1_677' title='bbox 2162 3869 2288 3937; x_wconf 79' lang='grc' dir='ltr'>γνδν</span> <span class='ocrx_word' id='word_1_678' title='bbox 2319 3869 2412 3922; x_wconf 72' lang='grc' dir='ltr'>καὶ</span> <span class='ocrx_word' id='word_1_679' title='bbox 2430 3868 2693 3939; x_wconf 78' lang='grc' dir='ltr'>ἀλιπαρὲς</span> <span class='ocrx_word' id='word_1_680' title='bbox 2713 3868 2924 3936; x_wconf 81' lang='grc' dir='ltr'>ἐφόδιον</span> <span class='ocrx_word' id='word_1_681' title='bbox 2947 3868 3164 3939; x_wconf 71' lang='grc' dir='ltr'>ἔχουσα,</span> <span class='ocrx_word' id='word_1_682' title='bbox 3193 3869 3358 3942; x_wconf 75' lang='grc' dir='ltr'>ἄρτον</span> <span class='ocrx_word' id='word_1_683' title='bbox 3378 3889 3437 3925; x_wconf 89' lang='grc' dir='ltr'>τε</span> <span class='ocrx_word' id='word_1_684' title='bbox 3459 3873 3554 3927; x_wconf 82' lang='grc' dir='ltr'>καὶ</span> <span class='ocrx_word' id='word_1_685' title='bbox 3575 3872 3743 3947; x_wconf 71' lang='grc' dir='ltr'>ὕδωρ.</span> 
     </span>
    </p>
   </div>
   <div class='ocr_carea' id='block_1_88' title="bbox 2164 3955 3744 4028">
    <p class='ocr_par' dir='ltr' id='par_1_88' title="bbox 2164 3955 3744 4028">
     <span class='ocr_line' id='line_1_88' title="bbox 2164 3955 3744 4028; baseline 0.004 -18"><span class='ocrx_word' id='word_1_686' title='bbox 2164 3957 2454 4011; x_wconf 88' lang='grc' dir='ltr'>Τουτέστιν</span> <span class='ocrx_word' id='word_1_687' title='bbox 2474 3999 2488 4024; x_wconf 91' lang='grc'>,</span> <span class='ocrx_word' id='word_1_688' title='bbox 2523 3955 2965 4028; x_wconf 83' lang='grc' dir='ltr'>ἐπιμετρηθέντα</span> <span class='ocrx_word' id='word_1_689' title='bbox 2999 3959 3199 4028; x_wconf 80' lang='grc' dir='ltr'>τρόπον</span> <span class='ocrx_word' id='word_1_690' title='bbox 3230 3959 3352 4013; x_wconf 80' lang='grc' dir='ltr'>τινὰ</span> <span class='ocrx_word' id='word_1_691' title='bbox 3391 3959 3643 4026; x_wconf 84' lang='grc' dir='ltr'>γνώσεώς</span> <span class='ocrx_word' id='word_1_692' title='bbox 3680 3977 3744 4016; x_wconf 83' lang='grc' dir='ltr'>τε</span> 
     </span>
    </p>
   </div>
   <div class='ocr_carea' id='block_1_89' title="bbox 2164 4040 3747 4120">
    <p class='ocr_par' dir='ltr' id='par_1_89' title="bbox 2164 4040 3747 4120">
     <span class='ocr_line' id='line_1_89' title="bbox 2164 4040 3747 4120; baseline 0.003 -18"><span class='ocrx_word' id='word_1_693' title='bbox 2164 4049 2259 4102; x_wconf 76' lang='grc' dir='ltr'>καὶ</span> <span class='ocrx_word' id='word_1_694' title='bbox 2290 4046 2571 4110; x_wconf 74' lang='grc' dir='ltr'>εὐσεϐείας</span> <span class='ocrx_word' id='word_1_695' title='bbox 2608 4047 2786 4116; x_wconf 88' lang='grc' dir='ltr'>λόγον,</span> <span class='ocrx_word' id='word_1_696' title='bbox 2821 4047 2888 4101; x_wconf 79' lang='grc' dir='ltr'>δι’</span> <span class='ocrx_word' id='word_1_697' title='bbox 2935 4040 3012 4101; x_wconf 76' lang='grc' dir='ltr'>ὧν</span> <span class='ocrx_word' id='word_1_698' title='bbox 3058 4043 3127 4120; x_wconf 79' lang='grc' dir='ltr'>ἦν</span> <span class='ocrx_word' id='word_1_699' title='bbox 3169 4049 3314 4112; x_wconf 82' lang='grc' dir='ltr'>είκδς</span> <span class='ocrx_word' id='word_1_700' title='bbox 3360 4049 3459 4102; x_wconf 78' lang='grc' dir='ltr'>οὐκ</span> <span class='ocrx_word' id='word_1_701' title='bbox 3509 4051 3747 4106; x_wconf 77' lang='grc' dir='ltr'>είσάπαν</span> 
     </span>
    </p>
   </div>
   <div class='ocr_carea' id='block_1_90' title="bbox 2163 4137 3745 4214">
    <p class='ocr_par' dir='ltr' id='par_1_90' title="bbox 2163 4137 3745 4214">
     <span class='ocr_line' id='line_1_90' title="bbox 2163 4137 3745 4214; baseline 0 -20"><span class='ocrx_word' id='word_1_702' title='bbox 2163 4139 2478 4212; x_wconf 81' lang='grc' dir='ltr'>οἰχήσεσθαι</span> <span class='ocrx_word' id='word_1_703' title='bbox 2524 4139 2660 4214; x_wconf 77' lang='grc' dir='ltr'>πρὸς</span> <span class='ocrx_word' id='word_1_704' title='bbox 2693 4137 2755 4191; x_wconf 82' lang='grc' dir='ltr'>τὸ</span> <span class='ocrx_word' id='word_1_705' title='bbox 2786 4137 3104 4193; x_wconf 82' lang='grc' dir='ltr'>ἐκτεθνάναι</span> <span class='ocrx_word' id='word_1_706' title='bbox 3147 4139 3277 4194; x_wconf 82' lang='grc' dir='ltr'>δεῖν.</span> <span class='ocrx_word' id='word_1_707' title='bbox 3309 4139 3450 4211; x_wconf 81' lang='grc' dir='ltr'>Ἔφη</span> <span class='ocrx_word' id='word_1_708' title='bbox 3481 4140 3588 4212; x_wconf 78' lang='grc' dir='ltr'>γάρ</span> <span class='ocrx_word' id='word_1_709' title='bbox 3639 4157 3745 4194; x_wconf 83' lang='grc' dir='ltr'>που</span> 
     </span>
    </p>
   </div>
   <div class='ocr_carea' id='block_1_91' title="bbox 2165 4228 3746 4302">
    <p class='ocr_par' dir='ltr' id='par_1_91' title="bbox 2165 4228 3746 4302">
     <span class='ocr_line' id='line_1_91' title="bbox 2165 4228 3746 4302; baseline 0.001 -16"><span class='ocrx_word' id='word_1_710' title='bbox 2165 4232 2316 4298; x_wconf 84' lang='grc' dir='ltr'>Θεὸς,</span> <span class='ocrx_word' id='word_1_711' title='bbox 2337 4230 2587 4301; x_wconf 71' lang='grc' dir='ltr'>λείψανον</span> <span class='ocrx_word' id='word_1_712' title='bbox 2613 4228 2803 4300; x_wconf 83' lang='grc' dir='ltr'>ὥσπερ</span> <span class='ocrx_word' id='word_1_713' title='bbox 2825 4247 2878 4283; x_wconf 90' lang='grc' dir='ltr'>τι</span> <span class='ocrx_word' id='word_1_714' title='bbox 2917 4231 3011 4284; x_wconf 72' lang='grc' dir='ltr'>καὶ</span> <span class='ocrx_word' id='word_1_715' title='bbox 3035 4229 3256 4302; x_wconf 85' lang='grc' dir='ltr'>σπέρμα</span> <span class='ocrx_word' id='word_1_716' title='bbox 3279 4229 3453 4302; x_wconf 80' lang='grc' dir='ltr'>βραχὺ</span> <span class='ocrx_word' id='word_1_717' title='bbox 3482 4230 3581 4302; x_wconf 83' lang='grc' dir='ltr'>τῆς</span> <span class='ocrx_word' id='word_1_718' title='bbox 3599 4233 3746 4288; x_wconf 84' lang='grc' dir='ltr'>κατὰ</span> 
     </span>
    </p>
   </div>
   <div class='ocr_carea' id='block_1_92' title="bbox 486 4317 2063 4394">
    <p class='ocr_par' dir='ltr' id='par_1_92' title="bbox 486 4317 2063 4388">
     <span class='ocr_line' id='line_1_92' title="bbox 486 4317 2063 4388; baseline -0.007 -6"><span class='ocrx_word' id='word_1_719' title='bbox 486 4325 758 4382; x_wconf 81' lang='lat' dir='ltr'>cationem</span> <span class='ocrx_word' id='word_1_720' title='bbox 801 4321 1060 4377; x_wconf 84' lang='lat' dir='ltr'>lsraelitis</span> <span class='ocrx_word' id='word_1_721' title='bbox 1107 4320 1226 4376; x_wconf 84' lang='lat' dir='ltr'>fore</span> <span class='ocrx_word' id='word_1_722' title='bbox 1267 4319 1363 4383; x_wconf 88' lang='lat' dir='ltr'>ait,</span> <span class='ocrx_word' id='word_1_723' title='bbox 1404 4325 1529 4388; x_wconf 88' lang='lat' dir='ltr'>post</span> <span class='ocrx_word' id='word_1_724' title='bbox 1566 4317 1966 4387; x_wconf 87' lang='lat' dir='ltr'>dispe-rsionem</span> <span class='ocrx_word' id='word_1_725' title='bbox 2007 4317 2063 4371; x_wconf 89' lang='lat' dir='ltr'>in</span> 
     </span>
    </p>
   </div>
   <div class='ocr_carea' id='block_1_93' title="bbox 2166 4317 3742 4394">
    <p class='ocr_par' dir='ltr' id='par_1_93' title="bbox 2166 4319 3742 4394">
     <span class='ocr_line' id='line_1_93' title="bbox 2166 4319 3742 4394; baseline 0.001 -17"><span class='ocrx_word' id='word_1_726' title='bbox 2166 4322 2328 4394; x_wconf 85' lang='grc' dir='ltr'>νόμον</span> <span class='ocrx_word' id='word_1_727' title='bbox 2354 4321 2649 4384; x_wconf 79' lang='grc' dir='ltr'>ἐπιεικείας</span> <span class='ocrx_word' id='word_1_728' title='bbox 2674 4319 3078 4384; x_wconf 85' lang='grc' dir='ltr'>καταλελοιπὼς</span> <span class='ocrx_word' id='word_1_729' title='bbox 3108 4322 3166 4374; x_wconf 81' lang='grc' dir='ltr'>ἐν</span> <span class='ocrx_word' id='word_1_730' title='bbox 3196 4320 3273 4392; x_wconf 81' lang='grc' dir='ltr'>τῷ</span> <span class='ocrx_word' id='word_1_731' title='bbox 3309 4321 3540 4394; x_wconf 83' lang='grc' dir='ltr'>Ἰσραήλ·</span> <span class='ocrx_word' id='word_1_732' title='bbox 3580 4341 3599 4374; x_wconf 77' lang='grc' dir='ltr'>ι</span> <span class='ocrx_word' id='word_1_733' title='bbox 3617 4325 3742 4377; x_wconf 78' lang='grc' dir='ltr'>’Καὶ</span> 
     </span>
    </p>
   </div>
   <div class='ocr_carea' id='block_1_94' title="bbox 487 4405 2062 4483">
    <p class='ocr_par' dir='ltr' id='par_1_94' title="bbox 487 4405 2062 4483">
     <span class='ocr_line' id='line_1_94' title="bbox 487 4405 2062 4483; baseline -0.004 -17"><span class='ocrx_word' id='word_1_734' title='bbox 487 4419 698 4483; x_wconf 87' lang='lat' dir='ltr'>gentes,</span> <span class='ocrx_word' id='word_1_735' title='bbox 727 4410 852 4465; x_wconf 90' lang='lat' dir='ltr'>ideo</span> <span class='ocrx_word' id='word_1_736' title='bbox 889 4409 1035 4479; x_wconf 91' lang='lat' dir='ltr'>quod</span> <span class='ocrx_word' id='word_1_737' title='bbox 1065 4423 1174 4464; x_wconf 89' lang='lat' dir='ltr'>non</span> <span class='ocrx_word' id='word_1_738' title='bbox 1203 4407 1498 4463; x_wconf 83' lang='lat' dir='ltr'>admodum</span> <span class='ocrx_word' id='word_1_739' title='bbox 1540 4405 1710 4461; x_wconf 81' lang='lat' dir='ltr'>fortes</span> <span class='ocrx_word' id='word_1_740' title='bbox 1746 4421 1812 4460; x_wconf 87' lang='lat' dir='ltr'>ac</span> <span class='ocrx_word' id='word_1_741' title='bbox 1851 4405 2062 4460; x_wconf 88' lang='lat' dir='ltr'>strenui</span> 
     </span>
    </p>
   </div>
   <div class='ocr_carea' id='block_1_95' title="bbox 487 4497 2062 4570">
    <p class='ocr_par' dir='ltr' id='par_1_95' title="bbox 487 4497 2062 4570">
     <span class='ocr_line' id='line_1_95' title="bbox 487 4497 2062 4570; baseline -0.004 -12"><span class='ocrx_word' id='word_1_742' title='bbox 487 4503 598 4558; x_wconf 87' lang='lat' dir='ltr'>sint</span> <span class='ocrx_word' id='word_1_743' title='bbox 629 4501 824 4566; x_wconf 65' lang='lat' dir='ltr'>Judaei,</span> <span class='ocrx_word' id='word_1_744' title='bbox 852 4516 922 4555; x_wconf 88' lang='lat' dir='ltr'>ne</span> <span class='ocrx_word' id='word_1_745' title='bbox 949 4500 1018 4554; x_wconf 89' lang='lat' dir='ltr'>ad</span> <span class='ocrx_word' id='word_1_746' title='bbox 1054 4501 1227 4570; x_wconf 87' lang='lat' dir='ltr'>ipsam</span> <span class='ocrx_word' id='word_1_747' title='bbox 1259 4499 1482 4568; x_wconf 87' lang='lat' dir='ltr'>quidem</span> <span class='ocrx_word' id='word_1_748' title='bbox 1507 4513 1539 4553; x_wconf 86' lang='lat' dir='ltr'>a</span> <span class='ocrx_word' id='word_1_749' title='bbox 1578 4498 1760 4569; x_wconf 80' lang='lat' dir='ltr'>Moyse</span> <span class='ocrx_word' id='word_1_750' title='bbox 1805 4497 2062 4566; x_wconf 64' lang='lat' dir='ltr'>prmeri-</span> 
     </span>
    </p>
   </div>
   <div class='ocr_carea' id='block_1_96' title="bbox 487 4588 2062 4664">
    <p class='ocr_par' dir='ltr' id='par_1_96' title="bbox 487 4588 2062 4664">
     <span class='ocr_line' id='line_1_96' title="bbox 487 4588 2062 4664; baseline -0.003 -16"><span class='ocrx_word' id='word_1_751' title='bbox 487 4604 635 4664; x_wconf 76' lang='lat' dir='ltr'>ptam</span> <span class='ocrx_word' id='word_1_752' title='bbox 665 4593 838 4663; x_wconf 86' lang='lat' dir='ltr'>legem</span> <span class='ocrx_word' id='word_1_753' title='bbox 859 4591 1213 4660; x_wconf 84' lang='lat' dir='ltr'>implendam,</span> <span class='ocrx_word' id='word_1_754' title='bbox 1237 4589 1495 4660; x_wconf 87' lang='lat' dir='ltr'>quodque</span> <span class='ocrx_word' id='word_1_755' title='bbox 1523 4604 1717 4659; x_wconf 88' lang='lat' dir='ltr'>parum</span> <span class='ocrx_word' id='word_1_756' title='bbox 1763 4588 2062 4644; x_wconf 87' lang='lat' dir='ltr'>admodum</span> 
     </span>
    </p>
   </div>
   <div class='ocr_carea' id='block_1_97' title="bbox 488 4680 2062 4752">
    <p class='ocr_par' dir='ltr' id='par_1_97' title="bbox 488 4680 2062 4752">
     <span class='ocr_line' id='line_1_97' title="bbox 488 4680 2062 4752; baseline -0.004 -12"><span class='ocrx_word' id='word_1_757' title='bbox 488 4701 552 4740; x_wconf 83' lang='lat' dir='ltr'>ac</span> <span class='ocrx_word' id='word_1_758' title='bbox 575 4699 645 4739; x_wconf 88' lang='lat' dir='ltr'>ne</span> <span class='ocrx_word' id='word_1_759' title='bbox 673 4685 764 4738; x_wconf 78' lang='lat' dir='ltr'>vix</span> <span class='ocrx_word' id='word_1_760' title='bbox 801 4682 1025 4752; x_wconf 90' lang='lat' dir='ltr'>quidem</span> <span class='ocrx_word' id='word_1_761' title='bbox 1065 4682 1425 4736; x_wconf 81' lang='lat' dir='ltr'>observarent</span> <span class='ocrx_word' id='word_1_762' title='bbox 1469 4680 1946 4735; x_wconf 87' lang='lat' dir='ltr'>circumcisionem</span> <span class='ocrx_word' id='word_1_763' title='bbox 2004 4680 2062 4735; x_wconf 89' lang='lat' dir='ltr'>in</span> 
     </span>
    </p>
   </div>
   <div class='ocr_carea' id='block_1_98' title="bbox 488 4793 2068 4865">
    <p class='ocr_par' dir='ltr' id='par_1_98' title="bbox 488 4793 2068 4865">
     <span class='ocr_line' id='line_1_98' title="bbox 488 4793 2068 4865; baseline -0.004 -12"><span class='ocrx_word' id='word_1_764' title='bbox 488 4813 652 4854; x_wconf 87' lang='lat' dir='ltr'>carne</span> <span class='ocrx_word' id='word_1_765' title='bbox 705 4803 761 4851; x_wconf 91' lang='lat' dir='ltr'>et</span> <span class='ocrx_word' id='word_1_766' title='bbox 804 4794 1139 4849; x_wconf 87' lang='lat' dir='ltr'>vacationem</span> <span class='ocrx_word' id='word_1_767' title='bbox 1184 4793 1252 4848; x_wconf 88' lang='lat' dir='ltr'>ab</span> <span class='ocrx_word' id='word_1_768' title='bbox 1292 4809 1458 4865; x_wconf 87' lang='lat' dir='ltr'>opere</span> <span class='ocrx_word' id='word_1_769' title='bbox 1498 4793 1554 4848; x_wconf 90' lang='lat' dir='ltr'>in</span> <span class='ocrx_word' id='word_1_770' title='bbox 1595 4793 1854 4849; x_wconf 83' lang='lat' dir='ltr'>Sabbato.</span> <span class='ocrx_word' id='word_1_771' title='bbox 1900 4793 2068 4848; x_wconf 87' lang='lat' dir='ltr'>Panis</span> 
     </span>
    </p>
   </div>
   <div class='ocr_carea' id='block_1_99' title="bbox 491 4885 2066 4958">
    <p class='ocr_par' dir='ltr' id='par_1_99' title="bbox 491 4885 2066 4958">
     <span class='ocr_line' id='line_1_99' title="bbox 491 4885 2066 4958; baseline -0.003 -14"><span class='ocrx_word' id='word_1_772' title='bbox 491 4891 673 4958; x_wconf 88' lang='lat' dir='ltr'>itaque</span> <span class='ocrx_word' id='word_1_773' title='bbox 699 4897 754 4942; x_wconf 90' lang='lat' dir='ltr'>et</span> <span class='ocrx_word' id='word_1_774' title='bbox 781 4901 918 4956; x_wconf 86' lang='lat' dir='ltr'>aqua</span> <span class='ocrx_word' id='word_1_775' title='bbox 937 4885 1029 4940; x_wconf 83' lang='lat' dir='ltr'>vix</span> <span class='ocrx_word' id='word_1_776' title='bbox 1047 4885 1209 4939; x_wconf 86' lang='lat' dir='ltr'>datur</span> <span class='ocrx_word' id='word_1_777' title='bbox 1232 4886 1287 4940; x_wconf 92' lang='lat' dir='ltr'>in</span> <span class='ocrx_word' id='word_1_778' title='bbox 1308 4887 1564 4943; x_wconf 75' lang='lat' dir='ltr'>viaticum</span> <span class='ocrx_word' id='word_1_779' title='bbox 1591 4886 1641 4940; x_wconf 90' lang='lat' dir='ltr'>ei</span> <span class='ocrx_word' id='word_1_780' title='bbox 1667 4903 1789 4956; x_wconf 82' lang='lat' dir='ltr'>quae</span> <span class='ocrx_word' id='word_1_781' title='bbox 1811 4886 1865 4939; x_wconf 92' lang='lat' dir='ltr'>in</span> <span class='ocrx_word' id='word_1_782' title='bbox 1888 4885 2066 4939; x_wconf 83' lang='lat' dir='ltr'>servi-</span> 
     </span>
    </p>
   </div>
   <div class='ocr_carea' id='block_1_100' title="bbox 493 4977 2062 5050">
    <p class='ocr_par' dir='ltr' id='par_1_100' title="bbox 493 4977 2062 5050">
     <span class='ocr_line' id='line_1_100' title="bbox 493 4977 2062 5050; baseline -0.001 -15"><span class='ocrx_word' id='word_1_783' title='bbox 493 4990 663 5036; x_wconf 87' lang='lat' dir='ltr'>tutem</span> <span class='ocrx_word' id='word_1_784' title='bbox 693 4988 816 5034; x_wconf 84' lang='lat' dir='ltr'>nata</span> <span class='ocrx_word' id='word_1_785' title='bbox 840 4986 976 5043; x_wconf 86' lang='lat' dir='ltr'>erat,</span> <span class='ocrx_word' id='word_1_786' title='bbox 1003 4978 1110 5033; x_wconf 89' lang='lat' dir='ltr'>hoc</span> <span class='ocrx_word' id='word_1_787' title='bbox 1124 4978 1533 5033; x_wconf 65' lang='lat' dir='ltr'>estJudaeorum</span> <span class='ocrx_word' id='word_1_788' title='bbox 1559 4977 2062 5050; x_wconf 64' lang='lat' dir='ltr'>SynagogzeAtque</span> 
     </span>
    </p>
   </div>
   <div class='ocr_carea' id='block_1_101' title="bbox 491 5067 2060 5142">
    <p class='ocr_par' dir='ltr' id='par_1_101' title="bbox 491 5067 2060 5142">
     <span class='ocr_line' id='line_1_101' title="bbox 491 5067 2060 5142; baseline -0.005 -15"><span class='ocrx_word' id='word_1_789' title='bbox 491 5087 633 5142; x_wconf 61' lang='lat' dir='ltr'>{egre</span> <span class='ocrx_word' id='word_1_790' title='bbox 649 5069 867 5141; x_wconf 87' lang='lat' dir='ltr'>quidem</span> <span class='ocrx_word' id='word_1_791' title='bbox 888 5069 1012 5124; x_wconf 89' lang='lat' dir='ltr'>tulit</span> <span class='ocrx_word' id='word_1_792' title='bbox 1033 5067 1307 5122; x_wconf 83' lang='lat' dir='ltr'>Abraham</span> <span class='ocrx_word' id='word_1_793' title='bbox 1327 5067 1450 5138; x_wconf 89' lang='lat' dir='ltr'>ejici</span> <span class='ocrx_word' id='word_1_794' title='bbox 1473 5068 1633 5138; x_wconf 84' lang='lat' dir='ltr'>Agar,</span> <span class='ocrx_word' id='word_1_795' title='bbox 1650 5067 1857 5121; x_wconf 90' lang='lat' dir='ltr'>dimisit</span> <span class='ocrx_word' id='word_1_796' title='bbox 1878 5075 2060 5120; x_wconf 87' lang='lat' dir='ltr'>tamen</span> 
     </span>
    </p>
   </div>
   <div class='ocr_carea' id='block_1_102' title="bbox 492 5158 2062 5234">
    <p class='ocr_par' dir='ltr' id='par_1_102' title="bbox 492 5158 2062 5234">
     <span class='ocr_line' id='line_1_102' title="bbox 492 5158 2062 5234; baseline -0.003 -18"><span class='ocrx_word' id='word_1_797' title='bbox 492 5163 842 5234; x_wconf 82' lang='lat' dir='ltr'>praecipiente</span> <span class='ocrx_word' id='word_1_798' title='bbox 869 5161 998 5214; x_wconf 91' lang='lat' dir='ltr'>Deo.</span> <span class='ocrx_word' id='word_1_799' title='bbox 1030 5158 1232 5213; x_wconf 83' lang='lat' dir='ltr'>Aﬁlixit</span> <span class='ocrx_word' id='word_1_800' title='bbox 1257 5158 1402 5212; x_wconf 91' lang='lat' dir='ltr'>enim</span> <span class='ocrx_word' id='word_1_801' title='bbox 1442 5174 1630 5213; x_wconf 82' lang='lat' dir='ltr'>revera</span> <span class='ocrx_word' id='word_1_802' title='bbox 1669 5167 1883 5212; x_wconf 89' lang='lat' dir='ltr'>sanctos</span> <span class='ocrx_word' id='word_1_803' title='bbox 1927 5172 2062 5226; x_wconf 88' lang='lat' dir='ltr'>apo-</span> 
     </span>
    </p>
   </div>
   <div class='ocr_carea' id='block_1_103' title="bbox 491 5248 2064 5320">
    <p class='ocr_par' dir='ltr' id='par_1_103' title="bbox 491 5248 2064 5320">
     <span class='ocr_line' id='line_1_103' title="bbox 491 5248 2064 5320; baseline -0.005 -11"><span class='ocrx_word' id='word_1_804' title='bbox 491 5253 663 5309; x_wconf 75' lang='lat' dir='ltr'>stolas</span> <span class='ocrx_word' id='word_1_805' title='bbox 680 5261 735 5306; x_wconf 90' lang='lat' dir='ltr'>et</span> <span class='ocrx_word' id='word_1_806' title='bbox 758 5251 1117 5320; x_wconf 78' lang='lat' dir='ltr'>evangelistas</span> <span class='ocrx_word' id='word_1_807' title='bbox 1139 5249 1396 5304; x_wconf 73' lang='lat' dir='ltr'>excidcns</span> <span class='ocrx_word' id='word_1_808' title='bbox 1415 5249 1597 5302; x_wconf 85' lang='lat' dir='ltr'>Israel.</span> <span class='ocrx_word' id='word_1_809' title='bbox 1620 5248 1886 5304; x_wconf 66' lang='lat' dir='ltr'>Caeterum</span> <span class='ocrx_word' id='word_1_810' title='bbox 1908 5262 2064 5317; x_wconf 86' lang='lat' dir='ltr'>sepa-</span> 
     </span>
    </p>
   </div>
   <div class='ocr_carea' id='block_1_104' title="bbox 494 5338 2062 5411">
    <p class='ocr_par' dir='ltr' id='par_1_104' title="bbox 494 5338 2062 5411">
     <span class='ocr_line' id='line_1_104' title="bbox 494 5338 2062 5411; baseline -0.004 -12"><span class='ocrx_word' id='word_1_811' title='bbox 494 5343 597 5399; x_wconf 88' lang='lat' dir='ltr'>rati</span> <span class='ocrx_word' id='word_1_812' title='bbox 622 5352 752 5397; x_wconf 92' lang='lat' dir='ltr'>sunt</span> <span class='ocrx_word' id='word_1_813' title='bbox 784 5343 853 5396; x_wconf 86' lang='lat' dir='ltr'>ab</span> <span class='ocrx_word' id='word_1_814' title='bbox 877 5357 965 5406; x_wconf 94' lang='lat' dir='ltr'>eo,</span> <span class='ocrx_word' id='word_1_815' title='bbox 988 5342 1151 5396; x_wconf 81' lang='lat' dir='ltr'>etiam</span> <span class='ocrx_word' id='word_1_816' title='bbox 1191 5353 1389 5411; x_wconf 72' lang='lat' dir='ltr'>praeter</span> <span class='ocrx_word' id='word_1_817' title='bbox 1420 5355 1574 5394; x_wconf 86' lang='lat' dir='ltr'>suam</span> <span class='ocrx_word' id='word_1_818' title='bbox 1600 5341 1960 5402; x_wconf 82' lang='lat' dir='ltr'>voluntatem,</span> <span class='ocrx_word' id='word_1_819' title='bbox 1989 5338 2062 5392; x_wconf 91' lang='lat' dir='ltr'>ob</span> 
     </span>
    </p>
   </div>
   <div class='ocr_carea' id='block_1_105' title="bbox 493 5431 2064 5503">
    <p class='ocr_par' dir='ltr' id='par_1_105' title="bbox 493 5431 2064 5503">
     <span class='ocr_line' id='line_1_105' title="bbox 493 5431 2064 5503; baseline -0.006 -12"><span class='ocrx_word' id='word_1_820' title='bbox 493 5437 828 5491; x_wconf 85' lang='lat' dir='ltr'>voluntatem</span> <span class='ocrx_word' id='word_1_821' title='bbox 852 5433 947 5489; x_wconf 82' lang='lat' dir='ltr'>Dei</span> <span class='ocrx_word' id='word_1_822' title='bbox 991 5443 1045 5489; x_wconf 89' lang='lat' dir='ltr'>et</span> <span class='ocrx_word' id='word_1_823' title='bbox 1071 5447 1322 5503; x_wconf 21' lang='lat' dir='ltr'>amorem.</span> <span class='ocrx_word' id='word_1_824' title='bbox 1349 5447 1476 5503; x_wconf 81' lang='lat' dir='ltr'>erga</span> <span class='ocrx_word' id='word_1_825' title='bbox 1502 5431 1800 5487; x_wconf 86' lang='lat' dir='ltr'>Christum.</span> <span class='ocrx_word' id='word_1_826' title='bbox 1830 5431 1985 5488; x_wconf 79' lang='lat' dir='ltr'>Unde</span> <span class='ocrx_word' id='word_1_827' title='bbox 2007 5437 2064 5484; x_wconf 88' lang='lat' dir='ltr'>et</span> 
     </span>
    </p>
   </div>
   <div class='ocr_carea' id='block_1_106' title="bbox 568 5607 2593 5681">
    <p class='ocr_par' dir='ltr' id='par_1_106' title="bbox 568 5607 2593 5681">
     <span class='ocr_line' id='line_1_106' title="bbox 568 5607 2593 5681; baseline -0.005 -9"><span class='ocrx_word' id='word_1_828' title='bbox 568 5614 612 5647; x_wconf 82' lang='lat'>“</span> <span class='ocrx_word' id='word_1_829' title='bbox 635 5612 901 5679; x_wconf 68' lang='lat' dir='ltr'>Gemma,</span> <span class='ocrx_word' id='word_1_830' title='bbox 928 5611 1020 5681; x_wconf 81' lang='lat' dir='ltr'>lo;</span> <span class='ocrx_word' id='word_1_831' title='bbox 1062 5610 1235 5668; x_wconf 82' lang='lat' dir='ltr'>Galat.</span> <span class='ocrx_word' id='word_1_832' title='bbox 1290 5625 1362 5679; x_wconf 86' lang='lat' dir='ltr'>tv,</span> <span class='ocrx_word' id='word_1_833' title='bbox 1396 5609 1482 5666; x_wconf 77' lang='lat'>50.</span> <span class='ocrx_word' id='word_1_834' title='bbox 1560 5610 1763 5667; x_wconf 82' lang='lat' dir='ltr'>&quot;Gen.</span> <span class='ocrx_word' id='word_1_835' title='bbox 1803 5627 1912 5679; x_wconf 72' lang='lat' dir='ltr'>XXI,</span> <span class='ocrx_word' id='word_1_836' title='bbox 1953 5611 2038 5668; x_wconf 83' lang='lat' dir='ltr'>l9.</span> <span class='ocrx_word' id='word_1_837' title='bbox 2113 5611 2162 5648; x_wconf 83' lang='lat'>&#39;°</span> <span class='ocrx_word' id='word_1_838' title='bbox 2193 5609 2365 5668; x_wconf 84' lang='lat' dir='ltr'>Galat.</span> <span class='ocrx_word' id='word_1_839' title='bbox 2400 5624 2472 5678; x_wconf 80' lang='lat' dir='ltr'>tv,</span> <span class='ocrx_word' id='word_1_840' title='bbox 2504 5607 2593 5667; x_wconf 67' lang='lat'>29.</span> 
     </span>
    </p>
   </div>
   <div class='ocr_carea' id='block_1_107' title="bbox 2167 4411 3740 4485">
    <p class='ocr_par' dir='ltr' id='par_1_107' title="bbox 2167 4411 3740 4485">
     <span class='ocr_line' id='line_1_107' title="bbox 2167 4411 3740 4485; baseline 0.001 -19"><span class='ocrx_word' id='word_1_841' title='bbox 2167 4414 2361 4484; x_wconf 78' lang='grc' dir='ltr'>ἔσομαι</span> <span class='ocrx_word' id='word_1_842' title='bbox 2391 4413 2577 4475; x_wconf 80' lang='grc' dir='ltr'>αὐτοῖς</span> <span class='ocrx_word' id='word_1_843' title='bbox 2611 4413 2691 4476; x_wconf 85' lang='grc' dir='ltr'>είς</span> <span class='ocrx_word' id='word_1_844' title='bbox 2733 4411 2979 4482; x_wconf 84' lang='grc' dir='ltr'>ἁγίασμα</span> <span class='ocrx_word' id='word_1_845' title='bbox 3026 4411 3220 4484; x_wconf 81' lang='grc' dir='ltr'>μικρὸν</span> <span class='ocrx_word' id='word_1_846' title='bbox 3258 4415 3316 4466; x_wconf 83' lang='grc' dir='ltr'>ἐν</span> <span class='ocrx_word' id='word_1_847' title='bbox 3352 4416 3472 4477; x_wconf 87' lang='grc' dir='ltr'>ταῖς</span> <span class='ocrx_word' id='word_1_848' title='bbox 3511 4413 3740 4485; x_wconf 81' lang='grc' dir='ltr'>χώραις,</span> 
     </span>
    </p>
   </div>
   <div class='ocr_carea' id='block_1_108' title="bbox 2167 4501 3746 4576">
    <p class='ocr_par' dir='ltr' id='par_1_108' title="bbox 2167 4501 3746 4576">
     <span class='ocr_line' id='line_1_108' title="bbox 2167 4501 3746 4576; baseline 0.001 -17"><span class='ocrx_word' id='word_1_849' title='bbox 2167 4501 2228 4559; x_wconf 80' lang='grc' dir='ltr'>οῦ</span> <span class='ocrx_word' id='word_1_850' title='bbox 2267 4505 2361 4559; x_wconf 84' lang='grc' dir='ltr'>ἐὰν</span> <span class='ocrx_word' id='word_1_851' title='bbox 2407 4504 2718 4558; x_wconf 76' lang='grc' dir='ltr'>εἰσέλθωσιν</span> <span class='ocrx_word' id='word_1_852' title='bbox 2761 4505 2920 4560; x_wconf 72' lang='grc' dir='ltr'>ἐκεῖ.ι</span> <span class='ocrx_word' id='word_1_853' title='bbox 2936 4504 3147 4575; x_wconf 74' lang='grc' dir='ltr'>Μικρὸν</span> <span class='ocrx_word' id='word_1_854' title='bbox 3195 4504 3253 4558; x_wconf 86' lang='grc' dir='ltr'>δέ</span> <span class='ocrx_word' id='word_1_855' title='bbox 3299 4521 3464 4576; x_wconf 82' lang='grc' dir='ltr'>φησιν</span> <span class='ocrx_word' id='word_1_856' title='bbox 3497 4505 3746 4576; x_wconf 84' lang='grc' dir='ltr'>ἀγίασμα</span> 
     </span>
    </p>
   </div>
   <div class='ocr_carea' id='block_1_109' title="bbox 2167 4579 3743 4668">
    <p class='ocr_par' dir='ltr' id='par_1_109' title="bbox 2167 4579 3743 4668">
     <span class='ocr_line' id='line_1_109' title="bbox 2167 4579 3743 4668; baseline 0.001 -19"><span class='ocrx_word' id='word_1_857' title='bbox 2167 4579 2656 4666; x_wconf 44' lang='grc' dir='ltr'>γενήσεσθαιίτοίς</span> <span class='ocrx_word' id='word_1_858' title='bbox 2697 4593 2755 4658; x_wconf 77' lang='grc' dir='ltr'>ἐξ</span> <span class='ocrx_word' id='word_1_859' title='bbox 2804 4595 3056 4666; x_wconf 80' lang='grc' dir='ltr'>Ἰσραὴλ,</span> <span class='ocrx_word' id='word_1_860' title='bbox 3116 4597 3254 4666; x_wconf 84' lang='grc' dir='ltr'>μετὰ</span> <span class='ocrx_word' id='word_1_861' title='bbox 3298 4615 3362 4666; x_wconf 86' lang='grc' dir='ltr'>γε</span> <span class='ocrx_word' id='word_1_862' title='bbox 3405 4598 3506 4668; x_wconf 81' lang='grc' dir='ltr'>τὴν</span> <span class='ocrx_word' id='word_1_863' title='bbox 3541 4599 3600 4650; x_wconf 90' lang='grc' dir='ltr'>ἐν</span> <span class='ocrx_word' id='word_1_864' title='bbox 3629 4600 3743 4662; x_wconf 82' lang='grc' dir='ltr'>τοῖς</span> 
     </span>
    </p>
   </div>
   <div class='ocr_carea' id='block_1_110' title="bbox 2169 4685 3744 4758">
    <p class='ocr_par' dir='ltr' id='par_1_110' title="bbox 2169 4685 3744 4758">
     <span class='ocr_line' id='line_1_110' title="bbox 2169 4685 3744 4758; baseline 0.001 -18"><span class='ocrx_word' id='word_1_865' title='bbox 2169 4687 2347 4740; x_wconf 76' lang='grc' dir='ltr'>ἔθνεσι</span> <span class='ocrx_word' id='word_1_866' title='bbox 2375 4685 2800 4758; x_wconf 75' lang='grc' dir='ltr'>διασπορὰν,διά</span> <span class='ocrx_word' id='word_1_867' title='bbox 2831 4703 2912 4738; x_wconf 89' lang='grc' dir='ltr'>τοι</span> <span class='ocrx_word' id='word_1_868' title='bbox 2941 4685 3000 4738; x_wconf 89' lang='grc' dir='ltr'>τὸ</span> <span class='ocrx_word' id='word_1_869' title='bbox 3041 4686 3115 4757; x_wconf 83' lang='grc' dir='ltr'>μὴ</span> <span class='ocrx_word' id='word_1_870' title='bbox 3150 4687 3288 4756; x_wconf 79' lang='grc' dir='ltr'>ἄγαν</span> <span class='ocrx_word' id='word_1_871' title='bbox 3314 4689 3424 4742; x_wconf 85' lang='grc' dir='ltr'>τῶν</span> <span class='ocrx_word' id='word_1_872' title='bbox 3474 4688 3744 4742; x_wconf 77' lang='grc' dir='ltr'>Ἰουδαίων</span> 
     </span>
    </p>
   </div>
   <div class='ocr_carea' id='block_1_111' title="bbox 2168 4777 3746 4849">
    <p class='ocr_par' dir='ltr' id='par_1_111' title="bbox 2168 4777 3746 4849">
     <span class='ocr_line' id='line_1_111' title="bbox 2168 4777 3746 4849; baseline 0.002 -17"><span class='ocrx_word' id='word_1_873' title='bbox 2168 4778 2419 4842; x_wconf 77' lang='grc' dir='ltr'>εὐσθενὲς</span> <span class='ocrx_word' id='word_1_874' title='bbox 2460 4779 2540 4841; x_wconf 84' lang='grc' dir='ltr'>είς</span> <span class='ocrx_word' id='word_1_875' title='bbox 2585 4777 2648 4830; x_wconf 83' lang='grc' dir='ltr'>τὸ</span> <span class='ocrx_word' id='word_1_876' title='bbox 2683 4777 2962 4843; x_wconf 81' lang='grc' dir='ltr'>δύνασθαι,</span> <span class='ocrx_word' id='word_1_877' title='bbox 3004 4780 3169 4849; x_wconf 77' lang='grc' dir='ltr'>φημὶ,</span> <span class='ocrx_word' id='word_1_878' title='bbox 3216 4778 3319 4833; x_wconf 79' lang='grc' dir='ltr'>κᾶν</span> <span class='ocrx_word' id='word_1_879' title='bbox 3361 4779 3493 4844; x_wconf 85' lang='grc' dir='ltr'>γοῦν</span> <span class='ocrx_word' id='word_1_880' title='bbox 3532 4780 3624 4833; x_wconf 74' lang='grc' dir='ltr'>τὸν</span> <span class='ocrx_word' id='word_1_881' title='bbox 3652 4780 3746 4835; x_wconf 80' lang='grc' dir='ltr'>διὰ</span> 
     </span>
    </p>
   </div>
   <div class='ocr_carea' id='block_1_112' title="bbox 2165 4871 3745 4942">
    <p class='ocr_par' dir='ltr' id='par_1_112' title="bbox 2165 4871 3745 4942">
     <span class='ocr_line' id='line_1_112' title="bbox 2165 4871 3745 4942; baseline -0.001 -17"><span class='ocrx_word' id='word_1_882' title='bbox 2165 4871 2407 4934; x_wconf 77' lang='grc' dir='ltr'>Μωσέως</span> <span class='ocrx_word' id='word_1_883' title='bbox 2435 4871 2824 4942; x_wconf 83' lang='grc' dir='ltr'>ἀποπεραίνειν</span> <span class='ocrx_word' id='word_1_884' title='bbox 2862 4871 3051 4940; x_wconf 89' lang='grc' dir='ltr'>νόμον,</span> <span class='ocrx_word' id='word_1_885' title='bbox 3080 4871 3326 4938; x_wconf 73' lang='grc' dir='ltr'>ὀλίγιστα</span> <span class='ocrx_word' id='word_1_886' title='bbox 3363 4871 3419 4924; x_wconf 78' lang='grc' dir='ltr'>δὲ</span> <span class='ocrx_word' id='word_1_887' title='bbox 3459 4872 3553 4925; x_wconf 72' lang='grc' dir='ltr'>καὶ</span> <span class='ocrx_word' id='word_1_888' title='bbox 3588 4871 3745 4942; x_wconf 83' lang='grc' dir='ltr'>μόλις</span> 
     </span>
    </p>
   </div>
   <div class='ocr_carea' id='block_1_113' title="bbox 2165 4962 3745 5034">
    <p class='ocr_par' dir='ltr' id='par_1_113' title="bbox 2165 4962 3745 5034">
     <span class='ocr_line' id='line_1_113' title="bbox 2165 4962 3745 5034; baseline 0.001 -18"><span class='ocrx_word' id='word_1_889' title='bbox 2165 4964 2477 5034; x_wconf 84' lang='grc' dir='ltr'>ἐπιτηρεῖν,</span> <span class='ocrx_word' id='word_1_890' title='bbox 2508 4963 2606 5034; x_wconf 83' lang='grc' dir='ltr'>τὴν</span> <span class='ocrx_word' id='word_1_891' title='bbox 2634 4963 2692 5015; x_wconf 84' lang='grc' dir='ltr'>ἐν</span> <span class='ocrx_word' id='word_1_892' title='bbox 2735 4963 2898 5031; x_wconf 83' lang='grc' dir='ltr'>σαρκί</span> <span class='ocrx_word' id='word_1_893' title='bbox 2942 4979 3047 5015; x_wconf 87' lang='grc' dir='ltr'>που</span> <span class='ocrx_word' id='word_1_894' title='bbox 3094 4963 3238 5032; x_wconf 83' lang='grc' dir='ltr'>τάχα</span> <span class='ocrx_word' id='word_1_895' title='bbox 3270 4962 3602 5034; x_wconf 76' lang='grc' dir='ltr'>περιτομὴν,</span> <span class='ocrx_word' id='word_1_896' title='bbox 3641 4966 3745 5017; x_wconf 75' lang='grc' dir='ltr'>καὶ</span> 
     </span>
    </p>
   </div>
   <div class='ocr_carea' id='block_1_114' title="bbox 2162 5053 3744 5126">
    <p class='ocr_par' dir='ltr' id='par_1_114' title="bbox 2162 5053 3744 5126">
     <span class='ocr_line' id='line_1_114' title="bbox 2162 5053 3744 5126; baseline -0.001 -18"><span class='ocrx_word' id='word_1_897' title='bbox 2162 5055 2360 5126; x_wconf 80' lang='grc' dir='ltr'>ἀργίαν</span> <span class='ocrx_word' id='word_1_898' title='bbox 2390 5055 2488 5126; x_wconf 81' lang='grc' dir='ltr'>τὴν</span> <span class='ocrx_word' id='word_1_899' title='bbox 2534 5058 2592 5109; x_wconf 84' lang='grc' dir='ltr'>ἐν</span> <span class='ocrx_word' id='word_1_900' title='bbox 2640 5054 2922 5125; x_wconf 75' lang='grc' dir='ltr'>Σαϐϐάτῳ.</span> <span class='ocrx_word' id='word_1_901' title='bbox 2965 5054 3158 5109; x_wconf 81' lang='grc' dir='ltr'>’Υδατι</span> <span class='ocrx_word' id='word_1_902' title='bbox 3203 5053 3383 5106; x_wconf 84' lang='grc' dir='ltr'>τοίνυν</span> <span class='ocrx_word' id='word_1_903' title='bbox 3424 5055 3518 5106; x_wconf 78' lang='grc' dir='ltr'>καὶ</span> <span class='ocrx_word' id='word_1_904' title='bbox 3555 5053 3744 5124; x_wconf 81' lang='grc' dir='ltr'>ἄρτοις</span> 
     </span>
    </p>
   </div>
   <div class='ocr_carea' id='block_1_115' title="bbox 2166 5145 3741 5216">
    <p class='ocr_par' dir='ltr' id='par_1_115' title="bbox 2166 5145 3741 5216">
     <span class='ocr_line' id='line_1_115' title="bbox 2166 5145 3741 5216; baseline -0.001 -16"><span class='ocrx_word' id='word_1_905' title='bbox 2166 5146 2504 5216; x_wconf 77' lang='grc' dir='ltr'>ἐφοδιάζεται</span> <span class='ocrx_word' id='word_1_906' title='bbox 2537 5147 2686 5216; x_wconf 86' lang='grc' dir='ltr'>μόλις</span> <span class='ocrx_word' id='word_1_907' title='bbox 2711 5149 2744 5215; x_wconf 80' lang='grc' dir='ltr'>ἡ</span> <span class='ocrx_word' id='word_1_908' title='bbox 2767 5147 2845 5210; x_wconf 84' lang='grc' dir='ltr'>είς</span> <span class='ocrx_word' id='word_1_909' title='bbox 2873 5145 3115 5200; x_wconf 86' lang='grc' dir='ltr'>δουλείαν</span> <span class='ocrx_word' id='word_1_910' title='bbox 3139 5145 3409 5215; x_wconf 84' lang='grc' dir='ltr'>γεννῶσα,</span> <span class='ocrx_word' id='word_1_911' title='bbox 3438 5146 3741 5208; x_wconf 81' lang='grc' dir='ltr'>τουτέστιν,</span> 
     </span>
    </p>
   </div>
   <div class='ocr_carea' id='block_1_116' title="bbox 2165 5235 3743 5309">
    <p class='ocr_par' dir='ltr' id='par_1_116' title="bbox 2165 5235 3743 5309">
     <span class='ocr_line' id='line_1_116' title="bbox 2165 5235 3743 5309; baseline -0.001 -17"><span class='ocrx_word' id='word_1_912' title='bbox 2165 5242 2199 5309; x_wconf 84' lang='grc' dir='ltr'><strong>ὴ</strong></span> <span class='ocrx_word' id='word_1_913' title='bbox 2235 5239 2345 5293; x_wconf 85' lang='grc' dir='ltr'>τῶν</span> <span class='ocrx_word' id='word_1_914' title='bbox 2401 5237 2670 5292; x_wconf 84' lang='grc' dir='ltr'>Ἰουδαίων</span> <span class='ocrx_word' id='word_1_915' title='bbox 2717 5239 3032 5309; x_wconf 82' lang='grc' dir='ltr'>Συναγωγή.</span> <span class='ocrx_word' id='word_1_916' title='bbox 3076 5238 3186 5290; x_wconf 68' lang='grc' dir='ltr'>Καὶ</span> <span class='ocrx_word' id='word_1_917' title='bbox 3227 5237 3592 5308; x_wconf 80' lang='grc' dir='ltr'>δεδυσφόρηκε</span> <span class='ocrx_word' id='word_1_918' title='bbox 3639 5235 3743 5305; x_wconf 73' lang='grc' dir='ltr'>μὲν</span> 
     </span>
    </p>
   </div>
   <div class='ocr_carea' id='block_1_117' title="bbox 2181 5323 3743 5402">
    <p class='ocr_par' dir='ltr' id='par_1_117' title="bbox 2181 5323 3743 5402">
     <span class='ocr_line' id='line_1_117' title="bbox 2181 5323 3743 5402; baseline -0.001 -19"><span class='ocrx_word' id='word_1_919' title='bbox 2181 5330 2431 5402; x_wconf 67' lang='grc' dir='ltr'>Ἀϐραὰμ</span> <span class='ocrx_word' id='word_1_920' title='bbox 2479 5327 2885 5398; x_wconf 80' lang='grc' dir='ltr'>ἁποτρεχούσης</span> <span class='ocrx_word' id='word_1_921' title='bbox 2935 5327 3035 5397; x_wconf 80' lang='grc' dir='ltr'>τῆς</span> <span class='ocrx_word' id='word_1_922' title='bbox 3085 5328 3298 5399; x_wconf 77' lang='grc' dir='ltr'>Ἀγαρ,</span> <span class='ocrx_word' id='word_1_923' title='bbox 3354 5327 3504 5396; x_wconf 67' lang='grc' dir='ltr'>ἠφίει</span> <span class='ocrx_word' id='word_1_924' title='bbox 3549 5323 3743 5381; x_wconf 73' lang='grc' dir='ltr'>δὀῦν</span> 
     </span>
    </p>
   </div>
   <div class='ocr_carea' id='block_1_118' title="bbox 2169 5414 3745 5494">
    <p class='ocr_par' dir='ltr' id='par_1_118' title="bbox 2169 5414 3745 5494">
     <span class='ocr_line' id='line_1_118' title="bbox 2169 5414 3745 5494; baseline -0.006 -18"><span class='ocrx_word' id='word_1_925' title='bbox 2169 5424 2315 5494; x_wconf 82' lang='grc' dir='ltr'>ὅμως</span> <span class='ocrx_word' id='word_1_926' title='bbox 2344 5421 2479 5475; x_wconf 87' lang='grc' dir='ltr'>Θεοῦ</span> <span class='ocrx_word' id='word_1_927' title='bbox 2521 5421 2964 5491; x_wconf 82' lang='grc' dir='ltr'>προστάττοντος.</span> <span class='ocrx_word' id='word_1_928' title='bbox 3025 5418 3245 5474; x_wconf 79' lang='grc' dir='ltr'>Ἑλύπει</span> <span class='ocrx_word' id='word_1_929' title='bbox 3279 5418 3378 5490; x_wconf 84' lang='grc' dir='ltr'>μὲν</span> <span class='ocrx_word' id='word_1_930' title='bbox 3401 5418 3511 5490; x_wconf 77' lang='grc' dir='ltr'>γὰρ</span> <span class='ocrx_word' id='word_1_931' title='bbox 3543 5414 3745 5489; x_wconf 82' lang='grc' dir='ltr'>ὁμολο-</span> 
     </span>
    </p>
   </div>
   <div class='ocr_carea' id='block_1_119' title="bbox 2671 5605 3169 5668">
    <p class='ocr_par' dir='ltr' id='par_1_119' title="bbox 2671 5605 3169 5668">
     <span class='ocr_line' id='line_1_119' title="bbox 2671 5605 3169 5668; baseline -0.012 -1"><span class='ocrx_word' id='word_1_932' title='bbox 2671 5609 2716 5643; x_wconf 83' lang='grc'><strong>⁷¹</strong></span> <span class='ocrx_word' id='word_1_933' title='bbox 2737 5607 2937 5667; x_wconf 83' lang='lat' dir='ltr'>Ezech.</span> <span class='ocrx_word' id='word_1_934' title='bbox 2972 5624 3046 5668; x_wconf 77' lang='lat' dir='ltr'>xu.</span> <span class='ocrx_word' id='word_1_935' title='bbox 3085 5605 3169 5662; x_wconf 76' lang='grc'>16.</span> 
     </span>
    </p>
   </div>
  </div>
