4052 6212
336 325 361 373 ‘l
374 322 434 373 37
1348 321 1573 372 hLAPﬂ
1583 320 1612 372 ἱ
1624 320 1864 372 ιιυιιυω

2009 319 2307 374 UEhESlM
2346 320 2472 375 LIB.
2513 321 2600 376 ΠΙ.

332 428 611 501 γουμένως
637 428 763 490 τοὺς
792 427 979 495 ἁγίους
1019 426 1350 492 ἀποστόλους
1389 429 1485 482 καὶ
1517 428 1891 499 εύαγγελιστὰς

2002 431 2222 487 divinus
2246 433 2447 489 Paulus
2475 434 2549 489 ita
2575 435 2765 490 scribit
2789 453 2800 487 :
2838 454 2854 487 ι
2887 436 3150 502 Quoniam
3187 440 3406 495 tristitia
3432 445 3564 497 mihi

329 523 612 576 ἐκπίπτων
661 520 690 571 6
748 517 982 589 Ἰσραήλ.
1032 516 1178 588 Πλὴν
1220 519 1642 587 ἁπενοσφίζοντο
1676 521 1771 575 καὶ
1801 520 1891 591 οὐχ

2002 535 2195 590 magna
2226 531 2329 587 est,
2355 530 2411 576 et
2439 522 2730 578 continuus
2763 523 2917 578 dolor
2948 525 3100 579 cordi
3133 541 3273 581 meo.
3302 527 3565 598 Optabam
3624 560 3629 561 ί

330 613 545 675 ἑκόντες
571 610 761 673 αὑτοῦ,
795 611 882 664 διά
908 627 988 663 τοι
1014 611 1076 664 τὸ
1106 610 1183 681 τῷ
1214 610 1334 681 Θεῷ
1363 611 1554 666 δοκοῦν
1578 611 1673 667 καὶ
1694 613 1791 683 τὴν
1821 614 1891 675 είς

2000 608 2147 663 enim
2182 610 2431 680 egoipse
2463 611 2752 666 anathema
2785 627 2904 667 esse
2935 629 2965 667 a
2994 612 3212 670 Christo
3249 632 3349 686 pro
3378 616 3566 673 fratri-

328 703 564 775 Χριστὸν
582 703 878 771 ἀγάπησιν.
896 702 1007 754 Καὶ
1027 700 1160 770 γοῦν
1182 704 1210 755 ό
1232 702 1513 768 θεσπέσιος
1533 704 1734 776 γράφει
1754 705 1891 759 Παῦ-

2001 698 2105 754 bus
2130 700 2287 761 meis,
2315 701 2408 769 qui
2441 711 2568 756 sunt
2606 705 2819 773 cognati
2852 704 2959 759 mei
2991 706 3289 761 secundum
3322 723 3565 775 carnem,

328 796 435 858 λος,
471 813 491 845 ι
530 794 655 846 Ὅτι
694 791 836 863 λύπη
883 792 972 863 μοί
1000 794 1116 846 ἐστι
1159 794 1391 864 μεγάλη,
1429 795 1522 848 καὶ
1562 795 1891 859 ἀδιάλειπτος

1999 791 2092 861 qui
2119 800 2245 845 sunt
2268 792 2526 848 Israelita
2545 795 2610 846 ‘9.
2648 813 2665 845 ι
2693 795 2876 864 Ejecta
2900 795 3083 866 itaque
3113 799 3426 855 Judzeorum
3450 818 3565 857 ma-

2001 889 2084 934 ter
2128 879 2303 934 multo
2358 889 2604 951 tempore
2639 883 2863 947 erravit,
2903 893 2959 939 et
2997 886 3301 954 periclitata
3344 890 3565 958 quidem

3462 326 3565 382 138

325 883 483 953 ὀδύνη
506 884 573 953 τῇ
608 881 805 952 καρδίᾳ
839 899 961 952 μου.
1010 883 1268 954 Ηύχόμην
1300 883 1408 955 γὰρ
1435 884 1596 947 αὐτὸς
1624 884 1734 954 ἐγὼ
1770 886 1901 939 ἀνά-

328 974 467 1044 θεμα
499 968 638 1025 εἶναι
663 971 772 1023 ἀπὸ
794 970 1056 1041 Χριστοῦ,
1077 972 1216 1042 ὑπὲρ
1239 973 1346 1025 τῶν
1377 973 1618 1043 ἀδελφῶν
1641 974 1748 1028 τῶν
1772 991 1900 1043 συγ-

327 1063 502 1131 γενῶν
531 1078 632 1132 μου
660 1062 772 1115 τῶν
821 1060 965 1115 κατὰ
989 1061 1189 1133 σάρκα,
1229 1063 1421 1125 οἵτινές
1457 1065 1594 1117 εἰσιν
1632 1065 1896 1136 Ἰσραηλῖ-

329 1170 437 1207 ται.
464 1171 485 1206 r
522 1152 903 1222 Ἀπόπεμπτος
924 1151 980 1205 δὲ
994 1152 1260 1222 γενομένη
1290 1155 1325 1223 ή
1354 1152 1466 1206 τῶν
1496 1154 1764 1209 Ἰουδαίων
1795 1157 1898 1227 μή·

330 1262 455 1314 τηρ,
504 1245 745 1313 μακροὺς
779 1242 1048 1295 ἐπλανᾶτο
1086 1242 1345 1313 χρόνουςο
1375 1246 1470 1299 καὶ
1519 1246 1896 1300 κεκινδύνευκε

329 1335 428 1404 μὲν
445 1334 739 1387 ἀπολέσθαι
779 1333 963 1386 λοιπὸν
1002 1334 1083 1396 εἰς
1111 1334 1171 1387 τὸ
1194 1335 1482 1400 παντελές.
1510 1336 1624 1389 ἀλλ’
1648 1339 1696 1390 εἰ
1728 1354 1898 1409 κραυ-

325 1423 547 1491 γάσειαν
580 1421 917 1485 ἀναϐοῶντες
950 1421 1089 1474 κατὰ
1126 1425 1349 1495 καιροὺς
1379 1424 1512 1493 πρὸς
1539 1424 1691 1492 Θεὸν,
1721 1426 1895 1496 πάντη

325 1532 385 1568 τε
429 1515 524 1568 καὶ⁵
562 1513 779 1578 πάντως
818 1513 1220 1585 ἐλεηθήσονται.
1270 1516 1533 1581 Διανοίξει
1574 1516 1683 1588 γὰρ
1719 1517 1897 1571 αὐτῶν

322 1605 418 1675 τῆς
446 1604 682 1667 διανοίας
713 1606 839 1666 τοὺς
866 1603 1198 1675 ὀφθαλμοὺς,
1230 1606 1325 1659 καὶ
1362 1606 1583 1675 ὄψονται
1617 1607 1713 1661 καὶ
1745 1608 1898 1662 αὐτοὶ

318 1695 419 1767 τὴν
460 1696 648 1766 πηγὴν
676 1694 772 1749 τοῦ
812 1695 1013 1760 ζῶντος
1053 1695 1275 1764 ὕδατος,
1309 1697 1584 1761 τουτέστι,
1619 1699 1852 1770 Χριστόν
1879 1715 1893 1728 ·

1997 975 2101 1031 est,
2134 983 2203 1022 ne
2234 968 2290 1022 in
2320 968 2637 1025 universum
2672 970 2899 1041 periret.
2930 972 3199 1029 Caeterum
3238 976 3283 1030 si
3318 978 3574 1046 plorave-

1999 1058 2111 1112 rint
2129 1059 2425 1115 clamantes
2443 1076 2701 1117 successu
2726 1066 2987 1134 temporis
3024 1067 3091 1121 ad
3126 1068 3319 1133 Deum,
3353 1071 3568 1126 miseri-

1997 1150 2238 1205 cordiam
2262 1152 2486 1206 omnino
2515 1163 2942 1223 consequentur.
2959 1156 3182 1226 Aperiet
3202 1158 3348 1214 enim
3373 1175 3565 1216 eorum

1997 1242 2199 1297 mentis
2226 1244 2437 1309 oculos,
2454 1243 2830 1315 videbuntque
2856 1250 3020 1301 etiam
3055 1249 3158 1318 ipsi
3182 1249 3386 1306 fontem
3411 1268 3567 1323 aqua:

1996 1332 2253 1397 viventis,
2272 1333 2377 1388 hoc
2400 1344 2485 1389 est
2500 1334 2800 1402 Christum,
2838 1345 2894 1392 et
2915 1337 3167 1395 bibentes
3185 1340 3240 1395 in
3255 1357 3322 1397 eo
3340 1343 3528 1398 vivent
3546 1384 3563 1410 ,

1997 1422 2278 1493 ablutique
2300 1425 2491 1479 mundi
2516 1425 2845 1493 elﬁcientur,
2861 1429 3016 1499 juxta
3043 1431 3325 1501 prophetat
3350 1448 3575 1489 vocem-

1997 1512 2152 1579 Quod
2168 1529 2300 1568 vero
2331 1516 2403 1570 sit
2424 1516 2548 1570 fons
2572 1517 2699 1571 vitae
2723 1516 2975 1573 Christus
2996 1519 3235 1575 declarat
3253 1522 3564 1587 Psalmista,

1999 1602 2188 1658 dicens
2213 1605 2279 1658 ad
2306 1604 2520 1659 Patrem
2547 1608 2822 1662 coalestem
2848 1624 2911 1662 ac
2939 1609 3137 1663 Deum:
3165 1628 3182 1659 ι
3199 1609 3564 1675 Quemadmo-

1997 1692 2130 1746 dum
2164 1694 2539 1764 multiplicasti
2572 1697 3002 1753 misericordiam
3024 1707 3194 1765 tuam,
3233 1701 3377 1756 Deus
3414 1720 3426 1755 :
3467 1702 3562 1757 filii

320 1789 413 1841 καὶ
433 1786 499 1857 δὴ
523 1788 619 1840 καὶ
639 1788 872 1851 πιόντες,
900 1789 958 1840 ἐν
977 1786 1124 1857 αὐτῷ
1149 1787 1423 1859 ζήσονται.
1471 1789 1809 1860 Λουσάμενοί
1834 1806 1891 1842 τε

1995 1789 2180 1836 autem
2206 1782 2492 1836 hominum
2525 1785 2579 1837 in
2610 1784 2849 1855 tegmine
2882 1787 3339 1849 alarumtuarum
3374 1805 3563 1860 spera-

320 1880 417 1931 καὶ
461 1878 694 1948 καθαροὶ
731 1880 1081 1948 γενήσονται,
1134 1879 1277 1933 κατὰ
1318 1880 1419 1950 τὴν
1462 1879 1557 1933 τοῦ
1614 1881 1891 1952 προφήτου

1998 1872 2155 1926 bunt.
2181 1873 2607 1929 lnebriabuntur
2631 1877 2701 1931 ab
2736 1877 2986 1933 ubertate
3009 1880 3204 1935 domus
3230 1888 3337 1935 tua:
3359 1888 3415 1936 et
3451 1890 3564 1936 tor-

318 1970 527 2039 ςωνήν.
560 1969 680 2020 Ὅτι
707 1968 762 2020 δέ
791 1969 909 2021 ἐστι
935 1968 1101 2041 πηγὴν
1126 1967 1269 2038 ζωῆς
1296 1970 1324 2020 6
1354 1968 1606 2040 Χριστὸς,
1642 1970 1891 2037 σαφηνιεί

1998 1970 2157 2018 rente
2207 1964 2507 2033 voluptatis
2531 1973 2639 2021 tua:
2667 1967 2884 2036 potabis
2915 1984 3030 2034 eos,
3063 1970 3192 2040 quia
3217 1972 3361 2041 apud
3396 1981 3449 2028 te
3481 1983 3566 2028 est

317 2059 490 2127 λέγων
521 2060 550 2111 6
571 2058 875 2128 Ψαλμῳδὸς
910 2060 1044 2129 πρὸς
1074 2057 1167 2110 τὸν
1200 2059 1257 2110 ἐν
1278 2059 1525 2129 οὐρανοῖς
1552 2056 1770 2128 Πατέρα
1800 2056 1891 2110 καὶ

1995 2052 2118 2109 fons
2143 2054 2270 2110 vita
2302 2054 2373 2108 ‘°.
2397 2073 2416 2106 ›
2454 2055 2649 2112 Nullus
2672 2065 2856 2114 autem
2879 2068 3078 2129 praeter
3112 2061 3260 2116 hunc
3291 2071 3374 2117 est
3398 2079 3563 2133 quam

316 2150 482 2204 Θεόν·
541 2168 562 2202 ι
614 2150 703 2214 Ὦς
740 2149 1044 2221 ἐπλήθυνας
1082 2148 1144 2202 τὸ
1176 2147 1323 2211 ἔλεός
1353 2165 1447 2202 σου
1479 2150 1507 2202 6
1547 2148 1708 2211 956;!
1743 2148 1792 2200 οἰ
1836 2147 1891 2201 δὲ

1995 2144 2270 2211 Christus,
2294 2161 2394 2216 per
2424 2162 2588 2217 quem
2615 2156 2819 2204 etcum
2847 2166 2956 2220 quo
2978 2152 3089 2206 Deo
3116 2168 3179 2207 ac
3208 2153 3355 2209 Patri
3393 2155 3562 2225 gloria

317 2241 422 2294 υἱοὶ
468 2242 581 2293 τῶν
626 2239 951 2311 ἀνθρώπων,
998 2241 1057 2293 ἐν
1104 2239 1282 2311 σκέπῃ
1312 2238 1421 2292 τῶν
1465 2237 1748 2310 πτερύγων
1799 2254 1891 2291 σου

1994 2243 2052 2290 et
2076 2237 2324 2306 potentia
2350 2251 2476 2291 cum
2501 2247 2710 2305 sancto,
2738 2248 2795 2295 et
2820 2242 3269 2298 consubstantiali
3297 2244 3491 2315 ipsius,
3508 2257 3563 2299 et

316 2329 595 2383 ἐλπιοῦσι·
626 2328 1051 2399 μεθυσθήσονται
1079 2328 1187 2381 ἀπὸ
1210 2327 1461 2398 πιότητος
1487 2326 1636 2380 οἴκου
1662 2342 1775 2394 σου,
1799 2326 1891 2379 καὶ

1997 2326 2305 2383 vivificante
2345 2327 2553 2399 Spiritu
2587 2330 2645 2385 in
2676 2331 2861 2387 omnia
2897 2348 2962 2388 ac
2993 2334 3326 2404 sempiterna
3368 2338 3563 2392 saecula

314 2423 404 2476 τὸν
431 2423 773 2493 χειμάρρουν
803 2421 902 2489 τῆς
936 2420 1148 2491 τρυφῆς
1178 2436 1271 2472 σου
1315 2421 1520 2483 music
1556 2419 1783 2485 αὐτοὺς,
1809 2420 1891 2473 ὅτι

1996 2420 2342 2475 saeculorum.
2375 2418 2569 2491 Amen.

315 2514 469 2585 παρὰ
495 2516 578 2566 σοί
603 2511 757 2584 πηγὴ
786 2511 952 2583 ζωῆς.
988 2532 1006 2564 ι
1046 2513 1158 2584 Ούχ
1181 2512 1369 2583 ἐτερος
1391 2510 1449 2564 δὲ
1480 2511 1632 2583 παρὰ
1661 2511 1886 2581 ταύτην,
1922 2510 1957 2581 ἢ
1984 2512 2014 2564 6
2044 2511 2295 2587 Χριστός.
2336 2513 2413 2568 Δι’
2479 2507 2540 2568 οὗ
2607 2517 2709 2570 καὶ.
2735 2517 2853 2589 μεθ’
2885 2511 2947 2574 οὗ
2977 2519 3055 2590 τῷ
3101 2519 3222 2590 Θεῷ
3252 2521 3345 2574 καὶ
3386 2521 3565 2592 Πατρὶ

194 2672 199 2673 ί
314 2607 348 2677 ή
386 2605 518 2672 δόξα
564 2604 660 2658 καὶ
717 2604 780 2656 τὸ
837 2602 1070 2671 κράτος,
1113 2605 1209 2659 σὺν
1245 2604 1323 2675 τῷ
1369 2603 1509 2674 ἁγίῳ
1555 2605 1649 2657 καὶ
1687 2604 1957 2676 ὁμοουσίῳ
1992 2605 2156 2660 αὑτοῦ
2188 2607 2283 2662 καὶ
2326 2606 2575 2677 ζωοποιῷ
2621 2609 2934 2681 Πνεύματι,
2980 2614 3061 2678 είς
3089 2614 3216 2678 τοὺς
3249 2612 3564 2685 σύμπαντας

311 2701 409 2756 καὶ
437 2700 830 2771 ἁτελευτήτους
865 2698 1065 2765 αἰῶνας
1103 2698 1211 2753 τῶν
1245 2696 1472 2752 αἰώνων.
1519 2698 1708 2768 Ἀμήν.

528 2833 674 2901 Περὶ
715 2829 823 2885 τοῦ
876 2829 1120 2899 Ἀϐραὰμ
1161 2830 1256 2884 καί
1304 2828 1410 2884 τοῦ
1456 2826 1681 2883 Ἰσαάκ.

379 2976 456 3024 α’.
494 2989 514 3021 ι
552 2968 665 3023 Καὶ
696 2954 913 3035 ἐγένετο
949 2964 1085 3035 μετά
1114 2964 1183 3019 τὰ
1214 2966 1431 3036 ῥήματα
1458 2963 1663 3028 ταῦτα,
1700 2963 1731 3015 6
1761 2961 1894 3026 Θεὸς

307 3057 580 3131 ἐπείραζε
643 3057 734 3110 τὸν
796 3054 1078 3126 Ἀϐραὰμ,
1142 3054 1236 3108 καὶ⁸
1298 3048 1420 3106 εἷπε
1487 3053 1624 3123 πρὸς
1683 3051 1890 3106 αὐτόν·

322 3150 604 3221 ’Λϐρααρη
635 3146 905 3216 Ἀϐραάμ.
933 3145 991 3198 '0
1006 3144 1063 3197 δέ
1076 3139 1255 3197 εἷπεν·
1295 3143 1425 3197 Ἰδοὺ
1447 3141 1556 3211 ἐγώ
1574 3182 1588 3196 .
1614 3141 1725 3196 Καὶ
1749 3136 1891 3194 εἶπε⁶

306 3240 462 3296 Δάὄε
496 3239 590 3291 τὸν
615 3238 732 3291 υἰόν
770 3253 865 3290 σου
903 3236 994 3289 τὸν
1018 3232 1328 3303 ἀγαπητὸν,
1361 3233 1421 3287 δν
1448 3232 1770 3303 ἠγάπησας,
1800 3230 1892 3284 τὸν

321 3323 533 3396 Ἰσαὰκ,
558 3330 661 3383 καὶ
696 3326 990 3399 πορεύθητι
1020 3328 1099 3390 εἰς
1130 3327 1233 3398 τὴν
1257 3326 1362 3397 γῆν
1388 3326 1487 3395 τὴν
1526 3324 1734 3396 ὑψηλὴν
1754 3364 1769 3386 ,
1800 3323 1893 3377 καὶ

308 3422 577 3490 ἀνένεγκε
621 3419 786 3474 αὑτὸν
835 3420 917 3483 εἰς
955 3418 1330 3491 όλοκάρπωσιν
1367 3417 1453 3486 ἐφ’
1481 3416 1538 3469 ἒν
1578 3416 1686 3469 τῶν
1722 3416 1892 3488 ὀρέων

305 3509 385 3567 ὧν
413 3514 483 3569 ἄν
510 3530 593 3567 σοι
625 3512 784 3566 εἴπω.
818 3530 836 3563 ι
862 3510 1097 3564 Τοιαῦτα
1121 3512 1220 3583 μὲν
1244 3512 1307 3582 δὴ
1336 3510 1405 3564 τὰ
1428 3509 1611 3563 θεόθεν
1643 3508 1891 3579 διηγγελ-

309 3605 477 3674 μένα.
504 3604 668 3674 ’Δμελ
678 3602 846 3675 [im-:1
861 3598 953 3656 οὖν
977 3606 1005 3655 6
1021 3602 1224 3665 δίκαιος
1241 3600 1502 3667 ἐπισάξας
1536 3600 1634 3670 τὴν
1653 3600 1771 3652 ὄνον
1798 3600 1891 3653 αύ-

305 3696 427 3760 τοῦ,
444 3696 594 3749 καθὰ
617 3694 946 3765 γέγραπται,
962 3692 1105 3745 δυοῖν
1121 3692 1177 3745 δὲ
1201 3692 1382 3761 μόνοιν
1409 3692 1646 3746 οἰκέταιν
1662 3689 1889 3744 ἕπεσθαι

305 3786 555 3849 ὃιειπὼν,
604 3787 701 3839 καὶ
732 3784 822 3838 τὸν
868 3782 1149 3852 ἀγαπητὸν
1194 3781 1449 3854 ἀρπάσας
1483 3782 1616 3845 υἱὸν,
1665 3781 1758 3834 ἐπὶ
1792 3778 1889 3851 τὴν

307 3877 504 3932 θυσίαν
528 3877 724 3947 ᾤχετο.
763 3872 981 3943 Ἐπειδὴ
1001 3873 1057 3926 δέ
1080 3874 1160 3935 εἰς
1182 3872 1273 3924 τὸν
1298 3872 1440 3942 ἱερὸν
1464 3871 1667 3924 ἐκεῖνον
1695 3871 1891 3938 ἀφῖκτο

306 3968 489 4037 χῶρον
522 3968 685 4037 τρίτῃ
730 3964 882 4035 μόλις
925 3963 1109 4034 ήμέρᾳ
1131 4002 1146 4027 ,
1185 3981 1204 4015 ι
1240 3961 1514 4016 Καθίσατε
1549 3958 1713 4015 αὐτοῦ
1751 3958 1890 4030 μετὰ

307 4059 409 4129 τῆς
437 4059 587 4122 δνου,
618 4076 637 4109 ι
657 4058 769 4120 τοῖς
803 4054 1043 4118 οἰκέταις
1073 4053 1236 4123 φησίν
1254 4069 1299 4104 ἰ
1322 4050 1431 4120 ἐγὼ
1460 4051 1516 4105 δὲ
1536 4052 1628 4105 καὶ
1666 4049 1727 4103 τὸ
1764 4067 1889 4103 παι-

306 4150 492 4220 δάριον
539 4145 928 4216 διελευσόμεθα
965 4143 1070 4208 ἕως
1119 4138 1250 4205 ὧδε,
1287 4143 1382 4196 καὶ
1414 4142 1889 4215 προσκυνήσαντες

304 4240 721 4310 ἁναστρέψομεν
748 4236 883 4308 πρὸς
912 4237 1075 4306 ὑμᾶς.
1110 4255 1129 4288 ι
1174 4235 1555 4307 Ἐπιφορτίσας
1577 4232 1633 4285 δὲ
1661 4232 1750 4285 τὸν
1773 4232 1887 4284 υἱὸν

302 4334 419 4395 τοῖς
445 4333 527 4394 εἰς
551 4330 932 4399 όλοκάρπωσιν
956 4325 1151 4391 ξύλοις,
1177 4326 1270 4379 καὶ
1298 4323 1537 4395 βαδίζειν
1564 4323 1737 4387 οὕτως
1760 4324 1890 4377 ἀνα-

298 4424 503 4484 πείσας
523 4459 541 4485 ,
568 4417 873 4490 ἠκολούθει.
919 4416 1136 4487 Ἐπειδὴ
1160 4416 1217 4470 δὲ
1248 4416 1310 4469 τὸ
1343 4415 1628 4485 παιδάριον
1659 4415 1890 4468 ἀνεπυν-

306 4513 503 4568 οάνετο
525 4510 624 4564 τοῦ
654 4509 880 4580 πατρὸς,
906 4508 1061 4575 λέγον
1081 4524 1094 4538 ·
1120 4525 1140 4559 ι
1164 4507 1295 4560 Ἰδοὺ
1319 4507 1378 4560 τὸ
1403 4506 1515 4578 πῦρ
1539 4507 1633 4561 καὶ
1653 4505 1721 4559 τὰ
1738 4506 1887 4571 ξύλα,

303 4602 413 4656 ποῦ
458 4603 577 4655 ἐστι
624 4599 687 4653 τὸ
728 4598 998 4670 πρόϐατον
1046 4599 1125 4661 εἰς
1163 4598 1573 4669 όλοκάρπωσινς
1634 4597 1692 4650 '0
1732 4596 1884 4662 Θεὸς,

300 4695 496 4765 φησὶν,
556 4690 750 4760 δψεται
807 4687 982 4758 ἐαυτῷ
1034 4686 1305 4756 πρόϐατον
1359 4688 1440 4749 είς
1488 4686 1885 4756 όλοκάρπωσιν,

297 4786 552 4838 τέκνον.»
589 4779 1043 4850 ’Δναδειμάμενος
1068 4779 1201 4833 δὲτὸ
1229 4779 1371 4831 θεῖον
1397 4778 1574 4831 ἐκεῖνο
1601 4777 1889 4847 θυσιαστή-

301 4892 457 4945 pm,
505 4872 835 4943 ἐπισωρεύει
865 4870 934 4923 τὰ
967 4868 1119 4935 ξύλα.
1160 4869 1577 4940 Συμποδίσαντα
1619 4868 1678 4923 δὲ
1704 4869 1797 4923 καὶ
1827 4868 1888 4922 τὸ

299 4964 600 5035 μειράκιον
633 4961 720 5014 ἐπ’
748 4960 951 5024 αὐτοῖς.
976 4959 1072 5012 καὶ
1098 4959 1163 5029 δὴ
1192 4959 1286 5012 καί
1312 4954 1412 5028 τῆς
1445 4957 1720 5028 μαχαίρας
1743 4959 1890 5010 ἐπει-

2461 2825 2539 2880 De
2561 2825 2829 2884 Abraham
2855 2838 2904 2883 et
2929 2829 3103 2886 Isaac.

2067 2957 2120 3010 1.
2157 2975 2175 3008 ι
2204 2956 2274 3011 Ει
2321 2956 2524 3012 factum
2559 2966 2643 3013 est
2683 2969 2808 3029 post
2825 2961 2989 3016 verba
3010 2962 3144 3029 haec,
3167 2964 3313 3021 Deus
3338 2970 3567 3024 tentavit

1995 3048 2292 3114 Abraham,
2315 3058 2372 3104 et
2390 3049 2529 3103 dixit
2544 3050 2622 3105 ei:
2648 3050 2942 3118 Abraham,
2971 3054 3264 3111 Abraham.
3285 3058 3354 3114 Et
3380 3058 3519 3115 dixit
3546 3079 3561 3115 :

1994 3140 2134 3196 Ecce
2160 3156 2295 3211 ego;
2334 3141 2443 3212 83
2480 3149 2537 3195 et
2570 3142 2708 3196 dixit
2732 3159 2744 3195 :
2768 3143 2969 3215 Accipe
3016 3145 3191 3200 filium
3234 3156 3386 3204 tuum
3425 3151 3567 3207 dile~

1996 3237 2166 3295 ctum,
2206 3245 2371 3299 quem
2419 3230 2681 3295 dilexisti,
2723 3231 2891 3298 Isaac,
2921 3242 2977 3289 et
3000 3234 3137 3290 vade
3163 3237 3221 3291 in
3248 3246 3450 3294 terram
3469 3255 3569 3296 ει-

1996 3321 2219 3384 celsam,
2245 3328 2301 3375 et
2319 3320 2457 3376 offer
2482 3336 2606 3376 eum
2624 3321 2701 3377 ibi
2722 3323 2777 3377 in
2806 3323 3184 3381 holocaustum
3210 3344 3377 3400 super
3394 3346 3568 3386 unum

1996 3411 2285 3476 montium,
2320 3427 2460 3482 quos
2490 3413 2589 3467 tibi
2616 3413 2805 3468 dixero
2836 3414 2900 3468 ⁸¹.
2934 3433 2952 3467 ι
2994 3416 3172 3487 Atque
3204 3419 3321 3475 hate
3345 3421 3567 3491 quidem

1996 3500 2267 3556 divinitus
2307 3502 2582 3559 mandata.
2633 3503 2823 3560 Justus
2869 3520 3001 3561 vero
3051 3508 3325 3565 Abraham
3376 3513 3567 3569 incun—

1995 3600 2207 3646 ctanter
2231 3600 2402 3646 strato
2423 3593 2576 3648 asino
2608 3610 2726 3659 suo,
2750 3608 2812 3650 ut
2834 3595 2910 3651 ibi
2937 3597 3201 3669 scriptum
3220 3611 3324 3667 est,
3351 3603 3567 3661 duobus

1996 3687 2207 3736 tantum
2244 3681 2463 3738 famulis
2489 3697 2677 3738 secum
2711 3687 3024 3758 assumptis,
3057 3700 3389 3761 acceptoque
3427 3693 3568 3748 dite.

1994 3785 2083 3831 cto
2108 3773 2219 3832 lilio
2237 3792 2338 3832 suo
2363 3777 2530 3844 Isaac,
2555 3778 2623 3834 ad
2642 3778 2964 3833 sacrificium
2985 3779 3238 3835 ducebat.
3274 3782 3565 3853 Postquam

1993 3882 2126 3922 vero
2172 3869 2241 3923 ad
2298 3877 2547 3924 sanctum
2593 3869 2746 3922 illum
2792 3869 2972 3923 locum
3012 3871 3371 3940 pervenisset,
3405 3875 3566 3928 tertia

2001 3959 2223 4014 vixdum
2266 3961 2357 4015 die
2394 3960 2533 4014 dixit
2566 3958 2785 4015 famulis
2812 3962 2967 4017 suis:
3007 3981 3025 4013 ι
3061 3962 3258 4018 Sedete
3300 3963 3391 4019 hic
3439 3980 3565 4021 cum

1994 4051 2168 4105 asino.
2212 4048 2325 4120 Ego
2365 4059 2547 4105 autem
2585 4059 2642 4105 et
2685 4067 2824 4120 puer
2851 4052 3206 4109 transibimus
3229 4070 3404 4126 usque
3434 4056 3562 4123 huc,

1995 4149 2052 4195 et
2103 4148 2389 4210 postquam
2436 4140 2877 4209 adoraverimus,
2932 4152 3275 4203 revertemur
3324 4149 3392 4204 ad
3446 4165 3564 4207 vos.

1994 4228 2241 4300 Cumque
2282 4239 2564 4287 onerasset
2607 4230 2779 4287 tilium
2821 4233 2982 4304 lignis
3037 4236 3105 4290 ad
3148 4238 3565 4297 sacriﬁcandum

1994 4317 2341 4384 necessariis,
2385 4329 2551 4390 atque
2598 4321 2674 4377 ita
2698 4318 2952 4399 incedere
2985 4324 3257 4394 iussisset,
3294 4330 3564 4399 sequeba-

1997 4417 2088 4464 tur
2112 4409 2248 4481 ipse.
2282 4408 2626 4466 Cumautem
2663 4398 2801 4482 pue'r
2828 4421 3038 4482 patrem
3074 4430 3232 4471 suum
3278 4398 3567 4488 perconta-

1996 4508 2169 4565 retur,
2200 4500 2390 4557 dicens
2414 4519 2426 4554 :
2465 4521 2483 4555 ι
2511 4502 2651 4558 Ecce
2673 4503 2815 4573 ignis
2837 4512 2895 4559 et
2920 4504 3062 4575 ligna
3088 4521 3103 4571 ;
3130 4506 3241 4561 .nbi
3261 4516 3347 4563 est
3369 4510 3488 4565 ovis
3506 4510 3563 4566 in

1992 4590 2373 4647 holocaustum
2395 4592 2420 4645 ’ί
2439 4593 2604 4659 Deus,
2635 4593 2835 4665 inquit,
2855 4596 3167 4667 providebit
3193 4598 3297 4655 sibi
3324 4614 3480 4657 ovem
3506 4602 3562 4656 in

1990 4681 2389 4752 holocaustum,
2424 4684 2521 4741 illi.
2557 4704 2577 4739 ι
2604 4685 2896 4743 Exstructo
2933 4695 3115 4743 autem
3172 4689 3361 4745 divino
3401 4691 3560 4747 altari

1990 4777 2263 4849 congessit
2294 4777 2473 4849 ligna;
2512 4787 2570 4834 et
2599 4780 2910 4852 colligatum
2942 4780 3113 4837 filium
3162 4782 3426 4853 imposuit
3457 4783 3557 4845 eis,

1991 4867 2458 4938 accipientemque
2490 4884 2678 4926 ensem
2710 4871 2893 4942 angeli
2926 4887 3033 4927 vox
3057 4873 3337 4943 prohibet,
3373 4873 3561 4928 dicens

1990 4972 2061 5012 ne
2107 4965 2310 5012 mactet
2350 4956 2552 5024 filium,
2594 4962 2912 5030 cognovisse
2948 4962 3095 5018 enim
3144 4963 3316 5017 Deum
3360 4962 3560 5016 bonam

1991 5046 2163 5117 ipsius
2196 5046 2556 5102 intentionem
2603 5062 2710 5121 qua
2749 5050 3008 5120 praeditus
3030 5057 3165 5104 erat.
3201 5052 3331 5106 Viso
3361 5050 3560 5106 deinde

1991 5139 2185 5205 ariete,
2231 5138 2326 5209 qui
2364 5138 2624 5196 cornibus
2669 5139 2815 5197 inter
2843 5154 3038 5209 vepres
3082 5138 3257 5196 Sabec
3296 5140 3557 5205 haerebat,

1991 5228 2079 5283 vir
2131 5230 2311 5300 justus
2357 5229 2570 5302 peragit
2618 5230 2966 5295 sacrificium,
3014 5229 3241 5286 arietem
3290 5248 3391 5304 pro
3448 5233 3561 5290 ﬁlio

1993 5319 2265 5390 offerens;
2293 5330 2457 5393 atque
2484 5322 2558 5377 ita
2602 5322 2668 5376 ad
2717 5320 2951 5376 famulos
2986 5335 3115 5377 suos
3146 5322 3310 5390 redit,
3348 5326 3559 5380 salvum

1992 5410 2126 5481 ipsis
2170 5411 2414 5468 referens
2462 5411 2634 5468 filium
2665 5412 2728 5464 ⁶¹.
2769 5430 2787 5462 ι
2839 5411 3091 5466 Historiae
3137 5412 3304 5483 igitur
3331 5414 3556 5484 prolixi-

1993 5510 2157 5557 tatem
2197 5503 2571 5572 praecidentes,
2607 5517 2670 5558 ac
2722 5502 2891 5558 veluti
2934 5503 2989 5556 in
3032 5519 3297 5559 summam
3344 5511 3566 5561 contra-

291 5056 626 5127 λημμένον,
654 5052 891 5122 ἀγγέλου
929 5049 1215 5104 διακωλύει
1248 5048 1421 5120 φωνὴ,
1466 5047 1542 5118 μὴ
1578 5046 1643 5117 δὴ
1690 5047 1886 5120 χρῆναι

291 5147 545 5215 λέγουσα
572 5143 636 5198 τδ
664 5144 947 5215 παιδάριον
970 5141 1337 5210 ἀποσφάττειν
1368 5138 1528 5192 αὐτόν
1552 5177 1567 5193 .
1593 5136 1888 5206 ἐγνωκέναι

290 5241 420 5308 γὰρ
440 5238 538 5290 τὸν
563 5236 694 5290 Θεὸν
735 5235 836 5306 ήδη
863 5234 964 5306 τὴν
1006 5233 1417 5303 ἐνυπάρχουσαν
1449 5228 1599 5300 αὐτῷ
1631 5227 1887 5300 πρόθεσιν

292 5327 547 5397 ἀγαθήν.
588 5323 722 5380 Εἶτα
763 5325 919 5396 κριὸν
962 5323 1070 5377 τῶν
1117 5322 1380 5394 κεράτων·
1415 5320 1785 5391 ἐξηρτημένον
1830 5319 1889 5371 ἐν

291 5418 467 5491 φυτῷ
508 5417 686 5471 Σαϐἐκ
726 5414 959 5469 κατιδὼν
988 5416 1018 5467 ό
1047 5412 1250 5477 δίκαιος
1270 5450 1286 5474 ,
1321 5411 1626 5482 ἀναπληροῖ
1652 5409 1750 5483 τὴν
1791 5410 1886 5464 θυ-

291 5512 469 5573 σίαν,
498 5508 620 5562 ἀντὶ
659 5507 755 5560 τοῦ
796 5505 984 5567 παιδὸς
1016 5505 1302 5576 ἀναφέρων
1347 5504 1525 5558 αὐτόν.
1567 5502 1791 5556 Κάτεισι
1830 5502 1886 5555 δὲ

372 5688 434 5721 ⁸⁸
465 5688 618 5743 Rom.
652 5684 838 5750 tx,23.
914 5682 960 5714 ⁸⁸
986 5682 1129 5737 Psal.
1154 5682 1384 5746 xxxv,8.
1465 5684 1506 5716 "
1530 5682 1664 5739 Gen.
1686 5697 1816 5747 xxu,
1848 5682 1897 5750 l,
1920 5680 1973 5736 2.
2052 5681 2096 5714 ⁸⁹
2119 5680 2253 5736 ibid.
2289 5680 2439 5736 5-19.

630 5784 903 5844 ΡΑτῐιοι..
950 5779 1066 5839 Gn.
1112 5777 1317 5839 LXIX.

3130 5773 3167 5834 5
