  <div class='ocr_page' id='page_1' title='image "/cluster/home/n/w/nwhite01/storage/ocr_20150623/69/hvd.32044073501983/075.png"; bbox 0 0 4050 6210; ppageno 0'>
   <div class='ocr_carea' id='block_1_1' title="bbox 474 318 3718 386">
    <p class='ocr_par' dir='ltr' id='par_1_1' title="bbox 474 318 3718 386">
     <span class='ocr_line' id='line_1_1' title="bbox 474 318 3718 386; baseline 0.001 -8"><span class='ocrx_word' id='word_1_1' title='bbox 474 328 576 386; x_wconf 76' lang='lat'><strong>[59</strong></span> <span class='ocrx_word' id='word_1_2' title='bbox 1453 331 1458 337; x_wconf 90' lang='lat'>&#39;</span> <span class='ocrx_word' id='word_1_3' title='bbox 1500 321 1557 375; x_wconf 84' lang='lat' dir='ltr'><strong>S.</strong></span> <span class='ocrx_word' id='word_1_4' title='bbox 1597 318 1871 372; x_wconf 66' lang='lat' dir='ltr'><strong>Cl’lllLLl</strong></span> <span class='ocrx_word' id='word_1_5' title='bbox 1906 318 2371 374; x_wconf 66' lang='lat' dir='ltr'><strong>ALEXANDRINI</strong></span> <span class='ocrx_word' id='word_1_6' title='bbox 2412 319 2728 377; x_wconf 79' lang='lat' dir='ltr'><strong>ARCHIEP.</strong></span> <span class='ocrx_word' id='word_1_7' title='bbox 3620 327 3718 382; x_wconf 77' lang='lat' dir='ltr'><strong>H0</strong></span> 
     </span>
    </p>
   </div>
   <div class='ocr_carea' id='block_1_2' title="bbox 472 438 2045 515">
    <p class='ocr_par' dir='ltr' id='par_1_2' title="bbox 472 438 2041 515">
     <span class='ocr_line' id='line_1_2' title="bbox 472 438 2041 515; baseline -0.009 -8"><span class='ocrx_word' id='word_1_8' title='bbox 472 450 752 507; x_wconf 86' lang='lat' dir='ltr'><strong>hentesea</strong></span> <span class='ocrx_word' id='word_1_9' title='bbox 804 459 925 515; x_wconf 69' lang='lat' dir='ltr'><strong>quae</strong></span> <span class='ocrx_word' id='word_1_10' title='bbox 969 440 1264 498; x_wconf 85' lang='lat' dir='ltr'><strong>convenire</strong></span> <span class='ocrx_word' id='word_1_11' title='bbox 1315 439 1649 494; x_wconf 89' lang='lat' dir='ltr'><strong>videbuntur</strong></span> <span class='ocrx_word' id='word_1_12' title='bbox 1689 438 1756 493; x_wconf 91' lang='lat' dir='ltr'><strong>ad</strong></span> <span class='ocrx_word' id='word_1_13' title='bbox 1812 439 2041 494; x_wconf 89' lang='lat' dir='ltr'><strong>demon-</strong></span> 
     </span>
    </p>
   </div>
   <div class='ocr_carea' id='block_1_3' title="bbox 2144 438 3725 515">
    <p class='ocr_par' dir='ltr' id='par_1_3' title="bbox 2144 438 3725 513">
     <span class='ocr_line' id='line_1_3' title="bbox 2144 438 3725 513; baseline 0.001 -19"><span class='ocrx_word' id='word_1_14' title='bbox 2144 441 2313 506; x_wconf 76' lang='grc' dir='ltr'>οὕτως</span> <span class='ocrx_word' id='word_1_15' title='bbox 2361 442 2494 512; x_wconf 81' lang='grc' dir='ltr'>πρὸς</span> <span class='ocrx_word' id='word_1_16' title='bbox 2540 443 2665 506; x_wconf 83' lang='grc' dir='ltr'>τοὺς</span> <span class='ocrx_word' id='word_1_17' title='bbox 2708 440 2959 508; x_wconf 77' lang='grc' dir='ltr'><strong>οἰκέτας,</strong></span> <span class='ocrx_word' id='word_1_18' title='bbox 3001 441 3129 512; x_wconf 74' lang='grc' dir='ltr'>ὑγιᾶ</span> <span class='ocrx_word' id='word_1_19' title='bbox 3176 442 3357 513; x_wconf 83' lang='grc' dir='ltr'>φέρων</span> <span class='ocrx_word' id='word_1_20' title='bbox 3384 438 3583 502; x_wconf 76' lang='grc' dir='ltr'>ἀὐτοῖς</span> <span class='ocrx_word' id='word_1_21' title='bbox 3631 441 3725 495; x_wconf 82' lang='grc' dir='ltr'><strong>τὸν</strong></span> 
     </span>
    </p>
   </div>
   <div class='ocr_carea' id='block_1_4' title="bbox 471 529 2045 605">
    <p class='ocr_par' dir='ltr' id='par_1_4' title="bbox 471 531 2043 604">
     <span class='ocr_line' id='line_1_4' title="bbox 471 531 2043 604; baseline -0.009 -6"><span class='ocrx_word' id='word_1_22' title='bbox 471 539 755 598; x_wconf 89' lang='lat' dir='ltr'><strong>strandum</strong></span> <span class='ocrx_word' id='word_1_23' title='bbox 775 535 1072 592; x_wconf 87' lang='lat' dir='ltr'><strong>Salvatoris</strong></span> <span class='ocrx_word' id='word_1_24' title='bbox 1095 533 1268 588; x_wconf 99' lang='lat' dir='ltr'><strong>nostri</strong></span> <span class='ocrx_word' id='word_1_25' title='bbox 1296 532 1614 604; x_wconf 82' lang='lat' dir='ltr'><strong>mysterium</strong></span> <span class='ocrx_word' id='word_1_26' title='bbox 1643 545 1742 600; x_wconf 86' lang='lat' dir='ltr'><strong>per</strong></span> <span class='ocrx_word' id='word_1_27' title='bbox 1762 531 1875 585; x_wconf 56' lang='lat' dir='ltr'><strong>hate</strong></span> <span class='ocrx_word' id='word_1_28' title='bbox 1901 546 2043 600; x_wconf 53' lang='lat' dir='ltr'><strong>pra).-</strong></span> 
     </span>
    </p>
   </div>
   <div class='ocr_carea' id='block_1_5' title="bbox 2144 529 3721 605">
    <p class='ocr_par' dir='ltr' id='par_1_5' title="bbox 2146 529 3721 605">
     <span class='ocr_line' id='line_1_5' title="bbox 2146 529 3721 605; baseline 0 -21"><span class='ocrx_word' id='word_1_29' title='bbox 2146 534 2276 588; x_wconf 77' lang='grc' dir='ltr'>υίύν.</span> <span class='ocrx_word' id='word_1_30' title='bbox 2308 534 2381 586; x_wconf 88' lang='grc' dir='ltr'>Τὸ</span> <span class='ocrx_word' id='word_1_31' title='bbox 2409 534 2507 604; x_wconf 81' lang='grc' dir='ltr'><strong>μὲν</strong></span> <span class='ocrx_word' id='word_1_32' title='bbox 2536 529 2629 588; x_wconf 82' lang='grc' dir='ltr'><strong>οὖν</strong></span> <span class='ocrx_word' id='word_1_33' title='bbox 2664 534 2764 604; x_wconf 82' lang='grc' dir='ltr'><strong>τῆς</strong></span> <span class='ocrx_word' id='word_1_34' title='bbox 2805 535 3044 605; x_wconf 74' lang='grc' dir='ltr'><strong>ἱστορίας</strong></span> <span class='ocrx_word' id='word_1_35' title='bbox 3092 532 3444 604; x_wconf 85' lang='grc' dir='ltr'>ἐπιτεμόντες</span> <span class='ocrx_word' id='word_1_36' title='bbox 3498 531 3721 596; x_wconf 80' lang='grc' dir='ltr'><strong>πλάτος,</strong></span> 
     </span>
    </p>
   </div>
   <div class='ocr_carea' id='block_1_6' title="bbox 469 621 2045 701">
    <p class='ocr_par' dir='ltr' id='par_1_6' title="bbox 469 621 2043 701">
     <span class='ocr_line' id='line_1_6' title="bbox 469 621 2043 701; baseline -0.006 -15"><span class='ocrx_word' id='word_1_37' title='bbox 469 631 764 701; x_wconf 79' lang='lat' dir='ltr'><strong>ﬁguratum</strong></span> <span class='ocrx_word' id='word_1_38' title='bbox 791 641 931 691; x_wconf 89' lang='lat' dir='ltr'><strong>esse,</strong></span> <span class='ocrx_word' id='word_1_39' title='bbox 957 640 1057 695; x_wconf 87' lang='lat' dir='ltr'><strong>pro</strong></span> <span class='ocrx_word' id='word_1_40' title='bbox 1086 623 1233 678; x_wconf 83' lang='lat' dir='ltr'><strong>virili</strong></span> <span class='ocrx_word' id='word_1_41' title='bbox 1254 623 1525 693; x_wconf 76' lang='lat' dir='ltr'><strong>explicare</strong></span> <span class='ocrx_word' id='word_1_42' title='bbox 1544 637 1613 676; x_wconf 90' lang='lat' dir='ltr'><strong>ne</strong></span> <span class='ocrx_word' id='word_1_43' title='bbox 1636 636 1940 692; x_wconf 87' lang='lat' dir='ltr'><strong>gravemur.</strong></span> <span class='ocrx_word' id='word_1_44' title='bbox 1983 621 2043 677; x_wconf 88' lang='lat' dir='ltr'><strong>Si</strong></span> 
     </span>
    </p>
   </div>
   <div class='ocr_carea' id='block_1_7' title="bbox 2144 621 3725 701">
    <p class='ocr_par' dir='ltr' id='par_1_7' title="bbox 2144 622 3725 697">
     <span class='ocr_line' id='line_1_7' title="bbox 2144 622 3725 697; baseline 0 -21"><span class='ocrx_word' id='word_1_45' title='bbox 2144 627 2237 683; x_wconf 74' lang='grc' dir='ltr'><strong>καὶ</strong></span> <span class='ocrx_word' id='word_1_46' title='bbox 2271 625 2347 688; x_wconf 84' lang='grc' dir='ltr'>ὡς</span> <span class='ocrx_word' id='word_1_47' title='bbox 2382 627 2439 678; x_wconf 86' lang='grc' dir='ltr'><strong>ἐν</strong></span> <span class='ocrx_word' id='word_1_48' title='bbox 2474 625 2665 697; x_wconf 80' lang='grc' dir='ltr'>βραχεῖ</span> <span class='ocrx_word' id='word_1_49' title='bbox 2694 626 3100 694; x_wconf 78' lang='grc' dir='ltr'><strong>συνενεγκόντες</strong></span> <span class='ocrx_word' id='word_1_50' title='bbox 3141 624 3285 695; x_wconf 80' lang='grc' dir='ltr'>λόγῳ</span> <span class='ocrx_word' id='word_1_51' title='bbox 3316 624 3378 677; x_wconf 80' lang='grc' dir='ltr'>τὸ</span> <span class='ocrx_word' id='word_1_52' title='bbox 3409 622 3725 676; x_wconf 77' lang='grc' dir='ltr'>λυσιτελοῦν</span> 
     </span>
    </p>
   </div>
   <div class='ocr_carea' id='block_1_8' title="bbox 470 709 2045 786">
    <p class='ocr_par' dir='ltr' id='par_1_8' title="bbox 470 713 2042 786">
     <span class='ocr_line' id='line_1_8' title="bbox 470 713 2042 786; baseline -0.007 -8"><span class='ocrx_word' id='word_1_53' title='bbox 470 738 601 778; x_wconf 90' lang='lat' dir='ltr'><strong>vero</strong></span> <span class='ocrx_word' id='word_1_54' title='bbox 641 736 752 776; x_wconf 93' lang='lat' dir='ltr'><strong>non</strong></span> <span class='ocrx_word' id='word_1_55' title='bbox 789 718 972 773; x_wconf 85' lang='lat' dir='ltr'><strong>omnia</strong></span> <span class='ocrx_word' id='word_1_56' title='bbox 1014 731 1137 786; x_wconf 76' lang='lat' dir='ltr'><strong>quae</strong></span> <span class='ocrx_word' id='word_1_57' title='bbox 1165 716 1219 769; x_wconf 89' lang='lat' dir='ltr'><strong>in</strong></span> <span class='ocrx_word' id='word_1_58' title='bbox 1264 714 1495 769; x_wconf 89' lang='lat' dir='ltr'><strong>historia</strong></span> <span class='ocrx_word' id='word_1_59' title='bbox 1531 713 1904 779; x_wconf 76' lang='lat' dir='ltr'><strong>continentur,</strong></span> <span class='ocrx_word' id='word_1_60' title='bbox 1928 713 2042 784; x_wconf 88' lang='lat' dir='ltr'><strong>spi-</strong></span> 
     </span>
    </p>
   </div>
   <div class='ocr_carea' id='block_1_9' title="bbox 2144 709 3727 786">
    <p class='ocr_par' dir='ltr' id='par_1_9' title="bbox 2144 709 3727 783">
     <span class='ocr_line' id='line_1_9' title="bbox 2144 709 3727 783; baseline 0 -20"><span class='ocrx_word' id='word_1_61' title='bbox 2144 712 2221 772; x_wconf 80' lang='grc' dir='ltr'><strong>είς</strong></span> <span class='ocrx_word' id='word_1_62' title='bbox 2250 709 2520 775; x_wconf 77' lang='grc' dir='ltr'>ἀπόδειξιν</span> <span class='ocrx_word' id='word_1_63' title='bbox 2548 712 2667 777; x_wconf 89' lang='grc' dir='ltr'>τοῦ,</span> <span class='ocrx_word' id='word_1_64' title='bbox 2712 711 2801 765; x_wconf 89' lang='grc' dir='ltr'><strong>διά</strong></span> <span class='ocrx_word' id='word_1_65' title='bbox 2831 712 3034 765; x_wconf 83' lang='grc' dir='ltr'>τούτων</span> <span class='ocrx_word' id='word_1_66' title='bbox 3076 712 3136 765; x_wconf 83' lang='grc' dir='ltr'><strong>τὸ</strong></span> <span class='ocrx_word' id='word_1_67' title='bbox 3175 712 3301 783; x_wconf 74' lang='grc' dir='ltr'>περὶ</span> <span class='ocrx_word' id='word_1_68' title='bbox 3340 710 3436 764; x_wconf 86' lang='grc' dir='ltr'><strong>τοῦ</strong></span> <span class='ocrx_word' id='word_1_69' title='bbox 3471 712 3727 782; x_wconf 77' lang='grc' dir='ltr'><strong>Σωτῆρος</strong></span> 
     </span>
    </p>
   </div>
   <div class='ocr_carea' id='block_1_10' title="bbox 471 799 2045 878">
    <p class='ocr_par' dir='ltr' id='par_1_10' title="bbox 471 803 2042 878">
     <span class='ocr_line' id='line_1_10' title="bbox 471 803 2042 878; baseline -0.007 -10"><span class='ocrx_word' id='word_1_70' title='bbox 471 812 657 867; x_wconf 88' lang='lat' dir='ltr'><strong>rituali</strong></span> <span class='ocrx_word' id='word_1_71' title='bbox 688 806 1134 878; x_wconf 84' lang='lat' dir='ltr'><strong>contemplationi</strong></span> <span class='ocrx_word' id='word_1_72' title='bbox 1181 805 1537 870; x_wconf 89' lang='lat' dir='ltr'><strong>conveniunt,</strong></span> <span class='ocrx_word' id='word_1_73' title='bbox 1586 819 1749 858; x_wconf 91' lang='lat' dir='ltr'><strong>nemo</strong></span> <span class='ocrx_word' id='word_1_74' title='bbox 1798 803 2042 859; x_wconf 84' lang='lat' dir='ltr'><strong>damnet.</strong></span> 
     </span>
    </p>
   </div>
   <div class='ocr_carea' id='block_1_11' title="bbox 2144 799 3725 878">
    <p class='ocr_par' dir='ltr' id='par_1_11' title="bbox 2144 799 3725 873">
     <span class='ocr_line' id='line_1_11' title="bbox 2144 799 3725 873; baseline 0.001 -20"><span class='ocrx_word' id='word_1_75' title='bbox 2144 799 2298 871; x_wconf 85' lang='grc' dir='ltr'>ήμῶν</span> <span class='ocrx_word' id='word_1_76' title='bbox 2357 801 2869 871; x_wconf 73' lang='grc' dir='ltr'>προανατυποῦσθαι</span> <span class='ocrx_word' id='word_1_77' title='bbox 2934 803 3252 873; x_wconf 89' lang='grc' dir='ltr'>μυστήριον,</span> <span class='ocrx_word' id='word_1_78' title='bbox 3290 804 3433 854; x_wconf 87' lang='grc' dir='ltr'><strong>κατά</strong></span> <span class='ocrx_word' id='word_1_79' title='bbox 3491 801 3725 871; x_wconf 78' lang='grc' dir='ltr'>δύναμιν</span> 
     </span>
    </p>
   </div>
   <div class='ocr_carea' id='block_1_12' title="bbox 466 886 2044 972">
    <p class='ocr_par' dir='ltr' id='par_1_12' title="bbox 466 886 2044 972">
     <span class='ocr_line' id='line_1_12' title="bbox 466 886 2044 972; baseline -0.006 -12"><span class='ocrx_word' id='word_1_80' title='bbox 466 904 605 960; x_wconf 83' lang='lat' dir='ltr'><strong>Nam</strong></span> <span class='ocrx_word' id='word_1_81' title='bbox 653 902 712 956; x_wconf 92' lang='lat' dir='ltr'><strong>in</strong></span> <span class='ocrx_word' id='word_1_82' title='bbox 760 898 1137 972; x_wconf 71' lang='lat' dir='ltr'><strong>prmstantiore</strong></span> <span class='ocrx_word' id='word_1_83' title='bbox 1181 886 1427 951; x_wconf 70' lang='lat' dir='ltr'><strong>historiae</strong></span> <span class='ocrx_word' id='word_1_84' title='bbox 1470 902 1626 965; x_wconf 87' lang='lat' dir='ltr'><strong>parte</strong></span> <span class='ocrx_word' id='word_1_85' title='bbox 1668 908 2044 964; x_wconf 70' lang='lat' dir='ltr'><strong>saepenumero</strong></span> 
     </span>
    </p>
   </div>
   <div class='ocr_carea' id='block_1_13' title="bbox 464 986 2045 1065">
    <p class='ocr_par' dir='ltr' id='par_1_13' title="bbox 464 986 2045 1065">
     <span class='ocr_line' id='line_1_13' title="bbox 464 986 2045 1065; baseline -0.007 -13"><span class='ocrx_word' id='word_1_86' title='bbox 464 997 601 1052; x_wconf 88' lang='lat' dir='ltr'><strong>latet</strong></span> <span class='ocrx_word' id='word_1_87' title='bbox 664 994 968 1065; x_wconf 88' lang='lat' dir='ltr'><strong>spiritualis</strong></span> <span class='ocrx_word' id='word_1_88' title='bbox 1024 992 1367 1055; x_wconf 89' lang='lat' dir='ltr'><strong>intellectus,</strong></span> <span class='ocrx_word' id='word_1_89' title='bbox 1420 988 1883 1060; x_wconf 85' lang='lat' dir='ltr'><strong>quemadmodum</strong></span> <span class='ocrx_word' id='word_1_90' title='bbox 1927 986 2045 1041; x_wconf 79' lang='lat' dir='ltr'><strong>fere</strong></span> 
     </span>
    </p>
   </div>
   <div class='ocr_carea' id='block_1_14' title="bbox 466 1078 2043 1154">
    <p class='ocr_par' dir='ltr' id='par_1_14' title="bbox 466 1078 2043 1154">
     <span class='ocr_line' id='line_1_14' title="bbox 466 1078 2043 1154; baseline -0.006 -10"><span class='ocrx_word' id='word_1_91' title='bbox 466 1086 837 1144; x_wconf 90' lang='lat' dir='ltr'><strong>odoratissimi</strong></span> <span class='ocrx_word' id='word_1_92' title='bbox 877 1086 932 1141; x_wconf 93' lang='lat' dir='ltr'><strong>in</strong></span> <span class='ocrx_word' id='word_1_93' title='bbox 994 1085 1172 1140; x_wconf 85' lang='lat' dir='ltr'><strong>hortis</strong></span> <span class='ocrx_word' id='word_1_94' title='bbox 1221 1084 1403 1148; x_wconf 81' lang='lat' dir='ltr'><strong>llores,</strong></span> <span class='ocrx_word' id='word_1_95' title='bbox 1453 1080 1746 1154; x_wconf 83' lang='lat' dir='ltr'><strong>superﬂuis</strong></span> <span class='ocrx_word' id='word_1_96' title='bbox 1799 1078 2043 1135; x_wconf 80' lang='lat' dir='ltr'><strong>exterius</strong></span> 
     </span>
    </p>
   </div>
   <div class='ocr_carea' id='block_1_15' title="bbox 464 1170 2043 1247">
    <p class='ocr_par' dir='ltr' id='par_1_15' title="bbox 464 1170 2043 1247">
     <span class='ocr_line' id='line_1_15' title="bbox 464 1170 2043 1247; baseline -0.007 -14"><span class='ocrx_word' id='word_1_97' title='bbox 464 1180 613 1235; x_wconf 76' lang='lat' dir='ltr'><strong>foliis</strong></span> <span class='ocrx_word' id='word_1_98' title='bbox 639 1186 955 1243; x_wconf 83' lang='lat' dir='ltr'><strong>onerantur,</strong></span> <span class='ocrx_word' id='word_1_99' title='bbox 985 1192 1107 1247; x_wconf 62' lang='lat' dir='ltr'><strong>qua:</strong></span> <span class='ocrx_word' id='word_1_100' title='bbox 1136 1176 1181 1231; x_wconf 89' lang='lat' dir='ltr'><strong>si</strong></span> <span class='ocrx_word' id='word_1_101' title='bbox 1201 1174 1325 1246; x_wconf 88' lang='lat' dir='ltr'><strong>quis</strong></span> <span class='ocrx_word' id='word_1_102' title='bbox 1344 1174 1547 1239; x_wconf 88' lang='lat' dir='ltr'><strong>demat,</strong></span> <span class='ocrx_word' id='word_1_103' title='bbox 1562 1172 1774 1227; x_wconf 90' lang='lat' dir='ltr'><strong>nudum</strong></span> <span class='ocrx_word' id='word_1_104' title='bbox 1793 1170 2043 1225; x_wconf 86' lang='lat' dir='ltr'><strong>inveniet</strong></span> 
     </span>
    </p>
   </div>
   <div class='ocr_carea' id='block_1_16' title="bbox 466 1260 2043 1340">
    <p class='ocr_par' dir='ltr' id='par_1_16' title="bbox 466 1260 2043 1340">
     <span class='ocr_line' id='line_1_16' title="bbox 466 1260 2043 1340; baseline -0.007 -16"><span class='ocrx_word' id='word_1_105' title='bbox 466 1271 523 1325; x_wconf 90' lang='lat' dir='ltr'><strong>id</strong></span> <span class='ocrx_word' id='word_1_106' title='bbox 582 1270 731 1340; x_wconf 90' lang='lat' dir='ltr'><strong>quod</strong></span> <span class='ocrx_word' id='word_1_107' title='bbox 789 1269 1025 1325; x_wconf 86' lang='lat' dir='ltr'><strong>delectat</strong></span> <span class='ocrx_word' id='word_1_108' title='bbox 1057 1274 1115 1324; x_wconf 92' lang='lat' dir='ltr'><strong>et</strong></span> <span class='ocrx_word' id='word_1_109' title='bbox 1160 1268 1332 1339; x_wconf 83' lang='lat' dir='ltr'><strong>juvat.</strong></span> <span class='ocrx_word' id='word_1_110' title='bbox 1366 1265 1449 1321; x_wconf 82' lang='lat' dir='ltr'><strong>Ad</strong></span> <span class='ocrx_word' id='word_1_111' title='bbox 1485 1263 1838 1335; x_wconf 79' lang='lat' dir='ltr'><strong>allegoricum</strong></span> <span class='ocrx_word' id='word_1_112' title='bbox 1874 1260 2043 1332; x_wconf 92' lang='lat' dir='ltr'><strong>igitur</strong></span> 
     </span>
    </p>
   </div>
   <div class='ocr_carea' id='block_1_17' title="bbox 466 1362 1295 1421">
    <p class='ocr_par' dir='ltr' id='par_1_17' title="bbox 466 1362 1295 1421">
     <span class='ocr_line' id='line_1_17' title="bbox 466 1362 1295 1421; baseline -0.005 -1"><span class='ocrx_word' id='word_1_113' title='bbox 466 1379 686 1420; x_wconf 83' lang='lat' dir='ltr'><strong>sensum</strong></span> <span class='ocrx_word' id='word_1_114' title='bbox 710 1379 890 1421; x_wconf 87' lang='lat' dir='ltr'><strong>sermo</strong></span> <span class='ocrx_word' id='word_1_115' title='bbox 915 1362 1295 1419; x_wconf 79' lang='lat' dir='ltr'><strong>transferatur.</strong></span> 
     </span>
    </p>
   </div>
   <div class='ocr_carea' id='block_1_18' title="bbox 2143 891 3721 964">
    <p class='ocr_par' dir='ltr' id='par_1_18' title="bbox 2143 891 3721 964">
     <span class='ocr_line' id='line_1_18' title="bbox 2143 891 3721 964; baseline 0 -19"><span class='ocrx_word' id='word_1_116' title='bbox 2143 892 2308 946; x_wconf 86' lang='grc' dir='ltr'>πάλιν</span> <span class='ocrx_word' id='word_1_117' title='bbox 2347 893 2448 964; x_wconf 80' lang='grc' dir='ltr'><strong>τὴν</strong></span> <span class='ocrx_word' id='word_1_118' title='bbox 2480 892 2689 947; x_wconf 81' lang='grc' dir='ltr'><strong>ἑαυτῶν</strong></span> <span class='ocrx_word' id='word_1_119' title='bbox 2711 891 3079 959; x_wconf 90' lang='grc' dir='ltr'>λαμϐάνοντες</span> <span class='ocrx_word' id='word_1_120' title='bbox 3106 932 3120 959; x_wconf 92' lang='grc'><strong>,</strong></span> <span class='ocrx_word' id='word_1_121' title='bbox 3153 895 3390 959; x_wconf 74' lang='grc' dir='ltr'>ἐξειπεῖν</span> <span class='ocrx_word' id='word_1_122' title='bbox 3425 892 3525 946; x_wconf 88' lang='grc' dir='ltr'><strong>ούκ</strong></span> <span class='ocrx_word' id='word_1_123' title='bbox 3555 893 3721 963; x_wconf 83' lang='grc' dir='ltr'>ὀκνή-</span> 
     </span>
    </p>
   </div>
   <div class='ocr_carea' id='block_1_19' title="bbox 2145 982 3725 1058">
    <p class='ocr_par' dir='ltr' id='par_1_19' title="bbox 2145 982 3725 1058">
     <span class='ocr_line' id='line_1_19' title="bbox 2145 982 3725 1058; baseline -0.001 -19"><span class='ocrx_word' id='word_1_124' title='bbox 2145 982 2329 1057; x_wconf 83' lang='grc' dir='ltr'>σομεν.</span> <span class='ocrx_word' id='word_1_125' title='bbox 2375 987 2434 1039; x_wconf 82' lang='lat' dir='ltr'><strong>El</strong></span> <span class='ocrx_word' id='word_1_126' title='bbox 2474 986 2530 1039; x_wconf 88' lang='grc' dir='ltr'><strong>δέ</strong></span> <span class='ocrx_word' id='word_1_127' title='bbox 2559 986 2624 1058; x_wconf 81' lang='grc' dir='ltr'>δὴ</span> <span class='ocrx_word' id='word_1_128' title='bbox 2656 986 2732 1056; x_wconf 82' lang='grc' dir='ltr'>μὴ</span> <span class='ocrx_word' id='word_1_129' title='bbox 2775 986 2952 1040; x_wconf 89' lang='grc' dir='ltr'>πάντα</span> <span class='ocrx_word' id='word_1_130' title='bbox 2990 985 3177 1039; x_wconf 75' lang='grc' dir='ltr'>ἕποιτο</span> <span class='ocrx_word' id='word_1_131' title='bbox 3215 985 3363 1056; x_wconf 82' lang='grc' dir='ltr'>λόγῳ</span> <span class='ocrx_word' id='word_1_132' title='bbox 3402 985 3472 1038; x_wconf 84' lang='grc' dir='ltr'>τὰ</span> <span class='ocrx_word' id='word_1_133' title='bbox 3512 987 3572 1038; x_wconf 87' lang='grc' dir='ltr'><strong>ἐν</strong></span> <span class='ocrx_word' id='word_1_134' title='bbox 3600 988 3725 1049; x_wconf 86' lang='grc' dir='ltr'>ταῖς</span> 
     </span>
    </p>
   </div>
   <div class='ocr_carea' id='block_1_20' title="bbox 2147 1070 3724 1147">
    <p class='ocr_par' dir='ltr' id='par_1_20' title="bbox 2147 1070 3724 1147">
     <span class='ocr_line' id='line_1_20' title="bbox 2147 1070 3724 1147; baseline 0.001 -20"><span class='ocrx_word' id='word_1_135' title='bbox 2147 1077 2409 1147; x_wconf 78' lang='grc' dir='ltr'><strong>ἱστορίαις</strong></span> <span class='ocrx_word' id='word_1_136' title='bbox 2449 1076 2699 1145; x_wconf 88' lang='grc' dir='ltr'>κείμενα,</span> <span class='ocrx_word' id='word_1_137' title='bbox 2729 1073 3100 1129; x_wconf 89' lang='grc' dir='ltr'>καταιτιάσθω</span> <span class='ocrx_word' id='word_1_138' title='bbox 3131 1074 3339 1145; x_wconf 81' lang='grc' dir='ltr'>μηδείς.</span> <span class='ocrx_word' id='word_1_139' title='bbox 3385 1070 3476 1127; x_wconf 85' lang='grc' dir='ltr'>Ἐν</span> <span class='ocrx_word' id='word_1_140' title='bbox 3504 1074 3614 1146; x_wconf 87' lang='grc' dir='ltr'>γὰρ</span> <span class='ocrx_word' id='word_1_141' title='bbox 3644 1075 3724 1146; x_wconf 81' lang='grc' dir='ltr'>τῷ</span> 
     </span>
    </p>
   </div>
   <div class='ocr_carea' id='block_1_21' title="bbox 2143 1165 3739 1240">
    <p class='ocr_par' dir='ltr' id='par_1_21' title="bbox 2143 1165 3739 1240">
     <span class='ocr_line' id='line_1_21' title="bbox 2143 1165 3739 1240; baseline -0.001 -20"><span class='ocrx_word' id='word_1_142' title='bbox 2143 1166 2381 1240; x_wconf 87' lang='grc' dir='ltr'>περιττῷ</span> <span class='ocrx_word' id='word_1_143' title='bbox 2423 1168 2521 1237; x_wconf 81' lang='grc' dir='ltr'>τῆς</span> <span class='ocrx_word' id='word_1_144' title='bbox 2556 1166 2794 1238; x_wconf 76' lang='grc' dir='ltr'><strong>ἱστορίας</strong></span> <span class='ocrx_word' id='word_1_145' title='bbox 2827 1165 3086 1229; x_wconf 84' lang='grc' dir='ltr'>πολλάκις</span> <span class='ocrx_word' id='word_1_146' title='bbox 3120 1165 3421 1237; x_wconf 81' lang='grc' dir='ltr'>κρύπτεται</span> <span class='ocrx_word' id='word_1_147' title='bbox 3450 1168 3515 1220; x_wconf 81' lang='grc' dir='ltr'>τὸ</span> <span class='ocrx_word' id='word_1_148' title='bbox 3554 1184 3739 1220; x_wconf 72' lang='grc' dir='ltr'>πνευσ-</span> 
     </span>
    </p>
   </div>
   <div class='ocr_carea' id='block_1_22' title="bbox 2150 1255 3725 1331">
    <p class='ocr_par' dir='ltr' id='par_1_22' title="bbox 2150 1255 3725 1331">
     <span class='ocr_line' id='line_1_22' title="bbox 2150 1255 3725 1331; baseline -0.001 -18"><span class='ocrx_word' id='word_1_149' title='bbox 2150 1260 2379 1331; x_wconf 84' lang='grc' dir='ltr'>ματικόν</span> <span class='ocrx_word' id='word_1_150' title='bbox 2398 1275 2412 1290; x_wconf 86' lang='grc'><strong>·</strong></span> <span class='ocrx_word' id='word_1_151' title='bbox 2445 1260 2633 1331; x_wconf 81' lang='grc' dir='ltr'>ὥσπερ</span> <span class='ocrx_word' id='word_1_152' title='bbox 2664 1255 2755 1313; x_wconf 80' lang='grc' dir='ltr'>οὖν</span> <span class='ocrx_word' id='word_1_153' title='bbox 2788 1258 2976 1329; x_wconf 84' lang='grc' dir='ltr'>ἀμέλει</span> <span class='ocrx_word' id='word_1_154' title='bbox 3010 1258 3198 1312; x_wconf 75' lang='grc' dir='ltr'>καὶτὰ</span> <span class='ocrx_word' id='word_1_155' title='bbox 3225 1258 3347 1311; x_wconf 90' lang='grc' dir='ltr'>λίαν</span> <span class='ocrx_word' id='word_1_156' title='bbox 3380 1258 3725 1329; x_wconf 82' lang='grc' dir='ltr'>εὐοσμότατα</span> 
     </span>
    </p>
   </div>
   <div class='ocr_carea' id='block_1_23' title="bbox 2143 1347 3726 1421">
    <p class='ocr_par' dir='ltr' id='par_1_23' title="bbox 2143 1347 3726 1421">
     <span class='ocr_line' id='line_1_23' title="bbox 2143 1347 3726 1421; baseline -0.003 -15"><span class='ocrx_word' id='word_1_157' title='bbox 2143 1351 2252 1407; x_wconf 87' lang='grc' dir='ltr'><strong>τῶν</strong></span> <span class='ocrx_word' id='word_1_158' title='bbox 2301 1352 2359 1405; x_wconf 82' lang='grc' dir='ltr'><strong>ἐν</strong></span> <span class='ocrx_word' id='word_1_159' title='bbox 2407 1350 2666 1421; x_wconf 82' lang='grc' dir='ltr'>λειμῶσιν</span> <span class='ocrx_word' id='word_1_160' title='bbox 2717 1350 2921 1404; x_wconf 84' lang='grc' dir='ltr'>ἀνθέων</span> <span class='ocrx_word' id='word_1_161' title='bbox 2971 1349 3199 1413; x_wconf 85' lang='grc' dir='ltr'>είκαίοις</span> <span class='ocrx_word' id='word_1_162' title='bbox 3248 1347 3447 1413; x_wconf 75' lang='grc' dir='ltr'>ἔξωθεν</span> <span class='ocrx_word' id='word_1_163' title='bbox 3500 1349 3726 1419; x_wconf 80' lang='grc' dir='ltr'>φύλλοις</span> 
     </span>
    </p>
   </div>
   <div class='ocr_carea' id='block_1_24' title="bbox 465 1441 3726 1529">
    <p class='ocr_par' dir='ltr' id='par_1_24' title="bbox 465 1441 3726 1529">
     <span class='ocr_line' id='line_1_24' title="bbox 465 1441 3726 1529; baseline -0.004 -18"><span class='ocrx_word' id='word_1_164' title='bbox 465 1456 952 1528; x_wconf 77' lang='grc' dir='ltr'>περιχλαινίζεται,</span> <span class='ocrx_word' id='word_1_165' title='bbox 989 1446 1136 1529; x_wconf 76' lang='grc' dir='ltr'>ειπερ</span> <span class='ocrx_word' id='word_1_166' title='bbox 1169 1457 1333 1521; x_wconf 77' lang='grc' dir='ltr'>εἴτις</span> <span class='ocrx_word' id='word_1_167' title='bbox 1370 1454 1668 1525; x_wconf 78' lang='grc' dir='ltr'>ἀποτέμοι,</span> <span class='ocrx_word' id='word_1_168' title='bbox 1699 1450 1903 1523; x_wconf 79' lang='grc' dir='ltr'>γυμνὸν</span> <span class='ocrx_word' id='word_1_169' title='bbox 1946 1448 2169 1519; x_wconf 81' lang='grc' dir='ltr'>εὑρήσει</span> <span class='ocrx_word' id='word_1_170' title='bbox 2198 1448 2260 1501; x_wconf 86' lang='grc' dir='ltr'>τὸ</span> <span class='ocrx_word' id='word_1_171' title='bbox 2287 1444 2528 1517; x_wconf 83' lang='grc' dir='ltr'>ὠφελοῦν</span> <span class='ocrx_word' id='word_1_172' title='bbox 2550 1461 2610 1498; x_wconf 87' lang='grc' dir='ltr'><strong>τε</strong></span> <span class='ocrx_word' id='word_1_173' title='bbox 2644 1444 2740 1499; x_wconf 75' lang='grc' dir='ltr'><strong>καὶ</strong></span> <span class='ocrx_word' id='word_1_174' title='bbox 2793 1443 3082 1517; x_wconf 60' lang='grc' dir='ltr'>χρήσιμον.</span> <span class='ocrx_word' id='word_1_175' title='bbox 3154 1441 3355 1496; x_wconf 84' lang='grc' dir='ltr'>Είσίτω</span> <span class='ocrx_word' id='word_1_176' title='bbox 3412 1443 3477 1515; x_wconf 84' lang='grc' dir='ltr'><strong>δὴ</strong></span> <span class='ocrx_word' id='word_1_177' title='bbox 3538 1443 3726 1497; x_wconf 82' lang='grc' dir='ltr'>τοίνυν</span> 
     </span>
    </p>
   </div>
   <div class='ocr_carea' id='block_1_25' title="bbox 466 1547 1362 1620">
    <p class='ocr_par' dir='ltr' id='par_1_25' title="bbox 466 1547 1362 1620">
     <span class='ocr_line' id='line_1_25' title="bbox 466 1547 1362 1620; baseline 0 -19"><span class='ocrx_word' id='word_1_178' title='bbox 466 1552 596 1620; x_wconf 83' lang='grc' dir='ltr'>ήμϊν</span> <span class='ocrx_word' id='word_1_179' title='bbox 629 1549 729 1618; x_wconf 76' lang='grc' dir='ltr'>τῆς</span> <span class='ocrx_word' id='word_1_180' title='bbox 759 1547 1084 1619; x_wconf 78' lang='grc' dir='ltr'>ἀλληγορίας</span> <span class='ocrx_word' id='word_1_181' title='bbox 1122 1549 1150 1601; x_wconf 83' lang='grc' dir='ltr'><strong>ὁ</strong></span> <span class='ocrx_word' id='word_1_182' title='bbox 1186 1547 1362 1616; x_wconf 85' lang='grc' dir='ltr'>λόγος.</span> 
     </span>
    </p>
   </div>
   <div class='ocr_carea' id='block_1_26' title="bbox 533 1633 2119 1710">
    <p class='ocr_par' dir='ltr' id='par_1_26' title="bbox 533 1633 2119 1710">
     <span class='ocr_line' id='line_1_26' title="bbox 533 1633 2119 1710; baseline -0.004 -15"><span class='ocrx_word' id='word_1_183' title='bbox 533 1640 586 1695; x_wconf 75' lang='grc'><strong>2.</strong></span> <span class='ocrx_word' id='word_1_184' title='bbox 611 1639 769 1707; x_wconf 83' lang='lat' dir='ltr'><strong>Quod</strong></span> <span class='ocrx_word' id='word_1_185' title='bbox 795 1640 982 1710; x_wconf 87' lang='lat' dir='ltr'><strong>itaque</strong></span> <span class='ocrx_word' id='word_1_186' title='bbox 1004 1636 1246 1694; x_wconf 80' lang='lat' dir='ltr'><strong>tentatus</strong></span> <span class='ocrx_word' id='word_1_187' title='bbox 1278 1638 1446 1693; x_wconf 81' lang='lat' dir='ltr'><strong>fuerit</strong></span> <span class='ocrx_word' id='word_1_188' title='bbox 1472 1637 1770 1702; x_wconf 84' lang='lat' dir='ltr'><strong>Abraham,</strong></span> <span class='ocrx_word' id='word_1_189' title='bbox 1792 1644 1849 1690; x_wconf 91' lang='lat' dir='ltr'><strong>et</strong></span> <span class='ocrx_word' id='word_1_190' title='bbox 1870 1633 2045 1690; x_wconf 76' lang='lat' dir='ltr'><strong>illium</strong></span> <span class='ocrx_word' id='word_1_191' title='bbox 2075 1644 2119 1699; x_wconf 84' lang='grc' dir='ltr'><strong>Β</strong></span> 
     </span>
    </p>
   </div>
   <div class='ocr_carea' id='block_1_27' title="bbox 466 1725 2050 1799">
    <p class='ocr_par' dir='ltr' id='par_1_27' title="bbox 466 1725 2050 1799">
     <span class='ocr_line' id='line_1_27' title="bbox 466 1725 2050 1799; baseline -0.006 -13"><span class='ocrx_word' id='word_1_192' title='bbox 466 1745 628 1786; x_wconf 86' lang='lat' dir='ltr'><strong>suum</strong></span> <span class='ocrx_word' id='word_1_193' title='bbox 666 1729 930 1784; x_wconf 91' lang='lat' dir='ltr'><strong>dilectum</strong></span> <span class='ocrx_word' id='word_1_194' title='bbox 968 1727 1257 1782; x_wconf 87' lang='lat' dir='ltr'><strong>immolare</strong></span> <span class='ocrx_word' id='word_1_195' title='bbox 1303 1728 1375 1782; x_wconf 85' lang='lat' dir='ltr'><strong>sit</strong></span> <span class='ocrx_word' id='word_1_196' title='bbox 1406 1729 1613 1799; x_wconf 88' lang='lat' dir='ltr'><strong>jussus,</strong></span> <span class='ocrx_word' id='word_1_197' title='bbox 1667 1725 1945 1796; x_wconf 88' lang='lat' dir='ltr'><strong>quodque,</strong></span> <span class='ocrx_word' id='word_1_198' title='bbox 1986 1730 2050 1777; x_wconf 92' lang='lat' dir='ltr'><strong>ut</strong></span> 
     </span>
    </p>
   </div>
   <div class='ocr_carea' id='block_1_28' title="bbox 463 1812 2049 1893">
    <p class='ocr_par' dir='ltr' id='par_1_28' title="bbox 463 1812 2049 1893">
     <span class='ocr_line' id='line_1_28' title="bbox 463 1812 2049 1893; baseline -0.006 -16"><span class='ocrx_word' id='word_1_199' title='bbox 463 1818 761 1893; x_wconf 74' lang='lat' dir='ltr'><strong>verisimile</strong></span> <span class='ocrx_word' id='word_1_200' title='bbox 793 1827 899 1883; x_wconf 91' lang='lat' dir='ltr'><strong>est,</strong></span> <span class='ocrx_word' id='word_1_201' title='bbox 937 1833 1047 1873; x_wconf 94' lang='lat' dir='ltr'><strong>non</strong></span> <span class='ocrx_word' id='word_1_202' title='bbox 1086 1817 1292 1887; x_wconf 89' lang='lat' dir='ltr'><strong>absque</strong></span> <span class='ocrx_word' id='word_1_203' title='bbox 1326 1831 1523 1888; x_wconf 84' lang='lat' dir='ltr'><strong>magno</strong></span> <span class='ocrx_word' id='word_1_204' title='bbox 1560 1815 1731 1871; x_wconf 92' lang='lat' dir='ltr'><strong>animi</strong></span> <span class='ocrx_word' id='word_1_205' title='bbox 1766 1814 1956 1869; x_wconf 89' lang='lat' dir='ltr'><strong>dolore</strong></span> <span class='ocrx_word' id='word_1_206' title='bbox 1992 1812 2049 1867; x_wconf 92' lang='lat' dir='ltr'><strong>id</strong></span> 
     </span>
    </p>
   </div>
   <div class='ocr_carea' id='block_1_29' title="bbox 466 1903 2048 1980">
    <p class='ocr_par' dir='ltr' id='par_1_29' title="bbox 466 1903 2048 1980">
     <span class='ocr_line' id='line_1_29' title="bbox 466 1903 2048 1980; baseline -0.005 -15"><span class='ocrx_word' id='word_1_207' title='bbox 466 1910 633 1966; x_wconf 82' lang='lat' dir='ltr'><strong>luerit</strong></span> <span class='ocrx_word' id='word_1_208' title='bbox 666 1923 954 1980; x_wconf 76' lang='lat' dir='ltr'><strong>aggressus</strong></span> <span class='ocrx_word' id='word_1_209' title='bbox 994 1917 1055 1963; x_wconf 93' lang='lat' dir='ltr'><strong>ut</strong></span> <span class='ocrx_word' id='word_1_210' title='bbox 1094 1916 1271 1978; x_wconf 89' lang='lat' dir='ltr'><strong>pater,</strong></span> <span class='ocrx_word' id='word_1_211' title='bbox 1313 1916 1371 1963; x_wconf 90' lang='lat' dir='ltr'><strong>et</strong></span> <span class='ocrx_word' id='word_1_212' title='bbox 1417 1907 1685 1962; x_wconf 86' lang='lat' dir='ltr'><strong>acerrimo</strong></span> <span class='ocrx_word' id='word_1_213' title='bbox 1710 1914 1922 1960; x_wconf 61' lang='lat' dir='ltr'><strong>naturae</strong></span> <span class='ocrx_word' id='word_1_214' title='bbox 1947 1903 2048 1958; x_wconf 91' lang='lat' dir='ltr'><strong>sti-</strong></span> 
     </span>
    </p>
   </div>
   <div class='ocr_carea' id='block_1_30' title="bbox 465 1993 2046 2070">
    <p class='ocr_par' dir='ltr' id='par_1_30' title="bbox 465 1993 2046 2070">
     <span class='ocr_line' id='line_1_30' title="bbox 465 1993 2046 2070; baseline -0.006 -15"><span class='ocrx_word' id='word_1_215' title='bbox 465 2002 615 2057; x_wconf 90' lang='lat' dir='ltr'><strong>mulo</strong></span> <span class='ocrx_word' id='word_1_216' title='bbox 650 2001 718 2056; x_wconf 90' lang='lat' dir='ltr'><strong>ad</strong></span> <span class='ocrx_word' id='word_1_217' title='bbox 753 2014 996 2055; x_wconf 89' lang='lat' dir='ltr'><strong>amorem</strong></span> <span class='ocrx_word' id='word_1_218' title='bbox 1015 2014 1145 2070; x_wconf 90' lang='lat' dir='ltr'><strong>erga</strong></span> <span class='ocrx_word' id='word_1_219' title='bbox 1171 1998 1343 2052; x_wconf 78' lang='lat' dir='ltr'><strong>illium</strong></span> <span class='ocrx_word' id='word_1_220' title='bbox 1376 1998 1704 2062; x_wconf 88' lang='lat' dir='ltr'><strong>concitatus,</strong></span> <span class='ocrx_word' id='word_1_221' title='bbox 1729 1993 1842 2066; x_wconf 65' lang='grc'><strong>84</strong></span> <span class='ocrx_word' id='word_1_222' title='bbox 1867 1994 2046 2064; x_wconf 88' lang='lat' dir='ltr'><strong>potio-</strong></span> 
     </span>
    </p>
   </div>
   <div class='ocr_carea' id='block_1_31' title="bbox 460 2088 2047 2159">
    <p class='ocr_par' dir='ltr' id='par_1_31' title="bbox 460 2088 2047 2159">
     <span class='ocr_line' id='line_1_31' title="bbox 460 2088 2047 2159; baseline -0.005 -12"><span class='ocrx_word' id='word_1_223' title='bbox 460 2109 582 2151; x_wconf 90' lang='lat' dir='ltr'><strong>rem</strong></span> <span class='ocrx_word' id='word_1_224' title='bbox 599 2102 784 2149; x_wconf 88' lang='lat' dir='ltr'><strong>tamen</strong></span> <span class='ocrx_word' id='word_1_225' title='bbox 817 2106 1006 2148; x_wconf 86' lang='lat' dir='ltr'><strong>curam</strong></span> <span class='ocrx_word' id='word_1_226' title='bbox 1036 2090 1295 2147; x_wconf 85' lang='lat' dir='ltr'><strong>habuerit</strong></span> <span class='ocrx_word' id='word_1_227' title='bbox 1313 2089 1446 2145; x_wconf 89' lang='lat' dir='ltr'><strong>boni</strong></span> <span class='ocrx_word' id='word_1_228' title='bbox 1472 2088 1619 2159; x_wconf 92' lang='lat' dir='ltr'><strong>quod</strong></span> <span class='ocrx_word' id='word_1_229' title='bbox 1638 2103 1703 2142; x_wconf 89' lang='lat' dir='ltr'><strong>ea</strong></span> <span class='ocrx_word' id='word_1_230' title='bbox 1731 2102 1799 2142; x_wconf 81' lang='lat' dir='ltr'><strong>ex</strong></span> <span class='ocrx_word' id='word_1_231' title='bbox 1821 2101 1881 2140; x_wconf 90' lang='lat' dir='ltr'><strong>re</strong></span> <span class='ocrx_word' id='word_1_232' title='bbox 1913 2101 2047 2141; x_wconf 92' lang='lat' dir='ltr'><strong>con-</strong></span> 
     </span>
    </p>
   </div>
   <div class='ocr_carea' id='block_1_32' title="bbox 464 2177 2048 2256">
    <p class='ocr_par' dir='ltr' id='par_1_32' title="bbox 464 2177 2048 2256">
     <span class='ocr_line' id='line_1_32' title="bbox 464 2177 2048 2256; baseline -0.006 -15"><span class='ocrx_word' id='word_1_233' title='bbox 464 2194 819 2256; x_wconf 77' lang='lat' dir='ltr'><strong>sequeretur,</strong></span> <span class='ocrx_word' id='word_1_234' title='bbox 854 2186 961 2240; x_wconf 91' lang='lat' dir='ltr'><strong>hoc</strong></span> <span class='ocrx_word' id='word_1_235' title='bbox 992 2184 1171 2255; x_wconf 89' lang='lat' dir='ltr'><strong>ipsum</strong></span> <span class='ocrx_word' id='word_1_236' title='bbox 1205 2190 1261 2238; x_wconf 93' lang='lat' dir='ltr'><strong>et</strong></span> <span class='ocrx_word' id='word_1_237' title='bbox 1283 2181 1505 2253; x_wconf 90' lang='lat' dir='ltr'><strong>quidem</strong></span> <span class='ocrx_word' id='word_1_238' title='bbox 1543 2188 1730 2252; x_wconf 89' lang='lat' dir='ltr'><strong>aperte</strong></span> <span class='ocrx_word' id='word_1_239' title='bbox 1752 2177 2048 2235; x_wconf 90' lang='lat' dir='ltr'><strong>admodum</strong></span> 
     </span>
    </p>
   </div>
   <div class='ocr_carea' id='block_1_33' title="bbox 463 2268 2043 2345">
    <p class='ocr_par' dir='ltr' id='par_1_33' title="bbox 463 2268 2043 2345">
     <span class='ocr_line' id='line_1_33' title="bbox 463 2268 2043 2345; baseline -0.006 -15"><span class='ocrx_word' id='word_1_240' title='bbox 463 2276 625 2330; x_wconf 87' lang='lat' dir='ltr'><strong>nobis</strong></span> <span class='ocrx_word' id='word_1_241' title='bbox 665 2274 941 2345; x_wconf 84' lang='lat' dir='ltr'><strong>signiﬁcat</strong></span> <span class='ocrx_word' id='word_1_242' title='bbox 986 2272 1123 2327; x_wconf 91' lang='lat' dir='ltr'><strong>illud</strong></span> <span class='ocrx_word' id='word_1_243' title='bbox 1162 2287 1193 2327; x_wconf 91' lang='lat' dir='ltr'><strong>a</strong></span> <span class='ocrx_word' id='word_1_244' title='bbox 1236 2270 1519 2327; x_wconf 89' lang='lat' dir='ltr'><strong>Salvatore</strong></span> <span class='ocrx_word' id='word_1_245' title='bbox 1557 2282 1749 2326; x_wconf 88' lang='lat' dir='ltr'><strong>nostro</strong></span> <span class='ocrx_word' id='word_1_246' title='bbox 1791 2268 2043 2323; x_wconf 89' lang='lat' dir='ltr'><strong>dictum:</strong></span> 
     </span>
    </p>
   </div>
   <div class='ocr_carea' id='block_1_34' title="bbox 472 2358 2046 2429">
    <p class='ocr_par' dir='ltr' id='par_1_34' title="bbox 472 2358 2046 2429">
     <span class='ocr_line' id='line_1_34' title="bbox 472 2358 2046 2429; baseline -0.004 -11"><span class='ocrx_word' id='word_1_247' title='bbox 472 2385 490 2418; x_wconf 75' lang='grc' dir='ltr'><strong>σ</strong></span> <span class='ocrx_word' id='word_1_248' title='bbox 518 2367 600 2421; x_wconf 84' lang='lat' dir='ltr'><strong>lta</strong></span> <span class='ocrx_word' id='word_1_249' title='bbox 618 2364 811 2420; x_wconf 83' lang='lat' dir='ltr'><strong>dilexit</strong></span> <span class='ocrx_word' id='word_1_250' title='bbox 832 2365 977 2419; x_wconf 88' lang='lat' dir='ltr'><strong>Deus</strong></span> <span class='ocrx_word' id='word_1_251' title='bbox 1005 2361 1298 2426; x_wconf 90' lang='lat' dir='ltr'><strong>mundum,</strong></span> <span class='ocrx_word' id='word_1_252' title='bbox 1332 2368 1396 2415; x_wconf 89' lang='lat' dir='ltr'><strong>ut</strong></span> <span class='ocrx_word' id='word_1_253' title='bbox 1422 2360 1623 2416; x_wconf 87' lang='lat' dir='ltr'><strong>Filium</strong></span> <span class='ocrx_word' id='word_1_254' title='bbox 1661 2374 1824 2415; x_wconf 89' lang='lat' dir='ltr'><strong>suum</strong></span> <span class='ocrx_word' id='word_1_255' title='bbox 1848 2358 2046 2429; x_wconf 84' lang='lat' dir='ltr'><strong>unige-</strong></span> 
     </span>
    </p>
   </div>
   <div class='ocr_carea' id='block_1_35' title="bbox 464 2451 2049 2523">
    <p class='ocr_par' dir='ltr' id='par_1_35' title="bbox 464 2451 2049 2523">
     <span class='ocr_line' id='line_1_35' title="bbox 464 2451 2049 2523; baseline -0.006 -10"><span class='ocrx_word' id='word_1_256' title='bbox 464 2459 641 2513; x_wconf 90' lang='lat' dir='ltr'><strong>nitum</strong></span> <span class='ocrx_word' id='word_1_257' title='bbox 674 2454 909 2520; x_wconf 87' lang='lat' dir='ltr'><strong>dederit,</strong></span> <span class='ocrx_word' id='word_1_258' title='bbox 961 2461 1023 2509; x_wconf 92' lang='lat' dir='ltr'><strong>ut</strong></span> <span class='ocrx_word' id='word_1_259' title='bbox 1062 2452 1242 2509; x_wconf 92' lang='lat' dir='ltr'><strong>omnis</strong></span> <span class='ocrx_word' id='word_1_260' title='bbox 1286 2451 1382 2523; x_wconf 86' lang='lat' dir='ltr'><strong>qui</strong></span> <span class='ocrx_word' id='word_1_261' title='bbox 1429 2452 1603 2507; x_wconf 89' lang='lat' dir='ltr'><strong>credit</strong></span> <span class='ocrx_word' id='word_1_262' title='bbox 1656 2451 1714 2505; x_wconf 90' lang='lat' dir='ltr'><strong>in</strong></span> <span class='ocrx_word' id='word_1_263' title='bbox 1767 2466 1895 2505; x_wconf 90' lang='lat' dir='ltr'><strong>eum</strong></span> <span class='ocrx_word' id='word_1_264' title='bbox 1936 2465 2049 2505; x_wconf 92' lang='lat' dir='ltr'><strong>non</strong></span> 
     </span>
    </p>
   </div>
   <div class='ocr_carea' id='block_1_36' title="bbox 464 2540 2047 2620">
    <p class='ocr_par' dir='ltr' id='par_1_36' title="bbox 464 2540 2047 2620">
     <span class='ocr_line' id='line_1_36' title="bbox 464 2540 2047 2620; baseline -0.006 -17"><span class='ocrx_word' id='word_1_265' title='bbox 464 2555 673 2620; x_wconf 81' lang='lat' dir='ltr'><strong>pereat,</strong></span> <span class='ocrx_word' id='word_1_266' title='bbox 718 2546 814 2601; x_wconf 92' lang='lat' dir='ltr'><strong>sed</strong></span> <span class='ocrx_word' id='word_1_267' title='bbox 854 2545 1057 2600; x_wconf 87' lang='lat' dir='ltr'><strong>habeat</strong></span> <span class='ocrx_word' id='word_1_268' title='bbox 1099 2543 1271 2598; x_wconf 85' lang='lat' dir='ltr'><strong>vitam</strong></span> <span class='ocrx_word' id='word_1_269' title='bbox 1302 2550 1564 2597; x_wconf 71' lang='lat' dir='ltr'><strong>aeternam</strong></span> <span class='ocrx_word' id='word_1_270' title='bbox 1616 2541 1682 2594; x_wconf 71' lang='grc'><strong>⁸³.</strong></span> <span class='ocrx_word' id='word_1_271' title='bbox 1726 2560 1744 2593; x_wconf 73' lang='grc' dir='ltr'><strong>ι</strong></span> <span class='ocrx_word' id='word_1_272' title='bbox 1794 2540 1853 2595; x_wconf 90' lang='lat' dir='ltr'><strong>Si</strong></span> <span class='ocrx_word' id='word_1_273' title='bbox 1899 2540 2047 2594; x_wconf 90' lang='lat' dir='ltr'><strong>enim</strong></span> 
     </span>
    </p>
   </div>
   <div class='ocr_carea' id='block_1_37' title="bbox 461 2628 2046 2709">
    <p class='ocr_par' dir='ltr' id='par_1_37' title="bbox 461 2628 2046 2709">
     <span class='ocr_line' id='line_1_37' title="bbox 461 2628 2046 2709; baseline -0.008 -15"><span class='ocrx_word' id='word_1_274' title='bbox 461 2646 681 2709; x_wconf 87' lang='lat' dir='ltr'><strong>oportet</strong></span> <span class='ocrx_word' id='word_1_275' title='bbox 700 2636 866 2693; x_wconf 88' lang='lat' dir='ltr'><strong>etiam</strong></span> <span class='ocrx_word' id='word_1_276' title='bbox 888 2636 1193 2690; x_wconf 90' lang='lat' dir='ltr'><strong>humanum</strong></span> <span class='ocrx_word' id='word_1_277' title='bbox 1216 2632 1349 2702; x_wconf 90' lang='lat' dir='ltr'><strong>quid</strong></span> <span class='ocrx_word' id='word_1_278' title='bbox 1375 2631 1583 2697; x_wconf 89' lang='lat' dir='ltr'><strong>dicere,</strong></span> <span class='ocrx_word' id='word_1_279' title='bbox 1607 2630 1676 2685; x_wconf 89' lang='lat' dir='ltr'><strong>ad</strong></span> <span class='ocrx_word' id='word_1_280' title='bbox 1702 2628 2046 2684; x_wconf 80' lang='lat' dir='ltr'><strong>manifestam</strong></span> 
     </span>
    </p>
   </div>
   <div class='ocr_carea' id='block_1_38' title="bbox 459 2718 2046 2791">
    <p class='ocr_par' dir='ltr' id='par_1_38' title="bbox 459 2718 2046 2791">
     <span class='ocr_line' id='line_1_38' title="bbox 459 2718 2046 2791; baseline -0.006 -9"><span class='ocrx_word' id='word_1_281' title='bbox 459 2742 657 2782; x_wconf 91' lang='lat' dir='ltr'><strong>sensus</strong></span> <span class='ocrx_word' id='word_1_282' title='bbox 680 2725 1229 2788; x_wconf 86' lang='lat' dir='ltr'><strong>demonstrationem,</strong></span> <span class='ocrx_word' id='word_1_283' title='bbox 1265 2720 1614 2776; x_wconf 89' lang='lat' dir='ltr'><strong>remordehat</strong></span> <span class='ocrx_word' id='word_1_284' title='bbox 1643 2718 2046 2791; x_wconf 88' lang='lat' dir='ltr'><strong>quodammodo</strong></span> 
     </span>
    </p>
   </div>
   <div class='ocr_carea' id='block_1_39' title="bbox 460 2812 2046 2883">
    <p class='ocr_par' dir='ltr' id='par_1_39' title="bbox 460 2812 2046 2883">
     <span class='ocr_line' id='line_1_39' title="bbox 460 2812 2046 2883; baseline -0.006 -9"><span class='ocrx_word' id='word_1_285' title='bbox 460 2820 634 2874; x_wconf 89' lang='lat' dir='ltr'><strong>Deum</strong></span> <span class='ocrx_word' id='word_1_286' title='bbox 658 2831 722 2873; x_wconf 89' lang='lat' dir='ltr'><strong>ac</strong></span> <span class='ocrx_word' id='word_1_287' title='bbox 762 2817 1002 2881; x_wconf 86' lang='lat' dir='ltr'><strong>Patrem,</strong></span> <span class='ocrx_word' id='word_1_288' title='bbox 1028 2829 1156 2869; x_wconf 89' lang='lat' dir='ltr'><strong>cum</strong></span> <span class='ocrx_word' id='word_1_289' title='bbox 1182 2813 1383 2868; x_wconf 88' lang='lat' dir='ltr'><strong>Filium</strong></span> <span class='ocrx_word' id='word_1_290' title='bbox 1413 2821 1639 2883; x_wconf 88' lang='lat' dir='ltr'><strong>pr0ptcr</strong></span> <span class='ocrx_word' id='word_1_291' title='bbox 1667 2828 1770 2867; x_wconf 89' lang='lat' dir='ltr'><strong>nos</strong></span> <span class='ocrx_word' id='word_1_292' title='bbox 1804 2812 1871 2866; x_wconf 89' lang='lat' dir='ltr'><strong>ad</strong></span> <span class='ocrx_word' id='word_1_293' title='bbox 1894 2826 2046 2865; x_wconf 90' lang='lat' dir='ltr'><strong>mor-</strong></span> 
     </span>
    </p>
   </div>
   <div class='ocr_carea' id='block_1_40' title="bbox 460 2900 2043 2972">
    <p class='ocr_par' dir='ltr' id='par_1_40' title="bbox 460 2900 2043 2972">
     <span class='ocr_line' id='line_1_40' title="bbox 460 2900 2043 2972; baseline -0.004 -8"><span class='ocrx_word' id='word_1_294' title='bbox 460 2917 573 2964; x_wconf 89' lang='lat' dir='ltr'><strong>tem</strong></span> <span class='ocrx_word' id='word_1_295' title='bbox 628 2906 892 2972; x_wconf 87' lang='lat' dir='ltr'><strong>mitteret,</strong></span> <span class='ocrx_word' id='word_1_296' title='bbox 941 2903 1163 2960; x_wconf 89' lang='lat' dir='ltr'><strong>tametsi</strong></span> <span class='ocrx_word' id='word_1_297' title='bbox 1200 2902 1407 2959; x_wconf 84' lang='lat' dir='ltr'><strong>sciebat</strong></span> <span class='ocrx_word' id='word_1_298' title='bbox 1461 2903 1619 2957; x_wconf 91' lang='lat' dir='ltr'><strong>illum</strong></span> <span class='ocrx_word' id='word_1_299' title='bbox 1671 2902 1808 2956; x_wconf 92' lang='lat' dir='ltr'><strong>nihil</strong></span> <span class='ocrx_word' id='word_1_300' title='bbox 1857 2900 2043 2958; x_wconf 87' lang='lat' dir='ltr'><strong>damni</strong></span> 
     </span>
    </p>
   </div>
   <div class='ocr_carea' id='block_1_41' title="bbox 2219 1622 3721 1701">
    <p class='ocr_par' dir='ltr' id='par_1_41' title="bbox 2219 1622 3721 1701">
     <span class='ocr_line' id='line_1_41' title="bbox 2219 1622 3721 1701; baseline 0.006 -27"><span class='ocrx_word' id='word_1_301' title='bbox 2219 1630 2283 1701; x_wconf 78' lang='grc' dir='ltr'><strong>β’,</strong></span> <span class='ocrx_word' id='word_1_302' title='bbox 2316 1628 2390 1682; x_wconf 80' lang='grc' dir='ltr'>Τὸ</span> <span class='ocrx_word' id='word_1_303' title='bbox 2412 1628 2511 1700; x_wconf 84' lang='grc' dir='ltr'>μὲν</span> <span class='ocrx_word' id='word_1_304' title='bbox 2528 1622 2623 1688; x_wconf 76' lang='grc' dir='ltr'><strong>οὖν</strong></span> <span class='ocrx_word' id='word_1_305' title='bbox 2648 1625 3006 1699; x_wconf 80' lang='grc' dir='ltr'>πειράζεσθαι</span> <span class='ocrx_word' id='word_1_306' title='bbox 3023 1626 3113 1679; x_wconf 82' lang='grc' dir='ltr'><strong>τὸν</strong></span> <span class='ocrx_word' id='word_1_307' title='bbox 3137 1625 3410 1697; x_wconf 87' lang='grc' dir='ltr'>μακάριον</span> <span class='ocrx_word' id='word_1_308' title='bbox 3447 1626 3721 1701; x_wconf 83' lang='grc' dir='ltr'>Ἀϐραὰμ,</span> 
     </span>
    </p>
   </div>
   <div class='ocr_carea' id='block_1_42' title="bbox 2148 1716 3723 1787">
    <p class='ocr_par' dir='ltr' id='par_1_42' title="bbox 2148 1716 3723 1787">
     <span class='ocr_line' id='line_1_42' title="bbox 2148 1716 3723 1787; baseline -0.01 -10"><span class='ocrx_word' id='word_1_309' title='bbox 2148 1722 2247 1777; x_wconf 77' lang='grc' dir='ltr'>καὶ</span> <span class='ocrx_word' id='word_1_310' title='bbox 2276 1721 2424 1775; x_wconf 82' lang='grc' dir='ltr'>θύειν</span> <span class='ocrx_word' id='word_1_311' title='bbox 2453 1719 2837 1774; x_wconf 64' lang='grc' dir='ltr'>ἐπιτάττεσθαι</span> <span class='ocrx_word' id='word_1_312' title='bbox 2865 1716 2957 1770; x_wconf 78' lang='grc' dir='ltr'><strong>τὸν</strong></span> <span class='ocrx_word' id='word_1_313' title='bbox 2982 1717 3097 1770; x_wconf 83' lang='grc' dir='ltr'>υίδν</span> <span class='ocrx_word' id='word_1_314' title='bbox 3130 1717 3222 1769; x_wconf 83' lang='grc' dir='ltr'><strong>τὸν</strong></span> <span class='ocrx_word' id='word_1_315' title='bbox 3255 1718 3559 1787; x_wconf 83' lang='grc' dir='ltr'>ἀγαπητὸν,</span> <span class='ocrx_word' id='word_1_316' title='bbox 3591 1720 3723 1773; x_wconf 84' lang='grc' dir='ltr'>δυσ-</span> 
     </span>
    </p>
   </div>
   <div class='ocr_carea' id='block_1_43' title="bbox 2149 1806 3722 1883">
    <p class='ocr_par' dir='ltr' id='par_1_43' title="bbox 2149 1806 3722 1883">
     <span class='ocr_line' id='line_1_43' title="bbox 2149 1806 3722 1883; baseline 0 -19"><span class='ocrx_word' id='word_1_317' title='bbox 2149 1810 2417 1883; x_wconf 79' lang='grc' dir='ltr'>φοροῦντα</span> <span class='ocrx_word' id='word_1_318' title='bbox 2447 1810 2566 1881; x_wconf 83' lang='grc' dir='ltr'>μὲν,</span> <span class='ocrx_word' id='word_1_319' title='bbox 2609 1808 2752 1863; x_wconf 87' lang='grc' dir='ltr'><strong>κατά</strong></span> <span class='ocrx_word' id='word_1_320' title='bbox 2802 1808 2865 1861; x_wconf 84' lang='grc' dir='ltr'><strong>τὸ</strong></span> <span class='ocrx_word' id='word_1_321' title='bbox 2910 1807 3079 1872; x_wconf 82' lang='grc' dir='ltr'>είκὺς,</span> <span class='ocrx_word' id='word_1_322' title='bbox 3113 1806 3189 1871; x_wconf 85' lang='grc' dir='ltr'>ὡς</span> <span class='ocrx_word' id='word_1_323' title='bbox 3238 1809 3571 1879; x_wconf 84' lang='grc' dir='ltr'>γεννήτορα,</span> <span class='ocrx_word' id='word_1_324' title='bbox 3624 1810 3722 1864; x_wconf 78' lang='grc' dir='ltr'>καὶ</span> 
     </span>
    </p>
   </div>
   <div class='ocr_carea' id='block_1_44' title="bbox 2148 1896 3724 1973">
    <p class='ocr_par' dir='ltr' id='par_1_44' title="bbox 2148 1896 3724 1973">
     <span class='ocr_line' id='line_1_44' title="bbox 2148 1896 3724 1973; baseline -0.001 -19"><span class='ocrx_word' id='word_1_325' title='bbox 2148 1900 2338 1973; x_wconf 84' lang='grc' dir='ltr'>θερμῷ</span> <span class='ocrx_word' id='word_1_326' title='bbox 2359 1901 2457 1971; x_wconf 85' lang='grc' dir='ltr'>τῆς</span> <span class='ocrx_word' id='word_1_327' title='bbox 2485 1899 2701 1969; x_wconf 87' lang='grc' dir='ltr'>φύσεως</span> <span class='ocrx_word' id='word_1_328' title='bbox 2731 1897 2941 1968; x_wconf 84' lang='grc' dir='ltr'>κέντρῳ</span> <span class='ocrx_word' id='word_1_329' title='bbox 2971 1896 3106 1967; x_wconf 66' lang='grc' dir='ltr'>πρὸς</span> <span class='ocrx_word' id='word_1_330' title='bbox 3129 1896 3507 1967; x_wconf 80' lang='grc' dir='ltr'>φιλοστοργίαν</span> <span class='ocrx_word' id='word_1_331' title='bbox 3535 1900 3724 1953; x_wconf 79' lang='grc' dir='ltr'>νυσσό-</span> 
     </span>
    </p>
   </div>
   <div class='ocr_carea' id='block_1_45' title="bbox 2150 1985 3721 2064">
    <p class='ocr_par' dir='ltr' id='par_1_45' title="bbox 2150 1985 3721 2064">
     <span class='ocr_line' id='line_1_45' title="bbox 2150 1985 3721 2064; baseline -0.001 -20"><span class='ocrx_word' id='word_1_332' title='bbox 2150 2009 2333 2064; x_wconf 88' lang='grc' dir='ltr'>μενον,</span> <span class='ocrx_word' id='word_1_333' title='bbox 2359 1992 2711 2062; x_wconf 84' lang='grc' dir='ltr'>προτιμῶντα</span> <span class='ocrx_word' id='word_1_334' title='bbox 2735 1990 2778 2043; x_wconf 87' lang='grc' dir='ltr'>δ’</span> <span class='ocrx_word' id='word_1_335' title='bbox 2807 1985 2900 2043; x_wconf 83' lang='grc' dir='ltr'><strong>οὖν</strong></span> <span class='ocrx_word' id='word_1_336' title='bbox 2927 1990 3077 2059; x_wconf 85' lang='grc' dir='ltr'>ὅμως</span> <span class='ocrx_word' id='word_1_337' title='bbox 3100 1989 3159 2041; x_wconf 81' lang='grc' dir='ltr'><strong>τὸ</strong></span> <span class='ocrx_word' id='word_1_338' title='bbox 3188 1988 3252 2040; x_wconf 84' lang='grc' dir='ltr'><strong>ἐκ</strong></span> <span class='ocrx_word' id='word_1_339' title='bbox 3272 1987 3366 2042; x_wconf 86' lang='grc' dir='ltr'><strong>τοῦ</strong></span> <span class='ocrx_word' id='word_1_340' title='bbox 3391 1989 3721 2060; x_wconf 79' lang='grc' dir='ltr'>πράγματος</span> 
     </span>
    </p>
   </div>
   <div class='ocr_carea' id='block_1_46' title="bbox 2149 2080 3722 2154">
    <p class='ocr_par' dir='ltr' id='par_1_46' title="bbox 2149 2080 3722 2154">
     <span class='ocr_line' id='line_1_46' title="bbox 2149 2080 3722 2154; baseline -0.002 -16"><span class='ocrx_word' id='word_1_341' title='bbox 2149 2083 2374 2153; x_wconf 84' lang='grc' dir='ltr'>ἀγαθὸν,</span> <span class='ocrx_word' id='word_1_342' title='bbox 2408 2083 2538 2137; x_wconf 80' lang='grc' dir='ltr'>αὐτὸ</span> <span class='ocrx_word' id='word_1_343' title='bbox 2560 2082 2625 2154; x_wconf 79' lang='grc' dir='ltr'>δὴ</span> <span class='ocrx_word' id='word_1_344' title='bbox 2651 2082 2814 2136; x_wconf 87' lang='grc' dir='ltr'>πάλιν</span> <span class='ocrx_word' id='word_1_345' title='bbox 2842 2082 2975 2153; x_wconf 82' lang='grc' dir='ltr'>ἡμῖν</span> <span class='ocrx_word' id='word_1_346' title='bbox 2995 2082 3090 2135; x_wconf 73' lang='grc' dir='ltr'>καὶ</span> <span class='ocrx_word' id='word_1_347' title='bbox 3113 2080 3322 2153; x_wconf 85' lang='grc' dir='ltr'>σφόδρα</span> <span class='ocrx_word' id='word_1_348' title='bbox 3334 2082 3517 2153; x_wconf 86' lang='grc' dir='ltr'>σαφῶς</span> <span class='ocrx_word' id='word_1_349' title='bbox 3543 2084 3722 2135; x_wconf 81' lang='grc' dir='ltr'>ἐκεῖνο</span> 
     </span>
    </p>
   </div>
   <div class='ocr_carea' id='block_1_47' title="bbox 2146 2171 3722 2245">
    <p class='ocr_par' dir='ltr' id='par_1_47' title="bbox 2146 2171 3722 2245">
     <span class='ocr_line' id='line_1_47' title="bbox 2146 2171 3722 2245; baseline -0.001 -18"><span class='ocrx_word' id='word_1_350' title='bbox 2146 2174 2296 2245; x_wconf 82' lang='grc' dir='ltr'>δηλοῖ</span> <span class='ocrx_word' id='word_1_351' title='bbox 2325 2172 2387 2226; x_wconf 82' lang='grc' dir='ltr'>τὸ</span> <span class='ocrx_word' id='word_1_352' title='bbox 2421 2172 2570 2244; x_wconf 85' lang='grc' dir='ltr'>παρὰ</span> <span class='ocrx_word' id='word_1_353' title='bbox 2595 2172 2691 2227; x_wconf 87' lang='grc' dir='ltr'><strong>τοῦ</strong></span> <span class='ocrx_word' id='word_1_354' title='bbox 2715 2171 2968 2243; x_wconf 86' lang='grc' dir='ltr'>Σωτῆρος</span> <span class='ocrx_word' id='word_1_355' title='bbox 2996 2172 3284 2244; x_wconf 75' lang='grc' dir='ltr'>εἰρημένον</span> <span class='ocrx_word' id='word_1_356' title='bbox 3306 2211 3322 2237; x_wconf 89' lang='grc'><strong>,</strong></span> <span class='ocrx_word' id='word_1_357' title='bbox 3361 2190 3380 2223; x_wconf 77' lang='grc' dir='ltr'><strong>ι</strong></span> <span class='ocrx_word' id='word_1_358' title='bbox 3426 2172 3581 2226; x_wconf 79' lang='grc' dir='ltr'>Οὕτω</span> <span class='ocrx_word' id='word_1_359' title='bbox 3608 2173 3722 2245; x_wconf 84' lang='grc' dir='ltr'>γὰρ</span> 
     </span>
    </p>
   </div>
   <div class='ocr_carea' id='block_1_48' title="bbox 2147 2262 3721 2338">
    <p class='ocr_par' dir='ltr' id='par_1_48' title="bbox 2147 2262 3721 2338">
     <span class='ocr_line' id='line_1_48' title="bbox 2147 2262 3721 2338; baseline -0.001 -19"><span class='ocrx_word' id='word_1_360' title='bbox 2147 2266 2435 2338; x_wconf 86' lang='grc' dir='ltr'>ήγάπησεν</span> <span class='ocrx_word' id='word_1_361' title='bbox 2453 2266 2481 2317; x_wconf 87' lang='grc' dir='ltr'><strong>ὁ</strong></span> <span class='ocrx_word' id='word_1_362' title='bbox 2504 2264 2639 2328; x_wconf 84' lang='grc' dir='ltr'>Θεὸς</span> <span class='ocrx_word' id='word_1_363' title='bbox 2666 2264 2759 2317; x_wconf 86' lang='grc' dir='ltr'><strong>τὸν</strong></span> <span class='ocrx_word' id='word_1_364' title='bbox 2795 2264 3018 2334; x_wconf 78' lang='grc' dir='ltr'>κόσμον,</span> <span class='ocrx_word' id='word_1_365' title='bbox 3044 2262 3120 2326; x_wconf 84' lang='grc' dir='ltr'>ὡς</span> <span class='ocrx_word' id='word_1_366' title='bbox 3140 2263 3232 2317; x_wconf 82' lang='grc' dir='ltr'>τὸν</span> <span class='ocrx_word' id='word_1_367' title='bbox 3262 2262 3390 2317; x_wconf 81' lang='grc' dir='ltr'>Υίὺν</span> <span class='ocrx_word' id='word_1_368' title='bbox 3423 2263 3584 2317; x_wconf 83' lang='grc' dir='ltr'>αὑτοῦ</span> <span class='ocrx_word' id='word_1_369' title='bbox 3625 2264 3721 2318; x_wconf 87' lang='grc' dir='ltr'><strong>τὸν</strong></span> 
     </span>
    </p>
   </div>
   <div class='ocr_carea' id='block_1_49' title="bbox 2151 2351 3719 2426">
    <p class='ocr_par' dir='ltr' id='par_1_49' title="bbox 2151 2351 3719 2426">
     <span class='ocr_line' id='line_1_49' title="bbox 2151 2351 3719 2426; baseline -0.002 -18"><span class='ocrx_word' id='word_1_370' title='bbox 2151 2354 2413 2426; x_wconf 87' lang='grc' dir='ltr'>μονογενῆ</span> <span class='ocrx_word' id='word_1_371' title='bbox 2438 2353 2658 2419; x_wconf 78' lang='grc' dir='ltr'>ἔδωκεν,</span> <span class='ocrx_word' id='word_1_372' title='bbox 2684 2353 2772 2407; x_wconf 70' lang='lat' dir='ltr'><strong>Na.</strong></span> <span class='ocrx_word' id='word_1_373' title='bbox 2809 2354 2917 2416; x_wconf 77' lang='grc' dir='ltr'><strong>πᾶς</strong></span> <span class='ocrx_word' id='word_1_374' title='bbox 2953 2354 2981 2405; x_wconf 88' lang='grc' dir='ltr'>ὁ</span> <span class='ocrx_word' id='word_1_375' title='bbox 3006 2351 3278 2406; x_wconf 86' lang='grc' dir='ltr'>πιστεύων</span> <span class='ocrx_word' id='word_1_376' title='bbox 3302 2354 3383 2417; x_wconf 85' lang='grc' dir='ltr'><strong>είς</strong></span> <span class='ocrx_word' id='word_1_377' title='bbox 3419 2353 3603 2420; x_wconf 81' lang='grc' dir='ltr'>αὐτὸν,</span> <span class='ocrx_word' id='word_1_378' title='bbox 3639 2354 3719 2425; x_wconf 80' lang='grc' dir='ltr'>μὴ</span> 
     </span>
    </p>
   </div>
   <div class='ocr_carea' id='block_1_50' title="bbox 2146 2442 3719 2516">
    <p class='ocr_par' dir='ltr' id='par_1_50' title="bbox 2146 2442 3719 2516">
     <span class='ocr_line' id='line_1_50' title="bbox 2146 2442 3719 2516; baseline -0.001 -18"><span class='ocrx_word' id='word_1_379' title='bbox 2146 2446 2433 2515; x_wconf 83' lang='grc' dir='ltr'>ἀπόληται,</span> <span class='ocrx_word' id='word_1_380' title='bbox 2462 2443 2577 2497; x_wconf 86' lang='grc' dir='ltr'>ἀλλ’</span> <span class='ocrx_word' id='word_1_381' title='bbox 2619 2443 2733 2515; x_wconf 75' lang='grc' dir='ltr'>ἔχει</span> <span class='ocrx_word' id='word_1_382' title='bbox 2767 2443 2910 2515; x_wconf 76' lang='grc' dir='ltr'>ζωήν</span> <span class='ocrx_word' id='word_1_383' title='bbox 2952 2442 3187 2498; x_wconf 77' lang='grc' dir='ltr'>αἰώνιον.</span> <span class='ocrx_word' id='word_1_384' title='bbox 3227 2461 3246 2494; x_wconf 75' lang='grc' dir='ltr'><strong>ι</strong></span> <span class='ocrx_word' id='word_1_385' title='bbox 3288 2444 3352 2496; x_wconf 85' lang='grc' dir='ltr'>Εί</span> <span class='ocrx_word' id='word_1_386' title='bbox 3375 2443 3485 2515; x_wconf 82' lang='grc' dir='ltr'>γὰρ</span> <span class='ocrx_word' id='word_1_387' title='bbox 3513 2445 3621 2516; x_wconf 81' lang='grc' dir='ltr'>χρή</span> <span class='ocrx_word' id='word_1_388' title='bbox 3662 2462 3719 2497; x_wconf 88' lang='grc' dir='ltr'><strong>τι</strong></span> 
     </span>
    </p>
   </div>
   <div class='ocr_carea' id='block_1_51' title="bbox 2148 2533 3719 2607">
    <p class='ocr_par' dir='ltr' id='par_1_51' title="bbox 2148 2533 3719 2607">
     <span class='ocr_line' id='line_1_51' title="bbox 2148 2533 3719 2607; baseline -0.001 -17"><span class='ocrx_word' id='word_1_389' title='bbox 2148 2537 2241 2590; x_wconf 74' lang='grc' dir='ltr'>καὶ</span> <span class='ocrx_word' id='word_1_390' title='bbox 2289 2535 2625 2607; x_wconf 85' lang='grc' dir='ltr'>ἀνθρώπινον</span> <span class='ocrx_word' id='word_1_391' title='bbox 2663 2536 2837 2589; x_wconf 83' lang='grc' dir='ltr'>είπετν</span> <span class='ocrx_word' id='word_1_392' title='bbox 2880 2537 2959 2599; x_wconf 91' lang='grc' dir='ltr'><strong>είς</strong></span> <span class='ocrx_word' id='word_1_393' title='bbox 3002 2534 3278 2599; x_wconf 81' lang='grc' dir='ltr'>ἀπόδειξιν</span> <span class='ocrx_word' id='word_1_394' title='bbox 3317 2533 3412 2587; x_wconf 91' lang='grc' dir='ltr'><strong>τοῦ</strong></span> <span class='ocrx_word' id='word_1_395' title='bbox 3448 2537 3719 2606; x_wconf 84' lang='grc' dir='ltr'>νοήματος</span> 
     </span>
    </p>
   </div>
   <div class='ocr_carea' id='block_1_52' title="bbox 2148 2626 3722 2700">
    <p class='ocr_par' dir='ltr' id='par_1_52' title="bbox 2148 2626 3722 2700">
     <span class='ocr_line' id='line_1_52' title="bbox 2148 2626 3722 2700; baseline 0.002 -19"><span class='ocrx_word' id='word_1_396' title='bbox 2148 2629 2373 2700; x_wconf 86' lang='grc' dir='ltr'>ἐναργῆ,</span> <span class='ocrx_word' id='word_1_397' title='bbox 2392 2628 2748 2682; x_wconf 86' lang='grc' dir='ltr'>κατεδάκνετο</span> <span class='ocrx_word' id='word_1_398' title='bbox 2773 2629 2971 2699; x_wconf 77' lang='grc' dir='ltr'>τρόπον</span> <span class='ocrx_word' id='word_1_399' title='bbox 2992 2627 3116 2681; x_wconf 89' lang='grc' dir='ltr'><strong>τινά</strong></span> <span class='ocrx_word' id='word_1_400' title='bbox 3140 2627 3371 2698; x_wconf 81' lang='grc' dir='ltr'>πέμπων</span> <span class='ocrx_word' id='word_1_401' title='bbox 3388 2630 3466 2690; x_wconf 77' lang='grc' dir='ltr'><strong>είς</strong></span> <span class='ocrx_word' id='word_1_402' title='bbox 3486 2626 3722 2684; x_wconf 88' lang='grc' dir='ltr'>θάνατον</span> 
     </span>
    </p>
   </div>
   <div class='ocr_carea' id='block_1_53' title="bbox 2147 2718 3720 2792">
    <p class='ocr_par' dir='ltr' id='par_1_53' title="bbox 2147 2718 3720 2792">
     <span class='ocr_line' id='line_1_53' title="bbox 2147 2718 3720 2792; baseline -0.001 -18"><span class='ocrx_word' id='word_1_403' title='bbox 2147 2721 2213 2774; x_wconf 88' lang='grc' dir='ltr'>δι’</span> <span class='ocrx_word' id='word_1_404' title='bbox 2243 2722 2392 2792; x_wconf 59' lang='lat' dir='ltr'><strong>mla;</strong></span> <span class='ocrx_word' id='word_1_405' title='bbox 2416 2721 2507 2773; x_wconf 88' lang='grc' dir='ltr'><strong>τὸν</strong></span> <span class='ocrx_word' id='word_1_406' title='bbox 2529 2720 2655 2773; x_wconf 83' lang='grc' dir='ltr'>Υίδν</span> <span class='ocrx_word' id='word_1_407' title='bbox 2690 2721 2719 2773; x_wconf 87' lang='grc' dir='ltr'><strong>ὁ</strong></span> <span class='ocrx_word' id='word_1_408' title='bbox 2747 2719 2880 2783; x_wconf 84' lang='grc' dir='ltr'>Θεὸς</span> <span class='ocrx_word' id='word_1_409' title='bbox 2908 2720 3003 2774; x_wconf 76' lang='grc' dir='ltr'>καὶ</span> <span class='ocrx_word' id='word_1_410' title='bbox 3034 2720 3240 2791; x_wconf 73' lang='grc' dir='ltr'>Πατὴρ,</span> <span class='ocrx_word' id='word_1_411' title='bbox 3266 2720 3314 2771; x_wconf 88' lang='grc' dir='ltr'><strong>εί</strong></span> <span class='ocrx_word' id='word_1_412' title='bbox 3335 2718 3427 2771; x_wconf 77' lang='grc' dir='ltr'><strong>καὶ</strong></span> <span class='ocrx_word' id='word_1_413' title='bbox 3453 2718 3570 2789; x_wconf 66' lang='grc' dir='ltr'><strong>⁴ᾔδει</strong></span> <span class='ocrx_word' id='word_1_414' title='bbox 3600 2733 3720 2772; x_wconf 83' lang='grc' dir='ltr'>πει-</span> 
     </span>
    </p>
   </div>
   <div class='ocr_carea' id='block_1_54' title="bbox 2150 2805 3721 2882">
    <p class='ocr_par' dir='ltr' id='par_1_54' title="bbox 2150 2805 3721 2882">
     <span class='ocr_line' id='line_1_54' title="bbox 2150 2805 3721 2882; baseline -0.001 -17"><span class='ocrx_word' id='word_1_415' title='bbox 2150 2814 2377 2882; x_wconf 87' lang='grc' dir='ltr'>σόμενον</span> <span class='ocrx_word' id='word_1_416' title='bbox 2422 2811 2531 2866; x_wconf 89' lang='grc' dir='ltr'><strong>τῶν</strong></span> <span class='ocrx_word' id='word_1_417' title='bbox 2578 2811 2892 2865; x_wconf 88' lang='grc' dir='ltr'>λυπούντων</span> <span class='ocrx_word' id='word_1_418' title='bbox 2929 2810 3084 2866; x_wconf 79' lang='grc' dir='ltr'>οὐδὲν</span> <span class='ocrx_word' id='word_1_419' title='bbox 3110 2851 3126 2876; x_wconf 94' lang='grc'><strong>,</strong></span> <span class='ocrx_word' id='word_1_420' title='bbox 3161 2811 3282 2863; x_wconf 79' lang='grc' dir='ltr'>ἐπεὶ</span> <span class='ocrx_word' id='word_1_421' title='bbox 3322 2810 3418 2863; x_wconf 59' lang='grc' dir='ltr'><strong>καὶ⁸</strong></span> <span class='ocrx_word' id='word_1_422' title='bbox 3457 2810 3616 2872; x_wconf 79' lang='grc' dir='ltr'>αὐτὸς</span> <span class='ocrx_word' id='word_1_423' title='bbox 3648 2805 3721 2881; x_wconf 74' lang='grc' dir='ltr'>ἦν</span> 
     </span>
    </p>
   </div>
   <div class='ocr_carea' id='block_1_55' title="bbox 2148 2898 3719 2975">
    <p class='ocr_par' dir='ltr' id='par_1_55' title="bbox 2148 2898 3719 2975">
     <span class='ocr_line' id='line_1_55' title="bbox 2148 2898 3719 2975; baseline -0.001 -18"><span class='ocrx_word' id='word_1_424' title='bbox 2148 2903 2367 2975; x_wconf 78' lang='grc' dir='ltr'>ἀπαθής</span> <span class='ocrx_word' id='word_1_425' title='bbox 2394 2903 2471 2966; x_wconf 86' lang='grc' dir='ltr'>ὠς</span> <span class='ocrx_word' id='word_1_426' title='bbox 2507 2902 2661 2966; x_wconf 86' lang='grc' dir='ltr'>Θεός.</span> <span class='ocrx_word' id='word_1_427' title='bbox 2703 2903 2892 2973; x_wconf 87' lang='grc' dir='ltr'>Ὀμως</span> <span class='ocrx_word' id='word_1_428' title='bbox 2932 2903 2977 2955; x_wconf 87' lang='grc' dir='ltr'>δ’</span> <span class='ocrx_word' id='word_1_429' title='bbox 3016 2898 3109 2956; x_wconf 80' lang='grc' dir='ltr'>οὖν</span> <span class='ocrx_word' id='word_1_430' title='bbox 3150 2902 3211 2956; x_wconf 82' lang='grc' dir='ltr'>τὸ</span> <span class='ocrx_word' id='word_1_431' title='bbox 3248 2902 3312 2955; x_wconf 78' lang='grc' dir='ltr'><strong>ἐκ</strong></span> <span class='ocrx_word' id='word_1_432' title='bbox 3348 2900 3444 2955; x_wconf 81' lang='grc' dir='ltr'><strong>τοῦ</strong></span> <span class='ocrx_word' id='word_1_433' title='bbox 3485 2902 3719 2957; x_wconf 79' lang='grc' dir='ltr'>θανάτου</span> 
     </span>
    </p>
   </div>
   <div class='ocr_carea' id='block_1_56' title="bbox 460 2987 2045 3072">
    <p class='ocr_par' dir='ltr' id='par_1_56' title="bbox 460 2992 2039 3072">
     <span class='ocr_line' id='line_1_56' title="bbox 460 2992 2039 3072; baseline -0.006 -16"><span class='ocrx_word' id='word_1_434' title='bbox 460 3014 769 3072; x_wconf 89' lang='lat' dir='ltr'><strong>passurum,</strong></span> <span class='ocrx_word' id='word_1_435' title='bbox 813 2996 1259 3069; x_wconf 89' lang='lat' dir='ltr'><strong>quandoquidem</strong></span> <span class='ocrx_word' id='word_1_436' title='bbox 1291 2995 1457 3052; x_wconf 88' lang='lat' dir='ltr'><strong>etiam</strong></span> <span class='ocrx_word' id='word_1_437' title='bbox 1488 2994 1606 3064; x_wconf 88' lang='lat' dir='ltr'><strong>ipse</strong></span> <span class='ocrx_word' id='word_1_438' title='bbox 1629 3002 1750 3049; x_wconf 92' lang='lat' dir='ltr'><strong>erat</strong></span> <span class='ocrx_word' id='word_1_439' title='bbox 1782 2992 2039 3062; x_wconf 86' lang='lat' dir='ltr'><strong>imp’assi-</strong></span> 
     </span>
    </p>
   </div>
   <div class='ocr_carea' id='block_1_57' title="bbox 2144 2987 3722 3072">
    <p class='ocr_par' dir='ltr' id='par_1_57' title="bbox 2144 2992 3722 3066">
     <span class='ocr_line' id='line_1_57' title="bbox 2144 2992 3722 3066; baseline -0.001 -18"><span class='ocrx_word' id='word_1_440' title='bbox 2144 2996 2413 3066; x_wconf 87' lang='grc' dir='ltr'>χρήσιμον</span> <span class='ocrx_word' id='word_1_441' title='bbox 2445 2994 2663 3060; x_wconf 89' lang='grc' dir='ltr'>ἐννοῶν,</span> <span class='ocrx_word' id='word_1_442' title='bbox 2697 2995 2794 3063; x_wconf 82' lang='grc' dir='ltr'><strong>τήν</strong></span> <span class='ocrx_word' id='word_1_443' title='bbox 2823 2994 3099 3063; x_wconf 83' lang='grc' dir='ltr'>ἀπάντων,</span> <span class='ocrx_word' id='word_1_444' title='bbox 3130 2993 3296 3065; x_wconf 70' lang='grc' dir='ltr'>φημὶ,</span> <span class='ocrx_word' id='word_1_445' title='bbox 3329 2992 3601 3065; x_wconf 83' lang='grc' dir='ltr'>σωτηρίαν</span> <span class='ocrx_word' id='word_1_446' title='bbox 3625 2997 3722 3049; x_wconf 75' lang='grc' dir='ltr'>καὶ</span> 
     </span>
    </p>
   </div>
   <div class='ocr_carea' id='block_1_58' title="bbox 457 3084 2042 3153">
    <p class='ocr_par' dir='ltr' id='par_1_58' title="bbox 457 3084 2042 3153">
     <span class='ocr_line' id='line_1_58' title="bbox 457 3084 2042 3153; baseline -0.006 -7"><span class='ocrx_word' id='word_1_447' title='bbox 457 3091 590 3146; x_wconf 86' lang='lat' dir='ltr'><strong>bilis</strong></span> <span class='ocrx_word' id='word_1_448' title='bbox 632 3099 694 3145; x_wconf 94' lang='lat' dir='ltr'><strong>ut</strong></span> <span class='ocrx_word' id='word_1_449' title='bbox 734 3090 900 3145; x_wconf 89' lang='lat' dir='ltr'><strong>Deus.</strong></span> <span class='ocrx_word' id='word_1_450' title='bbox 949 3088 1343 3143; x_wconf 74' lang='lat' dir='ltr'><strong>Verumtamen</strong></span> <span class='ocrx_word' id='word_1_451' title='bbox 1376 3102 1500 3140; x_wconf 90' lang='lat' dir='ltr'><strong>cum</strong></span> <span class='ocrx_word' id='word_1_452' title='bbox 1535 3085 1865 3153; x_wconf 81' lang='lat' dir='ltr'><strong>intelligeret</strong></span> <span class='ocrx_word' id='word_1_453' title='bbox 1888 3084 2042 3137; x_wconf 89' lang='lat' dir='ltr'><strong>utili-</strong></span> 
     </span>
    </p>
   </div>
   <div class='ocr_carea' id='block_1_59' title="bbox 461 3175 2043 3251">
    <p class='ocr_par' dir='ltr' id='par_1_59' title="bbox 461 3175 2043 3251">
     <span class='ocr_line' id='line_1_59' title="bbox 461 3175 2043 3251; baseline -0.003 -16"><span class='ocrx_word' id='word_1_454' title='bbox 461 3191 626 3236; x_wconf 84' lang='lat' dir='ltr'><strong>tatem</strong></span> <span class='ocrx_word' id='word_1_455' title='bbox 664 3197 786 3251; x_wconf 69' lang='lat' dir='ltr'><strong>qua:</strong></span> <span class='ocrx_word' id='word_1_456' title='bbox 825 3196 893 3235; x_wconf 82' lang='lat' dir='ltr'><strong>ex</strong></span> <span class='ocrx_word' id='word_1_457' title='bbox 917 3179 1037 3249; x_wconf 86' lang='lat' dir='ltr'><strong>ejus</strong></span> <span class='ocrx_word' id='word_1_458' title='bbox 1063 3186 1236 3231; x_wconf 89' lang='lat' dir='ltr'><strong>morte</strong></span> <span class='ocrx_word' id='word_1_459' title='bbox 1266 3183 1533 3240; x_wconf 88' lang='lat' dir='ltr'><strong>manaret,</strong></span> <span class='ocrx_word' id='word_1_460' title='bbox 1571 3175 1817 3229; x_wconf 90' lang='lat' dir='ltr'><strong>omnium</strong></span> <span class='ocrx_word' id='word_1_461' title='bbox 1846 3190 2043 3245; x_wconf 88' lang='lat' dir='ltr'><strong>nempe</strong></span> 
     </span>
    </p>
   </div>
   <div class='ocr_carea' id='block_1_60' title="bbox 459 3265 2044 3338">
    <p class='ocr_par' dir='ltr' id='par_1_60' title="bbox 459 3265 2044 3338">
     <span class='ocr_line' id='line_1_60' title="bbox 459 3265 2044 3338; baseline -0.004 -13"><span class='ocrx_word' id='word_1_462' title='bbox 459 3274 607 3326; x_wconf 88' lang='lat' dir='ltr'><strong>salus</strong></span> <span class='ocrx_word' id='word_1_463' title='bbox 641 3286 706 3324; x_wconf 93' lang='lat' dir='ltr'><strong>ac</strong></span> <span class='ocrx_word' id='word_1_464' title='bbox 748 3269 880 3335; x_wconf 81' lang='lat' dir='ltr'><strong>vita,</strong></span> <span class='ocrx_word' id='word_1_465' title='bbox 917 3267 1336 3338; x_wconf 83' lang='lat' dir='ltr'><strong>indulgentiam,</strong></span> <span class='ocrx_word' id='word_1_466' title='bbox 1365 3281 1487 3336; x_wconf 68' lang='lat' dir='ltr'><strong>qua:</strong></span> <span class='ocrx_word' id='word_1_467' title='bbox 1516 3265 1662 3320; x_wconf 90' lang='lat' dir='ltr'><strong>Patri</strong></span> <span class='ocrx_word' id='word_1_468' title='bbox 1691 3266 1966 3331; x_wconf 90' lang='lat' dir='ltr'><strong>convenit,</strong></span> <span class='ocrx_word' id='word_1_469' title='bbox 1991 3265 2044 3321; x_wconf 91' lang='lat' dir='ltr'><strong>ei</strong></span> 
     </span>
    </p>
   </div>
   <div class='ocr_carea' id='block_1_61' title="bbox 459 3356 2042 3438">
    <p class='ocr_par' dir='ltr' id='par_1_61' title="bbox 459 3356 2042 3438">
     <span class='ocr_line' id='line_1_61' title="bbox 459 3356 2042 3438; baseline -0.003 -23"><span class='ocrx_word' id='word_1_470' title='bbox 459 3359 799 3438; x_wconf 76' lang='lat' dir='ltr'><strong>postliahuit.</strong></span> <span class='ocrx_word' id='word_1_471' title='bbox 849 3358 1120 3425; x_wconf 82' lang='lat' dir='ltr'><strong>Quocirca</strong></span> <span class='ocrx_word' id='word_1_472' title='bbox 1150 3358 1316 3412; x_wconf 85' lang='lat' dir='ltr'><strong>etiam</strong></span> <span class='ocrx_word' id='word_1_473' title='bbox 1360 3357 1562 3411; x_wconf 84' lang='lat' dir='ltr'><strong>Paulus</strong></span> <span class='ocrx_word' id='word_1_474' title='bbox 1598 3357 1777 3427; x_wconf 86' lang='lat' dir='ltr'><strong>ipsum</strong></span> <span class='ocrx_word' id='word_1_475' title='bbox 1804 3356 2042 3411; x_wconf 89' lang='lat' dir='ltr'><strong>admira-</strong></span> 
     </span>
    </p>
   </div>
   <div class='ocr_carea' id='block_1_62' title="bbox 462 3448 2040 3520">
    <p class='ocr_par' dir='ltr' id='par_1_62' title="bbox 462 3448 2040 3520">
     <span class='ocr_line' id='line_1_62' title="bbox 462 3448 2040 3520; baseline -0.001 -17"><span class='ocrx_word' id='word_1_476' title='bbox 462 3464 553 3508; x_wconf 79' lang='lat' dir='ltr'><strong>tus</strong></span> <span class='ocrx_word' id='word_1_477' title='bbox 592 3461 699 3516; x_wconf 91' lang='lat' dir='ltr'><strong>est,</strong></span> <span class='ocrx_word' id='word_1_478' title='bbox 749 3451 977 3506; x_wconf 88' lang='lat' dir='ltr'><strong>dicens:</strong></span> <span class='ocrx_word' id='word_1_479' title='bbox 1007 3469 1025 3502; x_wconf 81' lang='grc' dir='ltr'><strong>ι</strong></span> <span class='ocrx_word' id='word_1_480' title='bbox 1052 3450 1156 3516; x_wconf 88' lang='lat' dir='ltr'><strong>Qui</strong></span> <span class='ocrx_word' id='word_1_481' title='bbox 1189 3448 1415 3520; x_wconf 88' lang='lat' dir='ltr'><strong>proprio</strong></span> <span class='ocrx_word' id='word_1_482' title='bbox 1456 3449 1594 3503; x_wconf 89' lang='lat' dir='ltr'><strong>Filio</strong></span> <span class='ocrx_word' id='word_1_483' title='bbox 1632 3465 1743 3503; x_wconf 89' lang='lat' dir='ltr'><strong>non</strong></span> <span class='ocrx_word' id='word_1_484' title='bbox 1772 3448 2040 3519; x_wconf 87' lang='lat' dir='ltr'><strong>pepercit,</strong></span> 
     </span>
    </p>
   </div>
   <div class='ocr_carea' id='block_1_63' title="bbox 458 3538 2042 3610">
    <p class='ocr_par' dir='ltr' id='par_1_63' title="bbox 458 3538 2042 3610">
     <span class='ocr_line' id='line_1_63' title="bbox 458 3538 2042 3610; baseline 0 -17"><span class='ocrx_word' id='word_1_485' title='bbox 458 3541 561 3595; x_wconf 75' lang='lat' dir='ltr'><strong>sed</strong></span> <span class='ocrx_word' id='word_1_486' title='bbox 612 3556 713 3610; x_wconf 91' lang='lat' dir='ltr'><strong>pro</strong></span> <span class='ocrx_word' id='word_1_487' title='bbox 757 3540 920 3594; x_wconf 84' lang='lat' dir='ltr'><strong>nobis</strong></span> <span class='ocrx_word' id='word_1_488' title='bbox 970 3540 1233 3594; x_wconf 87' lang='lat' dir='ltr'><strong>omnibus</strong></span> <span class='ocrx_word' id='word_1_489' title='bbox 1292 3538 1518 3593; x_wconf 86' lang='lat' dir='ltr'><strong>tradidit</strong></span> <span class='ocrx_word' id='word_1_490' title='bbox 1550 3539 1703 3593; x_wconf 90' lang='lat' dir='ltr'><strong>illum</strong></span> <span class='ocrx_word' id='word_1_491' title='bbox 1751 3539 1817 3592; x_wconf 67' lang='grc'><strong>⁸⁵.</strong></span> <span class='ocrx_word' id='word_1_492' title='bbox 1860 3560 1878 3591; x_wconf 74' lang='grc' dir='ltr'><strong>ι</strong></span> <span class='ocrx_word' id='word_1_493' title='bbox 1926 3538 2042 3605; x_wconf 90' lang='lat' dir='ltr'><strong>Qua</strong></span> 
     </span>
    </p>
   </div>
   <div class='ocr_carea' id='block_1_64' title="bbox 460 3632 2045 3702">
    <p class='ocr_par' dir='ltr' id='par_1_64' title="bbox 460 3632 2045 3702">
     <span class='ocr_line' id='line_1_64' title="bbox 460 3632 2045 3702; baseline 0.001 -15"><span class='ocrx_word' id='word_1_494' title='bbox 460 3634 608 3687; x_wconf 91' lang='lat' dir='ltr'><strong>enim</strong></span> <span class='ocrx_word' id='word_1_495' title='bbox 652 3633 710 3687; x_wconf 92' lang='lat' dir='ltr'><strong>in</strong></span> <span class='ocrx_word' id='word_1_496' title='bbox 754 3647 816 3688; x_wconf 88' lang='lat' dir='ltr'><strong>re</strong></span> <span class='ocrx_word' id='word_1_497' title='bbox 852 3632 1115 3687; x_wconf 90' lang='lat' dir='ltr'><strong>consistat</strong></span> <span class='ocrx_word' id='word_1_498' title='bbox 1153 3632 1478 3685; x_wconf 86' lang='lat' dir='ltr'><strong>miraculum</strong></span> <span class='ocrx_word' id='word_1_499' title='bbox 1514 3632 1736 3697; x_wconf 91' lang='lat' dir='ltr'><strong>amoris,</strong></span> <span class='ocrx_word' id='word_1_500' title='bbox 1762 3648 1872 3702; x_wconf 93' lang='lat' dir='ltr'><strong>quo</strong></span> <span class='ocrx_word' id='word_1_501' title='bbox 1899 3632 2045 3688; x_wconf 89' lang='lat' dir='ltr'><strong>Deus</strong></span> 
     </span>
    </p>
   </div>
   <div class='ocr_carea' id='block_1_65' title="bbox 460 3723 2043 3795">
    <p class='ocr_par' dir='ltr' id='par_1_65' title="bbox 460 3723 2043 3795">
     <span class='ocr_line' id='line_1_65' title="bbox 460 3723 2043 3795; baseline -0.002 -15"><span class='ocrx_word' id='word_1_502' title='bbox 460 3741 525 3780; x_wconf 89' lang='lat' dir='ltr'><strong>ac</strong></span> <span class='ocrx_word' id='word_1_503' title='bbox 553 3726 715 3780; x_wconf 86' lang='lat' dir='ltr'><strong>Pater</strong></span> <span class='ocrx_word' id='word_1_504' title='bbox 736 3739 837 3779; x_wconf 92' lang='lat' dir='ltr'><strong>nos</strong></span> <span class='ocrx_word' id='word_1_505' title='bbox 854 3733 938 3779; x_wconf 90' lang='lat' dir='ltr'><strong>est</strong></span> <span class='ocrx_word' id='word_1_506' title='bbox 960 3732 1303 3795; x_wconf 74' lang='lat' dir='ltr'><strong>prosecutus,</strong></span> <span class='ocrx_word' id='word_1_507' title='bbox 1333 3724 1438 3779; x_wconf 90' lang='lat' dir='ltr'><strong>nisi</strong></span> <span class='ocrx_word' id='word_1_508' title='bbox 1462 3724 1609 3794; x_wconf 88' lang='lat' dir='ltr'><strong>quod</strong></span> <span class='ocrx_word' id='word_1_509' title='bbox 1634 3724 1854 3795; x_wconf 90' lang='lat' dir='ltr'><strong>aliquod</strong></span> <span class='ocrx_word' id='word_1_510' title='bbox 1878 3723 2043 3779; x_wconf 90' lang='lat' dir='ltr'><strong>etiam</strong></span> 
     </span>
    </p>
   </div>
   <div class='ocr_carea' id='block_1_66' title="bbox 462 3814 2045 3886">
    <p class='ocr_par' dir='ltr' id='par_1_66' title="bbox 462 3814 2045 3886">
     <span class='ocr_line' id='line_1_66' title="bbox 462 3814 2045 3886; baseline 0 -17"><span class='ocrx_word' id='word_1_511' title='bbox 462 3826 660 3886; x_wconf 57' lang='lat' dir='ltr'><strong>prater</strong></span> <span class='ocrx_word' id='word_1_512' title='bbox 687 3815 1024 3870; x_wconf 84' lang='lat' dir='ltr'><strong>voluntatem</strong></span> <span class='ocrx_word' id='word_1_513' title='bbox 1047 3815 1373 3869; x_wconf 87' lang='lat' dir='ltr'><strong>sustinuisse</strong></span> <span class='ocrx_word' id='word_1_514' title='bbox 1405 3814 1557 3870; x_wconf 87' lang='lat' dir='ltr'><strong>visus</strong></span> <span class='ocrx_word' id='word_1_515' title='bbox 1579 3815 1671 3880; x_wconf 88' lang='lat' dir='ltr'><strong>sit,</strong></span> <span class='ocrx_word' id='word_1_516' title='bbox 1697 3814 1919 3869; x_wconf 86' lang='lat' dir='ltr'><strong>tradens</strong></span> <span class='ocrx_word' id='word_1_517' title='bbox 1943 3831 2045 3884; x_wconf 87' lang='lat' dir='ltr'><strong>pro</strong></span> 
     </span>
    </p>
   </div>
   <div class='ocr_carea' id='block_1_67' title="bbox 462 3903 2045 3975">
    <p class='ocr_par' dir='ltr' id='par_1_67' title="bbox 462 3903 2045 3975">
     <span class='ocr_line' id='line_1_67' title="bbox 462 3903 2045 3975; baseline -0.001 -16"><span class='ocrx_word' id='word_1_518' title='bbox 462 3906 621 3961; x_wconf 89' lang='lat' dir='ltr'><strong>nobis</strong></span> <span class='ocrx_word' id='word_1_519' title='bbox 653 3905 851 3960; x_wconf 85' lang='lat' dir='ltr'><strong>Filium</strong></span> <span class='ocrx_word' id='word_1_520' title='bbox 891 3904 1098 3959; x_wconf 87' lang='lat' dir='ltr'><strong>suum?</strong></span> <span class='ocrx_word' id='word_1_521' title='bbox 1143 3904 1273 3959; x_wconf 88' lang='lat' dir='ltr'><strong>Tale</strong></span> <span class='ocrx_word' id='word_1_522' title='bbox 1300 3905 1447 3959; x_wconf 90' lang='lat' dir='ltr'><strong>enim</strong></span> <span class='ocrx_word' id='word_1_523' title='bbox 1486 3904 1619 3975; x_wconf 90' lang='lat' dir='ltr'><strong>quid</strong></span> <span class='ocrx_word' id='word_1_524' title='bbox 1661 3905 1821 3958; x_wconf 86' lang='lat' dir='ltr'><strong>nobis</strong></span> <span class='ocrx_word' id='word_1_525' title='bbox 1863 3903 2045 3957; x_wconf 91' lang='lat' dir='ltr'><strong>innuit</strong></span> 
     </span>
    </p>
   </div>
   <div class='ocr_carea' id='block_1_68' title="bbox 460 3996 2042 4068">
    <p class='ocr_par' dir='ltr' id='par_1_68' title="bbox 460 3996 2042 4068">
     <span class='ocr_line' id='line_1_68' title="bbox 460 3996 2042 4068; baseline -0.001 -15"><span class='ocrx_word' id='word_1_526' title='bbox 460 3999 663 4054; x_wconf 87' lang='lat' dir='ltr'><strong>Paulus</strong></span> <span class='ocrx_word' id='word_1_527' title='bbox 690 3997 880 4054; x_wconf 89' lang='lat' dir='ltr'><strong>dicens</strong></span> <span class='ocrx_word' id='word_1_528' title='bbox 901 3997 1037 4053; x_wconf 91' lang='lat' dir='ltr'><strong>illud</strong></span> <span class='ocrx_word' id='word_1_529' title='bbox 1071 4014 1084 4050; x_wconf 90' lang='lat'><strong>:</strong></span> <span class='ocrx_word' id='word_1_530' title='bbox 1114 4015 1132 4049; x_wconf 74' lang='grc' dir='ltr'><strong>ι</strong></span> <span class='ocrx_word' id='word_1_531' title='bbox 1164 3998 1284 4053; x_wconf 86' lang='grc' dir='ltr'>Νοιι</span> <span class='ocrx_word' id='word_1_532' title='bbox 1312 3997 1579 4068; x_wconf 86' lang='lat' dir='ltr'><strong>pepercit,</strong></span> <span class='ocrx_word' id='word_1_533' title='bbox 1613 4015 1631 4049; x_wconf 83' lang='grc'><strong>›</strong></span> <span class='ocrx_word' id='word_1_534' title='bbox 1665 3996 1813 4067; x_wconf 85' lang='lat' dir='ltr'><strong>quod</strong></span> <span class='ocrx_word' id='word_1_535' title='bbox 1836 4011 2042 4065; x_wconf 88' lang='lat' dir='ltr'><strong>nequa-</strong></span> 
     </span>
    </p>
   </div>
   <div class='ocr_carea' id='block_1_69' title="bbox 461 4085 2042 4161">
    <p class='ocr_par' dir='ltr' id='par_1_69' title="bbox 461 4085 2042 4161">
     <span class='ocr_line' id='line_1_69' title="bbox 461 4085 2042 4161; baseline -0.004 -14"><span class='ocrx_word' id='word_1_536' title='bbox 461 4107 625 4161; x_wconf 72' lang='lat' dir='ltr'><strong>quam</strong></span> <span class='ocrx_word' id='word_1_537' title='bbox 664 4091 733 4146; x_wconf 91' lang='lat' dir='ltr'><strong>de</strong></span> <span class='ocrx_word' id='word_1_538' title='bbox 781 4092 851 4145; x_wconf 90' lang='lat' dir='ltr'><strong>iis</strong></span> <span class='ocrx_word' id='word_1_539' title='bbox 890 4106 1011 4161; x_wconf 69' lang='lat' dir='ltr'><strong>quae</strong></span> <span class='ocrx_word' id='word_1_540' title='bbox 1052 4091 1278 4146; x_wconf 76' lang='lat' dir='ltr'><strong>fortuito</strong></span> <span class='ocrx_word' id='word_1_541' title='bbox 1312 4089 1568 4144; x_wconf 77' lang='lat' dir='ltr'><strong>accidunt</strong></span> <span class='ocrx_word' id='word_1_542' title='bbox 1588 4088 1822 4151; x_wconf 88' lang='lat' dir='ltr'><strong>dicatur,</strong></span> <span class='ocrx_word' id='word_1_543' title='bbox 1858 4087 1952 4142; x_wconf 88' lang='lat' dir='ltr'><strong>sed</strong></span> <span class='ocrx_word' id='word_1_544' title='bbox 1975 4085 2042 4141; x_wconf 91' lang='lat' dir='ltr'><strong>de</strong></span> 
     </span>
    </p>
   </div>
   <div class='ocr_carea' id='block_1_70' title="bbox 463 4179 2037 4249">
    <p class='ocr_par' dir='ltr' id='par_1_70' title="bbox 463 4179 2037 4249">
     <span class='ocr_line' id='line_1_70' title="bbox 463 4179 2037 4249; baseline -0.003 -14"><span class='ocrx_word' id='word_1_545' title='bbox 463 4182 532 4235; x_wconf 89' lang='lat' dir='ltr'><strong>iis</strong></span> <span class='ocrx_word' id='word_1_546' title='bbox 597 4187 831 4243; x_wconf 88' lang='lat' dir='ltr'><strong>tantum,</strong></span> <span class='ocrx_word' id='word_1_547' title='bbox 886 4180 979 4248; x_wconf 89' lang='lat' dir='ltr'><strong>qui</strong></span> <span class='ocrx_word' id='word_1_548' title='bbox 1037 4194 1286 4249; x_wconf 83' lang='lat' dir='ltr'><strong>magnam</strong></span> <span class='ocrx_word' id='word_1_549' title='bbox 1340 4179 1579 4247; x_wconf 83' lang='lat' dir='ltr'><strong>aliquam</strong></span> <span class='ocrx_word' id='word_1_550' title='bbox 1633 4194 1749 4231; x_wconf 89' lang='lat' dir='ltr'><strong>rem</strong></span> <span class='ocrx_word' id='word_1_551' title='bbox 1800 4186 2037 4247; x_wconf 87' lang='lat' dir='ltr'><strong>patrant,</strong></span> 
     </span>
    </p>
   </div>
   <div class='ocr_carea' id='block_1_71' title="bbox 463 4267 2038 4340">
    <p class='ocr_par' dir='ltr' id='par_1_71' title="bbox 463 4267 2038 4340">
     <span class='ocr_line' id='line_1_71' title="bbox 463 4267 2038 4340; baseline -0.002 -15"><span class='ocrx_word' id='word_1_552' title='bbox 463 4269 925 4340; x_wconf 90' lang='lat' dir='ltr'><strong>quemadmodum</strong></span> <span class='ocrx_word' id='word_1_553' title='bbox 952 4270 1011 4323; x_wconf 91' lang='lat' dir='ltr'><strong>in</strong></span> <span class='ocrx_word' id='word_1_554' title='bbox 1057 4269 1151 4323; x_wconf 89' lang='lat' dir='ltr'><strong>illo</strong></span> <span class='ocrx_word' id='word_1_555' title='bbox 1176 4286 1188 4321; x_wconf 90' lang='lat'><strong>:</strong></span> <span class='ocrx_word' id='word_1_556' title='bbox 1234 4288 1251 4319; x_wconf 77' lang='grc' dir='ltr'><strong>ι</strong></span> <span class='ocrx_word' id='word_1_557' title='bbox 1282 4267 1565 4321; x_wconf 77' lang='lat' dir='ltr'><strong>Praetende</strong></span> <span class='ocrx_word' id='word_1_558' title='bbox 1593 4267 1866 4320; x_wconf 84' lang='lat' dir='ltr'><strong>funiculos</strong></span> <span class='ocrx_word' id='word_1_559' title='bbox 1896 4277 2038 4331; x_wconf 92' lang='lat' dir='ltr'><strong>tuos,</strong></span> 
     </span>
    </p>
   </div>
   <div class='ocr_carea' id='block_1_72' title="bbox 461 4357 2040 4417">
    <p class='ocr_par' dir='ltr' id='par_1_72' title="bbox 461 4357 2040 4417">
     <span class='ocr_line' id='line_1_72' title="bbox 461 4357 2040 4417; baseline -0.004 0"><span class='ocrx_word' id='word_1_560' title='bbox 461 4371 519 4417; x_wconf 90' lang='lat' dir='ltr'><strong>et</strong></span> <span class='ocrx_word' id='word_1_561' title='bbox 554 4362 738 4417; x_wconf 88' lang='lat' dir='ltr'><strong>clavos</strong></span> <span class='ocrx_word' id='word_1_562' title='bbox 784 4369 909 4415; x_wconf 93' lang='lat' dir='ltr'><strong>tuos</strong></span> <span class='ocrx_word' id='word_1_563' title='bbox 946 4360 1241 4415; x_wconf 86' lang='lat' dir='ltr'><strong>corrobora</strong></span> <span class='ocrx_word' id='word_1_564' title='bbox 1272 4377 1285 4417; x_wconf 86' lang='lat'>;</span> <span class='ocrx_word' id='word_1_565' title='bbox 1323 4358 1504 4413; x_wconf 85' lang='lat' dir='ltr'><strong>adhuc</strong></span> <span class='ocrx_word' id='word_1_566' title='bbox 1539 4359 1592 4412; x_wconf 90' lang='lat' dir='ltr'><strong>in</strong></span> <span class='ocrx_word' id='word_1_567' title='bbox 1641 4357 1883 4411; x_wconf 82' lang='lat' dir='ltr'><strong>dexteris</strong></span> <span class='ocrx_word' id='word_1_568' title='bbox 1905 4366 1960 4411; x_wconf 90' lang='lat' dir='ltr'><strong>et</strong></span> <span class='ocrx_word' id='word_1_569' title='bbox 1985 4358 2040 4411; x_wconf 90' lang='lat' dir='ltr'><strong>in</strong></span> 
     </span>
    </p>
   </div>
   <div class='ocr_carea' id='block_1_73' title="bbox 462 4448 2032 4519">
    <p class='ocr_par' dir='ltr' id='par_1_73' title="bbox 462 4448 2032 4519">
     <span class='ocr_line' id='line_1_73' title="bbox 462 4448 2032 4519; baseline -0.008 -11"><span class='ocrx_word' id='word_1_570' title='bbox 462 4452 706 4509; x_wconf 86' lang='lat' dir='ltr'><strong>sinistris</strong></span> <span class='ocrx_word' id='word_1_571' title='bbox 757 4452 924 4507; x_wconf 90' lang='lat' dir='ltr'><strong>dilata</strong></span> <span class='ocrx_word' id='word_1_572' title='bbox 958 4451 1023 4505; x_wconf 79' lang='grc'><strong>⁸⁸.</strong></span> <span class='ocrx_word' id='word_1_573' title='bbox 1067 4469 1085 4502; x_wconf 73' lang='grc' dir='ltr'><strong>ι</strong></span> <span class='ocrx_word' id='word_1_574' title='bbox 1124 4448 1354 4505; x_wconf 87' lang='lat' dir='ltr'><strong>Itidem:</strong></span> <span class='ocrx_word' id='word_1_575' title='bbox 1397 4468 1414 4499; x_wconf 80' lang='grc' dir='ltr'><strong>ι</strong></span> <span class='ocrx_word' id='word_1_576' title='bbox 1469 4448 1618 4519; x_wconf 83' lang='lat' dir='ltr'><strong>Fige,</strong></span> <span class='ocrx_word' id='word_1_577' title='bbox 1660 4464 1730 4502; x_wconf 89' lang='lat' dir='ltr'><strong>ne</strong></span> <span class='ocrx_word' id='word_1_578' title='bbox 1758 4461 1968 4518; x_wconf 87' lang='lat' dir='ltr'><strong>parcas.</strong></span> <span class='ocrx_word' id='word_1_579' title='bbox 2014 4464 2032 4495; x_wconf 75' lang='grc' dir='ltr'><strong>ι</strong></span> 
     </span>
    </p>
   </div>
   <div class='ocr_carea' id='block_1_74' title="bbox 463 4540 2041 4609">
    <p class='ocr_par' dir='ltr' id='par_1_74' title="bbox 463 4540 2041 4609">
     <span class='ocr_line' id='line_1_74' title="bbox 463 4540 2041 4609; baseline -0.004 -11"><span class='ocrx_word' id='word_1_580' title='bbox 463 4545 530 4600; x_wconf 77' lang='lat' dir='ltr'><strong>Et</strong></span> <span class='ocrx_word' id='word_1_581' title='bbox 563 4559 782 4599; x_wconf 89' lang='lat' dir='ltr'><strong>rursum</strong></span> <span class='ocrx_word' id='word_1_582' title='bbox 810 4561 822 4596; x_wconf 90' lang='lat'><strong>:</strong></span> <span class='ocrx_word' id='word_1_583' title='bbox 868 4543 1078 4598; x_wconf 70' lang='lat' dir='ltr'><strong>«&#39;Salva</strong></span> <span class='ocrx_word' id='word_1_584' title='bbox 1110 4541 1304 4597; x_wconf 91' lang='lat' dir='ltr'><strong>ductos</strong></span> <span class='ocrx_word' id='word_1_585' title='bbox 1335 4541 1402 4595; x_wconf 90' lang='lat' dir='ltr'><strong>ad</strong></span> <span class='ocrx_word' id='word_1_586' title='bbox 1433 4549 1685 4604; x_wconf 88' lang='lat' dir='ltr'><strong>mortem,</strong></span> <span class='ocrx_word' id='word_1_587' title='bbox 1721 4549 1778 4595; x_wconf 91' lang='lat' dir='ltr'><strong>et</strong></span> <span class='ocrx_word' id='word_1_588' title='bbox 1800 4540 1893 4609; x_wconf 86' lang='lat' dir='ltr'><strong>qui</strong></span> <span class='ocrx_word' id='word_1_589' title='bbox 1928 4548 2041 4594; x_wconf 86' lang='lat' dir='ltr'><strong>tra-</strong></span> 
     </span>
    </p>
   </div>
   <div class='ocr_carea' id='block_1_75' title="bbox 465 4631 2040 4699">
    <p class='ocr_par' dir='ltr' id='par_1_75' title="bbox 465 4631 2040 4699">
     <span class='ocr_line' id='line_1_75' title="bbox 465 4631 2040 4699; baseline -0.001 -12"><span class='ocrx_word' id='word_1_590' title='bbox 465 4637 671 4689; x_wconf 87' lang='lat' dir='ltr'><strong>huntur</strong></span> <span class='ocrx_word' id='word_1_591' title='bbox 694 4635 761 4688; x_wconf 89' lang='lat' dir='ltr'><strong>ad</strong></span> <span class='ocrx_word' id='word_1_592' title='bbox 786 4634 1090 4697; x_wconf 86' lang='lat' dir='ltr'><strong>interitum,</strong></span> <span class='ocrx_word' id='word_1_593' title='bbox 1114 4632 1350 4699; x_wconf 67' lang='lat' dir='ltr'><strong>liberare</strong></span> <span class='ocrx_word' id='word_1_594' title='bbox 1385 4647 1454 4686; x_wconf 89' lang='lat' dir='ltr'><strong>ne</strong></span> <span class='ocrx_word' id='word_1_595' title='bbox 1485 4646 1666 4687; x_wconf 87' lang='lat' dir='ltr'><strong>cesses</strong></span> <span class='ocrx_word' id='word_1_596' title='bbox 1690 4632 1753 4683; x_wconf 71' lang='lat'><strong>“.</strong></span> <span class='ocrx_word' id='word_1_597' title='bbox 1793 4650 1811 4681; x_wconf 74' lang='grc' dir='ltr'><strong>ι</strong></span> <span class='ocrx_word' id='word_1_598' title='bbox 1863 4631 2040 4699; x_wconf 87' lang='lat' dir='ltr'><strong>Atque</strong></span> 
     </span>
    </p>
   </div>
   <div class='ocr_carea' id='block_1_76' title="bbox 465 4715 2040 4794">
    <p class='ocr_par' dir='ltr' id='par_1_76' title="bbox 465 4715 2040 4794">
     <span class='ocr_line' id='line_1_76' title="bbox 465 4715 2040 4794; baseline -0.003 -15"><span class='ocrx_word' id='word_1_599' title='bbox 465 4727 579 4779; x_wconf 63' lang='lat' dir='ltr'><strong>haec</strong></span> <span class='ocrx_word' id='word_1_600' title='bbox 628 4715 850 4794; x_wconf 82' lang='lat' dir='ltr'><strong>quidem</strong></span> <span class='ocrx_word' id='word_1_601' title='bbox 898 4722 1061 4777; x_wconf 88' lang='lat' dir='ltr'><strong>nobis</strong></span> <span class='ocrx_word' id='word_1_602' title='bbox 1113 4724 1169 4777; x_wconf 92' lang='lat' dir='ltr'><strong>in</strong></span> <span class='ocrx_word' id='word_1_603' title='bbox 1213 4722 1368 4789; x_wconf 91' lang='lat' dir='ltr'><strong>illud,</strong></span> <span class='ocrx_word' id='word_1_604' title='bbox 1423 4743 1439 4774; x_wconf 78' lang='grc' dir='ltr'><strong>ι</strong></span> <span class='ocrx_word' id='word_1_605' title='bbox 1467 4722 1665 4792; x_wconf 81' lang='lat' dir='ltr'><strong>Accipe</strong></span> <span class='ocrx_word' id='word_1_606' title='bbox 1703 4721 1876 4776; x_wconf 79' lang='lat' dir='ltr'><strong>lilium</strong></span> <span class='ocrx_word' id='word_1_607' title='bbox 1900 4720 2040 4775; x_wconf 88' lang='lat' dir='ltr'><strong>dile—</strong></span> 
     </span>
    </p>
   </div>
   <div class='ocr_carea' id='block_1_77' title="bbox 462 4811 2042 4878">
    <p class='ocr_par' dir='ltr' id='par_1_77' title="bbox 462 4811 2042 4878">
     <span class='ocr_line' id='line_1_77' title="bbox 462 4811 2042 4878; baseline -0.003 -9"><span class='ocrx_word' id='word_1_608' title='bbox 462 4823 612 4869; x_wconf 89' lang='lat' dir='ltr'><strong>ctum</strong></span> <span class='ocrx_word' id='word_1_609' title='bbox 663 4813 732 4878; x_wconf 68' lang='lat'><strong>‘7,</strong></span> <span class='ocrx_word' id='word_1_610' title='bbox 770 4832 789 4864; x_wconf 78' lang='grc' dir='ltr'><strong>ι</strong></span> <span class='ocrx_word' id='word_1_611' title='bbox 849 4812 992 4868; x_wconf 84' lang='lat' dir='ltr'><strong>dicta</strong></span> <span class='ocrx_word' id='word_1_612' title='bbox 1036 4813 1163 4868; x_wconf 90' lang='lat' dir='ltr'><strong>sint.</strong></span> <span class='ocrx_word' id='word_1_613' title='bbox 1194 4811 1297 4878; x_wconf 91' lang='lat' dir='ltr'><strong>Qui</strong></span> <span class='ocrx_word' id='word_1_614' title='bbox 1335 4829 1467 4868; x_wconf 85' lang='lat' dir='ltr'><strong>vero</strong></span> <span class='ocrx_word' id='word_1_615' title='bbox 1500 4828 1685 4867; x_wconf 85' lang='lat' dir='ltr'><strong>senem</strong></span> <span class='ocrx_word' id='word_1_616' title='bbox 1712 4812 2042 4867; x_wconf 86' lang='lat' dir='ltr'><strong>comitantur</strong></span> 
     </span>
    </p>
   </div>
   <div class='ocr_carea' id='block_1_78' title="bbox 462 4904 2042 4976">
    <p class='ocr_par' dir='ltr' id='par_1_78' title="bbox 462 4904 2042 4976">
     <span class='ocr_line' id='line_1_78' title="bbox 462 4904 2042 4976; baseline -0.003 -15"><span class='ocrx_word' id='word_1_617' title='bbox 462 4905 651 4961; x_wconf 75' lang='lat' dir='ltr'><strong>famuli</strong></span> <span class='ocrx_word' id='word_1_618' title='bbox 675 4904 786 4960; x_wconf 92' lang='lat' dir='ltr'><strong>duo</strong></span> <span class='ocrx_word' id='word_1_619' title='bbox 808 4912 971 4975; x_wconf 86' lang='lat' dir='ltr'><strong>atque</strong></span> <span class='ocrx_word' id='word_1_620' title='bbox 994 4904 1061 4959; x_wconf 92' lang='lat' dir='ltr'><strong>ad</strong></span> <span class='ocrx_word' id='word_1_621' title='bbox 1087 4905 1303 4960; x_wconf 83' lang='lat' dir='ltr'><strong>tertiam</strong></span> <span class='ocrx_word' id='word_1_622' title='bbox 1329 4906 1473 4960; x_wconf 91' lang='lat' dir='ltr'><strong>diem</strong></span> <span class='ocrx_word' id='word_1_623' title='bbox 1493 4920 1686 4975; x_wconf 92' lang='lat' dir='ltr'><strong>usque,</strong></span> <span class='ocrx_word' id='word_1_624' title='bbox 1723 4912 1883 4976; x_wconf 73' lang='lat' dir='ltr'><strong>typus</strong></span> <span class='ocrx_word' id='word_1_625' title='bbox 1915 4913 2042 4959; x_wconf 90' lang='lat' dir='ltr'><strong>sunt</strong></span> 
     </span>
    </p>
   </div>
   <div class='ocr_carea' id='block_1_79' title="bbox 463 4996 2042 5067">
    <p class='ocr_par' dir='ltr' id='par_1_79' title="bbox 463 4996 2042 5067">
     <span class='ocr_line' id='line_1_79' title="bbox 463 4996 2042 5067; baseline -0.001 -17"><span class='ocrx_word' id='word_1_626' title='bbox 463 4998 699 5051; x_wconf 89' lang='lat' dir='ltr'><strong>duorum</strong></span> <span class='ocrx_word' id='word_1_627' title='bbox 738 4996 1068 5067; x_wconf 88' lang='lat' dir='ltr'><strong>populorum</strong></span> <span class='ocrx_word' id='word_1_628' title='bbox 1111 5005 1428 5051; x_wconf 89' lang='lat' dir='ltr'><strong>vocatorum</strong></span> <span class='ocrx_word' id='word_1_629' title='bbox 1478 4997 1545 5050; x_wconf 88' lang='lat' dir='ltr'><strong>ad</strong></span> <span class='ocrx_word' id='word_1_630' title='bbox 1598 4997 1919 5051; x_wconf 83' lang='lat' dir='ltr'><strong>servitutem</strong></span> <span class='ocrx_word' id='word_1_631' title='bbox 1943 5012 2042 5066; x_wconf 91' lang='lat' dir='ltr'><strong>per</strong></span> 
     </span>
    </p>
   </div>
   <div class='ocr_carea' id='block_1_80' title="bbox 464 5086 2043 5158">
    <p class='ocr_par' dir='ltr' id='par_1_80' title="bbox 464 5086 2043 5158">
     <span class='ocr_line' id='line_1_80' title="bbox 464 5086 2043 5158; baseline 0.001 -18"><span class='ocrx_word' id='word_1_632' title='bbox 464 5086 659 5157; x_wconf 84' lang='lat' dir='ltr'><strong>legem,</strong></span> <span class='ocrx_word' id='word_1_633' title='bbox 692 5087 854 5141; x_wconf 85' lang='lat' dir='ltr'><strong>Israel</strong></span> <span class='ocrx_word' id='word_1_634' title='bbox 903 5087 1165 5143; x_wconf 89' lang='lat' dir='ltr'><strong>nimirum</strong></span> <span class='ocrx_word' id='word_1_635' title='bbox 1204 5095 1259 5143; x_wconf 89' lang='lat' dir='ltr'><strong>et</strong></span> <span class='ocrx_word' id='word_1_636' title='bbox 1302 5087 1485 5143; x_wconf 82' lang='lat' dir='ltr'><strong>Juda:</strong></span> <span class='ocrx_word' id='word_1_637' title='bbox 1534 5088 1625 5158; x_wconf 89' lang='lat' dir='ltr'><strong>qui</strong></span> <span class='ocrx_word' id='word_1_638' title='bbox 1668 5089 1783 5143; x_wconf 86' lang='lat' dir='ltr'><strong>sola</strong></span> <span class='ocrx_word' id='word_1_639' title='bbox 1830 5088 1924 5143; x_wconf 89' lang='lat' dir='ltr'><strong>Dei</strong></span> <span class='ocrx_word' id='word_1_640' title='bbox 1978 5102 2043 5141; x_wconf 88' lang='lat' dir='ltr'><strong>ac</strong></span> 
     </span>
    </p>
   </div>
   <div class='ocr_carea' id='block_1_81' title="bbox 464 5177 2045 5250">
    <p class='ocr_par' dir='ltr' id='par_1_81' title="bbox 464 5177 2045 5250">
     <span class='ocr_line' id='line_1_81' title="bbox 464 5177 2045 5250; baseline 0.001 -19"><span class='ocrx_word' id='word_1_641' title='bbox 464 5177 640 5231; x_wconf 80' lang='lat' dir='ltr'><strong>Patris</strong></span> <span class='ocrx_word' id='word_1_642' title='bbox 682 5187 954 5250; x_wconf 79' lang='lat' dir='ltr'><strong>praecepta</strong></span> <span class='ocrx_word' id='word_1_643' title='bbox 981 5178 1261 5250; x_wconf 87' lang='lat' dir='ltr'><strong>sequenda</strong></span> <span class='ocrx_word' id='word_1_644' title='bbox 1292 5194 1412 5234; x_wconf 90' lang='lat' dir='ltr'><strong>esse</strong></span> <span class='ocrx_word' id='word_1_645' title='bbox 1447 5180 1731 5249; x_wconf 88' lang='lat' dir='ltr'><strong>putabant,</strong></span> <span class='ocrx_word' id='word_1_646' title='bbox 1780 5178 2045 5249; x_wconf 87' lang='lat' dir='ltr'><strong>quemad-</strong></span> 
     </span>
    </p>
   </div>
   <div class='ocr_carea' id='block_1_82' title="bbox 466 5266 2043 5343">
    <p class='ocr_par' dir='ltr' id='par_1_82' title="bbox 466 5266 2043 5343">
     <span class='ocr_line' id='line_1_82' title="bbox 466 5266 2043 5343; baseline 0.004 -25"><span class='ocrx_word' id='word_1_647' title='bbox 466 5266 688 5320; x_wconf 86' lang='lat' dir='ltr'><strong>modum</strong></span> <span class='ocrx_word' id='word_1_648' title='bbox 733 5269 833 5333; x_wconf 91' lang='lat' dir='ltr'><strong>illi,</strong></span> <span class='ocrx_word' id='word_1_649' title='bbox 877 5270 1193 5339; x_wconf 77' lang='lat' dir='ltr'><strong>Abraham;</strong></span> <span class='ocrx_word' id='word_1_650' title='bbox 1231 5270 1475 5327; x_wconf 90' lang='lat' dir='ltr'><strong>nondum</strong></span> <span class='ocrx_word' id='word_1_651' title='bbox 1516 5280 1909 5343; x_wconf 77' lang='lat' dir='ltr'><strong>cognoscentes</strong></span> <span class='ocrx_word' id='word_1_652' title='bbox 1951 5270 2043 5325; x_wconf 89' lang='lat' dir='ltr'><strong>Fi-</strong></span> 
     </span>
    </p>
   </div>
   <div class='ocr_carea' id='block_1_83' title="bbox 464 5357 2049 5434">
    <p class='ocr_par' dir='ltr' id='par_1_83' title="bbox 464 5357 2049 5434">
     <span class='ocr_line' id='line_1_83' title="bbox 464 5357 2049 5434; baseline 0.004 -24"><span class='ocrx_word' id='word_1_653' title='bbox 464 5357 620 5424; x_wconf 89' lang='lat' dir='ltr'><strong>lium,</strong></span> <span class='ocrx_word' id='word_1_654' title='bbox 655 5373 755 5429; x_wconf 88' lang='lat' dir='ltr'><strong>per</strong></span> <span class='ocrx_word' id='word_1_655' title='bbox 786 5376 948 5429; x_wconf 89' lang='lat' dir='ltr'><strong>quem</strong></span> <span class='ocrx_word' id='word_1_656' title='bbox 980 5363 1184 5429; x_wconf 88' lang='lat' dir='ltr'><strong>omnia,</strong></span> <span class='ocrx_word' id='word_1_657' title='bbox 1217 5379 1396 5434; x_wconf 89' lang='lat' dir='ltr'><strong>neque</strong></span> <span class='ocrx_word' id='word_1_658' title='bbox 1423 5362 1601 5418; x_wconf 89' lang='lat' dir='ltr'><strong>Patris</strong></span> <span class='ocrx_word' id='word_1_659' title='bbox 1629 5361 1925 5427; x_wconf 66' lang='lat' dir='ltr'><strong>haeredem,</strong></span> <span class='ocrx_word' id='word_1_660' title='bbox 1952 5378 2049 5418; x_wconf 92' lang='lat' dir='ltr'><strong>cu-</strong></span> 
     </span>
    </p>
   </div>
   <div class='ocr_carea' id='block_1_84' title="bbox 461 5446 2044 5525">
    <p class='ocr_par' dir='ltr' id='par_1_84' title="bbox 461 5446 2044 5525">
     <span class='ocr_line' id='line_1_84' title="bbox 461 5446 2044 5525; baseline 0.004 -24"><span class='ocrx_word' id='word_1_661' title='bbox 461 5446 551 5517; x_wconf 88' lang='lat' dir='ltr'><strong>jus</strong></span> <span class='ocrx_word' id='word_1_662' title='bbox 593 5449 1021 5518; x_wconf 89' lang='lat' dir='ltr'><strong>pulcherrimam</strong></span> <span class='ocrx_word' id='word_1_663' title='bbox 1063 5453 1354 5525; x_wconf 84' lang='lat' dir='ltr'><strong>imaginem</strong></span> <span class='ocrx_word' id='word_1_664' title='bbox 1388 5470 1500 5525; x_wconf 66' lang='lat' dir='ltr'><strong>prae</strong></span> <span class='ocrx_word' id='word_1_665' title='bbox 1533 5468 1590 5510; x_wconf 86' lang='lat' dir='ltr'><strong>se</strong></span> <span class='ocrx_word' id='word_1_666' title='bbox 1625 5452 1729 5509; x_wconf 80' lang='lat' dir='ltr'><strong>fert</strong></span> <span class='ocrx_word' id='word_1_667' title='bbox 1762 5453 2044 5523; x_wconf 89' lang='lat' dir='ltr'><strong>parvulus,</strong></span> 
     </span>
    </p>
   </div>
   <div class='ocr_carea' id='block_1_85' title="bbox 465 5539 2045 5616">
    <p class='ocr_par' dir='ltr' id='par_1_85' title="bbox 465 5539 2045 5616">
     <span class='ocr_line' id='line_1_85' title="bbox 465 5539 2045 5616; baseline 0.006 -28"><span class='ocrx_word' id='word_1_668' title='bbox 465 5545 521 5590; x_wconf 78' lang='lat' dir='ltr'><strong>et</strong></span> <span class='ocrx_word' id='word_1_669' title='bbox 551 5539 731 5594; x_wconf 83' lang='lat' dir='ltr'><strong>adhuc</strong></span> <span class='ocrx_word' id='word_1_670' title='bbox 764 5540 820 5593; x_wconf 92' lang='lat' dir='ltr'><strong>in</strong></span> <span class='ocrx_word' id='word_1_671' title='bbox 842 5541 965 5597; x_wconf 82' lang='lat' dir='ltr'><strong>sinu</strong></span> <span class='ocrx_word' id='word_1_672' title='bbox 1001 5545 1170 5612; x_wconf 86' lang='lat' dir='ltr'><strong>patris</strong></span> <span class='ocrx_word' id='word_1_673' title='bbox 1192 5546 1277 5599; x_wconf 91' lang='lat' dir='ltr'><strong>sui</strong></span> <span class='ocrx_word' id='word_1_674' title='bbox 1303 5545 1492 5616; x_wconf 86' lang='lat' dir='ltr'><strong>jacens</strong></span> <span class='ocrx_word' id='word_1_675' title='bbox 1515 5545 1683 5608; x_wconf 87' lang='lat' dir='ltr'><strong>Isaae,</strong></span> <span class='ocrx_word' id='word_1_676' title='bbox 1731 5543 2045 5613; x_wconf 90' lang='lat' dir='ltr'><strong>nequedum</strong></span> 
     </span>
    </p>
   </div>
   <div class='ocr_carea' id='block_1_86' title="bbox 2143 3085 3719 3158">
    <p class='ocr_par' dir='ltr' id='par_1_86' title="bbox 2143 3085 3719 3158">
     <span class='ocr_line' id='line_1_86' title="bbox 2143 3085 3719 3158; baseline 0 -18"><span class='ocrx_word' id='word_1_677' title='bbox 2143 3086 2310 3158; x_wconf 78' lang='grc' dir='ltr'>ζωὴν,</span> <span class='ocrx_word' id='word_1_678' title='bbox 2353 3087 2451 3158; x_wconf 83' lang='grc' dir='ltr'>τῆς</span> <span class='ocrx_word' id='word_1_679' title='bbox 2494 3088 2664 3156; x_wconf 75' lang='grc' dir='ltr'>πατρὶ</span> <span class='ocrx_word' id='word_1_680' title='bbox 2705 3086 3025 3157; x_wconf 82' lang='grc' dir='ltr'>πρεπούσης</span> <span class='ocrx_word' id='word_1_681' title='bbox 3075 3085 3454 3158; x_wconf 81' lang='grc' dir='ltr'>φιλοστοργίας</span> <span class='ocrx_word' id='word_1_682' title='bbox 3502 3086 3719 3156; x_wconf 76' lang='grc' dir='ltr'>ἠμέλει.</span> 
     </span>
    </p>
   </div>
   <div class='ocr_carea' id='block_1_87' title="bbox 2141 3174 3720 3247">
    <p class='ocr_par' dir='ltr' id='par_1_87' title="bbox 2141 3174 3720 3247">
     <span class='ocr_line' id='line_1_87' title="bbox 2141 3174 3720 3247; baseline -0.001 -18"><span class='ocrx_word' id='word_1_683' title='bbox 2141 3176 2232 3229; x_wconf 80' lang='grc' dir='ltr'>Διὸ</span> <span class='ocrx_word' id='word_1_684' title='bbox 2257 3176 2322 3247; x_wconf 84' lang='grc' dir='ltr'>δὴ</span> <span class='ocrx_word' id='word_1_685' title='bbox 2357 3176 2450 3230; x_wconf 67' lang='grc' dir='ltr'>καὶ</span> <span class='ocrx_word' id='word_1_686' title='bbox 2476 3175 2690 3240; x_wconf 82' lang='grc' dir='ltr'>Παῦλος</span> <span class='ocrx_word' id='word_1_687' title='bbox 2716 3176 2878 3230; x_wconf 82' lang='grc' dir='ltr'>αὐτὸν</span> <span class='ocrx_word' id='word_1_688' title='bbox 2903 3175 3284 3247; x_wconf 79' lang='grc' dir='ltr'>άπεθαύμαζε,</span> <span class='ocrx_word' id='word_1_689' title='bbox 3314 3175 3487 3243; x_wconf 86' lang='grc' dir='ltr'>λέγων</span> <span class='ocrx_word' id='word_1_690' title='bbox 3514 3190 3528 3205; x_wconf 74' lang='grc'><strong>⁸</strong></span> <span class='ocrx_word' id='word_1_691' title='bbox 3563 3193 3584 3227; x_wconf 76' lang='grc' dir='ltr'><strong>ι</strong></span> <span class='ocrx_word' id='word_1_692' title='bbox 3619 3174 3720 3240; x_wconf 84' lang='grc' dir='ltr'>’ος</span> 
     </span>
    </p>
   </div>
   <div class='ocr_carea' id='block_1_88' title="bbox 2142 3265 3723 3338">
    <p class='ocr_par' dir='ltr' id='par_1_88' title="bbox 2142 3265 3723 3338">
     <span class='ocr_line' id='line_1_88' title="bbox 2142 3265 3723 3338; baseline 0 -19"><span class='ocrx_word' id='word_1_693' title='bbox 2142 3282 2205 3336; x_wconf 91' lang='grc' dir='ltr'><strong>γε</strong></span> <span class='ocrx_word' id='word_1_694' title='bbox 2230 3265 2323 3319; x_wconf 89' lang='grc' dir='ltr'><strong>τοῦ</strong></span> <span class='ocrx_word' id='word_1_695' title='bbox 2350 3266 2478 3321; x_wconf 85' lang='grc' dir='ltr'>ίδίου</span> <span class='ocrx_word' id='word_1_696' title='bbox 2510 3266 2640 3319; x_wconf 84' lang='grc' dir='ltr'>Υίοῦ</span> <span class='ocrx_word' id='word_1_697' title='bbox 2663 3266 2763 3320; x_wconf 81' lang='grc' dir='ltr'>οὐκ</span> <span class='ocrx_word' id='word_1_698' title='bbox 2789 3266 3064 3336; x_wconf 80' lang='grc' dir='ltr'>ἐφείσατο,</span> <span class='ocrx_word' id='word_1_699' title='bbox 3089 3266 3203 3320; x_wconf 79' lang='grc' dir='ltr'>ἀλλ’</span> <span class='ocrx_word' id='word_1_700' title='bbox 3234 3267 3372 3337; x_wconf 83' lang='grc' dir='ltr'>ὑπὲρ</span> <span class='ocrx_word' id='word_1_701' title='bbox 3396 3269 3429 3338; x_wconf 86' lang='grc' dir='ltr'><strong>ή</strong></span> <span class='ocrx_word' id='word_1_702' title='bbox 3439 3267 3555 3338; x_wconf 89' lang='grc' dir='ltr'><strong>μῶν</strong></span> <span class='ocrx_word' id='word_1_703' title='bbox 3583 3265 3723 3319; x_wconf 68' lang='grc' dir='ltr'>πάνυ</span> 
     </span>
    </p>
   </div>
   <div class='ocr_carea' id='block_1_89' title="bbox 2142 3358 3718 3430">
    <p class='ocr_par' dir='ltr' id='par_1_89' title="bbox 2142 3358 3718 3430">
     <span class='ocr_line' id='line_1_89' title="bbox 2142 3358 3718 3430; baseline 0.001 -18"><span class='ocrx_word' id='word_1_704' title='bbox 2142 3376 2252 3413; x_wconf 89' lang='grc' dir='ltr'><strong>των</strong></span> <span class='ocrx_word' id='word_1_705' title='bbox 2283 3358 2600 3430; x_wconf 84' lang='grc' dir='ltr'>παρέδωκεν</span> <span class='ocrx_word' id='word_1_706' title='bbox 2647 3358 2830 3412; x_wconf 84' lang='grc' dir='ltr'>αὐτόν.</span> <span class='ocrx_word' id='word_1_707' title='bbox 2871 3377 2890 3410; x_wconf 83' lang='grc'>›</span> <span class='ocrx_word' id='word_1_708' title='bbox 2931 3359 3055 3411; x_wconf 78' lang='grc' dir='ltr'><strong>Ἐπὶ</strong></span> <span class='ocrx_word' id='word_1_709' title='bbox 3082 3359 3188 3412; x_wconf 79' lang='grc' dir='ltr'>τίνι</span> <span class='ocrx_word' id='word_1_710' title='bbox 3216 3359 3263 3413; x_wconf 76' lang='grc' dir='ltr'>δ’</span> <span class='ocrx_word' id='word_1_711' title='bbox 3292 3359 3358 3413; x_wconf 84' lang='grc' dir='ltr'><strong>ἂν</strong></span> <span class='ocrx_word' id='word_1_712' title='bbox 3388 3361 3599 3428; x_wconf 84' lang='grc' dir='ltr'>γένοιτο</span> <span class='ocrx_word' id='word_1_713' title='bbox 3635 3359 3718 3413; x_wconf 83' lang='grc' dir='ltr'>δι-</span> 
     </span>
    </p>
   </div>
   <div class='ocr_carea' id='block_1_90' title="bbox 2144 3449 3787 3521">
    <p class='ocr_par' dir='ltr' id='par_1_90' title="bbox 2144 3449 3787 3521">
     <span class='ocr_line' id='line_1_90' title="bbox 2144 3449 3787 3521; baseline -0.001 -17"><span class='ocrx_word' id='word_1_714' title='bbox 2144 3451 2314 3513; x_wconf 89' lang='grc' dir='ltr'>καίως</span> <span class='ocrx_word' id='word_1_715' title='bbox 2341 3450 2402 3503; x_wconf 84' lang='grc' dir='ltr'>τὺ</span> <span class='ocrx_word' id='word_1_716' title='bbox 2432 3450 2619 3521; x_wconf 89' lang='grc' dir='ltr'>θαῦμα</span> <span class='ocrx_word' id='word_1_717' title='bbox 2642 3451 2742 3521; x_wconf 83' lang='grc' dir='ltr'><strong>τῆς</strong></span> <span class='ocrx_word' id='word_1_718' title='bbox 2768 3452 2846 3513; x_wconf 86' lang='grc' dir='ltr'>εἰς</span> <span class='ocrx_word' id='word_1_719' title='bbox 2875 3452 3021 3520; x_wconf 81' lang='grc' dir='ltr'>ἡμᾶς</span> <span class='ocrx_word' id='word_1_720' title='bbox 3064 3451 3284 3520; x_wconf 85' lang='grc' dir='ltr'>ἀγάπης</span> <span class='ocrx_word' id='word_1_721' title='bbox 3328 3450 3422 3503; x_wconf 83' lang='grc' dir='ltr'><strong>τοῦ</strong></span> <span class='ocrx_word' id='word_1_722' title='bbox 3462 3449 3595 3503; x_wconf 83' lang='grc' dir='ltr'>Θεοῦ</span> <span class='ocrx_word' id='word_1_723' title='bbox 3623 3449 3723 3504; x_wconf 70' lang='grc' dir='ltr'>καὶ</span> <span class='ocrx_word' id='word_1_724' title='bbox 3782 3481 3787 3485; x_wconf 95' lang='grc'><strong>-</strong></span> 
     </span>
    </p>
   </div>
   <div class='ocr_carea' id='block_1_91' title="bbox 2144 3541 3721 3613">
    <p class='ocr_par' dir='ltr' id='par_1_91' title="bbox 2144 3541 3721 3613">
     <span class='ocr_line' id='line_1_91' title="bbox 2144 3541 3721 3613; baseline -0.001 -17"><span class='ocrx_word' id='word_1_725' title='bbox 2144 3542 2378 3613; x_wconf 82' lang='grc' dir='ltr'>Πατρὸς,</span> <span class='ocrx_word' id='word_1_726' title='bbox 2399 3543 2447 3595; x_wconf 88' lang='grc' dir='ltr'><strong>εί</strong></span> <span class='ocrx_word' id='word_1_727' title='bbox 2470 3543 2544 3613; x_wconf 90' lang='grc' dir='ltr'><strong>μή</strong></span> <span class='ocrx_word' id='word_1_728' title='bbox 2569 3558 2625 3595; x_wconf 89' lang='grc' dir='ltr'><strong>τι</strong></span> <span class='ocrx_word' id='word_1_729' title='bbox 2652 3542 2868 3595; x_wconf 73' lang='grc' dir='ltr'>καὶτῶν</span> <span class='ocrx_word' id='word_1_730' title='bbox 2890 3542 3202 3613; x_wconf 86' lang='grc' dir='ltr'>ἀϐουλήτων</span> <span class='ocrx_word' id='word_1_731' title='bbox 3227 3541 3404 3607; x_wconf 77' lang='grc' dir='ltr'>ἔδοξεν</span> <span class='ocrx_word' id='word_1_732' title='bbox 3426 3543 3721 3613; x_wconf 83' lang='grc' dir='ltr'>ὑπομένειν</span> 
     </span>
    </p>
   </div>
   <div class='ocr_carea' id='block_1_92' title="bbox 2144 3629 3719 3703">
    <p class='ocr_par' dir='ltr' id='par_1_92' title="bbox 2144 3629 3719 3703">
     <span class='ocr_line' id='line_1_92' title="bbox 2144 3629 3719 3703; baseline -0.001 -19"><span class='ocrx_word' id='word_1_733' title='bbox 2144 3630 2421 3702; x_wconf 73' lang='grc' dir='ltr'>παραδοὺς</span> <span class='ocrx_word' id='word_1_734' title='bbox 2463 3630 2605 3702; x_wconf 80' lang='grc' dir='ltr'>ὑπὲρ</span> <span class='ocrx_word' id='word_1_735' title='bbox 2634 3630 2789 3701; x_wconf 88' lang='grc' dir='ltr'>ήμῶν</span> <span class='ocrx_word' id='word_1_736' title='bbox 2818 3629 2907 3683; x_wconf 85' lang='grc' dir='ltr'><strong>τὸν</strong></span> <span class='ocrx_word' id='word_1_737' title='bbox 2944 3629 3071 3683; x_wconf 88' lang='grc' dir='ltr'>ίδιον</span> <span class='ocrx_word' id='word_1_738' title='bbox 3097 3630 3265 3695; x_wconf 74' lang='grc' dir='ltr'>Υίόνς</span> <span class='ocrx_word' id='word_1_739' title='bbox 3306 3630 3558 3684; x_wconf 87' lang='grc' dir='ltr'>Τοιοῦτον</span> <span class='ocrx_word' id='word_1_740' title='bbox 3601 3632 3719 3703; x_wconf 87' lang='grc' dir='ltr'><strong>γάρ</strong></span> 
     </span>
    </p>
   </div>
   <div class='ocr_carea' id='block_1_93' title="bbox 2141 3721 3721 3803">
    <p class='ocr_par' dir='ltr' id='par_1_93' title="bbox 2141 3721 3721 3803">
     <span class='ocr_line' id='line_1_93' title="bbox 2141 3721 3721 3803; baseline -0.001 -27"><span class='ocrx_word' id='word_1_741' title='bbox 2141 3741 2224 3776; x_wconf 88' lang='grc' dir='ltr'><strong>τοι</strong></span> <span class='ocrx_word' id='word_1_742' title='bbox 2254 3724 2557 3795; x_wconf 82' lang='grc' dir='ltr'>νοεῖνήμᾶς</span> <span class='ocrx_word' id='word_1_743' title='bbox 2580 3723 2861 3776; x_wconf 85' lang='grc' dir='ltr'>ἀναπείθει</span> <span class='ocrx_word' id='word_1_744' title='bbox 2890 3722 2969 3786; x_wconf 84' lang='grc' dir='ltr'><strong>τὸ,</strong></span> <span class='ocrx_word' id='word_1_745' title='bbox 3001 3741 3019 3774; x_wconf 78' lang='grc' dir='ltr'><strong>ι</strong></span> <span class='ocrx_word' id='word_1_746' title='bbox 3052 3723 3165 3776; x_wconf 87' lang='grc' dir='ltr'><strong>υύκ</strong></span> <span class='ocrx_word' id='word_1_747' title='bbox 3192 3722 3470 3803; x_wconf 81' lang='grc' dir='ltr'>ἐφείσατο,</span> <span class='ocrx_word' id='word_1_748' title='bbox 3508 3721 3721 3789; x_wconf 78' lang='grc' dir='ltr'>»λέγων</span> 
     </span>
    </p>
   </div>
   <div class='ocr_carea' id='block_1_94' title="bbox 2142 3812 3717 3886">
    <p class='ocr_par' dir='ltr' id='par_1_94' title="bbox 2142 3812 3717 3886">
     <span class='ocr_line' id='line_1_94' title="bbox 2142 3812 3717 3886; baseline -0.001 -18"><span class='ocrx_word' id='word_1_749' title='bbox 2142 3817 2169 3869; x_wconf 82' lang='grc' dir='ltr'>ὁ</span> <span class='ocrx_word' id='word_1_750' title='bbox 2200 3813 2431 3878; x_wconf 87' lang='grc' dir='ltr'>Παῦλος.</span> <span class='ocrx_word' id='word_1_751' title='bbox 2451 3815 2630 3886; x_wconf 85' lang='grc' dir='ltr'>Ὅπερ</span> <span class='ocrx_word' id='word_1_752' title='bbox 2652 3813 2752 3867; x_wconf 87' lang='grc' dir='ltr'><strong>ούκ</strong></span> <span class='ocrx_word' id='word_1_753' title='bbox 2780 3813 2844 3867; x_wconf 83' lang='grc' dir='ltr'><strong>ἂν</strong></span> <span class='ocrx_word' id='word_1_754' title='bbox 2874 3813 2965 3865; x_wconf 74' lang='grc' dir='ltr'><strong>ἐπὶ</strong></span> <span class='ocrx_word' id='word_1_755' title='bbox 2983 3816 3092 3877; x_wconf 86' lang='grc' dir='ltr'>τοῖς</span> <span class='ocrx_word' id='word_1_756' title='bbox 3117 3812 3337 3884; x_wconf 87' lang='grc' dir='ltr'>τυχοῦσι</span> <span class='ocrx_word' id='word_1_757' title='bbox 3359 3813 3549 3884; x_wconf 75' lang='grc' dir='ltr'>ῥηθείη</span> <span class='ocrx_word' id='word_1_758' title='bbox 3566 3814 3717 3876; x_wconf 83' lang='grc' dir='ltr'>ποτὲ,</span> 
     </span>
    </p>
   </div>
   <div class='ocr_carea' id='block_1_95' title="bbox 2143 3903 3720 3976">
    <p class='ocr_par' dir='ltr' id='par_1_95' title="bbox 2143 3903 3720 3976">
     <span class='ocr_line' id='line_1_95' title="bbox 2143 3903 3720 3976; baseline -0.001 -18"><span class='ocrx_word' id='word_1_759' title='bbox 2143 3905 2258 3959; x_wconf 87' lang='grc' dir='ltr'>ἀλλ’</span> <span class='ocrx_word' id='word_1_760' title='bbox 2283 3907 2375 3957; x_wconf 77' lang='grc' dir='ltr'>ἐπὶ</span> <span class='ocrx_word' id='word_1_761' title='bbox 2406 3906 2587 3974; x_wconf 85' lang='grc' dir='ltr'>μόνοις</span> <span class='ocrx_word' id='word_1_762' title='bbox 2624 3908 2736 3969; x_wconf 85' lang='grc' dir='ltr'>τοῖς</span> <span class='ocrx_word' id='word_1_763' title='bbox 2780 3904 3016 3976; x_wconf 88' lang='grc' dir='ltr'>μεγάλου</span> <span class='ocrx_word' id='word_1_764' title='bbox 3042 3906 3185 3967; x_wconf 72' lang='grc' dir='ltr'>τινος</span> <span class='ocrx_word' id='word_1_765' title='bbox 3226 3903 3720 3975; x_wconf 74' lang='grc' dir='ltr'>κατανεανιευομέ-</span> 
     </span>
    </p>
   </div>
   <div class='ocr_carea' id='block_1_96' title="bbox 2142 3994 3723 4067">
    <p class='ocr_par' dir='ltr' id='par_1_96' title="bbox 2142 3994 3723 4067">
     <span class='ocr_line' id='line_1_96' title="bbox 2142 3994 3723 4067; baseline -0.001 -17"><span class='ocrx_word' id='word_1_766' title='bbox 2142 4014 2253 4060; x_wconf 90' lang='grc' dir='ltr'>νοις</span> <span class='ocrx_word' id='word_1_767' title='bbox 2298 3996 2656 4067; x_wconf 88' lang='grc' dir='ltr'>πράγματος,</span> <span class='ocrx_word' id='word_1_768' title='bbox 2687 3995 2761 4059; x_wconf 85' lang='grc' dir='ltr'>ὡς</span> <span class='ocrx_word' id='word_1_769' title='bbox 2793 3998 2850 4048; x_wconf 90' lang='grc' dir='ltr'><strong>ἐν</strong></span> <span class='ocrx_word' id='word_1_770' title='bbox 2889 3995 2987 4065; x_wconf 84' lang='grc' dir='ltr'><strong>τῷ,</strong></span> <span class='ocrx_word' id='word_1_771' title='bbox 3024 4013 3042 4046; x_wconf 76' lang='grc' dir='ltr'><strong>ι</strong></span> <span class='ocrx_word' id='word_1_772' title='bbox 3096 3994 3372 4048; x_wconf 83' lang='grc' dir='ltr'>Πλάτυνον</span> <span class='ocrx_word' id='word_1_773' title='bbox 3422 3997 3491 4049; x_wconf 81' lang='grc' dir='ltr'><strong>τὰ</strong></span> <span class='ocrx_word' id='word_1_774' title='bbox 3522 3997 3723 4066; x_wconf 83' lang='grc' dir='ltr'>σχοινί-</span> 
     </span>
    </p>
   </div>
   <div class='ocr_carea' id='block_1_97' title="bbox 2144 4085 3720 4157">
    <p class='ocr_par' dir='ltr' id='par_1_97' title="bbox 2144 4085 3720 4157">
     <span class='ocr_line' id='line_1_97' title="bbox 2144 4085 3720 4157; baseline 0 -18"><span class='ocrx_word' id='word_1_775' title='bbox 2144 4087 2325 4157; x_wconf 88' lang='grc' dir='ltr'>σματά</span> <span class='ocrx_word' id='word_1_776' title='bbox 2362 4103 2476 4149; x_wconf 88' lang='grc' dir='ltr'>σου,</span> <span class='ocrx_word' id='word_1_777' title='bbox 2508 4087 2600 4139; x_wconf 74' lang='grc' dir='ltr'>καὶ</span> <span class='ocrx_word' id='word_1_778' title='bbox 2626 4086 2752 4149; x_wconf 72' lang='grc' dir='ltr'>τοὺς</span> <span class='ocrx_word' id='word_1_779' title='bbox 2794 4087 3105 4149; x_wconf 84' lang='grc' dir='ltr'>πασσάλους</span> <span class='ocrx_word' id='word_1_780' title='bbox 3135 4103 3230 4139; x_wconf 86' lang='grc' dir='ltr'><strong>σου</strong></span> <span class='ocrx_word' id='word_1_781' title='bbox 3253 4086 3605 4157; x_wconf 82' lang='grc' dir='ltr'>κατίσχυσον,</span> <span class='ocrx_word' id='word_1_782' title='bbox 3639 4085 3720 4139; x_wconf 75' lang='grc' dir='ltr'>ἔτι</span> 
     </span>
    </p>
   </div>
   <div class='ocr_carea' id='block_1_98' title="bbox 2142 4176 3722 4249">
    <p class='ocr_par' dir='ltr' id='par_1_98' title="bbox 2142 4176 3722 4249">
     <span class='ocr_line' id='line_1_98' title="bbox 2142 4176 3722 4249; baseline 0.002 -19"><span class='ocrx_word' id='word_1_783' title='bbox 2142 4180 2221 4240; x_wconf 87' lang='grc' dir='ltr'>εἰς</span> <span class='ocrx_word' id='word_1_784' title='bbox 2260 4176 2329 4230; x_wconf 87' lang='grc' dir='ltr'><strong>τά</strong></span> <span class='ocrx_word' id='word_1_785' title='bbox 2373 4176 2524 4244; x_wconf 84' lang='grc' dir='ltr'>δεξιά</span> <span class='ocrx_word' id='word_1_786' title='bbox 2563 4177 2660 4231; x_wconf 72' lang='grc' dir='ltr'><strong>καὶ</strong></span> <span class='ocrx_word' id='word_1_787' title='bbox 2704 4178 2782 4241; x_wconf 86' lang='grc' dir='ltr'><strong>είς</strong></span> <span class='ocrx_word' id='word_1_788' title='bbox 2813 4177 2882 4230; x_wconf 82' lang='grc' dir='ltr'>τὰ</span> <span class='ocrx_word' id='word_1_789' title='bbox 2909 4179 3172 4249; x_wconf 85' lang='grc' dir='ltr'>ἀριστερά</span> <span class='ocrx_word' id='word_1_790' title='bbox 3206 4180 3539 4233; x_wconf 86' lang='grc' dir='ltr'>ἐκπέτασον·</span> <span class='ocrx_word' id='word_1_791' title='bbox 3579 4199 3598 4233; x_wconf 75' lang='grc' dir='ltr'><strong>ι</strong></span> <span class='ocrx_word' id='word_1_792' title='bbox 3639 4179 3722 4234; x_wconf 77' lang='grc' dir='ltr'>ἔτι</span> 
     </span>
    </p>
   </div>
   <div class='ocr_carea' id='block_1_99' title="bbox 2141 4266 3720 4339">
    <p class='ocr_par' dir='ltr' id='par_1_99' title="bbox 2141 4266 3720 4339">
     <span class='ocr_line' id='line_1_99' title="bbox 2141 4266 3720 4339; baseline 0.002 -19"><span class='ocrx_word' id='word_1_793' title='bbox 2141 4268 2216 4333; x_wconf 80' lang='grc' dir='ltr'><strong>δὲ,</strong></span> <span class='ocrx_word' id='word_1_794' title='bbox 2253 4268 2337 4319; x_wconf 85' lang='grc' dir='ltr'>ὅτι</span> <span class='ocrx_word' id='word_1_795' title='bbox 2371 4287 2388 4318; x_wconf 75' lang='grc' dir='ltr'><strong>ι</strong></span> <span class='ocrx_word' id='word_1_796' title='bbox 2440 4267 2643 4336; x_wconf 82' lang='grc' dir='ltr'>Πῆξον,</span> <span class='ocrx_word' id='word_1_797' title='bbox 2682 4267 2756 4338; x_wconf 80' lang='grc' dir='ltr'>μὴ</span> <span class='ocrx_word' id='word_1_798' title='bbox 2795 4266 2978 4339; x_wconf 82' lang='grc' dir='ltr'>φείσῃ.</span> <span class='ocrx_word' id='word_1_799' title='bbox 3026 4285 3045 4317; x_wconf 72' lang='grc' dir='ltr'><strong>ι</strong></span> <span class='ocrx_word' id='word_1_800' title='bbox 3090 4269 3199 4320; x_wconf 81' lang='grc' dir='ltr'>Καὶ</span> <span class='ocrx_word' id='word_1_801' title='bbox 3231 4268 3415 4334; x_wconf 88' lang='grc' dir='ltr'>πάλιν,</span> <span class='ocrx_word' id='word_1_802' title='bbox 3453 4288 3474 4321; x_wconf 76' lang='lat' dir='ltr'><strong>r</strong></span> <span class='ocrx_word' id='word_1_803' title='bbox 3529 4268 3720 4323; x_wconf 78' lang='grc' dir='ltr'>Ῥῦσαι</span> 
     </span>
    </p>
   </div>
   <div class='ocr_carea' id='block_1_100' title="bbox 2142 4357 3719 4429">
    <p class='ocr_par' dir='ltr' id='par_1_100' title="bbox 2142 4357 3719 4429">
     <span class='ocr_line' id='line_1_100' title="bbox 2142 4357 3719 4429; baseline 0.001 -21"><span class='ocrx_word' id='word_1_804' title='bbox 2142 4357 2446 4426; x_wconf 83' lang='grc' dir='ltr'>ἀγομένους</span> <span class='ocrx_word' id='word_1_805' title='bbox 2474 4358 2556 4419; x_wconf 90' lang='grc' dir='ltr'><strong>είς</strong></span> <span class='ocrx_word' id='word_1_806' title='bbox 2582 4357 2831 4422; x_wconf 88' lang='grc' dir='ltr'>θάνατον,</span> <span class='ocrx_word' id='word_1_807' title='bbox 2848 4359 2942 4410; x_wconf 69' lang='grc' dir='ltr'><strong>καὶ</strong></span> <span class='ocrx_word' id='word_1_808' title='bbox 2965 4358 3191 4428; x_wconf 81' lang='grc' dir='ltr'>ἐκπρίου</span> <span class='ocrx_word' id='word_1_809' title='bbox 3219 4358 3620 4427; x_wconf 86' lang='grc' dir='ltr'>κτεινομένους,</span> <span class='ocrx_word' id='word_1_810' title='bbox 3643 4361 3719 4429; x_wconf 85' lang='grc' dir='ltr'>μὴ</span> 
     </span>
    </p>
   </div>
   <div class='ocr_carea' id='block_1_101' title="bbox 2145 4442 3720 4518">
    <p class='ocr_par' dir='ltr' id='par_1_101' title="bbox 2145 4442 3720 4518">
     <span class='ocr_line' id='line_1_101' title="bbox 2145 4442 3720 4518; baseline 0.001 -20"><span class='ocrx_word' id='word_1_811' title='bbox 2145 4447 2325 4517; x_wconf 82' lang='grc' dir='ltr'>φείσῃ.</span> <span class='ocrx_word' id='word_1_812' title='bbox 2363 4465 2381 4497; x_wconf 75' lang='grc' dir='ltr'><strong>ι</strong></span> <span class='ocrx_word' id='word_1_813' title='bbox 2417 4448 2526 4500; x_wconf 76' lang='grc' dir='ltr'>Καὶ</span> <span class='ocrx_word' id='word_1_814' title='bbox 2553 4446 2726 4500; x_wconf 88' lang='grc' dir='ltr'>ταῦτα</span> <span class='ocrx_word' id='word_1_815' title='bbox 2753 4446 2851 4517; x_wconf 82' lang='grc' dir='ltr'><strong>μὲν</strong></span> <span class='ocrx_word' id='word_1_816' title='bbox 2876 4442 3016 4518; x_wconf 76' lang='grc' dir='ltr'>’ἡμῖν</span> <span class='ocrx_word' id='word_1_817' title='bbox 3052 4449 3131 4511; x_wconf 90' lang='grc' dir='ltr'><strong>είς</strong></span> <span class='ocrx_word' id='word_1_818' title='bbox 3161 4447 3243 4515; x_wconf 80' lang='grc' dir='ltr'><strong>τὸ,</strong></span> <span class='ocrx_word' id='word_1_819' title='bbox 3272 4468 3291 4499; x_wconf 77' lang='grc' dir='ltr'><strong>ι</strong></span> <span class='ocrx_word' id='word_1_820' title='bbox 3318 4448 3463 4500; x_wconf 88' lang='grc' dir='ltr'>Λάϐε</span> <span class='ocrx_word' id='word_1_821' title='bbox 3485 4448 3574 4500; x_wconf 86' lang='grc' dir='ltr'><strong>τὸν</strong></span> <span class='ocrx_word' id='word_1_822' title='bbox 3605 4448 3720 4500; x_wconf 81' lang='grc' dir='ltr'>υἱόν</span> 
     </span>
    </p>
   </div>
   <div class='ocr_carea' id='block_1_102' title="bbox 2145 4538 3720 4613">
    <p class='ocr_par' dir='ltr' id='par_1_102' title="bbox 2145 4538 3720 4613">
     <span class='ocr_line' id='line_1_102' title="bbox 2145 4538 3720 4613; baseline 0 -23"><span class='ocrx_word' id='word_1_823' title='bbox 2145 4556 2237 4590; x_wconf 88' lang='grc' dir='ltr'><strong>σου</strong></span> <span class='ocrx_word' id='word_1_824' title='bbox 2284 4539 2375 4592; x_wconf 89' lang='grc' dir='ltr'><strong>τὸν</strong></span> <span class='ocrx_word' id='word_1_825' title='bbox 2418 4540 2724 4610; x_wconf 85' lang='grc' dir='ltr'>ἀγαπητὸν,</span> <span class='ocrx_word' id='word_1_826' title='bbox 2748 4559 2766 4592; x_wconf 75' lang='grc' dir='ltr'><strong>ι</strong></span> <span class='ocrx_word' id='word_1_827' title='bbox 2798 4542 3093 4613; x_wconf 78' lang='grc' dir='ltr'>εἰρήσεται.</span> <span class='ocrx_word' id='word_1_828' title='bbox 3132 4542 3195 4593; x_wconf 76' lang='lat' dir='ltr'><strong>Ol</strong></span> <span class='ocrx_word' id='word_1_829' title='bbox 3231 4541 3287 4594; x_wconf 83' lang='grc' dir='ltr'>δὲ</span> <span class='ocrx_word' id='word_1_830' title='bbox 3326 4539 3402 4610; x_wconf 81' lang='grc' dir='ltr'>τῷ</span> <span class='ocrx_word' id='word_1_831' title='bbox 3436 4538 3720 4612; x_wconf 80' lang='grc' dir='ltr'>πρεσϐύτῃ</span> 
     </span>
    </p>
   </div>
   <div class='ocr_carea' id='block_1_103' title="bbox 2145 4630 3719 4707">
    <p class='ocr_par' dir='ltr' id='par_1_103' title="bbox 2145 4630 3719 4707">
     <span class='ocr_line' id='line_1_103' title="bbox 2145 4630 3719 4707; baseline 0.001 -22"><span class='ocrx_word' id='word_1_832' title='bbox 2145 4630 2808 4705; x_wconf 84' lang='grc' dir='ltr'>συμπαρομαρτυροῦντες</span> <span class='ocrx_word' id='word_1_833' title='bbox 2834 4634 2928 4687; x_wconf 78' lang='grc' dir='ltr'>καὶ</span> <span class='ocrx_word' id='word_1_834' title='bbox 2969 4632 3443 4707; x_wconf 83' lang='grc' dir='ltr'>συμπαραθέοντες</span> <span class='ocrx_word' id='word_1_835' title='bbox 3504 4631 3719 4687; x_wconf 88' lang='grc' dir='ltr'>οἰκέται</span> 
     </span>
    </p>
   </div>
   <div class='ocr_carea' id='block_1_104' title="bbox 2141 4715 3722 4796">
    <p class='ocr_par' dir='ltr' id='par_1_104' title="bbox 2141 4715 3722 4796">
     <span class='ocr_line' id='line_1_104' title="bbox 2141 4715 3722 4796; baseline 0 -20"><span class='ocrx_word' id='word_1_836' title='bbox 2141 4722 2233 4776; x_wconf 87' lang='grc' dir='ltr'><strong>δύο</strong></span> <span class='ocrx_word' id='word_1_837' title='bbox 2257 4722 2348 4776; x_wconf 71' lang='grc' dir='ltr'><strong>καὶ</strong></span> <span class='ocrx_word' id='word_1_838' title='bbox 2376 4721 2539 4792; x_wconf 84' lang='grc' dir='ltr'>μέχρι</span> <span class='ocrx_word' id='word_1_839' title='bbox 2570 4720 2669 4793; x_wconf 87' lang='grc' dir='ltr'>τῆς</span> <span class='ocrx_word' id='word_1_840' title='bbox 2709 4721 2897 4793; x_wconf 88' lang='grc' dir='ltr'>τρίτης</span> <span class='ocrx_word' id='word_1_841' title='bbox 2919 4723 3155 4796; x_wconf 77' lang='grc' dir='ltr'>ἡμέρας,</span> <span class='ocrx_word' id='word_1_842' title='bbox 3188 4724 3357 4785; x_wconf 88' lang='grc' dir='ltr'>τύπος</span> <span class='ocrx_word' id='word_1_843' title='bbox 3389 4722 3454 4777; x_wconf 84' lang='grc' dir='ltr'>ἂν</span> <span class='ocrx_word' id='word_1_844' title='bbox 3479 4715 3590 4775; x_wconf 74' lang='grc' dir='ltr'>εἶεν</span> <span class='ocrx_word' id='word_1_845' title='bbox 3609 4722 3722 4776; x_wconf 87' lang='grc' dir='ltr'><strong>τῶν</strong></span> 
     </span>
    </p>
   </div>
   <div class='ocr_carea' id='block_1_105' title="bbox 2144 4812 3721 4884">
    <p class='ocr_par' dir='ltr' id='par_1_105' title="bbox 2144 4812 3721 4884">
     <span class='ocr_line' id='line_1_105' title="bbox 2144 4812 3721 4884; baseline 0 -17"><span class='ocrx_word' id='word_1_846' title='bbox 2144 4817 2221 4879; x_wconf 88' lang='grc' dir='ltr'><strong>είς</strong></span> <span class='ocrx_word' id='word_1_847' title='bbox 2243 4813 2486 4868; x_wconf 87' lang='grc' dir='ltr'>δουλείαν</span> <span class='ocrx_word' id='word_1_848' title='bbox 2508 4812 2861 4883; x_wconf 79' lang='grc' dir='ltr'>κεκλημένων</span> <span class='ocrx_word' id='word_1_849' title='bbox 2883 4815 2971 4867; x_wconf 86' lang='grc' dir='ltr'><strong>διὰ</strong></span> <span class='ocrx_word' id='word_1_850' title='bbox 3003 4814 3096 4867; x_wconf 86' lang='grc' dir='ltr'><strong>τοῦ</strong></span> <span class='ocrx_word' id='word_1_851' title='bbox 3127 4815 3292 4884; x_wconf 89' lang='grc' dir='ltr'>νόμου</span> <span class='ocrx_word' id='word_1_852' title='bbox 3310 4814 3405 4868; x_wconf 90' lang='grc' dir='ltr'><strong>δύο</strong></span> <span class='ocrx_word' id='word_1_853' title='bbox 3432 4814 3601 4880; x_wconf 81' lang='grc' dir='ltr'>λαῶν,</span> <span class='ocrx_word' id='word_1_854' title='bbox 3624 4813 3721 4868; x_wconf 84' lang='grc' dir='ltr'><strong>τοῦ</strong></span> 
     </span>
    </p>
   </div>
   <div class='ocr_carea' id='block_1_106' title="bbox 2141 4901 3723 4978">
    <p class='ocr_par' dir='ltr' id='par_1_106' title="bbox 2141 4901 3723 4978">
     <span class='ocr_line' id='line_1_106' title="bbox 2141 4901 3723 4978; baseline 0.001 -23"><span class='ocrx_word' id='word_1_855' title='bbox 2141 4920 2200 4955; x_wconf 86' lang='grc' dir='ltr'><strong>τε</strong></span> <span class='ocrx_word' id='word_1_856' title='bbox 2245 4902 2461 4975; x_wconf 80' lang='grc' dir='ltr'>Ἰσραὴλ</span> <span class='ocrx_word' id='word_1_857' title='bbox 2491 4901 2694 4956; x_wconf 75' lang='grc' dir='ltr'>καὶτοῦ</span> <span class='ocrx_word' id='word_1_858' title='bbox 2735 4901 2925 4967; x_wconf 80' lang='grc' dir='ltr'>Ἰούδα,</span> <span class='ocrx_word' id='word_1_859' title='bbox 2955 4903 3119 4974; x_wconf 85' lang='grc' dir='ltr'>φημί.</span> <span class='ocrx_word' id='word_1_860' title='bbox 3159 4905 3223 4957; x_wconf 80' lang='grc' dir='ltr'><strong>Οἳ</strong></span> <span class='ocrx_word' id='word_1_861' title='bbox 3259 4904 3354 4978; x_wconf 77' lang='grc' dir='ltr'>καὶ</span> <span class='ocrx_word' id='word_1_862' title='bbox 3381 4907 3565 4976; x_wconf 87' lang='grc' dir='ltr'>μόνοις</span> <span class='ocrx_word' id='word_1_863' title='bbox 3587 4906 3723 4978; x_wconf 75' lang='grc' dir='ltr'><strong>χρῆ-</strong></span> 
     </span>
    </p>
   </div>
   <div class='ocr_carea' id='block_1_107' title="bbox 2143 4993 3723 5068">
    <p class='ocr_par' dir='ltr' id='par_1_107' title="bbox 2143 4993 3723 5068">
     <span class='ocr_line' id='line_1_107' title="bbox 2143 4993 3723 5068; baseline 0.002 -21"><span class='ocrx_word' id='word_1_864' title='bbox 2143 5013 2229 5048; x_wconf 92' lang='grc' dir='ltr'><strong>ναι</strong></span> <span class='ocrx_word' id='word_1_865' title='bbox 2250 4998 2362 5059; x_wconf 86' lang='grc' dir='ltr'>τοῖς</span> <span class='ocrx_word' id='word_1_866' title='bbox 2382 4993 2476 5047; x_wconf 88' lang='grc' dir='ltr'><strong>τοῦ</strong></span> <span class='ocrx_word' id='word_1_867' title='bbox 2513 4994 2647 5047; x_wconf 87' lang='grc' dir='ltr'>Θεοῦ</span> <span class='ocrx_word' id='word_1_868' title='bbox 2692 4994 2785 5047; x_wconf 78' lang='grc' dir='ltr'>καὶ</span> <span class='ocrx_word' id='word_1_869' title='bbox 2822 4996 3034 5065; x_wconf 83' lang='grc' dir='ltr'>Πατρὸς</span> <span class='ocrx_word' id='word_1_870' title='bbox 3078 4994 3389 5049; x_wconf 88' lang='grc' dir='ltr'>ἀκολουθεῖν</span> <span class='ocrx_word' id='word_1_871' title='bbox 3416 4997 3585 5068; x_wconf 75' lang='grc' dir='ltr'>ᾤοντο</span> <span class='ocrx_word' id='word_1_872' title='bbox 3610 4998 3723 5050; x_wconf 81' lang='grc' dir='ltr'>δια-</span> 
     </span>
    </p>
   </div>
   <div class='ocr_carea' id='block_1_108' title="bbox 2142 5085 3724 5158">
    <p class='ocr_par' dir='ltr' id='par_1_108' title="bbox 2142 5085 3724 5158">
     <span class='ocr_line' id='line_1_108' title="bbox 2142 5085 3724 5158; baseline 0.002 -18"><span class='ocrx_word' id='word_1_873' title='bbox 2142 5089 2440 5157; x_wconf 88' lang='grc' dir='ltr'>τάγμασιν,</span> <span class='ocrx_word' id='word_1_874' title='bbox 2468 5085 2657 5156; x_wconf 85' lang='grc' dir='ltr'>ῶσπερ</span> <span class='ocrx_word' id='word_1_875' title='bbox 2686 5087 2881 5139; x_wconf 86' lang='grc' dir='ltr'>ἐκεῖνοι</span> <span class='ocrx_word' id='word_1_876' title='bbox 2920 5086 3000 5157; x_wconf 85' lang='grc' dir='ltr'><strong>τῷ</strong></span> <span class='ocrx_word' id='word_1_877' title='bbox 3043 5086 3312 5158; x_wconf 77' lang='grc' dir='ltr'>Ἀϐραὰμ,</span> <span class='ocrx_word' id='word_1_878' title='bbox 3343 5087 3497 5141; x_wconf 79' lang='grc' dir='ltr'>οῦπω</span> <span class='ocrx_word' id='word_1_879' title='bbox 3520 5090 3611 5142; x_wconf 84' lang='grc' dir='ltr'><strong>τὸν</strong></span> <span class='ocrx_word' id='word_1_880' title='bbox 3639 5090 3724 5144; x_wconf 75' lang='grc' dir='ltr'>δι’</span> 
     </span>
    </p>
   </div>
   <div class='ocr_carea' id='block_1_109' title="bbox 2144 5176 3722 5249">
    <p class='ocr_par' dir='ltr' id='par_1_109' title="bbox 2144 5176 3722 5249">
     <span class='ocr_line' id='line_1_109' title="bbox 2144 5176 3722 5249; baseline -0.003 -15"><span class='ocrx_word' id='word_1_881' title='bbox 2144 5176 2215 5235; x_wconf 85' lang='grc' dir='ltr'>οὗ</span> <span class='ocrx_word' id='word_1_882' title='bbox 2243 5180 2420 5234; x_wconf 88' lang='grc' dir='ltr'>πάντα</span> <span class='ocrx_word' id='word_1_883' title='bbox 2446 5177 2693 5242; x_wconf 87' lang='grc' dir='ltr'>νοοῦντες</span> <span class='ocrx_word' id='word_1_884' title='bbox 2720 5178 2868 5243; x_wconf 82' lang='grc' dir='ltr'>Υἱὸν,</span> <span class='ocrx_word' id='word_1_885' title='bbox 2888 5179 3010 5231; x_wconf 78' lang='grc' dir='ltr'><strong>οὐδὲ</strong></span> <span class='ocrx_word' id='word_1_886' title='bbox 3038 5179 3129 5232; x_wconf 84' lang='grc' dir='ltr'><strong>τὸν</strong></span> <span class='ocrx_word' id='word_1_887' title='bbox 3155 5179 3249 5232; x_wconf 84' lang='grc' dir='ltr'><strong>τοῦ</strong></span> <span class='ocrx_word' id='word_1_888' title='bbox 3281 5180 3497 5249; x_wconf 77' lang='grc' dir='ltr'>[ἰατρὸς</span> <span class='ocrx_word' id='word_1_889' title='bbox 3523 5179 3722 5249; x_wconf 89' lang='grc' dir='ltr'>κληρο-</span> 
     </span>
    </p>
   </div>
   <div class='ocr_carea' id='block_1_110' title="bbox 2144 5260 3724 5340">
    <p class='ocr_par' dir='ltr' id='par_1_110' title="bbox 2144 5260 3724 5340">
     <span class='ocr_line' id='line_1_110' title="bbox 2144 5260 3724 5340; baseline -0.002 -18"><span class='ocrx_word' id='word_1_890' title='bbox 2144 5269 2306 5340; x_wconf 87' lang='grc' dir='ltr'>νόμον</span> <span class='ocrx_word' id='word_1_891' title='bbox 2348 5265 2824 5335; x_wconf 74' lang='grc' dir='ltr'>ἐπιγινώσκοντες,</span> <span class='ocrx_word' id='word_1_892' title='bbox 2868 5260 3041 5339; x_wconf 77' lang='grc' dir='ltr'>οῦπερ</span> <span class='ocrx_word' id='word_1_893' title='bbox 3070 5266 3135 5321; x_wconf 78' lang='grc' dir='ltr'>ἂν</span> <span class='ocrx_word' id='word_1_894' title='bbox 3156 5268 3396 5339; x_wconf 73' lang='grc' dir='ltr'>εἰσφέροι</span> <span class='ocrx_word' id='word_1_895' title='bbox 3428 5266 3724 5338; x_wconf 83' lang='grc' dir='ltr'>καλλίστην</span> 
     </span>
    </p>
   </div>
   <div class='ocr_carea' id='block_1_111' title="bbox 2145 5357 3723 5430">
    <p class='ocr_par' dir='ltr' id='par_1_111' title="bbox 2145 5357 3723 5430">
     <span class='ocr_line' id='line_1_111' title="bbox 2145 5357 3723 5430; baseline -0.001 -18"><span class='ocrx_word' id='word_1_896' title='bbox 2145 5362 2277 5430; x_wconf 85' lang='grc' dir='ltr'>ήμῖν</span> <span class='ocrx_word' id='word_1_897' title='bbox 2291 5357 2614 5430; x_wconf 82' lang='grc' dir='ltr'>τήνείκὸνα,</span> <span class='ocrx_word' id='word_1_898' title='bbox 2646 5357 2840 5429; x_wconf 81' lang='grc' dir='ltr'>μικρὸς</span> <span class='ocrx_word' id='word_1_899' title='bbox 2866 5359 2960 5412; x_wconf 72' lang='grc' dir='ltr'><strong>καὶ</strong></span> <span class='ocrx_word' id='word_1_900' title='bbox 2978 5361 3035 5412; x_wconf 86' lang='grc' dir='ltr'><strong>ἐν</strong></span> <span class='ocrx_word' id='word_1_901' title='bbox 3060 5359 3278 5424; x_wconf 73' lang='grc' dir='ltr'>κόλποις</span> <span class='ocrx_word' id='word_1_902' title='bbox 3299 5359 3381 5413; x_wconf 79' lang='grc' dir='ltr'>ἔτι</span> <span class='ocrx_word' id='word_1_903' title='bbox 3400 5360 3494 5412; x_wconf 90' lang='grc' dir='ltr'><strong>τοῦ</strong></span> <span class='ocrx_word' id='word_1_904' title='bbox 3519 5358 3723 5412; x_wconf 86' lang='grc' dir='ltr'>οίκείου</span> 
     </span>
    </p>
   </div>
   <div class='ocr_carea' id='block_1_112' title="bbox 2146 5447 3724 5525">
    <p class='ocr_par' dir='ltr' id='par_1_112' title="bbox 2146 5447 3724 5525">
     <span class='ocr_line' id='line_1_112' title="bbox 2146 5447 3724 5525; baseline 0 -22"><span class='ocrx_word' id='word_1_905' title='bbox 2146 5451 2349 5520; x_wconf 74' lang='grc' dir='ltr'>πατρὸς</span> <span class='ocrx_word' id='word_1_906' title='bbox 2376 5451 2404 5502; x_wconf 81' lang='grc' dir='ltr'><strong>ὁ</strong></span> <span class='ocrx_word' id='word_1_907' title='bbox 2437 5447 2624 5502; x_wconf 79' lang='grc' dir='ltr'>Ἰσαὰκ</span> <span class='ocrx_word' id='word_1_908' title='bbox 2664 5451 2937 5521; x_wconf 86' lang='grc' dir='ltr'>κείμενος,</span> <span class='ocrx_word' id='word_1_909' title='bbox 2969 5452 3063 5505; x_wconf 76' lang='grc' dir='ltr'>καὶ</span> <span class='ocrx_word' id='word_1_910' title='bbox 3089 5451 3187 5525; x_wconf 78' lang='grc' dir='ltr'><strong>τὴν</strong></span> <span class='ocrx_word' id='word_1_911' title='bbox 3215 5452 3452 5524; x_wconf 75' lang='grc' dir='ltr'>δεσπότῃ</span> <span class='ocrx_word' id='word_1_912' title='bbox 3479 5450 3724 5524; x_wconf 84' lang='grc' dir='ltr'>πρέπου-</span> 
     </span>
    </p>
   </div>
   <div class='ocr_carea' id='block_1_113' title="bbox 2148 5540 3724 5616">
    <p class='ocr_par' dir='ltr' id='par_1_113' title="bbox 2148 5540 3724 5616">
     <span class='ocr_line' id='line_1_113' title="bbox 2148 5540 3724 5616; baseline 0.001 -21"><span class='ocrx_word' id='word_1_913' title='bbox 2148 5561 2245 5597; x_wconf 85' lang='grc' dir='ltr'><strong>σαν</strong></span> <span class='ocrx_word' id='word_1_914' title='bbox 2274 5542 2425 5595; x_wconf 77' lang='grc' dir='ltr'>οὔπω</span> <span class='ocrx_word' id='word_1_915' title='bbox 2467 5541 2650 5613; x_wconf 82' lang='grc' dir='ltr'>φορῶν</span> <span class='ocrx_word' id='word_1_916' title='bbox 2696 5541 2963 5607; x_wconf 76' lang='grc' dir='ltr'>ἐξουσίαν.</span> <span class='ocrx_word' id='word_1_917' title='bbox 3007 5540 3116 5599; x_wconf 86' lang='grc' dir='ltr'>Ἦν</span> <span class='ocrx_word' id='word_1_918' title='bbox 3155 5546 3255 5616; x_wconf 80' lang='grc' dir='ltr'>μὲν</span> <span class='ocrx_word' id='word_1_919' title='bbox 3286 5546 3395 5616; x_wconf 69' lang='grc' dir='ltr'>γὰρ</span> <span class='ocrx_word' id='word_1_920' title='bbox 3435 5545 3529 5598; x_wconf 68' lang='grc' dir='ltr'><strong>καὶ</strong></span> <span class='ocrx_word' id='word_1_921' title='bbox 3576 5544 3724 5597; x_wconf 75' lang='grc' dir='ltr'>ἔστιν</span> 
     </span>
    </p>
   </div>
   <div class='ocr_carea' id='block_1_114' title="bbox 542 5647 3724 5729">
    <p class='ocr_par' dir='ltr' id='par_1_114' title="bbox 542 5647 3724 5729">
     <span class='ocr_line' id='line_1_114' title="bbox 542 5647 3724 5729; baseline 0.002 -20"><span class='ocrx_word' id='word_1_922' title='bbox 610 5649 977 5729; x_wconf 56' lang='lat'><strong>10311.1&quot;.16;</strong></span> <span class='ocrx_word' id='word_1_923' title='bbox 1020 5658 1223 5713; x_wconf 85' lang='lat' dir='ltr'><strong>lJoan.</strong></span> <span class='ocrx_word' id='word_1_924' title='bbox 1260 5676 1328 5723; x_wconf 84' lang='lat' dir='ltr'><strong>Iv,</strong></span> <span class='ocrx_word' id='word_1_925' title='bbox 1372 5659 1423 5712; x_wconf 85' lang='lat'><strong>9.</strong></span> <span class='ocrx_word' id='word_1_926' title='bbox 1503 5658 1547 5689; x_wconf 77' lang='lat'><strong>“</strong></span> <span class='ocrx_word' id='word_1_927' title='bbox 1595 5658 1753 5724; x_wconf 81' lang='lat' dir='ltr'><strong>Rpm.</strong></span> <span class='ocrx_word' id='word_1_928' title='bbox 1790 5673 1902 5720; x_wconf 81' lang='lat' dir='ltr'><strong>vm,</strong></span> <span class='ocrx_word' id='word_1_929' title='bbox 1944 5657 2031 5711; x_wconf 75' lang='lat'><strong>52.</strong></span> <span class='ocrx_word' id='word_1_930' title='bbox 2111 5661 2155 5691; x_wconf 75' lang='grc'>⁸⁵</span> <span class='ocrx_word' id='word_1_931' title='bbox 2200 5658 2430 5726; x_wconf 83' lang='lat' dir='ltr'><strong>lsa.uv,</strong></span> <span class='ocrx_word' id='word_1_932' title='bbox 2480 5657 2534 5711; x_wconf 72' lang='lat'><strong>2.</strong></span> <span class='ocrx_word' id='word_1_933' title='bbox 2616 5658 2662 5689; x_wconf 81' lang='lat'>“</span> <span class='ocrx_word' id='word_1_934' title='bbox 2694 5659 2855 5715; x_wconf 84' lang='lat' dir='ltr'><strong>Prov.</strong></span> <span class='ocrx_word' id='word_1_935' title='bbox 2908 5663 3059 5728; x_wconf 74' lang='lat' dir='ltr'><strong>xnv&#39;,</strong></span> <span class='ocrx_word' id='word_1_936' title='bbox 3097 5663 3155 5716; x_wconf 80' lang='lat' dir='ltr'><strong>ll</strong></span> <span class='ocrx_word' id='word_1_937' title='bbox 3185 5680 3199 5729; x_wconf 88' lang='lat'><strong>;</strong></span> <span class='ocrx_word' id='word_1_938' title='bbox 3229 5663 3369 5719; x_wconf 84' lang='lat' dir='ltr'><strong>Psal.</strong></span> <span class='ocrx_word' id='word_1_939' title='bbox 3421 5677 3604 5729; x_wconf 68' lang='lat' dir='ltr'><strong>LXXXI,</strong></span> <span class='ocrx_word' id='word_1_940' title='bbox 3668 5663 3724 5717; x_wconf 73' lang='grc'><strong>4.</strong></span> 
     </span>
    </p>
   </div>
   <div class='ocr_carea' id='block_1_115' title="bbox 469 5718 940 5784">
    <p class='ocr_par' dir='ltr' id='par_1_115' title="bbox 469 5718 940 5784">
     <span class='ocr_line' id='line_1_115' title="bbox 469 5718 940 5784; baseline -0.002 -9"><span class='ocrx_word' id='word_1_941' title='bbox 469 5718 511 5749; x_wconf 73' lang='grc'><strong>⁶²</strong></span> <span class='ocrx_word' id='word_1_942' title='bbox 543 5719 681 5775; x_wconf 79' lang='lat' dir='ltr'><strong>Gen.</strong></span> <span class='ocrx_word' id='word_1_943' title='bbox 713 5735 845 5784; x_wconf 68' lang='grc' dir='ltr'>χχιι,</span> <span class='ocrx_word' id='word_1_944' title='bbox 887 5721 940 5783; x_wconf 69' lang='grc'>2,</span> 
     </span>
    </p>
   </div>
  </div>
