4052 6212
366 292 458 348 ιιι

1356 293 1874 349 GLAPHYRORUM
1915 294 1978 347 ΙΝ
2020 296 2319 392 εεικεειιι
2357 299 2468 351 LIB
2505 300 2593 352 ll].

3509 313 3611 371 “2

358 403 446 455 ἀεὶ
486 402 691 472 Κύριος
727 406 821 459 καὶ
863 404 995 468 Θεὸς
1040 405 1354 469 παντέλειος
1386 408 1415 459 6
1442 406 1587 469 Υἱός.
1635 406 1725 476 Τῷ
1763 404 1821 460 δὲ
1856 405 1912 477 με]

2034 404 2448 461 convenientem
2469 406 2687 463 Christo
2703 417 3029 478 potestatem
3051 429 3265 485 gerens.
3287 418 3607 489 Eratenim,
3658 405 3669 414 ’

358 496 524 549 πᾶσιν
544 497 812 565 ὑπάρχειν
836 496 1174 567 καταφανὴς,
1198 499 1291 551 καὶ
1313 496 1545 568 μάλιστα
1564 499 1677 561 τοῖς
1701 496 1932 560 ἀνοσίοις

365 586 646 650 Ἰουδαίοις
674 587 759 651 είς
802 588 973 659 μόνην
1001 588 1170 659 ὁρῶσι
1210 589 1310 658 τὴν
1357 588 1557 662 σάρκα,
1608 589 1804 660 μικρός
1850 605 1932 651 τις

354 674 496 732 εἶναι
532 679 628 732 καὶ
669 681 698 733 6
738 679 916 749 τυχὼν
951 678 1251 750 ἐνομίζετο.
1292 670 1696 751 Σύμμετρεῖται
1726 679 1784 733 δέ
1814 696 1932 743 πως

355 770 635 838 ἀναλόγως
670 769 766 822 καὶ
804 773 927 833 ταῖς
955 770 1209 824 ἁπάντων
1236 770 1495 833 διανοίαις
1521 772 1554 840 ή
1595 771 1725 841 περὶ
1765 769 1929 823 αὑτοῦ

355 860 578 930 γνῶσις.
617 862 729 913 Καὶ
756 861 930 932 μικρά
962 861 1064 931 μὲν
1096 863 1155 915 ἐν
1187 864 1427 933 μικροῖς,
1461 861 1669 933 μεγάλη
1700 861 1757 915 δὲ
1778 857 1846 916 αὖ
1871 863 1930 915 ὲν

358 952 619 1023 μεγάλοις
646 953 985 1022 εὑρίσκεται.
1017 953 1131 1007 Καὶ
1162 952 1294 1021 γοῦν
1320 954 1370 1005 οἱ
1400 953 1500 1022 μὲν
1538 953 1812 1023 προφῆται
1836 969 1932 1022 φα-

356 1060 468 1108 σιν,
509 1044 591 1096 ὅτι
620 1062 640 1094 ι
664 1043 858 1111 Μέγας
893 1044 986 1097 καὶ
1022 1042 1251 1113 φοϐερός
1273 1044 1420 1098 ἐστιν
1455 1045 1548 1097 ἐπὶ
1575 1044 1783 1107 πάντας
1804 1045 1929 1108 τοὺς

359 1132 671 1204 περικύκλῳ
694 1131 883 1200 αὐτοῦ,
914 1152 934 1186 ι
972 1133 1245 1199 τουτέστι,
1268 1133 1397 1196 τοὺς
1432 1134 1600 1202 ἐγγὺς
1636 1134 1800 1188 αὑτοῦ
1834 1152 1927 1204 γε-

354 1222 583 1289 γονότας
600 1222 689 1276 διὰ
719 1221 923 1293 πολλὴν
949 1223 1089 1290 ἄγαν
1115 1224 1419 1293 ἀγχίνοιαν.
1468 1223 1657 1277 Ὠδίνει
1683 1224 1739 1278 δὲ
1777 1224 1871 1280 καὶ
1899 1227 1928 1279 ὁ

352 1314 560 1378 Παῦλος
585 1332 759 1380 τινας,
800 1333 820 1366 ι
871 1315 1066 1386 ’Δχρις
1091 1311 1152 1371 οὗ
1179 1316 1439 1387 μορφωθῇ
1461 1316 1698 1389 Χριστὸς
1734 1317 1791 1369 ἐν
1826 1317 1925 1370 αὐ-

348 1408 480 1469 τοῖς.
523 1425 543 1458 ι
578 1407 891 1472 Τουτέστιν,
913 1407 1073 1479 ἄχρις
1102 1408 1169 1461 ἂν
1193 1409 1243 1461 οί
1265 1407 1491 1478 μεγάλοι
1514 1409 1608 1461 καὶ
1629 1409 1927 1478 ὑπερφυεῖς

346 1496 448 1567 τῆς
498 1496 755 1568 θεότητος
810 1497 977 1552 αὐτοῦ
1032 1500 1381 1571 χαρακτῆρες
1433 1502 1514 1564 είς
1555 1500 1649 1552 τὸν
1699 1500 1926 1553 ἐκείνων

350 1588 537 1658 ἡρέμα
594 1587 1005 1643 διαπλάττοιντο
1047 1589 1192 1644 νοῦν.
1231 1590 1303 1642 Τὸ
1329 1590 1385 1642 δὲ
1422 1586 1781 1660 ἀκολουθῆσαι
1826 1589 1926 1659 μὲν

342 1678 470 1738 τοὺς
503 1678 723 1741 οξκὲτας
778 1679 872 1731 καὶ
931 1680 1097 1751 μέχρι
1149 1679 1340 1751 τρίτης
1388 1680 1621 1752 ἡμέρας,
1684 1679 1759 1752 μὴ
1818 1678 1925 1753 μὴν

345 1769 440 1821 καὶ
482 1769 883 1855 ἐπιτετράφθαι
917 1769 1056 1839 πρὸς
1091 1770 1192 1839 τὴν
1222 1769 1325 1840 γῆν
1361 1769 1790 1840 ἀνακομίζεσθαι
1825 1769 1923 1840 τὴν

343 1859 557 1928 ὑψηλήν
606 1876 666 1913 τε
717 1860 811 1912 καὶ
854 1860 1004 1930 ίεράν
1028 1898 1045 1923 ,
1081 1859 1323 1925 καθίζειν
1377 1860 1434 1914 δὲ
1485 1859 1685 1930 μᾶλλον
1739 1862 1923 1924 αὐτοῖς

342 1948 746 2018 προστετάχθαι
794 1949 1075 2018 μετάτῆς
1122 1949 1269 2012 ὄνου,
1313 1950 1414 2020 τὴν
1459 1949 1546 2003 διὰ
1581 1950 1746 2019 νόμου
1785 1950 1921 2021 πρὸς

340 2039 472 2092 Θεὸν
499 2038 859 2110 άκολούθησιν
893 2039 1001 2092 τῶν
1031 2039 1124 2092 δύο
1149 2039 1294 2092 λαῶν
1329 2040 1603 2110 ὑποδηλοϊ,
1640 2042 1733 2094 καὶ
1758 2041 1921 2112 μέχρι

337 2129 434 2182 τοῦ
472 2130 659 2200 τρίτου
693 2129 1100 2200 παρατείνασαν
1145 2130 1359 2201 χρόνου,
1395 2130 1660 2198 τουτέστι,
1708 2131 1802 2186 τοῦ
1830 2149 1921 2186 τε·

336 2216 611 2285 λευταίου,
643 2220 763 2273 καθ’
786 2220 845 2274 ὃν
879 2222 1008 2290 ἡμῖν
1026 2222 1271 2291 ἐπεφάνη
1291 2223 1546 2292 Χριστός.
1574 2223 1734 2292 Τρισὶ
1754 2224 1862 2295 γάρ
1891 2225 1919 2276 6

337 2308 561 2378 σύμπας
573 2309 708 2364 αἰὼν
729 2312 1076 2382 ἐκμετρείται
1096 2314 1322 2382 καιροῖς,
1344 2315 1719 2386 παρῳχηκότι,
1752 2316 1914 2386 φημὶ,

336 2399 434 2451 καὶ
471 2399 752 2463 ἐνεστῶτι,
781 2402 878 2453 καὶ
920 2401 1189 2471 μέλλοντι.
1222 2403 1430 2457 Οὐκοῦν
1455 2406 1512 2458 ἐν
1538 2404 1708 2477 τρίτῳ
1739 2406 1799 2459 τὸ
1829 2407 1920 2461 τέ-

335 2487 447 2552 λος.
492 2487 864 2560 Ἐπιδημῆσαί
908 2508 969 2559 γε
1003 2492 1107 2564 μὴν
1140 2494 1234 2546 τὸν
1271 2495 1506 2564 Χριστὸν
1557 2498 1615 2549 ἐν
1669 2498 1917 2568 ἐσχάτοις

334 2576 428 2630 τοῦ
459 2577 659 2642 αίῶνος
688 2584 922 2651 καιροῖς,
952 2584 984 2653 ἠ
1008 2582 1127 2635 θεία
1156 2581 1304 2651 λέγει
1324 2584 1535 2654 Γραφή.
1569 2586 1917 2641 Κατακολου-

336 2665 509 2739 θήσας
536 2669 722 2723 τοίνυν
743 2670 771 2721 6
796 2671 1010 2743 Ἰσραὴλ
1032 2672 1118 2725 διὰ
1147 2672 1313 2744 νόμου
1348 2675 1426 2744 τῷ
1460 2675 1600 2747 Θεῷ,
1632 2678 1725 2730 καὶ
1756 2679 1915 2749 μέχρι

332 2756 441 2809 τῶν
464 2759 680 2828 χρόνων
712 2761 812 2829 τῆς
850 2759 944 2813 τοῦ
978 2762 1229 2833 Σωτῆρος
1259 2763 1416 2834 ἡμῶν
1456 2764 1774 2835 ἐπιδημίας,
1814 2769 1915 2820 οὐκ

329 2847 563 2919 ⁴Ιιθέλησε
594 2848 684 2901 διά
726 2849 824 2919 τῆς
858 2850 1095 2913 πίστεως
1122 2850 1482 2923 ἀκολουθῆσαι
1513 2852 1758 2923 Χριστῷ,
1778 2853 1914 2924 πρὸς

332 2938 424 2991 τὸν
467 2941 614 3011 ὑπὲρ
662 2939 882 2993 πάντων
931 2940 1276 2995 ἀναϐαίνοντι
1323 2941 1573 3003 θάνατον,
1608 2941 1808 3012 μᾶλλον
1856 2943 1913 2995 δὲ

333 3030 427 3083 καὶ
466 3030 779 3085 κεκώλυται
808 3023 896 3084 διὰ
942 3032 1144 3095 πολλὰς
1182 3035 1477 3105 ἁμαρτίας.
1508 3034 1773 3105 Πώρωσις
1801 3035 1912 3105 γάρ

2032 504 2091 551 et
2134 504 2239 561 est,
2279 512 2497 568 semper
2531 500 2795 555 Dominus
2827 517 2891 557 ac
2932 503 3078 560 Deus
3111 506 3388 575 perfectus
3417 511 3607 571 Filius.

2033 586 2162 643 Ideo
2204 604 2337 644 vero
2382 590 2529 659 quod
2580 607 2689 646 non
2744 593 2998 650 omnibus
3037 597 3368 667 conspicuus
3419 603 3511 670 sit,
3553 616 3612 662 et

2034 679 2270 734 maxime
2305 679 2490 750 impiis
2517 680 2721 736 Iudaeis
2755 682 2824 737 ad
2849 684 3021 739 solam
3052 701 3274 743 carnem
3309 692 3609 762 respicien-

2033 770 2201 837 tibus,
2231 774 2494 842 parvulus
2523 774 2794 844 quispiam
2836 777 3153 846 putabatur.
3190 780 3442 853 Cognitio
3476 803 3611 843 vero

2031 861 2207 932 ipsius
2252 864 2498 918 omnium
2548 865 2851 922 intellectui
2879 870 3163 938 aequaliter
3196 879 3606 946 correspondet,

2029 960 2086 1006 et
2125 968 2292 1022 parva
2335 953 2445 1024 85
2487 954 2709 1024 quidem
2753 966 2838 1012 est
2870 957 2928 1011 in
2958 974 3148 1028 parvo,
3170 978 3363 1035 magna
3391 982 3521 1023 vero
3552 970 3607 1025 in

2029 1044 2260 1113 magnis.
2291 1043 2454 1114 Atqui
2486 1046 2769 1116 prophetae
2786 1048 3007 1118 quidem
3027 1051 3239 1119 dicunt,
3265 1056 3411 1124 quod
3444 1077 3461 1109 ι
3489 1075 3608 1114 ma-

2028 1148 2168 1203 gnus
2193 1148 2258 1189 ac
2279 1135 2543 1190 terribilis
2569 1146 2655 1192 est
2701 1153 2867 1208 super
2906 1155 3098 1197 omnes
3131 1145 3223 1214 qui
3274 1146 3329 1201 in
3369 1148 3607 1206 circuitu

2028 1222 2283 1292 ipsius“,
2314 1245 2331 1277 ι
2355 1227 2460 1281 hoc
2479 1238 2583 1293 est,
2609 1229 2705 1298 qui
2731 1232 2875 1287 circa
2901 1232 3079 1302 ipsum
3100 1245 3228 1290 sunt
3256 1252 3355 1307 per
3377 1241 3605 1297 multam

2030 1318 2398 1388 sagacitatem.
2435 1322 2678 1386 Parturit
2698 1333 2880 1381 autem
2909 1328 3074 1382 etiam
3103 1330 3305 1387 Paulus
3337 1337 3604 1404 quosdam

2036 1424 2055 1457 ι
2094 1406 2269 1463 donec
2326 1408 2595 1466 formetur
2632 1412 2884 1494 Christus
2922 1416 2979 1470 in
3018 1417 3151 1487 ipsis
3186 1420 3252 1486 σθ,
3286 1442 3304 1474 ι
3350 1424 3455 1480 hoc
3495 1438 3600 1494 est,

2027 1496 2205 1554 donec
2247 1503 2430 1573 magni
2470 1511 2636 1575 atque
2664 1491 2923 1563 immensi
2975 1509 3279 1568 divinitatis
3322 1517 3443 1586 ejus
3470 1491 3602 1575 cha;

2027 1595 2270 1644 racteres
2297 1594 2558 1661 paulatim
2582 1596 2639 1650 in
2673 1611 2867 1652 eorum
2892 1600 3171 1658 mentibus
3195 1604 3600 1675 imprimantur.

2027 1676 2183 1743 Quod
2208 1698 2342 1738 vero
2370 1686 2544 1741 secuti
2567 1687 2678 1741 sint
2697 1687 2883 1744 famuli
2907 1706 3081 1760 usque
3103 1694 3170 1749 ad
3193 1698 3416 1754 tertium
3432 1701 3598 1770 diem,

1955 1780 1996 1834 Β
2024 1784 2203 1840 neque
2253 1787 2576 1830 concessum
2610 1777 2679 1832 iis
2714 1777 2902 1845 fuerit,
2927 1789 2989 1835 ut
3012 1783 3080 1837 ad
3097 1787 3367 1843 excelsam
3394 1802 3451 1848 et
3471 1807 3599 1849 san-

2023 1867 2168 1915 etam
2203 1869 2407 1917 terram
2465 1863 2935 1936 conscenderent,
2975 1879 3031 1925 at
3073 1875 3256 1942 potius
3302 1879 3443 1949 jussi
3490 1883 3601 1937 sint

2021 1958 2216 2013 sedere
2247 1959 2324 2014 ibi
2348 1975 2473 2015 cum
2498 1962 2674 2028 asino,
2697 1963 2837 2019 duos
2855 1966 3086 2036 populos
3103 1984 3203 2038 per
3233 1972 3406 2043 legem
3425 1976 3598 2033 Deum

2020 2058 2311 2120 sequentes
2338 2051 2625 2122 signiﬁcat,
2660 2056 2727 2110 ad
2763 2057 2985 2113 tertium
3019 2068 3236 2132 tempus
3257 2082 3450 2136 usque,
3472 2070 3599 2128 hoc

2019 2148 2122 2205 est,
2152 2149 2515 2211 postremum,
2564 2144 2622 2199 in
2667 2162 2777 2215 quo
2825 2148 2986 2205 nobis
3019 2155 3272 2222 apparuit
3321 2156 3596 2217 Christus.

2021 2231 2222 2288 Tribus
2262 2234 2409 2288 enim
2444 2238 2785 2307 temporibus
2812 2241 3131 2298 universum
3177 2249 3435 2304 sreculum
3478 2268 3596 2310 me-

2020 2321 2209 2389 timur,
2260 2327 2558 2394 przeterito,
2615 2329 2858 2400 inquam,
2904 2337 3179 2403 praesenti,
3216 2346 3273 2393 et
3298 2339 3504 2398 futuro.
3534 2344 3596 2400 1n

2018 2414 2183 2497 tertio
2222 2414 2390 2487 igitur
2428 2426 2676 2490 tempore
2710 2421 2835 2478 ﬁnis
2860 2423 3220 2495 signiﬁcatur.
3249 2431 3477 2489 Venisse
3501 2451 3597 2490 au-

2018 2512 2127 2558 tem
2164 2505 2442 2562 Christum
2472 2509 2528 2563 in
2564 2511 2772 2568 ultimis
2802 2516 2987 2571 saeculi
3022 2520 3365 2589 temporibus
3411 2524 3596 2581 divina

2017 2595 2303 2667 Scriptura
2342 2601 2438 2655 ait.
2473 2602 2706 2659 Secutus
2733 2620 2865 2677 ergo
2888 2607 3055 2664 Israel
3090 2611 3260 2667 Deum
3295 2630 3395 2683 per
3419 2616 3593 2688 legem

2016 2686 2182 2741 etiam
2218 2704 2392 2759 usque
2416 2690 2484 2744 ad
2511 2696 2752 2762 tempora
2778 2695 3044 2754 adventus
3073 2701 3247 2756 nostri
3275 2686 3591 2773 Salvatoris,

2014 2776 2193 2866 noluit
2236 2793 2335 2847 per
2373 2778 2537 2833 ﬁdem
2572 2784 2727 2851 sequi
2767 2784 3067 2854 Christum,
3119 2791 3187 2845 ad
3220 2801 3455 2848 mortem
3491 2812 3592 2866 pro

2017 2865 2276 2920 omnibus
2328 2868 2667 2923 subeundam
2716 2874 3044 2941 venientem,
3090 2878 3201 2933 imo
3234 2896 3368 2936 vero
3399 2886 3590 2952 prohi-

2015 2951 2165 3008 bitus
2204 2962 2288 3009 est
2314 2955 2385 3009 ob
2417 2967 2767 3025 peccatorum
2808 2963 3235 3024 multitudinem.
3296 2951 3591 3032 Induratus

2014 3045 2161 3100 enim
2191 3054 2276 3101 est
2295 3062 2358 3101 cx
2395 3058 2548 3117 parte
2590 3049 2755 3106 Israel
2781 3071 2794 3106 :
2820 3056 2967 3124 quod
2990 3057 3328 3129 signiﬁcatur
3355 3081 3454 3135 per
3477 3069 3589 3124 asi-

333 3122 441 3176 ἀπδ
484 3123 691 3194 μέρους
720 3125 913 3193 γέγονε
953 3123 1033 3195 τῷ
1082 3127 1334 3197 Ἰσραήλ*
1382 3128 1503 3198 ἥτις
1533 3127 1621 3181 διά
1651 3127 1750 3196 τῆς
1789 3127 1909 3182 ὄνου

2014 3149 2167 3199 num,
2204 3136 2299 3204 qui
2322 3135 2543 3192 famulis
2569 3137 2780 3195 aderat.
2822 3142 3104 3214 Siquidem
3126 3151 3315 3209 asinus
3333 3122 3589 3213 extrema!

334 3212 658 3283 σημαίνεται
675 3213 775 3284 τῆς
792 3216 904 3277 τοῖς
924 3214 1164 3277 οἰκέταις
1196 3213 1462 3285 συνούσης
1484 3216 1625 3269 τότε.
1663 3217 1911 3286 Ἀλογίας

332 3304 439 3375 γὰρ
475 3304 652 3374 ἡδνος
670 3306 767 3375 τῆς
794 3305 1031 3375 ἐσχάτης
1070 3304 1267 3359 εἰκών⁹
1308 3306 1531 3375 ἀλογίας
1558 3307 1615 3360 δὲ
1654 3309 1842 3362 τέκνον
1877 3311 1910 3380 ἠ

331 3392 608 3463 πώρωσις.
653 3394 726 3445 Τὸ
770 3393 851 3460 δὲ,
888 3394 995 3447 τῶν
1037 3396 1264 3449 οἰκετῶν
1306 3396 1764 3466 ἀπονοσφίζεσθαι
1812 3399 1910 3469 μὲν

333 3484 426 3536 καὶ
466 3485 775 3556 ἀναχωρεῖν
819 3486 938 3558 ἅμα
970 3487 1049 3559 τῷ
1087 3488 1189 3558 υίῷ
1231 3489 1323 3541 τὸν
1353 3489 1587 3561 πατέρα,
1627 3489 1701 3552 ώς
1732 3490 1787 3543 δὲ
1817 3491 1910 3543 καὶ

330 3575 407 3637 είς
434 3571 592 3638 αὖθις
628 3576 890 3647 ἐπανήξει
924 3578 1105 3646 λέγειν
1129 3596 1143 3609 ·
1181 3579 1241 3649 (ι
1265 3579 1407 3647 Ἐγὼ
1446 3579 1574 3650 γάρ,
1619 3581 1770 3650 φησὶ,
1817 3582 1909 3634 καὶ

330 3661 388 3713 τὸ
418 3662 711 3731 παιδάριον
751 3665 1136 3736 διελευσόμεθα
1169 3668 1272 3730 ἕως
1312 3661 1435 3733 ὦδε,
1465 3670 1556 3721 καί¹
1598 3671 1909 3740 προσκυνή-

333 3767 519 3815 σαντες
560 3755 977 3827 ἀναστρέφομεν
1031 3759 1168 3828 πρὸς
1215 3760 1404 3830 ὑμᾶς,)
1439 3762 1762 3830 ›,σημαίνει
1807 3761 1906 3833 τὴν

333 3844 666 3916 πρόσκαιρον
707 3846 1053 3919 ἀναχώρησιν
1091 3850 1183 3902 τοῦ
1226 3851 1361 3903 Θεοῦ
1407 3851 1503 3922 τὴν
1530 3853 1594 3905 ἐκ
1622 3852 1731 3905 τῶν
1776 3853 1905 3905 υίῶν

342 3935 577 4006 Ἰσραὴλ,
610 3937 706 3989 καὶ
736 3937 837 4008 τὴν
880 3940 973 3991 ἐπὶ¹
998 3939 1141 3993 τέλει
1182 3940 1289 3993 τῶν
1331 3942 1542 3995 αἰώνων
1586 3944 1673 3995 ἐπ’
1707 3942 1905 4005 αὐτοὺς

330 4026 595 4097 ἐσομένην
634 4028 1006 4099 ὑποστροφὴν,
1041 4031 1128 4083 διὰ
1159 4032 1257 4101 τῆς
1291 4034 1371 4095 εἰς
1401 4033 1632 4103 Χριστὲιν
1669 4033 1904 4095 πίστεως

330 4118 770 4190 ἐπιτελουμένην.
806 4123 976 4174 Ὅταν
1012 4123 1124 4193 γὰρ
1161 4123 1219 4175 τὸ
1264 4124 1537 4195 πλήρωμα
1573 4125 1681 4178 τῶν
1732 4124 1902 4178 ἐθνῶν

327 4196 561 4283 atexnon,
593 4212 716 4263 τότε
764 4214 872 4275 πᾶς
912 4212 1130 4284 Ἰσραὴλ
1162 4215 1484 4286 σωθήσεται,
1518 4216 1591 4268 Τδ
1614 4215 1672 4268 δὲ
1709 4218 1785 4287 μὴ
1811 4217 1900 4271 λέ-

326 4313 438 4364 γειν
473 4300 576 4369 μὲν
609 4302 860 4372 ἐναργῶς
892 4303 985 4357 τὸν
1014 4304 1282 4374 μακάριον
1319 4306 1589 4377 Ἁϐραάμ,
1615 4306 1695 4358 ὅτι
1723 4305 1901 4361 θύσων

323 4391 494 4445 ἄνεισι
521 4391 616 4445 τὸν
665 4393 803 4455 υἱὸν,
839 4394 1114 4465 πρόφασιν
1146 4396 1203 4448 δὲ
1226 4396 1415 4465 ὥσπερ
1448 4398 1529 4462 τὸ,
1562 4418 1581 4448 ι
1624 4398 1769 4462 Ἕως
1794 4395 1894 4452 ὧδε

321 4475 728 4547 διελευσόμεθα,
767 4498 786 4531 ι
811 4479 1016 4543 λαϐεῖν,
1040 4486 1267 4553 σημεῖον
1288 4482 1353 4538 ἂν
1374 4484 1583 4554 γένοιτο
1613 4487 1781 4553 σαφὲς
1804 4485 1894 4539 τοῦ
1931 4466 1971 4519 D

325 4566 397 4637 μὴ
418 4569 781 4623 πεπιστεῦθαι
807 4574 919 4635 τοῖς
955 4572 1223 4626 Ἰουδαίων
1255 4573 1402 4637 λαοῖς
1433 4575 1495 4627 τὸ
1520 4575 1756 4645 Χριστοῦ
1790 4594 1893 4645 μυ-

325 4660 559 4730 στήριον.
600 4661 711 4715 Καὶ
746 4661 954 4733 ἀληθὴς
983 4666 1115 4734 ἡμῖν
1158 4665 1187 4715 6
1228 4665 1359 4735 περὶ
1407 4664 1596 4718 τούτου
1645 4669 1894 4734 φανεῖται

320 4747 497 4816 λόγος,
543 4752 675 4807 ὅταν
709 4752 910 4823 ἴδωμεν
952 4753 1043 4806 τὸν
1081 4753 1287 4824 Ἰησοῦν
1336 4754 1743 4826 προσλαλοῦντα
1795 4757 1892 4828 μὲν

332 4839 603 4905 Ἰουδαίοις
634 4842 708 4906 ώς
757 4845 815 4897 ἐν
867 4844 1203 4913 παραϐολαῖς
1259 4846 1356 4897 καὶ
1414 4845 1479 4898 δι’
1533 4847 1892 4916 αἰνιγμάτων,

319 4926 547 4996 λέγοντα
588 4931 645 4984 δὲ
674 4933 769 4985 καὶ
802 4933 939 5002 πρὸς
972 4933 1097 4995 τοὺς
1125 4932 1316 4986 ἐαυτοῦ
1351 4933 1593 5004 μαθητάς
1615 4954 1627 4967 ο
1667 4954 1685 4987 ι
1739 4918 1893 5007 Ὑμῖν

318 5017 523 5072 δέδοται
552 5019 757 5089 γνῶναι
782 5023 851 5075 τά
878 5025 1153 5094 μυστήρια
1180 5024 1279 5094 τῆς
1310 5023 1588 5093 βασιλείας
1608 5026 1701 5078 τοῦ
1730 5026 1889 5091 Θεοῦ,

315 5111 426 5171 τοῖς
458 5109 514 5162 δέ
547 5109 758 5175 λοιποῖς
778 5112 835 5164 ἐν
868 5112 1226 5183 παραϐολαῖς.
1266 5132 1285 5163 ι
1320 5113 1393 5167 Τὸ
1419 5114 1477 5166 δέ
1500 5131 1562 5182 γε
1584 5115 1889 5187 παιδάριον,

317 5201 615 5268 τουτέστιν,
650 5204 679 5255 6
722 5202 929 5264 Ἰσαὰκ.
963 5207 1077 5267 τοῖς
1108 5203 1210 5273 τῆς
1246 5204 1664 5271 ὁλοκαυτώσεως
1712 5207 1891 5274 ξύλοις

318 5291 734 5363 κατεφορτίζετο
770 5294 861 5347 διὰ
890 5294 1071 5366 χειρὸς
1105 5295 1198 5349 τοῦ
1227 5298 1453 5368 πατρὸς,
1476 5300 1568 5352 καὶ
1598 5300 1760 5370 μέχρι
1784 5302 1890 5355 τῶν

316 5380 412 5450 τῆς
453 5381 643 5447 θυσίας
674 5383 987 5454 ἀφικνεῖται
1024 5385 1224 5440 τόπων.
1267 5387 1608 5457 Ἐπωμάδιον
1644 5389 1754 5460 γάρ
1798 5392 1888 5443 τὸν

318 5476 509 5530 οἰκεῖον
551 5477 737 5547 φέρων
795 5479 1049 5548 σταυρὸν,
1101 5476 1207 5544 ἔξω
1258 5477 1359 5547 τῆς
1422 5478 1597 5551 πύλης
1630 5480 1829 5535 ἔπαθεν
1859 5484 1887 5536 6

2014 3223 2448 3282 irrationalitatis
2474 3237 2558 3283 est
2587 3237 2764 3299 typus.
2806 3234 3242 3297 Irrationalitatis
3276 3260 3408 3299 vero
3444 3246 3589 3304 fetus

2011 3325 2096 3370 est
2134 3316 2442 3374 obduratio.
2482 3320 2638 3387 Quod
2678 3340 2810 3379 vero
2858 3343 2889 3381 a
2934 3327 3154 3386 famulis
3197 3345 3503 3405 separetur,
3532 3349 3588 3397 et

2012 3423 2121 3462 una
2154 3425 2278 3463 cum
2314 3410 2426 3464 ﬁlio
2468 3414 2727 3469 succedat
2758 3426 2932 3486 pater,
2976 3422 3235 3492 quodque
3278 3442 3471 3483 rursus
3494 3446 3584 3485 re-

2009 3513 2297 3554 versurum
2329 3517 2386 3557 se
2411 3502 2556 3561 dicat
2585 3522 2597 3558 :
2643 3507 2783 3577 «Ego
2805 3509 2973 3575 enim,
2994 3530 3013 3561 ι
3050 3511 3252 3582 inquit,
3290 3534 3308 3567 ι
3337 3526 3395 3573 et
3426 3534 3583 3588 puer,

2009 3592 2365 3648 transibimus
2393 3612 2566 3666 usque
2598 3598 2727 3664 huc,
2753 3610 2808 3654 et
2836 3609 3128 3672 postquam
3147 3607 3582 3678 adoraverimus,

2007 3680 2308 3737 redibimus
2350 3684 2417 3738 ad
2463 3702 2561 3741 vos
2600 3688 2667 3752 ⁷ο,
2704 3708 2721 3739 ι
2767 3691 3035 3760 signiﬁcat
3068 3700 3449 3767 temporariam
3488 3704 3585 3760 Dei

2007 3782 2037 3820 a
2070 3768 2195 3824 ﬁliis
2225 3772 2391 3827 Israel
2423 3778 2845 3844 scparationem,
2896 3791 2952 3836 et
3002 3784 3057 3838 in
3113 3794 3586 3853 consummatione

2005 3860 2329 3928 seculorum
2366 3864 2605 3918 reditum
2645 3867 2713 3920 ad
2748 3869 2895 3938 ipsos
2929 3872 3174 3928 futurum
3207 3892 3307 3946 per
3330 3879 3494 3937 fidem
3527 3885 3582 3939 in

2004 3950 2302 4006 Christum.
2352 3953 2579 4019 Quando
2635 3958 2782 4012 enim
2841 3980 2859 4011 ι
2886 3963 3170 4031 plenitudo
3208 3969 3455 4037 gentium
3494 3976 3582 4030 in-

2004 4058 2188 4110 gressa
2234 4043 2428 4108 fuerit,
2484 4052 2616 4101 tunc
2663 4050 2844 4105 omnis
2894 4052 3061 4108 Israel
3101 4056 3403 4114 salvabitur
3451 4062 3517 4116 ⁷¹.
3556 4082 3576 4115 ι

2002 4130 2156 4195 Quod
2180 4147 2312 4187 vero
2336 4134 2529 4189 beatus
2552 4136 2829 4194 Abraham
2852 4157 2964 4197 non
2988 4152 3175 4214 aperte
3213 4147 3379 4216 dicat,
3418 4167 3478 4207 se
3512 4155 3580 4210 ad

2002 4223 2419 4281 sacriﬁcandum
2449 4226 2622 4282 ﬁlium
2663 4246 2824 4287 suum
2862 4238 3257 4306 conscendere,
3290 4244 3386 4298 sed
3416 4260 3578 4301 occa-

2001 4312 2210 4368 sionem
2258 4324 2520 4385 pragtexat
2564 4339 2577 4374 :
2642 4341 2660 4373 ι
2702 4323 3080 4382 Transibimus
3133 4346 3306 4401 usque
3356 4335 3464 4391 huc
3500 4355 3514 4401 ;
3554 4359 3569 4390 ι

2001 4404 2287 4497 manifeste
2321 4405 2592 4475 signiﬁcat
2620 4412 2930 4469 Judaaorum
2959 4419 3191 4488 populos
3224 4421 3428 4478 Christi
3456 4441 3574 4497 my-

2003 4497 2173 4550 sterio
2206 4496 2369 4554 ﬁdem
2404 4516 2515 4555 non
2547 4502 2883 4561 adhibuisse.
2919 4507 2987 4561 Et
3016 4524 3182 4565 verus
3211 4514 3435 4582 quidem
3471 4496 3575 4574 hac

2000 4585 2069 4640 de
2105 4603 2164 4642 re
2196 4604 2377 4646 sermo
2414 4592 2575 4648 nobis
2599 4594 2895 4663 videbitur,
2921 4614 3047 4653 cum
3077 4601 3364 4661 videamus
3386 4606 3571 4664 Jesum

1998 4675 2234 4744 Judzeos,
2284 4682 2457 4736 veluti
2508 4684 2562 4738 in
2612 4687 2906 4755 parabolis,
2956 4690 3346 4763 alloquentem,
3373 4700 3485 4771 86
3517 4712 3574 4756 et

1998 4780 2098 4837 per
2146 4768 2351 4840 ﬁguras
2379 4788 2394 4837 ;
2433 4773 2501 4827 ad
2548 4774 2850 4845 discipulos
2884 4788 3069 4836 autem
3097 4799 3228 4840 suos
3255 4768 3567 4847 dicentem:

2001 4876 2019 4908 ι
2053 4858 2222 4914 Vobis
2251 4861 2438 4916 datum
2467 4872 2551 4918 est
2581 4881 2740 4922 nosse
2786 4872 3045 4940 mysteria
3085 4878 3237 4947 regni
3276 4879 3394 4945 Dei,
3438 4882 3570 4937 reli-

1991 4949 2117 5017 quis
2160 4966 2293 5005 vero
2347 4954 2403 5007 in
2445 4956 2727 5023 parabolis.
2764 4960 2829 5014 ".
2866 4980 2885 5013 ι
2942 4963 3085 5020 Puer
3132 4983 3283 5032 vero,
3327 4970 3433 5026 hoc
3462 4983 3566 5039 est,

1990 5037 2161 5103 Isaac,
2199 5040 2364 5111 lignis
2401 5043 2469 5097 ad
2502 5047 2834 5103 sacriﬁcium
2857 5053 3189 5111 onerabatur
3214 5074 3313 5127 per
3343 5037 3565 5119 manum

1990 5129 2182 5196 patris,
2221 5143 2277 5187 et
2312 5150 2484 5204 usque
2515 5137 2582 5191 ad
2615 5138 2795 5194 locum
2830 5144 3082 5200 sacriﬁcii
3112 5150 3378 5218 procedit.
3403 5153 3566 5211 Chri-

1993 5225 2111 5272 stus
2145 5222 2294 5275 enim
2335 5225 2612 5294 pmpriam
2655 5243 2873 5284 crucem
2900 5232 3145 5293 humeris
3176 5249 3394 5311 gestans
3414 5256 3565 5302 extra

1990 5318 2202 5377 portam
2251 5328 2445 5382 passus
2490 5324 2594 5382 est,
2640 5333 2749 5373 non
2794 5320 3033 5381 humana
3069 5329 3122 5383 vi
3153 5332 3222 5387 ad
3253 5335 3563 5404 passionem

1989 5406 2231 5465 coaetus,
2280 5403 2373 5458 sed
2420 5421 2487 5460 ex
2528 5406 2749 5477 propria
2803 5412 3085 5472 voluntate
3119 5428 3175 5475 et
3211 5403 3433 5479 decreto
3467 5426 3564 5483 Dei

1988 5502 2053 5541 ac
2100 5488 2298 5557 Patris,
2337 5493 2491 5563 juxta
2529 5495 2585 5549 id
2625 5497 2770 5566 quod
2806 5499 2922 5571 ipse
2954 5505 3149 5564 Pontio
3185 5510 3360 5571 Pilato
3388 5514 3560 5577 dixit:

347 5586 397 5617 “
430 5588 564 5644 Psal.
609 5606 869 5654 cxxxvm,
899 5589 950 5643 8.
1029 5590 1073 5625 "
1107 5591 1282 5648 Galat.
1313 5609 1385 5659 Iv,
1426 5592 1513 5649 l9.
1595 5570 1807 5650 "'Gen.
1842 5613 1973 5666 xxii,
2001 5601 2066 5655 5.’
2095 5603 2139 5633 "'
2171 5603 2331 5670 Rom,
2356 5623 2428 5671 x1,
2455 5608 2544 5664 26.
2625 5614 2669 5645 τ’
2691 5613 2884 5669 Matth.
2909 5632 3023 5685 xm,
3050 5620 3109 5676 il
