4052 6212
413 312 528 368 445

1452 311 1506 367 5.
1549 311 1824 368 CYRILLI
1862 308 2334 368 ALEXANDRINI
2374 306 2692 365 ARCHIEP.

3586 315 3687 372 Hs

429 448 447 479 ι
488 427 608 483 Non
646 427 876 482 haberes
910 425 1176 482 adversus
1209 443 1296 482 me
1329 436 1655 498 potestatem
1679 429 1864 495 ullam,
1895 429 2002 484 nisi

2123 426 2363 498 Ιίριστὸς,
2389 427 2492 480 οὐκ
2527 425 2585 492 ἐξ
2615 423 2964 495 ἀνθρωπίνης
3008 420 3188 495 ίσχύος
3216 424 3574 497 βεδιασμένος
3607 427 3718 493 ei;~

423 521 548 573 data
580 518 677 572 tibi
711 528 856 574 esset
880 518 1118 590 desuper
1147 520 1213 574 ".
1243 538 1261 572 ι
1300 519 1594 590 Impositus
1622 529 1804 576 autem
1844 521 2006 591 lignis

423 613 592 676 Isaac,
634 626 664 665 a
701 621 878 666 morte
921 622 977 666 et
1011 611 1266 681 passione
1301 611 1579 666 eximitur.
1619 612 1776 667 Aries
1815 627 1948 668 vero
1975 628 2007 666 a

425 702 536 755 Deo
583 701 745 756 datus
790 702 846 755 in
891 701 1225 756 sacriﬁcium
1275 702 1540 757 ascendit.
1582 703 1715 759 Erat
1744 703 1892 758 enim
1918 719 2007 758 re-

423 808 552 846 vera
603 792 748 862 quod
801 808 868 846 ex
910 793 1149 848 essentia
1195 793 1293 848 Dei
1337 809 1401 848 ac
1441 795 1621 850 Patris
1659 804 1838 850 ortum
1889 803 2009 852 erat

425 883 666 937 Verbum
686 883 740 937 in
758 883 980 954 proprio
1007 885 1230 955 templo,
1253 885 1396 954 quod
1415 901 1483 939 ex
1498 887 1740 958 Virgine,
1761 889 2005 958 inquam,

424 973 586 1027 etiam
627 973 774 1042 ligno
816 973 994 1028 aﬁixo.
1040 975 1322 1031 Exsistens
1347 992 1479 1031 vero
1503 985 1564 1030 ut
1601 978 1765 1044 Deus,
1791 979 2010 1048 impati-

413 1065 551 1123 bilis
578 1073 633 1119 et
674 1066 1019 1131 immortalis,
1073 1083 1102 1121 a
1156 1077 1334 1123 morte
1373 1077 1430 1122 ct
1467 1069 1722 1140 passione
1765 1071 2010 1141 seipsum

422 1157 644 1212 exemit.
693 1156 958 1212 Ascendit
999 1165 1186 1213 autem
1226 1160 1282 1214 in
1326 1160 1553 1216 odorem
1588 1161 1872 1217 suavitatis
1900 1163 2010 1217 Deo

415 1263 488 1302 ac
513 1247 661 1302 Patri
691 1264 790 1318 per
818 1250 1104 1320 proprium
1145 1266 1367 1322 corpus,
1408 1253 1552 1322 quod
1583 1253 1700 1323 ipse
1735 1254 2010 1324 accepisse

418 1341 629 1395 .dicit‘ur
679 1357 709 1395 a
750 1342 929 1406 Patre,
977 1344 1130 1414 juxta
1164 1344 1219 1398 id
1255 1346 1403 1414 quod
1445 1346 1502 1400 in
1536 1347 1766 1401 Psalmis
1802 1347 2010 1402 dictum

425 1441 528 1497 est,
565 1434 734 1488 veluti
762 1435 830 1489 ab
860 1436 978 1506 ipso
1006 1455 1017 1488 :
1054 1456 1071 1488 ι
1107 1437 1445 1492 Sacriﬁcium
1469 1447 1526 1494 et
1553 1439 1886 1495 oblationem
1910 1455 2010 1494 no-

417 1523 574 1576 luisti
603 1542 614 1577 :
646 1539 846 1594 corpus
884 1534 1067 1580 autem
1102 1527 1379 1596 perfecisti
1413 1528 1571 1593 mihi,
1614 1529 1932 1584 holocausta
1957 1538 2014 1584 et

419 1631 526 1684 .pro
554 1626 777 1686 peccato
805 1633 916 1671 non
953 1619 1260 1687 postulasti.
1297 1619 1450 1675 Tunc
1481 1620 1590 1676 dixi
1618 1639 1630 1674 :
1661 1622 1802 1677 Ecce
1829 1623 2008 1677 venio.

428 1709 486 1762 In
525 1709 702 1780 capite
731 1709 859 1763 libri
893 1711 1160 1780 scriptum
1185 1719 1271 1766 est
1300 1713 1367 1768 de
1402 1729 1510 1778 me,
1538 1713 1609 1769 Ut
1647 1713 1884 1770 facerem
1916 1731 2013 1770 vo-

2108 519 2172 572 τὸ
2199 517 2414 581 παθεῖν,
2438 517 2553 570 ἀλλ’
2584 518 2648 570 ἐκ
2679 516 2982 586 θελήματος
3009 517 3234 583 οἰκείου,
3261 517 3356 570 καὶ
3376 517 3572 586 βουλῆς
3593 519 3688 573 τοῦ

2108 611 2243 665 Θεοῦ
2278 611 2375 664 καὶ
2412 609 2646 680 Πατρὸς,
2683 609 2822 663 κατά
2846 608 2907 662 τὸ
2937 610 3226 681 εἰρημένον
3261 611 3391 681 παρ’
3423 609 3588 666 αὐτοῦ
3613 611 3691 682 τῷ

2109 702 2320 773 Ποντίῳ
2346 703 2583 772 Πιλάτῳ,
2622 720 2640 752 ι
2681 702 2795 754 Οὐκ
2829 700 2972 770 ἔχεις
2999 703 3120 754 κατ’
3147 700 3284 772 ἐμοῦ
3313 701 3562 766 ἐξουσίαν
3595 702 3692 755 οὐ·

2108 793 2322 864 δεμίαν,
2349 795 2396 846 εί
2431 791 2505 864 μὴ
2524 789 2592 863 ἦν
2616 791 2900 862 δεδομένον
2931 809 3013 844 σοι
3059 792 3286 846 ἄνωθεν.
3325 812 3343 844 ›
3388 793 3691 858 Ἐπιτεθεὶς

2107 884 2164 938 δέ
2185 885 2296 948 τοῖς
2322 883 2500 950 ξύλοις
2526 885 2554 935 6
2601 882 2808 950 Ἰσαὰκ,
2841 883 2935 937 καὶ
2957 881 3053 936 τοῦ
3090 882 3323 938 Θανάτου
3348 886 3443 938 καὶ
3466 885 3562 939 τοῦ
3587 901 3693 938 πα-

2059 1050 2062 1052 ,
2110 975 2224 1030 θεῖν
2245 975 2671 1030 ὑποκλέπτεται.
2699 973 2870 1046 Κριὸς
2891 974 2947 1026 δέ
2970 975 3051 1038 είς
3072 975 3172 1046 τὴν
3199 975 3388 1030 θυσίαν
3408 976 3690 1030 ἀναϐαίνει

2111 1065 2409 1131 θεόσδοτος.
2447 1067 2560 1120 Καὶ
2601 1065 2711 1137 γὰρ
2742 1061 2809 1136 ἦν
2859 1066 2956 1136 μὲν
2995 1066 3164 1130 ὅντως
3194 1069 3222 1120 ὀ
3263 1068 3328 1120 ἐκ
3366 1068 3465 1138 τῆς
3503 1068 3692 1131 οὐσίας

2108 1159 2202 1212 τοῦ
2250 1159 2385 1212 Θεοῦ
2425 1159 2519 1211 καὶ
2560 1157 2774 1228 Πατρὸς
2811 1156 3136 1227 ἀναλάμψας
3165 1157 3337 1227 Λόγος
3370 1159 3430 1214 ἐν
3467 1157 3547 1229 τῷ
3582 1157 3696 1228 ίδίῳ

2110 1251 2244 1323 ναῷ,
2290 1251 2368 1321 τῷ
2399 1253 2462 1304 ἐκ
2487 1249 2788 1321 Παρθένου,
2828 1252 2994 1320 φημὶ,
3043 1252 3136 1303 καὶ
3179 1250 3584 1320 προσηλωθέντι
3617 1249 3697 1320 τῷ

2113 1344 2277 1415 ξύλῳ,
2325 1343 2624 1414 Ὑπάρχων
2659 1342 2716 1394 δέ
2743 1341 2819 1406 ὡς
2852 1342 2984 1406 Θεὸς
3014 1342 3232 1412 ἀπαθὴς
3274 1343 3369 1396 καὶ
3405 1343 3692 1409 ἀθάνατος,

2110 1438 2206 1491 καὶ⁸
2235 1437 2466 1490 Θανάτου
2492 1436 2588 1489 καὶ¹
2617 1433 2825 1496 πάθους
2850 1435 3041 1488 ἐαυτὸν
3068 1435 3353 1504 ὑπεξάγει.
3391 1435 3694 1489 ’Δναϐαίνει

2111 1529 2166 1584 δὲ
2200 1531 2279 1592 είς
2303 1529 2478 1600 ὀσμήν
2503 1528 2732 1592 εὐωδίας
2767 1527 2846 1598 τῷ
2867 1527 2985 1598 Θεῷ
3009 1527 3102 1581 καὶ
3137 1527 3312 1599 llatth
3336 1527 3425 1580 διὰ
3441 1526 3532 1580 τοῦ
3565 1527 3694 1582 ίδίου

2114 1619 2390 1691 σώματος,
2431 1621 2569 1692 ὅπερ
2617 1619 2778 1684 αὐτὸς
2827 1619 3105 1689 εἰληφέναι
3150 1619 3369 1688 λέγεται
3419 1619 3570 1691 παρὰ
3600 1619 3696 1674 τοῦ

2115 1713 2348 1783 Πατρὸς,
2380 1713 2522 1766 κατὰ
2547 1713 2608 1766 τὸ
2635 1714 2694 1767 ἐν
2729 1713 2982 1784 Ψαλμοῖς
3011 1714 3300 1784 εἰρημένον
3327 1713 3403 1777 ὡς
3441 1716 3572 1787 παρ’
3594 1715 3696 1768 αὐ-

429 1800 691 1854 luntatem
723 1812 893 1864 tuam,
931 1801 1076 1856 Deus
1107 1817 1284 1867 meus,
1317 1803 1467 1857 volui
1513 1805 1578 1858 ⁷⁸.
1614 1823 1632 1855 ι
1680 1803 1837 1871 Quod
1879 1820 2012 1861 vero

2123 1804 2237 1857 τοῦ⁹
2273 1823 2291 1856 ι
2328 1804 2532 1859 Θυσίαν
2555 1805 2651 1858 καὶ
2687 1807 3006 1878 προσφορὰν
3043 1806 3145 1858 οὐκ
3187 1805 3483 1876 ἠθέλησας,
3537 1806 3698 1878 σῶμα

429 1904 551 1958 qua!
573 1889 632 1944 in.
667 1890 917 1956 historia,
945 1907 1109 1962 quam
1139 1909 1250 1962 pra:
1275 1894 1530 1948 manibus
1550 1894 1841 1960 habemus,
1876 1911 2010 1950 con-

431 1981 695 2046 tinentur,
737 1982 966 2051 pulchre
1003 1983 1296 2038 admodum
1345 1985 1414 2039 ad
1443 1983 1725 2041 Christum
1765 1985 2012 2040 referan-

433 2082 540 2137 tur,
595 2073 898 2128 testabatur
943 2075 1060 2144 ipse
1110 2075 1343 2130 dicens:
1380 2095 1398 2125 ι
1425 2077 1484 2130 ιη
1515 2077 1693 2146 capite
1725 2077 1851 2132 libri
1874 2079 2014 2133 scri-

432 2175 584 2234 ptum
620 2173 704 2220 est
742 2165 809 2220 de
844 2180 982 2220 me.»
1024 2166 1222 2221 Totum
1259 2167 1407 2222 enim
1444 2168 1642 2238 Moysis
1663 2169 1925 2225 volumen
1957 2171 2014 2225 in

431 2259 674 2328 quinque
713 2259 884 2314 libros
921 2269 1006 2314 est
1026 2260 1310 2330 partitum.
1339 2259 1514 2330 Caput
1539 2269 1720 2316 autem
1745 2263 2015 2332 quodam-

432 2350 597 2404 modo
635 2357 691 2404 et
727 2351 1058 2421 principium
1101 2351 1270 2406 totius
1303 2351 1600 2407 voluminis
1646 2363 1731 2408 est
1783 2354 2013 2422 Genesis,

433 2442 486 2496 in
537 2458 644 2512 qua
677 2443 793 2497 hazc
823 2443 890 2498 de
927 2458 994 2498 eo
1034 2443 1235 2514 scripta
1271 2452 1417 2498 sunt.
1449 2442 1605 2511 Quod
1637 2460 1768 2500 vero
1797 2460 2015 2502 rursum

431 2541 612 2603 caput,
653 2534 709 2587 in
749 2533 919 2588 sacris
950 2532 1136 2590 Libris
1169 2534 1502 2605 principium
1535 2535 1825 2606 signiﬁcet,
1857 2537 2017 2596 facile

436 2626 747 2680 constiterit
779 2627 853 2691 ei,
884 2627 978 2696 qui
1010 2626 1144 2680 illud
1176 2643 1205 2681 a
1233 2627 1402 2682 Paulo
1429 2627 1638 2683 dictum
1663 2629 2015 2686 intellexerit:

442 2734 460 2764 ι
501 2715 638 2781 Quia
663 2717 844 2770 omnis
882 2717 986 2770 viri
1031 2724 1196 2786 caput
1227 2725 1313 2771 est
1337 2715 1612 2783 Christus,
1645 2727 1809 2789 caput
1834 2729 2017 2775 autem

435 2808 686 2863 mulieris
723 2810 834 2874 vir,
872 2819 1038 2880 caput
1074 2817 1258 2862 autem
1287 2807 1512 2874 Christi,
1549 2809 1694 2865 Deus
1717 2811 1783 2865 ⁷⁸.
1813 2831 1830 2862 ι
1864 2812 2024 2866 Prin-

433 2899 638 2970 cipium
686 2899 833 2954 enim
886 2899 992 2953 viri
1035 2909 1118 2954 est
1167 2897 1440 2962 Christus,
1470 2898 1671 2969 quippe
1709 2899 1802 2969 qui
1835 2904 1960 2955 eum
1989 2915 2021 2954 a

434 3005 545 3045 non
589 3005 710 3045 esse
735 2990 803 3044 ad
851 3005 972 3046 esse
1004 2989 1341 3060 perduxerit.
1371 2987 1707 3059 Principium
1735 3006 1867 3044 vero
1895 3006 2020 3043 rur-

426 3097 530 3137 sus
578 3083 825 3138 mulieris
865 3082 971 3147 vir,
1027 3090 1251 3152 propter
1295 3080 1351 3134 id
1401 3079 1547 3149 quod
1595 3080 1800 3134 dictum
1830 3087 1932 3143 est,
1965 3088 2021 3133 et

425 3189 564 3229 vere
594 3174 799 3230 factum
825 3192 836 3226 :
869 3193 886 3224 ι
915 3174 1036 3242 Ipsa
1059 3172 1346 3225 vocabitur
1376 3169 1594 3233 mulier,
1631 3170 1759 3238 quia
1796 3185 1862 3222 cx
1899 3168 2020 3223 viro

429 3265 610 3335 ipsius
648 3271 927 3332 assumpta
956 3270 1040 3315 est
1074 3262 1195 3314 ⁷⁸.-)
1239 3258 1442 3313 Christi
1477 3268 1658 3314 autem
1688 3259 2020 3329 principium

438 3356 610 3409 Deum
635 3354 812 3424 ipsum
845 3367 964 3405 esse
1009 3351 1120 3416 ait;
1163 3349 1434 3420 siquidem
1469 3365 1535 3404 ex
1560 3349 1679 3420 ipso
1715 3349 2020 3404 sectindum

439 3454 690 3500 naturam
743 3452 828 3497 est
875 3443 1066 3507 Filius,
1112 3451 1168 3497 et
1209 3441 1539 3512 principium
1591 3442 1756 3496 habet
1806 3441 2019 3496 Patrem

436 3536 714 3608 principio
750 3542 1048 3599 carentem,
1100 3533 1209 3604 87
1261 3533 1594 3603 scmpiterne
1646 3531 1849 3603 alioqui
1897 3548 2022 3588 cum

440 3631 563 3696 ipso
587 3626 944 3681 cocxsistcns.

2072 1952 2079 1958 _
2113 1897 2170 1950 δὲ
2199 1896 2516 1968 κατηρτίσω
2537 1914 2649 1967 μοι,
2679 1896 3126 1968 ὁλοκαυτώματα,
3147 1898 3242 1950 καὶ
3269 1899 3398 1968 περὶ
3421 1897 3698 1967 ἁμαρτίας

2111 1988 2214 2041 οὐκ
2245 1986 2566 2056 εὐδόκησας.
2590 1987 2725 2041 Τότε
2756 1983 2931 2041 εἷπον·
2971 1987 3109 2042 Ἰδοὺ
3133 1987 3274 2058 ήκω.
3322 1989 3410 2041 Ἑν
3450 1987 3700 2056 κεφαλίδι

2117 2077 2326 2149 βιϐλίου
2354 2078 2668 2150 γέγραπται
2687 2079 2817 2150 περὶ
2838 2079 2970 2150 ἐμοῦ
2991 2096 3004 2109 ·
3027 2078 3133 2132 Τοῦ
3160 2079 3385 2150 ποιῆσαι
3405 2079 3465 2133 τὸ
3481 2080 3693 2151 θέλημά

2118 2188 2211 2224 σου
2253 2170 2584 2242 ήϐουλήθην.
2640 2191 2659 2223 ι
2709 2171 2920 2224 Ὅτιδέ
2975 2169 3042 2223 τά
3085 2172 3147 2224 ἐκ
3198 2171 3298 2242 τῆς
3342 2172 3699 2244 προτεθείσης

2115 2263 2248 2333 ἡμῖν
2279 2262 2519 2332 ἱστορίας
2545 2261 2725 2324 καλῶς
2754 2261 2817 2331 δὴ
2847 2261 2968 2313 λίαν
2999 2262 3078 2323 είς
3111 2260 3346 2330 Χριστὸν
3380 2261 3703 2330 άνοισθήσε-

2117 2369 2228 2416 ται,
2253 2353 2598 2424 μαρτυρήσει
2621 2352 2783 2406 πάλιν
2811 2352 2968 2414 αὑτός
3001 2368 3100 2403 που
3123 2350 3298 2419 λέγων
3321 2367 3334 2380 ο
3371 2370 3388 2402 ι
3424 2349 3514 2403 Ἐν
3534 2368 3703 2420 κεφα-

2116 2443 2220 2498 λίδι
2265 2443 2472 2514 βιϐλίου
2524 2443 2836 2514 γέγραπται
2883 2443 3014 2514 περὶ
3055 2440 3211 2513 ἐμοῦ.
3269 2459 3288 2494 ι
3337 2441 3550 2495 Βιδλίον
3588 2442 3701 2514 γὰρ

2117 2533 2456 2604 πενταμερές
2504 2532 2624 2586 ὅλον
2659 2533 2774 2585 ἐστὶ
2811 2530 2871 2584 τὸ
2917 2531 3166 2594 Μωσέως
3208 2531 3521 2600 σοφώτατον
3567 2533 3699 2601 σύγ-

2118 2641 2373 2695 γραμμα.
2432 2624 2660 2694 Κεφαλὴ
2700 2623 2755 2676 δὲ
2797 2623 2985 2695 ὥσπερ
3021 2624 3116 2676 καὶ
3165 2623 3309 2695 ἀρχὴ
3341 2622 3438 2677 τοῦ
3491 2623 3698 2702 βιϐλίου

2120 2715 2342 2781 παντὸς,
2377 2717 2409 2786 ή
2443 2716 2675 2786 ἐπίκλην
2719 2713 2994 2782 Γένεσις,
3030 2717 3088 2769 ἐν
3113 2708 3346 2790 ταῦτα
3385 2718 3698 2790 γέγραπται

2121 2805 2250 2878 περὶ
2295 2806 2557 2878 Χριστοῦ.
2603 2806 2725 2860 Ὅτι
2769 2805 2825 2860 δὲ
2860 2805 3023 2859 πάλιν
3051 2806 3086 2877 ή
3121 2805 3358 2875 κεφαλὴ
3392 2806 3490 2879 τήν
3526 2807 3701 2880 ἀρχὴν
3779 2876 3782 2877 ν

2122 2897 2274 2969 παρὰ
2302 2901 2420 2961 ταῖς
2445 2897 2621 2962 θείαις
2649 2897 2905 2968 σημαίνει
2933 2898 2974 2949 Γ
2979 2899 3200 2968 ραφαίς,
3235 2898 3702 2974 πληροφορηθήσῃ

2122 2989 2325 3052 καλῶς,
2340 2990 2515 3041 ἐκεῖνο
2540 2988 2910 3060 συνιεὶς,ὃπερ
2929 2990 2957 3042 6
2972 2988 3182 3052 Παῦλὸς
3205 3006 3370 3060 φησιν
3394 3007 3408 3022 ’
3440 3009 3456 3042 ι
3471 2974 3701 3062 Ὅτιπερ

2124 3079 2327 3143 παντὸς
2365 3080 2608 3151 ἀνδρὸςή
2633 3081 2871 3150 κεφαλὴ,
2895 3081 2923 3133 6
2941 3080 3184 3152 Χριστὸς
3212 3082 3620 3153 ἐστιν.Κεφαλὴ
3645 3083 3701 3137 δὲ

2130 3171 2412 3242 γυναικὸς,
2429 3173 2628 3243 ὁάνήρ.
2654 3173 2882 3242 Κεφαλή
2902 3173 2959 3227 δὲ
2987 3173 3248 3245 Χριστοῦ,
3269 3174 3494 3238 ὀΘεός.»
3532 3173 3702 3245 Ἀρχὴ

2131 3263 2230 3335 μὲν
2264 3263 2372 3334 γὰρ
2394 3261 2487 3316 τοῦ
2529 3262 2720 3334 ἀνδρὸς
2747 3265 2776 3316 6
2806 3265 3040 3335 Χριστὸς
3061 3305 3074 3331 ,
3105 3263 3182 3328 ὠς
3219 3265 3286 3318 ἐκ
3315 3266 3409 3319 τοῦ
3444 3266 3521 3337 μὴ
3549 3267 3702 3328 ὄντος

2129 3355 2208 3419 εἰς
2241 3354 2301 3407 τὸ
2337 3349 2476 3408 εἶναι
2509 3353 2885 3424 παρενεγκών.
2929 3353 3098 3425 Ἀρχὴ
3136 3353 3192 3406 δέ
3223 3354 3385 3408 πάλιν
3427 3355 3573 3408 ἐστὶν
3605 3353 3702 3424 τῆς

2137 3447 2396 3515 γυναικὸς
2444 3447 2473 3499 6
2516 3445 2674 3516 ἀνὴρ,
2712 3445 2800 3498 διὰ
2833 3445 2893 3498 τὸ
2938 3445 3226 3517 εἰρημένον
3261 3462 3320 3498 τε
3345 3446 3437 3499 καὶ
3486 3445 3704 3515 άληθῶς

2137 3536 2549 3608 πεπραγμένον·
2601 3555 2619 3588 ι
2654 3535 2800 3607 Αὕτη
2847 3535 3181 3606 κληθήσεται
3220 3536 3378 3606 γυνὴ,
3405 3536 3487 3589 ὅτι
3514 3536 3579 3587 ἐκ
3609 3531 3708 3588 τοῦ

2131 3627 2324 3698 ἀνδρὸς
2367 3627 2538 3699 αὐτῆς
2587 3627 2816 3699 ἐλήφθη.
2851 3644 2870 3678 ι
2921 3626 3161 3698 Χριστοῦ
3196 3627 3255 3681 δὲ
3303 3627 3499 3699 ἀρχὴν,
3543 3625 3706 3679 αὑτὸν

441 3715 584 3774 εἷναί
609 3736 741 3788 φησι
785 3717 878 3771 τὸν
921 3717 1072 3783 Θεὸν,
1111 3717 1342 3789 ἐπείπερ
1377 3718 1436 3785 ἐξ
1477 3718 1639 3772 αὑτοῦ
1674 3717 1816 3772 κατὰ
1859 3718 2018 3790 φύσιν
2059 3719 2205 3772 ἐστὶν
2257 3722 2285 3774 6
2339 3720 2484 3787 Υἱὸς,
2521 3721 2615 3775 καὶ
2637 3721 2808 3792 ἀρχὴν
2831 3719 3062 3791 ἄναρχος
3091 3719 3202 3792 ἔχει
3232 3719 3322 3773 τὸν
3349 3719 3704 3791 γεννήσαντα,

443 3817 582 3889 μετᾶ
606 3815 701 3869 καὶ
738 3813 831 3867 τοῦ
865 3814 1230 3885 συνυπάρχειν
1259 3815 1446 3878 ἁϊδίως
1481 3815 1650 3886 αὐτῷ.

514 3911 566 3964 5.
607 3908 822 3980 Optime
879 3908 1067 3978 igitur,
1097 3923 1216 3962 mea
1269 3908 1493 3978 quidem
1546 3911 1852 3977 sententia,
1896 3911 2027 3966 huic

445 4002 687 4059 historia:
726 3999 930 4056 Christi
979 3999 1296 4070 mysterium
1352 4001 1872 4057 accommodabitur.
1913 4004 2026 4074 Ego

443 4110 578 4151 vero
606 4108 805 4148 censeo
839 4093 1086 4146 divinum
1112 4091 1385 4147 Abraham
1413 4108 1625 4147 summe
1659 4095 1819 4150 nobis
1850 4096 2026 4150 admi-

448 4185 718 4247 randum,
777 4182 1115 4250 summisque
1169 4182 1423 4236 laudibus
1481 4185 1824 4240 evehendum
1876 4203 2024 4254 esse;

2204 3915 2272 3976 γ’,
2315 3906 2546 3980 Ἀριστα
2577 3906 2674 3977 μὲν
2723 3900 2852 3969 οὖν,
2909 3903 3161 3974 καθάπερ
3191 3894 3424 3973 ἐγῷμαι,
3467 3903 3578 3964 τοῖς
3612 3902 3708 3973 τῆς

2137 3998 2375 4070 ἱστορίας
2413 3997 2591 4064 λόγοις
2645 3997 2987 4066 ἐφήρμοσται
3033 3993 3094 4048 τὸ
3128 3994 3443 4065 μυστήριον.
3483 3991 3604 4063 Χρὴ
3627 3992 3706 4058 δέ,

2135 4089 2311 4162 οἴμαι,
2337 4089 2519 4143 λοιπὸν
2549 4087 2772 4158 ἐξαισίῳ
2803 4086 3040 4158 θαύματι
3062 4082 3554 4139 κατακαλλύνεσθαι
3573 4083 3710 4154 πρὸς

2135 4185 2292 4254 ήμῶν
2340 4182 2430 4235 τὸν
2468 4180 2756 4234 θεσπέσιον
2820 4178 3102 4250 Ἀϐραὰμ,
3134 4177 3229 4232 καὶ
3265 4179 3376 4240 τοῖς
3423 4177 3502 4239 είς
3542 4175 3712 4246 ἄκρον

450 4284 712 4347 ρτωιθτοα
732 4273 903 4328 divini
929 4271 1146 4326 artiﬁcii
1173 4273 1598 4342 profunditatem
1621 4287 1874 4332 accurate
1895 4293 2019 4331 con-

2135 4273 2378 4336 ἐπαίνοις
2412 4271 2610 4324 εὐκλεᾶ
2637 4273 2750 4334 τοῖς
2789 4268 3099 4340 ἁπανταχοῦ
3129 4268 3226 4322 καὶ
3254 4268 3550 4339 περίοπτον
3579 4268 3714 4320 ἀνα-

451 4365 820 4422 siderandam.
845 4363 1184 4419 Tentabatur
1199 4365 1347 4418 enim
1368 4365 1587 4420 divinus
1607 4367 1902 4433 Abraham,
1919 4384 2028 4422 non

453 4460 738 4530 ignorante
765 4457 876 4511 Deo
901 4465 1155 4510 eventum
1193 4455 1270 4509 rei
1307 4473 1318 4508 :
1351 4471 1528 4524 neque
1559 4457 1704 4510 enim
1732 4457 2029 4526 quidquam

451 4552 618 4604 lateat
667 4557 906 4602 mentem
961 4546 1204 4600 omnium
1257 4545 1552 4600 consciam.
1606 4546 1815 4601 Idcirco
1865 4547 2029 4602 etiam

453 4641 599 4694 Deus
625 4637 762 4692 dixit
797 4655 808 4689 :
846 4654 864 4686 ι
897 4634 1030 4700 Quis
1060 4644 1146 4689 est
1175 4634 1286 4698 hic,
1314 4634 1410 4703 qui
1437 4636 1577 4690 celat
1605 4652 1692 4690 me
1720 4637 2028 4701 consilium,

457 4727 748 4784 continens
767 4735 949 4780 autem
972 4725 1140 4779 verba
1167 4725 1220 4778 in
1243 4725 1407 4780 corde
1426 4741 1512 4780 me
1534 4735 1690 4796 putat
1714 4727 1882 4782 latere
1903 4729 1984 4782 ⁷⁷2
2006 4748 2022 4780 ι

455 4822 525 4876 Ει
557 4836 655 4891 per
683 4833 873 4872 vocem
903 4817 1054 4871 Isaia:
1087 4832 1305 4871 rursum
1334 4835 1347 4871 :
1384 4835 1403 4868 ι
1433 4816 1568 4883 Quia
1593 4833 1693 4889 ego
1720 4834 1840 4873 sum
1866 4819 2028 4883 Deus,

455 4923 512 4968 et
557 4927 667 4968 non
709 4919 794 4966 est
832 4909 974 4964 alius
1011 4919 1209 4979 printer
1251 4924 1338 4964 mc
1371 4907 1440 4974 ⁷⁸,
1501 4911 1833 4966 annuntians
1879 4912 2032 4981 prius

455 5004 751 5060 novissima
769 5001 1083 5072 priusquam
1103 4998 1251 5062 ﬁant,
1275 4998 1506 5054 etsimul
1536 5002 1803 5070 completa
1835 5014 1981 5056 sunt.
2009 5022 2026 5053 ›

457 5094 771 5152 Absurdum
813 5094 994 5162 itaque
1029 5091 1084 5145 in
1119 5091 1314 5161 primis
1341 5090 1697 5161 iudicandum
1731 5091 1914 5158 fuerit,
1949 5111 2038 5148 ar—

460 5187 652 5242 bitrari
683 5187 855 5240 Deum
886 5185 1056 5240 totius
1085 5181 1325 5238 universi
1360 5181 1542 5237 futura
1578 5183 1850 5253 ignorare,
1880 5185 2035 5239 ideo-

461 5294 568 5349 que
615 5285 826 5331 tentare
867 5275 1160 5330 Abraham.
1207 5273 1474 5330 Cactcrum
1511 5276 1880 5329 necessarium
1921 5285 2038 5330 erat

461 5383 572 5423 non
601 5369 656 5422 in
681 5367 793 5422 sola
821 5366 916 5421 Dei
945 5365 1255 5436 cognitione
1275 5365 1408 5434 justi
1442 5373 1605 5434 caput
1631 5365 1915 5430 illustrari,
1943 5367 2037 5422 sed

461 5459 635 5530 ipsius
672 5457 909 5523 laudem,
945 5455 1375 5528 praeclarissimis
1417 5456 1582 5511 rebus
1627 5465 1875 5512 testatam
1919 5474 2037 5511 om-

464 5551 616 5605 nium
651 5551 960 5620 cognitione
993 5547 1494 5619 approbationeque
1533 5548 1821 5603 celebrari.
1864 5549 2036 5620 Opor-

2135 4361 2468 4417 δείκνυσθαι.
2521 4361 2631 4414 Καὶ
2679 4359 2814 4430 πρός
2851 4375 2914 4427 γε
2959 4357 3024 4429 δὴ
3073 4357 3249 4426 τούτῳ
3297 4355 3713 4428 περιαθρεῖσθαι

2139 4455 2325 4525 σαφῶς
2350 4456 2451 4525 τῆς
2494 4452 2642 4514 θείας
2674 4449 2954 4520 εὐτεχνίας
2982 4450 3114 4518 ἡμῖν
3142 4447 3200 4501 τὸ
3231 4446 3415 4519 βάθος.
3457 4446 3716 4518 Ἐπειρά-

2139 4546 2261 4612 ζετο
2291 4549 2398 4616 γὰρ
2423 4546 2451 4598 6
2477 4542 2764 4604 θεσπέσιος
2799 4539 3073 4611 Ἀϐραὰμ,
3091 4539 3193 4591 οὐκ
3219 4537 3550 4608 ἡγνοηκότος
3577 4535 3714 4589 Θεοῦ

2137 4637 2199 4690 τὸ
2237 4635 2513 4705 ἐσόμενον.
2561 4629 2726 4685 Λάθοι
2770 4628 2880 4699 γὰρ
2921 4629 2985 4681 ἂν
3014 4626 3167 4680 οὐδὲν
3191 4625 3284 4679 τὸν
3313 4625 3494 4679 πάντα
3536 4623 3714 4678 είδάτα

2144 4727 2288 4781 νοῦν.
2326 4725 2613 4796 Τοιγάρτοι
2645 4723 2740 4776 καὶ
2771 4721 3006 4790 ἔφασκε·
3046 4737 3064 4769 ι
3102 4716 3199 4779 Τίς
3227 4711 3381 4778 οὗτος
3401 4717 3430 4768 6
3457 4716 3717 4786 κρύπτων

2145 4837 2210 4891 με
2241 4818 2456 4890 βουλὴν,
2487 4816 2728 4886 συνέχων
2757 4813 2812 4866 δέ
2844 4814 3062 4883 ῥήματα
3093 4810 3150 4860 ἐν
3175 4807 3392 4878 καρδία,
3418 4807 3517 4877 ἐμὲ
3545 4805 3718 4858 οἴεται

2145 4909 2438 4980 κρύπτειν;
2483 4926 2500 4960 ι
2548 4907 2640 4959 καὶ
2677 4903 2766 4956 διὰ
2807 4901 2990 4970 φωνῆς
3033 4898 3255 4951 Ἡσαΐου
3289 4896 3450 4950 πάλιν
3481 4911 3495 4926 ο
3538 4915 3556 4946 ι
3594 4896 3719 4948 Ὅτι

2143 4999 2252 5070 ἐγώ
2275 5003 2390 5070 είμι
2415 5002 2442 5052 6
2470 4998 2622 5060 Θεὸς,
2646 4996 2738 5049 καὶ
2765 4994 2864 5047 οὐκ
2893 4992 3038 5045 ἐστιν
3065 4991 3143 5042 ἐτι
3167 4989 3305 5058 πλὴν
3329 4987 3484 5060 ἐμοῦ.
3528 4988 3720 5055 ’Δναγο

2143 5091 2346 5161 γέλλων
2385 5090 2648 5160 πρότερον
2700 5087 2769 5140 τὰ
2810 5083 3015 5154 ἔσχατα
3063 5081 3194 5152 πρὶν
3233 5080 3374 5134 αὐτὰ
3421 5078 3717 5148 γενέσθαι,

2145 5183 2239 5236 καὶ
2265 5182 2380 5252 ἅμα
2409 5178 2834 5234 συντετέλεσται.
2865 5195 2879 5227 ι
2901 5171 3107 5227 Οὐκοῦν
3132 5171 3479 5242 ἀπόπληκτον
3499 5169 3718 5242 κομιδῇ,

2145 5275 2239 5329 καὶ
2265 5277 2322 5328 ἐν
2347 5277 2458 5336 τοῖς
2486 5273 2624 5341 ἄγαν
2655 5268 3056 5338 ἁπηχεστάτοις
3095 5262 3568 5334 καταλογιούμεθα
3593 5277 3726 5331 φροο

2146 5365 2360 5427 νοῦντες
2387 5363 2583 5435 ὀρθῶς,
2609 5362 2668 5414 τὸ
2687 5357 3014 5430 ἠγνοηκέναι
3041 5358 3138 5429 μὲν
3167 5355 3372 5411 οἴεσθαι
3393 5355 3462 5408 τὰ
3489 5353 3722 5422 ἐσόμενα

2147 5459 2237 5511 τὸν
2279 5457 2387 5510 τῶν
2444 5456 2580 5510 ὅλων
2639 5451 2797 5513 Θεὸν,
2848 5451 3131 5520 πειράζειν
3181 5449 3237 5502 δέ
3291 5446 3380 5508 διὰ
3429 5445 3588 5499 τοῦτο
3632 5443 3725 5495 τὸν
3805 5470 3810 5472 -

2163 5550 2430 5621 Ἀϐραάμ.
2477 5547 2612 5600 Ἀλλ’
2643 5543 2712 5618 ἦν
2762 5546 3058 5615 ἀναγκαῖον
3083 5586 3096 5609 ,
3143 5541 3216 5612 μὴ
3250 5542 3306 5592 ἐν
3353 5538 3552 5608 είδήσει
3587 5535 3725 5606 μόνῃ

541 5669 754 5726 "Joan.
794 5670 1015 5738 3:13.11.
1095 5669 1141 5699 ⁷⁸
1174 5669 1314 5723 Psal.
1344 5685 1525 5733 xxx“,
1557 5671 1628 5737 9;
1667 5672 1832 5726 Ilcbr.
1870 5688 1920 5728 χ.
1956 5672 2005 5724 7.
2085 5673 2128 5703 ⁷⁸
2173 5672 2189 5724 l
2225 5670 2350 5724 Cor.
2393 5685 2466 5733 xl,
2492 5668 2558 5733 3;
2587 5668 2785 5738 Ephes.
2813 5683 2865 5733 γ,
2891 5666 2978 5720 2'5.
3054 5637 3258 5716 7.‘Gen.
3308 5674 3364 5723 ιι,
3389 5655 3478 5711 25.
3556 5654 3603 5688 ⁷⁷
3622 5649 3731 5712 Job

474 5741 764 5808 xxxvmﬂ.
845 5734 891 5772 7“
938 5741 1039 5794 lsa.
1096 5755 1210 5794 κων.
1287 5738 1454 5792 18-29
