4050 6210
316 297 420 354 ηε

1333 290 1850 348 GLAPHYRORUM
1887 291 1954 347 IN
1992 292 2291 349 GENESIM
2329 295 2456 350 LIB.
2497 296 2584 352 ΠΙ,

3463 296 3578 354 146.

317 419 383 488 τῇ
430 413 580 484 παρά
627 412 750 480 Θεῷ
799 411 896 484 τὴν
944 410 1037 464 τοῦ
1093 409 1304 465 δικαίου
1338 411 1894 484 καταλαμπρύνεσθαι

2005 412 2145 467 tebat
2195 413 2358 468 etiam
2407 429 2683 468 sacrarum
2725 412 3056 468 Litterarum
3100 413 3368 482 praeconio
3410 430 3564 469 sum-

317 504 592 575 κεφαλήνο
641 502 1038 574 εύκλεεστάτην
1096 502 1153 556 δέ
1205 503 1405 574 μᾶλλον
1452 503 1892 574 καταπλουτῆσαι

317 597 414 669 τὴν
445 593 726 659 εὔκλειαν,
761 595 855 648 καὶ
880 595 937 647 ἐν
961 595 1080 658 ταῖς
1113 594 1370 648 ἀπάντων
1398 595 1633 664 γνώσεσι
1665 594 1751 648 διὰ
1776 595 1894 647 πεί-

321 705 424 760 ρας
450 687 624 756 αὐτῆς
654 687 741 756 ἐφ’
767 687 938 742 ἃπασι
967 688 1074 749 τοῖς
1096 687 1337 756 ἀρίστοις
1367 686 1891 758 μεμαρτυρημένηνο

319 765 466 832 Ἔδει
485 778 574 831 καὶ
591 776 679 830 διὰ
694 776 799 832 τῶν
820 775 977 848 ἱερῶν
995 776 1215 847 βοᾶσθαι
1238 779 1612 849 Γραμμάτων,
1637 779 1718 832 ὅτι
1747 779 1897 831 πλεῖ-

319 884 442 920 στον
474 867 598 920 ὅσον
624 867 683 918 ἐν
709 865 859 936 αύτῴ
902 865 962 919 τὸ
987 866 1218 937 εὐήνιον,
1259 868 1352 921 καὶ
1373 869 1481 921 τῶν
1510 868 1895 938 θεσπισμάτων

321 955 491 1019 πολὺς
521 950 590 1026 ἦν
629 957 658 1008 6
701 954 894 1022 λόγος,
938 953 1135 1023 μᾶλλον
1168 955 1225 1007 δέ
1253 955 1317 1007 τὸ
1355 954 1683 1026 ὑπερτεροῦν
1722 953 1892 1009 οὐδέν.

320 1041 468 1100 ’Πκε
494 1047 550 1100 δὲ
581 1047 661 1109 είς
688 1044 849 1098 τοῦτο
881 1044 1106 1116 γνώμης
1127 1063 1184 1099 τε
1215 1046 1309 1099 καὶ
1341 1046 1680 1117 προθυμίας,
1703 1047 1776 1109 ὡς
1805 1047 1898 1099 καὶ

324 1140 494 1207 αὐτῆς
524 1139 783 1208 ἀλογήσαι
812 1138 911 1207 τῆς
945 1139 1025 1200 είς
1062 1138 1252 1191 τέκνον
1285 1139 1528 1208 ἀγάπης,
1555 1139 1651 1192 καὶ
1673 1140 1773 1210 τὴν
1801 1140 1897 1210 τῆς

331 1223 705 1286 παιδοκτονίας
743 1223 818 1294 μὴ
849 1224 1161 1277 καταδεῖσαι
1190 1226 1432 1297 γραφήν.
1470 1227 1579 1279 Καὶ
1610 1227 1760 1295 τόγε
1795 1245 1898 1280 πα-

326 1315 686 1386 ραδοξότερον,
737 1316 795 1369 ἐν
837 1317 985 1387 αὐτῷ
1023 1317 1398 1388 προσεδόκησε
1461 1317 1640 1390 πατὴρ
1682 1318 1897 1373 ἔσεσθαι

326 1407 540 1460 πολλῶν
564 1406 758 1462 ἐθνῶν.
799 1408 939 1461 Ἀλλ’
968 1408 1086 1478 ᾔδει
1108 1409 1200 1462 καὶ
1222 1408 1559 1479 ἀψευδοῦντα
1582 1409 1719 1481 πρὸς
1742 1410 1899 1464 τοῦτο

321 1498 476 1552 Θεόν.
500 1492 633 1551 Εἶτα
652 1498 1047 1570 προσεκόμιζεν
1069 1502 1147 1564 είς
1172 1500 1362 1554 Θυσίαν
1392 1500 1452 1554 τὸ
1475 1501 1778 1573 παιδάριον,
1799 1502 1899 1555 οὐκ

325 1593 384 1642 ἐν
425 1587 732 1656 ἀπογνώσει
782 1587 1021 1657 γεγονὼς
1081 1590 1187 1643 τῶν
1244 1591 1701 1662 ἐπηγγελμένων,
1764 1592 1899 1646 ἀλλά

323 1678 442 1738 ταῖς
472 1676 568 1729 τοῦ
619 1676 890 1729 Δεσπότου
940 1677 1230 1746 δυνάμεσιν
1268 1679 1518 1743 ἀναθεὶς,
1551 1680 1610 1733 τὸ
1654 1681 1801 1744 ὅπως
1833 1680 1899 1734 ἂν

1994 517 2136 555 mam
2175 503 2292 572 ejus
2329 503 2696 558 obedientiam
2732 501 3028 569 decantari,
3057 501 3312 572 quodque
3345 503 3562 560 divino-

1996 608 2115 646 rum
2147 602 2540 663 prteceptorum
2573 607 2820 664 magnam
2848 592 3113 646 rationem
3144 591 3417 656 habuerit,
3454 593 3564 647 imc

1995 683 2140 753 quod
2177 683 2312 737 nihil
2345 684 2499 753 prius
2526 683 2632 738 illis
2660 683 2878 737 dixerit.
2913 681 2991 736 lta
3019 683 3164 736 enim
3191 681 3420 736 aﬁ‘ectus
3442 682 3566 745 fuit,

1997 773 2242 842 adeoque
2283 783 2536 842 prompto
2577 773 2780 839 animo,
2821 780 2881 826 ut
2919 774 3096 842 ipsum
3131 772 3296 827 etiam
3335 788 3463 844 erga
3505 775 3569 827 ﬁ-

1996 864 2128 918 lium
2156 880 2394 918 amorem
2426 864 2744 934 neglexerit,
2779 873 2946 934 utque
2978 864 3074 918 ﬁlii
3109 865 3193 919 sui
3225 865 3428 922 eadem
3459 881 3575 920 non

1996 961 2302 1007 vereretur.
2337 953 2404 1006 Et
2427 952 2571 1022 quod
2602 953 2772 1022 magis
2797 953 3128 1017 mirandum,
3151 953 3206 1007 in
3236 954 3354 1023 ipso
3383 970 3569 1023 spera-

1998 1042 2091 1097 bat
2121 1051 2276 1112 pater
2306 1042 2424 1097 ﬁeri
2457 1043 2750 1098 multarum
2781 1045 3044 1114 gentium.
3071 1043 3341 1100 Caeterum
3365 1045 3576 1103 sciebat

1997 1137 2169 1190 Deum
2203 1136 2424 1190 mentiri
2455 1151 2565 1191 non
2591 1152 2770 1207 posse.
2809 1137 3013 1208 Deinde
3045 1137 3270 1192 adduxit
3303 1137 3474 1196 ﬁlium
3503 1139 3586 1194 ad

1998 1215 2346 1292 sacriﬁcium,
2382 1242 2494 1281 non
2515 1228 2582 1282 de
2603 1228 2981 1298 promissionis
3009 1229 3240 1284 veritate
3267 1230 3568 1301 ambigens,

2000 1315 2093 1369 sed
2126 1315 2192 1369 ad
2216 1315 2431 1370 Domini
2457 1324 2782 1386 potestatem
2812 1317 3074 1382 referens,
3099 1334 3333 1387 quanam
3360 1319 3573 1375 ratione

1993 1406 2338 1477 jurijurando
2367 1422 2466 1462 suo
2510 1417 2698 1463 staret.
2734 1409 2922 1478 Neque
2955 1423 3086 1462 vero
3127 1409 3446 1480 infrugifera
3486 1425 3574 1464 res

1999 1497 2049 1550 ei
2089 1497 2211 1561 fuit,
2239 1500 2466 1556 tentatio
2516 1515 2639 1554 cum
2693 1508 2843 1555 tanta
2914 1501 3212 1556 acerbitate
3258 1503 3568 1572 conjuncta.

2002 1588 2240 1643 Edoctus
2259 1590 2406 1643 enim
2430 1597 2532 1655 est,
2554 1589 2723 1644 veluti
2748 1605 2814 1644 ex
2835 1604 2900 1644 eo
2921 1589 3067 1659 quod
3087 1597 3412 1644 eventurum
3432 1598 3568 1648 erat.

2004 1679 2420 1733 resurrectionis
2463 1694 2494 1733 a
2538 1680 2768 1734 mortuis
2826 1695 3042 1734 omnem
3093 1680 3362 1735 rationem
3407 1691 3570 1749 supe—

323 1769 491 1839 εἰδείη
537 1765 780 1838 πληροῦν
825 1768 886 1820 τὸ
928 1767 1270 1838 ὠμοσμένον.
1300 1770 1410 1823 Καὶ
1441 1772 1542 1824 οὐκ
1581 1771 1809 1842 ἀκερδὲς
1840 1771 1902 1825 τὸ

2005 1785 2128 1833 rans
2164 1777 2329 1839 atque
2363 1771 2690 1839 stupendum
2720 1770 3042 1825 miraculum
3074 1789 3085 1822 :
3116 1778 3379 1839 praeterea
3405 1785 3572 1824 vene—

325 1859 516 1929 χρῆμα
536 1859 707 1929 αὐτῷ,
725 1860 902 1914 καίτοι
923 1860 1011 1913 διὰ
1035 1861 1230 1933 πείρας
1250 1861 1378 1914 ἰόντι
1398 1865 1495 1933 τῆς
1513 1861 1653 1916 οὕτω
1674 1865 1896 1934 πικρᾶς.

338 1951 686 2005 Ἕδιδάσκετο
720 1951 832 2022 γὰρ
859 1952 936 2015 ὡς
965 1953 1073 2006 ἀπό
1107 1970 1170 2021 γε
1217 1953 1312 2006 τοῦ
1347 1955 1631 2025 μέλλοντος
1664 1955 1899 2026 συμϐαί-

328 2056 458 2103 νειν,
493 2041 597 2110 τῆς
639 2043 701 2093 ἐκ
745 2043 955 2112 νεκρῶν
993 2043 1342 2107 ἀναστάσεως
1393 2045 1455 2098 τὸ
1499 2044 1658 2114 λόγου
1701 2047 1902 2109 παντὸς

327 2129 467 2200 πέρα
488 2129 585 2182 καὶ
609 2128 969 2196 ἀξιάκουστον
992 2129 1176 2200 θαῦμα
1195 2171 1207 2194 ,
1236 2131 1331 2184 καὶ
1360 2125 1584 2202 προσέτι
1611 2133 1670 2186 τὸ
1699 2134 1897 2187 σεπτὸν

324 2219 418 2273 καὶ
454 2219 601 2290 μέγα
641 2219 739 2290 τῆς
787 2219 1252 2290 ἐνανθρωπήσεως
1294 2221 1385 2274 τού
1425 2222 1763 2295 Μονογενοῦς
1799 2240 1900 2290 μυ·

327 2308 565 2378 στήριον.
603 2308 715 2361 Καὶ
757 2309 889 2376 γοῦν
937 2311 965 2362 6
1001 2308 1287 2374 θεσπέσιος
1334 2311 1568 2377 Παῦλος,
1605 2331 1624 2365 ι
1677 2315 1898 2376 Πίστει,

329 2400 497 2470 φησὶ,
550 2400 950 2471 προσενήνοχεν
1005 2401 1259 2473 Ἀϐραὰμ
1287 2404 1378 2458 τὸν
1429 2406 1618 2460 Ἰσαάκ
1645 2403 1901 2477 πειραζόσ

331 2508 518 2563 μενος,
555 2491 772 2546 καὶτὸν
808 2493 1069 2563 μονογενῆ
1105 2493 1439 2566 προσέφερεν
1473 2498 1500 2550 6
1528 2495 1626 2560 τὰς
1665 2497 1902 2566 ἐπαγγε-

325 2581 438 2645 λίας
471 2581 884 2653 ἀναδεξάμενος.
917 2583 1056 2653 Πρὸς
1079 2583 1137 2638 ὃν
1158 2584 1410 2657 ἐλαλήθη·
1431 2587 1518 2640 Ἐν
1561 2586 1746 2641 Ἰσαὰκ
1773 2587 1903 2658 κλη-

329 2667 551 2738 θήσεταί
584 2687 666 2722 σοι
703 2670 926 2740 σπέρμα
944 2687 957 2700 ·
989 2671 1348 2743 λογισάμενος
1379 2676 1459 2728 ὅτι
1485 2676 1576 2729 καὶ⁵
1605 2678 1670 2729 ἐκ
1692 2677 1900 2747 νεκρῶν

329 2759 540 2830 ἐγεῖραι
571 2759 796 2823 δυνατὸς
828 2763 856 2813 6
885 2761 1038 2825 Θεὸς,
1072 2763 1192 2817 ὄθεν
1219 2765 1378 2817 αὐτὸν
1407 2767 1503 2819 καὶ
1537 2770 1593 2820 ἐν
1616 2768 1900 2839 παραϐολῇ

329 2852 643 2923 ἐκομίσατο.
694 2872 712 2905 ι
778 2855 995 2926 Ἐπειδὴ
1043 2856 1150 2926 γὰρ
1189 2856 1377 2926 ἔμελλε
1419 2858 1562 2912 κατὰ
1610 2862 1834 2931 καιροὺς
1875 2863 1903 2915 6

330 2944 457 3009 Θεὸς
502 2947 598 2999 καὶ
641 2945 867 3017 Πατὴρ,
907 2947 1061 3017 ῥίζαν
1111 2948 1300 3020 ῶσπερ
1347 2950 1508 3004 αὑτὸν
1546 2953 1640 3004 καὶ
1687 2953 1903 3021 γένεσιν

333 3038 540 3108 μυρίων
567 3039 708 3091 ὅσων
738 3038 1060 3106 ἀποφαίνειν
1094 3039 1294 3103 ἐθνῶν,
1333 3039 1624 3103 τεθνεῶτος
1652 3042 1792 3113 ὑπὲρ
1808 3042 1900 3096 τοῦ

2005 1860 2233 1916 randum
2266 1870 2428 1932 atque
2453 1862 2643 1932 ingens
2669 1861 3059 1917 incarnatinnis
3080 1861 3356 1932 Unigeniti
3377 1871 3573 1933 mystc-

2002 1953 2164 2006 rium.
2214 1951 2369 2007 Unde
2411 1960 2467 2006 et
2517 1952 2736 2007 divinus
2784 1954 2986 2007 Paulus
3031 1970 3045 2006 :
3103 1971 3122 2003 ι
3179 1951 3330 2016 Fide,
3367 1952 3571 2022 inquit,

2003 2045 2203 2099 obtulit
2241 2043 2516 2098 Abraham
2553 2045 2701 2098 Isaac
2726 2061 2848 2100 cum
2883 2053 3207 2110 tentaretur,
3240 2052 3295 2099 et
3321 2044 3574 2113 unigeni—

2002 2141 2118 2188 tum
2163 2133 2448 2197 oﬂ'erebat,
2497 2135 2552 2188 in
2594 2149 2704 2204 quo
2761 2141 3078 2204 susceperat
3124 2132 3577 2203 repromissiones

2005 2224 2094 2297 (ad
2133 2239 2297 2294 quem
2332 2223 2538 2279 dictum
2565 2233 2684 2278 est:
2719 2223 2857 2290 Quia
2895 2225 2951 2278 in
2977 2223 3124 2278 Isaac
3151 2223 3266 2292 88
3291 2221 3578 2276 vocabitur

2003 2315 2104 2371 tibi
2143 2315 2374 2386 semen),
2422 2315 2696 2370 arbitrans
2724 2315 2853 2384 quia
2883 2323 2939 2370 et
2976 2330 3006 2368 a
3040 2313 3272 2367 mortuis
3314 2312 3578 2367 suscitare

2001 2415 2197 2477 potens
2234 2413 2318 2461 est
2357 2407 2520 2472 Deus,
2556 2407 2700 2461 unde
2735 2422 2861 2461 eum
2895 2413 2951 2460 et
2989 2405 3044 2460 in
3077 2405 3388 2475 parabolam
3418 2418 3576 2459 acce-

2001 2497 2084 2567 pit
2110 2498 2178 2550 ".
2213 2516 2231 2548 ι
2270 2495 2406 2552 Cum
2445 2496 2592 2551 enim
2634 2511 2890 2551 successu
2919 2497 3183 2565 temporis
3205 2496 3350 2550 Deus
3381 2509 3446 2549 ac
3473 2493 3576 2549 Pa-

2003 2597 2088 2644 ter
2112 2589 2290 2661 ipsum
2317 2588 2486 2644 veluti
2524 2587 2764 2644 radicem
2801 2603 2864 2643 ac
2894 2587 3226 2658 principium
3259 2587 3578 2641 innumera-

2003 2697 2127 2735 rum
2163 2680 2407 2752 gentium
2439 2689 2762 2734 ostensurus
2795 2687 2958 2742 esset,
2990 2687 3207 2732 mortuo
3237 2692 3339 2747 pro
3373 2675 3578 2729 mundo

2003 2773 2380 2837 Emmanuele,
2417 2772 2626 2826 idcirco
2660 2786 2758 2840 per
2787 2770 2928 2824 hanc
2965 2768 3340 2829 tentationem,
3373 2766 3593 2819 utiliter

2004 2863 2198 2917 doctus
2219 2863 2498 2932 estjustus
2529 2861 2803 2914 Abraham
2831 2859 3160 2912 immensum
3199 2863 3361 2924 atque
3385 2854 3577 2908 ineffa-

2006 2956 2172 3011 bilem
2200 2954 2294 3010 Dei
2326 2970 2389 3009 ac
2414 2953 2588 3008 Patris
2614 2968 2742 3023 erga
2780 2967 2881 3006 nos
2908 2963 3180 3013 amorem;
3201 2946 3294 3016 qui
3317 2944 3579 3016 «'prOprio

2006 3049 2146 3103 Filio
2175 3063 2284 3102 non
2316 3045 2609 3117 pepercit,»
2643 3041 3100 3114 quemadmodum
3128 3054 3290 3109 supra
3319 3036 3574 3098 diximus,

332 3129 535 3199 κόσμου
563 3128 660 3182 τοῦ
704 3129 1053 3201 Ἐμμανουήλ
1074 3169 1088 3183 .
1115 3129 1370 3201 ταύτῃτοι
1400 3131 1487 3184 διὰ
1517 3131 1710 3202 πείρας
1733 3133 1902 3203 αὐτῆς

2013 3160 2031 3193 ι
2061 3141 2158 3196 sed
2186 3139 2410 3194 tradidit
2431 3154 2554 3194 eum
2581 3154 2680 3207 pro
2703 3136 2959 3191 omnibus
2984 3133 3144 3187 nobis
3164 3131 3210 3164 ⁸ο
3243 3149 3260 3182 ι
3293 3145 3392 3200 per
3418 3127 3577 3182 ﬁdem

334 3218 615 3288 χρησίμως
643 3221 670 3272 6
696 3219 908 3283 δίκαιος
942 3220 1250 3274 ἐδιδάσκετο
1277 3219 1370 3272 τοῦ
1405 3221 1540 3274 Θεοῦ
1567 3223 1659 3275 καὶ
1691 3224 1904 3295 Πατρὸς

334 3307 427 3380 τὴν
457 3309 716 3380 ὑπερφυᾶ
756 3311 852 3364 καλ¹
885 3312 1162 3383 ἄφραστον
1203 3313 1283 3374 είς
1313 3314 1461 3383 ἡμᾶς
1497 3313 1773 3384 ἀγάπησιν
1794 3333 1807 3346 ’
1848 3316 1905 3380 ὅς

334 3417 395 3469 γε
457 3421 474 3453 ι
499 3401 597 3455 τού
632 3403 760 3456 ίδίου
811 3403 942 3457 Υἱοῦ
985 3405 1085 3458 οὐκ
1123 3405 1405 3473 ἐφείσατο,
1447 3423 1466 3456 ι
1512 3404 1765 3476 καθάπερ
1797 3407 1900 3477 ήδη

335 3493 668 3564 προείπομεν
693 3532 709 3556 ,
745 3513 763 3546 ι
803 3495 919 3549 ἀλλ’
956 3495 1096 3566 ὑπὲρ
1127 3495 1288 3565 ήμῶν
1322 3495 1539 3548 πάντων
1587 3495 1906 3566 παρέδωκεν

335 3582 494 3636 αὑτὸν
526 3601 546 3634 ι
581 3584 691 3638 τῶν
719 3585 777 3638 ἐν
805 3585 986 3639 πίστει
1016 3585 1478 3656 δεδικαιωμένων,
1515 3585 1609 3638 καὶ
1637 3586 1716 3650 είς
1741 3588 1908 3642 τέκνα

335 3673 733 3744 λελογισμένων
771 3675 865 3730 τοῦ
912 3677 1255 3748 προπάτορος
1311 3676 1579 3748 Ἀϐραάμ.
1627 3679 1690 3730 Et
1719 3677 1828 3747 γάρ
1855 3696 1908 3733 τι

336 3764 437 3835 χρὴ
460 3766 558 3818 καὶ
583 3765 691 3819 τῶν
715 3767 1066 3838 ἀνθρωπίνων
1091 3767 1556 3838 διατεκμήρασθαι
1584 3808 1600 3836 ,
1641 3768 1811 3837 φαίην
1836 3767 1910 3822 ’ἂν

337 3859 413 3909 δτι
455 3857 712 3926 φορτικόν
752 3874 812 3910 τε
840 3858 934 3910 καὶ
966 3857 1246 3911 δύσοιστον
1273 3857 1354 3927 τῷ
1397 3857 1664 3929 μακαρίῳ⁴
1690 3857 1910 3927 γέγονεν

350 3949 600 4020 Ἁϐραάμ
629 3949 692 4001 τὸ
731 3949 1029 4020 προστάξαι
1062 3949 1194 4002 Θεὸν
1236 3947 1529 4002 καταθύειν
1554 3948 1646 4001 τὸν
1701 3948 1906 4003 Ἰσαάκ.

340 4038 459 4101 Πῶς
491 4041 604 4111 γάρ
632 4039 734 4092 οἴει
768 4039 1069 4093 διακεῖσθαι
1107 4039 1228 4092 τότε
1253 4039 1344 4092 τὸν
1374 4037 1532 4091 τοῦτο
1561 4039 1694 4109 δρᾷν
1727 4040 1910 4093 ἐπιτε-

341 4129 633 4196 ταγμένονς
675 4127 839 4199 Ἀνὴρ
867 4129 945 4191 είς
973 4129 1150 4200 γῆρας
1176 4126 1455 4198 ἐληλακὼς
1489 4127 1648 4197 βαθὺ,
1682 4127 1782 4182 ἕνα
1815 4129 1910 4182 κα)⁸

341 4217 556 4288 ἀζαιγενῆ
583 4217 893 4290 πλουτήσας
924 4219 1038 4272 υίὸν
1063 4260 1077 4282 ,
1107 4219 1496 4292 παρῃρημένος
1520 4217 1599 4289 τῷ
1641 4219 1815 4291 χρόνῳ
1852 4219 1914 4272 τὸ

342 4309 432 4360 καὶ
456 4298 661 4378 ἐτέρων
691 4309 949 4364 δύνασθαι
979 4310 1228 4379 γενέσθαι
1260 4311 1460 4382 πατὴρ,
1488 4309 1906 4383 ἀφηλ[ι]κεστέ-

345 4417 441 4468 ραν
456 4400 513 4454 δὲ
530 4395 626 4453 καὶ
651 4401 818 4472 αὐτὴν
839 4400 975 4471 ἔχων
999 4401 1096 4472 τὴν
1117 4402 1526 4472 συνῳκισμένην
1565 4399 1656 4475 (ἦν
1676 4403 1784 4474 γὰρ
1817 4406 1912 4457 καὶ

343 4490 473 4561 αὑτὴ
508 4489 807 4560 πρεσϐύτις
830 4493 862 4561 ἡ
887 4491 1113 4563 Σάρρα),
1142 4492 1232 4545 τὸν
1259 4491 1400 4546 οὕτω
1422 4492 1751 4564 τριπόθητον
1771 4494 1904 4547 ἀπο-

346 4583 600 4651 σφάττειν
618 4583 734 4636 υίὸν
755 4581 1066 4654 apem]an
1092 4585 1504 4654 προσετάττετο,
1524 4584 1615 4636 τὸν
1645 4585 1910 4655 μονογενῆ

345 4675 431 4728 καὶ
463 4675 816 4728 πολύευκτον.
865 4675 1000 4745 Ποίᾳ
1037 4675 1145 4746 γάρ
1183 4676 1441 4729 δύνασθαι
1475 4677 1620 4747 χειρὶ
1655 4675 1914 4745 προσεδόο

346 4783 507 4834 κησεν
535 4769 563 4820 6
590 4765 924 4837 πρεσϐύτης,
953 4767 1268 4837 κατωθῆσαι
1296 4768 1392 4838 μὲν
1417 4767 1510 4821 τοῦ
1537 4768 1822 4839 μειρακίου
1855 4770 1915 4822 τὸ

347 4855 522 4923 ξίφος,
555 4857 657 4927 τὴν
687 4857 745 4911 δὲ
773 4857 948 4921 οὕτως
993 4857 1228 4928 ἐλεεινὴν
1258 4857 1401 4911 κατὰ
1433 4858 1524 4912 τοῦ
1559 4859 1690 4912 ἰδίου
1719 4859 1914 4928 γεννή-

348 4963 512 5015 ματος
544 4947 813 5019 τολμῆσαι
855 4949 1104 5019 σφαγήν;
1139 4946 1266 5021 'Ap’
1299 4945 1393 5003 οὖν
1428 4950 1528 5003 οὐκ
1557 4951 1758 5004 ἐννοεῖν
1785 4950 1915 5004 ἀκό-

344 5037 555 5101 λουθον,
583 5040 666 5092 ὅτι
697 5039 896 5110 πικρὸς
923 5040 1014 5093 καὶ
1041 5040 1236 5111 δριμὺς
1278 5041 1496 5094 ἐννοιῶν
1517 5041 1672 5112 ὄχλος
1698 5041 1796 5113 τὴν
1813 5041 1908 5095 τοῦ

343 5127 554 5182 δικαίου
581 5128 757 5202 ψυχὴν
787 5131 1076 5201 ἀφορήτως
1113 5131 1489 5202 κατεληῒζετος
1526 5133 1632 5186 Καὶ
1656 5131 1784 5185 ποτὲ
1818 5132 1916 5202 μὲν

343 5221 573 5290 ἡφύσις
615 5223 696 5286 είς
729 5223 1111 5295 φιλοστοργίαν
1155 5224 1506 5289 κατεϐιάζετο
1531 5240 1544 5255 ο
1588 5224 1719 5276 ποτέ
1764 5223 1820 5276 δὲ
1859 5222 1919 5277 τὸ

348 5311 490 5366 θεῖον
539 5313 809 5366 ἐδυσώπει
842 5314 1258 5385 χρησμῲδημα,
1302 5316 1398 5368 καὶ
1437 5314 1581 5386 τάχα
1636 5331 1740 5368 που
1783 5314 1919 5385 πρὸς

350 5401 650 5476 ἀϐούλητον
693 5403 1006 5457 εὐπείθειαν
1037 5404 1112 5467 ὼς
1146 5405 1203 5471 ἐξ
1237 5405 1483 5476 ἀνάγκης
1523 5405 1727 5460 ἐκάλει.
1761 5405 1920 5473 Μέγα

348 5491 411 5565 δή
440 5491 532 5550 οὖν
572 5495 793 5568 ἀληθῶς
830 5496 892 5550 τὸ
941 5495 1031 5550 τοῦ
1069 5496 1278 5550 δικαίου
1324 5496 1537 5568 θαῦμα,
1585 5498 1675 5550 καλ⁸
1724 5499 1922 5562 παντὸς

421 5665 468 5700 ’⁹
514 5669 682 5726 Hebr.
743 5687 816 5737 ιι,
855 5670 1034 5726 17-20.
1107 5673 1152 5703 '°
1197 5674 1351 5728 Rom.
1403 5691 1516 5739 vm,
1549 5674 1634 5728 52.

2002 3228 2332 3300 justiﬁeatis,
2365 3236 2419 3282 et
2462 3226 2519 3280 in
2564 3225 2703 3280 ﬁlios
2734 3223 2905 3294 patris
2943 3219 3174 3276 Abrabaa
3215 3215 3485 3286 ascriptis.
3521 3213 3584 3270 Si

2005 3322 2151 3377 enim
2182 3328 2399 3390 oportet
2438 3318 2601 3373 etiam
2646 3317 2888 3387 humano
2929 3328 3080 3368 more
3120 3310 3292 3381 loqui,
3326 3307 3581 3379 equidem

2005 3413 2238 3473 dixerim
2270 3427 2431 3482 grave
2455 3409 2748 3464 admodum
2778 3414 2939 3480 atque
2971 3403 3204 3458 arduum
3233 3403 3392 3456 beato
3413 3400 3580 3454 Abra—

2007 3506 2090 3560 hae
2128 3504 2296 3559 fuisse
2330 3504 2426 3558 Dei
2464 3501 2530 3557 de
2565 3497 2921 3556 sacriﬁcando
2951 3496 3062 3550 ﬁlio
3094 3510 3194 3551 suo
3224 3499 3578 3564 praeceptum.

2007 3596 2125 3662 Quo
2158 3604 2318 3666 pacto
2349 3593 2494 3650 enim
2525 3602 2686 3662 putas
2714 3589 2969 3644 affectum
3003 3585 3190 3651 fuisse,
3221 3600 3344 3639 cum
3371 3583 3474 3636 hoc
3505 3581 3590 3635 illi

2008 3689 2333 3757 imperatum
2369 3683 2547 3738 esset?
2585 3681 2680 3735 Vir
2706 3680 2853 3735 enim
2885 3683 3001 3733 erat
3030 3676 3225 3730 aﬁ‘ecta
3253 3681 3430 3737 aetate,
3462 3671 3584 3726 uni-

2009 3792 2132 3831 cum
2165 3776 2380 3830 habens
2409 3779 2471 3827 et”
2499 3770 2719 3841 quidem
2756 3769 2814 3823 in
2855 3771 3136 3822 senectute
3173 3779 3270 3818 sua
3301 3770 3488 3817 natum
3516 3759 3579 3814 ﬁ—

2009 3868 2164 3931 lium,
2205 3866 2294 3922 cui
2348 3872 2607 3935 przeterea
2661 3868 2792 3915 astas
2853 3871 3072 3913 omnem
3122 3853 3377 3925 gignendi
3429 3866 3580 3922 spem

2011 3959 2309 4021 ademerat,
2328 3955 2601 4010 seniorem
2619 3951 2782 4005 etiam
2807 3949 3014 4002 habens
3032 3957 3256 3998 uxorem
3275 3941 3412 4010 (erat
3435 3939 3582 3994 enim

2008 4050 2174 4104 etiam
2210 4047 2341 4103 Sara
2391 4043 2569 4115 gravis
2617 4038 2816 4111 annis).
2849 4038 2900 4093 ls
2928 4037 3110 4106 itaque
3141 4032 3311 4087 ﬁlium
3342 4032 3585 4101 impense

2012 4141 2241 4195 charum
2283 4135 2488 4204 absque
2529 4132 2638 4187 ulla
2679 4124 3027 4185 cunctatione
3067 4123 3319 4180 occidere
3359 4121 3584 4193 jubetur

2014 4229 2374 4301 unigenitum,
2409 4224 2706 4293 multisque
2750 4220 2894 4275 votis
2941 4223 3206 4288 optatum.
3250 4213 3403 4301 Quali
3452 4227 3585 4267 vero

2015 4300 2179 4370 manu
2200 4313 2427 4384 putabat
2455 4326 2619 4366 senex
2641 4323 2827 4365 ensem
2851 4307 2906 4360 in
2925 4303 3082 4376 pueri
3100 4301 3349 4374 jugulum
3378 4300 3583 4354 immit-

1943 4433 1989 4492 ο
2015 4413 2153 4467 tere,
2179 4403 2425 4472 adeoque
2453 4399 2817 4455 miserandam
2853 4395 2948 4450 ﬁlii
2986 4394 3188 4448 easdem
3220 4391 3476 4462 patrare?
3503 4391 3585 4444 An

2016 4512 2126 4551 non
2175 4495 2358 4564 itaque
2406 4500 2833 4548 consentaneum
2872 4484 3073 4541 rationi
3128 4482 3294 4538 fuerit
3333 4482 3585 4537 acerbam

2015 4587 2405 4659 cogitationum
2442 4583 2658 4638 turbam
2688 4594 2810 4635 cum
2838 4578 2971 4650 justi
3004 4575 3186 4631 animo
3219 4589 3340 4630 esse
3379 4572 3585 4642 impor-

2017 4689 2150 4735 tune
2186 4674 2566 4734 colluctatam?
2605 4670 2840 4728 subinde
2889 4667 3112 4739 qtiidem
3141 4673 3337 4722 natura
3365 4679 3491 4718 eum
3521 4661 3585 4717 ad

2017 4784 2281 4833 amorem,
2321 4767 2416 4836 qui
2448 4765 2576 4819 ﬁliis
2608 4762 2860 4824 debetur,
2890 4757 3205 4829 impellente
3235 4773 3248 4810 :
3283 4765 3339 4810 at
3371 4768 3585 4809 rursum

2018 4860 2203 4915 divino
2234 4864 2508 4930 praecepto
2545 4869 2787 4909 amorem
2827 4852 2980 4906 illum
3016 4847 3380 4918 restingente,
3419 4852 3475 4899 et
3521 4842 3588 4896 ad

2020 4950 2389 5006 obedientiam
2420 4947 2591 5002 veluti
2621 4961 2686 5000 ex
2715 4942 3038 4999 necessitate
3063 4937 3296 5009 quadam
3322 4935 3583 5004 rapiente.

2021 5044 2270 5114 Magnum
2313 5041 2496 5110 itaque
2536 5053 2727 5093 revera
2758 5043 2840 5090 est
2867 5032 2996 5104 justi
3036 5027 3383 5089 miraculum,
3410 5023 3588 5077 omni-

2022 5151 2129 5205 que
2161 5131 2322 5187 laude
2349 5131 2599 5201 superior
2624 5128 2816 5198 pietas.
2849 5122 3059 5179 Obtulit
3089 5119 3238 5175 enim
3269 5115 3587 5171 rationalem

2023 5225 2320 5288 victimam,
2347 5231 2556 5277 naturae
2576 5220 2788 5290 legibus
2812 5213 3142 5276 valedicens,
3168 5218 3224 5265 et
3250 5207 3592 5265 inevitabiles

2025 5314 2226 5370 amoris
2257 5329 2384 5384 erga
2411 5313 2615 5366 liberos
2647 5307 2900 5364 stimulos
2934 5303 3275 5374 proculcans',
3301 5299 3592 5368 omniaque

2027 5418 2242 5463 terrena
2268 5405 2437 5460 amori
2465 5419 2593 5474 erga
2619 5404 2788 5457 Deum
2813 5406 3166 5468 postponens.
3197 5393 3403 5449 Idcirco
3426 5391 3589 5444 etiam

2029 5494 2197 5568 gloria
2224 5493 2451 5549 aﬁ‘ectus
2477 5499 2578 5557 est,
2604 5497 2657 5545 et.
2681 5489 2887 5544 amicus
2908 5493 3132 5541 vocatus
3156 5483 3271 5548 Dei,
3293 5489 3347 5535 et
3373 5475 3601 5535 tandem
