4050 6210
430 339 528 389 H'I

1448 302 1505 390 s.
1546 335 1821 392 CYRILLI
1859 336 2331 394 ALEXANDRINI
2371 326 2689 394 AncmEp.

3580 342 3689 398 “8

426 452 575 524 quod
611 452 854 523 speravit
887 467 1054 523 supra
1092 468 1245 525 spem
1283 455 1487 510 eVenit.
1524 455 1721 512 Factus
1748 458 1895 512 enim
1925 474 1992 514 es:

2112 459 2336 513 ἐπαίνου
2367 459 2553 513 λοιπὸν
2584 460 2646 513 τὸ
2680 461 2944 532 θεοφιλές.
2976 461 3351 533 Προσεκόμιζε
3384 461 3489 533 γὰρ
3514 464 3576 516 τὸ
3598 462 3689 517 λο-

427 542 724 597 multarum
753 551 914 614 atque
948 544 1083 601 adeo
1114 545 1597 602 innumerabilium
1625 548 1870 618 gentium
1902 564 2001 619 pa-

427 640 511 686 ter
549 630 608 686 in
643 630 886 698 Christo,
916 649 1017 704 per
1040 649 1205 704 quem
1238 642 1295 690 et
1334 650 1458 690 cum
1491 651 1600 706 quo
1629 637 1741 692 Deo
1766 652 1829 692 ac
1852 637 2000 693 Patri

425 722 598 792 gloria
647 739 773 779 cum
821 734 1010 781 sancto
1058 725 1266 797 Spiritu
1314 728 1370 782 in
1416 728 1613 783 saecula
1650 731 1996 785 saeculorum.

422 811 621 868 Amen.

2106 550 2260 619 γικὸν
2288 551 2501 622 ἱερεῖον,
2533 553 2627 605 καὶ
2663 554 2777 616 τοῖς
2803 553 2902 624 τῆς
2932 552 3145 623 φύσεως
3179 553 3365 625 νόμοις
3405 552 3687 625 ἐρρῶσθαι

2107 640 2340 712 φράσας,
2371 643 2467 696 καὶ
2491 643 2590 713 τῆς
2614 643 2989 715 ἀπαραιτήτου
3019 644 3405 714 φιλοστοργίας
3432 645 3687 713 πατήσας

2103 732 2165 787 τὸ
2194 732 2439 805 κέντρον,
2464 734 2688 787 καὶτῶν
2719 734 2978 804 ἐπιγείων
3004 736 3155 789 οὐδὲν
3178 739 3245 806 τῇ
3274 737 3353 799 είς
3379 735 3510 788 Θεὸν
3541 735 3686 788 ἀντι·

2106 821 2434 893 παρεξάγων
2465 824 2675 897 ἀγάπῃ.
2720 827 3011 896 Τοιγάρτοι
3056 829 3151 881 καὶ
3186 827 3538 892 δεδόξασται,
3584 827 3684 879 xui.

424 901 577 970 φίλος
607 903 809 975 ἐκλήθη
844 903 1000 959 Θεοῦ.
1034 906 1142 959 Καὶ
1173 907 1253 970 είς
1281 906 1452 976 πέρας
1491 904 1639 977 αὐτῷ
1678 906 1739 959 τὸ
1769 908 2160 981 προσδοκηθὲν,
2191 911 2261 965 τὰ
2318 913 2414 984 τῆς
2444 914 2658 979 ἐλπίδος
2690 915 2981 987 ἐκϐέϐηκε.
3056 917 3253 986 Γέγονε
3295 920 3403 989 γὰρ
3467 915 3683 985 πολλῶν

423 996 519 1051 καὶ
544 996 931 1067 ἀναριθμήτων
952 996 1120 1051 ἐθνῶν
1145 997 1328 1069 πατὴρ
1357 1000 1414 1051 ὲν
1441 998 1683 1069 Χριστῷ.
1705 1000 1781 1050 Δι’
1813 992 1873 1052 οὗ
1896 1000 1990 1053 καὶ
2029 1002 2149 1072 μεθ’
2214 996 2277 1056 οὗ
2348 1004 2426 1076 τῷ
2463 1005 2582 1078 Θεῷ
2613 1008 2707 1061 καὶ
2736 1008 2912 1080 Πατρὶ
2950 1008 2983 1078 ή
3030 1008 3157 1075 δόξα
3198 1008 3294 1062 σὺν
3332 1008 3473 1078 ἁγίῳ
3511 1006 3687 1061 Ilvati-

425 1104 555 1158 ματι
586 1089 667 1151 εἰς
694 1086 819 1151 τοὺς
848 1087 1049 1153 αίῶνας
1082 1090 1193 1145 τῶν
1223 1090 1457 1145 αἰώνων.
1505 1089 1700 1160 Ἀμήν.

807 1219 921 1289 89
956 1218 1033 1273 De
1070 1220 1225 1276 Isaac
1261 1231 1310 1276 et
1347 1223 1595 1278 Rebecca.

491 1382 545 1436 l.
584 1379 907 1438 Justiﬂcatis
949 1397 1049 1451 per
1095 1379 1402 1447 Christum,
1453 1381 1828 1451 unitatemque
1873 1394 1999 1434 cum

420 1471 540 1542 ipso
589 1487 689 1541 per
728 1472 1203 1542 participationem
1244 1472 1479 1543 Spiritus
1520 1471 1692 1527 sancti
1733 1472 1790 1527 in
1832 1471 2005 1525 bene-

418 1563 620 1633 placito
644 1562 824 1618 Patris
846 1563 1178 1629 consecutis,
1206 1564 1425 1633 sapiens
1442 1563 1645 1618 Paulus
1676 1563 1752 1617 ita
1774 1561 2001 1616 scribit:

425 1675 443 1706 ‹
487 1654 765 1724 Despondi
815 1654 962 1709 enim
1008 1669 1109 1709 vos
1160 1655 1256 1708 uni
1307 1654 1426 1709 viro
1480 1654 1747 1724 virginem
1797 1660 2005 1707 castam

414 1745 680 1801 exhibere
723 1745 942 1802 Christo
970 1744 1037 1800 ⁸¹.
1078 1765 1097 1798 ι
1154 1745 1307 1802 Beati
1357 1747 1503 1801 enim
1551 1745 1783 1816 apostoli
1832 1743 2003 1801 veluti

2315 1226 2458 1295 Περὶ
2481 1226 2588 1280 τοῦ
2626 1226 2833 1283 Ἰσαὰκ
2862 1226 2962 1281 καὶ
2988 1226 3099 1295 τῆς
3130 1227 3464 1294 Ῥεϐέκκας.

2173 1369 2241 1415 α’.
2282 1362 2408 1426 Τοῖς
2441 1364 2497 1416 ὲν
2535 1363 2756 1435 Χριστῷ
2793 1364 3257 1435 δεδικαιωμένοις,
3288 1366 3382 1419 καὶ
3411 1368 3509 1438 τὴν
3543 1367 3685 1440 πρὸς

2102 1452 2263 1506 αὐτὸν
2304 1452 2529 1524 ἑνότητα
2573 1451 2663 1507 διὰ
2688 1454 2783 1508 τοῦ
2822 1455 3142 1527 μεταλαχεῖν
3174 1457 3329 1525 ἁγίου
3365 1458 3684 1528 Πνεύματος

2105 1545 2162 1596 ὲν
2194 1543 2412 1615 εύδοκίᾳ
2452 1545 2666 1616 Πατρὸς
2701 1546 3229 1618 ὲκπεπλουτηκόσιν,
3286 1548 3314 1599 ὀ
3359 1548 3520 1617 σοφὸς
3563 1550 3684 1602 ἔπι-

2106 1633 2311 1688 στέλλει
2356 1634 2569 1701 Παῦλος
2593 1652 2606 1666 ·
2642 1656 2659 1688 ι
2709 1636 3067 1708 Ἦρμοσάμην
3100 1637 3208 1708 γὰρ
3241 1638 3385 1708 ὑμᾶς
3417 1639 3495 1692 ἐνὶ
3525 1641 3684 1711 ἀνδρὶ

2103 1726 2372 1798 παρθένον
2403 1727 2572 1797 ἁγνὴν
2602 1730 2947 1799 παραστῆσαι
2970 1728 3047 1799 τῷ
3071 1729 3312 1798 Χριστῷ.
3349 1749 3368 1782 ι
3401 1730 3683 1802 Κλήτορες

414 1837 655 1907 pronubi
683 1837 1031 1903 exstiterunt,
1067 1844 1123 1892 et
1151 1853 1248 1893 eos
1275 1837 1368 1908 qui
1397 1837 1592 1892 remoti
1622 1843 1799 1901 erant,
1828 1850 1992 1906 prope

2099 1816 2209 1887 γὰρ
2245 1815 2434 1881 ὥσπερ
2470 1818 2565 1869 καὶ
2615 1818 2975 1887 νυμφαγωγοὶ
3003 1818 3289 1886 γεγόνασιν
3319 1819 3367 1871 οἰ
3400 1820 3667 1892 μακάριοι

417 1935 726 1983 statuerunt
758 1936 968 1986 tantum
1002 1944 1114 1983 non
1149 1929 1584 1999 conglutinantcs
1616 1926 1857 1990 Christo,
1885 1927 1997 1996 spi-

417 2018 665 2088 ritusque
692 2019 902 2073 unitate
931 2019 1273 2089 colligantes.
1296 2019 1365 2073 Et
1388 2018 1621 2073 asciscet
1646 2017 1870 2087 quidem
1894 2016 1999 2071 sibi

416 2108 521 2178 ipsi
548 2108 851 2165 Ecclesiam
883 2108 1160 2173 Christus,
1201 2108 1443 2179 erigente
1474 2106 1667 2178 ipsam,
1696 2121 1762 2161 ac
1787 2114 1999 2160 tantum

414 2212 527 2252 non
549 2198 816 2253 oﬂ'erente
842 2198 954 2252 Deo
975 2196 1221 2252 ac‘Patre
1251 2197 1581 2267 proprioque
1601 2196 1741 2251 Filio
1764 2197 2002 2266 despon-

413 2286 600 2342 dente.
649 2287 919 2342 Caaterum
968 2286 1117 2357 quod
1161 2284 1533 2342 mediantibus
1576 2286 1800 2352 sanctis,
1837 2301 2000 2341 nemo

413 2377 768 2434 dubitaverit.
802 2378 1084 2449 Siquidem
1117 2378 1339 2434 divinus
1369 2377 1539 2432 David
1572 2378 1876 2447 praecinens
1901 2392 2002 2431 no—

412 2466 500 2523 bis
536 2468 881 2541 mysterium,
921 2469 990 2524 ad
1029 2469 1203 2539 ipsam
1227 2469 1428 2524 alicubi
1464 2468 1542 2523 ait
1573 2488 1585 2521 :
1628 2488 1645 2519 ι
1674 2468 1837 2533 Audi,
1865 2467 1996 2535 ﬁlia,

410 2565 469 2612 et
489 2557 635 2623 vide,
661 2565 718 2613 et
744 2558 945 2614 inclina
976 2573 1166 2613 aurem
1192 2567 1361 2623 tuam,
1383 2566 1441 2613 et
1467 2557 1791 2613 obliviscere
1820 2573 1998 2628 popu-

411 2649 525 2704 lum
559 2656 736 2713 tuum,
773 2659 830 2705 et
859 2651 1081 2705 domum
1109 2652 1281 2721 patris
1307 2654 1408 2717 tui,
1439 2651 1699 2720 quoniam
1733 2650 1997 2720 concupi-

410 2737 491 2794 vit
522 2753 620 2793 rex
642 2738 1110 2808 pulchritudinem
1155 2749 1305 2795 tuam
1336 2758 1351 2806 ;
1394 2741 1521 2810 quia
1562 2741 1677 2810 ipse
1709 2748 1793 2795 est
1817 2739 2000 2794 Domi-

411 2842 519 2883 nus
560 2838 709 2893 tuus,
740 2838 797 2885 et
839 2830 1049 2885 servies
1084 2830 1137 2885 ei
1172 2831 1238 2883 3'.
1276 2850 1294 2882 ›
1360 2829 1615 2886 Testatus
1675 2838 1759 2885 est
1814 2838 1996 2884 autem

411 2918 581 2974 etiam
608 2920 830 2985 Paulus,
853 2930 915 2975 ut
938 2921 1100 2976 modo
1127 2921 1261 2987 dixi,
1283 2923 1454 2977 veluti
1480 2941 1496 2973 ι
1526 2937 1778 2992 sponsam
1807 2936 1999 2990 quam-

412 3011 540 3067 dam
567 3011 815 3067 exhiberi
843 3012 1061 3068 Christo
1080 3011 1125 3044 ”
1154 3033 1173 3065 ι
1201 3013 1409 3068 ﬁdeles.
1434 3013 1600 3083 Atqui
1622 3014 1996 3068 venerandum

411 3103 551 3159 adeo
603 3110 768 3173 atque
821 3102 1204 3159 admirandum
1260 3105 1581 3174 mysterium
1635 3103 1995 3157 nihilominus

411 3208 577 3263 quam
598 3192 654 3247 in
680 3193 843 3247 nobis
870 3193 1036 3247 etiam
1060 3193 1117 3246 in
1147 3193 1252 3247 hoc
1272 3208 1464 3247 rursus
1491 3193 1761 3263 quispiam
1790 3191 1991 3247 videat.

413 3282 690 3351 Scriptum
726 3292 811 3336 est
844 3283 1033 3336 enim:
1074 3301 1092 3333 ι
1126 3283 1261 3337 Erat
1287 3291 1469 3338 autem
1501 3283 1774 3337 Abraham
1811 3282 1996 3338 senior

409 3378 702 3441 provectus
720 3369 936 3434 diebus,
950 3377 1005 3425 et
1024 3371 1289 3426 Dominus
1309 3371 1590 3428 benedixit
1605 3371 1877 3426 Abraham
1895 3387 1994 3442 per

409 3459 613 3514 omnia.
649 3458 718 3513 Et
757 3457 897 3512 dixit
927 3457 1201 3513 Abraham
1237 3474 1396 3515 servo
1434 3476 1535 3515 suo
1567 3459 1770 3514 seniori
1796 3460 1993 3515 domus

409 3565 543 3613 suae,
558 3549 794 3620 principi
807 3565 1032 3605 suorum
1050 3551 1294 3606 omnium
1311 3553 1486 3607 :Pone
1503 3568 1723 3607 manum
1738 3563 1884 3607 tuam
1896 3568 1992 3607 su-

408 3654 511 3709 per
527 3639 707 3694 femur
726 3655 931 3706 meum,
950 3650 1007 3696 et
1030 3640 1295 3711 adjurabo
1321 3651 1372 3698 te
1393 3658 1492 3712 per
1507 3642 1797 3697 Dominum
1820 3643 1991 3697 Deum

409 3731 559 3798 caeli,
575 3742 631 3788 et
643 3733 814 3787 Deum
840 3742 1018 3797 terrae,
1037 3740 1099 3787 ut
1114 3750 1222 3789 non
1240 3734 1479 3805 accipias
1492 3751 1718 3790 uxorem
1743 3735 1853 3791 tilio
1868 3750 1992 3791 meo

409 3825 560 3882 Isaac
578 3825 645 3881 de
667 3824 882 3881 ﬁliabus
900 3825 1353 3893 Chananzeorum,
1386 3842 1511 3882 cum
1536 3828 1739 3898 quibus
1769 3844 1870 3899 ego
1896 3828 1994 3883 ba-

408 3918 524 3974 bito
553 3918 698 3975 inter
719 3920 894 3991 ipsos;
924 3918 1019 3976 sed
1046 3918 1100 3973 in
1129 3928 1331 3974 terram
1348 3920 1659 3986 meam,ubi
1680 3929 1839 3975 natus
1867 3936 1988 3976 sum

407 4024 528 4080 ego,
551 4008 678 4076 ibis,
698 4010 830 4066 etin
849 4010 1054 4066 tribum
1076 4026 1273 4077 meam,
1291 4018 1347 4066 et
1367 4011 1601 4081 accipies
1617 4026 1838 4065 uxorem
1874 4010 1988 4066 ﬁlio

406 4112 533 4153 meo
561 4100 732 4164 Isaac,
762 4100 889 4154 inde
911 4098 978 4154 δι.
1016 4119 1033 4152 ι
1077 4100 1217 4156 Cum
1258 4102 1441 4170 itaque
1481 4102 1599 4157 haec
1639 4102 1990 4172 praecepisset

406 4190 705 4255 Abraham,
732 4190 937 4261 juravit
978 4190 1201 4260 quidem
1238 4193 1421 4246 statim
1453 4207 1665 4256 servus,
1700 4193 1988 4263 imponens

363 4290 372 4305 '
407 4295 635 4336 manum
671 4279 869 4336 femori
905 4280 1115 4336 domini
1149 4283 1253 4337 sui.
1282 4283 1358 4337 Er
1382 4299 1492 4352 quo
1517 4284 1817 4355 intelligere
1856 4287 1987 4342 licet

408 4371 590 4442 ipsum
630 4370 731 4426 toti
775 4372 1136 4443 generationi,
1164 4390 1287 4443 quae
1318 4389 1386 4429 ex
1421 4374 1540 4445 ipso
1577 4375 1785 4430 oritura
1818 4385 1983 4442 esset,

2105 1906 2367 1977 μαθηταὶ,
2400 1908 2522 1970 τοὺς
2558 1907 2636 1959 ἔτι
2673 1908 2890 1977 μακρὰν
2919 1908 3199 1972 ποιοῦντες
3234 1911 3422 1978 ἐγγὺς,
3451 1908 3547 1962 xui.
3580 1926 3683 1980 μο-

2099 1996 2314 2067 νονουχὶ
2347 1994 2645 2059 κολλῶντες
2687 1996 2908 2067 Χριστῷ
2934 2037 2949 2061 ,
2994 1998 3091 2051 καὶ
3129 2000 3195 2069 τῇ
3237 1997 3329 2051 τοῦ
3368 1998 3683 2068 πνεύματος

2100 2085 2290 2140 ἑνώσει
2341 2086 2671 2150 συνδέοντες.
2712 2086 2821 2139 Καὶ
2869 2088 3209 2158 παραστήσει
3245 2088 3343 2158 μὲν
3375 2088 3550 2159 ἑαυτῷ
3577 2089 3682 2158 τὴν

2113 2177 2439 2249 Ἐκκλησίαν
2469 2178 2706 2250 Χριστός
2728 2194 2740 2206 ”
2777 2178 3149 2242 διανιστάντος
3179 2178 3372 2250 αὐτὴν,
3397 2180 3683 2250 μονονουχὶ

2099 2270 2153 2323 δὲ
2202 2271 2297 2324 καὶ
2332 2269 2724 2340 προσάγοντος,
2752 2268 2847 2321 τοῦ
2884 2268 3018 2322 Ε)εοῦ
3058 2270 3151 2322 καὶ
3188 2270 3423 2341 Πατρὸς,
3469 2271 3564 2323 καὶ
3602 2270 3683 2341 τῷ

2103 2360 2218 2431 ἰδίῳ
2236 2360 2644 2429 κατεγγυῶντος
2672 2360 2808 2432 Υίῷ,
2834 2360 2973 2432 πλὴν
2995 2362 3076 2414 ὅτι
3097 2362 3482 2432 μεσιτευόντων
3508 2364 3681 2431 ἁγίων

2100 2453 2203 2505 οὐκ
2239 2452 2305 2506 ἂν
2348 2450 2647 2504 ἐνδοιάσειέ
2679 2469 2783 2515 τις.
2829 2452 2888 2505 ’0
2920 2451 3019 2521 μὲν
3055 2452 3166 2523 γὰρ
3202 2451 3485 2515 θεσπέσιος
3513 2452 3682 2507 Δαϐὶδ

2100 2544 2509 2616 προαναφωνῶν
2553 2545 2687 2614 ἡμῖν
2712 2543 2773 2596 τὸ
2819 2545 3136 2615 μυστήριον,
3182 2545 3319 2615 πρὸς
3359 2544 3527 2616 αὑτήν
3570 2543 3678 2599 πού

2100 2652 2291 2706 φησιν’
2329 2655 2348 2687 ι
2393 2636 2684 2700 Ἀκουσον,
2718 2635 2979 2706 θύγατερ,
3016 2635 3108 2689 καὶ
3143 2634 3239 2698 ἴδε,
3273 2638 3370 2689 xui.
3393 2637 3576 2690 κλῖνον
3608 2636 3679 2691 τὸ

2098 2722 2192 2790 οὖς
2221 2744 2336 2791 σου,
2362 2727 2455 2780 καὶ
2475 2724 2734 2780 ἐπιλάθου
2755 2726 2848 2780 τοῦ
2874 2724 3001 2779 λαοῦ
3034 2743 3128 2780 σου
3172 2726 3267 2778 καὶ
3292 2726 3386 2780 τοῦ
3404 2727 3554 2782 οἴκου
3575 2726 3676 2783 τοῦ

2098 2818 2313 2890 Πατρός
2354 2834 2446 2871 σου
2476 2835 2490 2850 ’
2535 2818 2618 2871 ὅτι
2647 2817 2992 2888 ἐπεθύμησεν
3026 2818 3053 2869 ὁ
3085 2816 3340 2887 βασιλεὺς
3387 2818 3483 2872 τοῦ
3537 2819 3675 2873 κάλ-

2101 2911 2226 2974 λους
2257 2929 2351 2964 σου
2375 2928 2388 2942 ·
2415 2913 2497 2965 ὅτι
2529 2910 2694 2974 αὐτός
2726 2911 2840 2962 ὲστι
2864 2909 3070 2981 Κύριός
3103 2927 3219 2977 σου,
3244 2911 3337 2964 καὶ
3370 2912 3679 2984 προσκυνήο

2099 3020 2214 3066 σεις
2264 3002 2491 3071 αὐτῷ.)
2517 3001 2901 3073 Διωμολόγηκε
2943 3001 2999 3054 δὲ
3041 3002 3135 3056 καὶ
3162 3004 3190 3054 ό
3227 3001 3458 3065 Παῦλος,
3503 3002 3679 3058 καθά-

2098 3111 2204 3165 περ
2233 3092 2370 3163 ἕφην
2421 3093 2625 3164 ἀρτίως
2648 3133 2663 3157 ,
2712 3087 2800 3147 οἷά
2851 3111 2973 3145 τινα
3007 3093 3226 3164 νύμφην
3263 3092 3679 3163 παρασταθῆναι

2096 3183 2316 3254 Χριστῷ
2368 3184 2495 3247 τοὺς
2534 3184 2989 3247 πεπιστευκότας.
3033 3184 3192 3237 Ἀλλὰ
3214 3182 3275 3236 τὸ
3296 3182 3440 3236 οὕτω
3481 3184 3678 3237 σεπτὸν

2095 3274 2190 3329 καὶ
2223 3274 2580 3340 ἁξιάκουστον
2618 3274 2834 3345 ἀληθῶς
2887 3275 3185 3345 μυστήριον
3238 3274 3447 3328 κατίδοι
3484 3291 3571 3338 τις
3611 3273 3677 3328 ἂν

2093 3365 2247 3418 οὐδὲν
2298 3359 2460 3435 ἦττον
2506 3364 2663 3436 ἡμῶν
2708 3366 2803 3417 καὶ
2855 3365 2989 3435 τῷδε
3029 3364 3093 3435 δὴ
3130 3364 3311 3419 πάλιν.
3358 3366 3676 3435 Γέγραπται

2097 3456 2200 3526 γὰρ
2229 3496 2241 3517 ,
2276 3455 2357 3509 ὅτι
2386 3456 2483 3510 καὶ
2533 3474 2552 3507 ι
2600 3455 2860 3528 Ἀϐραὰμ
2892 3452 2960 3527 ἦν
2988 3457 3357 3530 πρεσϐύτερος
3400 3456 3676 3527 προϐεϐη-

2094 3545 2205 3611 κὼς
2233 3547 2475 3618 ἡμερῶν,
2505 3548 2599 3601 καὶ
2618 3547 2821 3620 Κύριος
2846 3547 3106 3619 εύλόγησε
3126 3547 3217 3603 τὸν
3253 3549 3504 3620 Ἀϐραάμ
3533 3548 3676 3602 κατά

2094 3637 2288 3692 πάντα.
2333 3638 2443 3691 Καὶ
2470 3633 2623 3692 εἶπεν
2666 3639 2916 3709 Ἀϐραὰμ
2940 3640 3018 3711 τῷ
3052 3622 3203 3693 παιδὶ
3233 3639 3396 3694 αὐτοῦ
3423 3640 3499 3711 τῷ
3537 3657 3673 3709 πρε-

2095 3727 2194 3781 σϐυ
2206 3728 2343 3799 τέρῳ
2368 3728 2466 3798 τῆς
2493 3729 2672 3791 οἰκίας
2700 3729 2866 3783 αὑτοῦ
2884 3771 2900 3796 ,
2934 3731 3013 3802 τῷ
3056 3732 3279 3802 ἄρχοντι
3312 3732 3532 3786 πάντων
3561 3729 3674 3784 τῶν

2092 3818 2259 3874 αὑτοῦ
2284 3837 2298 3851 ο
2327 3819 2431 3883 Θὲς
2469 3819 2567 3891 τήν
2596 3821 2755 3892 χεῖρά
2782 3838 2875 3874 σου
2915 3824 3006 3876 ἐπὶ
3043 3822 3135 3876 τὸν
3186 3824 3359 3894 μηρόν
3392 3841 3496 3893 μου
3521 3864 3536 3888 ,
3577 3825 3672 3877 xui.

2094 3911 2329 3983 ἐξορκιῶ
2357 3928 2416 3964 σε
2445 3911 2652 3983 Κύριον
2690 3911 2781 3966 τὸν
2829 3912 2961 3966 θεὸν
3000 3913 3094 3967 τοῦ
3119 3914 3348 3984 ούρανοῦ
3371 3954 3386 3979 ,
3420 3915 3517 3967 xui.
3573 3914 3669 3968 τὸν

2094 4003 2225 4058 Θεὸν
2267 4003 2366 4073 τῆς
2393 4004 2531 4073 γῆς,
2582 4005 2670 4059 ἵνα
2708 4005 2783 4077 μὴ
2812 4005 2984 4077 λάϐῃς
3026 4008 3267 4075 γυναῖκα
3305 4005 3384 4077 τῷ
3413 4007 3514 4078 υἱῷ
3556 4023 3672 4077 ημου

2105 4093 2289 4150 Ἰσαὰκ
2310 4095 2418 4150 ἀπὸ
2443 4096 2551 4149 τῶν
2579 4096 2896 4169 θυγατέρων
2922 4098 3033 4152 τῶν
3059 4098 3406 4164 Χαναναίων,
3435 4098 3556 4169 μεθ’
3594 4091 3671 4153 ὧν

2090 4186 2203 4256 ἐγὼ
2227 4188 2362 4242 οἰκῶ
2389 4190 2447 4241 ὲν
2474 4189 2679 4253 αὐτοῖς.
2736 4188 2877 4243 Ἀλλ’
2902 4192 2982 4253 εἰς
3014 4189 3111 4260 τὴν
3136 4190 3260 4260 γῆν,
3290 4182 3352 4243 οὗ
3378 4191 3667 4260 ἐγενόμην,

2090 4279 2333 4352 πορεύσῃ
2366 4279 2461 4333 καὶ
2500 4282 2579 4344 εἰς
2601 4279 2700 4351 τὴν
2737 4280 2911 4351 φυλήν
2950 4298 3075 4351 μου.
3103 4282 3214 4333 Καὶ
3248 4280 3391 4352 λήψῃ
3431 4283 3670 4349 γυναῖκα

2087 4369 2164 4439 τῷ
2191 4370 2289 4439 υἱῷ
2314 4387 2414 4439 μου
2444 4371 2629 4424 Ἰσαὰκ
2681 4370 2907 4425 ἐκεῖθεν.
2944 4389 2964 4424 ι
2991 4370 3174 4426 Ταῦτα
3193 4371 3480 4443 τοιγαροῦν
3509 4386 3667 4441 προσ-

402 4462 775 4532 juramentum
808 4464 1150 4534 prasstitisse.
1178 4464 1434 4522 Oneratis
1456 4466 1642 4537 itaque
1669 4467 1858 4523 decem
1891 4483 1985 4523 ea-

2096 4459 2375 4529 τεταχότος
2431 4460 2527 4512 τοῦ
2582 4460 2877 4532 Ἀϐραὰμ,
2933 4461 3202 4532 διώμνυτο
3238 4462 3340 4532 μὲν
3381 4462 3409 4514 ὁ
3445 4460 3665 4531 οἰκέτης

409 4552 568 4608 melis
608 4554 798 4609 multis
835 4555 1045 4610 divitiis
1092 4555 1390 4623 Abraham,
1430 4558 1567 4612 abiit
1613 4558 1876 4615 velociter
1926 4558 1984 4613 in

409 4640 876 4711 Mesopotamiam,
916 4646 1180 4714 venitque
1212 4646 1268 4700 in
1296 4647 1572 4704 civitatem
1610 4648 1846 4713 Nachor,
1877 4649 1988 4720 90

407 4739 465 4786 et
490 4732 775 4802 quiescere
806 4734 939 4789 fecit
960 4736 1198 4792 camelos
1223 4745 1379 4793 extra
1405 4738 1683 4795 civitatem
1710 4741 1855 4811 apud
1880 4758 1984 4812 pu-

409 4833 559 4879 teum
587 4840 763 4896 aquae,
804 4824 873 4880 de
900 4842 1127 4898 vespere
1163 4830 1385 4899 quando
1425 4831 1782 4903 egrediuntur
1815 4847 1985 4904 aqua—

408 4916 597 4972 trices.
623 4914 763 4972 Cum
790 4916 958 4989 igitur
997 4932 1065 4974 eo
1095 4920 1458 4989 pervenisset,
1499 4924 1676 4980 oravit
1714 4925 1886 4980 Deum
1924 4934 1988 4982 ut

408 5003 516 5075 ipsi
530 5005 678 5062 viam
699 5008 957 5079 aperiret,
975 5010 1397 5083 ostenderetque
1413 5013 1681 5086 virginem
1697 5017 1985 5087 pulchram

408 5102 574 5167 atque
610 5096 957 5168 hospitalem,
995 5114 1226 5171 quaeque
1267 5101 1498 5173 impigra
1534 5114 1680 5160 esset
1721 5106 1789 5162 ad
1830 5122 1983 5162 amo-

409 5198 528 5238 rem
559 5185 960 5244 exhibendum.
1011 5208 1029 5242 ι
1067 5190 1190 5246 Erit
1223 5191 1392 5258 enim,
1430 5192 1629 5263 inquit,
1681 5195 1833 5268 virgo
1893 5198 1984 5254 cui

408 5287 512 5345 ego
550 5274 742 5331 dixero
770 5295 785 5331 :
813 5278 1022 5334 lnclina
1073 5281 1324 5354 hydriam
1380 5290 1530 5338 tuam
1565 5293 1624 5339 ut
1671 5284 1875 5352 bibam,
1928 5294 1986 5343 et

408 5361 612 5418 dixerit
642 5364 780 5419 mihi
809 5382 822 5418 :
851 5366 1003 5432 Bibe,
1036 5375 1093 5424 et
1133 5370 1371 5428 camelos
1405 5378 1527 5427 tuos
1564 5373 1784 5443 potabo,
1809 5375 1984 5432 donec

410 5453 601 5524 utique
633 5463 850 5511 cessent
877 5454 1150 5525 bibentes,
1181 5461 1322 5517 hanc
1351 5463 1665 5534 prteparasti
1704 5480 1862 5520 servo
1886 5474 1980 5521 tuo

411 5540 558 5599 lsaae
586 5544 652 5596 ⁸⁸.
686 5562 704 5595 ι
739 5544 896 5600 Venit
923 5545 1105 5617 itaque
1129 5551 1312 5605 statim
1337 5552 1516 5621 puella
1540 5551 1737 5618 decora
1759 5563 1981 5624 aspectu

484 5733 523 5761 ⁸⁸
565 5727 606 5782 ΙΙ
634 5728 762 5786 COr.
804 5749 871 5797 ιι,
906 5735 958 5787 2.

1038 5734 1081 5766 κ’
1107 5736 1249 5790 Psal.
1294 5753 1433 5802 κων,
1467 5737 1552 5805 Η,
1580 5738 1661 5791 12.
1738 5738 1845 5793 “ll
1869 5738 1992 5793 Cor.
2017 5756 2086 5805 xx,
2111 5740 2162 5794 2.
2207 5739 2250 5773 ⁸⁸
2283 5741 2417 5797 Gen.
2459 5757 2600 5803 xxxv,
2633 5740 2742 5796 l—l’.

2090 4551 2432 4621 παραχρῆμα
2459 4589 2474 4614 ,
2515 4549 2595 4619 τῷ
2631 4550 2793 4621 μηρῷ
2832 4552 3093 4606 δεσπότου
3138 4552 3235 4625 τὴν
3282 4554 3438 4624 χεῖρα
3482 4553 3663 4604 ἐπιτι-

2088 4640 2222 4704 θείς.
2247 4643 2323 4694 Δι’
2353 4633 2415 4695 οὗ
2446 4641 2717 4712 παρέσται
2743 4644 2883 4696 νοεῖν
2904 4643 2963 4696 τὸ
2993 4645 3278 4714 μονονουχὶ
3309 4640 3448 4697 κατά
3475 4641 3663 4714 πάσης

2086 4734 2186 4805 τῆς
2211 4733 2480 4805 ἐσομένης
2518 4732 2576 4800 ἐξ
2613 4734 2781 4788 αὐτοῦ
2813 4738 2977 4806 γονῆς
3000 4736 3335 4807 πεποιῆσθαι
3357 4734 3455 4806 τὴν
3483 4737 3664 4806 ὁρκω-

2089 4826 2306 4898 μοσίαν.
2345 4825 2784 4896 Ἐπαναθέμενος
2811 4825 2871 4878 δὲ
2898 4828 3167 4899 καμήλοις
3188 4828 3324 4882 δέκα
3346 4826 3520 4881 πολλὰ
3553 4825 3663 4879 τῶν

2099 4917 2348 4990 Ἀϐραὰμ
2373 4915 2616 4987 ἀγαθῶν,
2638 4918 2948 4985 ἀφικνεῖται
2975 4918 3232 4990 δρομαῖος
3256 4921 3336 4982 εἰς
3357 4918 3455 4989 τὴν
3491 4917 3664 4988 μέσην

2083 5010 2192 5064 τῶν
2217 5008 2499 5079 ποταμῶν.
2533 5008 2644 5064 Καὶ
2678 5009 2928 5081 καταίρει
2976 5002 3073 5080 μὲν
3109 5012 3190 5073 εἰς
3236 5010 3389 5063 πόλιν
3419 5008 3624 5080 Ναχώρ
3646 5025 3660 5040 ⁶

2083 5100 2302 5167 ὀκλάζει
2346 5102 2403 5155 δὲ
2435 5102 2535 5165 τὰς
2566 5102 2848 5173 καμήλους
2890 5100 2993 5166 ἔξω
3025 5103 3126 5172 τῆς
3156 5102 3366 5165 πόλεως
3405 5103 3559 5172 παρά
3602 5099 3663 5153 τὸ

2084 5194 2264 5265 φρέαρ
2291 5192 2384 5246 τοῦ
2420 5192 2634 5259 ὕδατος,
2678 5194 2738 5247 τὸ
2776 5194 3021 5266 προσοψὲ
3064 5194 3228 5266 ήνίκα
3264 5192 3661 5265 ἐκπορεύονται

2083 5286 2141 5338 αἱ
2187 5284 2565 5355 ὑδρευόμεναι.
2628 5286 2981 5356 Ἀφικόμενος
3028 5286 3091 5356 δὴ
3140 5280 3233 5340 οὖν
3278 5288 3480 5352 ἐκεῖσε,
3525 5284 3661 5338 Θεὸν

2085 5375 2334 5446 ἐλιπάρει
2359 5374 2545 5429 λοιπὸν
2572 5376 2773 5448 ἀνευρῦ
2785 5394 2872 5429 ναι
2903 5376 3001 5447 τὴν
3032 5376 3172 5439 ὁδὸν,
3211 5376 3304 5431 καὶ
3343 5373 3659 5439 καταδεῖξαι

2085 5462 2355 5533 παρθένον
2384 5464 2615 5536 εὐδρανῆ
2639 5464 2734 5519 καὶ
2771 5464 3051 5534 φιλόξενον
3067 5507 3081 5531 ,
3106 5466 3204 5520 καὶ
3229 5465 3392 5519 ὄκνου
3421 5463 3513 5519 τοῦ
3537 5462 3660 5534 βλέ-

2088 5572 2280 5618 ποντος
2304 5556 2384 5619 είς
2404 5555 2625 5627 ἀγάπην
2653 5556 2956 5627 κρείττονα.
2992 5577 3012 5608 ι
3038 5557 3378 5627 Ἕσταιγάρ,
3407 5555 3596 5626 φησιν,
3632 5555 3667 5623 ἠ

2821 5742 2865 5772 ⁸⁵
2902 5740 3038 5795 ibid.
3078 5742 3158 5795 η.
