4050 6210
327 268 437 325 149

1246 334 1249 337 _
1355 262 1871 322 CLAPHYRORUM
1910 263 1978 319 IN
2014 259 2313 318 GENESIM
2353 259 2479 316 LIB.
2522 259 2611 314 ΙΙΙ.

3502 257 3613 310 150

326 384 625 458 παρθένος,
709 384 806 440 ἐὰν
826 383 936 454 ἐγὼ
958 382 1117 449 εἴπω,
1166 382 1470 436 Ἐπίκλινον
1494 382 1591 452 τὴν
1610 380 1795 452 ὑδρίαν
1824 395 1917 432 σου

2023 376 2501 447 pulcherrimaque
2552 373 2740 445 virgo,
2791 368 3061 435 Rebecca,
3106 368 3348 459 inquam.
3384 368 3595 425 Potenti

334 481 426 533 ἶνα
454 479 602 545 πίω,
636 477 731 531 καὶ
763 473 920 550 εἴπῃ,
954 476 1052 529 Πίε
1074 518 1089 542 ,
1127 475 1344 540 καὶτὰς
1369 474 1650 547 καμήλους
1691 491 1783 527 σου
1819 489 1917 525 πο-

324 568 454 636 τιῶ,
489 569 596 634 ἕως
627 568 695 624 ἂν
726 568 1044 622 παύσωνται
1078 567 1353 631 πίνουσαι,
1379 565 1584 637 ταύτην
1613 564 1917 637 ἡτοίμασας

326 661 408 733 τῷ
441 660 593 715 παιδί
620 677 716 714 σου
761 660 966 717 Ἰσαάκ.
1001 678 1020 712 ι
1069 658 1210 712 Ἀλλ’
1236 653 1371 730 ἧκεν
1396 657 1495 711 οὐκ
1525 658 1605 721 είς
1643 654 1915 727 μακρὰνή

331 752 474 825 καλή
497 752 577 824 τῷ
604 752 736 808 εῖδει
769 752 862 807 καὶ
881 752 1297 825 εὐπρεπεστάτη
1335 748 1624 823 παρθένος,
1649 749 1795 820 φημὶ
1826 746 1912 818 δὴ,

341 844 631 900 Ῥεϐέκκα.
672 844 1005 911 Ἐξαιτοῦντι
1034 844 1092 898 δὲ
1125 846 1271 898 πιεῖν
1291 883 1306 909 ,
1347 842 1620 915 προσῆγεν
1658 840 1913 911 ἑτοίμως.

344 938 747 1010 Ἐπηγγέλλετο
786 939 843 992 δὲ
885 938 979 991 καὶ
1019 937 1189 1001 αὐτὰς
1216 938 1422 990 ποτιεῖν
1454 932 1555 996 τὰς
1595 934 1913 1005 καμήλους,

331 1030 429 1084 καὶ
460 1032 542 1095 εις
577 1030 738 1102 ἔργον
785 1031 951 1101 ήγετο
983 1030 1051 1083 τὰ
1080 1027 1491 1101 ἐπηγγελμένα.
1524 1024 1832 1097 Συμϐάλλει
1854 1023 1917 1094 δὴ

332 1115 431 1174 οὖν
458 1121 488 1173 6
518 1120 733 1191 οἰκέτης
763 1119 1033 1185 ἐντεῦθεν,
1066 1120 1142 1183 ὡς
1175 1118 1316 1188 αὕτη
1347 1118 1531 1181 λοιπὸν
1564 1118 1672 1187 εἴη,
1701 1116 1794 1170 καὶ
1820 1116 1918 1187 οὐχ

336 1209 522 1281 ἑτέρα.
551 1196 837 1279 Τοιγάρτοι
862 1208 1055 1278 ψέλλιὰ
1083 1225 1144 1261 τε
1173 1208 1268 1260 καὶ
1294 1206 1488 1259 ἐνώτια
1516 1203 1718 1270 λαϐὼν,
1746 1220 1918 1278 προσ·

330 1298 559 1369 εκόμιζε
586 1300 652 1369 τῇ
692 1298 922 1353 νεάνιδι.
990 1298 1054 1350 Ἡ
1083 1296 1139 1350 δὲ
1172 1298 1309 1350 οἶκοι
1344 1295 1655 1369 παρελθεῖν,
1692 1292 1918 1347 ἕπεσθαί

327 1407 389 1442 τε
424 1391 569 1460 αὐτῇ
623 1388 971 1460 παραχρῆμα
1026 1385 1415 1457 προσέταττεν.
1465 1377 1539 1439 Οὗ
1597 1383 1916 1453 γεγονότος,

332 1480 604 1547 ξενίζεται
635 1481 736 1551 μὲν
765 1479 933 1533 αὐτοῦ
959 1519 973 1543 ,
1002 1477 1258 1549 λαμπρὰν
1288 1478 1345 1531 δὲ
1382 1477 1630 1547 διήγησιν
1661 1473 1753 1527 τοῦ
1785 1473 1916 1526 ίδίου

328 1569 595 1625 δεσπότου
619 1570 712 1623 τὸν
737 1568 969 1625 πλοῦτον
993 1572 1248 1622 ποιεῖται,
1274 1566 1590 1638 Προσετίθει
1610 1566 1689 1631 δὲ,
1714 1567 1793 1618 ὅτι
1821 1565 1915 1617 ἕνα

331 1665 422 1718 καὶ
451 1663 741 1735 ἀγαπητὸν
771 1663 911 1734 ἔχων
934 1663 1048 1717 υίὸν
1074 1662 1168 1715 τὸν
1212 1660 1427 1726 Ἰσαὰκ,
1472 1659 1652 1713 πάντα
1683 1657 1915 1711 δέδωκεν

2015 484 2149 524 vero
2178 477 2389 538 potum,
2432 463 2837 537 promptissime
2875 460 3057 527 dedit;
3088 458 3343 530 promisit
3379 473 3510 514 vero
3540 476 3598 513 se

2015 560 2183 616 etiam
2208 558 2431 615 camelis
2462 564 2654 629 potum
2697 556 2970 619 daturam,
3008 552 3301 622 statimque
3330 551 3597 622 promissa

2018 650 2357 722 exsequitur.
2380 647 2600 719 colligit
2620 662 2753 703 vero
2767 661 2837 701 ex
2865 645 2954 699 his
2973 642 3192 698 indiciis
3213 652 3406 697 servus
3427 641 3599 711 ipsam

2016 756 2158 807 esse,
2191 755 2373 811 neque
2420 739 2603 795 aliam.
2644 737 2899 807 Acceptis
2944 734 3113 807 igitur
3153 732 3384 788 armillis
3423 740 3479 787 et
3512 731 3603 785 in-

2017 831 2267 896 auribus,
2297 830 2450 886 dedit
2486 829 2703 901 puellae.
2753 829 2850 883 llla
2893 841 3027 881 vero
3077 832 3140 880 ut
3176 824 3400 879 domum
3443 839 3597 878 suam

2015 932 2124 989 eat,
2159 924 2443 995 ipsamque
2468 931 2749 993 sequatur,
2778 927 2983 976 monet.
3018 919 3139 987 Quo
3162 918 3307 973 facto
3326 918 3600 988 excipitur

2018 1016 2093 1071 ibi
2125 1017 2386 1087 hospitio,
2416 1025 2473 1072 et
2496 1015 2764 1087 insignem
2792 1014 2859 1071 de
2886 1013 3097 1068 domini
3121 1012 3207 1068 sui
3237 1011 3446 1067 divitiis
3472 1025 3601 1064 nar-

2016 1109 2285 1164 rationem
2321 1109 2578 1164 instituit.
2612 1106 2825 1180 Adjecit
2860 1121 2993 1161 vero
3016 1105 3185 1176 quod,
3217 1119 3341 1160 cum
3375 1103 3599 1158 unicum

2016 1205 2073 1252 et
2108 1199 2336 1253 charum
2365 1197 2636 1269 imprimis
2664 1197 2892 1253 haberet
2926 1195 3099 1250 ﬁlium
3134 1194 3302 1260 Isaac,
3340 1194 3445 1264 ipsi
3478 1208 3606 1248 om-

2017 1288 2109 1343 nia
2128 1288 2363 1355 dederit,
2380 1290 2634 1360 quodque
2654 1290 2775 1361 ejus
2794 1288 3040 1343 omnium
3058 1286 3128 1341 sit
3142 1286 3416 1341 dominus.
3442 1286 3601 1341 Post-

2018 1396 2181 1450 quam
2230 1395 2364 1436 vero
2416 1380 2702 1451 pronubus
2750 1380 3032 1448 discedere
3082 1379 3257 1436 voluit
3305 1394 3413 1434 una
3475 1394 3601 1433 cum

2018 1470 2221 1541 puella,
2255 1470 2596 1542 interrogant
2636 1471 2963 1535 Rebeccam,
2995 1487 3063 1526 an
3094 1486 3220 1525 cum
3249 1486 3316 1526 eo
3344 1470 3421 1525 ire
3449 1469 3599 1534 velit,

2017 1571 2074 1616 et
2098 1578 2167 1617 an
2198 1562 2434 1619 libenter
2466 1563 2733 1620 discedat.
2769 1565 2891 1634 Ipsa
2929 1579 3061 1619 vero
3094 1571 3347 1635 prompte
3384 1562 3599 1617 annuit.

2018 1654 2170 1709 lsaac
2197 1663 2380 1711 autem
2413 1656 2482 1710 ad
2508 1671 2566 1712 se
2599 1656 2890 1712 adductam
2922 1657 2977 1710 in
3009 1656 3234 1711 domum
3266 1671 3419 1710 suam
3446 1655 3603 1709 lzetus

330 1755 501 1825 αὐτῷ,
529 1733 904 1819 καὶὴδεσπόζει
951 1753 1060 1808 τῶν
1088 1752 1225 1806 ὅλων
1261 1752 1290 1805 6
1329 1751 1564 1813 νεανίας.
1619 1748 1836 1821 Ἐπειδὴ
1863 1748 1917 1801 δὲ

2022 1743 2255 1811 inducit,
2284 1748 2707 1819 consolatusque
2734 1757 2818 1803 est
2843 1748 3217 1813 vehementer,
3243 1745 3457 1803 etiamsi
3483 1762 3601 1800 ma-

331 1848 654 1918 ἀποτρέχειν
705 1846 896 1919 ἤθελεν
932 1844 1066 1914 ὁμοῦ
1099 1847 1165 1916 τῇ
1202 1842 1404 1898 νεὰνιδι
1429 1843 1618 1896 λοιπὸν
1671 1844 1700 1896 6
1737 1858 1916 1912 νυμφ-

332 1936 568 2004 αγωγὸς,
598 1935 899 2006 διερωτῶσι
942 1934 1235 1988 Ῥεϐέκκαν
1291 1935 1341 1987 εί
1397 1932 1776 2004 συμϐαδιεῖται
1837 1929 1917 2002 τῷ

336 2027 653 2099 κεκληκότι,
680 2028 775 2081 καὶ
802 2027 1090 2098 ἀσπαστήν
1128 2030 1415 2099 ποιήσεται
1443 2025 1543 2096 τὴν
1577 2023 1914 2095 ἁποδρομήν.

345 2118 409 2172 Ἡ
454 2119 515 2173 δὲ
553 2119 845 2174 κατανεύει
886 2118 1203 2190 προθύμως.
1248 2117 1578 2187 ’Δφιγμένην
1618 2115 1676 2168 δὲ
1721 2113 1915 2180 οὕτως,

331 2208 683 2273 εἰσοικίζεται
708 2209 809 2277 μὲν
830 2207 1115 2279 ἐθελοντὴς
1138 2207 1239 2278 ήδη
1272 2209 1301 2260 6
1341 2204 1527 2258 Ἰσαάκ
1550 2217 1562 2231 ·
1596 2199 1916 2273 παρεκλήθη

330 2299 386 2351 δὲ
405 2298 582 2362 οὕτως
604 2300 831 2370 σφόδρα,
858 2298 1035 2352 καίτοι
1065 2297 1368 2368 τεθνεώσης
1396 2295 1544 2365 αὐτῷ
1566 2295 1664 2365 τῆς
1691 2291 1914 2365 μητρός.

2024 1844 2110 1893 ter
2144 1838 2317 1908 ipsius
2343 1846 2559 1894 mortua
2586 1839 2769 1895 fuerit.
2800 1839 3019 1912 Longus
3049 1839 3235 1909 itaque
3255 1848 3341 1906 est
3362 1839 3605 1894 historiae

2019 1942 2220 1983 sermo.
2260 1927 2532 1985 Caeterum
2570 1945 2672 1986 nos
2706 1945 2831 1986 eum
2866 1929 2922 1983 in
2965 1943 3234 1985 summam
3272 1928 3602 2000 redigentes,

2020 2020 2168 2089 quod
2206 2019 2341 2075 satis
2376 2029 2465 2076 est
2500 2021 2760 2077 diximus.
2804 2021 3158 2093 Spiritualem
3188 2021 3354 2093 igitur
3382 2036 3605 2076 sensum

2021 2108 2319 2168 artiﬁciose
2372 2111 2750 2182 inquiramus,
2792 2122 2847 2168 et
2901 2113 3147 2185 mysterii
3197 2121 3385 2185 typum
3435 2112 3605 2168 veluti

2019 2198 2271 2256 obscuris
2306 2202 2633 2272 quibusdam
2673 2203 2886 2261 umbris
2921 2204 3228 2260 involutum
3261 2203 3606 2276 indagemus,

2019 2292 2419 2365 veritatemque
2452 2311 2733 2352 eruamus.

332 2392 558 2465 Μικρὸς
600 2392 701 2462 μὲν
749 2388 842 2446 οὖν
888 2391 981 2445 καὶ
1027 2390 1193 2455 πολὺς
1239 2391 1337 2460 τῆς
1377 2389 1617 2460 ἱστορίας
1665 2390 1693 2442 ὁ
1736 2387 1912 2455 λόγος.
1954 2384 2100 2457 Πλὴν
2116 2386 2469 2458 ἔπιτεμόντες
2496 2388 2573 2453 ὡς
2626 2389 2706 2445 ἔνι
2729 2390 2955 2463 ταύτην,
3012 2392 3250 2466 διαρκῶς
3279 2394 3603 2466 εἰρήκαμεν.

345 2480 557 2535 Ίικέτω
590 2482 649 2535 δὲ
695 2476 789 2535 οὖν
819 2481 920 2550 τῆς
955 2480 1188 2550 θεωρίας
1219 2483 1253 2553 ή
1292 2480 1523 2552 δύναμις
1561 2480 1654 2531 ἐπὶ
1693 2478 1754 2531 τὸ
1789 2476 1910 2530 λίαν
1950 2476 2220 2547 εὐτεχνὲς,
2254 2478 2469 2535 καὶτὸν
2501 2479 2595 2534 τοῦ
2663 2484 2964 2556 μυστηρίου
3003 2487 3173 2542 τύπον
3236 2485 3609 2544 ἀναδεικνύτω

330 2574 515 2632 πάλιν.
538 2574 615 2638 ὠς
637 2575 694 2626 έν
724 2574 993 2645 ἀμυδραῖς
1022 2574 1122 2646 μὲν
1148 2573 1228 2627 ἔτι
1258 2574 1458 2639 σκιαῖς,
1492 2572 1630 2645 πλὴν
1659 2573 1918 2627 ὠδίνοντα
1954 2569 2053 2640 τὴν
2082 2569 2357 2642 ἀλήθειαν.

405 2664 473 2734 β’.
507 2665 626 2718 Οὐκ
663 2663 893 2735 ῆξίωσεν
934 2662 1188 2735 Ἀϐραὰμ
1227 2665 1291 2717 ὲκ
1316 2663 1425 2717 τῶν
1457 2662 1778 2733 θυγατέρων
1806 2661 1917 2714 Χα-

2084 2657 2138 2711 2.
2180 2659 2516 2731 Dedignatus
2539 2670 2625 2718 est
2646 2663 2923 2720 Abraham
2954 2664 3158 2722 dilecto
3177 2666 3290 2723 ﬁlio
3315 2683 3436 2735 suo,
3456 2666 3607 2725 Isaac

330 2757 464 2811 ναὶιν
494 2756 735 2828 ἁρμόσαι
765 2757 1000 2825 γυναῖκα
1024 2754 1105 2825 τῷ
1135 2752 1481 2825 ἠγαπημένῳ
1503 2791 1518 2816 ,
1547 2753 1691 2823 φημὶ
1719 2751 1802 2822 δή,
1838 2748 1916 2820 τῷ

2018 2749 2297 2817 nimirum,
2343 2769 2569 2809 uxorem
2612 2770 2681 2809 ex
2726 2754 2947 2811 ﬁliabus
2976 2756 3410 2813 Chananaeorum
3450 2763 3604 2825 dare,

340 2850 530 2905 Ἰσαάκ
557 2867 568 2879 ·
605 2849 722 2903 ἀλλ’
761 2851 843 2912 είς
879 2848 979 2920 τὴν
1016 2847 1123 2903 τῶν
1157 2844 1694 2917 είδωλολατρούντων
1735 2844 1915 2915 χώραν

2018 2840 2112 2895 sed
2145 2841 2201 2896 in
2227 2843 2506 2913 regionem
2536 2846 2952 2902 idololatrarum
2981 2849 3267 2918 proprium
3296 2865 3455 2905 suum
3486 2867 3603 2906 ser-

324 2942 423 2996 τὺν
443 2944 666 3013 γνήσιον
687 2940 1012 3011 ἀποτρέχειν
1029 2939 1280 3015 ἐκέλευεν
1300 2937 1540 3008 οἰκέτην,
1559 2934 1916 3007 φροντιοῦντα

2018 2943 2143 2983 vum
2186 2931 2394 2997 emisit,
2419 2934 2514 3005 qui
2545 2949 2777 2989 uxorem
2804 2936 3040 2993 maxime
3067 2937 3149 2992 illi
3178 2924 3615 2995 convenientem.

329 3032 591 3104 γυναικὸς
622 3031 725 3103 τῆς
765 3032 849 3086 ὅτι
883 3030 1116 3102 μάλιστα
1145 3026 1604 3099 πρεπωδεστάτης
1632 3025 1802 3096 αὐτῷ.
1836 3024 1911 3077 Οὐ

2018 3029 2305 3090 quareret.
2332 3023 2521 3095 Neque
2545 3025 2695 3080 enim
2721 3026 2897 3081 voluit
2921 3027 3068 3083 Deus
3089 3043 3152 3084 ac
3178 3029 3359 3097 Pater,
3389 3030 3607 3088 Judzeo-

329 3128 445 3197 γὰρ
482 3126 748 3196 ἠθέλησεν
776 3126 805 3178 6
835 3123 967 3186 Θεὸς
1001 3123 1093 3177 καὶ
1134 3120 1325 3192 Πατὴρ
1352 3118 1451 3190 τὴν
1479 3117 1590 3171 τῶν
1641 3116 1912 3170 Ἰουδαίων

330 3215 665 3287 Συναγωγὴν
698 3213 938 3284 συνάψαι
967 3212 1212 3286 Χριστῷ,
1240 3212 1299 3275 ὃς
1325 3213 1383 3265 ὲν
1436 3209 1622 3263 Ἰσαὰκ
1650 3208 1913 3280 σημαίνε-

328 3327 443 3363 ται.
490 3306 777 3377 Ὀψιγενής
831 3306 940 3377 γὰρ
988 3308 1016 3359 6
1071 3303 1261 3359 Ἰσαὰκ
1303 3303 1399 3357 καὶ
1445 3301 1750 3373 ἀγαπητός.
1806 3300 1913 3353 Πέι

330 3417 470 3472 φηνε
496 3400 556 3454 δὲ
584 3399 681 3455 καὶ
703 3402 761 3453 ὲν
788 3398 1038 3469 ἐσχάτοις
1069 3399 1279 3470 καιροῖς
1311 3396 1339 3449 6
1362 3394 1619 3467 Χριστὸς,
1649 3394 1741 3448 καὶ
1767 3392 1915 3449 ἐστιν

326 3492 722 3564 ήγαπημένος,
770 3489 982 3561 τέρψις
1023 3507 1083 3544 τε
1134 3489 1229 3543 καὶ
1271 3488 1698 3558 ἁγαλλίασμαο
1741 3486 1915 3558 ἑρμη-

328 3582 550 3638 νεὺεται
599 3580 711 3652 γὰρ
759 3580 934 3645 οὕτως
982 3582 1011 3635 6
1068 3580 1273 3644 Ἰσαάκ.
1336 3576 1462 3632 Ὅτι
1510 3577 1565 3630 δὲ
1618 3578 1915 3632 Χαναναῖοι

325 3677 499 3739 τύπος
525 3675 591 3729 ἂν
624 3677 830 3730 νοοῖντο
855 3673 962 3728 τῶν
997 3674 1055 3740 ἐξ
1096 3672 1333 3744 Ἰσραήλ,
1374 3672 1545 3739 σαφὲς
1577 3669 1643 3724 ἂν
1671 3669 1878 3738 γένοιτο
1898 3709 1913 3734 ,
1960 3744 1964 3748 _

330 3772 429 3826 καὶ
460 3768 609 3840 μάλα
641 3765 951 3840 ρᾳδίως,ὼς
980 3764 1090 3819 ἀπό
1111 3781 1173 3832 γε
1194 3767 1295 3835 τῆς
1327 3760 1420 3816 τοῦ
1449 3761 1709 3831 ὀνόματος
1744 3761 1915 3830 ἑρμη-

330 3860 496 3923 νείας.
512 3859 810 3914 Χαναναῖοι
828 3857 959 3925 γὰρ,
979 3854 1202 3923 ἕτοιμοι
1222 3851 1371 3920 πρὸς
1386 3851 1768 3919 ταπείνωσιν.
1792 3850 1916 3903 Τίσι

327 3952 373 4004 δ’
404 3950 472 4004 ἂν
507 3949 714 4019 πρέποι
746 3946 809 3999 τὸ
836 3943 1055 4017 μέλλειν
1084 3942 1259 3995 ὲλθεῖν
1290 3943 1369 4005 εἰς
1391 3940 1742 4006 ταπείνωσιν,
1781 3938 1915 4008 μᾶλ-

329 4040 422 4095 λον
456 4040 515 4094 δὲ
548 4039 650 4111 ήδη
687 4037 780 4092 καὶ
812 4037 990 4107 ήκειν.
1023 4036 1162 4105 πλήν
1202 4033 1283 4087 ὅτι
1313 4034 1425 4095 τοῖς
1470 4030 1779 4099 Ἰουδαίοις;
1810 4032 1914 4084 Te-

332 4131 696 4185 ταπείνωνται
723 4128 852 4200 γὰρ.
881 4127 978 4196 τῆς
1005 4127 1063 4179 ὲν
1084 4123 1307 4196 Χριστῷ
1339 4121 1496 4194 δόξης
1526 4121 1912 4192 ὠλισθηκότες,

335 4218 427 4272 καὶ
480 4220 560 4282 είς
607 4218 716 4271 πᾶν
768 4215 949 4270 ὁτιοῦν
994 4212 1100 4266 τῶν
1150 4211 1395 4265 ἐκτόπων
1455 4208 1911 4283 κατερῤιμμένοι.

333 4310 543 4366 Οὐκοῦν
579 4310 683 4364 οὐκ
716 4310 781 4363 ἐκ
824 4307 1070 4370 Χαναὰν,
1120 4305 1236 4359 ἀλλ’
1280 4306 1345 4358 ὲκ
1384 4303 1561 4376 μέσης
1607 4300 1717 4356 τῶν
1745 4319 1914 4356 ποτα-

2016 3128 2140 3167 rum
2177 3112 2514 3188 Synagogam
2542 3114 2763 3173 Christo
2798 3119 3078 3190 copulare,
3117 3122 3210 3191 qui
3244 3122 3301 3177 in
3340 3123 3489 3180 Isaac
3527 3126 3604 3180 si-

2016 3204 2327 3277 gniﬁcatur.
2369 3205 2506 3263 Sero
2549 3208 2698 3264 enim
2747 3218 2911 3266 natus
2943 3219 3000 3268 et
3036 3211 3272 3269 dilectus
3306 3223 3393 3271 est
3434 3215 3603 3273 Isaac.

2016 3294 2285 3367 Apparuit
2316 3305 2500 3354 autem
2536 3299 2702 3355 etiam
2738 3301 2794 3357 in
2830 3303 3041 3359 ultlmis
3070 3306 3412 3376 temporibus
3442 3307 3604 3364 Chri-

2017 3395 2158 3453 stus,
2182 3396 2341 3445 etest
2366 3390 2620 3458 dilectus,
2657 3411 2676 3444 ι
2704 3392 3106 3466 delectatioque
3134 3404 3191 3452 et
3217 3398 3537 3466 exsultatio;
3578 3419 3597 3453 ι

2015 3477 2123 3534 hoc
2153 3481 2303 3536 enim
2328 3482 2726 3553 interpretatur
2758 3484 2930 3543 Isaac.
2960 3485 3117 3555 Quod
3151 3505 3284 3546 vero
3312 3489 3602 3547 Chananati

2014 3571 2120 3642 91
2162 3579 2324 3646 typus
2358 3575 2470 3632 sint
2504 3576 2901 3646 Israelitarum,
2931 3579 3282 3637 manifestum
3321 3581 3509 3649 fuerit,
3549 3594 3606 3639 et

2016 3665 2241 3735 quidem
2266 3666 2426 3724 facile
2446 3668 2744 3726 admodum
2768 3687 2834 3727 ex
2861 3672 3101 3729 nominis
3126 3673 3601 3746 interpretatione.

2014 3756 2309 3835 Chananaai
2340 3760 2488 3815 enim
2546 3763 2728 3834 parati
2776 3764 2848 3817 ad
2897 3762 3338 3821 humiliationcm.
3392 3766 3607 3835 Quibus

2015 3850 2166 3905 enim
2212 3853 2505 3909 conveniat
2544 3853 2613 3909 ad
2657 3853 3098 3911 humiliationem
3144 3855 3246 3920 ire,
3286 3866 3382 3911 aut
3420 3857 3605 3927 potius

2015 3942 2325 4012 pervenire,
2356 3961 2520 4015 quam
2556 3945 2802 4001 Iudaeis?
2841 3946 3123 4004 Humiliati
3170 3946 3443 4015 siquidem
3477 3958 3605 4003 sunt

2015 4035 2334 4091 excidentes
2369 4052 2401 4091 a
2435 4036 2607 4107 gloria
2636 4037 2755 4099 Dei,
2794 4043 2852 4090 et
2887 4034 2944 4090 in
2979 4037 3184 4106 quaevis
3211 4036 3605 4095 absurdissima

2015 4126 2280 4196 prolapsi.
2312 4126 2581 4193 Quocirca
2611 4143 2721 4183 non
2754 4142 2819 4182 ex
2838 4127 3121 4195 Chanaan,
3146 4129 3242 4186 sed
3267 4146 3334 4187 ex
3354 4130 3604 4204 Mesopo-

2017 4217 2206 4283 tamia,
2245 4233 2443 4289 sponsa
2484 4218 2654 4274 Isaac.
2690 4220 2850 4287 Nam,
2894 4228 2958 4277 ut
2987 4221 3122 4287 dixi,
3154 4237 3264 4279 non
3299 4239 3369 4279 ex
3403 4224 3607 4281 Iudaeis

2019 4308 2116 4364 sed
2153 4323 2223 4364 ex
2260 4309 2517 4381 gentibus
2563 4309 2807 4366 Ecclesia
2855 4311 3217 4382 spiritualiter
3255 4313 3478 4372 Christo
3526 4329 3606 4374 est

336 4404 452 4473 μῶν
498 4402 749 4472 ἰσαὰκή
806 4400 1014 4471 νύμφη.
1060 4399 1147 4463 Ὠς
1186 4399 1292 4470 γὰρ
1328 4397 1485 4470 ἔφην,
1533 4397 1636 4450 οὐκ
1677 4395 1737 4461 ἐξ
1782 4396 1913 4450 Ἰου-

2019 4401 2292 4471 copulata.
2322 4400 2593 4458 Caeterum
2620 4418 2721 4473 per
2746 4403 3086 4459 voluntatem
3126 4405 3325 4471 Patris,
3366 4407 3605 4464 interce-

333 4495 516 4559 δαίων,
563 4493 680 4548 ἀλλ’
720 4492 780 4558 ἐξ
818 4491 989 4546 ἐθνῶν
1033 4491 1067 4561 ἠ
1119 4489 1542 4560 συνηρμοσμένη
1594 4488 1673 4559 τῷ
1704 4489 1917 4558 Σωτῆρι

336 4584 555 4657 Χριστῷ
584 4582 972 4655 πνευματικῶς
1026 4579 1343 4652 Ἐκκλησία.
1390 4578 1558 4651 Πλὴν,
1592 4577 1681 4631 διὰ
1724 4576 1917 4648 βουλῆς

335 4677 425 4731 τοῦ
451 4676 692 4749 Πατρδς,
718 4673 1161 4747 μεσολαϐούντων
1187 4668 1416 4725 οἰκετῶν
1439 4670 1549 4724 τῶν
1570 4672 1652 4724 ὅτι
1683 4668 1918 4738 μάλιστα

338 4768 544 4822 πιστῶν
579 4768 677 4822 καὶ
715 4767 974 4837 γνησίων,
1016 4766 1104 4818 ἵνα
1138 4763 1349 4835 νοῶμεν
1386 4763 1511 4827 τοὺς
1545 4760 1824 4832 μαθητὰς,
1865 4761 1916 4814 οἳ

339 4860 430 4913 καὶ
471 4858 669 4929 ταμίαι
723 4856 983 4932 γεγόνασι
1040 4856 1136 4909 καὶ
1188 4852 1464 4924 οἰκονόμοι
1523 4851 1635 4905 τῶν
1680 4849 1918 4923 Χριστοῦ

337 4952 428 5006 τοῦ
486 4950 627 5005 Θεοῦ
690 4950 1035 5022 μυστηρίων’
1074 4948 1358 5020 μονονουχὶ
1399 4947 1457 5001 δὲ
1501 4946 1598 5000 καὶ
1635 4948 1693 5000 ὲν
1730 4944 1917 5016 χερσὶν

337 5045 549 5111 ἔχοντες
591 5042 771 5099 πάντα
801 5044 871 5096 τὰ
910 5043 968 5095 ὲν
999 5040 1077 5112 τῷ
1103 5042 1238 5112 οἴκῳ
1272 5038 1458 5094 αὐτοῦ.
1498 5033 1658 5093 Οὗτοι
1689 5037 1917 5092 καταλε-

338 5136 582 5199 λοιπότες
623 5136 723 5205 τήν
767 5134 1047 5200 Ἰουδαίαν,
1091 5133 1341 5204 καθάπερ
1382 5131 1575 5202 ἀμέλει
1615 5130 1708 5183 καὶ
1748 5131 1776 5182 6
1822 5127 1917 5182 τοῦ

352 5227 605 5300 Ἀϐραὰμ
633 5226 852 5298 οίκέτης
896 5228 995 5300 τὴν
1022 5226 1356 5287 Χαναναίαν,
1386 5225 1465 5288 είς
1497 5224 1596 5295 τὴν
1626 5222 1735 5277 τῶν
1762 5220 1917 5275 εἰδω-
1946 5228 1959 5237 ’

342 5319 742 5393 λολατρούντων
781 5321 967 5394 χώραν
1004 5321 1345 5386 κατέϐαινον,
1374 5318 1695 5391 ἀναθέμενοι
1721 5317 1919 5389 τρόπον

342 5414 458 5468 τινὰ
502 5414 573 5469 τὰ
600 5417 667 5470 ὲκ
693 5413 791 5469 τοῦ
821 5414 956 5469 Θεοῦ
1009 5417 1104 5470 καὶ
1134 5413 1345 5486 Πατρὸς
1374 5412 1580 5483 ἀγαθὰ,
1616 5411 1709 5466 καὶ
1742 5411 1921 5483 πλήρη

347 5504 440 5575 μὲν
465 5505 684 5577 ἔχοντες
722 5507 815 5560 τὸν
843 5507 969 5573 νοῦν
1006 5508 1197 5578 σοφίας
1230 5508 1326 5580 τῆς
1370 5504 1598 5569 ἄνωθεν,
1638 5505 1921 5577 ὲπίμεστοι

434 5687 522 5743 ³⁸1
552 5687 686 5744 Cor.
718 5703 792 5753 tv,
822 5687 874 5741 l.

2020 4493 2281 4549 dentibus
2309 4495 2529 4550 interim
2559 4495 2732 4549 servis
2765 4496 3001 4551 maxime
3027 4495 3317 4564 ﬁdelibus,
3351 4509 3410 4554 ut
3442 4501 3603 4557 intel-

2018 4584 2252 4656 ligamus
2289 4585 2609 4657 discipulos,
2649 4586 2744 4657 qui
2786 4606 2805 4638 ι
2846 4587 3253 4658 dispensatores
3293 4599 3457 4662 atque
3503 4594 3601 4648 ad-

2021 4675 2422 4732 ministratores
2464 4675 2689 4732 fuerunt
2725 4677 3111 4748 mysteriorum
3152 4678 3357 4737 Christi
3386 4684 3453 4749 8",
3495 4705 3513 4737 ι
3548 4685 3600 4741 in

2021 4783 2256 4838 quorum
2281 4784 2444 4823 manu
2469 4776 2677 4824 tantum
2708 4786 2819 4826 non
2846 4779 2976 4826 sunt
3002 4772 3208 4837 omnia,
3243 4790 3365 4844 qua:
3390 4776 3444 4830 in
3468 4778 3602 4832 azdi-
3647 4787 3658 4825 ξ

2023 4858 2130 4915 bus
2169 4859 2362 4930 ipsius.
2401 4860 2469 4915 Hi
2510 4862 2701 4917 relicta
2739 4862 2948 4931 Iudaea,
2987 4865 3449 4935 quemadmodum
3491 4868 3603 4924 fere

2023 4949 2259 5006 Abrahae
2304 4965 2498 5006 servus
2539 4952 2764 5024 regione
2797 4953 3232 5012 Chananaaorum
3260 4997 3276 5021 ,
3308 4958 3375 5013 ad
3421 4959 3602 5014 idolo-

2023 5039 2197 5094 latras
2225 5055 2345 5095 sese
2368 5041 2738 5110 contulerunt,
2766 5051 3045 5115 gestantes
3070 5043 3473 5113 quodammodo
3505 5047 3603 5102 Dei

2023 5146 2088 5187 ac
2110 5131 2291 5189 Patris
2318 5132 2482 5199 bona,
2512 5150 2577 5191 ac
2614 5136 2826 5193 caelesti
2858 5133 3126 5205 sapientia
3154 5142 3393 5191 mentem
3429 5137 3600 5193 refer-

2023 5237 2135 5284 tam
2169 5225 2455 5293 habentes,
2478 5242 2542 5284 ac
2563 5226 2802 5298 Spiritus
2831 5225 3003 5281 sancti
3030 5224 3188 5287 donis
3210 5226 3380 5298 pleni.
3408 5229 3598 5285 Anim-

2023 5319 2249 5375 adverte
2285 5327 2469 5375 autem
2504 5334 2616 5389 quo
2650 5326 2811 5387 pacto
2836 5314 2981 5370 servi
3008 5316 3240 5373 Abrahze
3266 5334 3466 5377 nomen
3492 5336 3598 5376 non

2024 5410 2371 5483 exprimitur,
2416 5420 2477 5467 ut
2513 5410 2568 5464 in
2605 5424 2797 5465 omnes
2835 5408 3036 5464 ﬁdeles
3053 5424 3117 5465 ac
3144 5410 3401 5481 probatos
3434 5412 3590 5468 disci-

2026 5504 2186 5576 pulos
2223 5501 2518 5557 ministerii
2556 5507 2719 5572 typus
2752 5500 3103 5558 extendatur.
3135 5501 3202 5556 Ει
3233 5501 3442 5572 quievit
3481 5503 3594 5576 quir
