4052 6212
326 306 332 312 ”
437 282 529 336 15!

1452 288 1506 343 S.
1548 288 1820 344 CYRlLLl
1862 287 2329 345 ALEXANDRINI
2370 288 2688 346 ARCHIEP.

3580 289 3682 346 159

436 401 558 452 dcm
602 398 690 454 ille
721 398 787 452 ad
819 408 1041 469 puteum
1068 417 1222 472 aqua:
1257 403 1358 458 sub
1387 420 1694 475 vesperum,
1719 406 2000 475 precibus-

2107 405 2162 458 δὲ
2185 407 2540 478 χαρισμάτων
2567 405 2674 460 τῶν
2699 402 2792 458 διὰ
2820 402 2910 458 τοῦ
2937 402 3270 476 Πνεύματος.
3316 402 3594 476 Ἐπιτήρει
3626 405 3681 456 δι

435 507 542 558 que
577 489 672 543 Dei
705 490 966 544 auxilium
1001 493 1292 560 invocavit,
1326 505 1381 550 et
1411 496 1476 550 ad
1507 512 1702 566 aquam
1737 495 2004 567 virginem

437 583 671 652 probare
705 584 896 641 voluit.
930 584 1210 639 Venerunt
1233 595 1413 640 autem
1443 587 1606 642 etiam
1638 588 1809 642 sancti
1837 587 2004 643 disci—

435 673 545 740 puli
578 673 645 727 ad
679 673 922 742 gentium
953 675 1203 744 regiones
1230 677 1332 730 sub
1354 693 1662 747 vesperum,
1683 680 1785 733 hoc
1813 687 1914 744 est,
1949 679 2004 734 in

435 763 639 816 ultimis
672 763 855 817 surculi
896 766 1254 834 temporibus,
1276 775 1331 821 et
1367 767 1434 820 ad
1472 784 1640 838 aquas
1664 769 2003 838 spiritualem

434 853 696 923 virginem
740 855 1066 924 probarunt.
1105 858 1686 914 Accommodatissima
1717 861 1863 914 enim
1897 871 2000 925 est,

430 945 744 1015 cptimeque
795 955 1108 1016 comparata
1145 947 1388 1002 Ecclesia
1417 949 1483 1002 ad
1513 949 1876 1004 hauriendum
1917 949 2002 1003 vi-

431 1037 744 1093 vificantem
784 1053 1097 1094 sermonem
1121 1055 1187 1095 ex
1215 1039 1460 1095 fontibus
1499 1041 1814 1106 Salvatoris,
1861 1042 2003 1098 sicut

430 1129 694 1200 scriptum
737 1142 821 1187 est
864 1132 933 1185 ⁸⁷.
981 1132 1156 1186 Habet
1201 1142 1383 1187 autem
1428 1134 1707 1189 uberrime
1747 1134 1893 1204 quod
1932 1134 2001 1188 ad

431 1221 631 1277 mentis
657 1223 994 1278 habilitatem
1024 1224 1282 1294 pertinet,
1307 1224 1375 1278 ad
1403 1226 1860 1296 suppeditandum
1882 1228 2003 1282 aliis

427 1325 552 1382 quae
584 1313 752 1368 vitam
804 1315 1072 1386 praebent.
1109 1316 1271 1372 Dedit
1311 1319 1458 1372 enim
1519 1319 1766 1373 Rebecca
1813 1331 2002 1389 potum

429 1404 533 1474 ipsi
556 1421 713 1460 servo
737 1413 792 1461 et
826 1407 1066 1462 camelis.
1100 1408 1178 1461 Ac
1201 1424 1394 1464 servus
1414 1409 1632 1479 quidem
1659 1417 1819 1481 typus
1840 1411 2005 1468 fuerit

427 1511 576 1552 nunc
617 1497 1009 1554 Israelitarum.
1051 1499 1310 1555 Homines
1344 1502 1489 1556 enim
1529 1502 1701 1572 legem
1740 1502 2002 1558 habentes

428 1588 780 1660 paedagogum
803 1588 1118 1660 Christique
1145 1593 1469 1664 mysterium
1498 1594 1676 1648 adhuc
1707 1594 1762 1648 in
1791 1595 2002 1649 umbris

428 1679 601 1735 latens
619 1681 685 1746 ⁸³,
709 1696 819 1736 non
840 1682 1064 1738 omnino
1081 1693 1262 1739 tamen
1288 1685 1575 1755 disciplina
1595 1702 1872 1742 sacrorum
1907 1687 2001 1742 de-

429 1771 610 1826 stituti
652 1782 780 1828 sunt
812 1791 825 1827 :
861 1783 1050 1844 gentes
1074 1790 1228 1842 vero,
1262 1777 1398 1830 nihil
1423 1795 1453 1831 a
1469 1778 1734 1847 jumentis
1770 1778 1998 1833 rationis

427 1861 744 1931 expertibus
802 1862 1148 1931 ditl‘erentes,
1195 1868 1392 1921 merito
1429 1869 1650 1923 camelis
1677 1880 1998 1938 comparata:

429 1963 575 2009 sunt.
619 1955 966 2011 lmmundum
1001 1958 1150 2013 enim
1192 1959 1493 2014 secundum
1529 1961 1703 2031 legem
1736 1963 1840 2015 hoc
1875 1962 1996 2015 ani-

429 2048 672 2105 malest.
720 2050 828 2120 92
881 2047 1203 2122 Huiusmodi
1253 2068 1385 2107 vero
1441 2054 1664 2108 omnino
1716 2063 1863 2119 sunt,
1903 2055 1997 2124 qui

427 2140 599 2194 Deum
639 2142 961 2197 naturaliter
992 2158 1056 2198 ac
1095 2159 1224 2198 vere
1263 2143 1617 2199 exsistentem
1650 2161 1758 2199 non
1794 2161 1995 2216 cogno-

427 2237 609 2283 scunt.
645 2231 876 2286 Abunde
911 2232 1076 2302 igitur
1104 2233 1361 2288 Ecclesia:
1394 2235 1634 2304 suppetit
1668 2234 1734 2288 ad
1768 2235 1996 2305 irrigat»

427 2320 557 2373 dum
602 2321 772 2376 sacris
813 2337 875 2376 ac
921 2323 1124 2377 divinis
1170 2323 1388 2380 ﬂuentis
1425 2341 1538 2391 eos,
1569 2325 1662 2396 qui
1698 2342 1764 2380 ex
1795 2326 1997 2381 Judazis

425 2412 531 2465 orti
571 2421 720 2473 sunt.
750 2413 817 2467 ad
851 2429 1093 2469 amorem
1132 2415 1186 2469 in
1225 2415 1502 2472 Christum
1536 2419 1994 2488 amplectendam,

429 2513 543 2556 tum
589 2519 685 2559 eos
723 2504 817 2574 qui
870 2520 937 2558 ex
983 2506 1236 2576 gentibus
1279 2509 1455 2562 vocati
1509 2520 1654 2563 sunt.
1694 2509 1832 2565 Cum
1868 2526 1997 2565 vero

427 2595 680 2666 discipuli
707 2597 972 2669 virginem
1002 2597 1164 2652 talem
1203 2607 1329 2652 sunt
1365 2591 1684 2670 conspicati,
1715 2601 1998 2658 inauribus

427 2685 610 2739 statim
645 2686 994 2752 decorarunt,
1025 2695 1081 2742 et
1105 2687 1326 2757 quidem
1360 2689 1586 2745 auribus
1617 2700 1868 2746 ornatum
1897 2693 1995 2747 ad-

427 2776 718 2844 diderunt,
764 2779 870 2834 hoc
929 2787 1046 2842 est,
1098 2779 1436 2850 splendidam
1486 2782 1997 2854 ornatissimamque

427 2867 752 2924 obedientize
786 2870 956 2941 gloria
984 2869 1306 2927 eﬂ'ecerunt.
1333 2871 1570 2928 Ornatus
1589 2873 1734 2929 enim
1755 2875 1995 2941 auditus,

425 2959 795 3016 obedientiam
845 2962 1133 3033 signiﬁcat.
1177 2962 1538 3035 Conspicuam
1589 2974 1775 3021 autem
1822 2966 1996 3021 videri

2031 1741 2075 1796 Β

2105 501 2186 552 ὅτι
2216 503 2310 553 καὶ¹
2349 500 2634 568 ἀνώνυμος
2663 502 2690 553 6
2718 496 2935 567 οἰκέτης
2964 497 3057 550 τοῦ
3098 496 3347 568 Ἀϐραὰμ
3369 538 3383 561 ,
3420 495 3510 549 ἵνα
3541 495 3681 548 κατά

2105 591 2304 653 παντὸς
2333 591 2564 662 φέρηται
2598 588 2841 662 μαθητοῦ
2869 588 3060 643 πιστοῦ
3085 605 3143 642 τε
3173 589 3263 642 καὶ
3291 586 3678 658 δεδοκιμασμέσ

2104 698 2219 741 νου.
2248 680 2344 750 τῆς
2372 681 2647 743 διακονίας
2668 683 2696 733 ὁ
2723 679 2910 743 τύπος.
2936 679 3046 733 Καὶ
3067 677 3332 732 κατέλυσε
3357 675 3455 748 μὲν
3476 678 3681 740 ἐκεῖνος

2105 773 2242 842 πρὸς
2271 772 2348 843 τῷ
2367 771 2561 844 φρέατι
2591 771 2683 825 τοῦ
2715 771 2904 834 ὓδατος
2925 771 3061 842 πρὸς
3085 769 3343 841 ἑσπέραν,
3379 767 3681 838 παρεκάλει

2103 865 2160 918 δὲ
2185 863 2250 916 δι’
2284 865 2448 934 εὐχῆς
2478 863 2608 916 Θεὸν
2630 863 2883 932 γενέσθαι
2916 861 3280 932 συλλήπτορα,
3312 860 3405 913 καὶ
3433 859 3518 928 ἐφ’
3548 857 3679 912 ὓδα-

2103 973 2194 1019 τος
2234 953 2332 1025 την
2382 953 2651 1026 παρθένον
2685 953 2842 1025 ἤθελε
2886 953 3222 1023 δοκιμάζειν.
3281 950 3680 1021 Ἐπεφοίτησαν

2103 1047 2159 1099 δὲ
2200 1047 2294 1099 καὶ
2322 1046 2370 1099 οἱ
2400 1046 2674 1099 θεσπέσιοι
2711 1029 2948 1115 μαθηταὶ
2973 1086 2988 1110 ,
3017 1045 3266 1115 καθάπερ
3291 1044 3426 1116 ἔφην
3453 1044 3676 1116 ἀρτίως,

2103 1138 2223 1199 ταῖς
2251 1135 2357 1187 τῶν
2385 1134 2556 1189 ἐθνῶν
2583 1133 2788 1204 χώραις
2829 1135 2891 1188 τὸ
2927 1135 3061 1205 πρὸς
3088 1135 3346 1205 ἑσπέραν,
3379 1133 3676 1196 τουτέστιν,

2104 1228 2163 1280 ὲν
2200 1211 2445 1299 ἐσχάτοις
2486 1227 2580 1281 τοῦ
2615 1229 2809 1292 αἰῶνος
2837 1230 3047 1300 καιροῖς
3066 1268 3080 1292 ,
3111 1227 3205 1281 καὶ
3236 1229 3364 1298 παρ’
3395 1225 3550 1280 ὕδασι
3579 1226 3678 1296 τὴν

2104 1319 2298 1391 νοητὴν
2356 1320 2678 1391 ἐδοκίμαζον
2727 1320 3014 1390 παρθένον.
3075 1317 3514 1390 Ἐπιτηδειοτάτη
3569 1316 3717 1388 γὰρλ

2103 1411 2225 1465 λίαν
2259 1413 2291 1482 ὴ
2335 1412 2652 1482 Ἐκκλησία,
2683 1413 2777 1466 καὶ
2819 1411 3103 1484 εὐρώστως
3133 1411 3330 1481 ἔχουσα
3361 1410 3497 1481 πρός
3526 1426 3590 1478 γε
3617 1393 3716 1461 τδ⁶

2103 1502 2383 1567 δύνασθαι,
2418 1504 2581 1573 φημὶ,
2616 1503 2708 1556 τὸν
2757 1503 3016 1568 ζωοποιδν
3064 1502 3365 1574 ἀρύσασθαι
3393 1501 3574 1570 λόγον,
3617 1501 3681 1553 ἐκ

2102 1593 2211 1645 τῶν
2265 1593 2454 1662 πηγῶν
2497 1592 2590 1646 τοῦ
2626 1594 2940 1664 Σωτηρίου,
2975 1593 3118 1648 κατά
3157 1593 3219 1646 τὸ
3267 1591 3677 1662 γεγραμμένον.

2108 1681 2262 1753 Ἔχει
2303 1684 2358 1737 δὲ
2396 1684 2490 1738 καὶ
2521 1685 2622 1738 οὐκ
2661 1684 2953 1750 ἀνικάνως,
2978 1687 3039 1738 τό
3076 1701 3139 1753 γε
3179 1679 3314 1755 ἧκον
3348 1685 3427 1747 εἰς
3455 1682 3545 1735 νοῦ
3583 1682 3678 1735 καὶ

2105 1775 2300 1848 φρενὸς
2331 1777 2744 1848 ἐπιτηδειότητα
2784 1777 2942 1847 πρὸς,
2971 1777 3032 1829 τὸ
3061 1777 3154 1829 καὶ
3176 1777 3378 1847 ἑτέροις
3419 1773 3679 1828 δύνασθαι

2103 1869 2359 1939 χορηγεῖν
2404 1867 2472 1920 τὰ
2507 1867 2764 1922 τελοῦντα
2815 1867 2949 1939 πρὸς
2997 1867 3163 1939 ζωήν.
3211 1865 3455 1930 Ἐπότιζε
3488 1865 3596 1937 γὰρ
3638 1865 3673 1934 ἠ

2115 1959 2377 2013 Ῥεϐέκκα
2404 1959 2566 2014 αὐτόν
2606 1978 2666 2012 τε
2712 1958 2802 2012 τὸν
2840 1959 3060 2030 οἰκέτην
3104 1958 3196 2012 καὶ
3239 1957 3337 2022 τὰς
3370 1956 3671 2027 καμήλους.

2102 2052 2212 2104 Καὶ
2250 2051 2278 2102 6
2324 2050 2422 2121 μὲν
2477 2050 2714 2121 οἰκέτης,
2765 2050 2932 2113 τύπος
2967 2051 3033 2103 ἂν
3078 2051 3247 2102 νοοῖτο
3297 2047 3414 2102 νυνὶ
3459 2046 3566 2099 τῶν
3616 2045 3678 2110 ἐξ

2102 2140 2341 2211 Ἰσραήλ.
2382 2140 2691 2210 ’Ἄνθρωποι
2716 2141 2821 2213 γὰρ
2851 2143 2899 2194 οἰ
2920 2141 3081 2210 νόμον
3123 2140 3336 2209 ἔχοντες
3367 2139 3466 2211 ήδη
3521 2138 3677 2191 παιδ-

2102 2233 2340 2300 αγωγὸν,
2373 2235 2466 2287 καὶ
2491 2233 2564 2297 ὡς
2585 2235 2642 2286 ὲν
2675 2237 2853 2296 σκιαῖς
2888 2233 2988 2302 μὲν
3013 2233 3092 2285 ἔτι
3121 2233 3180 2285 τὸ
3195 2230 3431 2301 Χριστοῦ
3465 2229 3675 2300 μυστή-

2105 2342 2236 2396 ριον,
2262 2323 2400 2394 πλὴν
2425 2325 2524 2377 οὐκ
2555 2322 3016 2395 ἀμυσταγώγητοι
3045 2321 3341 2384 παντελῶς.
3365 2320 3592 2389 Κτηνῶν
3615 2320 3675 2372 δὲ

2100 2415 2309 2484 ἀλόγων
2353 2415 2887 2486 οὐδὲντδιαφέροντες
2926 2416 2974 2467 οἰ
3015 2414 3070 2478 ἐξ
3113 2414 3300 2472 ἐθνῶν,
3342 2413 3391 2466 οἳ
3435 2412 3527 2465 καὶ⁹
3552 2413 3676 2474 ταῖς

2101 2509 2369 2579 καμήλοις
2393 2507 2857 2580 παρεικάζο[ι]ντο
2903 2506 3232 2568 ἂνείκότως.
3271 2506 3510 2576 ’Λνίερον
3561 2503 3673 2574 γὰρ

2102 2599 2244 2652 κατὰ
2266 2599 2460 2669 νόμους
2495 2599 2555 2652 τὸ
2589 2597 2747 2663 ζῶον.
2789 2597 2992 2650 Τοιοίδε
3020 2597 3236 2658 πάντως
3273 2595 3323 2647 οἰ
3349 2596 3514 2664 μήπω
3541 2592 3674 2644 Θεόν

2103 2691 2300 2752 εἰδότες
2327 2689 2419 2743 τὸν
2447 2689 2605 2758 φύσει
2638 2707 2696 2742 τε
2732 2690 2826 2743 καί¹
2857 2688 3094 2759 ἀληθῶς.
3138 2686 3462 2756 ’ἱκανωτάτη
3494 2686 3556 2756 δὴ
3579 2681 3671 2738 οὖν

2103 2780 2384 2852 κατάρδειν
2415 2782 2447 2851 ἡ
2490 2780 2784 2850 Ἐκκλησία
2828 2781 2940 2841 τοῖς
2979 2780 3141 2849 ἱεροῖς
3167 2794 3225 2830 τε
3259 2777 3351 2829 καὶ
3392 2775 3550 2837 θείοις
3577 2775 3672 2828 νάο

2106 2887 2260 2940 μασι,
2290 2868 2416 2933 τούς
2440 2887 2498 2922 τε
2538 2868 2595 2934 ἐξ
2639 2869 2904 2921 Ἰουδαίων
2938 2868 3170 2938 ἥκοντας
3202 2865 3295 2917 ἐπὶ
3329 2864 3389 2916 τὸ
3421 2864 3526 2916 δεῖν
3554 2863 3671 2914 ἐλέ-

2105 2961 2226 3014 σθαι
2263 2963 2361 3031 τὴν
2394 2963 2473 3023 εἰς
2507 2960 2740 3030 Χριστὸν
2781 2959 3000 3028 ἀγάπην
3026 2974 3038 2986 ·
3080 2957 3173 3010 καὶ
3227 2958 3353 3018 τοὺς
3391 2954 3451 3020 ἐξ
3502 2956 3673 3007 ἐθνῶν

425 3053 592 3108 etiam
629 3068 888 3107 manuum
919 3055 1180 3123 Operibus
1209 3063 1490 3119 curarunt,
1524 3056 1629 3109 hoc
1656 3055 1803 3108 enim
1832 3055 1998 3124 signi-

2104 3052 2490 3122 κεκλημένους.
2529 3050 2746 3120 Ἐπειδὴ
2779 3049 2836 3104 δὲ
2868 3049 3123 3120 τοιαύτην
3155 3044 3326 3104 οὖσαν
3353 3050 3401 3102 οἱ
3433 3046 3672 3118 μαθηταὶ

429 3145 591 3200 ﬁcare
651 3145 890 3199 arbitror
949 3145 1190 3199 armillas
1239 3144 1491 3198 manibus
1545 3143 1774 3197 additas.
1829 3144 1998 3197 Porro

429 3252 622 3292 servus
653 3237 886 3290 Abrahae
925 3233 1389 3289 commemorabat
1427 3234 1495 3288 iis
1531 3234 1625 3304 qui
1667 3235 1724 3288 in
1762 3234 1996 3300 Charan,

430 3327 647 3381 divitias
677 3326 883 3381 domini
913 3326 1020 3392 sui,
1053 3325 1309 3396 quodque
1348 3324 1572 3380 unicum
1603 3343 1838 3397 eumque
1867 3327 1998 3381 cha-

432 3417 706 3472 rissimum
743 3416 972 3471 haberet
1002 3416 1294 3471 heredem.
1331 3416 1647 3472 Docuerunt
1675 3432 1806 3472 vero
1835 3417 2000 3472 etiam

431 3509 685 3580 discipuli
714 3517 902 3579 gentes
938 3509 1035 3564 Dei
1071 3525 1136 3564 ac
1168 3509 1346 3564 Patris
1377 3509 1613 3573 divitias,
1640 3510 2002 3579 praedicantes

433 3617 606 3671 spem,
654 3601 842 3666 vitam,
895 3601 1401 3667 sanctiﬁcationem,
1445 3601 1700 3671 quodque
1744 3619 1885 3658 unus
1938 3619 2002 3658 ac

433 3694 582 3748 solus
615 3693 783 3748 Filius
814 3693 1115 3748 secundum
1151 3702 1400 3749 naturam
1444 3711 1509 3750 ac
1553 3711 1684 3750 vere
1728 3695 1800 3750 sit
1845 3694 2003 3750 Chri—

433 3793 570 3850 stus,
609 3786 701 3855 qui
737 3786 1115 3840 universorum
1150 3785 1325 3841 haeres
1354 3787 1424 3842 sit
1455 3786 1780 3850 declaratus,
1816 3796 2002 3856 aperte

433 3876 847 3931 annuntiarunt.
879 3875 1042 3946 Atqui
1082 3876 1452 3948 interrogatur
1480 3877 1636 3948 virgo
1668 3878 1909 3948 quidem,
1933 3895 2001 3933 an

433 3966 668 4021 libenter
713 3982 838 4021 cum
872 3981 1032 4020 servo
1081 3966 1153 4022 sit
1201 3967 1434 4022 abitura.
1474 3969 1593 4037 Ipsa
1640 3984 1770 4022 vero
1817 3970 2000 4023 statim

432 4059 643 4112 annuit.
693 4058 1107 4128 Promptissima
1147 4058 1292 4112 enim
1327 4067 1405 4113 est
1445 4060 1684 4114 Ecclesia
1719 4076 1785 4114 ex
1823 4061 2000 4130 genti-

435 4152 556 4213 bus,
583 4165 646 4202 ac
680 4156 890 4204 tantum
911 4165 1020 4203 non
1041 4149 1258 4204 fervens
1288 4150 1354 4203 ad
1383 4150 1731 4204 dilectionem
1759 4151 1958 4206 Christi
1985 4170 1998 4205 :

433 4239 579 4308 quod
618 4245 675 4293 et
711 4239 932 4292 divinus
972 4239 1142 4293 David
1190 4247 1419 4293 testatur
1462 4239 1529 4293 de
1563 4241 1805 4309 gentium
1841 4258 2002 4311 grege

436 4328 506 4383 ita
541 4327 767 4382 dicens:
797 4346 814 4378 ‹
849 4326 1129 4381 Alacritati
1171 4326 1354 4382 cordis
1388 4327 1631 4397 ipsorum
1669 4327 1870 4382 inclina
1902 4343 2002 4380 au-

2099 3142 2382 3197 τεθέανται
2424 3143 2526 3214 τὴν
2578 3141 2862 3214 παρθένον,
2909 3141 3145 3210 ψελλίοις
3209 3159 3268 3194 τε
3324 3140 3491 3209 αὐτὴν
3541 3155 3672 3191 κατ-

2099 3234 2356 3305 ηγλάῖζον
2397 3233 2620 3300 εὐθέως,
2650 3234 2744 3288 καὶ
2777 3234 2958 3305 μέντοι
2981 3236 3073 3289 τὸν
3095 3237 3153 3288 ὲν
3180 3233 3281 3287 ώσὶ
3336 3229 3673 3303 προσέθεσαν

2101 3325 2322 3396 κόσμον·
2359 3324 2627 3388 τουτέστι,
2657 3323 2917 3394 λαμπρὰν
2942 3324 3236 3378 ἀπετέλουν
3271 3320 3366 3375 καὶ
3399 3322 3673 3390 ὲκπρεπευ

2103 3415 2304 3486 στάτην
2345 3415 2456 3476 τοῖς
2496 3413 2576 3476 εἰς
2620 3412 2877 3482 εὐηκοῖαν
2919 3413 3216 3483 αὐχήμασι.
3268 3409 3673 3481 Κεκοσμημένη

2100 3505 2208 3577 γὰρ
2235 3504 2371 3574 ἀκοὴ
2397 3543 2412 3568 ,
2443 3501 2889 3577 παραδηλώσειεν
2917 3502 2981 3556 ἂν
3017 3502 3078 3555 τὸ
3109 3502 3354 3572 εὐήκοον.
3392 3498 3672 3570 Περιφανῆ

2100 3594 2158 3647 δὲ
2200 3594 2388 3663 ῶσπερ
2411 3593 2639 3663 ὁρᾶσθαι
2683 3590 3090 3664 παρεσκεύαζον
3113 3590 3205 3643 καὶ
3245 3592 3356 3652 τοῖς
3385 3588 3445 3654 ἐξ
3473 3589 3670 3660 ἔργων,

2101 3685 2218 3755 ἤτοι
2252 3685 2449 3756 χειρῶν
2473 3683 2892 3756 κατορθώμασιν
2955 3678 3122 3752 Οἶμαι
3151 3682 3259 3754 γὰρ
3284 3683 3454 3748 τουτὶ,
3487 3681 3549 3734 τὸ
3579 3681 3675 3735 καὶ

2101 3777 2294 3840 αὐταῖς
2326 3776 2523 3830 ὲνιέναι
2561 3775 2718 3847 χερσὶ
2736 3775 2803 3828 τὰ
2826 3773 3035 3844 ψέλλια.
3079 3773 3187 3827 Καὶ
3215 3776 3242 3827 6
3273 3773 3370 3844 μὲν
3397 3773 3611 3844 οἰκέτης
3642 3775 3672 3825 6

2101 3865 2193 3919 τοῦ
2231 3867 2483 3937 Ἀϐραὰμ
2506 3867 2770 3936 ἀφηγεῖτο
2800 3867 2910 3928 τοῖς
2943 3865 3002 3918 ὲν
3032 3865 3240 3936 Χαράν,
3277 3860 3370 3918 τοῦ
3418 3862 3544 3916 ἰδίου
3586 3862 3675 3916 δε-

2107 3958 2302 4011 σπότου
2335 3958 2426 4010 τὸν
2466 3956 2715 4021 πλοῦτον,
2748 3957 2841 4008 καὶ
2882 3956 2964 4009 ὅτι
3011 3957 3170 4027 μόνον
3201 3956 3296 4009 ἕνα
3330 3955 3424 4009 καὶ
3451 3957 3673 4025 ἠγαπη-

2107 4051 2264 4119 μένον
2289 4048 2400 4119 ἔχει
2431 4047 2526 4101 τὸν
2552 4047 2906 4118 κληρονόμον.
2938 4047 3490 4117 Μεμυσταγωγήκασι
3523 4044 3580 4095 δὲ
3607 4044 3676 4096 τὰ

2102 4140 2229 4211 ἔθνη
2271 4141 2366 4194 καὶ
2405 4140 2454 4192 οἱ
2493 4138 2769 4192 θεσπέσιοι
2813 4137 3086 4210 μαθηταὶ,
3135 4137 3224 4190 τὸν
3269 4136 3363 4188 τοῦ
3399 4133 3533 4188 Θεοῦ
3579 4135 3675 4186 καὶ

2102 4232 2315 4304 Πατρδς
2358 4231 2822 4303 ἀνακηρύττοντες
2869 4230 3116 4291 πλοῦτον,
3171 4230 3270 4298 τὴν
3319 4228 3528 4292 ἐλπίδα,
3574 4222 3704 4298 τὴν’

2104 4322 2267 4393 ζωὴν,
2293 4320 2384 4374 τδν
2415 4321 2703 4392 ἁγιασμόν·
2737 4316 2817 4384 εἷς
2851 4319 2907 4372 δὲ
2936 4321 3017 4373 ὅτι
3049 4319 3143 4372 καὶ
3183 4319 3341 4389 μόνος
3376 4318 3502 4380 Υἱὸς
3531 4318 3676 4371 κατὰ

435 4434 549 4473 rem
587 4425 734 4471 tuam
767 4416 835 4470 ⁸³.
872 4435 891 4468 ι
932 4417 1223 4486 Postquam
1253 4432 1384 4471 vero
1423 4417 1707 4486 copulatus
1738 4424 1817 4471 est
1853 4417 2000 4472 Isaac

2104 4412 2265 4480 φύσιν
2296 4411 2389 4464 καὶ
2421 4411 2636 4481 άληθῶς
2665 4413 2692 4465 6
2721 4411 2972 4482 Χριστὸς,
3006 4410 3063 4473 ὃς
3093 4410 3188 4463 καὶ
3213 4408 3319 4462 τῶν
3343 4408 3478 4461 ὅλων
3504 4407 3675 4460 τέθει-

433 4509 713 4570 Rebeccm,
745 4525 762 4557 ι
785 4507 1097 4563 consolatus
1123 4515 1224 4570 est,
1249 4507 1447 4576 inquit,
1471 4522 1635 4576 super
1653 4517 1822 4560 matre
1843 4523 1990 4562 sua.»

433 4600 512 4652 Ex
549 4599 654 4653 hoc
683 4598 865 4667 itaque
900 4598 1058 4652 facile
1098 4597 1325 4668 intelligi
1357 4605 1556 4666 potest,
1588 4597 1733 4667 quod
1765 4598 2002 4652 doluerit

433 4690 654 4757 quidem
699 4688 952 4743 Christus
997 4695 1229 4742 mortem
1274 4689 1676 4757 quodammodo
1713 4689 2005 4760 Synagogae

431 4780 746 4834 Judaeorum
787 4779 858 4832 ob
905 4778 1366 4842 incredulitatem,
1397 4796 1463 4833 ex
1506 4795 1613 4849 qua
1652 4779 1767 4848 ipse
1808 4795 2004 4834 secun-

434 4872 563 4924 dum
607 4885 826 4938 carnem
887 4879 1049 4926 natus
1097 4880 1233 4926 erat.
1277 4871 1570 4940 Postquam
1607 4887 1739 4926 vero
1775 4887 2009 4941 sponsus

435 4960 690 5016 Ecclesiae
733 4962 974 5032 gentium
1024 4970 1108 5016 est
1151 4961 1400 5026 ell‘ectus,
1445 4961 1698 5031 deposuit
1739 4962 2004 5031 quodam-

435 5051 597 5106 modo
645 5067 966 5117 maerorem,
1003 5067 1166 5122 quem
1205 5067 1269 5107 ea
1314 5051 1382 5106 de
1425 5068 1483 5106 re
1527 5060 1868 5120 conceperat.
1915 5052 2006 5105 Di-

436 5148 585 5194 ctum
618 5141 764 5196 cnim
801 5148 885 5196 est
920 5141 1122 5196 alicubi
1156 5157 1253 5211 per
1283 5155 1474 5195 vocem
1506 5141 1784 5209 propheta;
1809 5141 1874 5194 ad
1905 5141 2005 5195 Ec-

437 5229 658 5284 clesiam
686 5248 697 5282 :
748 5250 766 5282 ι
804 5231 873 5286 Ει
894 5231 1032 5296 erit,
1056 5229 1517 5300 quemadmodum
1547 5229 1818 5283 lwtabitur
1838 5245 2002 5298 spon-

2106 4523 2196 4560 ται
2235 4504 2588 4574 κληρονόμος,
2619 4502 2960 4572 ἀπήγγελλον
2994 4502 3259 4574 ἐναργῶς.
3291 4501 3399 4554 Καὶ
3425 4501 3674 4571 ὴρωτᾶτο

2113 4597 2210 4666 μὲν
2250 4597 2283 4665 ἡ
2321 4594 2619 4665 παρθένος,
2655 4595 2703 4645 εἰ
2733 4593 3110 4664 συμϐαδιεῖται
3145 4592 3223 4662 τῷ
3255 4592 3439 4666 οἰκέτῃ
3473 4590 3674 4662 προθύ-

2108 4701 2244 4758 μως⁶
2281 4687 2314 4756 ἡ
2350 4685 2407 4738 δὲ
2445 4683 2732 4738 κατένευεν
2776 4683 2956 4747 εὐθύς.
3016 4682 3368 4752 Ἐτοιμοτάτη
3402 4681 3510 4752 γὰρ
3552 4681 3674 4734 λίαν

2105 4774 2138 4844 η
2167 4771 2227 4836 ἐξ
2252 4770 2421 4824 ἐθνῶν
2469 4769 2761 4841 Ἐκκλησία
2781 4810 2795 4834 ,
2827 4773 3105 4842 μονονουχὶ
3125 4771 3182 4823 δὲ
3209 4770 3302 4824 κα)⁸
3332 4769 3508 4840 θερμὴ
3537 4769 3674 4839 πρὸς

2104 4861 2327 4930 ἀγάπην
2360 4859 2456 4931 τήν
2494 4861 2586 4913 ἐπὶ
2629 4860 2869 4931 Χριστῷ.
2925 4861 3034 4914 Καὶ
3078 4861 3412 4931 μαρτυρήσει
3441 4859 3617 4928 λέγων
3644 4860 3674 4910 ὁ

2105 4953 2394 5015 θεσπέσιος
2414 4950 2578 5005 Δα6⁴ιδ
2601 4951 2728 5019 περὶ
2757 4951 2855 5021 τῆς
2878 4949 2938 5016 ἐξ
2960 4951 3128 5004 ἐθνῶν
3151 4951 3369 5020 ἀγέληςο
3406 4951 3512 5020 «Τῇ
3542 4951 3674 5002 ἐτοι⁸

2107 5042 2275 5114 μασίᾳ
2305 5041 2406 5112 τῆς
2451 5041 2679 5111 καρδίας
2722 5040 2900 5094 αὐτῶν
2937 5039 3206 5112 προσέσχε
3243 5039 3304 5092 τὸ
3353 5033 3446 5101 οὖς
3483 5055 3598 5090 σου.
3645 5055 3665 5089 ι

2115 5133 2267 5186 Ἐπεὶ
2317 5132 2374 5185 δὲ
2418 5132 2664 5204 συνήιρθη
2712 5131 2897 5185 λοιπὸν
2938 5133 2967 5184 6
3021 5131 3211 5185 Ἰσαὰκ
3245 5133 3310 5202 τῇ
3378 5129 3668 5198 Ῥεϐέκκα,

2109 5245 2126 5278 ι
2165 5224 2510 5296 Παρεκλήθη,
2543 5224 2674 5294 φησί
2695 5263 2708 5284 ,
2737 5225 2864 5295 περὶ
2893 5227 2989 5296 τῆς
3019 5224 3222 5295 μητρὸς
3258 5222 3448 5277 αὐτοῦ.
3497 5241 3516 5274 ›
3554 5221 3667 5274 Πά-

437 5335 530 5374 sus
593 5334 758 5388 super
807 5335 1033 5388 sponsa,
1085 5320 1163 5374 sic
1204 5317 1474 5373 laetabitur
1525 5317 1787 5371 Dominus
1840 5334 2000 5388 super

2106 5335 2252 5389 ρεστι
2285 5315 2346 5386 δὴ
2376 5311 2466 5369 οὖν
2487 5315 2581 5368 καὶ
2608 5316 2694 5369 διὰ
2716 5317 2870 5369 τοῦδε
2898 5318 3057 5380 νοεῖν,
3077 5316 3159 5368 ὅτι
3180 5315 3475 5385 λελύπηται
3513 5313 3611 5384 μὲν
3638 5312 3670 5364 6

439 5415 492 5458 te
524 5407 591 5460 '°.
635 5426 652 5458 ι
676 5408 780 5462 Per
797 5422 958 5476 quem
1005 5415 1061 5462 et
1091 5419 1215 5463 'cum
1249 5423 1358 5477 quo
1407 5407 1519 5461 Deo
1560 5422 1623 5460 ac
1661 5407 1802 5462 Patri
1835 5408 2000 5478 gloria

2104 5407 2332 5480 Χριστὸς
2364 5407 2643 5478 μονονουχὶ
2686 5407 2992 5477 τεθνεώσης
3021 5407 3110 5460 διὰ
3141 5405 3243 5476 τῆς
3281 5404 3536 5466 ἀπιστίας
3567 5401 3671 5472 ,τῆς

439 5511 562 5551 cum
601 5507 789 5553 sancto
830 5499 1034 5570 Spiritu
1082 5499 1137 5554 in
1190 5499 1385 5555 swcula
1429 5500 1771 5554 saeculorum.
1811 5500 2000 5555 Amen.

556 5674 599 5703 '”
631 5671 729 5725 lsa.
767 5688 857 5732 xu.
889 5674 941 5728 5.
1042 5676 1085 5704 "
1120 5676 1290 5730 Galat.
1327 5695 1404 5736 ιιι,
1432 5678 1517 5731 23.

2117 5499 2381 5554 Ἰουδαίων
2414 5499 2774 5571 Συναγωγῆς,
2811 5499 2870 5563 ἐξ
2897 5493 2963 5570 ἧς
2994 5501 3086 5555 καὶ
3127 5498 3286 5560 αὐτὸς
3319 5496 3459 5551 κατὰ
3494 5493 3671 5563 σάρκα

1629 5677 1673 5706 ¹¹⁹
1707 5676 1843 5730 Psal.
1884 5694 1953 5739 Ix,
2005 5677 2090 5731 56.
2122 5678 2166 5708 9"
2224 5676 2322 5730 lsa.
2374 5692 2497 5740 LXII,
2534 5676 2584 5729 3.
