4050 6210
277 262 393 319 153

1318 255 1834 314 GLAPHYRORUM
1874 260 1942 314 IN
1981 258 2281 315 GENESIM
2321 260 2446 315 LIB.
2489 258 2576 316 ῐῐῐ.

3441 266 3542 324 154

273 375 604 444 γεγένηται·
639 372 828 443 ἐπειδὴ
871 372 928 426 δὲ
963 372 1151 441 γέγονε
1196 374 1427 443 νυμφίος
1468 375 1566 446 τῆς
1604 372 1664 439 ἐξ
1705 373 1876 428 ἐθνῶν
1932 375 2279 446 Ἐκκλησίας,
2319 374 2580 445 κατέληξε
2609 372 2810 444 τρόπον
2833 372 2955 426 τινὰ
2978 374 3075 444 τῆς
3109 375 3196 428 ἐπ’
3218 375 3400 448 ἐκείνη
3426 378 3537 432 λοι-

273 466 381 519 πὸν
420 463 743 534 κατηφείας.
773 461 1002 532 Εἴρηται
1031 462 1140 532 γάρ
1181 479 1282 516 που
1322 462 1411 516 διὰ
1441 463 1624 534 φωνῆς
1690 462 1983 534 προφητῶν
2027 464 2164 534 πρὸς
2206 463 2304 536 τὴν
2361 462 2711 533 Ἐκκλησίαν·
2754 480 2772 512 ι
2813 463 2920 516 Kal
2983 463 3170 524 ἔσται,
3235 465 3296 518 ὃν
3333 467 3535 537 τρόπον

274 554 717 625 εὐφρανθήσεται
761 552 995 622 νυμφίος
1028 552 1121 604 ἐπὶ
1149 552 1336 626 νύμφῃ
1357 591 1371 617 ,
1415 553 1587 617 οὕτως
1619 555 2052 625 εὐφρανθήσεται
2083 555 2284 627 Κύριος
2312 556 2404 608 ἐπὶ
2437 555 2536 609 σοί.
2577 574 2593 606 ι
2627 553 2703 607 Δι’
2734 548 2794 608 οὗ
2865 555 2959 608 xal
3019 556 3136 625 μεθ’
3200 550 3261 610 οῦ
3288 558 3366 629 τῷ
3422 561 3542 634 Θεῷ

275 649 376 700 καὶ
398 646 574 716 Πατρὶ
601 644 726 712 δόξα
762 645 858 698 σὺν
889 645 1032 716 ἁγίῳ
1059 644 1355 716 Πνεῦματι,
1391 648 1471 711 είς
1502 648 1626 710 τοὺς
1659 646 1862 712 αἰῶνας
1894 647 2000 702 τῶν
2029 648 2260 704 αἰώνων.
2308 648 2502 718 Ἀμήν.

275 782 572 860 Περί-τοῦ
613 780 796 859 Ἠσαῦ
829 782 928 860 θεαὶ
975 781 1097 860 τᾼοῦ⁸
1122 783 1364 860 ‘Iambﬁ,
1409 784 1509 860 ὅτι
1541 785 1855 860 alendam:

1959 784 2065 856 93
2091 785 2167 860 De
2205 787 2420 860 Esau_et
2447 785 2612 860 Jacob
2631 802 2648 838 :
2686 785 2826 860 quod
2862 787 2966 838 sint
3000 793 3152 860 typus
3189 787 3413 842 duorum
3445 806 3541 860 po-

350 851 638 922 τέθεινται
682 850 798 902 τῶν
835 851 944 904 δύο
966 851 1164 922 λαῶν,
1196 853 1302 906 τοῦ
1343 870 1405 906 τε
1461 853 1730 922 Ἰσραὴλ,
1759 854 1856 908 καί

359 921 465 976 τοῦ
498 921 596 974 διὰ
624 922 884 986 πίστεως
914 921 1024 988 τῆς
1058 922 1128 976 ὲν
1159 923 1410 990 Χριστῷ.

365 1034 440 1087 α’.
467 1027 802 1086 «Αῦταιδέαί
832 1035 1075 1102 γενέσεις
1107 1036 1291 1089 Ἰσαὰκ
1308 1036 1400 1090 τοῦ
1429 1037 1546 1090 υίοῦ
1582 1037 1857 1109 Ἀϐραὰμ,

274 1123 539 1194 ’Λϐραᾶμ
569 1124 816 1195 ἐγέννησε
854 1125 944 1177 τὸν
997 1126 1199 1180 Ἰσαάκ.
1247 1122 1355 1179 Ἦν
1381 1128 1436 1180 δὲ
1495 1128 1680 1182 Ἰσαὰκ
1721 1129 1859 1182 ἐτῶν

271 1215 723 1284 τεσσαράκοντα,
753 1217 842 1268 ὅτε
884 1214 1043 1268 ἔλαϐε
1075 1217 1174 1287 τὴν
1224 1217 1542 1282 Ῥεϐέκκαν,
1583 1217 1860 1288 θυγατέρα

273 1305 525 1376 Βαθουὴλ
553 1305 646 1358 τοῦ
680 1307 882 1377 Σύρου,
921 1308 985 1360 ὲκ
1016 1307 1112 1377 τῆς
1141 1310 1594 1379 Μεσοποταμίας,
1626 1311 1860 1382 ἀδελφὴν

273 1396 465 1450 Λάϐαν
485 1396 580 1449 τοῦ
610 1396 781 1466 Σύρου
803 1436 818 1459 ,
847 1398 1026 1468 ἑαυτῷ
1054 1403 1308 1467 γυναῖκα.
1341 1401 1542 1454 Ἐδεῖτο
1571 1402 1627 1454 δὲ
1675 1403 1860 1456 Ἰσαὰκ

277 1488 322 1538 K
335 1485 489 1556 υρίου
508 1505 572 1540 πε
579 1489 634 1558 ρ).
665 1489 960 1553 Ῥεϐέκκας
976 1493 1070 1560 τῆς
1087 1491 1343 1557 γυναικὸς
1361 1491 1544 1556 αὐτοῦ,
1568 1493 1648 1546 ὅτι
1673 1497 1858 1566 στεῖρα

274 1577 364 1650 ἦν.
407 1580 710 1652 Ἐπήκουσε
731 1581 787 1635 δὲ
814 1582 978 1634 αὐτοῦ
1013 1585 1038 1635 6
1063 1583 1214 1646 Θεὸς,
1244 1584 1337 1635 καὶ
1367 1583 1555 1636 ἔλαϐεν
1575 1587 1632 1638 ἐν
1663 1588 1859 1657 γαστρὶ

287 1671 556 1724 Ῥεϐέκκα
589 1673 621 1742 ή
657 1671 794 1743 γυνὴ
825 1672 989 1726 αὑτοῦ
1015 1713 1028 1726 .
1072 1673 1373 1744 Ἐσκίρτων
1411 1674 1476 1728 δὲ’
1495 1675 1560 1728 τὰ
1588 1677 1772 1730 παιδία
1801 1679 1859 1732 ἐν

275 1763 433 1831 αὐτῇ.
479 1758 612 1814 Εἷπε
637 1763 715 1816 δέ’
747 1764 809 1816 Εί
840 1762 1013 1827 οὕτως
1048 1781 1136 1834 μοι
1181 1765 1362 1832 μέλλει
1387 1765 1662 1834 γίνεσθαι,
1692 1768 1777 1821 ἵνα
1806 1769 1858 1822 τί

278 1869 370 1920 μοι
413 1851 602 1917 τοῦτο;
665 1853 966 1924 Ἐπορεύθη
1008 1855 1063 1907 δὲ
1107 1855 1372 1909 πυθέσθαι
1425 1857 1573 1928 παρὰ
1627 1860 1854 1929 Κυρίου.

277 1943 385 1995 Καὶ
424 1935 546 1994 εἶπε
585 1942 787 2011 Κύριος
837 1944 998 2014 αὑτῇο
1037 1944 1140 1997 Δύο
1174 1945 1297 2016 ἔθνη
1335 1947 1392 1999 ἐν
1434 1950 1500 2018 τῇ
1535 1949 1731 2019 γαστρὶ
1762 1951 1854 2003 σού

273 2035 402 2095 εἰσι,
426 2033 522 2086 καὶ
549 2032 643 2085 δύο
671 2033 790 2086 λαοὶ
821 2035 886 2087 ἐκ
909 2035 1006 2105 τῆς
1028 2035 1234 2100 κοιλίας
1262 2054 1353 2089 σου
1385 2038 1851 2110 διασταλήσονται.

2031 853 2613 928 ῥαίοτιιηι-,Ιδναείὶιὶεί
2644 853 2912 920 nimirum,
2966 853 3156 928 et‘éjus
3203 860 3294 928 qui
3330 853 3543 928 μετ’ρο

2029 926 2147 978 dem
2171 927 2226 978 in
2253 925 2536 980 Christum.

2029 1038 2080 1092 1.
2124 1038 2258 1094 «Hm
2281 1049 2410 1095 sunt
2454 1039 2832 1110 generationes
2874 1037 3042 1103 Isaac,
3091 1038 3189 1092 ﬁlii
3215 1038 3536 1096 Abraham:

1959 1129 2235 1184 Abraham
2268 1131 2458 1201 genuit
2483 1132 2649 1185 Isaac.
2687 1132 2815 1188 Erat
2847 1141 3030 1186 autem
3072 1130 3222 1186 Isaac
3267 1147 3537 1188 annorum

1958 1219 2315 1290 quadraginta
2332 1221 2550 1290 quando
2563 1221 2771 1292 accepit
2787 1221 3109 1287 Rebeccam,
3128 1221 3293 1276 ﬁliam
3309 1221 3537 1277 Bathuel

1959 1307 2104 1379 Syri,
2157 1324 2226 1363 ex
2269 1309 2676 1380 Mesopotamia,
2731 1325 2976 1366 sororem
3002 1310 3186 1364 Laban
3229 1309 3373 1381 Syri,
3427 1310 3534 1366 sibi

1959 1412 2206 1451 uxorem.
2234 1398 2568 1468 Deprecatus
2604 1407 2688 1454 est
2719 1407 2901 1454 autem
2948 1400 3096 1454 Isaae
3151 1413 3253 1467 pro
3285 1398 3535 1453 Rebecca

1959 1504 2128 1544 uxore
2158 1505 2256 1544 sua
2310 1490 2622 1554 Dominum,
2667 1489 2796 1558 quia
2825 1498 2944 1544 erat
2991 1488 3212 1544 sterilis.
3245 1487 3538 1543 Exaudivit

1957 1589 2139 1636 autem
2185 1597 2312 1636 eum
2353 1583 2516 1646 Deus,
2569 1589 2626 1636 et
2675 1581 2926 1650 concepit
2974 1580 3030 1634 in
3082 1587 3240 1635 utero
3289 1579 3536 1634 Rebecca

1958 1689 2097 1728 uxor
2121 1676 2259 1744 ejus.
2293 1673 2576 1730 Saltabant
2603 1681 2785 1728 autem
2835 1672 2992 1742 pueri
3027 1672 3084 1724 in
3131 1686 3215 1725 ea.
3265 1670 3413 1725 Dixit
3435 1686 3535 1725 au-

1958 1772 2100 1820 tem:
2132 1764 2188 1818 Si
2212 1765 2291 1819 sic
2316 1764 2558 1818 futurum
2589 1771 2727 1827 erat,
2747 1762 2880 1833 quid
2929 1777 3155 1818 necesse
3197 1761 3301 1816 fuit
3353 1765 3538 1818 conci-

1957 1855 2299 1926 pere?Abiit
2336 1863 2520 1909 autem
2574 1853 2916 1924 interrogare
2957 1869 2986 1907 a
3043 1853 3293 1908 Domino.
3344 1853 3412 1909 Et
3459 1856 3535 1909 ait

1957 1943 2220 1998 Dominus
2249 1943 2360 1997 illi:
2387 1945 2516 1998 Duae
2538 1952 2727 2014 gentes
2767 1944 2821 1996 in
2857 1952 3015 1998 utero
3045 1953 3138 1999 tuo
3170 1952 3318 2008 sunt,
3342 1951 3400 1999 et
3424 1944 3535 2001 duo

1957 2038 2144 2107 populi
2172 2053 2239 2092 ex
2267 2046 2458 2114 ventre
2509 2045 2604 2092 tuo
2660 2038 2998 2092 dividentur.
3036 2037 3106 2091 Et
3157 2037 3394 2106 populus
3437 2053 3536 2108 po-

273 2124 384 2176 Kal
415 2122 547 2186 λαὸς
572 2121 700 2176 λαοῦ
739 2099 1013 2192 ὑπερέξει.
1042 2125 1149 2177 Kal
1181 2125 1446 2195 ὁμείζων
1474 2099 1745 2182 δουλεῦσει
1779 2129 1855 2200 τῷ

1956 2129 2144 2198 pulum
2175 2110 2475 2200 superabit,
2507 2138 2562 2184 et
2619 2132 2790 2200 major
2826 2129 3031 2183 serviet
3060 2128 3280 2183 minori.
3310 2129 3379 2184 Et
3433 2099 3536 2183 im-

272 2217 540 2270 ἐλάττονι.
578 2216 690 2268 Kal
735 2216 1130 2286 ἐπληρώθη’σαν
1185 2220 1239 2270 αἱ
1285 2220 1486 2290 ἡμέραι
1535 2220 1629 2273 τοῦ
1675 2224 1855 2274 τεκεῖν

273 2308 464 2378 αὐτὴν,
483 2309 578 2362 καὶ
595 2307 722 2378 τῇδε
743 2303 810 2379 ἦν
829 2308 1026 2378 δίδυμα
1044 2312 1100 2362 ἐν
1118 2312 1184 2380 τῇ
1211 2311 1388 2382 κοιλία
1409 2312 1597 2382 αὐτῆς.
1634 2313 1853 2383 Ἐξῆλθε

270 2399 334 2453 δὲ
360 2403 388 2453 ὁ
432 2401 548 2462 υίὸς
579 2401 607 2452 6
650 2401 990 2470 πρωτότοκος
1041 2402 1332 2472 πυρῤάκης
1375 2403 1493 2467 ὅλος
1543 2405 1674 2458 ὡσεὶ
1721 2407 1853 2477 δορὰ

271 2492 461 2554 δασύς.
510 2491 840 2545 Ἐπεκάλεσε
873 2491 930 2545 δὲ
975 2492 1034 2545 τὸ
1079 2493 1250 2561 ὄνομα
1293 2495 1460 2548 αὑτοῦ
1506 2496 1698 2551 Ἡσαῦ.
1744 2500 1854 2551 Kal

276 2582 420 2653 μετὰ
445 2581 605 2636 τοῦτο
627 2581 845 2654 ἐξῆλθεν
865 2584 892 2636 6
913 2583 1139 2653 ἀδελφὸς
1161 2583 1346 2650 αὑτοῦ,
1371 2586 1465 2638 καὶ
1489 2588 1520 2656 ή
1542 2588 1660 2660 χεὶρ
1687 2589 1850 2642 αὑτοῦ

273 2673 656 2744 ἐπειλημμένη
687 2673 788 2742 τῆς
838 2673 1077 2744 πτέρνης
1120 2673 1314 2728 Ἠσαῦ.
1365 2675 1473 2728 Kal
1519 2677 1747 2730 ἐκάλεσε
1792 2679 1852 2731 τὸ

273 2764 444 2831 δνομα
483 2763 646 2815 αὑτοῦ
691 2761 904 2815 Ἰακώϐ.
969 2763 1152 2816 Ἰσαὰκ
1183 2763 1240 2816 δὲ
1283 2759 1350 2834 ἦν
1388 2764 1522 2817 ἐτῶν
1554 2766 1848 2834 ἐξήκοντα,

272 2855 361 2906 ὅτε
390 2854 578 2906 ἔτεκεν
603 2854 800 2916 αὐτοὺς
838 2853 1120 2908 Ῥεϐέκκα.
1158 2855 1485 2926 Ηὺξήθησαν
1510 2855 1565 2908 δέ
1598 2857 1646 2908 οί
1677 2860 1852 2910 νεανί-

277 2962 417 2998 σκοι.
449 2946 564 2997 Kal
591 2939 660 3015 ἦν
691 2944 860 2998 Ἡσαῦ
890 2945 1172 3016 ἄνθρωπος
1205 2946 1360 3009 εἰδὼς
1387 2951 1645 3018 κυνηγεῖν
1663 2949 1851 3020 ἄγροι-

274 3053 389 3099 κος.
444 3035 640 3088 Ἰακὼϐ
672 3035 726 3088 δὲ
769 3035 1052 3106 ἄνθρωπος
1099 3036 1394 3102 ἄπλαστος,
1435 3039 1600 3093 οίκῶν
1650 3041 1846 3095 οίκίαν.

287 3124 572 3192 Ἠγάπησε
613 3123 671 3176 δὲ
725 3125 910 3177 Ἰσαὰκ
950 3123 1040 3177 τὸν
1091 3126 1283 3190 Ἡσαῦ,
1315 3129 1396 3181 ὃτι
1434 3130 1468 3198 ἡ
1501 3128 1642 3199 θήρα
1687 3131 1850 3186 αὐτοῦ

1954 2222 2086 2291 pleti
2127 2232 2256 2278 sunt
2298 2221 2437 2286 dies,
2481 2231 2539 2276 ut
2569 2233 2788 2292 pareret
2834 2222 2970 2291 ipsa,
3003 2230 3059 2276 et
3096 2222 3226 2276 huic
3247 2228 3405 2275 erant
3437 2237 3532 2292 ge-

1955 2311 2090 2366 mini
2118 2311 2172 2365 in
2199 2320 2356 2366 utero
2385 2314 2522 2382 ejus.
2561 2312 2824 2382 Egressus
2845 2321 2930 2366 est
2963 2319 3146 2365 autem
3197 2310 3532 2382 primogeni-

1955 2412 2055 2464 tus
2075 2405 2230 2459 rufus
2262 2413 2430 2469 totus,
2487 2412 2543 2459 et
2594 2405 2738 2458 sicut
2793 2404 2952 2473 pellis
2994 2402 3274 2473 hispidus:
3318 2405 3535 2461 vocavit

1954 2515 2136 2558 autem
2161 2517 2359 2558 nomen
2383 2503 2504 2573 ejus
2533 2502 2697 2556 Esau.
2746 2501 2815 2556 Et
2863 2501 3114 2572 protinus
3163 2514 3417 2570 egressus
3449 2507 3534 2553 est

1952 2595 2122 2649 frater
2145 2595 2283 2665 ejus.
2318 2603 2373 2648 et
2405 2609 2598 2648 manus
2634 2594 2754 2663 ejus
2776 2593 3196 2662 apprehendens
3213 2591 3531 2646 calcaneum

1953 2685 2118 2750 Esau,
2168 2692 2224 2738 et
2263 2685 2479 2739 vocavit
2533 2699 2736 2738 nomen
2789 2684 2907 2754 ejus
2933 2683 3118 2737 Jacob.
3158 2682 3308 2735 Isaac
3349 2688 3531 2734 autem

1951 2783 2071 2830 erat
2110 2791 2376 2829 annorum
2433 2775 2711 2846 sexaginta
2757 2775 2978 2844 quando
3025 2773 3240 2842 peperit
3280 2787 3376 2825 eos
3419 2772 3532 2824 Re-

1953 2865 2138 2918 becca.
2164 2863 2470 2930 Creverunt
2492 2871 2671 2917 autem
2692 2863 2942 2932 juvenes.
2974 2860 3042 2914 Et
3068 2858 3173 2912 fuit
3193 2858 3336 2910 Esau
3367 2856 3534 2910 homo

1960 2939 2204 3007 venandi
2245 2968 2446 3024 gnarus
2468 2961 2524 3006 et
2560 2952 2800 3005 rusticus
2832 2967 2846 3002 :
2885 2947 3054 3004 Jacob
3079 2955 3263 3001 autem
3305 2945 3411 3000 fuit
3430 2945 3532 2999 ho~

1952 3057 2042 3094 mo
2066 3041 2318 3112 simplex,
2370 3040 2625 3094 habitans
2676 3037 2843 3093 domi.
2885 3036 3086 3092 Dilexit
3149 3043 3329 3090 autem
3385 3035 3534 3090 Isaac

1951 3135 2116 3198 Esau,
2149 3134 2278 3203 quia
2326 3132 2544 3186 venatio
2575 3134 2693 3201 ejus
2748 3130 2904 3184 cibus
2936 3128 3021 3182 ei:
3055 3127 3304 3182 Rebecca
3348 3133 3533 3181 autem

275 3214 480 3286 βρῶσις
504 3213 671 3285 αὐτῷ.
705 3214 969 3267 Ῥεϐέκκα
989 3215 1044 3268 δέ
1066 3215 1256 3284 ἠγάπα
1278 3217 1370 3270 τὸν
1397 3217 1612 3274 Ἰακώϐ.
1631 3221 1849 3292 Ἰίψησε

1956 3224 2214 3293 diligebat
2236 3221 2420 3277 Jacob.
2450 3219 2606 3275 Coxit
2626 3227 2806 3273 autem
2828 3218 2995 3273 Jacob
3011 3217 3315 3272 coctionem
3343 3216 3528 3270 lentis.

273 3305 332 3358 δὲ
388 3303 582 3359 Ἰακὼϐ
630 3304 836 3376 ἕψημα.
889 3300 1058 3358 Ἶιλθε
1098 3305 1156 3360 δὲ.
1198 3305 1366 3361 Ἦσαῦ
1407 3313 1470 3362 ἐκ
1522 3311 1616 3363 τοῦ
1668 3312 1849 3364 πεδίου

1956 3315 2112 3369 Venit
2141 3323 2320 3367 autem
2349 3313 2490 3366 Esau
2531 3310 2597 3364 de
2631 3324 2762 3379 agro
2787 3307 3079 3370 deﬁciens;
3110 3315 3165 3360 et
3207 3305 3348 3360 dixit
3389 3305 3536 3361 Esau

273 3398 567 3452 ἐκλείπων.
611 3399 721 3450 Kal.
751 3394 900 3451 εἶπεν
957 3397 1124 3450 Ἠσαῦ
1176 3399 1254 3470 τῷ
1308 3401 1518 3454 Ἰακώϐ⁸
1555 3403 1753 3456 Γεῦσόν
1784 3421 1850 3474 με

1956 3403 2156 3458 Jacob:
2185 3401 2320 3456 Ciba
2359 3416 2444 3454 me
2467 3399 2534 3454 de
2557 3398 2806 3453 coctione
2828 3406 2923 3454 tua
2955 3397 3081 3450 'rufa
3121 3397 3245 3459 hac,
3279 3395 3408 3464 quia
3434 3393 3535 3448 de-

274 3490 384 3542 ἀπὸ
396 3488 492 3541 τοῦ
515 3489 790 3558 ἑψήματος
804 3489 899 3542 τοῦ
917 3509 988 3543 πυ
995 3492 1125 3562 ρῤοῦ
1143 3491 1353 3556 τούτου,
1373 3493 1453 3546 ὃτι
1471 3494 1705 3547 ἐκλείπω
1721 3494 1850 3564 ἐγώ.

274 3582 370 3634 Διά
403 3580 569 3634 τοῦτο
604 3581 804 3653 ἐκλήθη
843 3582 903 3635 τὸ
936 3583 1106 3654 δνομα
1152 3583 1318 3638 αὑτοῦ
1372 3585 1569 3654 Ἐδῶμ.
1614 3585 1748 3639 Εἷπε
1798 3587 1854 3639 δὲ

286 3672 483 3727 Ἰακὼϐ
517 3672 596 3745 τῷ
634 3673 804 3728 Ἡσαῦ
827 3690 842 3708 ο
884 3673 1106 3729 Ἀπόδου
1143 3677 1384 3747 σήμερον
1420 3677 1487 3730 τὰ
1517 3679 1856 3749 πρωτοτόκια

277 3779 368 3815 σου
393 3764 542 3833 ἐμοί.
567 3764 673 3816 Kal
703 3758 856 3817 εἶπεν
900 3763 1090 3818 Ἠσαῦ·
1111 3766 1240 3819 Ἰδοὺ
1277 3766 1388 3834 ἐγὼ
1424 3769 1725 3838 πορεύομαι
1760 3787 1850 3821 τε·

274 3853 490 3925 λευτᾷν,
538 3854 630 3907 καὶ
666 3855 750 3908 ἵνα
778 3856 830 3908 τί
877 3873 966 3927 μοι
995 3856 1168 3910 ταῦτα
1206 3857 1274 3911 τὰ
1316 3859 1694 3930 πρωτοτόκια;
1743 3861 1854 3914 Καὶ

277 3941 606 4015 εἷπεναὺτῷς
621 3945 832 3999 Ἰακώϐ*
850 3949 1086 4018 Ὀμοσὸν
1109 3965 1200 4018 μοι
1226 3949 1465 4019 σήμερον
1487 3966 1500 3980 ·
1525 3949 1619 4002 καὶ
1642 3948 1854 4020 ὤμοσεν

278 4037 447 4108 αὐτῷ.
486 4038 739 4090 Ἀπέδοτο
763 4037 819 4090 δὲ
859 4038 1029 4091 Ἠσαῦ
1054 4039 1122 4091 τὰ
1153 4040 1494 4110 πρωτοτόκια
1519 4039 1596 4108 τῷ
1638 4041 1850 4096 Ἰακώϐ.

290 4127 486 4181 Ἰακὼϐ
519 4129 577 4182 δὲ
609 4129 776 4182 ἔδωκε
806 4128 881 4199 τῷ
925 4129 1093 4183 Ἡσαῦ
1121 4130 1283 4202 ἄρτον
1313 4132 1409 4184 καὶ
1433 4131 1534 4200 ἔψη
1546 4148 1619 4200 μα
1655 4133 1850 4199 φακοῦο

281 4223 369 4274 καὶ
397 4223 569 4289 ἔφαγε
599 4222 691 4276 καὶ
727 4222 877 4282 ἔπιε,
912 4223 1003 4276 καὶ
1034 4222 1270 4286 ἀναστὰς
1302 4223 1494 4294 ᾤχετο.
1538 4223 1645 4276 Kal
1688 4224 1855 4292 ἐφαύ-

279 4313 426 4365 λισεν
465 4310 638 4364 Ἠσαῦ
691 4312 758 4365 τὰ
803 4313 1143 4383 πρωτοτόκια
1197 4312 1384 4368 αὑτοῦ.
1436 4332 1454 4364 ι
1491 4315 1710 4384 Πατέρα
1756 4314 1854 4386 μὲν

283 4403 498 4456 ἔσεσθαι
528 4402 737 4455 πολλῶν
766 4403 934 4456 ἐθνῶν
965 4403 1055 4456 τὸν
1087 4403 1374 4457 θεσπέσιον
1430 4403 1680 4476 Ἀϐραὰμ
1719 4406 1852 4474 ψευ-

284 4494 491 4547 δοεπεῖν
540 4497 640 4550 οὐκ
676 4495 832 4560 είδὼς
884 4496 1251 4568 ἐπηγγέλλετο
1297 4497 1450 4560 Θεὸς,
1486 4498 1582 4552 καὶ
1620 4496 1853 4568 ἀριθμοῦ

289 4588 570 4655 κρείττονα
608 4589 707 4657 τὴν
738 4589 795 4654 ἐξ
818 4588 980 4641 αὑτοῦ
1006 4589 1291 4657 φανεῖσθαι
1320 4589 1528 4659 πληθὺν
1548 4589 1659 4642 ἄνω
1676 4607 1733 4642 τε
1762 4589 1855 4642 καὶ

287 4676 430 4728 κάτω
453 4675 835 4747 διισχυρίζετο.
861 4694 881 4727 ι
905 4677 1047 4728 Ὠσεὶ
1071 4677 1253 4746 ἄμμος
1273 4677 1382 4746 γὰρ
1413 4676 1584 4736 ἔσται,
1611 4675 1795 4746 φησὶν,
1820 4675 1855 4744 ἡ

1957 3494 2083 3548 ﬁcio
2123 3508 2242 3563 ego.
2302 3492 2532 3561 Propter
2579 3490 2685 3544 hoc
2735 3496 2992 3543 vocatum
3035 3495 3119 3542 est
3170 3501 3368 3540 nomen
3415 3487 3536 3556 ejus

1954 3585 2150 3640 Edom.
2183 3583 2329 3638 Dixit
2364 3590 2544 3637 autem
2567 3580 2736 3637 Jacob
2760 3581 2903 3634 Esau
2943 3597 2956 3632 :
2986 3578 3172 3635 Vende
3207 3577 3342 3632 mihi
3370 3576 3535 3631 hodie

1954 3675 2317 3746 primogenita
2346 3684 2457 3729 tua.
2489 3673 2634 3727 Dixit
2675 3679 2856 3725 autem
2885 3671 3028 3724 Esau
3057 3687 3069 3722 :
3098 3669 3236 3723 Ecce
3270 3682 3370 3738 ego
3394 3666 3535 3720 vado

1955 3767 2114 3829 mori,
2143 3774 2200 3820 et
2228 3773 2287 3818 ut
2318 3763 2448 3834 quid
2475 3763 2608 3816 mihi
2640 3762 2742 3816 ista
2769 3759 3170 3831 primogenita?
3191 3759 3259 3811 Et
3314 3757 3451 3810 dixit
3479 3757 3528 3810 ei

1953 3859 2166 3926 Jacob,:
2199 3858 2330 3912 Jura
2381 3855 2514 3910 mihi
2561 3853 2759 3917 hodie;
2811 3859 2867 3905 et
2909 3849 3115 3920 juravit
3155 3848 3225 3900 ei.
3277 3845 3534 3900 Vendidit

1953 3960 2136 4003 autem
2178 3947 2322 4000 Esau
2370 3943 2732 4014 primogenita
2785 3956 2902 3994 sua.
2944 3939 3113 3994 Jacob
3143 3944 3324 3990 autem
3383 3935 3536 3989 dedit

1954 4045 2097 4099 Esau
2120 4057 2316 4112 panem
2353 4049 2407 4093 et
2432 4037 2737 4092 coctionem
2774 4033 2958 4096 lentis,
3009 4039 3066 4085 et
3098 4027 3336 4084 comedit
3365 4035 3420 4082 et
3447 4027 3531 4080 bi-

1953 4137 2054 4199 bit,
2090 4143 2146 4188 et
2202 4147 2432 4203 surgens
2477 4129 2612 4184 abiit
2656 4135 2711 4182 et
2739 4124 3029 4195 Vllipendit
3069 4124 3214 4177 Esau
3258 4120 3534 4190 primogeu

1953 4229 2068 4282 nita
2108 4240 2206 4280 sua
2234 4225 2298 4277 ³⁸.
2331 4243 2347 4274 ι
2402 4223 2622 4277 Patrem
2676 4217 2899 4288 quidem
2944 4215 3241 4269 multarum
3293 4209 3533 4282 gentium

1954 4322 2198 4376 futurum
2218 4317 2486 4372 Abraham
2509 4315 2652 4368 Deus
2672 4311 2786 4383 (qui
2816 4309 3035 4364 mentiri
3066 4306 3176 4378 94
3196 4321 3303 4360 non
3337 4305 3533 4373 potest)

1952 4411 2301 4482 promiserat,
2337 4405 2757 4478 progeniemque
2779 4416 2847 4456 ex
2871 4415 2938 4455 eo
2961 4385 3247 4458 orituram,
3287 4395 3537 4447 innume-

1953 4504 2182 4558 rabilem
2206 4500 2320 4554 fore
2358 4511 2572 4552 sursum
2633 4494 2892 4549 deorsum
2943 4490 3272 4544 conﬁrmat:
3317 4503 3335 4534 ι
3383 4483 3537 4537 Sicut

1955 4610 2120 4649 arena
2143 4593 2288 4647 enim
2304 4590 2429 4655 erit,
2456 4587 2654 4658 inquit,
2672 4577 2815 4655 'quae
2842 4579 3117 4637 numerari
3177 4592 3288 4632 non
3334 4584 3533 4646 potest,

1955 4694 2012 4741 et
2035 4686 2176 4741 sicut
2197 4683 2364 4738 stellae
2381 4682 2501 4737 οωιί
2521 4682 2618 4734 θ’.»
2655 4677 2926 4734 (laterum
2953 4672 3168 4730 eximias
3189 4669 3329 4726 adeo
3352 4667 3538 4724 laudis

287 4768 670 4838 ἀναρίθμητος,
706 4768 800 4820 καὶ
828 4767 960 4819 ὡσεὶ
1005 4766 1180 4838 ἄστρα
1212 4765 1306 4819 τοῦ
1343 4767 1572 4836 οὐρανοῦ
1604 4767 1681 4837 τῷ
1715 4767 1852 4838 πλή-

1957 4778 2311 4842 termini,non
2332 4775 2387 4828 in
2410 4771 2706 4828 Israelitico
2729 4770 2904 4825 solum
2928 4766 3130 4838 populo
3153 4771 3280 4819 sunt
3301 4762 3537 4818 circum-

290 4859 386 4912 θει.
421 4879 438 4909 ι
489 4857 651 4912 Ἀλλὰ
678 4862 777 4931 τῆς
803 4857 944 4911 οὕτω
977 4858 1306 4930 περιφανοῦς
1331 4858 1576 4924 εὐκλείας
1603 4860 1662 4912 τὸ
1689 4860 1859 4929 πέρας

290 4952 604 5021 ἐκϐέϐηκεν,
639 4953 738 5004 οὐκ
771 4952 828 5004 ἐν
856 4969 920 5020 γε
949 4951 1012 5022 δὴ
1044 4952 1190 5023 μόνῳ
1221 4951 1297 5022 τῷ
1339 4952 1578 5023 Ἰσραὴλ,
1609 4951 1740 5004 ἀλλὰ
1766 4951 1861 5004 καὶ

292 5043 377 5094 ἐπὶ
412 5047 532 5106 ταῖς
579 5042 752 5096 ἐθνῶν
780 5043 1019 5111 ἀγέλαις.
1057 5043 1452 5113 Είσκέκληνται
1488 5043 1594 5112 γὰρ
1619 5042 1705 5095 διὰ
1762 5043 1822 5094 πί
1834 5072 1860 5082 -

294 5149 469 5197 στεως,
496 5135 591 5188 καὶ
624 5131 731 5187 εῐεν
762 5134 828 5186 ἂν
855 5135 903 5187 οί
939 5135 1127 5186 τοιοίδε
1166 5134 1364 5203 μᾶλλον
1395 5134 1453 5187 ἐν
1496 5133 1677 5187 Ἰσαὰκ
1697 5173 1711 5197 ,
1742 5151 1864 5186 του-

293 5224 483 5286 τέστιν,
535 5225 595 5288 ἐξ
642 5225 1011 5293 ἐπαγγελίας·
1060 5225 1152 5277 καὶ
1201 5225 1534 5295 μαρτυρήσει
1577 5225 1802 5294 γράφων
1835 5228 1862 5279 6

296 5321 596 5387 σοφώτατος
629 5321 842 5384 Παῦλος
863 5337 877 5352 ·
918 5341 944 5372 ι
979 5318 1278 5390 Προῖδοῦσα
1305 5318 1366 5389 δὴ
1403 5321 1434 5389 ή
1473 5318 1771 5388 Γραφὴ,ὃτι
1799 5319 1861 5371 ἐκ

297 5407 517 5473 πίστεως
539 5409 610 5462 τὰ
643 5409 771 5479 ἔθνη
799 5411 994 5463 δικαιοῖ
1015 5408 1043 5460 6
1070 5407 1221 5472 Θεὸς,
1259 5407 1754 5478 προευηγγελίσατο
1786 5407 1862 5476 τῷ

308 5497 542 5572 Ἀϐραὰμ
570 5543 584 5566 ,
652 5504 736 5555 ὅτι
786 5499 1327 5572 Ἐνευλογηθήσονται
1360 5501 1414 5552 ἐν
1468 5499 1546 5552 σοὶ
1573 5499 1750 5554 πάντα
1798 5501 1863 5554 τὰ

371 5656 408 5688 ⁹¹
450 5658 583 5714 Gen.
645 5676 769 5721 xxv,
815 5659 993 5713 19—51.
1072 5663 1115 5693 ’τ
1163 5660 1298 5716 Gen.
1349 5677 1474 5726 xxn,
1525 5660 1610 5716 l7.

1958 4867 2172 4937 scripti,
2198 4879 2389 4918 verum
2430 4863 2593 4916 etiam
2653 4861 2709 4914 in
2743 4859 2990 4930 gentium
3037 4870 3217 4928 grege.
3270 4849 3536 4906 Accersiti

1961 4954 2108 5006 enim
2132 4959 2257 5006 sunt.
2281 4965 2378 5019 per
2407 4947 2589 5012 ﬁdem,
2616 4956 2778 5017 atque
2829 4943 3145 5017 hujusmodi
3189 4940 3366 5009 magis
3411 4944 3540 4991 sunt

1964 5043 2019 5098 in
2044 5042 2212 5104 Isaac,
2246 5041 2351 5094 hoc
2381 5048 2484 5105 est,
2519 5055 2586 5093 ex
2633 5037 3032 5109 promissione:
3059 5031 3204 5104 quod
3227 5036 3284 5083 ct
3327 5028 3540 5098 sapien-

1965 5135 2208 5190 tissimus
2231 5132 2431 5186 Paulus
2455 5138 2684 5186 tcstatur
2736 5129 3015 5184 scribens:
3053 5143 3070 5174 ι
3096 5120 3394 5177 Providens
3437 5134 3539 5172 au-

1968 5235 2076 5281 tem
2102 5224 2402 5293 Scriptura,
2437 5223 2565 5293 quia
2598 5239 2664 5277 ex
2706 5221 2808 5275 ﬁde
2833 5215 3096 5291 justiﬁcat
3148 5219 3338 5284 gentes
3373 5211 3536 5274 Deus,

1969 5315 2354 5388 praenuntiavit
2392 5315 2661 5379 Abrahae,
2705 5312 2834 5383 quia
2896 5307 3300 5364 Benediccntur
3367 5304 3424 5358 in
3486 5312 3538 5357 te

1969 5424 2160 5465 omnes
2187 5418 2393 5478 gentes.
2420 5408 2586 5478 Igitur
2617 5405 2710 5476 qui
2734 5420 2800 5459 ex
2833 5401 2937 5456 ﬁde
2961 5406 3108 5463 sunt,
3142 5393 3539 5453 benedicentur

1970 5517 2094 5556 cum
2134 5498 2275 5554 ﬁdeli
2302 5499 2590 5555 Abraham.
2624 5495 2944 5564 Quicunque
2988 5492 3133 5546 enim
3163 5503 3230 5544 ex
3281 5480 3540 5558 Operibus
