  <div class='ocr_page' id='page_1' title='image "/cluster/home/n/w/nwhite01/storage/ocr_20150623/69/hvd.32044073501983/083.png"; bbox 0 0 4050 6210; ppageno 0'>
   <div class='ocr_carea' id='block_1_1' title="bbox 522 262 625 318">
    <p class='ocr_par' dir='ltr' id='par_1_1' title="bbox 522 262 625 318">
     <span class='ocr_line' id='line_1_1' title="bbox 522 262 625 318; baseline 0.01 -2"><span class='ocrx_word' id='word_1_1' title='bbox 522 262 625 318; x_wconf 74' lang='grc'><strong>135</strong></span> 
     </span>
    </p>
   </div>
   <div class='ocr_carea' id='block_1_2' title="bbox 1545 268 2767 332">
    <p class='ocr_par' dir='ltr' id='par_1_2' title="bbox 1545 268 2767 332">
     <span class='ocr_line' id='line_1_2' title="bbox 1545 268 2767 332; baseline 0.004 -5"><span class='ocrx_word' id='word_1_2' title='bbox 1545 268 1601 327; x_wconf 87' lang='lat' dir='ltr'><strong>S.</strong></span> <span class='ocrx_word' id='word_1_3' title='bbox 1645 268 1917 327; x_wconf 73' lang='lat' dir='ltr'><strong>CYRILLI</strong></span> <span class='ocrx_word' id='word_1_4' title='bbox 1957 271 2428 329; x_wconf 78' lang='lat' dir='ltr'><strong>ALEXANDle</strong></span> <span class='ocrx_word' id='word_1_5' title='bbox 2472 273 2767 332; x_wconf 69' lang='lat' dir='ltr'><strong>ARCHIEP</strong></span> 
     </span>
    </p>
   </div>
   <div class='ocr_carea' id='block_1_3' title="bbox 3674 279 3784 335">
    <p class='ocr_par' dir='ltr' id='par_1_3' title="bbox 3674 279 3784 335">
     <span class='ocr_line' id='line_1_3' title="bbox 3674 279 3784 335; baseline 0.018 -1"><span class='ocrx_word' id='word_1_6' title='bbox 3674 279 3784 335; x_wconf 71' lang='grc'><strong>158</strong></span> 
     </span>
    </p>
   </div>
   <div class='ocr_carea' id='block_1_4' title="bbox 525 372 2075 463">
    <p class='ocr_par' dir='ltr' id='par_1_4' title="bbox 525 372 2050 456">
     <span class='ocr_line' id='line_1_4' title="bbox 525 372 2050 456; baseline 0.008 -25"><span class='ocrx_word' id='word_1_7' title='bbox 525 372 657 447; x_wconf 83' lang='lat' dir='ltr'><strong>legis</strong></span> <span class='ocrx_word' id='word_1_8' title='bbox 679 387 827 443; x_wconf 84' lang='lat' dir='ltr'><strong>sunt,</strong></span> <span class='ocrx_word' id='word_1_9' title='bbox 853 379 956 435; x_wconf 89' lang='lat' dir='ltr'><strong>sub</strong></span> <span class='ocrx_word' id='word_1_10' title='bbox 992 382 1284 439; x_wconf 85' lang='lat' dir='ltr'><strong>maledicto</strong></span> <span class='ocrx_word' id='word_1_11' title='bbox 1316 393 1462 440; x_wconf 83' lang='lat' dir='ltr'><strong>sunt.</strong></span> <span class='ocrx_word' id='word_1_12' title='bbox 1488 386 1765 456; x_wconf 74' lang='lat' dir='ltr'><strong>Scriptum</strong></span> <span class='ocrx_word' id='word_1_13' title='bbox 1788 397 1874 443; x_wconf 89' lang='lat' dir='ltr'><strong>est</strong></span> <span class='ocrx_word' id='word_1_14' title='bbox 1902 388 2050 443; x_wconf 88' lang='lat' dir='ltr'><strong>enim</strong></span> 
     </span>
    </p>
   </div>
   <div class='ocr_carea' id='block_1_5' title="bbox 2174 372 3783 463">
    <p class='ocr_par' dir='ltr' id='par_1_5' title="bbox 2174 388 3783 463">
     <span class='ocr_line' id='line_1_5' title="bbox 2174 388 3783 463; baseline -0.001 -17"><span class='ocrx_word' id='word_1_15' title='bbox 2174 434 2179 446; x_wconf 90' lang='lat'><strong>.</strong></span> <span class='ocrx_word' id='word_1_16' title='bbox 2207 388 2356 460; x_wconf 75' lang='grc' dir='ltr'>ἔθνη.</span> <span class='ocrx_word' id='word_1_17' title='bbox 2393 391 2559 445; x_wconf 84' lang='grc' dir='ltr'>Ὥστε</span> <span class='ocrx_word' id='word_1_18' title='bbox 2582 393 2631 445; x_wconf 81' lang='grc' dir='ltr'>οἱ</span> <span class='ocrx_word' id='word_1_19' title='bbox 2656 393 2720 445; x_wconf 78' lang='grc' dir='ltr'><strong>ἐκ</strong></span> <span class='ocrx_word' id='word_1_20' title='bbox 2744 391 2978 455; x_wconf 87' lang='grc' dir='ltr'>πίστεως</span> <span class='ocrx_word' id='word_1_21' title='bbox 3002 389 3349 458; x_wconf 78' lang='grc' dir='ltr'><strong>εὐλογοῦνται</strong></span> <span class='ocrx_word' id='word_1_22' title='bbox 3373 391 3470 445; x_wconf 77' lang='grc' dir='ltr'>σὺν</span> <span class='ocrx_word' id='word_1_23' title='bbox 3499 389 3579 461; x_wconf 80' lang='grc' dir='ltr'><strong>τῷ</strong></span> <span class='ocrx_word' id='word_1_24' title='bbox 3599 391 3783 463; x_wconf 80' lang='grc' dir='ltr'>πιστῷ</span> 
     </span>
    </p>
   </div>
   <div class='ocr_carea' id='block_1_6' title="bbox 524 468 2101 547">
    <p class='ocr_par' dir='ltr' id='par_1_6' title="bbox 524 468 2101 547">
     <span class='ocr_line' id='line_1_6' title="bbox 524 468 2101 547; baseline 0.008 -25"><span class='ocrx_word' id='word_1_25' title='bbox 524 468 846 526; x_wconf 80' lang='lat' dir='ltr'><strong>Maledictus</strong></span> <span class='ocrx_word' id='word_1_26' title='bbox 871 472 1051 529; x_wconf 89' lang='lat' dir='ltr'><strong>omnis</strong></span> <span class='ocrx_word' id='word_1_27' title='bbox 1074 476 1169 545; x_wconf 89' lang='lat' dir='ltr'><strong>qui</strong></span> <span class='ocrx_word' id='word_1_28' title='bbox 1190 491 1301 531; x_wconf 91' lang='lat' dir='ltr'><strong>non</strong></span> <span class='ocrx_word' id='word_1_29' title='bbox 1333 480 1699 547; x_wconf 79' lang='lat' dir='ltr'><strong>permanserit</strong></span> <span class='ocrx_word' id='word_1_30' title='bbox 1745 480 1801 534; x_wconf 90' lang='lat' dir='ltr'><strong>in</strong></span> <span class='ocrx_word' id='word_1_31' title='bbox 1842 480 2101 535; x_wconf 88' lang='lat' dir='ltr'><strong>omnibus</strong></span> 
     </span>
    </p>
   </div>
   <div class='ocr_carea' id='block_1_7' title="bbox 522 562 2099 639">
    <p class='ocr_par' dir='ltr' id='par_1_7' title="bbox 522 562 2099 639">
     <span class='ocr_line' id='line_1_7' title="bbox 522 562 2099 639; baseline 0.01 -26"><span class='ocrx_word' id='word_1_32' title='bbox 522 573 645 627; x_wconf 71' lang='lat' dir='ltr'><strong>qua:</strong></span> <span class='ocrx_word' id='word_1_33' title='bbox 671 562 876 632; x_wconf 87' lang='lat' dir='ltr'><strong>scripta</strong></span> <span class='ocrx_word' id='word_1_34' title='bbox 901 573 1031 619; x_wconf 92' lang='lat' dir='ltr'><strong>sunt</strong></span> <span class='ocrx_word' id='word_1_35' title='bbox 1063 565 1119 621; x_wconf 90' lang='lat' dir='ltr'><strong>in</strong></span> <span class='ocrx_word' id='word_1_36' title='bbox 1141 566 1284 623; x_wconf 89' lang='lat' dir='ltr'><strong>libro</strong></span> <span class='ocrx_word' id='word_1_37' title='bbox 1327 568 1484 639; x_wconf 88' lang='lat' dir='ltr'><strong>legis,</strong></span> <span class='ocrx_word' id='word_1_38' title='bbox 1520 578 1581 624; x_wconf 92' lang='lat' dir='ltr'><strong>ut</strong></span> <span class='ocrx_word' id='word_1_39' title='bbox 1630 570 1794 626; x_wconf 81' lang='lat' dir='ltr'><strong>faciat</strong></span> <span class='ocrx_word' id='word_1_40' title='bbox 1820 586 1905 627; x_wconf 91' lang='lat' dir='ltr'><strong>ea.</strong></span> <span class='ocrx_word' id='word_1_41' title='bbox 1949 571 2099 638; x_wconf 86' lang='lat' dir='ltr'><strong>Quo-</strong></span> 
     </span>
    </p>
   </div>
   <div class='ocr_carea' id='block_1_8' title="bbox 524 650 2095 733">
    <p class='ocr_par' dir='ltr' id='par_1_8' title="bbox 524 650 2095 733">
     <span class='ocr_line' id='line_1_8' title="bbox 524 650 2095 733; baseline 0.01 -31"><span class='ocrx_word' id='word_1_42' title='bbox 524 650 670 704; x_wconf 87' lang='lat' dir='ltr'><strong>niam</strong></span> <span class='ocrx_word' id='word_1_43' title='bbox 699 660 883 708; x_wconf 88' lang='lat' dir='ltr'><strong>autem</strong></span> <span class='ocrx_word' id='word_1_44' title='bbox 908 655 963 709; x_wconf 90' lang='lat' dir='ltr'><strong>in</strong></span> <span class='ocrx_word' id='word_1_45' title='bbox 989 656 1107 727; x_wconf 89' lang='lat' dir='ltr'><strong>lege</strong></span> <span class='ocrx_word' id='word_1_46' title='bbox 1156 673 1317 713; x_wconf 90' lang='lat' dir='ltr'><strong>nemo</strong></span> <span class='ocrx_word' id='word_1_47' title='bbox 1343 661 1677 730; x_wconf 84' lang='lat' dir='ltr'><strong>justiﬁcatur</strong></span> <span class='ocrx_word' id='word_1_48' title='bbox 1703 663 1847 733; x_wconf 93' lang='lat' dir='ltr'><strong>apud</strong></span> <span class='ocrx_word' id='word_1_49' title='bbox 1903 663 2095 729; x_wconf 89' lang='lat' dir='ltr'><strong>Deum,</strong></span> 
     </span>
    </p>
   </div>
   <div class='ocr_carea' id='block_1_9' title="bbox 522 738 2093 819">
    <p class='ocr_par' dir='ltr' id='par_1_9' title="bbox 522 738 2093 819">
     <span class='ocr_line' id='line_1_9' title="bbox 522 738 2093 819; baseline 0.01 -25"><span class='ocrx_word' id='word_1_50' title='bbox 522 741 872 798; x_wconf 81' lang='lat' dir='ltr'><strong>manifestum</strong></span> <span class='ocrx_word' id='word_1_51' title='bbox 893 753 997 811; x_wconf 89' lang='lat' dir='ltr'><strong>est,</strong></span> <span class='ocrx_word' id='word_1_52' title='bbox 1032 747 1160 817; x_wconf 86' lang='lat' dir='ltr'><strong>quia</strong></span> <span class='ocrx_word' id='word_1_53' title='bbox 1179 738 1365 819; x_wconf 81' lang='lat' dir='ltr'><strong>justus</strong></span> <span class='ocrx_word' id='word_1_54' title='bbox 1385 767 1452 806; x_wconf 84' lang='lat' dir='ltr'><strong>ex</strong></span> <span class='ocrx_word' id='word_1_55' title='bbox 1474 751 1578 807; x_wconf 89' lang='lat' dir='ltr'><strong>ﬁde</strong></span> <span class='ocrx_word' id='word_1_56' title='bbox 1610 754 1776 808; x_wconf 89' lang='lat' dir='ltr'><strong>vivet.</strong></span> <span class='ocrx_word' id='word_1_57' title='bbox 1826 754 1939 809; x_wconf 91' lang='lat' dir='ltr'><strong>Lex</strong></span> <span class='ocrx_word' id='word_1_58' title='bbox 1991 771 2093 810; x_wconf 88' lang='lat' dir='ltr'><strong>au-</strong></span> 
     </span>
    </p>
   </div>
   <div class='ocr_carea' id='block_1_10' title="bbox 521 836 2095 911">
    <p class='ocr_par' dir='ltr' id='par_1_10' title="bbox 521 836 2095 911">
     <span class='ocr_line' id='line_1_10' title="bbox 521 836 2095 911; baseline 0.01 -26"><span class='ocrx_word' id='word_1_59' title='bbox 521 838 632 887; x_wconf 90' lang='lat' dir='ltr'><strong>tem</strong></span> <span class='ocrx_word' id='word_1_60' title='bbox 653 848 764 888; x_wconf 90' lang='lat' dir='ltr'><strong>non</strong></span> <span class='ocrx_word' id='word_1_61' title='bbox 789 842 872 889; x_wconf 90' lang='lat' dir='ltr'><strong>est</strong></span> <span class='ocrx_word' id='word_1_62' title='bbox 895 851 962 891; x_wconf 90' lang='lat' dir='ltr'><strong>ex</strong></span> <span class='ocrx_word' id='word_1_63' title='bbox 988 836 1115 903; x_wconf 88' lang='lat' dir='ltr'><strong>ﬁde,</strong></span> <span class='ocrx_word' id='word_1_64' title='bbox 1151 839 1246 895; x_wconf 90' lang='lat' dir='ltr'><strong>sed</strong></span> <span class='ocrx_word' id='word_1_65' title='bbox 1289 843 1383 911; x_wconf 88' lang='lat' dir='ltr'><strong>qui</strong></span> <span class='ocrx_word' id='word_1_66' title='bbox 1411 842 1602 899; x_wconf 81' lang='lat' dir='ltr'><strong>fecerit</strong></span> <span class='ocrx_word' id='word_1_67' title='bbox 1620 860 1706 909; x_wconf 89' lang='lat' dir='ltr'><strong>ea,</strong></span> <span class='ocrx_word' id='word_1_68' title='bbox 1745 845 1895 901; x_wconf 89' lang='lat' dir='ltr'><strong>vivet</strong></span> <span class='ocrx_word' id='word_1_69' title='bbox 1926 845 1983 901; x_wconf 90' lang='lat' dir='ltr'><strong>in</strong></span> <span class='ocrx_word' id='word_1_70' title='bbox 2028 847 2095 900; x_wconf 92' lang='lat' dir='ltr'><strong>il-</strong></span> 
     </span>
    </p>
   </div>
   <div class='ocr_carea' id='block_1_11' title="bbox 518 921 2094 1003">
    <p class='ocr_par' dir='ltr' id='par_1_11' title="bbox 518 921 2094 1003">
     <span class='ocr_line' id='line_1_11' title="bbox 518 921 2094 1003; baseline 0.012 -29"><span class='ocrx_word' id='word_1_71' title='bbox 518 921 587 976; x_wconf 90' lang='lat' dir='ltr'><strong>lis</strong></span> <span class='ocrx_word' id='word_1_72' title='bbox 618 924 685 978; x_wconf 81' lang='lat'><strong>”.</strong></span> <span class='ocrx_word' id='word_1_73' title='bbox 711 944 729 975; x_wconf 74' lang='grc' dir='ltr'><strong>ι</strong></span> <span class='ocrx_word' id='word_1_74' title='bbox 758 926 1160 984; x_wconf 91' lang='lat' dir='ltr'><strong>Promissiones</strong></span> <span class='ocrx_word' id='word_1_75' title='bbox 1189 930 1354 1001; x_wconf 81' lang='lat' dir='ltr'><strong>igitur</strong></span> <span class='ocrx_word' id='word_1_76' title='bbox 1382 932 1619 1003; x_wconf 71' lang='lat' dir='ltr'><strong>impleta:</strong></span> <span class='ocrx_word' id='word_1_77' title='bbox 1643 944 1793 1000; x_wconf 88' lang='lat' dir='ltr'><strong>sunt,</strong></span> <span class='ocrx_word' id='word_1_78' title='bbox 1814 952 1926 991; x_wconf 92' lang='lat' dir='ltr'><strong>non</strong></span> <span class='ocrx_word' id='word_1_79' title='bbox 1972 951 2094 991; x_wconf 88' lang='lat' dir='ltr'><strong>om-</strong></span> 
     </span>
    </p>
   </div>
   <div class='ocr_carea' id='block_1_12' title="bbox 517 1014 2095 1098">
    <p class='ocr_par' dir='ltr' id='par_1_12' title="bbox 517 1014 2095 1098">
     <span class='ocr_line' id='line_1_12' title="bbox 517 1014 2095 1098; baseline 0.011 -31"><span class='ocrx_word' id='word_1_80' title='bbox 517 1014 651 1068; x_wconf 88' lang='lat' dir='ltr'><strong>nino</strong></span> <span class='ocrx_word' id='word_1_81' title='bbox 672 1031 772 1084; x_wconf 88' lang='lat' dir='ltr'><strong>per</strong></span> <span class='ocrx_word' id='word_1_82' title='bbox 802 1032 919 1083; x_wconf 90' lang='lat' dir='ltr'><strong>eos,</strong></span> <span class='ocrx_word' id='word_1_83' title='bbox 951 1019 1046 1088; x_wconf 92' lang='lat' dir='ltr'><strong>qui</strong></span> <span class='ocrx_word' id='word_1_84' title='bbox 1069 1021 1125 1074; x_wconf 92' lang='lat' dir='ltr'><strong>in</strong></span> <span class='ocrx_word' id='word_1_85' title='bbox 1144 1022 1262 1091; x_wconf 84' lang='lat' dir='ltr'><strong>lege</strong></span> <span class='ocrx_word' id='word_1_86' title='bbox 1285 1023 1522 1080; x_wconf 89' lang='lat' dir='ltr'><strong>instituti</strong></span> <span class='ocrx_word' id='word_1_87' title='bbox 1557 1035 1707 1092; x_wconf 88' lang='lat' dir='ltr'><strong>sunt,</strong></span> <span class='ocrx_word' id='word_1_88' title='bbox 1734 1028 1831 1083; x_wconf 90' lang='lat' dir='ltr'><strong>sed</strong></span> <span class='ocrx_word' id='word_1_89' title='bbox 1875 1044 1975 1098; x_wconf 90' lang='lat' dir='ltr'><strong>per</strong></span> <span class='ocrx_word' id='word_1_90' title='bbox 1999 1044 2095 1085; x_wconf 89' lang='lat' dir='ltr'><strong>eos</strong></span> 
     </span>
    </p>
   </div>
   <div class='ocr_carea' id='block_1_13' title="bbox 517 1106 2093 1188">
    <p class='ocr_par' dir='ltr' id='par_1_13' title="bbox 517 1106 2093 1188">
     <span class='ocr_line' id='line_1_13' title="bbox 517 1106 2093 1188; baseline 0.012 -31"><span class='ocrx_word' id='word_1_91' title='bbox 517 1106 612 1174; x_wconf 91' lang='lat' dir='ltr'><strong>qui</strong></span> <span class='ocrx_word' id='word_1_92' title='bbox 636 1122 735 1175; x_wconf 91' lang='lat' dir='ltr'><strong>per</strong></span> <span class='ocrx_word' id='word_1_93' title='bbox 759 1107 920 1163; x_wconf 84' lang='lat' dir='ltr'><strong>ﬁdem</strong></span> <span class='ocrx_word' id='word_1_94' title='bbox 950 1111 1233 1182; x_wconf 87' lang='lat' dir='ltr'><strong>justiﬁcati</strong></span> <span class='ocrx_word' id='word_1_95' title='bbox 1266 1123 1415 1170; x_wconf 90' lang='lat' dir='ltr'><strong>sunt.</strong></span> <span class='ocrx_word' id='word_1_96' title='bbox 1466 1117 1778 1188; x_wconf 88' lang='lat' dir='ltr'><strong>lngressum</strong></span> <span class='ocrx_word' id='word_1_97' title='bbox 1801 1128 1887 1174; x_wconf 90' lang='lat' dir='ltr'><strong>est</strong></span> <span class='ocrx_word' id='word_1_98' title='bbox 1908 1129 2093 1176; x_wconf 89' lang='lat' dir='ltr'><strong>autem</strong></span> 
     </span>
    </p>
   </div>
   <div class='ocr_carea' id='block_1_14' title="bbox 514 1196 2091 1284">
    <p class='ocr_par' dir='ltr' id='par_1_14' title="bbox 514 1196 2091 1284">
     <span class='ocr_line' id='line_1_14' title="bbox 514 1196 2091 1284; baseline 0.011 -34"><span class='ocrx_word' id='word_1_99' title='bbox 514 1196 703 1252; x_wconf 87' lang='lat' dir='ltr'><strong>divino</strong></span> <span class='ocrx_word' id='word_1_100' title='bbox 734 1202 968 1256; x_wconf 90' lang='lat' dir='ltr'><strong>consilio</strong></span> <span class='ocrx_word' id='word_1_101' title='bbox 1018 1205 1335 1261; x_wconf 87' lang='lat' dir='ltr'><strong>mandatum</strong></span> <span class='ocrx_word' id='word_1_102' title='bbox 1367 1224 1467 1277; x_wconf 90' lang='lat' dir='ltr'><strong>per</strong></span> <span class='ocrx_word' id='word_1_103' title='bbox 1513 1209 1734 1281; x_wconf 83' lang='lat' dir='ltr'><strong>Moysen</strong></span> <span class='ocrx_word' id='word_1_104' title='bbox 1759 1227 1870 1266; x_wconf 88' lang='lat' dir='ltr'><strong>non</strong></span> <span class='ocrx_word' id='word_1_105' title='bbox 1903 1214 2091 1284; x_wconf 90' lang='lat' dir='ltr'><strong>negle-</strong></span> 
     </span>
    </p>
   </div>
   <div class='ocr_carea' id='block_1_15' title="bbox 515 1292 2092 1372">
    <p class='ocr_par' dir='ltr' id='par_1_15' title="bbox 515 1292 2092 1372">
     <span class='ocr_line' id='line_1_15' title="bbox 515 1292 2092 1372; baseline 0.011 -30"><span class='ocrx_word' id='word_1_106' title='bbox 515 1297 601 1343; x_wconf 83' lang='lat' dir='ltr'><strong>cta</strong></span> <span class='ocrx_word' id='word_1_107' title='bbox 621 1292 1006 1359; x_wconf 89' lang='lat' dir='ltr'><strong>promissione,</strong></span> <span class='ocrx_word' id='word_1_108' title='bbox 1030 1295 1128 1350; x_wconf 88' lang='lat' dir='ltr'><strong>sed</strong></span> <span class='ocrx_word' id='word_1_109' title='bbox 1172 1298 1527 1366; x_wconf 74' lang='lat' dir='ltr'><strong>utinstruat,</strong></span> <span class='ocrx_word' id='word_1_110' title='bbox 1579 1309 1635 1357; x_wconf 89' lang='lat' dir='ltr'><strong>et</strong></span> <span class='ocrx_word' id='word_1_111' title='bbox 1688 1303 1951 1372; x_wconf 87' lang='lat' dir='ltr'><strong>paulatim</strong></span> <span class='ocrx_word' id='word_1_112' title='bbox 1991 1304 2092 1360; x_wconf 88' lang='lat' dir='ltr'><strong>de-</strong></span> 
     </span>
    </p>
   </div>
   <div class='ocr_carea' id='block_1_16' title="bbox 514 1379 2086 1463">
    <p class='ocr_par' dir='ltr' id='par_1_16' title="bbox 514 1379 2086 1463">
     <span class='ocr_line' id='line_1_16' title="bbox 514 1379 2086 1463; baseline 0.01 -29"><span class='ocrx_word' id='word_1_113' title='bbox 514 1379 680 1436; x_wconf 88' lang='lat' dir='ltr'><strong>ducat</strong></span> <span class='ocrx_word' id='word_1_114' title='bbox 708 1382 777 1437; x_wconf 91' lang='lat' dir='ltr'><strong>ad</strong></span> <span class='ocrx_word' id='word_1_115' title='bbox 823 1387 1167 1442; x_wconf 84' lang='lat' dir='ltr'><strong>vocationem</strong></span> <span class='ocrx_word' id='word_1_116' title='bbox 1194 1403 1291 1458; x_wconf 88' lang='lat' dir='ltr'><strong>per</strong></span> <span class='ocrx_word' id='word_1_117' title='bbox 1328 1390 1491 1446; x_wconf 87' lang='lat' dir='ltr'><strong>ﬁdem</strong></span> <span class='ocrx_word' id='word_1_118' title='bbox 1535 1411 1547 1446; x_wconf 87' lang='lat'><strong>:</strong></span> <span class='ocrx_word' id='word_1_119' title='bbox 1607 1409 1843 1463; x_wconf 81' lang='lat' dir='ltr'><strong>cumque</strong></span> <span class='ocrx_word' id='word_1_120' title='bbox 1875 1410 2086 1461; x_wconf 89' lang='lat' dir='ltr'><strong>eorum,</strong></span> 
     </span>
    </p>
   </div>
   <div class='ocr_carea' id='block_1_17' title="bbox 512 1472 2084 1557">
    <p class='ocr_par' dir='ltr' id='par_1_17' title="bbox 512 1472 2084 1557">
     <span class='ocr_line' id='line_1_17' title="bbox 512 1472 2084 1557; baseline 0.011 -33"><span class='ocrx_word' id='word_1_121' title='bbox 512 1472 605 1541; x_wconf 89' lang='lat' dir='ltr'><strong>qui</strong></span> <span class='ocrx_word' id='word_1_122' title='bbox 624 1474 735 1542; x_wconf 88' lang='lat' dir='ltr'><strong>jam</strong></span> <span class='ocrx_word' id='word_1_123' title='bbox 756 1483 914 1531; x_wconf 88' lang='lat' dir='ltr'><strong>antea</strong></span> <span class='ocrx_word' id='word_1_124' title='bbox 944 1477 1179 1549; x_wconf 90' lang='lat' dir='ltr'><strong>ingressi</strong></span> <span class='ocrx_word' id='word_1_125' title='bbox 1205 1488 1354 1547; x_wconf 89' lang='lat' dir='ltr'><strong>sunt,</strong></span> <span class='ocrx_word' id='word_1_126' title='bbox 1385 1483 1815 1540; x_wconf 81' lang='lat' dir='ltr'><strong>imbecillitatem</strong></span> <span class='ocrx_word' id='word_1_127' title='bbox 1853 1494 2044 1557; x_wconf 80' lang='lat' dir='ltr'><strong>arguat</strong></span> <span class='ocrx_word' id='word_1_128' title='bbox 2071 1505 2084 1540; x_wconf 89' lang='lat'><strong>:</strong></span> 
     </span>
    </p>
   </div>
   <div class='ocr_carea' id='block_1_18' title="bbox 510 1568 2089 1651">
    <p class='ocr_par' dir='ltr' id='par_1_18' title="bbox 510 1568 2089 1651">
     <span class='ocr_line' id='line_1_18' title="bbox 510 1568 2089 1651; baseline 0.012 -34"><span class='ocrx_word' id='word_1_129' title='bbox 510 1578 619 1631; x_wconf 91' lang='lat' dir='ltr'><strong>quo</strong></span> <span class='ocrx_word' id='word_1_130' title='bbox 657 1574 816 1634; x_wconf 90' lang='lat' dir='ltr'><strong>pacto</strong></span> <span class='ocrx_word' id='word_1_131' title='bbox 845 1568 1186 1627; x_wconf 89' lang='lat' dir='ltr'><strong>demonstrat</strong></span> <span class='ocrx_word' id='word_1_132' title='bbox 1206 1575 1469 1646; x_wconf 90' lang='lat' dir='ltr'><strong>deinceps</strong></span> <span class='ocrx_word' id='word_1_133' title='bbox 1498 1578 1751 1647; x_wconf 80' lang='lat' dir='ltr'><strong>gratiam,</strong></span> <span class='ocrx_word' id='word_1_134' title='bbox 1798 1595 1962 1651; x_wconf 86' lang='lat' dir='ltr'><strong>quam</strong></span> <span class='ocrx_word' id='word_1_135' title='bbox 1989 1596 2089 1650; x_wconf 89' lang='lat' dir='ltr'><strong>per</strong></span> 
     </span>
    </p>
   </div>
   <div class='ocr_carea' id='block_1_19' title="bbox 510 1654 2086 1740">
    <p class='ocr_par' dir='ltr' id='par_1_19' title="bbox 510 1654 2086 1740">
     <span class='ocr_line' id='line_1_19' title="bbox 510 1654 2086 1740; baseline 0.011 -32"><span class='ocrx_word' id='word_1_136' title='bbox 510 1654 673 1711; x_wconf 86' lang='lat' dir='ltr'><strong>ﬁdem</strong></span> <span class='ocrx_word' id='word_1_137' title='bbox 712 1662 1121 1731; x_wconf 86' lang='lat' dir='ltr'><strong>consequimur,</strong></span> <span class='ocrx_word' id='word_1_138' title='bbox 1168 1666 1731 1740; x_wconf 87' lang='lat' dir='ltr'><strong>justiﬁeationemque</strong></span> <span class='ocrx_word' id='word_1_139' title='bbox 1776 1670 1836 1725; x_wconf 83' lang='lat' dir='ltr'><strong>in</strong></span> <span class='ocrx_word' id='word_1_140' title='bbox 1867 1671 2086 1727; x_wconf 84' lang='lat' dir='ltr'><strong>Christo</strong></span> 
     </span>
    </p>
   </div>
   <div class='ocr_carea' id='block_1_20' title="bbox 510 1746 2086 1823">
    <p class='ocr_par' dir='ltr' id='par_1_20' title="bbox 510 1746 2086 1823">
     <span class='ocr_line' id='line_1_20' title="bbox 510 1746 2086 1823; baseline 0.011 -24"><span class='ocrx_word' id='word_1_141' title='bbox 510 1746 856 1805; x_wconf 88' lang='lat' dir='ltr'><strong>utilissimam</strong></span> <span class='ocrx_word' id='word_1_142' title='bbox 887 1767 1008 1808; x_wconf 88' lang='lat' dir='ltr'><strong>esse</strong></span> <span class='ocrx_word' id='word_1_143' title='bbox 1041 1770 1105 1811; x_wconf 88' lang='lat' dir='ltr'><strong>ac</strong></span> <span class='ocrx_word' id='word_1_144' title='bbox 1132 1758 1501 1813; x_wconf 86' lang='lat' dir='ltr'><strong>necessariam</strong></span> <span class='ocrx_word' id='word_1_145' title='bbox 1523 1761 1830 1823; x_wconf 75' lang='lat' dir='ltr'><strong>omnibus?</strong></span> <span class='ocrx_word' id='word_1_146' title='bbox 1856 1762 2086 1817; x_wconf 86' lang='lat' dir='ltr'><strong>Divinus</strong></span> 
     </span>
    </p>
   </div>
   <div class='ocr_carea' id='block_1_21' title="bbox 507 1839 2088 1923">
    <p class='ocr_par' dir='ltr' id='par_1_21' title="bbox 507 1839 2088 1923">
     <span class='ocr_line' id='line_1_21' title="bbox 507 1839 2088 1923; baseline 0.011 -33"><span class='ocrx_word' id='word_1_147' title='bbox 507 1847 689 1892; x_wconf 87' lang='lat' dir='ltr'><strong>autem</strong></span> <span class='ocrx_word' id='word_1_148' title='bbox 711 1839 911 1897; x_wconf 90' lang='lat' dir='ltr'><strong>Paulus</strong></span> <span class='ocrx_word' id='word_1_149' title='bbox 937 1842 1011 1898; x_wconf 88' lang='lat' dir='ltr'><strong>ita</strong></span> <span class='ocrx_word' id='word_1_150' title='bbox 1040 1861 1260 1902; x_wconf 88' lang='lat' dir='ltr'><strong>rursum</strong></span> <span class='ocrx_word' id='word_1_151' title='bbox 1294 1850 1372 1902; x_wconf 87' lang='lat' dir='ltr'><strong>ait</strong></span> <span class='ocrx_word' id='word_1_152' title='bbox 1401 1868 1413 1902; x_wconf 87' lang='lat'><strong>:</strong></span> <span class='ocrx_word' id='word_1_153' title='bbox 1458 1869 1478 1901; x_wconf 76' lang='grc' dir='ltr'><strong>ι</strong></span> <span class='ocrx_word' id='word_1_154' title='bbox 1512 1851 1733 1906; x_wconf 87' lang='lat' dir='ltr'><strong>Fratres</strong></span> <span class='ocrx_word' id='word_1_155' title='bbox 1761 1852 2088 1923; x_wconf 89' lang='lat' dir='ltr'><strong>(secundum</strong></span> 
     </span>
    </p>
   </div>
   <div class='ocr_carea' id='block_1_22' title="bbox 507 1923 2086 2001">
    <p class='ocr_par' dir='ltr' id='par_1_22' title="bbox 507 1923 2086 2001">
     <span class='ocr_line' id='line_1_22' title="bbox 507 1923 2086 2001; baseline 0.009 -22"><span class='ocrx_word' id='word_1_156' title='bbox 507 1923 787 1982; x_wconf 86' lang='lat' dir='ltr'><strong>hominem</strong></span> <span class='ocrx_word' id='word_1_157' title='bbox 809 1929 978 2001; x_wconf 86' lang='lat' dir='ltr'><strong>dico),</strong></span> <span class='ocrx_word' id='word_1_158' title='bbox 1020 1940 1202 1988; x_wconf 88' lang='lat' dir='ltr'><strong>tamen</strong></span> <span class='ocrx_word' id='word_1_159' title='bbox 1238 1934 1479 1991; x_wconf 88' lang='lat' dir='ltr'><strong>hominis</strong></span> <span class='ocrx_word' id='word_1_160' title='bbox 1502 1936 1885 1992; x_wconf 89' lang='lat' dir='ltr'><strong>conﬁrmatum</strong></span> <span class='ocrx_word' id='word_1_161' title='bbox 1913 1945 2086 1993; x_wconf 87' lang='lat' dir='ltr'><strong>testa-</strong></span> 
     </span>
    </p>
   </div>
   <div class='ocr_carea' id='block_1_23' title="bbox 507 2025 2086 2097">
    <p class='ocr_par' dir='ltr' id='par_1_23' title="bbox 507 2025 2086 2097">
     <span class='ocr_line' id='line_1_23' title="bbox 507 2025 2086 2097; baseline 0.008 -25"><span class='ocrx_word' id='word_1_162' title='bbox 507 2026 756 2074; x_wconf 91' lang='lat' dir='ltr'><strong>mentum</strong></span> <span class='ocrx_word' id='word_1_163' title='bbox 784 2036 946 2077; x_wconf 91' lang='lat' dir='ltr'><strong>nemo</strong></span> <span class='ocrx_word' id='word_1_164' title='bbox 986 2025 1198 2093; x_wconf 83' lang='lat' dir='ltr'><strong>spernit</strong></span> <span class='ocrx_word' id='word_1_165' title='bbox 1247 2035 1343 2080; x_wconf 92' lang='lat' dir='ltr'><strong>aut</strong></span> <span class='ocrx_word' id='word_1_166' title='bbox 1372 2027 1801 2097; x_wconf 82' lang='lat' dir='ltr'><strong>&#39;superordinat.</strong></span> <span class='ocrx_word' id='word_1_167' title='bbox 1850 2027 2086 2085; x_wconf 73' lang='lat' dir='ltr'><strong>Abrahae</strong></span> 
     </span>
    </p>
   </div>
   <div class='ocr_carea' id='block_1_24' title="bbox 506 2110 2080 2190">
    <p class='ocr_par' dir='ltr' id='par_1_24' title="bbox 506 2110 2080 2190">
     <span class='ocr_line' id='line_1_24' title="bbox 506 2110 2080 2190; baseline 0.008 -27"><span class='ocrx_word' id='word_1_168' title='bbox 506 2110 667 2164; x_wconf 68' lang='lat' dir='ltr'><strong>dictae</strong></span> <span class='ocrx_word' id='word_1_169' title='bbox 691 2120 820 2166; x_wconf 91' lang='lat' dir='ltr'><strong>sunt</strong></span> <span class='ocrx_word' id='word_1_170' title='bbox 841 2115 1256 2183; x_wconf 79' lang='lat' dir='ltr'><strong>promissiones,</strong></span> <span class='ocrx_word' id='word_1_171' title='bbox 1287 2126 1343 2172; x_wconf 91' lang='lat' dir='ltr'><strong>et</strong></span> <span class='ocrx_word' id='word_1_172' title='bbox 1367 2118 1565 2173; x_wconf 90' lang='lat' dir='ltr'><strong>semini</strong></span> <span class='ocrx_word' id='word_1_173' title='bbox 1586 2120 1727 2190; x_wconf 80' lang='lat' dir='ltr'><strong>ejus.</strong></span> <span class='ocrx_word' id='word_1_174' title='bbox 1763 2120 1883 2175; x_wconf 81' lang='lat' dir='ltr'><strong>Non</strong></span> <span class='ocrx_word' id='word_1_175' title='bbox 1925 2121 2080 2187; x_wconf 90' lang='lat' dir='ltr'><strong>dicit,</strong></span> 
     </span>
    </p>
   </div>
   <div class='ocr_carea' id='block_1_25' title="bbox 503 2200 2080 2281">
    <p class='ocr_par' dir='ltr' id='par_1_25' title="bbox 503 2200 2080 2281">
     <span class='ocr_line' id='line_1_25' title="bbox 503 2200 2080 2281; baseline 0.008 -26"><span class='ocrx_word' id='word_1_176' title='bbox 503 2200 572 2256; x_wconf 83' lang='lat' dir='ltr'><strong>Et</strong></span> <span class='ocrx_word' id='word_1_177' title='bbox 591 2202 915 2270; x_wconf 90' lang='lat' dir='ltr'><strong>seminibus,</strong></span> <span class='ocrx_word' id='word_1_178' title='bbox 940 2206 1096 2275; x_wconf 86' lang='lat' dir='ltr'><strong>quasi</strong></span> <span class='ocrx_word' id='word_1_179' title='bbox 1144 2208 1199 2269; x_wconf 88' lang='lat' dir='ltr'><strong>in</strong></span> <span class='ocrx_word' id='word_1_180' title='bbox 1236 2209 1455 2275; x_wconf 89' lang='lat' dir='ltr'><strong>multis;</strong></span> <span class='ocrx_word' id='word_1_181' title='bbox 1487 2210 1583 2265; x_wconf 90' lang='lat' dir='ltr'><strong>sed</strong></span> <span class='ocrx_word' id='word_1_182' title='bbox 1637 2212 1793 2281; x_wconf 88' lang='lat' dir='ltr'><strong>quasi</strong></span> <span class='ocrx_word' id='word_1_183' title='bbox 1851 2212 1907 2267; x_wconf 88' lang='lat' dir='ltr'><strong>in</strong></span> <span class='ocrx_word' id='word_1_184' title='bbox 1935 2228 2080 2268; x_wconf 88' lang='lat' dir='ltr'><strong>uno:</strong></span> 
     </span>
    </p>
   </div>
   <div class='ocr_carea' id='block_1_26' title="bbox 502 2290 2083 2366">
    <p class='ocr_par' dir='ltr' id='par_1_26' title="bbox 502 2290 2083 2366">
     <span class='ocr_line' id='line_1_26' title="bbox 502 2290 2083 2366; baseline 0.009 -22"><span class='ocrx_word' id='word_1_185' title='bbox 502 2290 572 2344; x_wconf 86' lang='lat' dir='ltr'><strong>Et</strong></span> <span class='ocrx_word' id='word_1_186' title='bbox 605 2292 804 2347; x_wconf 90' lang='lat' dir='ltr'><strong>semini</strong></span> <span class='ocrx_word' id='word_1_187' title='bbox 836 2301 953 2360; x_wconf 90' lang='lat' dir='ltr'><strong>tuo,</strong></span> <span class='ocrx_word' id='word_1_188' title='bbox 1001 2296 1095 2366; x_wconf 89' lang='lat' dir='ltr'><strong>qui</strong></span> <span class='ocrx_word' id='word_1_189' title='bbox 1129 2305 1214 2352; x_wconf 89' lang='lat' dir='ltr'><strong>est</strong></span> <span class='ocrx_word' id='word_1_190' title='bbox 1258 2298 1534 2354; x_wconf 77' lang='lat' dir='ltr'><strong>Christus.</strong></span> <span class='ocrx_word' id='word_1_191' title='bbox 1581 2300 1696 2356; x_wconf 82' lang='lat' dir='ltr'><strong>Hoc</strong></span> <span class='ocrx_word' id='word_1_192' title='bbox 1728 2310 1913 2357; x_wconf 86' lang='lat' dir='ltr'><strong>autem</strong></span> <span class='ocrx_word' id='word_1_193' title='bbox 1958 2303 2083 2359; x_wconf 87' lang='lat' dir='ltr'><strong>dico</strong></span> 
     </span>
    </p>
   </div>
   <div class='ocr_carea' id='block_1_27' title="bbox 503 2387 2080 2482">
    <p class='ocr_par' dir='ltr' id='par_1_27' title="bbox 503 2387 2080 2482">
     <span class='ocr_line' id='line_1_27' title="bbox 503 2387 2080 2482; baseline 0.009 -46"><span class='ocrx_word' id='word_1_194' title='bbox 503 2391 895 2440; x_wconf 86' lang='lat' dir='ltr'><strong>testamentum</strong></span> <span class='ocrx_word' id='word_1_195' title='bbox 934 2387 1321 2445; x_wconf 85' lang='lat' dir='ltr'><strong>conﬁrmatum</strong></span> <span class='ocrx_word' id='word_1_196' title='bbox 1354 2407 1384 2445; x_wconf 92' lang='lat' dir='ltr'><strong>a</strong></span> <span class='ocrx_word' id='word_1_197' title='bbox 1412 2392 1546 2457; x_wconf 91' lang='lat' dir='ltr'><strong>Deo,</strong></span> <span class='ocrx_word' id='word_1_198' title='bbox 1600 2409 1723 2462; x_wconf 68' lang='lat' dir='ltr'><strong>quae</strong></span> <span class='ocrx_word' id='word_1_199' title='bbox 1764 2403 1889 2463; x_wconf 90' lang='lat' dir='ltr'><strong>post</strong></span> <span class='ocrx_word' id='word_1_200' title='bbox 1939 2410 2080 2482; x_wconf 47' lang='lat' dir='ltr'><strong>qua-</strong></span> 
     </span>
    </p>
   </div>
   <div class='ocr_carea' id='block_1_28' title="bbox 500 2472 2082 2550">
    <p class='ocr_par' dir='ltr' id='par_1_28' title="bbox 500 2472 2082 2550">
     <span class='ocr_line' id='line_1_28' title="bbox 500 2472 2082 2550; baseline 0.007 -21"><span class='ocrx_word' id='word_1_201' title='bbox 500 2472 822 2546; x_wconf 86' lang='lat' dir='ltr'><strong>dringentos</strong></span> <span class='ocrx_word' id='word_1_202' title='bbox 853 2486 909 2532; x_wconf 90' lang='lat' dir='ltr'><strong>et</strong></span> <span class='ocrx_word' id='word_1_203' title='bbox 937 2478 1160 2550; x_wconf 89' lang='lat' dir='ltr'><strong>triginta</strong></span> <span class='ocrx_word' id='word_1_204' title='bbox 1190 2496 1363 2537; x_wconf 90' lang='lat' dir='ltr'><strong>annos</strong></span> <span class='ocrx_word' id='word_1_205' title='bbox 1391 2482 1530 2538; x_wconf 81' lang='lat' dir='ltr'><strong>facta</strong></span> <span class='ocrx_word' id='word_1_206' title='bbox 1557 2492 1641 2538; x_wconf 91' lang='lat' dir='ltr'><strong>est</strong></span> <span class='ocrx_word' id='word_1_207' title='bbox 1678 2485 1784 2550; x_wconf 85' lang='lat' dir='ltr'><strong>lex,</strong></span> <span class='ocrx_word' id='word_1_208' title='bbox 1818 2501 1927 2540; x_wconf 94' lang='lat' dir='ltr'><strong>non</strong></span> <span class='ocrx_word' id='word_1_209' title='bbox 1958 2472 2082 2539; x_wconf 52' lang='lat' dir='ltr'><strong>itu-i-</strong></span> 
     </span>
    </p>
   </div>
   <div class='ocr_carea' id='block_1_29' title="bbox 500 2563 2081 2641">
    <p class='ocr_par' dir='ltr' id='par_1_29' title="bbox 500 2563 2081 2641">
     <span class='ocr_line' id='line_1_29' title="bbox 500 2563 2081 2641; baseline 0.009 -25"><span class='ocrx_word' id='word_1_210' title='bbox 500 2571 617 2617; x_wconf 90' lang='lat' dir='ltr'><strong>tum</strong></span> <span class='ocrx_word' id='word_1_211' title='bbox 642 2563 776 2620; x_wconf 81' lang='lat' dir='ltr'><strong>facit</strong></span> <span class='ocrx_word' id='word_1_212' title='bbox 796 2566 869 2622; x_wconf 85' lang='lat' dir='ltr'><strong>ad</strong></span> <span class='ocrx_word' id='word_1_213' title='bbox 909 2567 1280 2624; x_wconf 89' lang='lat' dir='ltr'><strong>evacuandam</strong></span> <span class='ocrx_word' id='word_1_214' title='bbox 1303 2572 1743 2641; x_wconf 86' lang='lat' dir='ltr'><strong>promissionem.</strong></span> <span class='ocrx_word' id='word_1_215' title='bbox 1779 2574 1916 2629; x_wconf 86' lang='lat' dir='ltr'><strong>Nam</strong></span> <span class='ocrx_word' id='word_1_216' title='bbox 1944 2576 1987 2630; x_wconf 93' lang='lat' dir='ltr'><strong>si</strong></span> <span class='ocrx_word' id='word_1_217' title='bbox 2012 2591 2081 2630; x_wconf 86' lang='lat' dir='ltr'><strong>ex</strong></span> 
     </span>
    </p>
   </div>
   <div class='ocr_carea' id='block_1_30' title="bbox 498 2654 2080 2734">
    <p class='ocr_par' dir='ltr' id='par_1_30' title="bbox 498 2654 2080 2734">
     <span class='ocr_line' id='line_1_30' title="bbox 498 2654 2080 2734; baseline 0.009 -26"><span class='ocrx_word' id='word_1_218' title='bbox 498 2654 616 2726; x_wconf 90' lang='lat' dir='ltr'><strong>lege</strong></span> <span class='ocrx_word' id='word_1_219' title='bbox 673 2656 988 2724; x_wconf 69' lang='lat' dir='ltr'><strong>haereditas,</strong></span> <span class='ocrx_word' id='word_1_220' title='bbox 1036 2661 1147 2732; x_wconf 87' lang='lat' dir='ltr'><strong>jam</strong></span> <span class='ocrx_word' id='word_1_221' title='bbox 1174 2677 1285 2717; x_wconf 91' lang='lat' dir='ltr'><strong>non</strong></span> <span class='ocrx_word' id='word_1_222' title='bbox 1311 2678 1380 2718; x_wconf 89' lang='lat' dir='ltr'><strong>ex</strong></span> <span class='ocrx_word' id='word_1_223' title='bbox 1424 2664 1807 2734; x_wconf 86' lang='lat' dir='ltr'><strong>promissione,</strong></span> <span class='ocrx_word' id='word_1_224' title='bbox 1842 2666 2080 2723; x_wconf 74' lang='lat' dir='ltr'><strong>Abraha:</strong></span> 
     </span>
    </p>
   </div>
   <div class='ocr_carea' id='block_1_31' title="bbox 497 2755 2078 2822">
    <p class='ocr_par' dir='ltr' id='par_1_31' title="bbox 497 2755 2078 2822">
     <span class='ocr_line' id='line_1_31' title="bbox 497 2755 2078 2822; baseline 0.008 -20"><span class='ocrx_word' id='word_1_225' title='bbox 497 2756 679 2804; x_wconf 89' lang='lat' dir='ltr'><strong>autem</strong></span> <span class='ocrx_word' id='word_1_226' title='bbox 707 2766 808 2820; x_wconf 86' lang='lat' dir='ltr'><strong>per</strong></span> <span class='ocrx_word' id='word_1_227' title='bbox 840 2755 1322 2822; x_wconf 89' lang='lat' dir='ltr'><strong>repromissionem</strong></span> <span class='ocrx_word' id='word_1_228' title='bbox 1379 2757 1603 2813; x_wconf 87' lang='lat' dir='ltr'><strong>donavit</strong></span> <span class='ocrx_word' id='word_1_229' title='bbox 1635 2759 1780 2814; x_wconf 87' lang='lat' dir='ltr'><strong>Deus</strong></span> <span class='ocrx_word' id='word_1_230' title='bbox 1813 2760 1880 2814; x_wconf 64' lang='grc'><strong>⁸⁸.</strong></span> <span class='ocrx_word' id='word_1_231' title='bbox 1913 2778 1932 2811; x_wconf 78' lang='grc' dir='ltr'><strong>ι</strong></span> <span class='ocrx_word' id='word_1_232' title='bbox 1963 2759 2078 2815; x_wconf 80' lang='lat' dir='ltr'><strong>Ad-</strong></span> 
     </span>
    </p>
   </div>
   <div class='ocr_carea' id='block_1_32' title="bbox 495 2837 2077 2919">
    <p class='ocr_par' dir='ltr' id='par_1_32' title="bbox 495 2837 2077 2919">
     <span class='ocr_line' id='line_1_32' title="bbox 495 2837 2077 2919; baseline 0.009 -29"><span class='ocrx_word' id='word_1_233' title='bbox 495 2837 617 2908; x_wconf 78' lang='lat' dir='ltr'><strong>jicit</strong></span> <span class='ocrx_word' id='word_1_234' title='bbox 653 2854 786 2894; x_wconf 87' lang='lat' dir='ltr'><strong>vero</strong></span> <span class='ocrx_word' id='word_1_235' title='bbox 835 2842 1023 2896; x_wconf 89' lang='lat' dir='ltr'><strong>statim</strong></span> <span class='ocrx_word' id='word_1_236' title='bbox 1066 2844 1338 2900; x_wconf 90' lang='lat' dir='ltr'><strong>rationem</strong></span> <span class='ocrx_word' id='word_1_237' title='bbox 1395 2863 1496 2902; x_wconf 91' lang='lat' dir='ltr'><strong>cur</strong></span> <span class='ocrx_word' id='word_1_238' title='bbox 1528 2847 1618 2902; x_wconf 88' lang='lat' dir='ltr'><strong>lex</strong></span> <span class='ocrx_word' id='word_1_239' title='bbox 1664 2849 1820 2919; x_wconf 89' lang='lat' dir='ltr'><strong>prius</strong></span> <span class='ocrx_word' id='word_1_240' title='bbox 1852 2848 2077 2912; x_wconf 78' lang='lat' dir='ltr'><strong>inducta</strong></span> 
     </span>
    </p>
   </div>
   <div class='ocr_carea' id='block_1_33' title="bbox 494 2930 2073 3011">
    <p class='ocr_par' dir='ltr' id='par_1_33' title="bbox 494 2930 2073 3011">
     <span class='ocr_line' id='line_1_33' title="bbox 494 2930 2073 3011; baseline 0.008 -26"><span class='ocrx_word' id='word_1_241' title='bbox 494 2930 586 2995; x_wconf 89' lang='lat' dir='ltr'><strong>sit,</strong></span> <span class='ocrx_word' id='word_1_242' title='bbox 620 2931 696 2986; x_wconf 90' lang='lat' dir='ltr'><strong>ita</strong></span> <span class='ocrx_word' id='word_1_243' title='bbox 742 2931 972 2989; x_wconf 89' lang='lat' dir='ltr'><strong>dicens:</strong></span> <span class='ocrx_word' id='word_1_244' title='bbox 1022 2952 1040 2986; x_wconf 79' lang='grc' dir='ltr'><strong>ι</strong></span> <span class='ocrx_word' id='word_1_245' title='bbox 1066 2934 1209 3002; x_wconf 85' lang='lat' dir='ltr'><strong>Quid</strong></span> <span class='ocrx_word' id='word_1_246' title='bbox 1238 2938 1406 3008; x_wconf 89' lang='lat' dir='ltr'><strong>igitur</strong></span> <span class='ocrx_word' id='word_1_247' title='bbox 1458 2939 1591 2995; x_wconf 87' lang='lat' dir='ltr'><strong>lex?</strong></span> <span class='ocrx_word' id='word_1_248' title='bbox 1614 2948 1845 3011; x_wconf 85' lang='lat' dir='ltr'><strong>propter</strong></span> <span class='ocrx_word' id='word_1_249' title='bbox 1892 2950 2073 2997; x_wconf 86' lang='lat' dir='ltr'><strong>trans-</strong></span> 
     </span>
    </p>
   </div>
   <div class='ocr_carea' id='block_1_34' title="bbox 493 3022 2072 3101">
    <p class='ocr_par' dir='ltr' id='par_1_34' title="bbox 493 3022 2072 3101">
     <span class='ocr_line' id='line_1_34' title="bbox 493 3022 2072 3101; baseline 0.009 -28"><span class='ocrx_word' id='word_1_250' title='bbox 493 3022 802 3091; x_wconf 83' lang='lat' dir='ltr'><strong>gressiones</strong></span> <span class='ocrx_word' id='word_1_251' title='bbox 830 3024 1008 3093; x_wconf 90' lang='lat' dir='ltr'><strong>posita</strong></span> <span class='ocrx_word' id='word_1_252' title='bbox 1034 3035 1136 3092; x_wconf 90' lang='lat' dir='ltr'><strong>est,</strong></span> <span class='ocrx_word' id='word_1_253' title='bbox 1169 3026 1347 3085; x_wconf 91' lang='lat' dir='ltr'><strong>donec</strong></span> <span class='ocrx_word' id='word_1_254' title='bbox 1368 3030 1585 3085; x_wconf 75' lang='lat' dir='ltr'><strong>veniret</strong></span> <span class='ocrx_word' id='word_1_255' title='bbox 1609 3031 1912 3097; x_wconf 89' lang='lat' dir='ltr'><strong>semen,cui</strong></span> <span class='ocrx_word' id='word_1_256' title='bbox 1940 3048 2072 3101; x_wconf 88' lang='lat' dir='ltr'><strong>pro—</strong></span> 
     </span>
    </p>
   </div>
   <div class='ocr_carea' id='block_1_35' title="bbox 494 3112 2067 3187">
    <p class='ocr_par' dir='ltr' id='par_1_35' title="bbox 494 3112 2067 3187">
     <span class='ocr_line' id='line_1_35' title="bbox 494 3112 2067 3187; baseline 0.006 -21"><span class='ocrx_word' id='word_1_257' title='bbox 494 3112 738 3179; x_wconf 90' lang='lat' dir='ltr'><strong>miserat,</strong></span> <span class='ocrx_word' id='word_1_258' title='bbox 772 3113 1025 3169; x_wconf 88' lang='lat' dir='ltr'><strong>ordinata</strong></span> <span class='ocrx_word' id='word_1_259' title='bbox 1048 3130 1148 3185; x_wconf 92' lang='lat' dir='ltr'><strong>per</strong></span> <span class='ocrx_word' id='word_1_260' title='bbox 1173 3118 1399 3187; x_wconf 90' lang='lat' dir='ltr'><strong>angelos</strong></span> <span class='ocrx_word' id='word_1_261' title='bbox 1438 3118 1494 3171; x_wconf 90' lang='lat' dir='ltr'><strong>in</strong></span> <span class='ocrx_word' id='word_1_262' title='bbox 1521 3133 1688 3172; x_wconf 88' lang='lat' dir='ltr'><strong>manu</strong></span> <span class='ocrx_word' id='word_1_263' title='bbox 1724 3118 2067 3175; x_wconf 87' lang='lat' dir='ltr'><strong>mediatoris.</strong></span> 
     </span>
    </p>
   </div>
   <div class='ocr_carea' id='block_1_36' title="bbox 495 3203 2075 3281">
    <p class='ocr_par' dir='ltr' id='par_1_36' title="bbox 495 3203 2075 3281">
     <span class='ocr_line' id='line_1_36' title="bbox 495 3203 2075 3281; baseline 0.005 -24"><span class='ocrx_word' id='word_1_264' title='bbox 495 3203 764 3281; x_wconf 64' lang='lat' dir='ltr'><strong>Mediator</strong></span> <span class='ocrx_word' id='word_1_265' title='bbox 784 3214 969 3260; x_wconf 89' lang='lat' dir='ltr'><strong>autem</strong></span> <span class='ocrx_word' id='word_1_266' title='bbox 1030 3207 1195 3262; x_wconf 89' lang='lat' dir='ltr'><strong>unius</strong></span> <span class='ocrx_word' id='word_1_267' title='bbox 1242 3223 1355 3261; x_wconf 90' lang='lat' dir='ltr'><strong>non</strong></span> <span class='ocrx_word' id='word_1_268' title='bbox 1384 3215 1487 3263; x_wconf 91' lang='lat' dir='ltr'><strong>est.</strong></span> <span class='ocrx_word' id='word_1_269' title='bbox 1522 3207 1668 3264; x_wconf 88' lang='lat' dir='ltr'><strong>Deus</strong></span> <span class='ocrx_word' id='word_1_270' title='bbox 1697 3216 1881 3264; x_wconf 88' lang='lat' dir='ltr'><strong>autem</strong></span> <span class='ocrx_word' id='word_1_271' title='bbox 1931 3226 2075 3267; x_wconf 88' lang='lat' dir='ltr'><strong>unus</strong></span> 
     </span>
    </p>
   </div>
   <div class='ocr_carea' id='block_1_37' title="bbox 494 3293 2073 3367">
    <p class='ocr_par' dir='ltr' id='par_1_37' title="bbox 494 3293 2073 3367">
     <span class='ocr_line' id='line_1_37' title="bbox 494 3293 2073 3367; baseline 0.005 -19"><span class='ocrx_word' id='word_1_272' title='bbox 494 3301 598 3348; x_wconf 89' lang='lat' dir='ltr'><strong>est.</strong></span> <span class='ocrx_word' id='word_1_273' title='bbox 622 3293 732 3363; x_wconf 84' lang='lat'><strong>95</strong></span> <span class='ocrx_word' id='word_1_274' title='bbox 756 3294 868 3349; x_wconf 84' lang='lat' dir='ltr'><strong>Lex</strong></span> <span class='ocrx_word' id='word_1_275' title='bbox 890 3310 1020 3365; x_wconf 90' lang='lat' dir='ltr'><strong>ergo</strong></span> <span class='ocrx_word' id='word_1_276' title='bbox 1041 3295 1307 3351; x_wconf 80' lang='lat' dir='ltr'><strong>adversus</strong></span> <span class='ocrx_word' id='word_1_277' title='bbox 1333 3297 1601 3367; x_wconf 89' lang='lat' dir='ltr'><strong>promissa</strong></span> <span class='ocrx_word' id='word_1_278' title='bbox 1623 3298 1763 3354; x_wconf 88' lang='lat' dir='ltr'><strong>Dei?</strong></span> <span class='ocrx_word' id='word_1_279' title='bbox 1801 3299 1980 3356; x_wconf 84' lang='lat' dir='ltr'><strong>Absit.</strong></span> <span class='ocrx_word' id='word_1_280' title='bbox 2015 3299 2073 3356; x_wconf 90' lang='lat' dir='ltr'><strong>Si</strong></span> 
     </span>
    </p>
   </div>
   <div class='ocr_carea' id='block_1_38' title="bbox 494 3382 2074 3458">
    <p class='ocr_par' dir='ltr' id='par_1_38' title="bbox 494 3382 2074 3458">
     <span class='ocr_line' id='line_1_38' title="bbox 494 3382 2074 3458; baseline 0.008 -22"><span class='ocrx_word' id='word_1_281' title='bbox 494 3382 643 3436; x_wconf 89' lang='lat' dir='ltr'><strong>enim</strong></span> <span class='ocrx_word' id='word_1_282' title='bbox 673 3382 800 3438; x_wconf 88' lang='lat' dir='ltr'><strong>data</strong></span> <span class='ocrx_word' id='word_1_283' title='bbox 830 3392 975 3439; x_wconf 89' lang='lat' dir='ltr'><strong>esset</strong></span> <span class='ocrx_word' id='word_1_284' title='bbox 992 3385 1081 3440; x_wconf 85' lang='lat' dir='ltr'><strong>lex</strong></span> <span class='ocrx_word' id='word_1_285' title='bbox 1110 3402 1232 3457; x_wconf 64' lang='lat' dir='ltr'><strong>qua:</strong></span> <span class='ocrx_word' id='word_1_286' title='bbox 1277 3397 1462 3458; x_wconf 87' lang='lat' dir='ltr'><strong>posset</strong></span> <span class='ocrx_word' id='word_1_287' title='bbox 1492 3389 1792 3456; x_wconf 87' lang='lat' dir='ltr'><strong>viviﬁcare,</strong></span> <span class='ocrx_word' id='word_1_288' title='bbox 1845 3408 1974 3447; x_wconf 86' lang='lat' dir='ltr'><strong>vere</strong></span> <span class='ocrx_word' id='word_1_289' title='bbox 2004 3408 2074 3448; x_wconf 88' lang='lat' dir='ltr'><strong>ex</strong></span> 
     </span>
    </p>
   </div>
   <div class='ocr_carea' id='block_1_39' title="bbox 492 3471 2071 3553">
    <p class='ocr_par' dir='ltr' id='par_1_39' title="bbox 492 3471 2071 3553">
     <span class='ocr_line' id='line_1_39' title="bbox 492 3471 2071 3553; baseline 0.009 -28"><span class='ocrx_word' id='word_1_290' title='bbox 492 3471 613 3542; x_wconf 89' lang='lat' dir='ltr'><strong>lege</strong></span> <span class='ocrx_word' id='word_1_291' title='bbox 642 3482 789 3528; x_wconf 85' lang='lat' dir='ltr'><strong>esset</strong></span> <span class='ocrx_word' id='word_1_292' title='bbox 814 3474 1047 3544; x_wconf 75' lang='lat' dir='ltr'><strong>iustitia.</strong></span> <span class='ocrx_word' id='word_1_293' title='bbox 1081 3477 1186 3532; x_wconf 89' lang='lat' dir='ltr'><strong>Sed</strong></span> <span class='ocrx_word' id='word_1_294' title='bbox 1239 3480 1513 3535; x_wconf 88' lang='lat' dir='ltr'><strong>conclusit</strong></span> <span class='ocrx_word' id='word_1_295' title='bbox 1563 3482 1840 3553; x_wconf 89' lang='lat' dir='ltr'><strong>scriptura</strong></span> <span class='ocrx_word' id='word_1_296' title='bbox 1886 3485 2071 3541; x_wconf 91' lang='lat' dir='ltr'><strong>omnia</strong></span> 
     </span>
    </p>
   </div>
   <div class='ocr_carea' id='block_1_40' title="bbox 494 3562 2076 3637">
    <p class='ocr_par' dir='ltr' id='par_1_40' title="bbox 494 3562 2076 3637">
     <span class='ocr_line' id='line_1_40' title="bbox 494 3562 2076 3637; baseline 0.01 -21"><span class='ocrx_word' id='word_1_297' title='bbox 494 3562 598 3617; x_wconf 89' lang='lat' dir='ltr'><strong>sub</strong></span> <span class='ocrx_word' id='word_1_298' title='bbox 633 3573 878 3634; x_wconf 88' lang='lat' dir='ltr'><strong>peccato,</strong></span> <span class='ocrx_word' id='word_1_299' title='bbox 902 3574 969 3636; x_wconf 73' lang='lat' dir='ltr'><strong>ut</strong></span> <span class='ocrx_word' id='word_1_300' title='bbox 983 3568 1275 3637; x_wconf 89' lang='lat' dir='ltr'><strong>promissio</strong></span> <span class='ocrx_word' id='word_1_301' title='bbox 1320 3587 1389 3626; x_wconf 83' lang='lat' dir='ltr'><strong>ex</strong></span> <span class='ocrx_word' id='word_1_302' title='bbox 1422 3571 1528 3628; x_wconf 87' lang='lat' dir='ltr'><strong>ﬁde</strong></span> <span class='ocrx_word' id='word_1_303' title='bbox 1565 3574 1695 3629; x_wconf 88' lang='lat' dir='ltr'><strong>Jesu</strong></span> <span class='ocrx_word' id='word_1_304' title='bbox 1733 3574 1945 3631; x_wconf 88' lang='lat' dir='ltr'><strong>Christi</strong></span> <span class='ocrx_word' id='word_1_305' title='bbox 1977 3576 2076 3632; x_wconf 90' lang='lat' dir='ltr'><strong>da-</strong></span> 
     </span>
    </p>
   </div>
   <div class='ocr_carea' id='block_1_41' title="bbox 495 3654 2068 3733">
    <p class='ocr_par' dir='ltr' id='par_1_41' title="bbox 495 3654 2068 3733">
     <span class='ocr_line' id='line_1_41' title="bbox 495 3654 2068 3733; baseline 0.01 -25"><span class='ocrx_word' id='word_1_306' title='bbox 495 3659 649 3708; x_wconf 87' lang='lat' dir='ltr'><strong>retur</strong></span> <span class='ocrx_word' id='word_1_307' title='bbox 680 3654 1053 3712; x_wconf 89' lang='lat' dir='ltr'><strong>credentibus.</strong></span> <span class='ocrx_word' id='word_1_308' title='bbox 1094 3658 1255 3715; x_wconf 87' lang='lat' dir='ltr'><strong>Prius</strong></span> <span class='ocrx_word' id='word_1_309' title='bbox 1275 3671 1459 3717; x_wconf 88' lang='lat' dir='ltr'><strong>autem</strong></span> <span class='ocrx_word' id='word_1_310' title='bbox 1490 3679 1652 3733; x_wconf 90' lang='lat' dir='ltr'><strong>quam</strong></span> <span class='ocrx_word' id='word_1_311' title='bbox 1678 3666 1892 3721; x_wconf 85' lang='lat' dir='ltr'><strong>veniret</strong></span> <span class='ocrx_word' id='word_1_312' title='bbox 1913 3668 2068 3733; x_wconf 89' lang='lat' dir='ltr'><strong>ﬁdes,</strong></span> 
     </span>
    </p>
   </div>
   <div class='ocr_carea' id='block_1_42' title="bbox 492 3743 2072 3828">
    <p class='ocr_par' dir='ltr' id='par_1_42' title="bbox 492 3743 2072 3828">
     <span class='ocr_line' id='line_1_42' title="bbox 492 3743 2072 3828; baseline 0.01 -31"><span class='ocrx_word' id='word_1_313' title='bbox 492 3743 596 3797; x_wconf 88' lang='lat' dir='ltr'><strong>sub</strong></span> <span class='ocrx_word' id='word_1_314' title='bbox 622 3745 741 3815; x_wconf 91' lang='lat' dir='ltr'><strong>lege</strong></span> <span class='ocrx_word' id='word_1_315' title='bbox 772 3747 1218 3805; x_wconf 88' lang='lat' dir='ltr'><strong>custodiebamur</strong></span> <span class='ocrx_word' id='word_1_316' title='bbox 1241 3754 1483 3809; x_wconf 90' lang='lat' dir='ltr'><strong>conclusi</strong></span> <span class='ocrx_word' id='word_1_317' title='bbox 1516 3754 1572 3809; x_wconf 93' lang='lat' dir='ltr'><strong>in</strong></span> <span class='ocrx_word' id='word_1_318' title='bbox 1593 3771 1715 3810; x_wconf 90' lang='lat' dir='ltr'><strong>eam</strong></span> <span class='ocrx_word' id='word_1_319' title='bbox 1740 3756 1926 3824; x_wconf 90' lang='lat' dir='ltr'><strong>ﬁdem,</strong></span> <span class='ocrx_word' id='word_1_320' title='bbox 1949 3775 2072 3828; x_wconf 67' lang='lat' dir='ltr'><strong>qum</strong></span> 
     </span>
    </p>
   </div>
   <div class='ocr_carea' id='block_1_43' title="bbox 491 3836 2073 3917">
    <p class='ocr_par' dir='ltr' id='par_1_43' title="bbox 491 3836 2073 3917">
     <span class='ocr_line' id='line_1_43' title="bbox 491 3836 2073 3917; baseline 0.008 -28"><span class='ocrx_word' id='word_1_321' title='bbox 491 3836 787 3891; x_wconf 88' lang='lat' dir='ltr'><strong>revelanda</strong></span> <span class='ocrx_word' id='word_1_322' title='bbox 826 3845 963 3893; x_wconf 90' lang='lat' dir='ltr'><strong>erat.</strong></span> <span class='ocrx_word' id='word_1_323' title='bbox 1010 3839 1200 3910; x_wconf 84' lang='lat' dir='ltr'><strong>Itaque</strong></span> <span class='ocrx_word' id='word_1_324' title='bbox 1229 3842 1317 3896; x_wconf 89' lang='lat' dir='ltr'><strong>lex</strong></span> <span class='ocrx_word' id='word_1_325' title='bbox 1376 3844 1701 3917; x_wconf 76' lang='lat' dir='ltr'><strong>pzedagogus</strong></span> <span class='ocrx_word' id='word_1_326' title='bbox 1751 3855 1939 3901; x_wconf 88' lang='lat' dir='ltr'><strong>noster</strong></span> <span class='ocrx_word' id='word_1_327' title='bbox 1967 3848 2073 3902; x_wconf 79' lang='lat' dir='ltr'><strong>fuit</strong></span> 
     </span>
    </p>
   </div>
   <div class='ocr_carea' id='block_1_44' title="bbox 493 3927 2070 4005">
    <p class='ocr_par' dir='ltr' id='par_1_44' title="bbox 493 3927 2070 4005">
     <span class='ocr_line' id='line_1_44' title="bbox 493 3927 2070 4005; baseline 0.007 -23"><span class='ocrx_word' id='word_1_328' title='bbox 493 3928 549 3983; x_wconf 91' lang='lat' dir='ltr'><strong>in</strong></span> <span class='ocrx_word' id='word_1_329' title='bbox 589 3927 834 3994; x_wconf 88' lang='lat' dir='ltr'><strong>Christo,</strong></span> <span class='ocrx_word' id='word_1_330' title='bbox 871 3940 933 3987; x_wconf 88' lang='lat' dir='ltr'><strong>ut</strong></span> <span class='ocrx_word' id='word_1_331' title='bbox 964 3949 1031 3988; x_wconf 84' lang='lat' dir='ltr'><strong>ex</strong></span> <span class='ocrx_word' id='word_1_332' title='bbox 1058 3933 1165 3988; x_wconf 88' lang='lat' dir='ltr'><strong>ﬁde</strong></span> <span class='ocrx_word' id='word_1_333' title='bbox 1190 3934 1580 4005; x_wconf 81' lang='lat' dir='ltr'><strong>justiﬁcemur.</strong></span> <span class='ocrx_word' id='word_1_334' title='bbox 1609 3936 1679 3993; x_wconf 82' lang='lat' dir='ltr'><strong>At</strong></span> <span class='ocrx_word' id='word_1_335' title='bbox 1708 3938 1804 3994; x_wconf 89' lang='lat' dir='ltr'><strong>ubi</strong></span> <span class='ocrx_word' id='word_1_336' title='bbox 1836 3939 1988 3994; x_wconf 81' lang='lat' dir='ltr'><strong>venit</strong></span> <span class='ocrx_word' id='word_1_337' title='bbox 2004 3938 2070 3993; x_wconf 86' lang='lat' dir='ltr'><strong>ﬁ-</strong></span> 
     </span>
    </p>
   </div>
   <div class='ocr_carea' id='block_1_45' title="bbox 489 4021 2065 4100">
    <p class='ocr_par' dir='ltr' id='par_1_45' title="bbox 489 4021 2065 4100">
     <span class='ocr_line' id='line_1_45' title="bbox 489 4021 2065 4100; baseline 0.008 -25"><span class='ocrx_word' id='word_1_338' title='bbox 489 4021 607 4085; x_wconf 91' lang='lat' dir='ltr'><strong>des,</strong></span> <span class='ocrx_word' id='word_1_339' title='bbox 629 4022 742 4092; x_wconf 88' lang='lat' dir='ltr'><strong>jam</strong></span> <span class='ocrx_word' id='word_1_340' title='bbox 772 4039 882 4078; x_wconf 92' lang='lat' dir='ltr'><strong>non</strong></span> <span class='ocrx_word' id='word_1_341' title='bbox 923 4040 1114 4080; x_wconf 91' lang='lat' dir='ltr'><strong>sumus</strong></span> <span class='ocrx_word' id='word_1_342' title='bbox 1158 4027 1262 4082; x_wconf 91' lang='lat' dir='ltr'><strong>sub</strong></span> <span class='ocrx_word' id='word_1_343' title='bbox 1308 4028 1620 4100; x_wconf 63' lang='lat' dir='ltr'><strong>paedagogo.</strong></span> <span class='ocrx_word' id='word_1_344' title='bbox 1665 4030 1869 4087; x_wconf 90' lang='lat' dir='ltr'><strong>Omnes</strong></span> <span class='ocrx_word' id='word_1_345' title='bbox 1917 4032 2065 4088; x_wconf 89' lang='lat' dir='ltr'><strong>enim</strong></span> 
     </span>
    </p>
   </div>
   <div class='ocr_carea' id='block_1_46' title="bbox 488 4110 2059 4187">
    <p class='ocr_par' dir='ltr' id='par_1_46' title="bbox 488 4110 2059 4187">
     <span class='ocr_line' id='line_1_46' title="bbox 488 4110 2059 4187; baseline 0.008 -23"><span class='ocrx_word' id='word_1_346' title='bbox 488 4110 586 4165; x_wconf 83' lang='lat' dir='ltr'><strong>ﬁlii</strong></span> <span class='ocrx_word' id='word_1_347' title='bbox 620 4112 717 4166; x_wconf 88' lang='lat' dir='ltr'><strong>Dei</strong></span> <span class='ocrx_word' id='word_1_348' title='bbox 742 4114 877 4169; x_wconf 90' lang='lat' dir='ltr'><strong>estis</strong></span> <span class='ocrx_word' id='word_1_349' title='bbox 908 4130 1007 4184; x_wconf 89' lang='lat' dir='ltr'><strong>per</strong></span> <span class='ocrx_word' id='word_1_350' title='bbox 1042 4116 1203 4171; x_wconf 88' lang='lat' dir='ltr'><strong>ﬁdem</strong></span> <span class='ocrx_word' id='word_1_351' title='bbox 1237 4134 1360 4187; x_wconf 61' lang='lat' dir='ltr'><strong>quae</strong></span> <span class='ocrx_word' id='word_1_352' title='bbox 1377 4128 1462 4174; x_wconf 88' lang='lat' dir='ltr'><strong>est</strong></span> <span class='ocrx_word' id='word_1_353' title='bbox 1484 4120 1539 4175; x_wconf 93' lang='lat' dir='ltr'><strong>in</strong></span> <span class='ocrx_word' id='word_1_354' title='bbox 1569 4116 1790 4178; x_wconf 86' lang='lat' dir='ltr'><strong>Christo</strong></span> <span class='ocrx_word' id='word_1_355' title='bbox 1810 4124 1940 4179; x_wconf 87' lang='lat' dir='ltr'><strong>Jesu</strong></span> <span class='ocrx_word' id='word_1_356' title='bbox 1960 4126 2059 4179; x_wconf 68' lang='grc' dir='ltr'>θ’.»</span> 
     </span>
    </p>
   </div>
   <div class='ocr_carea' id='block_1_47' title="bbox 489 4199 2066 4275">
    <p class='ocr_par' dir='ltr' id='par_1_47' title="bbox 489 4199 2066 4275">
     <span class='ocr_line' id='line_1_47' title="bbox 489 4199 2066 4275; baseline 0.011 -23"><span class='ocrx_word' id='word_1_357' title='bbox 489 4199 663 4257; x_wconf 86' lang='lat' dir='ltr'><strong>Nemo</strong></span> <span class='ocrx_word' id='word_1_358' title='bbox 694 4199 880 4269; x_wconf 87' lang='lat' dir='ltr'><strong>itaque</strong></span> <span class='ocrx_word' id='word_1_359' title='bbox 914 4202 1250 4259; x_wconf 85' lang='lat' dir='ltr'><strong>dubitaverit</strong></span> <span class='ocrx_word' id='word_1_360' title='bbox 1289 4207 1462 4275; x_wconf 91' lang='lat' dir='ltr'><strong>legem</strong></span> <span class='ocrx_word' id='word_1_361' title='bbox 1495 4223 1616 4263; x_wconf 88' lang='lat' dir='ltr'><strong>esse</strong></span> <span class='ocrx_word' id='word_1_362' title='bbox 1670 4213 2066 4269; x_wconf 88' lang='lat' dir='ltr'><strong>accusatricem</strong></span> 
     </span>
    </p>
   </div>
   <div class='ocr_carea' id='block_1_48' title="bbox 486 4286 2063 4371">
    <p class='ocr_par' dir='ltr' id='par_1_48' title="bbox 486 4286 2063 4371">
     <span class='ocr_line' id='line_1_48' title="bbox 486 4286 2063 4371; baseline 0.011 -31"><span class='ocrx_word' id='word_1_363' title='bbox 486 4301 700 4349; x_wconf 89' lang='lat' dir='ltr'><strong>eorum,</strong></span> <span class='ocrx_word' id='word_1_364' title='bbox 730 4286 825 4357; x_wconf 93' lang='lat' dir='ltr'><strong>qui</strong></span> <span class='ocrx_word' id='word_1_365' title='bbox 847 4289 1082 4345; x_wconf 88' lang='lat' dir='ltr'><strong>instituti</strong></span> <span class='ocrx_word' id='word_1_366' title='bbox 1105 4299 1235 4345; x_wconf 89' lang='lat' dir='ltr'><strong>sunt</strong></span> <span class='ocrx_word' id='word_1_367' title='bbox 1276 4293 1689 4362; x_wconf 88' lang='lat' dir='ltr'><strong>imbecillitatis,</strong></span> <span class='ocrx_word' id='word_1_368' title='bbox 1724 4306 1781 4353; x_wconf 91' lang='lat' dir='ltr'><strong>et</strong></span> <span class='ocrx_word' id='word_1_369' title='bbox 1808 4300 2063 4371; x_wconf 86' lang='lat' dir='ltr'><strong>lapsuum</strong></span> 
     </span>
    </p>
   </div>
   <div class='ocr_carea' id='block_1_49' title="bbox 486 4384 2057 4456">
    <p class='ocr_par' dir='ltr' id='par_1_49' title="bbox 486 4384 2057 4456">
     <span class='ocr_line' id='line_1_49' title="bbox 486 4384 2057 4456; baseline 0.013 -26"><span class='ocrx_word' id='word_1_370' title='bbox 486 4384 949 4451; x_wconf 82' lang='lat' dir='ltr'><strong>peccatorumque</strong></span> <span class='ocrx_word' id='word_1_371' title='bbox 1024 4391 1341 4443; x_wconf 86' lang='lat' dir='ltr'><strong>nostrorum</strong></span> <span class='ocrx_word' id='word_1_372' title='bbox 1404 4386 1810 4456; x_wconf 87' lang='lat' dir='ltr'><strong>judicatrioem.</strong></span> <span class='ocrx_word' id='word_1_373' title='bbox 1902 4411 1921 4443; x_wconf 87' lang='grc'><strong><em>‹</em></strong></span> <span class='ocrx_word' id='word_1_374' title='bbox 1956 4393 2057 4450; x_wconf 89' lang='lat' dir='ltr'><strong>Ubi</strong></span> 
     </span>
    </p>
   </div>
   <div class='ocr_carea' id='block_1_50' title="bbox 2202 481 3887 555">
    <p class='ocr_par' dir='ltr' id='par_1_50' title="bbox 2202 481 3887 555">
     <span class='ocr_line' id='line_1_50' title="bbox 2202 481 3887 555; baseline 0.002 -21"><span class='ocrx_word' id='word_1_375' title='bbox 2202 481 2472 554; x_wconf 66' lang='grc' dir='ltr'>Ἁϐραάμ.</span> <span class='ocrx_word' id='word_1_376' title='bbox 2498 485 2652 537; x_wconf 84' lang='grc' dir='ltr'><strong>Ὅσοι</strong></span> <span class='ocrx_word' id='word_1_377' title='bbox 2671 484 2779 555; x_wconf 82' lang='grc' dir='ltr'>γὰρ</span> <span class='ocrx_word' id='word_1_378' title='bbox 2803 484 2863 548; x_wconf 77' lang='grc' dir='ltr'>ἐξ</span> <span class='ocrx_word' id='word_1_379' title='bbox 2890 483 3066 554; x_wconf 77' lang='grc' dir='ltr'>ἔργων</span> <span class='ocrx_word' id='word_1_380' title='bbox 3094 483 3263 554; x_wconf 89' lang='grc' dir='ltr'>νόμου</span> <span class='ocrx_word' id='word_1_381' title='bbox 3288 483 3447 546; x_wconf 74' lang='grc' dir='ltr'>εἰσὶν,</span> <span class='ocrx_word' id='word_1_382' title='bbox 3479 483 3584 537; x_wconf 77' lang='grc' dir='ltr'><strong>ὑπὸ</strong></span> <span class='ocrx_word' id='word_1_383' title='bbox 3606 484 3782 538; x_wconf 81' lang='grc' dir='ltr'>κατά·</span> <span class='ocrx_word' id='word_1_384' title='bbox 3876 496 3887 517; x_wconf 72' lang='grc' dir='ltr'><strong><em>τ</em></strong></span> 
     </span>
    </p>
   </div>
   <div class='ocr_carea' id='block_1_51' title="bbox 2203 574 3780 646">
    <p class='ocr_par' dir='ltr' id='par_1_51' title="bbox 2203 574 3780 646">
     <span class='ocr_line' id='line_1_51' title="bbox 2203 574 3780 646; baseline 0.002 -20"><span class='ocrx_word' id='word_1_385' title='bbox 2203 589 2303 643; x_wconf 86' lang='grc' dir='ltr'><strong>ραν</strong></span> <span class='ocrx_word' id='word_1_386' title='bbox 2330 574 2457 626; x_wconf 73' lang='grc' dir='ltr'>εἰσί.</span> <span class='ocrx_word' id='word_1_387' title='bbox 2504 575 2819 644; x_wconf 77' lang='grc' dir='ltr'><strong>Γέγραπται</strong></span> <span class='ocrx_word' id='word_1_388' title='bbox 2849 574 2977 644; x_wconf 80' lang='grc' dir='ltr'>γὰρ,</span> <span class='ocrx_word' id='word_1_389' title='bbox 3008 574 3091 627; x_wconf 85' lang='grc' dir='ltr'><strong>δτι</strong></span> <span class='ocrx_word' id='word_1_390' title='bbox 3121 574 3556 646; x_wconf 80' lang='grc' dir='ltr'><strong>Ἐπικατάρατος</strong></span> <span class='ocrx_word' id='word_1_391' title='bbox 3577 577 3688 637; x_wconf 78' lang='grc' dir='ltr'>πᾶς</span> <span class='ocrx_word' id='word_1_392' title='bbox 3718 576 3780 639; x_wconf 79' lang='grc' dir='ltr'>ὃς</span> 
     </span>
    </p>
   </div>
   <div class='ocr_carea' id='block_1_52' title="bbox 2198 662 3778 735">
    <p class='ocr_par' dir='ltr' id='par_1_52' title="bbox 2198 662 3778 735">
     <span class='ocr_line' id='line_1_52' title="bbox 2198 662 3778 735; baseline 0.001 -20"><span class='ocrx_word' id='word_1_393' title='bbox 2198 664 2300 716; x_wconf 86' lang='grc' dir='ltr'><strong>οῦκ</strong></span> <span class='ocrx_word' id='word_1_394' title='bbox 2327 662 2558 733; x_wconf 81' lang='grc' dir='ltr'><strong>ἐμμένει</strong></span> <span class='ocrx_word' id='word_1_395' title='bbox 2590 664 2647 716; x_wconf 86' lang='grc' dir='ltr'><strong>ἐν</strong></span> <span class='ocrx_word' id='word_1_396' title='bbox 2674 665 2807 716; x_wconf 85' lang='grc' dir='ltr'>πᾶσι</span> <span class='ocrx_word' id='word_1_397' title='bbox 2828 666 2942 726; x_wconf 79' lang='grc' dir='ltr'>τοῖς</span> <span class='ocrx_word' id='word_1_398' title='bbox 2967 663 3373 734; x_wconf 67' lang='grc' dir='ltr'><strong>γεγραμμένοις</strong></span> <span class='ocrx_word' id='word_1_399' title='bbox 3397 664 3455 716; x_wconf 88' lang='grc' dir='ltr'><strong>ἐν</strong></span> <span class='ocrx_word' id='word_1_400' title='bbox 3483 664 3561 734; x_wconf 82' lang='grc' dir='ltr'>τῷ</span> <span class='ocrx_word' id='word_1_401' title='bbox 3588 662 3778 735; x_wconf 81' lang='grc' dir='ltr'>βιϐλίῳ</span> 
     </span>
    </p>
   </div>
   <div class='ocr_carea' id='block_1_53' title="bbox 2196 753 3776 825">
    <p class='ocr_par' dir='ltr' id='par_1_53' title="bbox 2196 753 3776 825">
     <span class='ocr_line' id='line_1_53' title="bbox 2196 753 3776 825; baseline 0.001 -18"><span class='ocrx_word' id='word_1_402' title='bbox 2196 753 2293 807; x_wconf 89' lang='grc' dir='ltr'><strong>τοῦ</strong></span> <span class='ocrx_word' id='word_1_403' title='bbox 2317 754 2483 824; x_wconf 86' lang='grc' dir='ltr'>νόμου</span> <span class='ocrx_word' id='word_1_404' title='bbox 2517 755 2608 808; x_wconf 89' lang='grc' dir='ltr'><strong>τοῦ</strong></span> <span class='ocrx_word' id='word_1_405' title='bbox 2643 755 2868 825; x_wconf 88' lang='grc' dir='ltr'>ποιῆσαι</span> <span class='ocrx_word' id='word_1_406' title='bbox 2896 755 3053 810; x_wconf 86' lang='grc' dir='ltr'>αὐτά.</span> <span class='ocrx_word' id='word_1_407' title='bbox 3088 755 3211 808; x_wconf 77' lang='grc' dir='ltr'><strong>Ὀτι</strong></span> <span class='ocrx_word' id='word_1_408' title='bbox 3246 755 3303 809; x_wconf 89' lang='grc' dir='ltr'><strong>δέ</strong></span> <span class='ocrx_word' id='word_1_409' title='bbox 3336 757 3395 809; x_wconf 93' lang='grc' dir='ltr'><strong>ἐν</strong></span> <span class='ocrx_word' id='word_1_410' title='bbox 3421 756 3572 825; x_wconf 80' lang='grc' dir='ltr'>νόμῳ</span> <span class='ocrx_word' id='word_1_411' title='bbox 3598 756 3776 820; x_wconf 77' lang='grc' dir='ltr'>οὐδεὶς</span> 
     </span>
    </p>
   </div>
   <div class='ocr_carea' id='block_1_54' title="bbox 2196 843 3780 918">
    <p class='ocr_par' dir='ltr' id='par_1_54' title="bbox 2196 843 3780 918">
     <span class='ocr_line' id='line_1_54' title="bbox 2196 843 3780 918; baseline -0.001 -20"><span class='ocrx_word' id='word_1_412' title='bbox 2196 845 2497 899; x_wconf 82' lang='grc' dir='ltr'>δικαιοῦται</span> <span class='ocrx_word' id='word_1_413' title='bbox 2523 846 2675 918; x_wconf 75' lang='grc' dir='ltr'>παρὰ</span> <span class='ocrx_word' id='word_1_414' title='bbox 2697 845 2854 909; x_wconf 84' lang='grc' dir='ltr'>Θεοῦ,</span> <span class='ocrx_word' id='word_1_415' title='bbox 2877 844 3034 915; x_wconf 88' lang='grc' dir='ltr'>δῆλον</span> <span class='ocrx_word' id='word_1_416' title='bbox 3054 845 3137 899; x_wconf 82' lang='grc' dir='ltr'>ὅτι</span> <span class='ocrx_word' id='word_1_417' title='bbox 3158 846 3188 897; x_wconf 83' lang='grc' dir='ltr'>ὁ</span> <span class='ocrx_word' id='word_1_418' title='bbox 3214 843 3421 907; x_wconf 82' lang='grc' dir='ltr'>δίκαιος</span> <span class='ocrx_word' id='word_1_419' title='bbox 3447 845 3513 897; x_wconf 86' lang='grc' dir='ltr'><strong>ἐκ</strong></span> <span class='ocrx_word' id='word_1_420' title='bbox 3537 845 3780 909; x_wconf 83' lang='grc' dir='ltr'>πίστεως</span> 
     </span>
    </p>
   </div>
   <div class='ocr_carea' id='block_1_55' title="bbox 2197 935 3779 1007">
    <p class='ocr_par' dir='ltr' id='par_1_55' title="bbox 2197 935 3779 1007">
     <span class='ocr_line' id='line_1_55' title="bbox 2197 935 3779 1007; baseline 0.002 -19"><span class='ocrx_word' id='word_1_421' title='bbox 2197 936 2439 1006; x_wconf 79' lang='grc' dir='ltr'><strong>ζήσεται.</strong></span> <span class='ocrx_word' id='word_1_422' title='bbox 2484 938 2540 991; x_wconf 82' lang='lat'><strong>&#39;0</strong></span> <span class='ocrx_word' id='word_1_423' title='bbox 2570 937 2628 991; x_wconf 86' lang='grc' dir='ltr'><strong>δέ</strong></span> <span class='ocrx_word' id='word_1_424' title='bbox 2660 936 2823 1007; x_wconf 85' lang='grc' dir='ltr'>νόμος</span> <span class='ocrx_word' id='word_1_425' title='bbox 2862 937 2965 990; x_wconf 76' lang='grc' dir='ltr'>οὐκ</span> <span class='ocrx_word' id='word_1_426' title='bbox 3006 935 3154 991; x_wconf 81' lang='grc' dir='ltr'>ἐστιν</span> <span class='ocrx_word' id='word_1_427' title='bbox 3195 938 3262 990; x_wconf 88' lang='grc' dir='ltr'><strong>ἐκ</strong></span> <span class='ocrx_word' id='word_1_428' title='bbox 3294 936 3552 1000; x_wconf 82' lang='grc' dir='ltr'>πίστεως,</span> <span class='ocrx_word' id='word_1_429' title='bbox 3585 936 3703 989; x_wconf 80' lang='grc' dir='ltr'>ἀλλ’</span> <span class='ocrx_word' id='word_1_430' title='bbox 3744 938 3779 991; x_wconf 76' lang='grc' dir='ltr'><strong>ὁ</strong></span> 
     </span>
    </p>
   </div>
   <div class='ocr_carea' id='block_1_56' title="bbox 2196 1022 3775 1098">
    <p class='ocr_par' dir='ltr' id='par_1_56' title="bbox 2196 1022 3775 1098">
     <span class='ocr_line' id='line_1_56' title="bbox 2196 1022 3775 1098; baseline 0.001 -19"><span class='ocrx_word' id='word_1_431' title='bbox 2196 1027 2423 1098; x_wconf 83' lang='grc' dir='ltr'>ποιήσας</span> <span class='ocrx_word' id='word_1_432' title='bbox 2450 1026 2622 1092; x_wconf 83' lang='grc' dir='ltr'>αὐτὰ,</span> <span class='ocrx_word' id='word_1_433' title='bbox 2652 1027 2879 1098; x_wconf 79' lang='grc' dir='ltr'>ζήσεται</span> <span class='ocrx_word' id='word_1_434' title='bbox 2912 1028 2970 1081; x_wconf 84' lang='grc' dir='ltr'><strong>ἐν</strong></span> <span class='ocrx_word' id='word_1_435' title='bbox 3001 1027 3204 1089; x_wconf 77' lang='grc' dir='ltr'>αὐτοῖς.</span> <span class='ocrx_word' id='word_1_436' title='bbox 3240 1045 3259 1078; x_wconf 76' lang='grc' dir='ltr'><strong>ι</strong></span> <span class='ocrx_word' id='word_1_437' title='bbox 3302 1027 3542 1096; x_wconf 77' lang='grc' dir='ltr'>Ἀραρεν</span> <span class='ocrx_word' id='word_1_438' title='bbox 3569 1022 3665 1080; x_wconf 77' lang='grc' dir='ltr'>οὖν</span> <span class='ocrx_word' id='word_1_439' title='bbox 3690 1027 3775 1081; x_wconf 79' lang='grc' dir='ltr'>ὅτι</span> 
     </span>
    </p>
   </div>
   <div class='ocr_carea' id='block_1_57' title="bbox 2192 1117 3776 1191">
    <p class='ocr_par' dir='ltr' id='par_1_57' title="bbox 2192 1117 3776 1191">
     <span class='ocr_line' id='line_1_57' title="bbox 2192 1117 3776 1191; baseline 0 -19"><span class='ocrx_word' id='word_1_440' title='bbox 2192 1120 2260 1172; x_wconf 78' lang='grc' dir='ltr'>τὰ</span> <span class='ocrx_word' id='word_1_441' title='bbox 2288 1119 2672 1190; x_wconf 76' lang='grc' dir='ltr'><strong>ἐπηγγελμένα</strong></span> <span class='ocrx_word' id='word_1_442' title='bbox 2706 1118 3097 1191; x_wconf 68' lang='grc' dir='ltr'>διεπεραίνετω</span> <span class='ocrx_word' id='word_1_443' title='bbox 3151 1118 3246 1172; x_wconf 65' lang='grc' dir='ltr'><strong>καὶ⁸</strong></span> <span class='ocrx_word' id='word_1_444' title='bbox 3286 1118 3407 1188; x_wconf 79' lang='grc' dir='ltr'>οὐχὶ</span> <span class='ocrx_word' id='word_1_445' title='bbox 3448 1117 3515 1188; x_wconf 81' lang='grc' dir='ltr'>δὴ</span> <span class='ocrx_word' id='word_1_446' title='bbox 3555 1117 3776 1181; x_wconf 72' lang='grc' dir='ltr'>πάντως</span> 
     </span>
    </p>
   </div>
   <div class='ocr_carea' id='block_1_58' title="bbox 2192 1207 3776 1281">
    <p class='ocr_par' dir='ltr' id='par_1_58' title="bbox 2192 1207 3776 1281">
     <span class='ocr_line' id='line_1_58' title="bbox 2192 1207 3776 1281; baseline -0.001 -18"><span class='ocrx_word' id='word_1_447' title='bbox 2192 1209 2280 1263; x_wconf 83' lang='grc' dir='ltr'><strong>διὰ</strong></span> <span class='ocrx_word' id='word_1_448' title='bbox 2309 1210 2415 1263; x_wconf 91' lang='grc' dir='ltr'><strong>τῶν</strong></span> <span class='ocrx_word' id='word_1_449' title='bbox 2464 1212 2523 1264; x_wconf 92' lang='grc' dir='ltr'><strong>ἐν</strong></span> <span class='ocrx_word' id='word_1_450' title='bbox 2568 1210 2717 1281; x_wconf 84' lang='grc' dir='ltr'>νόμῳ</span> <span class='ocrx_word' id='word_1_451' title='bbox 2770 1208 3320 1279; x_wconf 85' lang='grc' dir='ltr'>παιδαγωγουμένων,</span> <span class='ocrx_word' id='word_1_452' title='bbox 3366 1207 3504 1265; x_wconf 77' lang='grc' dir='ltr'>ἀλλὰ</span> <span class='ocrx_word' id='word_1_453' title='bbox 3551 1208 3665 1262; x_wconf 90' lang='grc' dir='ltr'><strong>τῶν</strong></span> <span class='ocrx_word' id='word_1_454' title='bbox 3716 1210 3776 1262; x_wconf 88' lang='grc' dir='ltr'><strong>ἐν</strong></span> 
     </span>
    </p>
   </div>
   <div class='ocr_carea' id='block_1_59' title="bbox 2192 1299 3774 1373">
    <p class='ocr_par' dir='ltr' id='par_1_59' title="bbox 2192 1299 3774 1373">
     <span class='ocr_line' id='line_1_59' title="bbox 2192 1299 3774 1373; baseline 0.003 -20"><span class='ocrx_word' id='word_1_455' title='bbox 2192 1299 2373 1353; x_wconf 83' lang='grc' dir='ltr'>πίστει</span> <span class='ocrx_word' id='word_1_456' title='bbox 2411 1299 2861 1371; x_wconf 82' lang='grc' dir='ltr'>δεδικαιωμένων.</span> <span class='ocrx_word' id='word_1_457' title='bbox 2908 1302 3207 1373; x_wconf 85' lang='grc' dir='ltr'>Παρεισέδυ</span> <span class='ocrx_word' id='word_1_458' title='bbox 3234 1303 3291 1356; x_wconf 88' lang='grc' dir='ltr'><strong>δέ</strong></span> <span class='ocrx_word' id='word_1_459' title='bbox 3326 1302 3687 1373; x_wconf 75' lang='grc' dir='ltr'>οἰκονομικῶς</span> <span class='ocrx_word' id='word_1_460' title='bbox 3740 1305 3774 1373; x_wconf 81' lang='grc' dir='ltr'><strong>ή</strong></span> 
     </span>
    </p>
   </div>
   <div class='ocr_carea' id='block_1_60' title="bbox 2190 1389 3773 1463">
    <p class='ocr_par' dir='ltr' id='par_1_60' title="bbox 2190 1389 3773 1463">
     <span class='ocr_line' id='line_1_60' title="bbox 2190 1389 3773 1463; baseline 0.003 -21"><span class='ocrx_word' id='word_1_461' title='bbox 2190 1389 2277 1443; x_wconf 81' lang='grc' dir='ltr'>διὰ</span> <span class='ocrx_word' id='word_1_462' title='bbox 2301 1389 2541 1454; x_wconf 82' lang='grc' dir='ltr'><strong>Μωσέως</strong></span> <span class='ocrx_word' id='word_1_463' title='bbox 2567 1391 2775 1461; x_wconf 81' lang='grc' dir='ltr'>ἐντολὴ,</span> <span class='ocrx_word' id='word_1_464' title='bbox 2802 1390 2901 1446; x_wconf 80' lang='grc' dir='ltr'><strong>οὐκ</strong></span> <span class='ocrx_word' id='word_1_465' title='bbox 2926 1392 3276 1463; x_wconf 76' lang='grc' dir='ltr'>ὴμελημένης</span> <span class='ocrx_word' id='word_1_466' title='bbox 3301 1394 3400 1463; x_wconf 89' lang='grc' dir='ltr'><strong>τῆς</strong></span> <span class='ocrx_word' id='word_1_467' title='bbox 3415 1394 3773 1462; x_wconf 83' lang='grc' dir='ltr'>ἐπαγγελίας,</span> 
     </span>
    </p>
   </div>
   <div class='ocr_carea' id='block_1_61' title="bbox 2189 1481 3774 1556">
    <p class='ocr_par' dir='ltr' id='par_1_61' title="bbox 2189 1481 3774 1556">
     <span class='ocr_line' id='line_1_61' title="bbox 2189 1481 3774 1556; baseline 0.001 -21"><span class='ocrx_word' id='word_1_468' title='bbox 2189 1482 2303 1536; x_wconf 85' lang='grc' dir='ltr'>ἀλλ’</span> <span class='ocrx_word' id='word_1_469' title='bbox 2334 1481 2421 1535; x_wconf 77' lang='grc' dir='ltr'>ἵνα</span> <span class='ocrx_word' id='word_1_470' title='bbox 2447 1482 2763 1554; x_wconf 76' lang='grc' dir='ltr'>παιδαγωγῇ</span> <span class='ocrx_word' id='word_1_471' title='bbox 2797 1482 2890 1536; x_wconf 74' lang='grc' dir='ltr'>καὶ</span> <span class='ocrx_word' id='word_1_472' title='bbox 2918 1482 3227 1556; x_wconf 79' lang='grc' dir='ltr'>άνακομίζῃ</span> <span class='ocrx_word' id='word_1_473' title='bbox 3250 1484 3391 1538; x_wconf 84' lang='grc' dir='ltr'>κατὰ</span> <span class='ocrx_word' id='word_1_474' title='bbox 3422 1483 3598 1554; x_wconf 81' lang='grc' dir='ltr'>βραχὺ</span> <span class='ocrx_word' id='word_1_475' title='bbox 3632 1484 3774 1555; x_wconf 82' lang='grc' dir='ltr'>πρὸς</span> 
     </span>
    </p>
   </div>
   <div class='ocr_carea' id='block_1_62' title="bbox 2187 1570 3775 1643">
    <p class='ocr_par' dir='ltr' id='par_1_62' title="bbox 2187 1570 3775 1643">
     <span class='ocr_line' id='line_1_62' title="bbox 2187 1570 3775 1643; baseline -0.001 -20"><span class='ocrx_word' id='word_1_476' title='bbox 2187 1571 2286 1643; x_wconf 86' lang='grc' dir='ltr'>τὴν</span> <span class='ocrx_word' id='word_1_477' title='bbox 2324 1571 2411 1625; x_wconf 82' lang='grc' dir='ltr'>διὰ</span> <span class='ocrx_word' id='word_1_478' title='bbox 2460 1571 2695 1636; x_wconf 88' lang='grc' dir='ltr'>πίστεως</span> <span class='ocrx_word' id='word_1_479' title='bbox 2720 1572 2910 1641; x_wconf 79' lang='grc' dir='ltr'>κλῆσιν</span> <span class='ocrx_word' id='word_1_480' title='bbox 2944 1585 2958 1600; x_wconf 89' lang='grc'><strong>·</strong></span> <span class='ocrx_word' id='word_1_481' title='bbox 2990 1573 3084 1633; x_wconf 74' lang='grc' dir='ltr'>καὶ</span> <span class='ocrx_word' id='word_1_482' title='bbox 3113 1572 3222 1624; x_wconf 91' lang='grc' dir='ltr'><strong>τῶν</strong></span> <span class='ocrx_word' id='word_1_483' title='bbox 3267 1571 3368 1642; x_wconf 77' lang='grc' dir='ltr'><strong>ήδη</strong></span> <span class='ocrx_word' id='word_1_484' title='bbox 3409 1570 3775 1643; x_wconf 77' lang='grc' dir='ltr'>προεισϐεϐη·</span> 
     </span>
    </p>
   </div>
   <div class='ocr_carea' id='block_1_63' title="bbox 2188 1661 3773 1734">
    <p class='ocr_par' dir='ltr' id='par_1_63' title="bbox 2188 1661 3773 1734">
     <span class='ocr_line' id='line_1_63' title="bbox 2188 1661 3773 1734; baseline -0.003 -18"><span class='ocrx_word' id='word_1_485' title='bbox 2188 1663 2361 1716; x_wconf 84' lang='grc' dir='ltr'>κότων</span> <span class='ocrx_word' id='word_1_486' title='bbox 2377 1662 2671 1732; x_wconf 77' lang='grc' dir='ltr'>ἐλέγχουσα</span> <span class='ocrx_word' id='word_1_487' title='bbox 2693 1663 2789 1734; x_wconf 83' lang='grc' dir='ltr'>τὴν</span> <span class='ocrx_word' id='word_1_488' title='bbox 2810 1663 3115 1727; x_wconf 81' lang='grc' dir='ltr'>ἀσθένειαν,</span> <span class='ocrx_word' id='word_1_489' title='bbox 3141 1661 3575 1733; x_wconf 84' lang='grc' dir='ltr'>χρειωδεστάτην</span> <span class='ocrx_word' id='word_1_490' title='bbox 3593 1662 3773 1715; x_wconf 73' lang='grc' dir='ltr'>ἅπασι</span> 
     </span>
    </p>
   </div>
   <div class='ocr_carea' id='block_1_64' title="bbox 2119 1729 3773 1826">
    <p class='ocr_par' dir='ltr' id='par_1_64' title="bbox 2119 1729 3773 1826">
     <span class='ocr_line' id='line_1_64' title="bbox 2119 1729 3773 1826; baseline 0 -19"><span class='ocrx_word' id='word_1_491' title='bbox 2119 1729 2159 1785; x_wconf 71' lang='grc' dir='ltr'><strong><em>Β</em></strong></span> <span class='ocrx_word' id='word_1_492' title='bbox 2189 1754 2283 1807; x_wconf 75' lang='grc' dir='ltr'>καὶ</span> <span class='ocrx_word' id='word_1_493' title='bbox 2330 1729 2634 1823; x_wconf 76' lang='grc' dir='ltr'>ἀναγκαίαν</span> <span class='ocrx_word' id='word_1_494' title='bbox 2685 1729 2785 1826; x_wconf 75' lang='grc' dir='ltr'><strong>ῆδη</strong></span> <span class='ocrx_word' id='word_1_495' title='bbox 2849 1771 2966 1818; x_wconf 92' lang='grc' dir='ltr'><strong>πως</strong></span> <span class='ocrx_word' id='word_1_496' title='bbox 3014 1729 3269 1825; x_wconf 78' lang='grc' dir='ltr'>ἀποδείξῃ</span> <span class='ocrx_word' id='word_1_497' title='bbox 3302 1752 3488 1807; x_wconf 83' lang='grc' dir='ltr'>λοιπὸν</span> <span class='ocrx_word' id='word_1_498' title='bbox 3531 1729 3633 1823; x_wconf 77' lang='grc' dir='ltr'>τὴν</span> <span class='ocrx_word' id='word_1_499' title='bbox 3679 1752 3773 1807; x_wconf 78' lang='grc' dir='ltr'><strong>διά</strong></span> 
     </span>
    </p>
   </div>
   <div class='ocr_carea' id='block_1_65' title="bbox 2188 1842 3769 1917">
    <p class='ocr_par' dir='ltr' id='par_1_65' title="bbox 2188 1842 3769 1917">
     <span class='ocr_line' id='line_1_65' title="bbox 2188 1842 3769 1917; baseline -0.001 -18"><span class='ocrx_word' id='word_1_500' title='bbox 2188 1846 2426 1910; x_wconf 86' lang='grc' dir='ltr'>πίστεως</span> <span class='ocrx_word' id='word_1_501' title='bbox 2468 1846 2627 1917; x_wconf 83' lang='grc' dir='ltr'>χάριν</span> <span class='ocrx_word' id='word_1_502' title='bbox 2666 1846 2763 1899; x_wconf 76' lang='grc' dir='ltr'>καὶ</span> <span class='ocrx_word' id='word_1_503' title='bbox 2798 1845 2895 1916; x_wconf 78' lang='grc' dir='ltr'>τὴν</span> <span class='ocrx_word' id='word_1_504' title='bbox 2934 1847 2992 1899; x_wconf 85' lang='grc' dir='ltr'><strong>ἐν</strong></span> <span class='ocrx_word' id='word_1_505' title='bbox 3017 1844 3241 1915; x_wconf 81' lang='grc' dir='ltr'>Χριστῷ</span> <span class='ocrx_word' id='word_1_506' title='bbox 3270 1843 3585 1898; x_wconf 71' lang='grc' dir='ltr'>δικαίωσινσ</span> <span class='ocrx_word' id='word_1_507' title='bbox 3616 1842 3769 1915; x_wconf 66' lang='grc' dir='ltr'>Ἐερη</span> 
     </span>
    </p>
   </div>
   <div class='ocr_carea' id='block_1_66' title="bbox 2185 1930 3772 2001">
    <p class='ocr_par' dir='ltr' id='par_1_66' title="bbox 2185 1930 3772 2001">
     <span class='ocr_line' id='line_1_66' title="bbox 2185 1930 3772 2001; baseline -0.002 -14"><span class='ocrx_word' id='word_1_508' title='bbox 2185 1932 2241 1987; x_wconf 82' lang='grc' dir='ltr'>δὲ</span> <span class='ocrx_word' id='word_1_509' title='bbox 2275 1933 2415 1987; x_wconf 73' lang='grc' dir='ltr'>οὕτω</span> <span class='ocrx_word' id='word_1_510' title='bbox 2439 1933 2602 1987; x_wconf 86' lang='grc' dir='ltr'>πάλιν</span> <span class='ocrx_word' id='word_1_511' title='bbox 2628 1936 2656 1988; x_wconf 85' lang='grc' dir='ltr'>ὁ</span> <span class='ocrx_word' id='word_1_512' title='bbox 2689 1932 2973 1996; x_wconf 84' lang='grc' dir='ltr'>θεσπέσιος</span> <span class='ocrx_word' id='word_1_513' title='bbox 3003 1932 3231 1995; x_wconf 82' lang='grc' dir='ltr'>Παῦλος·</span> <span class='ocrx_word' id='word_1_514' title='bbox 3263 1950 3282 1983; x_wconf 80' lang='grc' dir='ltr'><strong>ι</strong></span> <span class='ocrx_word' id='word_1_515' title='bbox 3336 1930 3598 2001; x_wconf 61' lang='grc' dir='ltr'>Ἀδελφοί,</span> <span class='ocrx_word' id='word_1_516' title='bbox 3623 1930 3772 1984; x_wconf 74' lang='grc' dir='ltr'>κατὰ</span> 
     </span>
    </p>
   </div>
   <div class='ocr_carea' id='block_1_67' title="bbox 2184 2018 3769 2092">
    <p class='ocr_par' dir='ltr' id='par_1_67' title="bbox 2184 2018 3769 2092">
     <span class='ocr_line' id='line_1_67' title="bbox 2184 2018 3769 2092; baseline -0.003 -17"><span class='ocrx_word' id='word_1_517' title='bbox 2184 2019 2467 2092; x_wconf 80' lang='grc' dir='ltr'>ἄνθρωπον</span> <span class='ocrx_word' id='word_1_518' title='bbox 2504 2019 2647 2089; x_wconf 87' lang='grc' dir='ltr'>λέγω</span> <span class='ocrx_word' id='word_1_519' title='bbox 2668 2059 2682 2083; x_wconf 90' lang='grc'><strong>,</strong></span> <span class='ocrx_word' id='word_1_520' title='bbox 2712 2020 2861 2091; x_wconf 85' lang='grc' dir='ltr'>ὅμως</span> <span class='ocrx_word' id='word_1_521' title='bbox 2892 2018 3179 2091; x_wconf 82' lang='grc' dir='ltr'>ἀνθρώπου</span> <span class='ocrx_word' id='word_1_522' title='bbox 3208 2020 3476 2090; x_wconf 76' lang='grc' dir='ltr'>διαθήκην</span> <span class='ocrx_word' id='word_1_523' title='bbox 3510 2036 3769 2091; x_wconf 82' lang='grc' dir='ltr'>κεκυρω-</span> 
     </span>
    </p>
   </div>
   <div class='ocr_carea' id='block_1_68' title="bbox 2186 2109 3772 2183">
    <p class='ocr_par' dir='ltr' id='par_1_68' title="bbox 2186 2109 3772 2183">
     <span class='ocr_line' id='line_1_68' title="bbox 2186 2109 3772 2183; baseline -0.001 -18"><span class='ocrx_word' id='word_1_524' title='bbox 2186 2112 2353 2183; x_wconf 81' lang='grc' dir='ltr'>μένην</span> <span class='ocrx_word' id='word_1_525' title='bbox 2372 2110 2545 2175; x_wconf 76' lang='grc' dir='ltr'>οὐδεὶς</span> <span class='ocrx_word' id='word_1_526' title='bbox 2564 2111 2765 2177; x_wconf 81' lang='grc' dir='ltr'>ἀθετεῖ,</span> <span class='ocrx_word' id='word_1_527' title='bbox 2785 2111 2818 2182; x_wconf 81' lang='grc' dir='ltr'>ἢ</span> <span class='ocrx_word' id='word_1_528' title='bbox 2843 2110 3302 2164; x_wconf 82' lang='grc' dir='ltr'>ἐπιδιατάσσεται.</span> <span class='ocrx_word' id='word_1_529' title='bbox 3328 2109 3418 2180; x_wconf 83' lang='grc' dir='ltr'><strong>Τῷ</strong></span> <span class='ocrx_word' id='word_1_530' title='bbox 3435 2111 3491 2163; x_wconf 80' lang='grc' dir='ltr'>δὲ</span> <span class='ocrx_word' id='word_1_531' title='bbox 3511 2109 3772 2182; x_wconf 80' lang='grc' dir='ltr'>’Δϐραὰμ</span> 
     </span>
    </p>
   </div>
   <div class='ocr_carea' id='block_1_69' title="bbox 2182 2201 3767 2275">
    <p class='ocr_par' dir='ltr' id='par_1_69' title="bbox 2182 2201 3767 2275">
     <span class='ocr_line' id='line_1_69' title="bbox 2182 2201 3767 2275; baseline -0.001 -18"><span class='ocrx_word' id='word_1_532' title='bbox 2182 2203 2487 2275; x_wconf 77' lang='grc' dir='ltr'>ἐρῤέθησαν</span> <span class='ocrx_word' id='word_1_533' title='bbox 2537 2204 2593 2258; x_wconf 76' lang='grc' dir='ltr'>αἱ</span> <span class='ocrx_word' id='word_1_534' title='bbox 2644 2203 2967 2273; x_wconf 76' lang='grc' dir='ltr'>ἐπαγγελίαι</span> <span class='ocrx_word' id='word_1_535' title='bbox 3008 2204 3108 2256; x_wconf 74' lang='grc' dir='ltr'>καὶ</span> <span class='ocrx_word' id='word_1_536' title='bbox 3141 2201 3219 2273; x_wconf 79' lang='grc' dir='ltr'><strong>τῷ</strong></span> <span class='ocrx_word' id='word_1_537' title='bbox 3266 2202 3541 2273; x_wconf 84' lang='grc' dir='ltr'>σπέρματι</span> <span class='ocrx_word' id='word_1_538' title='bbox 3571 2202 3767 2256; x_wconf 76' lang='grc' dir='ltr'>αὑτοῦ.</span> 
     </span>
    </p>
   </div>
   <div class='ocr_carea' id='block_1_70' title="bbox 2182 2294 3769 2367">
    <p class='ocr_par' dir='ltr' id='par_1_70' title="bbox 2182 2294 3769 2367">
     <span class='ocr_line' id='line_1_70' title="bbox 2182 2294 3769 2367; baseline -0.002 -16"><span class='ocrx_word' id='word_1_539' title='bbox 2182 2297 2257 2351; x_wconf 83' lang='grc' dir='ltr'><strong>Οὐ</strong></span> <span class='ocrx_word' id='word_1_540' title='bbox 2281 2295 2450 2364; x_wconf 81' lang='grc' dir='ltr'>λέγει,</span> <span class='ocrx_word' id='word_1_541' title='bbox 2471 2297 2581 2351; x_wconf 72' lang='grc' dir='ltr'><strong>Καὶ</strong></span> <span class='ocrx_word' id='word_1_542' title='bbox 2599 2299 2711 2360; x_wconf 87' lang='grc' dir='ltr'>τοῖς</span> <span class='ocrx_word' id='word_1_543' title='bbox 2736 2297 3067 2367; x_wconf 80' lang='grc' dir='ltr'>σπέρμασιν,</span> <span class='ocrx_word' id='word_1_544' title='bbox 3088 2295 3162 2359; x_wconf 80' lang='grc' dir='ltr'>ὡς</span> <span class='ocrx_word' id='word_1_545' title='bbox 3185 2295 3278 2348; x_wconf 70' lang='grc' dir='ltr'>ἐπὶ</span> <span class='ocrx_word' id='word_1_546' title='bbox 3296 2295 3526 2360; x_wconf 81' lang='grc' dir='ltr'>πολλῶν,</span> <span class='ocrx_word' id='word_1_547' title='bbox 3550 2295 3665 2350; x_wconf 80' lang='grc' dir='ltr'>ἀλλ’</span> <span class='ocrx_word' id='word_1_548' title='bbox 3686 2294 3769 2359; x_wconf 82' lang='grc' dir='ltr'><strong>ὡς</strong></span> 
     </span>
    </p>
   </div>
   <div class='ocr_carea' id='block_1_71' title="bbox 2180 2385 3765 2458">
    <p class='ocr_par' dir='ltr' id='par_1_71' title="bbox 2180 2385 3765 2458">
     <span class='ocr_line' id='line_1_71' title="bbox 2180 2385 3765 2458; baseline 0.002 -18"><span class='ocrx_word' id='word_1_549' title='bbox 2180 2386 2266 2455; x_wconf 79' lang='grc' dir='ltr'>ἐφ’</span> <span class='ocrx_word' id='word_1_550' title='bbox 2316 2386 2452 2450; x_wconf 81' lang='grc' dir='ltr'>ἐνὸς.</span> <span class='ocrx_word' id='word_1_551' title='bbox 2490 2387 2598 2440; x_wconf 74' lang='grc' dir='ltr'><strong>Καὶ</strong></span> <span class='ocrx_word' id='word_1_552' title='bbox 2648 2385 2725 2455; x_wconf 84' lang='grc' dir='ltr'>τῷ</span> <span class='ocrx_word' id='word_1_553' title='bbox 2766 2386 3042 2458; x_wconf 86' lang='grc' dir='ltr'>σπέρματί</span> <span class='ocrx_word' id='word_1_554' title='bbox 3088 2403 3204 2450; x_wconf 90' lang='grc' dir='ltr'>σου,</span> <span class='ocrx_word' id='word_1_555' title='bbox 3252 2385 3314 2449; x_wconf 80' lang='grc' dir='ltr'>ὃς</span> <span class='ocrx_word' id='word_1_556' title='bbox 3353 2386 3470 2439; x_wconf 86' lang='grc' dir='ltr'>ἐστι</span> <span class='ocrx_word' id='word_1_557' title='bbox 3501 2386 3765 2457; x_wconf 72' lang='grc' dir='ltr'>Χριστός.</span> 
     </span>
    </p>
   </div>
   <div class='ocr_carea' id='block_1_72' title="bbox 2183 2474 3768 2547">
    <p class='ocr_par' dir='ltr' id='par_1_72' title="bbox 2183 2474 3768 2547">
     <span class='ocr_line' id='line_1_72' title="bbox 2183 2474 3768 2547; baseline -0.002 -16"><span class='ocrx_word' id='word_1_558' title='bbox 2183 2477 2354 2531; x_wconf 79' lang='grc' dir='ltr'>Τοῦτο</span> <span class='ocrx_word' id='word_1_559' title='bbox 2381 2478 2438 2531; x_wconf 89' lang='grc' dir='ltr'><strong>δέ</strong></span> <span class='ocrx_word' id='word_1_560' title='bbox 2473 2477 2619 2545; x_wconf 82' lang='grc' dir='ltr'>λέγω</span> <span class='ocrx_word' id='word_1_561' title='bbox 2646 2476 2911 2547; x_wconf 88' lang='grc' dir='ltr'>διαθήκην</span> <span class='ocrx_word' id='word_1_562' title='bbox 2948 2475 3341 2547; x_wconf 82' lang='grc' dir='ltr'>κεκυρωμένην</span> <span class='ocrx_word' id='word_1_563' title='bbox 3370 2474 3472 2529; x_wconf 79' lang='grc' dir='ltr'><strong>ὑπὸ</strong></span> <span class='ocrx_word' id='word_1_564' title='bbox 3501 2474 3656 2531; x_wconf 85' lang='grc' dir='ltr'>Θεοῦ.</span> <span class='ocrx_word' id='word_1_565' title='bbox 3704 2477 3768 2528; x_wconf 89' lang='grc'><strong>’0</strong></span> 
     </span>
    </p>
   </div>
   <div class='ocr_carea' id='block_1_73' title="bbox 2186 2564 3762 2637">
    <p class='ocr_par' dir='ltr' id='par_1_73' title="bbox 2186 2564 3762 2637">
     <span class='ocr_line' id='line_1_73' title="bbox 2186 2564 3762 2637; baseline -0.001 -18"><span class='ocrx_word' id='word_1_566' title='bbox 2186 2565 2325 2636; x_wconf 80' lang='grc' dir='ltr'>μετὰ</span> <span class='ocrx_word' id='word_1_567' title='bbox 2356 2566 2679 2637; x_wconf 86' lang='grc' dir='ltr'>τετρακόσια</span> <span class='ocrx_word' id='word_1_568' title='bbox 2709 2565 2803 2619; x_wconf 75' lang='grc' dir='ltr'>καὶ</span> <span class='ocrx_word' id='word_1_569' title='bbox 2847 2565 3140 2636; x_wconf 87' lang='grc' dir='ltr'>τριάκοντα</span> <span class='ocrx_word' id='word_1_570' title='bbox 3170 2564 3263 2637; x_wconf 76' lang='grc' dir='ltr'><strong>ἐτη</strong></span> <span class='ocrx_word' id='word_1_571' title='bbox 3292 2564 3533 2634; x_wconf 82' lang='grc' dir='ltr'>γεγονὼς</span> <span class='ocrx_word' id='word_1_572' title='bbox 3561 2564 3727 2636; x_wconf 81' lang='grc' dir='ltr'>νόμος</span> <span class='ocrx_word' id='word_1_573' title='bbox 3747 2606 3762 2626; x_wconf 87' lang='grc'><strong>.</strong></span> 
     </span>
    </p>
   </div>
   <div class='ocr_carea' id='block_1_74' title="bbox 2179 2655 3766 2728">
    <p class='ocr_par' dir='ltr' id='par_1_74' title="bbox 2179 2655 3766 2728">
     <span class='ocr_line' id='line_1_74' title="bbox 2179 2655 3766 2728; baseline -0.001 -17"><span class='ocrx_word' id='word_1_574' title='bbox 2179 2659 2280 2711; x_wconf 82' lang='grc' dir='ltr'>οὐκ</span> <span class='ocrx_word' id='word_1_575' title='bbox 2315 2658 2511 2728; x_wconf 85' lang='grc' dir='ltr'>ἀκυροῖ</span> <span class='ocrx_word' id='word_1_576' title='bbox 2560 2658 2639 2721; x_wconf 86' lang='grc' dir='ltr'><strong>είς</strong></span> <span class='ocrx_word' id='word_1_577' title='bbox 2682 2657 2743 2710; x_wconf 79' lang='grc' dir='ltr'>τὸ</span> <span class='ocrx_word' id='word_1_578' title='bbox 2782 2656 3132 2728; x_wconf 85' lang='grc' dir='ltr'>καταργῆσαι</span> <span class='ocrx_word' id='word_1_579' title='bbox 3162 2656 3263 2728; x_wconf 82' lang='grc' dir='ltr'>τὴν</span> <span class='ocrx_word' id='word_1_580' title='bbox 3293 2655 3647 2725; x_wconf 80' lang='grc' dir='ltr'>ἐπαγγελίαν.</span> <span class='ocrx_word' id='word_1_581' title='bbox 3698 2656 3766 2710; x_wconf 77' lang='lat' dir='ltr'><strong>El</strong></span> 
     </span>
    </p>
   </div>
   <div class='ocr_carea' id='block_1_75' title="bbox 2178 2746 3762 2821">
    <p class='ocr_par' dir='ltr' id='par_1_75' title="bbox 2178 2746 3762 2821">
     <span class='ocr_line' id='line_1_75' title="bbox 2178 2746 3762 2821; baseline 0 -18"><span class='ocrx_word' id='word_1_582' title='bbox 2178 2750 2288 2821; x_wconf 77' lang='grc' dir='ltr'><strong>γάρ</strong></span> <span class='ocrx_word' id='word_1_583' title='bbox 2319 2751 2382 2803; x_wconf 89' lang='grc' dir='ltr'><strong>ἐκ</strong></span> <span class='ocrx_word' id='word_1_584' title='bbox 2407 2751 2575 2820; x_wconf 85' lang='grc' dir='ltr'>νόμου</span> <span class='ocrx_word' id='word_1_585' title='bbox 2604 2752 2636 2820; x_wconf 87' lang='grc' dir='ltr'><strong>ή</strong></span> <span class='ocrx_word' id='word_1_586' title='bbox 2685 2746 3042 2819; x_wconf 80' lang='grc' dir='ltr'>κληρονομία,</span> <span class='ocrx_word' id='word_1_587' title='bbox 3087 2747 3271 2803; x_wconf 80' lang='grc' dir='ltr'>οὐκέτι</span> <span class='ocrx_word' id='word_1_588' title='bbox 3302 2749 3360 2815; x_wconf 80' lang='grc' dir='ltr'>ἐξ</span> <span class='ocrx_word' id='word_1_589' title='bbox 3391 2748 3762 2818; x_wconf 81' lang='grc' dir='ltr'>ἐπαγγελίας,</span> 
     </span>
    </p>
   </div>
   <div class='ocr_carea' id='block_1_76' title="bbox 2176 2839 3760 2912">
    <p class='ocr_par' dir='ltr' id='par_1_76' title="bbox 2176 2839 3760 2912">
     <span class='ocr_line' id='line_1_76' title="bbox 2176 2839 3760 2912; baseline -0.003 -15"><span class='ocrx_word' id='word_1_590' title='bbox 2176 2843 2254 2912; x_wconf 85' lang='grc' dir='ltr'>τῷ</span> <span class='ocrx_word' id='word_1_591' title='bbox 2287 2843 2345 2897; x_wconf 85' lang='grc' dir='ltr'><strong>δέ</strong></span> <span class='ocrx_word' id='word_1_592' title='bbox 2387 2841 2639 2912; x_wconf 81' lang='grc' dir='ltr'>Ἀϐραάμ</span> <span class='ocrx_word' id='word_1_593' title='bbox 2667 2841 2734 2894; x_wconf 81' lang='grc' dir='ltr'>δι’</span> <span class='ocrx_word' id='word_1_594' title='bbox 2769 2840 3100 2909; x_wconf 83' lang='grc' dir='ltr'>ἐπαγγελίας</span> <span class='ocrx_word' id='word_1_595' title='bbox 3127 2839 3449 2911; x_wconf 85' lang='grc' dir='ltr'>κεχάρισται</span> <span class='ocrx_word' id='word_1_596' title='bbox 3478 2843 3507 2894; x_wconf 86' lang='grc' dir='ltr'>ὁ</span> <span class='ocrx_word' id='word_1_597' title='bbox 3546 2840 3700 2903; x_wconf 86' lang='grc' dir='ltr'>Θεός.</span> <span class='ocrx_word' id='word_1_598' title='bbox 3737 2859 3760 2893; x_wconf 73' lang='grc' dir='ltr'>ι</span> 
     </span>
    </p>
   </div>
   <div class='ocr_carea' id='block_1_77' title="bbox 2177 2930 3759 3006">
    <p class='ocr_par' dir='ltr' id='par_1_77' title="bbox 2177 2930 3759 3006">
     <span class='ocr_line' id='line_1_77' title="bbox 2177 2930 3759 3006; baseline -0.001 -18"><span class='ocrx_word' id='word_1_599' title='bbox 2177 2936 2528 3006; x_wconf 87' lang='grc' dir='ltr'>Προσεπάγει</span> <span class='ocrx_word' id='word_1_600' title='bbox 2552 2933 2609 2987; x_wconf 82' lang='grc' dir='ltr'><strong>δέ</strong></span> <span class='ocrx_word' id='word_1_601' title='bbox 2638 2932 2849 2995; x_wconf 82' lang='grc' dir='ltr'>τούτοις</span> <span class='ocrx_word' id='word_1_602' title='bbox 2879 2932 2975 2986; x_wconf 78' lang='grc' dir='ltr'>καὶ</span> <span class='ocrx_word' id='word_1_603' title='bbox 3004 2933 3103 3003; x_wconf 80' lang='grc' dir='ltr'>τὴν</span> <span class='ocrx_word' id='word_1_604' title='bbox 3131 2932 3309 2987; x_wconf 76' lang='grc' dir='ltr'>αἰτίαν</span> <span class='ocrx_word' id='word_1_605' title='bbox 3340 2930 3503 2997; x_wconf 80' lang='grc' dir='ltr'>εὐθὺς</span> <span class='ocrx_word' id='word_1_606' title='bbox 3533 2932 3632 3002; x_wconf 87' lang='grc' dir='ltr'><strong>τῆς</strong></span> <span class='ocrx_word' id='word_1_607' title='bbox 3658 2931 3759 2987; x_wconf 86' lang='grc' dir='ltr'><strong>τοῦ</strong></span> 
     </span>
    </p>
   </div>
   <div class='ocr_carea' id='block_1_78' title="bbox 2175 3022 3762 3096">
    <p class='ocr_par' dir='ltr' id='par_1_78' title="bbox 2175 3022 3762 3096">
     <span class='ocr_line' id='line_1_78' title="bbox 2175 3022 3762 3096; baseline 0 -17"><span class='ocrx_word' id='word_1_608' title='bbox 2175 3025 2340 3095; x_wconf 87' lang='grc' dir='ltr'>νόμου</span> <span class='ocrx_word' id='word_1_609' title='bbox 2372 3023 2752 3096; x_wconf 85' lang='grc' dir='ltr'>προεισϐολῆς,</span> <span class='ocrx_word' id='word_1_610' title='bbox 2784 3024 2926 3078; x_wconf 86' lang='grc' dir='ltr'>οῦτω</span> <span class='ocrx_word' id='word_1_611' title='bbox 2954 3024 3127 3091; x_wconf 85' lang='grc' dir='ltr'>λέγων</span> <span class='ocrx_word' id='word_1_612' title='bbox 3156 3043 3171 3059; x_wconf 78' lang='grc' dir='ltr'><strong>ο</strong></span> <span class='ocrx_word' id='word_1_613' title='bbox 3201 3044 3220 3078; x_wconf 78' lang='grc' dir='ltr'><strong>ι</strong></span> <span class='ocrx_word' id='word_1_614' title='bbox 3266 3025 3333 3079; x_wconf 87' lang='grc' dir='ltr'>Τί</span> <span class='ocrx_word' id='word_1_615' title='bbox 3365 3022 3459 3079; x_wconf 83' lang='grc' dir='ltr'><strong>οῦν</strong></span> <span class='ocrx_word' id='word_1_616' title='bbox 3488 3028 3516 3080; x_wconf 86' lang='grc' dir='ltr'>ὁ</span> <span class='ocrx_word' id='word_1_617' title='bbox 3549 3026 3716 3096; x_wconf 84' lang='grc' dir='ltr'>νόμος</span> <span class='ocrx_word' id='word_1_618' title='bbox 3744 3069 3762 3092; x_wconf 87' lang='grc'><strong>,</strong></span> 
     </span>
    </p>
   </div>
   <div class='ocr_carea' id='block_1_79' title="bbox 2176 3109 3766 3189">
    <p class='ocr_par' dir='ltr' id='par_1_79' title="bbox 2176 3109 3766 3189">
     <span class='ocr_line' id='line_1_79' title="bbox 2176 3109 3766 3189; baseline 0.002 -21"><span class='ocrx_word' id='word_1_619' title='bbox 2176 3116 2285 3169; x_wconf 86' lang='grc' dir='ltr'><strong>τῶν</strong></span> <span class='ocrx_word' id='word_1_620' title='bbox 2315 3115 2681 3182; x_wconf 84' lang='grc' dir='ltr'>παραϐάσεων</span> <span class='ocrx_word' id='word_1_621' title='bbox 2710 3116 2870 3188; x_wconf 81' lang='grc' dir='ltr'>χάριν</span> <span class='ocrx_word' id='word_1_622' title='bbox 2915 3114 3217 3186; x_wconf 84' lang='grc' dir='ltr'>προσετέθη</span> <span class='ocrx_word' id='word_1_623' title='bbox 3254 3115 3412 3188; x_wconf 79' lang='grc' dir='ltr'>ἄχρις</span> <span class='ocrx_word' id='word_1_624' title='bbox 3440 3109 3502 3169; x_wconf 77' lang='grc' dir='ltr'><strong>οῦ</strong></span> <span class='ocrx_word' id='word_1_625' title='bbox 3536 3115 3662 3189; x_wconf 75' lang='grc' dir='ltr'>ἔλθῃ</span> <span class='ocrx_word' id='word_1_626' title='bbox 3698 3117 3766 3172; x_wconf 83' lang='grc' dir='ltr'>τὸ</span> 
     </span>
    </p>
   </div>
   <div class='ocr_carea' id='block_1_80' title="bbox 2179 3206 3765 3280">
    <p class='ocr_par' dir='ltr' id='par_1_80' title="bbox 2179 3206 3765 3280">
     <span class='ocr_line' id='line_1_80' title="bbox 2179 3206 3765 3280; baseline -0.001 -17"><span class='ocrx_word' id='word_1_627' title='bbox 2179 3210 2399 3280; x_wconf 86' lang='grc' dir='ltr'>σπέρμα</span> <span class='ocrx_word' id='word_1_628' title='bbox 2422 3209 2451 3261; x_wconf 84' lang='grc' dir='ltr'><strong>δ</strong></span> <span class='ocrx_word' id='word_1_629' title='bbox 2475 3208 2831 3279; x_wconf 77' lang='grc' dir='ltr'>ἐπήγγελται,</span> <span class='ocrx_word' id='word_1_630' title='bbox 2856 3208 3132 3278; x_wconf 76' lang='grc' dir='ltr'>διαταγεὶς</span> <span class='ocrx_word' id='word_1_631' title='bbox 3155 3207 3223 3261; x_wconf 87' lang='grc' dir='ltr'><strong>δι’</strong></span> <span class='ocrx_word' id='word_1_632' title='bbox 3250 3206 3501 3277; x_wconf 79' lang='grc' dir='ltr'>ἀγγέλων</span> <span class='ocrx_word' id='word_1_633' title='bbox 3528 3209 3584 3262; x_wconf 84' lang='grc' dir='ltr'><strong>ἐν</strong></span> <span class='ocrx_word' id='word_1_634' title='bbox 3614 3210 3765 3280; x_wconf 62' lang='grc' dir='ltr'><strong>χειρλ⁵</strong></span> 
     </span>
    </p>
   </div>
   <div class='ocr_carea' id='block_1_81' title="bbox 2178 3295 3763 3372">
    <p class='ocr_par' dir='ltr' id='par_1_81' title="bbox 2178 3295 3763 3372">
     <span class='ocr_line' id='line_1_81' title="bbox 2178 3295 3763 3372; baseline -0.002 -18"><span class='ocrx_word' id='word_1_635' title='bbox 2178 3301 2420 3372; x_wconf 84' lang='grc' dir='ltr'>μεσίτου.</span> <span class='ocrx_word' id='word_1_636' title='bbox 2464 3301 2525 3354; x_wconf 86' lang='lat'><strong>&#39;0</strong></span> <span class='ocrx_word' id='word_1_637' title='bbox 2548 3299 2604 3352; x_wconf 85' lang='grc' dir='ltr'>δὲ</span> <span class='ocrx_word' id='word_1_638' title='bbox 2628 3299 2857 3371; x_wconf 85' lang='grc' dir='ltr'>μεσίτης</span> <span class='ocrx_word' id='word_1_639' title='bbox 2878 3298 2998 3363; x_wconf 82' lang='grc' dir='ltr'>ἐνὸς</span> <span class='ocrx_word' id='word_1_640' title='bbox 3022 3300 3123 3353; x_wconf 80' lang='grc' dir='ltr'>οὐκ</span> <span class='ocrx_word' id='word_1_641' title='bbox 3147 3298 3314 3353; x_wconf 74' lang='grc' dir='ltr'>ἔστιν.</span> <span class='ocrx_word' id='word_1_642' title='bbox 3352 3300 3412 3352; x_wconf 91' lang='lat'><strong>&#39;0</strong></span> <span class='ocrx_word' id='word_1_643' title='bbox 3442 3298 3500 3352; x_wconf 82' lang='grc' dir='ltr'>δὲ</span> <span class='ocrx_word' id='word_1_644' title='bbox 3523 3299 3656 3363; x_wconf 67' lang='grc' dir='ltr'>Θεὸς</span> <span class='ocrx_word' id='word_1_645' title='bbox 3676 3295 3763 3363; x_wconf 78' lang='grc' dir='ltr'>εἷς</span> 
     </span>
    </p>
   </div>
   <div class='ocr_carea' id='block_1_82' title="bbox 2174 3385 3762 3460">
    <p class='ocr_par' dir='ltr' id='par_1_82' title="bbox 2174 3385 3762 3460">
     <span class='ocr_line' id='line_1_82' title="bbox 2174 3385 3762 3460; baseline -0.003 -16"><span class='ocrx_word' id='word_1_646' title='bbox 2174 3393 2339 3445; x_wconf 81' lang='grc' dir='ltr'>ἐστιν·</span> <span class='ocrx_word' id='word_1_647' title='bbox 2367 3385 2501 3444; x_wconf 76' lang='grc' dir='ltr'>δοῦν</span> <span class='ocrx_word' id='word_1_648' title='bbox 2522 3390 2683 3460; x_wconf 91' lang='grc' dir='ltr'>νόμος</span> <span class='ocrx_word' id='word_1_649' title='bbox 2704 3388 2844 3443; x_wconf 84' lang='grc' dir='ltr'>κατὰ</span> <span class='ocrx_word' id='word_1_650' title='bbox 2868 3389 2967 3460; x_wconf 88' lang='grc' dir='ltr'>τὴν</span> <span class='ocrx_word' id='word_1_651' title='bbox 2993 3386 3324 3456; x_wconf 82' lang='grc' dir='ltr'>ἐπαγγελίαν</span> <span class='ocrx_word' id='word_1_652' title='bbox 3352 3387 3447 3440; x_wconf 89' lang='grc' dir='ltr'><strong>τοῦ</strong></span> <span class='ocrx_word' id='word_1_653' title='bbox 3475 3386 3610 3440; x_wconf 87' lang='grc' dir='ltr'>Θεοῦ</span> <span class='ocrx_word' id='word_1_654' title='bbox 3633 3404 3650 3453; x_wconf 89' lang='lat'><strong>;</strong></span> <span class='ocrx_word' id='word_1_655' title='bbox 3681 3387 3762 3458; x_wconf 80' lang='grc' dir='ltr'>μὴ</span> 
     </span>
    </p>
   </div>
   <div class='ocr_carea' id='block_1_83' title="bbox 2173 3477 3758 3550">
    <p class='ocr_par' dir='ltr' id='par_1_83' title="bbox 2173 3477 3758 3550">
     <span class='ocr_line' id='line_1_83' title="bbox 2173 3477 3758 3550; baseline -0.001 -16"><span class='ocrx_word' id='word_1_656' title='bbox 2173 3481 2401 3550; x_wconf 84' lang='grc' dir='ltr'>γένοιτο.</span> <span class='ocrx_word' id='word_1_657' title='bbox 2438 3482 2501 3533; x_wconf 77' lang='grc' dir='ltr'><strong>Εἰ</strong></span> <span class='ocrx_word' id='word_1_658' title='bbox 2528 3480 2636 3550; x_wconf 82' lang='grc' dir='ltr'>γὰρ</span> <span class='ocrx_word' id='word_1_659' title='bbox 2666 3478 2820 3550; x_wconf 82' lang='grc' dir='ltr'>ἐδόθη</span> <span class='ocrx_word' id='word_1_660' title='bbox 2842 3479 3005 3549; x_wconf 89' lang='grc' dir='ltr'>νόμος</span> <span class='ocrx_word' id='word_1_661' title='bbox 3024 3479 3052 3531; x_wconf 83' lang='grc' dir='ltr'>ὁ</span> <span class='ocrx_word' id='word_1_662' title='bbox 3074 3477 3371 3548; x_wconf 81' lang='grc' dir='ltr'>δυνάμενος</span> <span class='ocrx_word' id='word_1_663' title='bbox 3397 3478 3758 3548; x_wconf 81' lang='grc' dir='ltr'>ζωογονῆσαι,</span> 
     </span>
    </p>
   </div>
   <div class='ocr_carea' id='block_1_84' title="bbox 2171 3564 3761 3641">
    <p class='ocr_par' dir='ltr' id='par_1_84' title="bbox 2171 3564 3761 3641">
     <span class='ocr_line' id='line_1_84' title="bbox 2171 3564 3761 3641; baseline -0.002 -16"><span class='ocrx_word' id='word_1_664' title='bbox 2171 3572 2339 3641; x_wconf 76' lang='grc' dir='ltr'>ὅντως</span> <span class='ocrx_word' id='word_1_665' title='bbox 2369 3572 2433 3625; x_wconf 86' lang='grc' dir='ltr'><strong>ἐκ</strong></span> <span class='ocrx_word' id='word_1_666' title='bbox 2459 3571 2627 3641; x_wconf 87' lang='grc' dir='ltr'>νόμου</span> <span class='ocrx_word' id='word_1_667' title='bbox 2660 3569 2727 3624; x_wconf 78' lang='grc' dir='ltr'>ἂν</span> <span class='ocrx_word' id='word_1_668' title='bbox 2753 3571 2787 3641; x_wconf 82' lang='grc' dir='ltr'><strong>ή</strong></span> <span class='ocrx_word' id='word_1_669' title='bbox 2814 3567 3130 3640; x_wconf 81' lang='grc' dir='ltr'>δικαιοσύνη</span> <span class='ocrx_word' id='word_1_670' title='bbox 3156 3564 3244 3640; x_wconf 79' lang='grc' dir='ltr'><strong>ῆν.</strong></span> <span class='ocrx_word' id='word_1_671' title='bbox 3290 3567 3454 3622; x_wconf 57' lang='lat' dir='ltr'><strong>una.</strong></span> <span class='ocrx_word' id='word_1_672' title='bbox 3480 3568 3761 3628; x_wconf 83' lang='grc' dir='ltr'>συνέκλει-</span> 
     </span>
    </p>
   </div>
   <div class='ocr_carea' id='block_1_85' title="bbox 2172 3638 3760 3734">
    <p class='ocr_par' dir='ltr' id='par_1_85' title="bbox 2172 3638 3760 3734">
     <span class='ocr_line' id='line_1_85' title="bbox 2172 3638 3760 3734; baseline -0.002 -18"><span class='ocrx_word' id='word_1_673' title='bbox 2172 3679 2263 3716; x_wconf 90' lang='grc' dir='ltr'><strong>σεν</strong></span> <span class='ocrx_word' id='word_1_674' title='bbox 2293 3638 2541 3734; x_wconf 75' lang='grc' dir='ltr'>ήΓραφῆ</span> <span class='ocrx_word' id='word_1_675' title='bbox 2574 3662 2643 3715; x_wconf 77' lang='grc' dir='ltr'><strong>τὰ</strong></span> <span class='ocrx_word' id='word_1_676' title='bbox 2682 3638 2859 3716; x_wconf 81' lang='grc' dir='ltr'>πάντα</span> <span class='ocrx_word' id='word_1_677' title='bbox 2897 3661 3001 3714; x_wconf 77' lang='grc' dir='ltr'><strong>ὑπὸ</strong></span> <span class='ocrx_word' id='word_1_678' title='bbox 3052 3638 3348 3731; x_wconf 77' lang='grc' dir='ltr'>ἁμαρτίαν,</span> <span class='ocrx_word' id='word_1_679' title='bbox 3390 3661 3478 3714; x_wconf 79' lang='grc' dir='ltr'>ἵνα</span> <span class='ocrx_word' id='word_1_680' title='bbox 3509 3662 3543 3731; x_wconf 82' lang='grc' dir='ltr'><strong>ή</strong></span> <span class='ocrx_word' id='word_1_681' title='bbox 3577 3662 3760 3730; x_wconf 86' lang='grc' dir='ltr'>ἐπαγ-</span> 
     </span>
    </p>
   </div>
   <div class='ocr_carea' id='block_1_86' title="bbox 2169 3749 3761 3822">
    <p class='ocr_par' dir='ltr' id='par_1_86' title="bbox 2169 3749 3761 3822">
     <span class='ocr_line' id='line_1_86' title="bbox 2169 3749 3761 3822; baseline -0.001 -17"><span class='ocrx_word' id='word_1_682' title='bbox 2169 3752 2324 3820; x_wconf 83' lang='grc' dir='ltr'>γελία</span> <span class='ocrx_word' id='word_1_683' title='bbox 2367 3752 2433 3805; x_wconf 88' lang='grc' dir='ltr'><strong>ἐκ</strong></span> <span class='ocrx_word' id='word_1_684' title='bbox 2486 3751 2728 3816; x_wconf 71' lang='grc' dir='ltr'>πίστεως</span> <span class='ocrx_word' id='word_1_685' title='bbox 2792 3749 2969 3821; x_wconf 85' lang='grc' dir='ltr'>Ἰησοῦ</span> <span class='ocrx_word' id='word_1_686' title='bbox 3025 3750 3262 3822; x_wconf 80' lang='grc' dir='ltr'>Χριστοῦ</span> <span class='ocrx_word' id='word_1_687' title='bbox 3320 3749 3447 3822; x_wconf 84' lang='grc' dir='ltr'><strong>δοθῇ</strong></span> <span class='ocrx_word' id='word_1_688' title='bbox 3498 3752 3613 3814; x_wconf 84' lang='grc' dir='ltr'>τοῖς</span> <span class='ocrx_word' id='word_1_689' title='bbox 3666 3768 3761 3804; x_wconf 82' lang='grc' dir='ltr'>πι-</span> 
     </span>
    </p>
   </div>
   <div class='ocr_carea' id='block_1_87' title="bbox 2172 3840 3758 3915">
    <p class='ocr_par' dir='ltr' id='par_1_87' title="bbox 2172 3840 3758 3915">
     <span class='ocr_line' id='line_1_87' title="bbox 2172 3840 3758 3915; baseline -0.001 -18"><span class='ocrx_word' id='word_1_690' title='bbox 2172 3843 2442 3897; x_wconf 87' lang='grc' dir='ltr'>στεύουσι·</span> <span class='ocrx_word' id='word_1_691' title='bbox 2483 3842 2588 3915; x_wconf 80' lang='grc' dir='ltr'>πρὸ</span> <span class='ocrx_word' id='word_1_692' title='bbox 2629 3842 2686 3896; x_wconf 84' lang='grc' dir='ltr'>δὲ</span> <span class='ocrx_word' id='word_1_693' title='bbox 2736 3840 2830 3896; x_wconf 88' lang='grc' dir='ltr'><strong>τοῦ</strong></span> <span class='ocrx_word' id='word_1_694' title='bbox 2869 3841 3045 3896; x_wconf 83' lang='grc' dir='ltr'>ἐλθεῖν</span> <span class='ocrx_word' id='word_1_695' title='bbox 3072 3842 3172 3911; x_wconf 75' lang='grc' dir='ltr'><strong>τήν</strong></span> <span class='ocrx_word' id='word_1_696' title='bbox 3205 3841 3410 3902; x_wconf 86' lang='grc' dir='ltr'>πίστιν,</span> <span class='ocrx_word' id='word_1_697' title='bbox 3445 3841 3552 3894; x_wconf 80' lang='grc' dir='ltr'><strong>ὑπὸ</strong></span> <span class='ocrx_word' id='word_1_698' title='bbox 3585 3842 3758 3911; x_wconf 82' lang='grc' dir='ltr'>νόμον</span> 
     </span>
    </p>
   </div>
   <div class='ocr_carea' id='block_1_88' title="bbox 2168 3932 3758 4007">
    <p class='ocr_par' dir='ltr' id='par_1_88' title="bbox 2168 3932 3758 4007">
     <span class='ocr_line' id='line_1_88' title="bbox 2168 3932 3758 4007; baseline 0 -18"><span class='ocrx_word' id='word_1_699' title='bbox 2168 3934 2604 4007; x_wconf 82' lang='grc' dir='ltr'>ἐφρουρούμεθα,</span> <span class='ocrx_word' id='word_1_700' title='bbox 2623 3934 3035 4006; x_wconf 84' lang='grc' dir='ltr'>συγκλειόμενοι</span> <span class='ocrx_word' id='word_1_701' title='bbox 3059 3936 3138 3998; x_wconf 80' lang='grc' dir='ltr'>εἰς</span> <span class='ocrx_word' id='word_1_702' title='bbox 3153 3934 3252 4003; x_wconf 84' lang='grc' dir='ltr'>τὴν</span> <span class='ocrx_word' id='word_1_703' title='bbox 3276 3932 3575 4002; x_wconf 84' lang='grc' dir='ltr'>μέλλουσαν</span> <span class='ocrx_word' id='word_1_704' title='bbox 3594 3934 3758 4001; x_wconf 75' lang='grc' dir='ltr'>δόξαν</span> 
     </span>
    </p>
   </div>
   <div class='ocr_carea' id='block_1_89' title="bbox 2166 4025 3757 4097">
    <p class='ocr_par' dir='ltr' id='par_1_89' title="bbox 2166 4025 3757 4097">
     <span class='ocr_line' id='line_1_89' title="bbox 2166 4025 3757 4097; baseline 0 -16"><span class='ocrx_word' id='word_1_705' title='bbox 2166 4026 2644 4096; x_wconf 77' lang='grc' dir='ltr'>ἀποκαλυφθῆναι.</span> <span class='ocrx_word' id='word_1_706' title='bbox 2693 4026 2859 4081; x_wconf 82' lang='grc' dir='ltr'>’Ὥστε</span> <span class='ocrx_word' id='word_1_707' title='bbox 2905 4028 2934 4081; x_wconf 88' lang='grc' dir='ltr'>ὁ</span> <span class='ocrx_word' id='word_1_708' title='bbox 2985 4025 3147 4096; x_wconf 84' lang='grc' dir='ltr'>νόμος</span> <span class='ocrx_word' id='word_1_709' title='bbox 3191 4027 3546 4096; x_wconf 85' lang='grc' dir='ltr'>παιδαγωγὸς</span> <span class='ocrx_word' id='word_1_710' title='bbox 3592 4026 3757 4097; x_wconf 85' lang='grc' dir='ltr'>ἡμῶν</span> 
     </span>
    </p>
   </div>
   <div class='ocr_carea' id='block_1_90' title="bbox 2167 4116 3753 4189">
    <p class='ocr_par' dir='ltr' id='par_1_90' title="bbox 2167 4116 3753 4189">
     <span class='ocr_line' id='line_1_90' title="bbox 2167 4116 3753 4189; baseline -0.001 -16"><span class='ocrx_word' id='word_1_711' title='bbox 2167 4119 2389 4189; x_wconf 89' lang='grc' dir='ltr'>γέγονεν</span> <span class='ocrx_word' id='word_1_712' title='bbox 2420 4119 2500 4182; x_wconf 87' lang='grc' dir='ltr'><strong>είς</strong></span> <span class='ocrx_word' id='word_1_713' title='bbox 2534 4117 2793 4189; x_wconf 85' lang='grc' dir='ltr'>Χριστὸν,</span> <span class='ocrx_word' id='word_1_714' title='bbox 2834 4117 2922 4171; x_wconf 77' lang='grc' dir='ltr'><strong>ἵνα</strong></span> <span class='ocrx_word' id='word_1_715' title='bbox 2956 4118 3021 4170; x_wconf 83' lang='grc' dir='ltr'><strong>ἐκ</strong></span> <span class='ocrx_word' id='word_1_716' title='bbox 3063 4117 3301 4181; x_wconf 87' lang='grc' dir='ltr'>πίστεως</span> <span class='ocrx_word' id='word_1_717' title='bbox 3343 4116 3753 4187; x_wconf 84' lang='grc' dir='ltr'>δικαιωθῶμεν.</span> 
     </span>
    </p>
   </div>
   <div class='ocr_carea' id='block_1_91' title="bbox 2178 4207 3756 4279">
    <p class='ocr_par' dir='ltr' id='par_1_91' title="bbox 2178 4207 3756 4279">
     <span class='ocr_line' id='line_1_91' title="bbox 2178 4207 3756 4279; baseline -0.003 -15"><span class='ocrx_word' id='word_1_718' title='bbox 2178 4208 2470 4279; x_wconf 81' lang='grc' dir='ltr'>Ἐλθούσης</span> <span class='ocrx_word' id='word_1_719' title='bbox 2510 4209 2568 4262; x_wconf 90' lang='grc' dir='ltr'><strong>δέ</strong></span> <span class='ocrx_word' id='word_1_720' title='bbox 2595 4208 2696 4279; x_wconf 88' lang='grc' dir='ltr'><strong>τῆς</strong></span> <span class='ocrx_word' id='word_1_721' title='bbox 2734 4208 2987 4274; x_wconf 88' lang='grc' dir='ltr'>πίστεως,</span> <span class='ocrx_word' id='word_1_722' title='bbox 3020 4208 3121 4261; x_wconf 89' lang='grc' dir='ltr'><strong>ούκ</strong></span> <span class='ocrx_word' id='word_1_723' title='bbox 3150 4207 3231 4262; x_wconf 78' lang='grc' dir='ltr'>ἔτι</span> <span class='ocrx_word' id='word_1_724' title='bbox 3266 4207 3372 4262; x_wconf 80' lang='grc' dir='ltr'><strong>ὑπὸ</strong></span> <span class='ocrx_word' id='word_1_725' title='bbox 3400 4208 3756 4277; x_wconf 81' lang='grc' dir='ltr'>παιδαγωγόν</span> 
     </span>
    </p>
   </div>
   <div class='ocr_carea' id='block_1_92' title="bbox 2164 4299 3755 4381">
    <p class='ocr_par' dir='ltr' id='par_1_92' title="bbox 2164 4299 3755 4381">
     <span class='ocr_line' id='line_1_92' title="bbox 2164 4299 3755 4381; baseline -0.001 -28"><span class='ocrx_word' id='word_1_726' title='bbox 2164 4301 2351 4371; x_wconf 89' lang='grc' dir='ltr'>ἐσμεν.</span> <span class='ocrx_word' id='word_1_727' title='bbox 2405 4302 2611 4363; x_wconf 86' lang='grc' dir='ltr'>Πάντες</span> <span class='ocrx_word' id='word_1_728' title='bbox 2654 4299 2765 4371; x_wconf 74' lang='grc' dir='ltr'><strong>γὰρ</strong></span> <span class='ocrx_word' id='word_1_729' title='bbox 2793 4299 2899 4353; x_wconf 76' lang='grc' dir='ltr'>υἱοὶ</span> <span class='ocrx_word' id='word_1_730' title='bbox 2926 4299 3061 4353; x_wconf 85' lang='grc' dir='ltr'>Θεοῦ</span> <span class='ocrx_word' id='word_1_731' title='bbox 3102 4301 3226 4353; x_wconf 88' lang='grc' dir='ltr'>ἐστε</span> <span class='ocrx_word' id='word_1_732' title='bbox 3270 4299 3361 4354; x_wconf 81' lang='grc' dir='ltr'>διὰ</span> <span class='ocrx_word' id='word_1_733' title='bbox 3389 4300 3625 4381; x_wconf 84' lang='grc' dir='ltr'>πίστεως</span> <span class='ocrx_word' id='word_1_734' title='bbox 3652 4300 3755 4369; x_wconf 83' lang='grc' dir='ltr'><strong>τῆς</strong></span> 
     </span>
    </p>
   </div>
   <div class='ocr_carea' id='block_1_93' title="bbox 2163 4390 3762 4467">
    <p class='ocr_par' dir='ltr' id='par_1_93' title="bbox 2163 4390 3762 4467">
     <span class='ocr_line' id='line_1_93' title="bbox 2163 4390 3762 4467; baseline -0.003 -19"><span class='ocrx_word' id='word_1_735' title='bbox 2163 4395 2221 4448; x_wconf 88' lang='grc' dir='ltr'><strong>ἐν</strong></span> <span class='ocrx_word' id='word_1_736' title='bbox 2257 4392 2479 4463; x_wconf 85' lang='grc' dir='ltr'>Χριστῷ</span> <span class='ocrx_word' id='word_1_737' title='bbox 2524 4390 2719 4462; x_wconf 84' lang='grc' dir='ltr'>Ἰησοῦ.</span> <span class='ocrx_word' id='word_1_738' title='bbox 2753 4410 2790 4467; x_wconf 73' lang='grc' dir='ltr'><strong>ι¹</strong></span> <span class='ocrx_word' id='word_1_739' title='bbox 2813 4390 3024 4445; x_wconf 84' lang='grc' dir='ltr'>Οὐκοῦν</span> <span class='ocrx_word' id='word_1_740' title='bbox 3063 4390 3268 4461; x_wconf 76' lang='grc' dir='ltr'>ἥκιστα</span> <span class='ocrx_word' id='word_1_741' title='bbox 3299 4390 3397 4462; x_wconf 77' lang='grc' dir='ltr'>μὲν</span> <span class='ocrx_word' id='word_1_742' title='bbox 3453 4390 3762 4444; x_wconf 85' lang='grc' dir='ltr'>ἐνδοιάσειέ</span> 
     </span>
    </p>
   </div>
   <div class='ocr_carea' id='block_1_94' title="bbox 483 4466 2075 4553">
    <p class='ocr_par' dir='ltr' id='par_1_94' title="bbox 483 4466 2050 4549">
     <span class='ocr_line' id='line_1_94' title="bbox 483 4466 2050 4549; baseline 0.011 -28"><span class='ocrx_word' id='word_1_743' title='bbox 483 4466 652 4533; x_wconf 90' lang='lat' dir='ltr'><strong>enim,</strong></span> <span class='ocrx_word' id='word_1_744' title='bbox 682 4468 881 4540; x_wconf 89' lang='lat' dir='ltr'><strong>inquit,</strong></span> <span class='ocrx_word' id='word_1_745' title='bbox 928 4486 1039 4527; x_wconf 93' lang='lat' dir='ltr'><strong>non</strong></span> <span class='ocrx_word' id='word_1_746' title='bbox 1062 4480 1148 4526; x_wconf 91' lang='lat' dir='ltr'><strong>est</strong></span> <span class='ocrx_word' id='word_1_747' title='bbox 1195 4474 1303 4540; x_wconf 84' lang='lat' dir='ltr'><strong>lex,</strong></span> <span class='ocrx_word' id='word_1_748' title='bbox 1330 4491 1508 4547; x_wconf 88' lang='lat' dir='ltr'><strong>neque</strong></span> <span class='ocrx_word' id='word_1_749' title='bbox 1536 4481 1914 4549; x_wconf 67' lang='lat' dir='ltr'><strong>praevaricatio</strong></span> <span class='ocrx_word' id='word_1_750' title='bbox 1934 4484 2002 4538; x_wconf 75' lang='lat'><strong>9‘.</strong></span> <span class='ocrx_word' id='word_1_751' title='bbox 2031 4504 2050 4537; x_wconf 74' lang='grc' dir='ltr'><strong>ι</strong></span> 
     </span>
    </p>
   </div>
   <div class='ocr_carea' id='block_1_95' title="bbox 2174 4466 3763 4553">
    <p class='ocr_par' dir='ltr' id='par_1_95' title="bbox 2174 4466 3763 4553">
     <span class='ocr_line' id='line_1_95' title="bbox 2174 4466 3763 4553; baseline -0.002 -16"><span class='ocrx_word' id='word_1_752' title='bbox 2174 4503 2247 4549; x_wconf 82' lang='grc' dir='ltr'><strong>τις</strong></span> <span class='ocrx_word' id='word_1_753' title='bbox 2274 4483 2361 4547; x_wconf 84' lang='grc' dir='ltr'>ἂν,</span> <span class='ocrx_word' id='word_1_754' title='bbox 2392 4483 2468 4546; x_wconf 87' lang='grc' dir='ltr'>ὼς</span> <span class='ocrx_word' id='word_1_755' title='bbox 2504 4484 2726 4553; x_wconf 80' lang='grc' dir='ltr'>ἐλεγχος</span> <span class='ocrx_word' id='word_1_756' title='bbox 2754 4466 2823 4553; x_wconf 80' lang='grc' dir='ltr'><strong>ῆν</strong></span> <span class='ocrx_word' id='word_1_757' title='bbox 2851 4482 2880 4535; x_wconf 85' lang='grc' dir='ltr'>ὁ</span> <span class='ocrx_word' id='word_1_758' title='bbox 2910 4482 3075 4553; x_wconf 88' lang='grc' dir='ltr'>νόμος</span> <span class='ocrx_word' id='word_1_759' title='bbox 3098 4484 3197 4553; x_wconf 81' lang='grc' dir='ltr'><strong>τῆς</strong></span> <span class='ocrx_word' id='word_1_760' title='bbox 3231 4482 3342 4535; x_wconf 88' lang='grc' dir='ltr'><strong>τῶν</strong></span> <span class='ocrx_word' id='word_1_761' title='bbox 3375 4482 3763 4549; x_wconf 73' lang='grc' dir='ltr'>παιδαγωγουο</span> 
     </span>
    </p>
   </div>
   <div class='ocr_carea' id='block_1_96' title="bbox 482 4558 2051 4645">
    <p class='ocr_par' dir='ltr' id='par_1_96' title="bbox 482 4558 2051 4645">
     <span class='ocr_line' id='line_1_96' title="bbox 482 4558 2051 4645; baseline 0.013 -33"><span class='ocrx_word' id='word_1_762' title='bbox 482 4558 550 4614; x_wconf 85' lang='lat' dir='ltr'><strong>Et</strong></span> <span class='ocrx_word' id='word_1_763' title='bbox 576 4575 804 4616; x_wconf 86' lang='lat' dir='ltr'><strong>rursus:</strong></span> <span class='ocrx_word' id='word_1_764' title='bbox 845 4580 863 4612; x_wconf 78' lang='grc' dir='ltr'><strong>ι</strong></span> <span class='ocrx_word' id='word_1_765' title='bbox 887 4562 1177 4619; x_wconf 88' lang='lat' dir='ltr'><strong>Peccatum</strong></span> <span class='ocrx_word' id='word_1_766' title='bbox 1199 4580 1309 4621; x_wconf 91' lang='lat' dir='ltr'><strong>non</strong></span> <span class='ocrx_word' id='word_1_767' title='bbox 1336 4569 1463 4623; x_wconf 86' lang='lat' dir='ltr'><strong>novi</strong></span> <span class='ocrx_word' id='word_1_768' title='bbox 1495 4570 1602 4625; x_wconf 92' lang='lat' dir='ltr'><strong>nisi</strong></span> <span class='ocrx_word' id='word_1_769' title='bbox 1636 4587 1736 4641; x_wconf 88' lang='lat' dir='ltr'><strong>per</strong></span> <span class='ocrx_word' id='word_1_770' title='bbox 1761 4573 1935 4645; x_wconf 88' lang='lat' dir='ltr'><strong>legem</strong></span> <span class='ocrx_word' id='word_1_771' title='bbox 1982 4577 2051 4633; x_wconf 77' lang='lat'><strong>&quot;.</strong></span> 
     </span>
    </p>
   </div>
   <div class='ocr_carea' id='block_1_97' title="bbox 482 4649 2054 4738">
    <p class='ocr_par' dir='ltr' id='par_1_97' title="bbox 482 4649 2054 4738">
     <span class='ocr_line' id='line_1_97' title="bbox 482 4649 2054 4738; baseline 0.013 -37"><span class='ocrx_word' id='word_1_772' title='bbox 482 4649 549 4714; x_wconf 80' lang='lat' dir='ltr'><strong>Et</strong></span> <span class='ocrx_word' id='word_1_773' title='bbox 582 4651 839 4706; x_wconf 85' lang='lat' dir='ltr'><strong>veniente</strong></span> <span class='ocrx_word' id='word_1_774' title='bbox 862 4653 1143 4720; x_wconf 88' lang='lat' dir='ltr'><strong>mandato,</strong></span> <span class='ocrx_word' id='word_1_775' title='bbox 1173 4656 1373 4727; x_wconf 90' lang='lat' dir='ltr'><strong>inquit,</strong></span> <span class='ocrx_word' id='word_1_776' title='bbox 1392 4668 1676 4728; x_wconf 88' lang='lat' dir='ltr'><strong>peccatum</strong></span> <span class='ocrx_word' id='word_1_777' title='bbox 1711 4664 1928 4730; x_wconf 78' lang='lat' dir='ltr'><strong>revixit,</strong></span> <span class='ocrx_word' id='word_1_778' title='bbox 1952 4682 2054 4738; x_wconf 88' lang='lat' dir='ltr'><strong>ego</strong></span> 
     </span>
    </p>
   </div>
   <div class='ocr_carea' id='block_1_98' title="bbox 478 4744 2053 4824">
    <p class='ocr_par' dir='ltr' id='par_1_98' title="bbox 478 4744 2053 4824">
     <span class='ocr_line' id='line_1_98' title="bbox 478 4744 2053 4824; baseline 0.011 -30"><span class='ocrx_word' id='word_1_779' title='bbox 478 4756 614 4795; x_wconf 80' lang='lat' dir='ltr'><strong>vero</strong></span> <span class='ocrx_word' id='word_1_780' title='bbox 643 4751 896 4798; x_wconf 84' lang='lat' dir='ltr'><strong>mortuus</strong></span> <span class='ocrx_word' id='word_1_781' title='bbox 919 4759 1040 4799; x_wconf 90' lang='lat' dir='ltr'><strong>sum</strong></span> <span class='ocrx_word' id='word_1_782' title='bbox 1073 4744 1141 4799; x_wconf 71' lang='lat'><strong>9&quot;.</strong></span> <span class='ocrx_word' id='word_1_783' title='bbox 1168 4765 1186 4798; x_wconf 78' lang='grc' dir='ltr'><strong>ι</strong></span> <span class='ocrx_word' id='word_1_784' title='bbox 1217 4748 1286 4802; x_wconf 87' lang='grc' dir='ltr'>Ει</span> <span class='ocrx_word' id='word_1_785' title='bbox 1331 4749 1531 4805; x_wconf 91' lang='lat' dir='ltr'><strong>iterum</strong></span> <span class='ocrx_word' id='word_1_786' title='bbox 1567 4769 1580 4805; x_wconf 90' lang='lat'><strong>:</strong></span> <span class='ocrx_word' id='word_1_787' title='bbox 1620 4771 1638 4802; x_wconf 75' lang='grc' dir='ltr'><strong>ι</strong></span> <span class='ocrx_word' id='word_1_788' title='bbox 1667 4753 1849 4824; x_wconf 89' lang='lat' dir='ltr'><strong>Usque</strong></span> <span class='ocrx_word' id='word_1_789' title='bbox 1876 4755 1944 4810; x_wconf 89' lang='lat' dir='ltr'><strong>ad</strong></span> <span class='ocrx_word' id='word_1_790' title='bbox 1970 4757 2053 4811; x_wconf 91' lang='lat' dir='ltr'><strong>le-</strong></span> 
     </span>
    </p>
   </div>
   <div class='ocr_carea' id='block_1_99' title="bbox 476 4840 2052 4907">
    <p class='ocr_par' dir='ltr' id='par_1_99' title="bbox 476 4840 2052 4907">
     <span class='ocr_line' id='line_1_99' title="bbox 476 4840 2052 4907; baseline 0.008 -16"><span class='ocrx_word' id='word_1_791' title='bbox 476 4850 596 4907; x_wconf 90' lang='lat' dir='ltr'><strong>gem</strong></span> <span class='ocrx_word' id='word_1_792' title='bbox 632 4846 752 4891; x_wconf 90' lang='lat' dir='ltr'><strong>erat</strong></span> <span class='ocrx_word' id='word_1_793' title='bbox 792 4847 1078 4907; x_wconf 90' lang='lat' dir='ltr'><strong>peccatum</strong></span> <span class='ocrx_word' id='word_1_794' title='bbox 1110 4840 1167 4894; x_wconf 91' lang='lat' dir='ltr'><strong>in</strong></span> <span class='ocrx_word' id='word_1_795' title='bbox 1192 4843 1417 4897; x_wconf 92' lang='lat' dir='ltr'><strong>mundo.</strong></span> <span class='ocrx_word' id='word_1_796' title='bbox 1443 4844 1735 4902; x_wconf 88' lang='lat' dir='ltr'><strong>Peccatum</strong></span> <span class='ocrx_word' id='word_1_797' title='bbox 1754 4848 1903 4902; x_wconf 89' lang='lat' dir='ltr'><strong>enim</strong></span> <span class='ocrx_word' id='word_1_798' title='bbox 1941 4865 2052 4904; x_wconf 90' lang='lat' dir='ltr'><strong>non</strong></span> 
     </span>
    </p>
   </div>
   <div class='ocr_carea' id='block_1_100' title="bbox 479 4926 2052 5009">
    <p class='ocr_par' dir='ltr' id='par_1_100' title="bbox 479 4926 2052 5009">
     <span class='ocr_line' id='line_1_100' title="bbox 479 4926 2052 5009; baseline 0.009 -29"><span class='ocrx_word' id='word_1_799' title='bbox 479 4926 855 4996; x_wconf 88' lang='lat' dir='ltr'><strong>imputabatur</strong></span> <span class='ocrx_word' id='word_1_800' title='bbox 884 4945 992 4984; x_wconf 88' lang='lat' dir='ltr'><strong>non</strong></span> <span class='ocrx_word' id='word_1_801' title='bbox 1046 4931 1343 4989; x_wconf 80' lang='lat' dir='ltr'><strong>exsistcnte</strong></span> <span class='ocrx_word' id='word_1_802' title='bbox 1395 4936 1512 5007; x_wconf 86' lang='lat' dir='ltr'><strong>lege</strong></span> <span class='ocrx_word' id='word_1_803' title='bbox 1544 4938 1613 5002; x_wconf 62' lang='lat'><strong>9°,</strong></span> <span class='ocrx_word' id='word_1_804' title='bbox 1656 4937 1741 4992; x_wconf 83' lang='lat' dir='ltr'><strong>lex</strong></span> <span class='ocrx_word' id='word_1_805' title='bbox 1780 4938 2052 5009; x_wconf 88' lang='lat' dir='ltr'><strong>siquidem</strong></span> 
     </span>
    </p>
   </div>
   <div class='ocr_carea' id='block_1_101' title="bbox 476 5014 2053 5099">
    <p class='ocr_par' dir='ltr' id='par_1_101' title="bbox 476 5014 2053 5099">
     <span class='ocr_line' id='line_1_101' title="bbox 476 5014 2053 5099; baseline 0.012 -31"><span class='ocrx_word' id='word_1_806' title='bbox 476 5014 622 5091; x_wconf 70' lang='lat' dir='ltr'><strong>iram</strong></span> <span class='ocrx_word' id='word_1_807' title='bbox 668 5019 989 5087; x_wconf 71' lang='lat' dir='ltr'><strong>operatur‘.</strong></span> <span class='ocrx_word' id='word_1_808' title='bbox 1032 5040 1049 5072; x_wconf 76' lang='grc' dir='ltr'><strong>ι</strong></span> <span class='ocrx_word' id='word_1_809' title='bbox 1080 5021 1191 5076; x_wconf 89' lang='lat' dir='ltr'><strong>Lex</strong></span> <span class='ocrx_word' id='word_1_810' title='bbox 1238 5022 1404 5095; x_wconf 81' lang='lat' dir='ltr'><strong>igitur</strong></span> <span class='ocrx_word' id='word_1_811' title='bbox 1445 5042 1608 5082; x_wconf 90' lang='lat' dir='ltr'><strong>manu</strong></span> <span class='ocrx_word' id='word_1_812' title='bbox 1648 5029 2053 5099; x_wconf 90' lang='lat' dir='ltr'><strong>quodammodo</strong></span> 
     </span>
    </p>
   </div>
   <div class='ocr_carea' id='block_1_102' title="bbox 476 5108 2052 5195">
    <p class='ocr_par' dir='ltr' id='par_1_102' title="bbox 476 5108 2052 5195">
     <span class='ocr_line' id='line_1_102' title="bbox 476 5108 2052 5195; baseline 0.008 -29"><span class='ocrx_word' id='word_1_813' title='bbox 476 5108 630 5166; x_wconf 88' lang='lat' dir='ltr'><strong>ducit</strong></span> <span class='ocrx_word' id='word_1_814' title='bbox 653 5111 722 5167; x_wconf 91' lang='lat' dir='ltr'><strong>ad</strong></span> <span class='ocrx_word' id='word_1_815' title='bbox 748 5112 1051 5179; x_wconf 86' lang='lat' dir='ltr'><strong>Christum,</strong></span> <span class='ocrx_word' id='word_1_816' title='bbox 1101 5130 1339 5187; x_wconf 88' lang='lat' dir='ltr'><strong>arguens</strong></span> <span class='ocrx_word' id='word_1_817' title='bbox 1370 5126 1794 5190; x_wconf 86' lang='lat' dir='ltr'><strong>trangrcssores.</strong></span> <span class='ocrx_word' id='word_1_818' title='bbox 1823 5123 2052 5195; x_wconf 88' lang='lat' dir='ltr'><strong>ipsoque</strong></span> 
     </span>
    </p>
   </div>
   <div class='ocr_carea' id='block_1_103' title="bbox 477 5199 2054 5281">
    <p class='ocr_par' dir='ltr' id='par_1_103' title="bbox 477 5199 2054 5281">
     <span class='ocr_line' id='line_1_103' title="bbox 477 5199 2054 5281; baseline 0.011 -30"><span class='ocrx_word' id='word_1_819' title='bbox 477 5199 853 5268; x_wconf 76' lang='lat' dir='ltr'><strong>experimento</strong></span> <span class='ocrx_word' id='word_1_820' title='bbox 877 5202 1081 5259; x_wconf 90' lang='lat' dir='ltr'><strong>docens</strong></span> <span class='ocrx_word' id='word_1_821' title='bbox 1108 5207 1391 5273; x_wconf 83' lang='lat' dir='ltr'><strong>mortales,</strong></span> <span class='ocrx_word' id='word_1_822' title='bbox 1417 5209 1564 5277; x_wconf 87' lang='lat' dir='ltr'><strong>quod</strong></span> <span class='ocrx_word' id='word_1_823' title='bbox 1611 5212 1949 5281; x_wconf 86' lang='lat' dir='ltr'><strong>impossibile</strong></span> <span class='ocrx_word' id='word_1_824' title='bbox 1980 5215 2054 5270; x_wconf 91' lang='lat' dir='ltr'><strong>sit</strong></span> 
     </span>
    </p>
   </div>
   <div class='ocr_carea' id='block_1_104' title="bbox 476 5289 2051 5375">
    <p class='ocr_par' dir='ltr' id='par_1_104' title="bbox 476 5289 2051 5375">
     <span class='ocr_line' id='line_1_104' title="bbox 476 5289 2051 5375; baseline 0.012 -33"><span class='ocrx_word' id='word_1_825' title='bbox 476 5289 822 5360; x_wconf 87' lang='lat' dir='ltr'><strong>proclivitate</strong></span> <span class='ocrx_word' id='word_1_826' title='bbox 851 5294 920 5348; x_wconf 90' lang='lat' dir='ltr'><strong>ad</strong></span> <span class='ocrx_word' id='word_1_827' title='bbox 947 5306 1232 5365; x_wconf 88' lang='lat' dir='ltr'><strong>peccatum</strong></span> <span class='ocrx_word' id='word_1_828' title='bbox 1257 5298 1572 5355; x_wconf 88' lang='lat' dir='ltr'><strong>laborantes</strong></span> <span class='ocrx_word' id='word_1_829' title='bbox 1595 5302 1841 5375; x_wconf 72' lang='lat' dir='ltr'><strong>effugere</strong></span> <span class='ocrx_word' id='word_1_830' title='bbox 1880 5321 2051 5361; x_wconf 75' lang='lat' dir='ltr'><strong>accu-~</strong></span> 
     </span>
    </p>
   </div>
   <div class='ocr_carea' id='block_1_105' title="bbox 476 5381 2049 5464">
    <p class='ocr_par' dir='ltr' id='par_1_105' title="bbox 476 5381 2049 5464">
     <span class='ocr_line' id='line_1_105' title="bbox 476 5381 2049 5464; baseline 0.011 -28"><span class='ocrx_word' id='word_1_831' title='bbox 476 5381 742 5439; x_wconf 86' lang='lat' dir='ltr'><strong>sationem</strong></span> <span class='ocrx_word' id='word_1_832' title='bbox 769 5401 836 5440; x_wconf 70' lang='lat' dir='ltr'><strong>ex</strong></span> <span class='ocrx_word' id='word_1_833' title='bbox 862 5386 1002 5457; x_wconf 85' lang='lat' dir='ltr'><strong>lege,</strong></span> <span class='ocrx_word' id='word_1_834' title='bbox 1032 5388 1127 5443; x_wconf 88' lang='lat' dir='ltr'><strong>sed</strong></span> <span class='ocrx_word' id='word_1_835' title='bbox 1157 5390 1381 5445; x_wconf 89' lang='lat' dir='ltr'><strong>omnino</strong></span> <span class='ocrx_word' id='word_1_836' title='bbox 1423 5393 1596 5449; x_wconf 84' lang='lat' dir='ltr'><strong>salute</strong></span> <span class='ocrx_word' id='word_1_837' title='bbox 1628 5410 1724 5464; x_wconf 87' lang='lat' dir='ltr'><strong>per</strong></span> <span class='ocrx_word' id='word_1_838' title='bbox 1770 5396 2049 5453; x_wconf 87' lang='lat' dir='ltr'><strong>Christum</strong></span> 
     </span>
    </p>
   </div>
   <div class='ocr_carea' id='block_1_106' title="bbox 478 5476 1942 5566">
    <p class='ocr_par' dir='ltr' id='par_1_106' title="bbox 478 5476 1942 5566">
     <span class='ocr_line' id='line_1_106' title="bbox 478 5476 1942 5566; baseline 0.009 -37"><span class='ocrx_word' id='word_1_839' title='bbox 478 5476 1155 5566; x_wconf 37' lang='lat' dir='ltr'><strong>indigerehquijustiticat</strong></span> <span class='ocrx_word' id='word_1_840' title='bbox 1184 5483 1237 5536; x_wconf 88' lang='lat' dir='ltr'><strong>in</strong></span> <span class='ocrx_word' id='word_1_841' title='bbox 1271 5482 1375 5537; x_wconf 87' lang='lat' dir='ltr'><strong>ﬁde</strong></span> <span class='ocrx_word' id='word_1_842' title='bbox 1398 5494 1454 5538; x_wconf 82' lang='lat' dir='ltr'><strong>et</strong></span> <span class='ocrx_word' id='word_1_843' title='bbox 1477 5486 1942 5544; x_wconf 81' lang='lat' dir='ltr'><strong>miserationibus.</strong></span> 
     </span>
    </p>
   </div>
   <div class='ocr_carea' id='block_1_107' title="bbox 548 5590 1641 5656">
    <p class='ocr_par' dir='ltr' id='par_1_107' title="bbox 548 5590 1641 5656">
     <span class='ocr_line' id='line_1_107' title="bbox 548 5590 1641 5656; baseline 0.012 -13"><span class='ocrx_word' id='word_1_844' title='bbox 548 5591 594 5622; x_wconf 82' lang='lat'>”</span> <span class='ocrx_word' id='word_1_845' title='bbox 618 5590 791 5646; x_wconf 84' lang='lat' dir='ltr'><strong>Galat.</strong></span> <span class='ocrx_word' id='word_1_846' title='bbox 829 5611 903 5655; x_wconf 80' lang='lat' dir='ltr'><strong>Ill,</strong></span> <span class='ocrx_word' id='word_1_847' title='bbox 936 5595 1081 5650; x_wconf 67' lang='lat'><strong>842.</strong></span> <span class='ocrx_word' id='word_1_848' title='bbox 1197 5598 1241 5627; x_wconf 65' lang='grc'><strong>⁵³⁵</strong></span> <span class='ocrx_word' id='word_1_849' title='bbox 1283 5599 1413 5652; x_wconf 78' lang='lat' dir='ltr'><strong>ibid.</strong></span> <span class='ocrx_word' id='word_1_850' title='bbox 1460 5605 1641 5656; x_wconf 59' lang='grc' dir='ltr'>ιε-ιε.</span> 
     </span>
    </p>
   </div>
   <div class='ocr_carea' id='block_1_108' title="bbox 481 5659 1444 5732">
    <p class='ocr_par' dir='ltr' id='par_1_108' title="bbox 481 5659 1444 5732">
     <span class='ocr_line' id='line_1_108' title="bbox 481 5659 1444 5732; baseline 0.006 -16"><span class='ocrx_word' id='word_1_851' title='bbox 481 5659 525 5692; x_wconf 77' lang='grc'><strong>’⁸</strong></span> <span class='ocrx_word' id='word_1_852' title='bbox 559 5659 717 5716; x_wconf 78' lang='lat' dir='ltr'><strong>Rom.</strong></span> <span class='ocrx_word' id='word_1_853' title='bbox 742 5680 791 5728; x_wconf 85' lang='lat' dir='ltr'><strong>v,</strong></span> <span class='ocrx_word' id='word_1_854' title='bbox 828 5664 908 5717; x_wconf 73' lang='lat' dir='ltr'><strong>l5.</strong></span> <span class='ocrx_word' id='word_1_855' title='bbox 994 5668 1005 5696; x_wconf 85' lang='lat'>&#39;</span> <span class='ocrx_word' id='word_1_856' title='bbox 1053 5668 1208 5720; x_wconf 82' lang='lat' dir='ltr'><strong>llum.</strong></span> <span class='ocrx_word' id='word_1_857' title='bbox 1259 5686 1327 5732; x_wconf 74' lang='grc' dir='ltr'><strong>ιν,</strong></span> <span class='ocrx_word' id='word_1_858' title='bbox 1366 5671 1444 5722; x_wconf 57' lang='lat' dir='ltr'><strong>lii.</strong></span> 
     </span>
    </p>
   </div>
   <div class='ocr_carea' id='block_1_109' title="bbox 1758 5607 2186 5662">
    <p class='ocr_par' dir='ltr' id='par_1_109' title="bbox 1758 5607 2186 5662">
     <span class='ocr_line' id='line_1_109' title="bbox 1758 5607 2186 5662; baseline 0.012 -5"><span class='ocrx_word' id='word_1_859' title='bbox 1758 5608 1803 5638; x_wconf 76' lang='grc'><strong>⁹⁵</strong></span> <span class='ocrx_word' id='word_1_860' title='bbox 1839 5607 1972 5662; x_wconf 79' lang='lat' dir='ltr'><strong>ibid.</strong></span> <span class='ocrx_word' id='word_1_861' title='bbox 2013 5608 2186 5662; x_wconf 70' lang='lat'><strong>19-26.</strong></span> 
     </span>
    </p>
   </div>
   <div class='ocr_carea' id='block_1_110' title="bbox 2159 4570 3760 4650">
    <p class='ocr_par' dir='ltr' id='par_1_110' title="bbox 2159 4570 3760 4650">
     <span class='ocr_line' id='line_1_110' title="bbox 2159 4570 3760 4650; baseline -0.004 -19"><span class='ocrx_word' id='word_1_862' title='bbox 2159 4578 2339 4650; x_wconf 81' lang='grc' dir='ltr'>μένων</span> <span class='ocrx_word' id='word_1_863' title='bbox 2362 4572 2674 4636; x_wconf 82' lang='grc' dir='ltr'>ἀσθενείας.</span> <span class='ocrx_word' id='word_1_864' title='bbox 2705 4571 3127 4644; x_wconf 80' lang='grc' dir='ltr'>παραδεικτικδς</span> <span class='ocrx_word' id='word_1_865' title='bbox 3155 4572 3211 4625; x_wconf 79' lang='grc' dir='ltr'>δὲ</span> <span class='ocrx_word' id='word_1_866' title='bbox 3243 4572 3443 4644; x_wconf 80' lang='grc' dir='ltr'>μᾶλλον</span> <span class='ocrx_word' id='word_1_867' title='bbox 3468 4570 3760 4641; x_wconf 83' lang='grc' dir='ltr'>πταισμά-</span> 
     </span>
    </p>
   </div>
   <div class='ocr_carea' id='block_1_111' title="bbox 2153 4658 3754 4737">
    <p class='ocr_par' dir='ltr' id='par_1_111' title="bbox 2153 4658 3754 4737">
     <span class='ocr_line' id='line_1_111' title="bbox 2153 4658 3754 4737; baseline -0.005 -13"><span class='ocrx_word' id='word_1_868' title='bbox 2153 4688 2262 4724; x_wconf 88' lang='grc' dir='ltr'><strong>των</strong></span> <span class='ocrx_word' id='word_1_869' title='bbox 2292 4667 2389 4722; x_wconf 72' lang='grc' dir='ltr'>καὶ</span> <span class='ocrx_word' id='word_1_870' title='bbox 2415 4664 2711 4737; x_wconf 82' lang='grc' dir='ltr'>ἁμαρτίας.</span> <span class='ocrx_word' id='word_1_871' title='bbox 2749 4682 2767 4716; x_wconf 81' lang='grc' dir='ltr'><strong>ι</strong></span> <span class='ocrx_word' id='word_1_872' title='bbox 2809 4658 2884 4719; x_wconf 64' lang='lat' dir='ltr'><strong>OB</strong></span> <span class='ocrx_word' id='word_1_873' title='bbox 2915 4664 3059 4734; x_wconf 79' lang='grc' dir='ltr'>γὰρ,</span> <span class='ocrx_word' id='word_1_874' title='bbox 3115 4665 3302 4736; x_wconf 70' lang='grc' dir='ltr'>φησιν,</span> <span class='ocrx_word' id='word_1_875' title='bbox 3342 4666 3442 4719; x_wconf 84' lang='grc' dir='ltr'>οὐκ</span> <span class='ocrx_word' id='word_1_876' title='bbox 3492 4662 3607 4717; x_wconf 81' lang='grc' dir='ltr'>ἐστι</span> <span class='ocrx_word' id='word_1_877' title='bbox 3657 4665 3754 4717; x_wconf 83' lang='grc' dir='ltr'><strong>νό-</strong></span> 
     </span>
    </p>
   </div>
   <div class='ocr_carea' id='block_1_112' title="bbox 2158 4755 3748 4833">
    <p class='ocr_par' dir='ltr' id='par_1_112' title="bbox 2158 4755 3748 4833">
     <span class='ocr_line' id='line_1_112' title="bbox 2158 4755 3748 4833; baseline -0.005 -18"><span class='ocrx_word' id='word_1_878' title='bbox 2158 4779 2278 4833; x_wconf 89' lang='grc' dir='ltr'>μος,</span> <span class='ocrx_word' id='word_1_879' title='bbox 2310 4759 2433 4813; x_wconf 76' lang='grc' dir='ltr'>οὐδὲ</span> <span class='ocrx_word' id='word_1_880' title='bbox 2475 4755 2811 4829; x_wconf 82' lang='grc' dir='ltr'>παράϐασις.</span> <span class='ocrx_word' id='word_1_881' title='bbox 2854 4776 2872 4803; x_wconf 77' lang='grc' dir='ltr'><strong>ι</strong></span> <span class='ocrx_word' id='word_1_882' title='bbox 2913 4757 3021 4810; x_wconf 72' lang='grc' dir='ltr'><strong>Καὶ</strong></span> <span class='ocrx_word' id='word_1_883' title='bbox 3049 4755 3234 4810; x_wconf 69' lang='grc' dir='ltr'>πάλιν*</span> <span class='ocrx_word' id='word_1_884' title='bbox 3274 4775 3293 4808; x_wconf 80' lang='grc' dir='ltr'><strong>ι</strong></span> <span class='ocrx_word' id='word_1_885' title='bbox 3319 4756 3430 4827; x_wconf 80' lang='grc' dir='ltr'><strong>Τὴν</strong></span> <span class='ocrx_word' id='word_1_886' title='bbox 3468 4755 3525 4808; x_wconf 84' lang='grc' dir='ltr'><strong>δέ</strong></span> <span class='ocrx_word' id='word_1_887' title='bbox 3558 4756 3748 4826; x_wconf 83' lang='grc' dir='ltr'>ἁμαρ-</span> 
     </span>
    </p>
   </div>
   <div class='ocr_carea' id='block_1_113' title="bbox 2153 4846 3749 4921">
    <p class='ocr_par' dir='ltr' id='par_1_113' title="bbox 2153 4846 3749 4921">
     <span class='ocr_line' id='line_1_113' title="bbox 2153 4846 3749 4921; baseline -0.004 -15"><span class='ocrx_word' id='word_1_888' title='bbox 2153 4852 2273 4906; x_wconf 88' lang='grc' dir='ltr'>τίαν</span> <span class='ocrx_word' id='word_1_889' title='bbox 2303 4850 2403 4905; x_wconf 85' lang='grc' dir='ltr'><strong>οῦκ</strong></span> <span class='ocrx_word' id='word_1_890' title='bbox 2423 4849 2592 4921; x_wconf 78' lang='grc' dir='ltr'>ᾔδειν.</span> <span class='ocrx_word' id='word_1_891' title='bbox 2626 4849 2677 4900; x_wconf 82' lang='grc' dir='ltr'>εἰ</span> <span class='ocrx_word' id='word_1_892' title='bbox 2719 4847 2794 4919; x_wconf 82' lang='grc' dir='ltr'>μὴ</span> <span class='ocrx_word' id='word_1_893' title='bbox 2836 4847 2925 4901; x_wconf 76' lang='grc' dir='ltr'><strong>διὰ</strong></span> <span class='ocrx_word' id='word_1_894' title='bbox 2957 4848 3145 4919; x_wconf 82' lang='grc' dir='ltr'>νόμου.</span> <span class='ocrx_word' id='word_1_895' title='bbox 3201 4848 3314 4902; x_wconf 81' lang='grc' dir='ltr'><strong>Καὶ</strong></span> <span class='ocrx_word' id='word_1_896' title='bbox 3351 4846 3615 4917; x_wconf 86' lang='grc' dir='ltr'>ἐλθούσης</span> <span class='ocrx_word' id='word_1_897' title='bbox 3643 4847 3749 4918; x_wconf 80' lang='grc' dir='ltr'><strong>τῆς</strong></span> 
     </span>
    </p>
   </div>
   <div class='ocr_carea' id='block_1_114' title="bbox 2153 4936 3749 5014">
    <p class='ocr_par' dir='ltr' id='par_1_114' title="bbox 2153 4936 3749 5014">
     <span class='ocr_line' id='line_1_114' title="bbox 2153 4936 3749 5014; baseline -0.004 -17"><span class='ocrx_word' id='word_1_898' title='bbox 2153 4942 2393 5014; x_wconf 83' lang='grc' dir='ltr'>ἐντολῆς,</span> <span class='ocrx_word' id='word_1_899' title='bbox 2423 4941 2609 5012; x_wconf 78' lang='grc' dir='ltr'>φησὶν,</span> <span class='ocrx_word' id='word_1_900' title='bbox 2635 4941 2670 5010; x_wconf 80' lang='grc' dir='ltr'><strong>ἡ</strong></span> <span class='ocrx_word' id='word_1_901' title='bbox 2705 4939 2952 5011; x_wconf 84' lang='grc' dir='ltr'>ἁμαρτία</span> <span class='ocrx_word' id='word_1_902' title='bbox 2978 4938 3262 5010; x_wconf 61' lang='grc' dir='ltr'>ἀνέζησεν</span> <span class='ocrx_word' id='word_1_903' title='bbox 3309 4938 3421 5008; x_wconf 87' lang='grc' dir='ltr'>ἐγὼ</span> <span class='ocrx_word' id='word_1_904' title='bbox 3444 4938 3502 4991; x_wconf 85' lang='grc' dir='ltr'>δὲ</span> <span class='ocrx_word' id='word_1_905' title='bbox 3534 4936 3749 4991; x_wconf 86' lang='grc' dir='ltr'>ἀπέθα-</span> 
     </span>
    </p>
   </div>
   <div class='ocr_carea' id='block_1_115' title="bbox 2154 5024 3746 5101">
    <p class='ocr_par' dir='ltr' id='par_1_115' title="bbox 2154 5024 3746 5101">
     <span class='ocr_line' id='line_1_115' title="bbox 2154 5024 3746 5101; baseline -0.006 -12"><span class='ocrx_word' id='word_1_906' title='bbox 2154 5050 2262 5089; x_wconf 84' lang='grc' dir='ltr'>νον.</span> <span class='ocrx_word' id='word_1_907' title='bbox 2297 5052 2315 5084; x_wconf 75' lang='grc' dir='ltr'><strong>ι</strong></span> <span class='ocrx_word' id='word_1_908' title='bbox 2342 5031 2453 5086; x_wconf 72' lang='grc' dir='ltr'><strong>Καὶ</strong></span> <span class='ocrx_word' id='word_1_909' title='bbox 2499 5029 2681 5084; x_wconf 88' lang='grc' dir='ltr'>πάλιν·</span> <span class='ocrx_word' id='word_1_910' title='bbox 2723 5048 2742 5082; x_wconf 80' lang='grc' dir='ltr'><strong>ι</strong></span> <span class='ocrx_word' id='word_1_911' title='bbox 2785 5030 2947 5100; x_wconf 76' lang='grc' dir='ltr'>’Ἄχρι</span> <span class='ocrx_word' id='word_1_912' title='bbox 2980 5028 3074 5082; x_wconf 88' lang='grc' dir='ltr'><strong>τοῦ</strong></span> <span class='ocrx_word' id='word_1_913' title='bbox 3125 5028 3293 5099; x_wconf 86' lang='grc' dir='ltr'>νόμου</span> <span class='ocrx_word' id='word_1_914' title='bbox 3327 5024 3394 5100; x_wconf 80' lang='grc' dir='ltr'><strong>ῆν</strong></span> <span class='ocrx_word' id='word_1_915' title='bbox 3416 5028 3661 5101; x_wconf 83' lang='grc' dir='ltr'>ἁμαρτία</span> <span class='ocrx_word' id='word_1_916' title='bbox 3684 5028 3746 5080; x_wconf 85' lang='grc' dir='ltr'><strong>ἐν</strong></span> 
     </span>
    </p>
   </div>
   <div class='ocr_carea' id='block_1_116' title="bbox 2153 5119 3742 5195">
    <p class='ocr_par' dir='ltr' id='par_1_116' title="bbox 2153 5119 3742 5195">
     <span class='ocr_line' id='line_1_116' title="bbox 2153 5119 3742 5195; baseline -0.004 -16"><span class='ocrx_word' id='word_1_917' title='bbox 2153 5125 2364 5195; x_wconf 80' lang='grc' dir='ltr'>κόσμῳ·</span> <span class='ocrx_word' id='word_1_918' title='bbox 2399 5121 2645 5194; x_wconf 86' lang='grc' dir='ltr'>ἁμαρτία</span> <span class='ocrx_word' id='word_1_919' title='bbox 2673 5120 2783 5192; x_wconf 82' lang='grc' dir='ltr'>γὰρ</span> <span class='ocrx_word' id='word_1_920' title='bbox 2814 5122 2914 5174; x_wconf 84' lang='grc' dir='ltr'>οὐκ</span> <span class='ocrx_word' id='word_1_921' title='bbox 2939 5121 3241 5190; x_wconf 81' lang='grc' dir='ltr'>ἐλλογεῖται</span> <span class='ocrx_word' id='word_1_922' title='bbox 3272 5120 3348 5193; x_wconf 73' lang='grc' dir='ltr'>μὴ</span> <span class='ocrx_word' id='word_1_923' title='bbox 3377 5121 3529 5184; x_wconf 84' lang='grc' dir='ltr'>ὄντος</span> <span class='ocrx_word' id='word_1_924' title='bbox 3552 5119 3742 5191; x_wconf 85' lang='grc' dir='ltr'>νόμου.</span> 
     </span>
    </p>
   </div>
   <div class='ocr_carea' id='block_1_117' title="bbox 2166 5212 3746 5287">
    <p class='ocr_par' dir='ltr' id='par_1_117' title="bbox 2166 5212 3746 5287">
     <span class='ocr_line' id='line_1_117' title="bbox 2166 5212 3746 5287; baseline -0.003 -18"><span class='ocrx_word' id='word_1_925' title='bbox 2166 5217 2223 5269; x_wconf 89' lang='lat'><strong>&#39;0</strong></span> <span class='ocrx_word' id='word_1_926' title='bbox 2249 5215 2357 5287; x_wconf 82' lang='grc' dir='ltr'>γὰρ</span> <span class='ocrx_word' id='word_1_927' title='bbox 2382 5214 2545 5285; x_wconf 85' lang='grc' dir='ltr'>νόμος</span> <span class='ocrx_word' id='word_1_928' title='bbox 2569 5212 2739 5286; x_wconf 82' lang='grc' dir='ltr'>ὀργὴν</span> <span class='ocrx_word' id='word_1_929' title='bbox 2759 5214 3179 5285; x_wconf 80' lang='grc' dir='ltr'>κατεργάζεται.</span> <span class='ocrx_word' id='word_1_930' title='bbox 3214 5232 3232 5264; x_wconf 75' lang='grc' dir='ltr'><strong>ι</strong></span> <span class='ocrx_word' id='word_1_931' title='bbox 3263 5212 3746 5281; x_wconf 82' lang='grc' dir='ltr'>Πεπαιδαγὼγηκε</span> 
     </span>
    </p>
   </div>
   <div class='ocr_carea' id='block_1_118' title="bbox 2152 5302 3748 5375">
    <p class='ocr_par' dir='ltr' id='par_1_118' title="bbox 2152 5302 3748 5375">
     <span class='ocr_line' id='line_1_118' title="bbox 2152 5302 3748 5375; baseline -0.004 -16"><span class='ocrx_word' id='word_1_932' title='bbox 2152 5306 2330 5359; x_wconf 85' lang='grc' dir='ltr'>τοίνυν</span> <span class='ocrx_word' id='word_1_933' title='bbox 2358 5307 2386 5358; x_wconf 86' lang='grc' dir='ltr'>ὁ</span> <span class='ocrx_word' id='word_1_934' title='bbox 2412 5305 2574 5375; x_wconf 87' lang='grc' dir='ltr'>νόμος</span> <span class='ocrx_word' id='word_1_935' title='bbox 2604 5304 2695 5358; x_wconf 80' lang='grc' dir='ltr'>ἐπὶ</span> <span class='ocrx_word' id='word_1_936' title='bbox 2723 5304 2981 5374; x_wconf 80' lang='grc' dir='ltr'>Χριστὸν,</span> <span class='ocrx_word' id='word_1_937' title='bbox 3025 5303 3265 5375; x_wconf 82' lang='grc' dir='ltr'>ἐλέγχων</span> <span class='ocrx_word' id='word_1_938' title='bbox 3305 5304 3435 5368; x_wconf 80' lang='grc' dir='ltr'>τοὺς</span> <span class='ocrx_word' id='word_1_939' title='bbox 3465 5302 3748 5373; x_wconf 77' lang='grc' dir='ltr'>παραϐαί-</span> 
     </span>
    </p>
   </div>
   <div class='ocr_carea' id='block_1_119' title="bbox 2152 5396 3745 5470">
    <p class='ocr_par' dir='ltr' id='par_1_119' title="bbox 2152 5396 3745 5470">
     <span class='ocr_line' id='line_1_119' title="bbox 2152 5396 3745 5470; baseline -0.001 -19"><span class='ocrx_word' id='word_1_940' title='bbox 2152 5415 2361 5463; x_wconf 89' lang='grc' dir='ltr'>νοντας,</span> <span class='ocrx_word' id='word_1_941' title='bbox 2398 5400 2492 5452; x_wconf 75' lang='grc' dir='ltr'>καὶ</span> <span class='ocrx_word' id='word_1_942' title='bbox 2521 5399 2658 5470; x_wconf 81' lang='grc' dir='ltr'>αὐτῇ</span> <span class='ocrx_word' id='word_1_943' title='bbox 2694 5400 2859 5470; x_wconf 77' lang='grc' dir='ltr'>πείρα</span> <span class='ocrx_word' id='word_1_944' title='bbox 2883 5397 3153 5451; x_wconf 72' lang='grc' dir='ltr'>διδάσκων</span> <span class='ocrx_word' id='word_1_945' title='bbox 3181 5399 3307 5463; x_wconf 80' lang='grc' dir='ltr'>τοὺς</span> <span class='ocrx_word' id='word_1_946' title='bbox 3338 5398 3431 5451; x_wconf 75' lang='grc' dir='ltr'><strong>ἐπὶ</strong></span> <span class='ocrx_word' id='word_1_947' title='bbox 3469 5398 3569 5467; x_wconf 83' lang='grc' dir='ltr'><strong>τῆς</strong></span> <span class='ocrx_word' id='word_1_948' title='bbox 3609 5396 3745 5466; x_wconf 86' lang='grc' dir='ltr'>γῆς,</span> 
     </span>
    </p>
   </div>
   <div class='ocr_carea' id='block_1_120' title="bbox 2134 5489 3747 5564">
    <p class='ocr_par' dir='ltr' id='par_1_120' title="bbox 2134 5489 3747 5564">
     <span class='ocr_line' id='line_1_120' title="bbox 2134 5489 3747 5564; baseline -0.001 -20"><span class='ocrx_word' id='word_1_949' title='bbox 2134 5491 2208 5557; x_wconf 86' lang='grc' dir='ltr'>ὼς</span> <span class='ocrx_word' id='word_1_950' title='bbox 2247 5491 2392 5546; x_wconf 75' lang='grc' dir='ltr'>ἔστιν</span> <span class='ocrx_word' id='word_1_951' title='bbox 2435 5494 2718 5564; x_wconf 76' lang='grc' dir='ltr'>ἀμήχανον</span> <span class='ocrx_word' id='word_1_952' title='bbox 2749 5491 2847 5563; x_wconf 79' lang='grc' dir='ltr'>τὴν</span> <span class='ocrx_word' id='word_1_953' title='bbox 2886 5493 2948 5545; x_wconf 86' lang='grc' dir='ltr'><strong>ἐκ</strong></span> <span class='ocrx_word' id='word_1_954' title='bbox 2981 5490 3145 5560; x_wconf 83' lang='grc' dir='ltr'>νόμου</span> <span class='ocrx_word' id='word_1_955' title='bbox 3189 5491 3473 5561; x_wconf 76' lang='grc' dir='ltr'>διαδρᾶναι</span> <span class='ocrx_word' id='word_1_956' title='bbox 3521 5489 3747 5561; x_wconf 77' lang='grc' dir='ltr'>γραφὴν</span> 
     </span>
    </p>
   </div>
   <div class='ocr_carea' id='block_1_121' title="bbox 2290 5603 3739 5677">
    <p class='ocr_par' dir='ltr' id='par_1_121' title="bbox 2290 5603 3739 5677">
     <span class='ocr_line' id='line_1_121' title="bbox 2290 5603 3739 5677; baseline -0.007 -14"><span class='ocrx_word' id='word_1_957' title='bbox 2290 5608 2516 5662; x_wconf 70' lang='lat' dir='ltr'><strong>&quot;Rom.</strong></span> <span class='ocrx_word' id='word_1_958' title='bbox 2557 5623 2627 5671; x_wconf 84' lang='lat' dir='ltr'><strong>tv,</strong></span> <span class='ocrx_word' id='word_1_959' title='bbox 2660 5607 2743 5659; x_wconf 69' lang='grc'><strong>15.</strong></span> <span class='ocrx_word' id='word_1_960' title='bbox 2824 5608 2866 5638; x_wconf 66' lang='lat'><strong>9’</strong></span> <span class='ocrx_word' id='word_1_961' title='bbox 2912 5607 3069 5660; x_wconf 78' lang='lat' dir='ltr'><strong>Rom.</strong></span> <span class='ocrx_word' id='word_1_962' title='bbox 3113 5620 3207 5677; x_wconf 77' lang='lat' dir='ltr'><strong>vn,</strong></span> <span class='ocrx_word' id='word_1_963' title='bbox 3245 5605 3297 5658; x_wconf 88' lang='grc'>7.</span> <span class='ocrx_word' id='word_1_964' title='bbox 3406 5603 3452 5636; x_wconf 73' lang='grc'><strong>’⁸</strong></span> <span class='ocrx_word' id='word_1_965' title='bbox 3490 5603 3623 5658; x_wconf 80' lang='lat' dir='ltr'><strong>ibid.</strong></span> <span class='ocrx_word' id='word_1_966' title='bbox 3679 5603 3739 5658; x_wconf 86' lang='lat'><strong>9.</strong></span> 
     </span>
    </p>
   </div>
  </div>
