4052 6212
264 278 373 335 137

1294 281 1813 343 ΩΙιΑΡΗΥΒΟῙίΗΜ
1851 289 1921 343 ΙΝ
1959 290 2259 349 GENESIM
2300 294 2428 350 LIB.
2469 293 2558 351 III.

3426 301 3527 359 I58

257 395 326 449 τδ
352 395 436 457 είς
454 393 734 465 ἁμαρτίαν
759 392 979 448 εὔκολον
1014 393 1415 464 ὴῤῥωστηκότα
1439 396 1532 450 τὸν
1553 396 1839 468 ἄνθρωπον
1913 400 1994 455 δεῖ
2021 403 2078 456 δὲ
2144 406 2363 470 πάντως
2406 406 2553 477 αύτῷ
2593 406 2689 476 τῆς
2730 404 2819 459 διὰ
2858 405 3093 478 Χριστοῦ
3130 406 3398 477 σωτηρίας
3432 409 3526 463 τοῦ

258 485 604 550 δικαιοῦντος
635 490 696 541 ὲν
727 488 911 540 πίστει
936 486 1032 540 καὶ
1061 486 1386 556 οίκτιρμοῖς.

340 574 413 644 β’.
447 574 723 646 Πρόδηλον
764 572 879 641 οὖν,
921 576 1003 628 ὅτι
1052 574 1152 645 τῆς
1187 576 1426 644 ἐφ’ήμῖν
1475 576 1785 647 οἰκονομίας
1823 582 1851 633 6

2022 580 2076 634 2.
2119 580 2466 637 Manifestum
2494 583 2680 653 itaque
2707 595 2811 649 est,
2836 583 2984 654 quod
3005 584 3074 639 ad
3102 583 3298 638 salutis
3321 590 3527 640 nostris

263 664 422 731 λόγος
471 667 910 735 ἀναγκαιοτάτην
954 665 1204 735 ἀπέφηνε
1230 664 1331 734 τῆς
1361 664 1449 718 διὰ
1482 666 1723 731 Μωσέως
1759 669 1847 721 ὲν-

263 755 427 824 τολῆς
487 754 582 824 τὴν
634 754 799 807 οἱονεὶ
859 754 1237 826 πρωνὰδειξιν
1272 756 1371 824 τῆς
1429 755 1659 809 κατόπιν
1686 757 1848 822 εὐθὺς

265 845 361 896 καὶ
386 846 445 897 ὲν
477 844 699 916 Χριστῷ
744 846 1060 916 δραμούσης
1092 846 1332 916 χάριτος,
1366 847 1847 920 παρακομιζούσης

265 938 349 998 είς
374 937 539 1006 μέσον
567 937 630 989 τὸ
657 936 718 1001 ἐξ
753 937 1084 1005 ἐπαγγελίας
1111 935 1249 990 Θεοῦ
1289 939 1847 1009 προαναφωνούμενον

266 1026 518 1096 σπέρμα,
543 1026 812 1089 τουτέστι,
846 1028 974 1089 τοὺς
1003 1029 1061 1080 ἐν
1095 1027 1314 1097 Χριστῷ
1351 1028 1439 1082 διὰ
1464 1028 1719 1092 πίστεως.
1749 1031 1846 1084 Γέ-

265 1130 397 1181 γονε
455 1114 565 1185 γὰρ
619 1114 761 1168 οὕτω
810 1115 994 1187 πατὴρ
1035 1118 1423 1189 ἀναριθμήτων
1473 1121 1502 1173 6
1561 1119 1848 1185 θεσπέσιος

277 1204 557 1276 ’Δὸραάμ.
593 1207 778 1276 Ἀθρει
818 1207 882 1277 δὴ
935 1203 1048 1272 οὖν,
1111 1207 1264 1279 ἄθρει
1294 1213 1393 1279 τῆς
1441 1211 1752 1282 οἰκονομίας
1787 1214 1850 1267 τὸ

268 1295 477 1366 σχῆμα,
516 1296 990 1367 διαπεπλασμένον
1026 1298 1255 1362 ἀστείως
1302 1300 1377 1363 ὡς
1406 1301 1465 1353 ὲν
1494 1302 1650 1373 τύπῳ
1688 1305 1849 1358 πάλιν

271 1390 339 1456 τῆ
359 1386 725 1455 τῶνάδελφῶν
749 1387 998 1459 ξυνωρίδι
1025 1392 1090 1460 τῇ
1116 1390 1173 1456 ἐξ
1191 1391 1374 1444 Ἰσαὰκ
1397 1431 1412 1455 ,
1440 1392 1611 1446 Ἠσαῦ
1634 1412 1716 1460 τε,
1746 1413 1850 1465 φη-

269 1479 329 1545 μί
352 1516 369 1538 ,
408 1479 506 1529 καὶ
556 1477 743 1548 μέντοι
808 1479 905 1532 καὶ
945 1480 1158 1534 ἰακώ6.
1195 1482 1405 1535 Οὐκοῦν
1455 1482 1641 1555 εἴρητο
1700 1486 1850 1555 παρὰ

265 1567 402 1621 Θεοῦ
432 1569 571 1640 πρὸς
604 1570 696 1622 τὸν
727 1569 1015 1626 Θεσπέσιον
1066 1572 1335 1644 Ἀϐραὰμ,
1373 1593 1392 1625 ι
1414 1575 1495 1628 ὅτι
1535 1576 1625 1628 Ἐν
1666 1577 1850 1631 Ἰσαὰκ

268 1658 599 1729 κληθήσεταί
625 1676 708 1713 σοι
745 1661 987 1731 σπέρμα.
1017 1680 1034 1713 ι
1061 1663 1439 1734 Διερμηνεύων
1457 1666 1512 1720 δὲ
1538 1666 1600 1720 τὸ
1637 1685 1850 1739 χρησμ-

263 1748 478 1819 ᾠδημα,
528 1751 847 1823 νομομαθὴς
872 1752 947 1805 ὢν
980 1756 1008 1807 6
1036 1754 1245 1819 Παῦλος
1265 1797 1280 1820 ,
1316 1776 1335 1809 ‹
1363 1758 1452 1828 Τῷ
1497 1758 1553 1812 δὲ
1594 1760 1851 1832 Ἀϐραὰμ

266 1840 577 1911 ὲρρέθησαν
619 1843 676 1894 αἱ
721 1844 1067 1912 ἐπαγγελίαι,
1098 1848 1253 1917 φησὶ,
1303 1850 1399 1902 καὶ
1449 1850 1527 1920 τῷ
1577 1852 1850 1922 σπέρματι

1953 672 2483 730 administrationem
2510 677 2881 732 necessarium
2913 676 3146 731 maxime
3178 675 3345 730 fuerit
3370 690 3532 729 man-

1954 763 2142 818 datum
2168 779 2267 832 per
2282 764 2502 835 Moysen
2522 765 2675 834 prius
2694 765 2945 835 proponi,
2959 766 3329 833 subsequente
3348 762 3531 817 statim

1953 853 2126 923 gratia
2167 854 2222 907 in
2253 852 2495 919 Christo,
2518 828 2772 924 atque-in
2794 828 3046 910 medium
3092 828 3406 924 proferente
3434 828 3564 924 Dei

1952 945 2319 1014 promissione
2377 945 2697 1015 praedictum
2722 958 2961 1010 -semen,
3027 944 3132 997 hoc
3179 952 3283 1007 est,
3348 940 3442 1011 qui
3476 919 3558 994 in,

1954 1035 2179 1092 Christo
2213 1045 2343 1091 sunt
2372 1053 2471 1106 per
2504 1037 2687 1091 ﬁdem.
2719 1037 2796 1091 Ita
2839 1037 2986 1091 enim
3022 1035 3200 1090 factus
3244 1042 3329 1089 est
3358 1033 3530 1087 Abra-
3616 1076 3627 1089 ,

1953 1128 2081 1182 ham
2126 1137 2285 1197 pater
2325 1127 2813 1182 innumerabilium
2852 1126 3117 1197 gentium.
3162 1124 3296 1181 Vide
3342 1125 3529 1192 itaque

1954 1219 2128 1276 divini
2162 1219 2378 1275 consilii
2407 1219 2676 1274 rationem
2706 1234 2769 1273 ac
2807 1218 3059 1283 formam,
3090 1217 3260 1271 veluti
3297 1216 3354 1269 in
3405 1224 3531 1284 typo

1956 1311 2360 1374 adumbratam,
2415 1310 2473 1364 in
2526 1310 2763 1375 duobus,
2798 1310 3042 1379 inquam,
3079 1305 3345 1361 fratribus
3400 1304 3530 1359 ﬁliis

1955 1402 2124 1466 Isaac,
2147 1402 2290 1455 Esau
2317 1401 2579 1454 nimirum
2603 1409 2659 1456 et
2695 1400 2883 1456 Jacob.
2939 1398 3153 1452 Dictum
3178 1396 3343 1465 igitur
3381 1402 3467 1447 est
3497 1408 3528 1448 a

1955 1491 2068 1545 Deo
2090 1491 2159 1544 ad
2187 1490 2434 1546 divinum
2486 1488 2941 1559 Abraham_quia,
2988 1505 3005 1537 ι
3034 1487 3092 1539 In
3126 1485 3273 1539 Isaac
3303 1482 3529 1537 vocabi-

1960 1592 2049 1638 tur
2070 1583 2169 1637 tibi
2191 1599 2398 1638 semen.
2422 1604 2439 1635 ι
2475 1582 2767 1652 Explicans
2794 1589 2975 1635 autem
3011 1577 3295 1631 oraculum
3327 1573 3531 1628 Paulus

1956 1676 2092 1746 legis
2127 1676 2358 1746 peritus,
2419 1675 2689 1729 «Abrahae
2741 1673 2901 1726 dictae
2940 1676 3068 1724 sunt
3114 1665 3527 1737 promissiones,

1956 1767 2158 1836 inquit,
2218 1774 2274 1820 et
2321 1765 2519 1821 semini
2567 1765 2708 1834 ejus.
2739 1763 2857 1816 Non
2904 1758 3071 1813 dicit:
3110 1758 3179 1811 Et
3201 1754 3526 1817 seminibus,

1957 1858 2114 1929 quasi
2143 1858 2198 1911 in
2228 1857 2433 1921 multis,
2465 1855 2561 1910 sed
2582 1853 2738 1924 quasi
2772 1853 2830 1905 in
2870 1866 2980 1905 uno
3008 1866 3020 1902 :
3065 1849 3134 1903 Et
3176 1846 3372 1901 semini
3408 1852 3526 1905 tuo,

265 1931 453 1984 αὐτοῦ.
484 1933 561 1985 Ού
586 1933 757 2001 λέγει,
786 1936 882 1988 καὶ
913 1939 1026 1999 τοῖς
1048 1938 1375 2009 σπέρμασιν,
1398 1940 1473 2003 ὡς
1502 1943 1593 1995 ἐπὶ
1622 1943 1850 2009 πολλῶν,

1958 1949 2051 2017 qui
2075 1957 2160 2003 est
2189 1947 2503 2002 Christus.»
2535 1946 2593 1999 In
2610 1942 2830 1998 Christo
2853 1955 2984 2010 ergo
3011 1936 3405 2008 promissiones
3429 1934 3530 1986 im-

509 2024 598 2091 ἐφ’
625 2024 763 2090 ὲνδς,
801 2027 911 2079 Καὶ
939 2026 1017 2097 τῷ
1047 2029 1324 2099 σπέρματί
1352 2049 1469 2095 σου,
1500 2033 1530 2086 ὅ
1551 2034 1670 2087 ἐστι
1717 2036 1851 2105 Χρι-

268 2114 409 2177 στός.
434 2133 454 2166 ι
488 2116 702 2170 Οὐκοῦν
733 2117 793 2169 ὲν
822 2117 1047 2189 Χριστῷ
1070 2120 1139 2173 τὰ
1162 2122 1546 2191 ἐπηγγελμένα
1578 2124 1853 2196 διεπεραί-

264 2222 408 2270 νετο,
439 2207 534 2260 καὶ
580 2210 665 2271 εἰς
709 2210 895 2262 είκόνα
942 2212 1036 2265 καὶ
1066 2211 1234 2266 τύπον
1270 2214 1435 2267 αὑτοῦ
1474 2216 1709 2269 τέθειται
1736 2234 1854 2280 πως

265 2298 296 2348 6
319 2298 529 2352 Ἰσαάκ.
548 2300 976 2371 Διερμηνεύεται
994 2302 1051 2354 δὲ
1080 2304 1113 2373 ή
1142 2303 1320 2358 τοιάδε
1352 2304 1559 2375 κλῆσις,
1579 2305 1731 2374 χαρὰ
1758 2306 1853 2359 καὶ

262 2385 631 2455 circulum.
674 2387 1013 2459 Ἀγαλλίαμα
1031 2391 1088 2444 δὲ
1108 2392 1198 2446 τὸν
1219 2393 1454 2463 Χριστὸν
1479 2394 1571 2447 καὶ
1589 2397 1617 2447 6
1652 2394 1851 2448 θεσπέ-

278 2492 395 2540 σιος
444 2479 612 2532 Δαεὶδ
656 2480 929 2550 ὠνόμαζε,
958 2482 1133 2550 λέγων
1181 2482 1256 2545 ὡς
1301 2485 1365 2537 ὲκ
1412 2485 1703 2555 προσώπου
1745 2485 1853 2540 τῶν

263 2564 635 2637 δεδιψηκότων
659 2568 757 2640 τὴν
781 2570 847 2623 δι’
879 2571 1043 2625 αὑτοῦ
1066 2574 1357 2643 σωτηρίαψ
1387 2593 1405 2625 ι
1427 2574 1498 2627 Τὸ
1537 2576 1853 2647 ἀγαλλίαμά

148 2690 153 2693 ι
268 2673 394 2726 μου,
436 2657 716 2729 λύτρωσαί
763 2680 831 2733 με
866 2663 975 2716 ἀπὸ
1013 2663 1121 2715 τῶν
1160 2664 1554 2720 κυκλωσάντων
1584 2685 1671 2737 με.
1703 2688 1722 2720 ι
1762 2671 1853 2722 Δι-

271 2747 594 2819 ενηξάμεθα
629 2751 740 2823 γὰρ
788 2755 848 2807 ἐν
886 2754 1109 2826 Χριστῷ
1142 2756 1239 2819 τὰς
1277 2756 1389 2809 τῶν
1438 2758 1723 2827 φονώντων
1753 2761 1849 2813 ἰπ-

264 2843 600 2905 αναστάσεις
617 2861 633 2875 ο
655 2845 751 2898 καὶ
776 2847 1171 2917 πεπατήκαμεν
1199 2848 1256 2901 ὲν
1282 2847 1430 2918 αύτῷ
1452 2849 1740 2921 σκορπίους
1758 2850 1854 2904 καὶ

265 2930 445 3001 ὄφεις,
479 2934 583 2986 καὶ
605 2936 699 2988 ἐπὶ
741 2936 946 2991 ἀσπίδα
987 2941 1081 2992 καὶ
1137 2939 1447 3010 βασιλίσκον
1483 2942 1760 3013 ἐπέσημεν
1804 2944 1854 2995 ol

265 3026 725 3090 πεπιστευκότες.
758 3028 881 3082 Ὀτι
905 3029 960 3082 δὲ
984 3031 1330 3101 ἀγαλλιαμα
1359 3035 1388 3086 6
1426 3026 1662 3104 Χριστὸς
1705 3031 1856 3102 παρὰ

264 3117 391 3178 ταῖς
446 3115 617 3180 θείαις
691 3118 935 3188 Γραφαίς
992 3121 1323 3191 ὠνόμασται,
1373 3124 1469 3177 καὶ
1523 3122 1855 3194 προφητικδς

264 3202 421 3269 ἡμᾶς
449 3202 731 3256 ἀναπείσει
766 3205 944 3275 λόγος.
975 3207 1129 3278 Ἔχει
1172 3210 1282 3281 γὰρ
1312 3204 1415 3266 ὦδε
1437 3228 1452 3243 ⁸
1485 3231 1503 3264 ι
1525 3212 1636 3265 Kal
1672 3214 1857 3266 ἀνατε-

265 3291 356 3344 λεί
387 3292 604 3363 Κύριος
629 3296 942 3369 δικαιοσύνη
991 3276 1085 3352 καί.
1124 3276 1445 3372 ἀγαλλίαμα
1488 3303 1727 3356 ἐναντίον
1747 3303 1855 3358 τῶν
1883 3276 1927 3336 C

264 3382 447 3435 ἐθνῶν
475 3385 716 3439 πάντων.
743 3405 762 3438 ›
805 3388 1004 3457 Γέγονε
1049 3389 1159 3462 γὰρ
1180 3394 1208 3445 6
1249 3393 1596 3464 Ἐμμανουήλ
1622 3394 1740 3464 οὐχὶ
1767 3394 1862 3464 μό-

267 3491 386 3539 νοις
400 3477 589 3543 τοῖςὲξ
629 3477 842 3551 Ἰσραὴλ
860 3480 996 3533 ἀλλὰ
1017 3481 1110 3534 καὶ
1129 3484 1237 3546 τοῖς
1251 3481 1355 3537 ἀνὰ
1375 3485 1552 3537 πᾶσαν
1566 3486 1662 3556 τὴν
1684 3486 1863 3539 οἰκου-

272 3567 449 3637 μένην
463 3567 648 3622 ἔθνεσί
673 3587 733 3623 τε
763 3572 857 3624 καὶ
888 3572 1039 3639 λαοῖς
1062 3572 1416 3643 δικαιοσύνη
1440 3577 1539 3631 καί
1577 3579 1859 3647 ἀγαλλία-

264 3675 375 3727 μα.
433 3659 847 3733 Δεδικαιώμεθα
900 3665 1012 3737 γὰρ
1067 3668 1126 3721 ὲν
1179 3667 1351 3738 αὐτῷ,
1385 3671 1481 3723 καὶ
1519 3669 1617 3740 τὴν
1659 3671 1724 3723 ἐκ
1761 3671 1862 3742 τῆς

269 3750 510 3820 ἀρχαίας
557 3753 700 3823 ἀρᾶς
746 3755 1056 3828 δυσφημίαν
1109 3759 1591 3831 ἀπεκρουσάμεθα.
1633 3763 1861 3834 Μετημι

272 3842 555 3913 φιέσμεθα
570 3844 682 3915 γὰρ
709 3845 898 3919 ὥσπερ
928 3850 1269 3928 εὐφροσύνην
1291 3852 1385 3906 καὶ
1409 3850 1604 3923 χαρὰν,
1629 3854 1858 3909 θανάτου

271 3935 368 3986 καὶ
409 3937 696 4007 ἁμαρτίας
728 3940 1159 4012 ἀπηλλαγμένοι.
1191 3944 1285 3997 καὶ
1328 3943 1383 3997 τί
1421 3944 1530 4018 γὰρ
1578 3947 1698 4017 οὐχὶ
1751 3946 1860 3999 τῶν

271 4025 483 4079 ἄνωθεν
512 4028 610 4082 καὶ
649 4033 803 4101 παρὰ
842 4031 979 4085 Θεοῦ
1014 4033 1416 4104 πλουτήσαντες
1447 4034 1700 4103 ἀγαθῶν;
1733 4038 1859 4090 Τοι-

274 4118 476 4187 γάρτοι
518 4119 823 4190 δοξολογείν
878 4124 1256 4195 δεδιδάγμεθα,
1295 4124 1543 4195 λέγοντες
1562 4143 1577 4159 '
1625 4147 1645 4179 ι
1679 4129 1861 4199 Ἀγαλ-
1910 4198 1911 4201 η

270 4206 483 4263 λιάσθω
502 4212 537 4281 ἠ
567 4211 713 4285 ψυχή
741 4231 843 4284 μου
877 4215 970 4268 ἐπὶ
1004 4216 1082 4287 τῷ
1112 4218 1320 4289 Κυρίῳ.
1370 4219 1618 4273 Ἐνέδυσε
1646 4221 1755 4293 γάρ
1790 4239 1857 4291 με

276 4299 499 4367 ἱμάτιον
526 4306 819 4376 σωτηρίου,
847 4308 942 4361 καὶ
970 4307 1173 4377 χιτῶνα
1200 4309 1560 4383 εὐφροσύνης.
1590 4332 1609 4364 ι
1645 4314 1755 4368 Καὶ
1775 4315 1861 4378 τίς

368 4388 707 4494 οὗτός-ἑστιν
755 4398 786 4450 6
834 4398 932 4468 τῆς
985 4399 1327 4471 εὐφροσύνης
1377 4402 1565 4472 χιτὼν,
1604 4409 1860 4477 σαφηνιεῖ

274 4483 450 4551 λέγων
485 4486 515 4538 6
548 4486 839 4557 ἱερώτατος
866 4490 1074 4554 Παῦλος
1104 4508 1118 4520 ·
1160 4494 1346 4548 «Ὅσοι
1376 4495 1487 4566 γὰρ
1514 4496 1594 4559 είς
1623 4497 1858 4569 Χριστὸν

1952 2041 2114 2111 pletaz
2142 2048 2291 2104 sunt,
2326 2046 2382 2093 et
2406 2038 2463 2091 in
2495 2036 2787 2106 imaginem
2811 2048 2873 2086 ac
2912 2041 3101 2103 typum
3133 2028 3284 2084 illius
3315 2025 3528 2095 positus

1953 2141 2039 2186 est
2061 2131 2343 2201 Isaac.96
2374 2129 2771 2197 Interpretatur
2796 2132 2979 2178 autem
3012 2123 3127 2176 hare
3153 2134 3257 2173 vox
3280 2116 3530 2188 gaudium

1954 2230 2012 2278 et
2025 2221 2505 2276 exsultatio.Porro
2529 2216 2699 2272 David
2725 2214 3004 2270 Christum
3024 2210 3190 2265 etiam
3206 2205 3529 2262 exsultatio-

1954 2328 2082 2369 nem
2114 2319 2294 2377 v6cat,
2343 2311 2535 2366 dicens
2590 2308 2759 2362 veluti
2811 2320 2880 2359 ex
2936 2315 3173 2372 persona
3213 2312 3405 2354 eorum
3434 2295 3529 2365 qui

1955 2406 2187 2461 salutem
2222 2420 2321 2475 per
2347 2404 2527 2474 ipsum
2549 2400 2905 2455 vehementer
2927 2392 3349 2450 desiderabant:
3383 2409 3399 2438 α
3420 2388 3529 2443 Ex-

1955 2496 2177 2551 sultatio
2204 2510 2494 2558 mea,erue
2518 2508 2606 2548 me
2635 2507 2666 2547 a
2688 2485 3160 2544 circumdantibus
3173 2498 3258 2537 me
3283 2484 3355 2534 ’.ιι
3386 2479 3525 2533 Eva-

1957 2589 2129 2644 simus
2149 2589 2296 2644 enim
2332 2588 2387 2641 in
2421 2585 2645 2642 Christo
2672 2585 2950 2638 latronum
2995 2577 3255 2639 insultus,
3301 2581 3360 2627 et
3398 2585 3528 2641 pro-

1958 2680 2294 2735 culcavimus
2311 2679 2368 2733 in
2392 2679 2513 2746 ipso
2534 2675 2782 2743 scorpios
2819 2688 2877 2728 et
2923 2679 3226 2741 serpentes,
3273 2675 3329 2721 et
3364 2675 3533 2734 Super

1958 2772 2202 2840 aspidem
2239 2779 2296 2827 et
2346 2768 2661 2823 basiliscum
2696 2762 3098 2818 ambulavimus
3134 2761 3176 2823 ⁸,
3217 2756 3528 2813 credentes.

1958 2861 2113 2927 Quod
2135 2875 2267 2915 vero
2304 2857 2588 2912 exsultatio
2607 2855 2863 2910 Christus
2896 2852 2952 2906 in
2982 2850 3155 2905 sacris
3188 2847 3413 2901 Litteris
3438 2860 3537 2900 vo-

1959 2957 2116 3005 catus
2140 2949 2231 3013 sit,
2263 2946 2623 3017 propheticus
2674 2944 2842 2997 etiam
2901 2954 3082 2995 sermo
3143 2943 3396 2991 testatur.
3454 2934 3535 2988 Ita

1958 3043 2105 3098 enim
2136 3040 2335 3095 habet:
2376 3057 2395 3090 (
2416 3037 2486 3092 Ει
2516 3036 2653 3091 oriri
2680 3034 2845 3089 faciet
2871 3031 3137 3087 Dominus
3175 3025 3445 3098 justitiam
3478 3031 3533 3079 et

1959 3130 2382 3189 exsultationem
2421 3142 2606 3183 coram
2634 3124 2896 3179 omnibus
2946 3118 3239 3193 gentibus"
3262 3134 3318 3192 ς)
3357 3114 3536 3169 factus

1961 3223 2231 3294 siquidem
2270 3230 2355 3277 est
2386 3216 2709 3275 Emmanuel
2753 3229 2867 3269 non
2912 3213 3045 3269 solis
3091 3208 3535 3273 Israeliticis,ve-

1962 3331 2086 3370 rum
2115 3314 2280 3369 etiam
2338 3311 2597 3367 omnibus
2619 3322 2717 3378 per
2750 3307 3071 3361 universum
3121 3303 3314 3357 orbem
3357 3308 3535 3355 terra—

1960 3423 2085 3461 rum
2127 3405 2383 3477 gentibus
2415 3417 2480 3457 ac
2528 3399 2746 3472 populis
2766 3398 2982 3468 justitia
3017 3405 3067 3449 et
3099 3393 3403 3448 exsultatio.
3443 3390 3540 3446 Juo

1961 3497 2177 3554 stiticati
2195 3496 2343 3550 enim
2380 3507 2571 3549 sumus
2594 3491 2649 3544 in
2678 3490 2820 3561 ipso,
2854 3487 3166 3556 veterisque
3195 3482 3539 3538 maledictio-

1961 3589 2050 3643 nis
2097 3586 2376 3642 infamiam
2431 3600 2463 3639 a
2511 3582 2672 3638 nobis
2737 3578 3094 3636 removimus.
3151 3575 3336 3631 lnduti
3388 3573 3539 3629 enim

1962 3677 2370 3750 quodammodo
2408 3690 2600 3730 sumus
2628 3670 2875 3728 ltetitiam
2909 3677 2967 3725 et
2995 3667 3280 3739 gaudium,
3309 3681 3341 3719 a
3362 3671 3540 3719 morte

1961 3779 2018 3826 et
2043 3767 2610 3841 peccatoliberati,et
2630 3764 2763 3835 quid
2813 3778 2926 3818 non
2964 3771 3329 3830 supernorum
3367 3757 3540 3810 bono-

1962 3879 2085 3918 rum
2114 3878 2146 3917 a
2190 3862 2303 3916 Deo
2366 3857 2695 3915 consecuti?
2735 3856 2947 3910 Idcirco
3012 3851 3178 3906 etiam
3230 3845 3537 3918 gloriﬁcare

1961 3952 2105 4007 docti
2149 3966 2358 4015 sumus,
2413 3949 2663 4003 dicentes
2697 3963 2710 3998 :
2744 3943 3031 3998 «Exsultet
3071 3939 3253 3993 anima
3300 3951 3423 3991 mea
3463 3936 3521 3989 in

1961 4044 2211 4099 Domino.
2243 4040 2429 4096 Induit
2456 4039 2605 4093 enim
2635 4051 2722 4090 me
2767 4042 2979 4089 vestem
3005 4031 3321 4093 salutarem,
3361 4023 3419 4082 ét
3450 4035 3537 4082 tuc-

1961 4136 2140 4189 nicam
2181 4130 2448 4187 laetitiae".
2474 4149 2492 4180 ι
2524 4129 2697 4183 Porro
2742 4138 2992 4196 quasnam
3053 4121 3125 4177 sit
3180 4121 3298 4176 haec
3350 4117 3534 4174 tunica

1960 4224 2185 4290 laetitiae,
2212 4222 2435 4278 divinus
2458 4218 2663 4276 Paulus
2687 4217 2949 4287 explicat,
2975 4212 3196 4269 dicens:
3221 4230 3238 4262 ι
3260 4208 3540 4279 Quotquot

1961 4316 2110 4371 enim
2139 4315 2198 4370 in
2226 4312 2449 4369 Christo
2507 4308 2770 4380 baptizati
2814 4307 2970 4371 estis,
3022 4303 3303 4360 Christum
3355 4298 3540 4354 indui-

1961 4409 2069 4465 stis
2107 4407 2139 4460 ⁶.
2173 4426 2192 4458 ι
2231 4405 2300 4459 Ει
2337 4418 2593 4458 rursum:
2624 4422 2641 4452 ‹
2664 4398 2960 4456 Induimini
3017 4394 3309 4450 Dominum
3349 4391 3536 4446 Iesum

1960 4500 2263 4561 Christum,
2296 4505 2355 4551 et
2376 4493 2560 4549 carnis
2588 4506 2777 4547 curam
2805 4504 2875 4543 ne
2913 4486 3135 4558 geratis,
3168 4483 3236 4537 ad
3271 4480 3537 4550 concupi-

273 4573 667 4648 ἐϐαπτίσθητε,
731 4581 969 4651 Χριστὸν
1037 4582 1379 4639 ἐνεδύσασθε.
1405 4605 1423 4638 ι
1487 4587 1597 4641 Καὶ
1658 4588 1853 4642 πᾶλιν·

1959 4589 2224 4648 scentiam
2246 4588 2289 4642 ".
2317 4605 2335 4638 ι
2371 4582 2676 4641 Exsultatio
2713 4581 2882 4651 igitur
2921 4579 3072 4633 Isaac
3120 4574 3293 4630 veluti
3340 4573 3397 4626 in
3450 4578 3538 4642 ty-

280 4684 303 4716 ι
341 4666 671 4723 Ἐνδύσασθε
706 4671 799 4725 τὸν
846 4671 1051 4745 Κύριον
1092 4676 1299 4746 Ἰησοῦν
1331 4678 1586 4748 Χριστὸν,
1630 4679 1726 4733 καὶ
1770 4680 1869 4751 τῆς

274 4758 481 4826 σαρκὸς
506 4759 763 4829 πρόνοιαν
799 4761 873 4834 μὴ
910 4763 1149 4818 ποιεῖσθε
1179 4767 1259 4829 είς
1291 4766 1603 4836 ἐπιθυμίαν.
1625 4788 1644 4820 ι
1685 4770 1872 4838 Ἀγαλ,

270 4846 446 4916 λίαμα
469 4848 650 4903 τοίνυν
678 4852 709 4904 6
753 4853 940 4908 Ἰσαὰκ
965 4855 1041 4917 ὡς
1073 4859 1131 4910 ὲν
1149 4856 1304 4928 τύπῳ
1331 4860 1567 4932 Χριστοῦ
1595 4863 1710 4924 τοῖς
1732 4878 1869 4933 προ-

269 4938 550 5008 κειμένοις
587 4943 719 5013 ἡμῖν
766 4943 1086 5017 θεωρήμασι
1118 4950 1517 5020 χρειωδέστατα
1549 4954 1860 5026 παρειλημ-

273 5029 459 5098 μένος.
492 5031 676 5104 Τούτῳ
704 5036 893 5104 γέγονε
946 5039 1210 5096 Ῥεϐέκκα
1244 5047 1399 5116 γυνή.
1444 5049 1860 5120 Διερμηνεύοιτο

269 5122 329 5174 δὲ
385 5122 453 5175 ἂν
505 5126 598 5177 καὶ
641 5127 808 5200 αῦτη,
845 5133 1106 5201 πλείστη
1157 5152 1217 5188 τε
1253 5139 1344 5190 καὶ
1381 5139 1496 5207 ὅση
1556 5142 1852 5210 ὑπομονὴ.

283 5214 446 5321 and:
504 5219 611 5321 acal-
640 5219 910 5321 satiatis
955 5226 1246 5297 πρόσωπον
1284 5232 1364 5293 είς
1401 5232 1462 5284 τὸ
1486 5231 1587 5302 τῆς
1625 5232 1855 5305 Ἐκκλη-

270 5309 398 5370 σξας
439 5309 875 5382 παραληψόμεθα
919 5316 1168 5382 νοοῦντες
1205 5320 1400 5391 ὀρθῶς,
1431 5318 1496 5395 ἦς
1539 5323 1599 5376 τὸ
1652 5324 1855 5377 εὐδόκι-

274 5400 468 5507 μονέν
507 5401 772 5507 ὑπομονῇ.
807 5407 914 5459 Καὶ
947 5409 1076 5476 γοῦν
1118 5415 1231 5476 τοῖς
1277 5413 1479 5485 ταύτης
1498 5416 1728 5479 τέκνοις,
1755 5418 1851 5483 τῆς

273 5494 354 5553 ὡς
393 5494 452 5545 ἐν
498 5494 697 5561 πίστει,
747 5499 912 5568 φημὶ,
957 5501 1051 5554 καὶ
1114 5503 1383 5574 πνεύματι
1412 5507 1703 5577 σωτηρίας,
1737 5505 1851 5567 ὁδὸς

350 5605 373 5634 ⁸
407 5604 545 5660 Psal.
576 5623 719 5663 xm.
753 5608 806 5661 ’ῖ-
920 5614 938 5645 ³
960 5614 1100 5669 Psal.
1135 5632 1217 5670 xc.
1248 5617 1332 5669 15.

278 5677 297 5705 ε
330 5673 467 5729 Luc.
512 5659 734 5738 ixi—.79.
769 5659 803 5661 '6
960 5659 981 5669 ’
1004 5659 1100 5669 “’“”
1136 5659 1217 5683 ”“’

1452 5617 1467 5647 ⁵
1516 5617 1616 5669 Ιδητι.
1672 5633 1773 5681 ιλιι,
1843 5616 1924 5668 ll.
2003 5616 2021 5645 ³
2057 5613 2190 5668 ibid.
2240 5609 2321 5663 l0.
2426 5604 2648 5657 6Galat.
2704 5619 2779 5656 Ill.
2832 5600 2917 5652 27.

1966 4699 2100 4757 pum
2142 4681 2346 4739 Christi
2390 4680 2447 4735 in
2503 4678 2590 4732 his
2635 4668 3194 4731 commentationibus
3245 4666 3541 4723 utilissime

1967 4776 2130 4832 nobis
2160 4773 2449 4845 accipitur.
2504 4770 2675 4841 Hujus
2714 4774 2898 4821 autem
2945 4778 3084 4818 uxor
3133 4759 3237 4815 fuit
3267 4759 3539 4813 Rebecca.

1966 4868 2365 4936 Interpretatur
2410 4875 2544 4916 vero
2584 4858 2748 4913 etiam
2805 4854 2939 4917 haec,
2982 4867 3193 4906 summa
3255 4846 3535 4919 patientia.

1966 4958 2075 5014 Sed
2102 4964 2159 5011 et
2177 4956 2344 5025 hujus
2370 4964 2662 5021 personam
2686 4948 2743 5002 in
2775 4945 3039 5001 Ecclesia:
3084 4950 3273 5011 typum
3297 4937 3537 5025 accipie-

1964 5064 2107 5113 mus,
2127 5024 2286 5117 cujus
2312 5041 2482 5114 gloria
2517 5040 2573 5093 in
2592 5036 2878 5113 patientia.
2907 5035 3075 5088 Porro
3113 5029 3277 5099 hujus
3298 5025 3446 5087 ﬁliis,
3470 5024 3539 5079 iis

1963 5116 2207 5209 inquam,
2237 5134 2332 5205 qui
2360 5132 2417 5186 in
2450 5129 2557 5184 (ide
2578 5139 2635 5184 et
2675 5126 2871 5197 spiritu
2910 5125 3138 5193 degunt,
3175 5119 3264 5173 via
3294 5117 3362 5172 ad
3388 5116 3538 5171 salu-

1963 5208 2074 5286 tem
2101 5232 2185 5281 est
2214 5221 2496 5295 patientia.
2536 5220 2614 5274 Ita
2640 5218 2787 5271 enim
2812 5229 2979 5270 sacrae
2998 5212 3218 5266 Littera:
3245 5208 3379 5278 ipsis
3405 5222 3533 5279 pro-

1962 5321 2260 5379 clamant,.
2292 5311 2527 5369 subinde
2578 5307 2798 5379 quidem
2847 5323 2859 5357 ε
2902 5303 2999 5357 «In
3042 5299 3305 5371 patientia
3355 5307 3537 5352 vestra

1962 5404 2313 5481 possidebitis
2333 5404 2543 5459 animas
2561 5407 2773 5453 vestras
2804 5394 2857 5460 ⁸;
2890 5415 2907 5446 ι
2937 5393 3173 5450 subinde
3193 5406 3358 5447 vero:
3392 5408 3411 5439 ‹
3433 5389 3539 5442 Pa-

1968 5480 2158 5558 tientia
2198 5497 2356 5552 vobis
2417 5491 2727 5547 necessaria
2785 5497 2889 5545 est.
2944 5496 3004 5541 ut
3050 5485 3386 5539 voluntatem
3438 5480 3535 5535 Dei

3032 5597 3227 5654 "Bom.
3283 5595 3397 5656 xm,
3448 5594 3538 5652 Η.
