4050 6210
474 213 571 273 159

1493 214 1548 271 s.
1589 214 1865 272 CYRILLI
1900 213 2370 271 ALEXANDBINI
2408 210 2730 269 ARCHIEP.

3635 208 3742 264 ιω

467 334 755 396 ta:ientes,
785 332 1081 402 reportetis
1113 332 1542 403 promissionem
1567 336 1611 388 '.
1641 353 1659 386 ι
1697 334 1834 391 Vide
1868 336 2053 406 itaque

2162 333 2453 404 πέφηνενή
2488 331 2758 402 ὑπομονή.
2809 326 2966 403 Ἰεροί
3017 326 3127 400 γὰρ
3172 325 3358 390 αὐτοῖς
3406 342 3737 398 προσπεφυ-

471 424 776 482 Rebeccam
841 424 996 480 tarde
1034 424 1256 494 quidem
1302 435 1469 496 atque
1498 441 1641 496 aegre
1691 435 1911 482 uterum
1963 426 2047 482 fe-

470 527 682 572 rentem
711 515 870 587 (anus
909 515 1057 571 enim
1099 514 1263 585 erat),
1286 531 1408 587 qua;
1439 524 1623 572 tamen
1655 515 1726 572 ob
1777 532 2049 573 summam

470 605 568 661 Dei
633 620 764 676 erga
827 603 979 659 Isaac
1053 603 1488 660 muniﬁcentiam
1555 613 1727 673 atque
1803 618 2050 659 amorem

469 693 792 765 pepererit:
837 692 983 747 Esau
1039 691 1265 763 quidem
1331 692 1782 763 primogenitum,
1834 693 2050 748 statim-

469 801 577 855 que
627 793 753 855 post
811 785 959 840 hunc
1023 784 1192 840 Jacob
1220 823 1234 850 ,
1304 783 1413 853 97
1462 798 1562 853 per
1626 798 1767 853 quos
1846 783 2053 853 optime

470 873 692 943 quidem
755 873 918 928 nobis
988 886 1211 927 rursum
1265 870 1376 925 duo
1434 869 1667 940 populi,
1724 868 2055 927 Israeliticus

469 965 733 1020 nimirum
769 972 826 1020 et
869 964 1123 1035 gentilis,
1177 961 1576 1032 exprimantur.
1634 959 1801 1030 Atqui
1851 961 2058 1030 primo-

469 1056 687 1128 genitus
717 1054 940 1133 quidem
994 1055 1158 1110 Israel
1204 1054 1246 1086 ¹⁰
1284 1072 1298 1108 :
1340 1055 1491 1125 prior
1520 1055 1669 1112 enim
1712 1064 1938 1110 vocatus
1972 1062 2059 1109 est

470 1163 573 1217 per
630 1146 806 1216 legem
837 1164 849 1199 :
892 1145 1169 1201 secundus
1204 1159 1336 1201 vero
1374 1155 1501 1216 post
1532 1146 1710 1212 illum,
1742 1147 1834 1217 qui
1863 1145 1921 1201 in
1951 1144 2057 1200 ﬁde

473 1255 574 1309 per
607 1236 906 1293 Christum.
936 1235 1131 1293 Videat
1171 1244 1353 1292 autem
1385 1237 1512 1307 quis
1545 1237 1781 1292 duorum
1823 1235 2055 1305 populo-

474 1345 598 1385 rum
620 1330 677 1384 in
705 1328 925 1405 ingenio
961 1343 1025 1382 ac
1053 1329 1303 1384 moribus
1322 1328 1714 1393 differentiam,
1742 1336 1798 1384 et
1821 1342 1890 1382 ex
1923 1325 2059 1396 ipsis

473 1416 813 1483 nominibus,
849 1416 1050 1487 quibus
1087 1426 1319 1487 uterque
1355 1418 1674 1483 vocabatur,
1717 1425 1775 1472 et
1830 1430 1899 1471 ex
1944 1417 2060 1485 ipsa

473 1523 767 1580 corporum
783 1506 959 1563 forma
985 1507 1100 1563 sive
1123 1508 1536 1564 constitutione.
1560 1509 1704 1563 Esau
1720 1507 1869 1563 enim
1891 1506 2061 1561 inter-

474 1606 724 1672 pretatur
751 1615 992 1671 quercus,
1023 1599 1131 1653 hoc
1167 1610 1270 1665 est,
1315 1599 1466 1654 dirus
1497 1609 1660 1670 atque
1704 1598 1931 1670 rigidus.
1963 1599 2057 1653 Di-

2149 427 2344 499 νήκασι
2367 426 2535 497 λόγοι,
2554 424 2685 479 ποτὲ
2707 423 2823 494 μὲν,
2841 424 2922 477 ὅτι
2950 438 2968 473 ι
2990 421 3155 492 Ἐντῇ
3169 419 3413 490 ὑπομονῇ
3435 418 3593 489 ὑμῶν
3612 418 3736 490 κτή-

2150 517 2316 571 σασθε
2349 517 2450 580 τὰς
2474 516 2655 588 ψυχὰς
2702 514 2882 586 ὑμῶν’
2911 533 2930 565 ι
2979 512 3113 565 ποτὲ
3140 510 3199 565 δὲ
3223 509 3290 565 αὖ
3312 526 3326 542 ’
3368 528 3388 562 ι
3427 508 3737 581 ’Υπομονῆς

2148 608 2256 679 γὰρ
2294 607 2444 680 ἔχετε
2476 607 2688 679 χρείαν,
2729 606 2817 659 ἵνα
2844 603 2906 656 τὸ
2937 602 3150 674 θέλημα
3182 601 3278 655 τοῦ
3313 598 3451 654 Θεοῦ
3478 601 3741 670 ποιήσαν-

2148 698 2283 769 τες),
2331 695 2632 767 κομίσησθε
2672 694 2770 765 τὴν
2822 691 3174 761 ἐπαγγελίαν.
3201 709 3220 742 ι
3262 690 3406 761 Ὅρα
3438 689 3618 743 τοίνυν
3639 688 3743 759 τὴν

2162 788 2458 843 Ῥεϐέκκαν
2479 789 2576 858 ὀψὲ
2616 786 2713 858 μὲν
2751 784 2846 839 καὶ
2878 784 3028 856 μόλις
3052 780 3348 837 ὠδίνουσαν
3391 781 3605 852 (στείρα
3628 780 3742 852 γὰρ

2150 875 2240 952 ἦν,
2287 878 2661 935 ἀποτεκοῦσαν
2701 877 2746 931 δ’
2779 871 2872 931 οῦν
2907 877 3057 947 ὅμως
3105 877 3169 928 ὲκ
3214 872 3528 943 φιλοτιμίας
3576 871 3739 938 Θεοῦ,

2154 972 2248 1027 καὶ
2294 971 2353 1038 ἐξ
2392 971 2721 1040 ἀγαπήσεως
2752 966 2974 1030 Ἰσαὰκ,
3007 965 3099 1019 τόν
3151 982 3210 1019 τε
3249 964 3423 1018 Ἠσαῦ
3468 964 3560 1018 τὸν
3588 981 3742 1035 πρω-

2154 1063 2397 1127 τότοκον,
2421 1062 2516 1116 καὶ
2540 1061 2702 1123 εὐθὺς
2720 1059 2952 1113 κατόπιν
2992 1057 3138 1111 ἰόντα
3169 1055 3264 1109 τὸν
3303 1055 3520 1109 Ἰακώϐ.
3549 1056 3630 1107 Δι’
3663 1047 3741 1109 ὧν

2164 1150 2223 1208 εὖ
2264 1154 2408 1225 μάλα
2460 1153 2625 1207 πάλιν
2674 1152 2806 1221 ἡμῖν
2852 1147 3262 1214 ἑξεικονισθεῖεν
3294 1145 3359 1200 ἂν
3392 1147 3442 1199 οἰ
3473 1144 3568 1199 δύο
3594 1145 3739 1209 λαοὶ,

2161 1247 2189 1300 δ
2215 1262 2276 1298 τε
2314 1243 2549 1315 Ἰσραὴλ,
2584 1241 2680 1296 καὶ
2722 1239 2906 1311 μέντοι
2941 1239 3037 1292 καὶ
3068 1237 3129 1302 εξ
3155 1236 3347 1290 ἐθνῶν.
3375 1234 3488 1288 Kal.
3519 1234 3549 1287 6
3591 1251 3750 1300 πρω-

2151 1337 2378 1400 τότοκος
2411 1334 2512 1405 μὲν
2547 1334 2577 1388 6
2625 1331 2862 1403 Ἰσραὴλ,
2885 1327 3368 1403 (προεισκέκληται
3393 1324 3504 1399 γὰρ
3535 1325 3629 1381 διὰ
3654 1345 3748 1380 νο-

2163 1433 2316 1501 imo)-
2348 1428 2598 1498 δεύτερος
2620 1424 2677 1479 δὲ
2714 1423 2809 1478 καὶ
2854 1423 2970 1494 μετ’
2994 1424 3219 1487 ἐκεῖνον,
3260 1410 3289 1475 6
3333 1420 3392 1472 tv
3422 1419 3606 1480 πίστει
3657 1418 3748 1472 δια

2160 1519 2416 1593 Χριστοῦ.
2454 1519 2583 1572 Ἰδοι
2612 1516 2658 1570 δ’
2675 1515 2740 1570 ἄν
2767 1530 2853 1577 τις
2873 1511 2980 1568 τῶν
3001 1511 3097 1565 δύο
3114 1510 3259 1565 λαῶν
3281 1509 3379 1581 τὴν
3418 1508 3492 1573 ὡς
3516 1510 3575 1561 tv
3600 1505 3746 1576 γνὼ-

2166 1630 2242 1687 μῃ
2284 1614 2379 1667 καὶ
2416 1610 2638 1684 τρόποις
2670 1605 2949 1677 διαφορὰν,
2972 1605 3066 1658 καί¹
3085 1603 3144 1669 ἐξ
3183 1601 3384 1665 αὐτῶν,
3419 1598 3575 1671 οἶμαί
3607 1617 3740 1664 που,

474 1704 625 1749 ctum
651 1701 736 1747 est
774 1699 954 1746 autem
990 1690 1193 1745 alicubi
1230 1689 1300 1744 ad
1338 1690 1597 1746 lsraelem
1630 1706 1662 1745 a
1698 1691 1811 1745 Deo
1842 1708 1855 1744 :
1897 1709 1916 1742 ι
1948 1689 2056 1746 Co-

2162 1684 2265 1760 τῶν
2292 1704 2571 1775 ὀνομάτων
2598 1702 2634 1756 ἃ
2658 1697 2726 1773 ἦν
2751 1702 2808 1754 tv
2845 1699 3068 1775 ἀμφοῖν,
3106 1694 3202 1749 καὶ
3229 1695 3295 1748 ὲκ
3334 1697 3437 1766 τῆς
3480 1694 3590 1748 τῶν
3633 1710 3745 1746 aw-

476 1799 680 1855 gnosco
705 1798 807 1854 ego
826 1781 973 1853 quod
1001 1781 1178 1837 durus
1197 1796 1258 1836 es
1294 1791 1350 1836 et
1370 1795 1574 1835 nervus
1613 1780 1829 1836 ferreus
1871 1780 2057 1837 cervix

477 1886 572 1931 tua
600 1882 657 1931 et
678 1874 829 1930 frons
873 1884 966 1930 tua
995 1888 1146 1929 aenea
1175 1873 1258 1927 ¹⁰⁶.
1288 1872 1458 1929 Iacob
1495 1887 1630 1928 vero
1655 1870 2053 1943 supplantator,

476 1968 583 2023 hoc
609 1975 713 2031 est,
746 1966 970 2032 artifex,
1007 1964 1123 2020 sive
1152 1963 1411 2019 vincendi
1462 1963 1693 2034 peritus.
1736 1962 2059 2033 Supplantat

476 2059 625 2115 enim
641 2059 765 2129 quis
786 2073 914 2113 eum
930 2072 1094 2127 quem
1124 2054 1337 2111 vicerit.
1373 2054 1556 2111 Vincit
1598 2062 1782 2110 autem
1835 2053 2079 2110 omnino‘

476 2165 590 2207 non
616 2149 850 2220 populus
874 2148 931 2201 in
964 2146 1105 2217 lege,
1138 2144 1235 2201 sed
1266 2145 1361 2215 qui
1405 2144 1464 2199 in
1491 2143 1711 2200 Christo
1736 2160 1837 2215 per
1873 2143 2057 2208 ﬁdem,

478 2239 687 2311 quique
737 2237 949 2309 peccati
1002 2235 1409 2291 accusationem
1454 2234 1725 2305 effugerit,
1758 2234 2061 2304 mortisque

479 2327 772 2400 imperium
801 2324 1097 2381 obtuderit.
1125 2325 1293 2380 Porro
1313 2325 1457 2379 Esau
1495 2342 1513 2375 ι
1531 2322 1684 2379 rufus
1708 2331 1826 2378 erat
1844 2331 2008 2388 totus,
2035 2342 2053 2376 ι

479 2422 557 2479 ita
605 2421 755 2477 enim
780 2420 1045 2490 scriptum
1078 2427 1181 2483 est,
1216 2437 1235 2469 ι
1259 2426 1316 2472 et
1346 2418 1495 2473 velut
1527 2417 1685 2488 pellis
1722 2417 2002 2484 hirsutus;
2034 2436 2054 2471 ι

479 2515 648 2573 Iacob
695 2522 879 2569 autem
908 2512 995 2566 vir
1030 2510 1216 2581 glaber
1251 2509 1373 2565 sive
1402 2509 1553 2564 laevis
1585 2509 1646 2563 ¹¹.
1683 2508 1941 2565 Flavities
1977 2518 2063 2582 ty-

479 2622 586 2680 pus
602 2612 688 2662 est
702 2605 922 2662 ferociae
950 2611 1114 2673 atque
1140 2602 1235 2657 ira:
1258 2642 1273 2667 ,
1312 2600 1585 2671 siquidem
1614 2616 1807 2655 verum
1835 2610 1939 2665 est,
1967 2617 2063 2655 ru-

480 2698 775 2757 bicundam
794 2698 852 2752 in
886 2696 969 2750 ira
986 2693 1212 2765 percitis
1232 2700 1413 2748 cutem
1444 2690 1581 2746 ﬁeri.
1612 2690 1768 2757 Quod
1796 2707 1929 2748 vero
1947 2691 2065 2746 bir-

478 2793 667 2843 sutum
689 2800 754 2841 ac
790 2783 1030 2854 pilosum
1055 2798 1197 2847 esse,
1237 2781 1476 2837 ferinum
1498 2780 1589 2846 sit,
1618 2796 1728 2851 quo
1758 2789 1920 2850 pacto
1943 2783 2066 2851 quis

480 2874 869 2932 dubitaverit?
896 2872 1074 2943 Atque
1114 2870 1428 2943 huiusmodi
1466 2870 1628 2940 plane
1660 2871 1907 2926 moribus
1922 2887 2064 2942 pra:-

480 2968 655 3022 ditum
670 2965 925 3021 lsraelem
949 2963 1105 3019 facile
1119 2964 1244 3034 quis
1259 2963 1677 3026 animadvertat,
1692 2962 1875 3016 animo
1897 2961 2064 3015 nimi-

482 3071 605 3110 rum
623 3054 1009 3141 vel‘intellectu
1030 3052 1379 3108 convenienti
1389 3051 1770 3116 constitutum,
1792 3049 1890 3105 sed
1907 3050 2064 3107 valde

483 3155 825 3210 renuentem,
848 3144 984 3199 etad
1003 3141 1261 3197 ferociam
1292 3142 1787 3212 crudelitatemque
1805 3158 2060 3213 pronum.

482 3235 815 3291 Occiderunt
841 3233 991 3288 enim
1028 3240 1246 3288 sanctos
1267 3233 1565 3302 prophetas
1586 3272 1601 3296 ,
1636 3240 1800 3303 atque
1825 3232 1962 3289 adeo
2007 3233 2065 3289 in

485 3328 662 3397 ipsum
699 3324 919 3380 tandem
955 3324 1369 3380 Emmanuelem
1409 3324 1576 3395 impie
1604 3332 1857 3398 egerunt.
1898 3325 2063 3381 Leni-

485 3428 569 3474 tas
598 3432 730 3472 vero
760 3416 1047 3487 proprium
1077 3415 1332 3471 humanae
1362 3414 1551 3472 formae
1584 3425 1669 3473 est
1697 3417 1931 3490 signum.
1961 3419 2064 3476 lli-

486 3511 557 3565 tis
580 3518 761 3565 autem
791 3509 1146 3564 vehementer
1179 3514 1236 3563 et
1274 3522 1486 3562 summe
1514 3518 1832 3566 mansuetus
1854 3518 1938 3566 est
1961 3526 2064 3566 no-

484 3615 588 3660 vus
613 3608 672 3655 et
690 3615 789 3670 per
808 3597 972 3653 ﬁdem
998 3596 1252 3667 populus.
1292 3596 1417 3652 Oris
1453 3598 1600 3653 enim
1633 3600 1903 3670 elegantia
1946 3600 2064 3655 evi-

485 3690 624 3746 dens
656 3696 1040 3761 argumentum
1080 3693 1165 3742 est
1206 3686 1597 3743 intellectualis
1632 3688 1747 3743 sive
1788 3688 2066 3745 interioris

486 3781 941 3855 pulchritudinis;
971 3778 1428 3851 quemadmodum
1469 3781 1527 3835 in
1556 3780 1701 3835 Esau
1723 3780 1957 3836 feritatis
1993 3781 2069 3837 si-

486 3892 652 3949 gnum
672 3891 794 3932 esse
817 3874 1055 3930 diximus
1079 3873 1357 3929 hirsutum
1391 3888 1456 3929 ac
1481 3871 1682 3927 ﬂavum
1715 3889 1857 3929 esse.
1887 3873 2064 3931 Caete-

489 3987 612 4027 rum
636 3969 857 4039 utrique
907 3983 1017 4023 una
1060 3972 1182 4022 erat
1242 3973 1435 4031 mater,
1480 3965 1743 4021 nimirum
1793 3966 2060 4024 Rebecca.

485 4059 751 4130 Adjunxit
791 4067 973 4112 autem
1001 4056 1536 4125 sibiipsiEcclesiam
1572 4056 1836 4114 Dominus
1876 4065 2065 4114 noster

487 4149 648 4206 Jcsus
668 4147 921 4203 Christus
942 4146 1209 4216 virginem
1234 4158 1435 4203 castam
1453 4147 1780 4202 servientem
1799 4148 2064 4219 quodam-

490 4236 654 4292 modo
692 4236 748 4292 in
779 4236 1252 4307 regenerationem
1300 4235 1645 4305 spiritualem
1680 4237 1916 4292 duorum
1960 4254 2061 4310 po-

2168 1796 2353 1868 μάτων
2408 1795 2572 1860 ἰδέας,
2602 1795 2720 1864 ἦτοι
2773 1789 3138 1860 κατασκευῆς.
3191 1786 3252 1841 '0
3282 1786 3383 1858 μὲν
3427 1786 3535 1857 γὰρ
3564 1783 3743 1839 Ἡσαῦ

2154 1882 2569 1957 διερμηνεύεται
2592 1881 2758 1952 δρῦς,
2790 1878 3089 1940 τουτέστιν,
3113 1876 3329 1948 ἀπηνὴς
3351 1893 3409 1930 τε
3432 1875 3527 1929 καὶ
3558 1876 3746 1945 ἀκαμα-

2160 1977 2288 2041 πής.
2342 1974 2572 2047 Εἴρηται
2623 1972 2679 2027 δέ
2711 1989 2812 2026 που
2856 1970 2994 2042 πρὸς
3041 1969 3134 2023 τὸν
3188 1966 3407 2039 Ἰσραὴλ
3448 1966 3602 2037 παρὰ
3642 1963 3743 2018 τοῦ

2158 2066 2293 2120 Θεοῦ
2328 2083 2349 2119 ι
2374 2064 2632 2119 Γινώσκω
2652 2062 2761 2133 ἐγὼ
2776 2064 2855 2117 ὅτι
2884 2059 3118 2132 σκληρὸς
3145 2054 3213 2122 εἴ,
3242 2059 3335 2112 καὶ
3365 2059 3555 2129 νεῦρον
3585 2055 3743 2127 σιδη-

2162 2157 2287 2229 ροῦν
2316 2159 2345 2211 6
2371 2156 2638 2228 τράχηλός
2656 2171 2770 2219 σου,
2813 2153 2907 2207 καὶ
2931 2151 2993 2206 τὸ
3029 2149 3277 2222 μέτωπόν
3310 2166 3403 2203 σου
3434 2146 3730 2219 χαλκοῦν.»

2161 2246 2532 2316 Πτερνιστὴς
2572 2246 2630 2299 δὲ
2664 2245 2693 2296 6
2737 2242 2952 2309 Ἰακὼϐ,
2991 2241 3257 2304 τουτέστι,
3310 2238 3576 2309 τεχνίτης,
3619 2237 3745 2307 ἦτοι

2161 2339 2317 2408 νικᾷν
2336 2334 2508 2400 εἰδώς.
2530 2335 2780 2406 Πτερνιεί
2805 2334 2915 2405 γάρ
2942 2350 3026 2396 τις
3058 2332 3117 2385 δν
3147 2330 3213 2384 ἂν
3232 2330 3463 2400 ήττήσῃ.
3496 2327 3647 2398 Νικᾷ
3682 2327 3743 2381 δὲ

2161 2427 2227 2498 δὴ
2252 2427 2488 2493 πάντως,
2522 2426 2620 2497 οὐχ
2648 2428 2676 2480 6
2704 2427 2762 2478 tv
2781 2425 2929 2495 νόμῳ
2953 2424 3099 2489 λαὸς,
3124 2422 3238 2476 ἀλλ’
3264 2424 3293 2476 ό
3323 2423 3380 2475 tv
3406 2418 3625 2490 Χριστῷ
3648 2418 3742 2473 διὰ

2164 2518 2416 2583 πίστεως,
2446 2518 2541 2571 καὶ
2563 2518 2630 2570 τὰ
2660 2517 2725 2571 ὲκ
2754 2516 2852 2587 τῆς
2894 2514 3167 2586 ἁμαρτίας
3193 2506 3504 2583 διαδραμὼν
3539 2509 3744 2580 ἐγκλή-

2168 2627 2334 2682 ματα,
2368 2611 2461 2663 καὶ
2492 2609 2626 2662 αὐτὸ
2649 2606 3043 2679 καταμωύνων
3059 2604 3154 2658 τοῦ
3179 2604 3412 2658 θανάτου
3433 2603 3494 2657 τδ
3511 2600 3738 2673 κράτος.

2165 2699 2274 2752 Kal.
2300 2700 2328 2752 6
2363 2697 2462 2768 μὲν
2505 2695 2676 2751 Ἠσαῦ
2709 2695 3041 2768 «ςπυρρἀκης
3083 2689 3151 2764 ἦν
3199 2693 3347 2757 ὅλος·
3371 2711 3388 2745 ι
3429 2691 3743 2762 γέγραπται

2163 2789 2273 2858 γὰρ
2294 2786 2411 2851 ὡδὶ,
2450 2805 2469 2836 ι
2496 2786 2604 2838 Kal.
2651 2783 2785 2837 ὡσεὶ
2815 2783 2949 2854 δορὰ
2987 2781 3187 2846 δασύς”
3212 2800 3232 2834 ι
3285 2780 3425 2853 ἀνὴρ
3456 2779 3513 2833 δὲ
3539 2779 3682 2843 λεῖος
3711 2780 3745 2832 6

2176 2879 2387 2933 Ἰακώϐ.
2415 2877 2649 2947 Αίνιγμα
2675 2876 2739 2947 δὴ
2780 2870 2873 2929 οὖν
2901 2877 2933 2946 ἡ
2972 2874 3273 2946 πυρρότης,
3308 2871 3487 2942 θυμοῦ
3512 2872 3608 2923 καὶ
3635 2873 3737 2942 ὀρ-

2165 2972 2291 3042 Υῆς’
2325 2971 2481 3042 εἴπερ
2535 2968 2682 3023 ἐστὶν
2740 2966 2955 3038 ἀληθῶς
3001 2965 3077 3029 ὡς
3121 2965 3350 3037 ἐρυθρὸν
3401 2964 3489 3017 ἀεί
3531 2979 3650 3025 πως
3679 2962 3746 3016 τ’)

2166 3063 2365 3136 χρῶμα
2383 3064 2495 3124 τοῖς
2520 3060 2579 3113 tv
2607 3059 2816 3132 όργαῖς.
2853 3057 3234 3129 Θηριοπρεπὶς
3263 3056 3322 3109 δὲ
3361 3056 3444 3109 ὅτι
3462 3054 3524 3107 τὸ
3549 3052 3741 3107 λασιό-

2163 3170 2348 3226 τριχον
2381 3155 2475 3207 καλ⁵
2505 3152 2662 3218 δασὺ,
2698 3150 2817 3215 πῶς
2857 3149 2924 3204 ἂν
2969 3147 3263 3203 ὲνδοιόισειέ
3295 3162 3408 3212 τις;
3445 3144 3665 3199 Κατίδοι
3691 3143 3743 3200 δ’

2163 3244 2250 3309 ἂν,
2280 3239 2452 3314 οἶμαι,
2497 3244 2604 3307 πᾶς
2620 3259 2705 3307 τις
2727 3243 2784 3295 tv
2814 3243 2925 3306 τοῖς
2954 3239 3213 3303 τοιούτοις
3238 3238 3370 3292 ὄντα
3403 3236 3623 3310 τρόποις
3646 3235 3745 3289 τὸν

2175 3335 2423 3406 Ἰσραήλο
2478 3334 2574 3388 καὶ
2610 3333 2769 3405 θυμῷ
2813 3332 2912 3404 μὲν
2956 3333 2989 3403 ἢ
3026 3329 3271 3402 λογισμῷ
3319 3329 3397 3400 τῷ
3448 3328 3745 3398 καθήκοντι

2163 3427 2554 3498 διοικούμενον
2604 3424 3001 3479 ἀπονενευκότα
3047 3423 3105 3476 δὲ
3148 3422 3269 3475 λίαν
3335 3423 3415 3484 εἰς
3463 3417 3741 3489 τὸ¹θρασῦ

2164 3519 2259 3572 καὶ
2287 3518 2584 3589 ἀνήμερον.
2618 3515 2906 3585 Τοιγάρτοι
2932 3515 3026 3568 καὶ
3060 3512 3387 3568 ἀπεκτόνασι
3418 3511 3516 3582 μὲν
3549 3509 3743 3578 ἁγίους

2164 3610 2446 3682 προφήτας
2465 3647 2481 3670 ,
2517 3606 2941 3677 δεδυσσεὸήκασι
2966 3605 3023 3659 δὲ
3049 3605 3146 3659 καὶ
3173 3606 3254 3668 εἰς
3291 3603 3451 3658 αὑτὸν
3490 3602 3548 3653 tv
3572 3602 3749 3672 έσχάο

2161 3715 2274 3758 τοις
2299 3698 2390 3752 τὸν
2425 3695 2789 3768 Ἐμμανουήλ.
2835 3696 2901 3748 Ἥ
2921 3694 2979 3748 δέ
3005 3711 3069 3763 γε
3087 3693 3320 3766 λειότης,
3351 3691 3743 3763 ἁνθρωποπρεο

2165 3787 2301 3853 ποῦς
2340 3789 2485 3852 ἰδέας
2525 3788 2752 3859 μήνυσις
2783 3774 3037 3858 ἐναργής.
3076 3786 3276 3847 Ἥπιος
3299 3782 3356 3837 δὲ
3381 3783 3611 3853 σφόδρα,
3638 3783 3741 3835 καὶ

2165 3881 2300 3935 πολὺ
2345 3880 2410 3952 δὴ
2448 3879 2565 3933 λίαν
2611 3877 2826 3949 βλέπων
2854 3872 2946 3931 ἐπὶ
2977 3876 3040 3930 τὸ
3062 3876 3290 3947 ἥμερον,
3327 3875 3355 3926 6
3392 3874 3512 3937 νέος
3548 3889 3606 3926 τε
3644 3874 3744 3926 καὶ

2163 3971 2222 4026 tv
2245 3970 2428 4024 πίστει
2455 3969 2603 4032 λαός.
2646 3967 2712 4021 Ἦ
2743 3966 2850 4038 γὰρ
2880 3966 2974 4020 τοῦ
3017 3967 3285 4036 στόματος
3315 3964 3618 4034 ἀστειότης,
3654 3964 3741 4024 εἰς

2164 4060 2483 4135 παράδειξιν
2535 4060 2688 4115 ἔσται
2738 4059 2886 4130 σαφῆ
2927 4058 3022 4113 τοῦ
3055 4055 3245 4127 νοητοῦ
3297 4072 3357 4109 τε
3394 4055 3489 4110 καὶ
3536 4052 3745 4107 ἔσωθεν

2162 4154 2413 4218 κάλλους.
2436 4152 2699 4222 Καθάπερ
2730 4149 2923 4221 ἀμέλει
2959 4148 3053 4202 καὶ
3074 4149 3132 4201 ὲν
3172 4143 3372 4210 Ἡσαῦ,
3408 4143 3743 4215 ἀγριότητος

2169 4243 2310 4300 εἶναι
2350 4246 2573 4316 σημεῖον
2621 4240 2934 4312 δεδώκαμεν
2982 4239 3043 4293 τὸ
3077 4237 3210 4292 δασύ
3256 4254 3316 4291 τε
3363 4236 3457 4290 καὶ
3488 4234 3741 4306 ἐρυθρόν.

490 4329 766 4403 pulorum.
796 4327 1070 4395 Quantum
1104 4327 1253 4383 enim
1282 4327 1479 4384 attinet
1501 4329 1570 4384 ad
1593 4329 1767 4401 ipsius
1799 4331 2062 4393 adventus

2171 4337 2316 4408 Πλὴν
2344 4336 2546 4406 ἀμφοῖν
2574 4335 2753 4404 μήτηρ
2778 4328 2847 4404 ἦν
2878 4330 2997 4402 μία,
3039 4329 3341 4394 τουτέστιν,
3368 4328 3402 4399 ἡ
3446 4325 3740 4381 Ῥεϐέκκα.

489 4436 751 4491 scopum,
808 4418 1066 4474 formavit
1087 4433 1185 4474 eos
1217 4417 1275 4472 in
1313 4434 1484 4475 unum
1511 4435 1716 4476 novum
1766 4420 2066 4492 hominem,

488 4510 831 4566 constituens
868 4522 1080 4578 pacem,
1114 4514 1170 4562 et
1221 4507 1520 4563 concilians
1556 4516 1820 4580 utrosque
1859 4511 1916 4566 in
1959 4528 2070 4569 uno

491 4600 710 4670 spiritu,
759 4598 905 4653 sicut
936 4597 1201 4667 scriptum
1238 4606 1324 4653 est
1346 4599 1408 4653 ".
1437 4598 1706 4655 Caeterum
1726 4609 1844 4656 erat
1862 4602 2072 4659 discors

492 4689 659 4745 Israel
683 4704 715 4743 a
748 4702 891 4742 novo
912 4688 1117 4757 populo
1138 4728 1153 4753 ,
1194 4689 1467 4746 exsistens
1504 4690 1807 4746 secundum
1853 4700 2073 4764 tempus

489 4782 604 4853 98
628 4779 1045 4851 primogenitus.
1080 4780 1195 4836 IIoc
1219 4781 1391 4847 enim,
1431 4790 1493 4838 ut
1543 4782 1803 4849 arbitror,
1858 4784 2068 4856 signifi-

492 4881 581 4927 cat
601 4870 745 4926 fetus
770 4869 826 4924 in
858 4878 1016 4926 utero
1047 4869 1379 4936 subsultare,
1402 4871 1643 4928 futuram
1664 4874 2070 4945 quodammodo

493 4959 835 5015 inimicitiam
894 4957 1284 5030 signiﬁcantes.
1338 4959 1494 5027 Quod
1546 4977 1679 5018 vero
1726 4966 2072 5035 praestantior

493 5057 638 5105 esset
653 5050 870 5106 futurus
889 5064 1064 5104 novus
1087 5089 1100 5114 ,
1133 5050 1416 5120 multoque
1453 5050 1809 5108 celebriorem
1842 5055 2069 5125 gloriam

494 5147 890 5194 consecuturus
914 5154 1079 5208 quam
1104 5138 1266 5194 Israel
1288 5138 1707 5209 primogenitus,
1742 5142 2070 5214 signiﬁcavit

498 5227 683 5283 statim
707 5227 753 5282 is
777 5227 867 5284 cui
888 5229 1072 5282 omnia
1103 5236 1231 5283 sunt
1259 5229 1556 5298 explorata,
1583 5230 1658 5285 ita
1683 5230 1876 5288 dicens
1910 5250 1922 5287 :
1956 5252 1976 5286 ‹
2002 5234 2071 5289 Et

497 5316 734 5388 populus
754 5316 1018 5387 populum
1051 5316 1351 5386 superabit,
1374 5327 1431 5371 et
1454 5318 1627 5388 major
1651 5320 1855 5376 serviet
1891 5322 2069 5377 mino-

500 5407 547 5463 ri
575 5406 637 5461 ¹³.
671 5425 690 5458 ›
716 5407 1045 5464 Praedictum
1078 5407 1226 5461 enim
1257 5416 1341 5462 est
1368 5407 1435 5463 de
1470 5408 1718 5481 utrisque
1750 5411 2068 5482 mysterium

572 5532 594 5563 '
618 5530 786 5586 lIebr.
813 5547 866 5593 κ,
889 5531 975 5584 56.
1060 5532 1099 5563 '°
1128 5531 1297 5587 Exod.
1331 5548 1401 5598 tv,
1438 5532 1525 5588 22.

508 5599 667 5657 Rosu.
699 5616 773 5663 ix,
805 5598 886 5654 lo.

1608 5534 1668 5565 ’θ’
1697 5533 1798 5587 Isa.
1826 5549 2000 5597 sum,
2024 5535 2076 5591 4.
2159 5538 2196 5568 ¹¹
2230 5536 2365 5593 Gen.
2393 5551 2512 5599 xxv,
2538 5534 2624 5587 25.

2166 4428 2483 4501 Παρέστησε
2505 4426 2561 4479 δὲ
2585 4424 2763 4495 ἑαυτῷ
2786 4426 2884 4495 τὴν
2933 4421 3262 4493 Ἐκκλησίαν
3284 4421 3313 4474 6
3339 4419 3541 4491 Κύριος
3575 4420 3607 4488 ὴ
3616 4417 3747 4487 μῶν

2178 4520 2384 4593 Ἰησοῦς
2465 4517 2702 4589 Χριστὸς
2766 4514 3036 4587 παρθένον
3113 4513 3282 4584 ἁγνὴν
3360 4507 3749 4582 ὑπηρετοῦσαν

2165 4612 2354 4682 ὥσπερ
2395 4610 2474 4674 εἰς
2533 4607 2888 4677 ἀναγέννησιν
2928 4605 3026 4676 τὴν
3075 4601 3447 4674 πνευματικὴν
3485 4599 3595 4653 τῶν
3645 4598 3749 4652 δύο

2165 4703 2330 4757 λαῶν.
2371 4702 2534 4754 Ὅσον
2553 4698 2662 4770 γὰρ
2683 4692 2817 4770 ἧκεν
2844 4700 2924 4761 εἰς
2944 4697 3036 4751 τὸν
3066 4695 3166 4763 τῆς
3194 4692 3490 4765 ἐπιδημίας
3513 4689 3744 4752 σκοπὸν,

2167 4795 2380 4850 ἔκτισεν
2409 4791 2606 4856 αὐτοὺς
2632 4792 2712 4854 εἰς
2739 4790 2837 4844 ἕνα
2879 4788 3065 4842 καινὸν
3108 4787 3418 4856 ἄνθρωπον,
3448 4782 3619 4835 ποιῶν
3662 4782 3747 4834 εἰ-

2170 4886 2376 4959 ρήνην,
2423 4885 2518 4938 καὶ
2571 4879 3066 4937 ἀποωταλλάσσων
3104 4879 3232 4942 τοὺς
3287 4874 3632 4947 ἀμφοτέρους
3679 4874 3744 4924 ὲν

2167 4979 2249 5032 tvl.
2291 4975 2558 5046 πνεύματι
2618 4972 2759 5027 κατὰ
2790 4971 2851 5025 τὸ
2901 4969 3312 5042 γεγραμμένον.
3354 4966 3494 5020 Ἀλλ’
3541 4962 3609 5037 ἦν
3649 4962 3749 5029 ἑξ-

2168 5067 2319 5137 ήνιος
2354 5065 2383 5117 6
2428 5061 2645 5141 Ἰσραὴλ
2670 5061 2765 5114 καὶ
2801 5058 3129 5130 ἀσύμφωνος
3158 5057 3238 5128 τῷ
3284 5055 3396 5126 νέῳ
3424 5054 3561 5124 λαῷ,
3594 5053 3746 5105 κατὰ

2167 5154 2356 5227 χρόνον
2400 5152 2475 5205 ὢν
2501 5149 2863 5223 πρωτότοκος.
2899 5147 3058 5217 Δηλοί
3084 5145 3212 5216 γὰρ,
3229 5141 3382 5216 οἶμαί
3407 5143 3507 5197 πού
3540 5159 3610 5205 τι,
3640 5143 3747 5194 καὶ

2167 5247 2231 5300 τὸ
2263 5248 2321 5299 tv
2351 5245 2488 5315 αὐτῇ
2518 5244 2584 5312 τῇ
2611 5240 2763 5311 νηδύϊ
2805 5240 3137 5311 ἀνασκιρτᾷν
3165 5237 3235 5292 τὰ
3263 5237 3460 5310 βρέφη,
3483 5234 3579 5304 τὴν
3621 5234 3749 5295 ἐσο-

2175 5337 2342 5409 μένην
2379 5335 2567 5404 ὢσπερ
2596 5330 2793 5403 ἔχθραν
2836 5329 3299 5401 ύποσημαίνοντα.
3331 5328 3454 5382 Ὅτι
3484 5325 3539 5379 δὲ
3581 5323 3743 5393 ἀμεί·

2173 5444 2277 5481 νων
2317 5428 2344 5479 6
2380 5424 2497 5486 νέος
2539 5422 2713 5485 ἔσται,
2752 5421 2846 5476 καὶ
2883 5422 2942 5473 ἐν
2978 5420 3199 5491 εὐκλείᾳ
3234 5422 3303 5490 τῇ
3330 5414 3747 5489 προφερεστέρᾳ

2707 5536 2747 5564 ¹¹
2773 5533 2972 5603 Ephes.
3001 5548 3058 5599 ιι,
3092 5532 3175 5587 16.
3257 5530 3299 5563 ⁸³
3328 5530 3463 5586 Gen.
3488 5526 3748 5596 xxv,23;
