4052 6212
238 298 334 355 {6|
1273 300 1794 360 GLAPHYRORUM
1833 304 1902 360 IN
1941 303 2240 360 GENESIM
2283 304 2411 358 LIB.
2457 305 2545 359 III.
3402 317 3506 372 £63

233 410 388 479 παρά
433 408 527 461 τὸν
580 408 798 480 Ἰσραὴλ
851 408 942 461 τὸν
1007 413 1371 481 πρωτότοκον,
1442 417 1789 486 κατεσήμανε

1893 469 1898 479 ,
1923 420 2088 473 etiam
2121 435 2217 489 per
2235 437 2424 476 vocem
2453 431 2768 477 sanctorum
2790 463 2803 487 ,
2831 422 3085 494 quodque
3114 423 3276 480 Israel
3327 429 3501 497 genti-

234 497 396 560 εὐθὺς
428 497 458 548 6
488 497 669 550 πάντα
687 497 863 562 εἰδὼς,
891 497 1034 550 οὕτω
1057 499 1230 567 λέγων
1249 518 1262 530 ·
1307 503 1446 556 «Καὶ
1480 504 1509 554 6
1538 504 1664 568 λαὸς
1689 505 1793 558 λαολ

1926 509 2030 564 bus
2058 525 2088 562 a
2113 517 2266 581 tergo
2304 511 2590 580 ponendus
2605 524 2772 578 esset,
2802 514 3154 569 multifariam
3184 516 3344 572 nobis
3360 532 3502 586 pra:-

234 585 514 656 ὗτπρέξει,
569 587 665 639 καὶ
717 589 746 640 6
793 587 1000 657 μείζων
1057 587 1332 643 δουλεύσει
1377 592 1453 663 τῷ
1495 594 1765 648 ἐλάσσονι.

1918 601 2230 656 nuntiatum
2267 612 2369 669 est,
2406 604 2518 658 Deo
2540 621 2655 659 rem
2692 607 2746 660 in
2770 607 2888 681 ipso
2918 607 3082 662 etiam
3129 616 3288 676 partu
3315 617 3502 664 osten-

233 677 684 748 Προεκηρὺττετο
729 677 828 748 μὲν
875 678 984 750 γὰρ
1025 679 1094 733 ’τὸ
1129 681 1218 732 ἐπ’
1273 682 1473 752 ἀμφοῖν
1526 687 1792 756 μυστήριο

1921 689 2106 746 dente.
2148 693 2304 748 Prior
2334 695 2480 749 enim
2499 696 2569 750 in
2608 698 2783 752 lucem
2808 677 3012 768 prodiit
3038 715 3104 754 ex
3131 709 3286 756 utero
3332 702 3498 767 Esau,

232 768 326 817 καὶ
368 767 458 819 διὰ
517 768 704 837 φωνῆς
750 767 958 836 ἁγίων·
1013 769 1107 823 καὶ
1167 771 1249 824 ὅτι
1295 773 1525 826 κατόπιν
1557 774 1678 843 ἥξει
1716 775 1793 828 τῶ

1921 791 2145 836 secutus
2173 794 2355 840 autem
2395 797 2478 842 est
2509 788 2698 855 Jacob,
2725 767 2853 858 quia
2891 792 3262 860 supplantabit
3296 801 3352 846 et
3381 792 3501 846 vin-

229 856 402 908 ὲθνῶν
426 859 456 908 6
494 857 734 928 Ἰσραὴλ,
761 858 1110 928 πολυτρόπως
1141 863 1276 930 ημῖν
1305 865 1781 934 προεπηγγέλλετο

1921 881 2008 925 cet
2046 873 2303 941 fratrem,
2338 879 2483 947 quod
2532 895 2629 949 per
2668 856 2910 937 calcanei
2943 856 3062 952 ejus
3100 883 3498 954 apprehensio—

229 942 367 996 Θεοῦ
405 945 463 997 δέ
494 945 556 997 τὸ
584 946 773 1017 χρῆμα
799 948 894 1000 καὶ
919 949 978 999 ἐν
1002 949 1152 1019 αὐτῷ
1183 949 1262 1021 τῷ
1296 951 1438 1022 τόκῳ
1466 953 1793 1022 δεικνύοντος

1921 977 2046 1017 nem
2074 965 2431 1035 signiﬁcatur.

227 1037 602 1140 tp-oeifmms
650 1040 759 1140 μὲν.
790 1039 1118 1140 τῆς-νηδύος
1155 1046 1184 1095 6
1232 1045 1424 1140 "ﬂuuii,
1469 1048 1652 1102 εἵπετο
1693 1051 1748 1104 δέ
1783 1055 1811 1106 ό
1855 1055 2086 1125 Ἰακὼϐ,
2151 1062 2232 1114 ὅτι
2279 1067 2523 1134 πτερνιεί
2561 1067 2655 1120 καὶ
2698 1038 2912 1139 νικήσει
2957 1068 3051 1122 τὸν
3114 1069 3375 1140 ἀδελφὸν,
3408 1071 3496 1126 διά

221 1127 321 1181 τοῦ
353 1130 457 1199 τῆς
483 1130 714 1201 πτέρνης
742 1130 1071 1201 ἐπειλῆφθαι
1099 1135 1471 1201 κατώεικνὺς.

295 1228 373 1287 γ’.
408 1222 519 1273 Καὶ
544 1222 694 1274 ταυτὶ
724 1222 824 1292 μὲν
854 1223 1118 1295 εἰρήσθω,
1144 1225 1282 1296 πρὸς
1306 1227 1369 1280 τὸ
1399 1229 1573 1300 παρὸν
1613 1232 1705 1285 τοῦ
1735 1233 1793 1287 λό

1984 1243 2036 1297 5.
2056 1245 2233 1314 Atque
2257 1246 2372 1300 haec
2403 1246 2624 1317 quidem
2675 1247 3149 1319 inpraesentiarum
3209 1249 3354 1304 dicta
3386 1251 3495 1306 sint

218 1325 321 1376 γου
369 1309 468 1372 τάς
503 1311 764 1381 ἀφορμάς
795 1313 904 1366 ἀπό
951 1331 1011 1366 τε
1059 1315 1160 1384 τῆς
1201 1316 1309 1369 τῶν
1368 1321 1636 1389 σωμάτων
1674 1324 1793 1377 ἰδέω

1913 1341 2132 1402 arrepta
2161 1337 2450 1390 occasione
2490 1352 2520 1391 a
2555 1353 2849 1408 corporum
2881 1339 3053 1409 figura
3079 1348 3243 1408 atque
3278 1355 3346 1393 ex
3376 1341 3494 1408 ipso

221 1401 318 1454 καὶ
345 1399 518 1453 αὑτοῦ
545 1403 640 1455 τοῦ
672 1406 828 1456 τόκου
871 1403 1260 1475 λαμϐάνοντος.
1291 1408 1401 1462 Καὶ
1431 1409 1497 1462 δι’
1519 1412 1722 1482 ἐτέρων
1757 1414 1793 1466 δὲ

1911 1435 2091 1495 partu.
2118 1428 2222 1481 Per
2252 1429 2385 1484 alias
2416 1445 2548 1483 vero
2576 1431 2933 1485 nihilominus
2961 1431 3323 1501 cogitationes
3359 1447 3494 1486 eun-

219 1492 377 1545 οὐδὲν
402 1487 568 1563 ἦττον
605 1493 774 1558 ἰόντες
820 1496 1058 1562 ἐννοιῶν,
1092 1499 1226 1570 φέρε
1269 1499 1515 1572 λέγωμεν
1550 1504 1621 1567 ὡς
1648 1505 1725 1558 ἔνι
1746 1508 1793 1560 τέ

1910 1525 1993 1572 tes
2035 1518 2101 1572 de
2137 1520 2384 1589 utrisque
2429 1523 2610 1590 quoad
2647 1524 2766 1593 ejus
2822 1523 2937 1577 fieri
2988 1533 3187 1593 potest,
3222 1524 3490 1580 dicamus.

219 1586 306 1635 ἐπ’
342 1585 568 1652 ἀμφοῖν.
616 1586 866 1656 Μήνυσις
892 1588 1000 1659 γάρ
1040 1587 1193 1642 ἔσται
1232 1591 1333 1661 τῆς
1373 1594 1633 1665 ἐκατέρου
1668 1597 1808 1665 γνώο

173 1727 180 1730 _
222 1689 354 1741 μης,
379 1674 476 1724 καὶ
495 1673 657 1736 αὐτὸς
683 1676 711 1726 6
737 1674 834 1727 τοῦ
865 1675 979 1746 βίου
1021 1679 1238 1748 τρόπος.
1282 1681 1544 1752 ’ίσήλικες
1575 1687 1674 1755 μὲν
1699 1687 1808 1760 γὰρ

221 1762 475 1830 ἀλλήλοιν
499 1764 548 1814 οἰ
580 1765 808 1828 νεανίαι,
843 1766 983 1837 πλὴν
1016 1768 1116 1821 οὐκ
1163 1770 1546 1842 ίσογνώμονες,
1585 1775 1705 1828 οῦδέ
1748 1780 1807 1830 ἐν

224 1851 444 1919 βουλαῖς
496 1852 965 1921 ἀπαραλλάκτως.
1019 1854 1078 1907 '0
1123 1855 1222 1926 μὲν
1269 1857 1376 1928 γὰρ
1424 1860 1590 1912 Ἡσαῦ
1621 1861 1720 1925 τὰς
1750 1863 1808 1917 ἐν

221 1942 412 2009 ἀγροῖς
440 1941 540 1991 καὶ
573 1940 768 2010 θήραις
801 1943 994 2010 ἠγάπα
1040 1944 1355 2015 διατριϐάς·
1387 1949 1415 2000 6
1444 1947 1500 2000 δέ
1537 1945 1608 2021 ἦν
1643 1951 1800 2004 ἀστι-

220 2030 336 2093 κὸς,
382 2031 709 2102 εὐπρόσιτος
750 2033 992 2104 δηλονότι
1039 2037 1133 2089 καὶ
1170 2040 1506 2104 κοινωνικὸς,
1541 2043 1635 2095 καὶ
1663 2043 1804 2114 ἀνὴρ

219 2123 496 2186 ἄπλαστος
546 2123 710 2177 οἰκῶν
758 2125 955 2180 οἰκίαν.
997 2128 1106 2180 Καὶ
1144 2129 1174 2180 6
1231 2129 1328 2200 μὲν
1373 2132 1677 2197 ἀκάθεκτος
1725 2135 1806 2196 εἰς

218 2213 519 2284 ἐπιθυμίας
553 2216 842 2286 σαρκικάς,
869 2219 960 2271 καὶ
988 2219 1097 2272 τῶν
1142 2221 1282 2288 ἄγαν
1308 2222 1708 2277 εὐτελεστάτων
1734 2225 1805 2280 τὰ

217 2304 486 2357 κάλλιστα
517 2303 629 2358 τῶν
666 2306 812 2360 ἰδίων
853 2309 1030 2380 γερῶν
1064 2313 1295 2366 κατόπιν
1327 2315 1517 2386 ὥσπερ
1548 2316 1667 2381 ίεὶς,
1710 2317 1804 2370 καὶ

213 2395 284 2447 τά
310 2394 500 2466 ψυχρά
530 2413 590 2448 τε
618 2397 708 2450 καί
755 2397 934 2453 εὖωνα
961 2400 1068 2454 τῶν
1113 2404 1431 2472 ἀναγκαίων
1454 2406 1800 2476 ἀντωνούμε-

215 2503 324 2548 νος.
366 2487 428 2539 Ὀ
465 2487 523 2540 δὲ
560 2489 672 2541 τῶν
719 2489 956 2560 ἀρίστων
984 2491 1260 2564 ἄπληστος
1299 2495 1554 2567 ἐραστὴς,
1591 2498 1686 2550 καὶ
1733 2497 1801 2551 τά

214 2577 282 2630 δι’
315 2571 394 2633 ὧν
431 2578 500 2632 ἂν
543 2567 754 2648 γένοιτο
802 2581 1052 2654 λαμπρὸς
1099 2587 1437 2656 πανταχόθεν
1491 2587 1796 2658 ἀναζητῶν.

227 2669 555 2741 Ἐξεπρίατο
599 2672 710 2743 γὰρ
768 2672 860 2738 τὰ,
899 2677 1237 2745 πρωτοτόκια
1291 2681 1800 2750 παραρῤιπτοῦντος

213 2761 354 2813 αὐτὰ
396 2759 494 2813 τοῦ
540 2763 729 2828 Ἠσαῦ,
777 2764 873 2816 καὶ
920 2765 1014 2816 τὸν
1059 2766 1158 2835 τῆς
1196 2769 1434 2838 γαστρὸς
1476 2770 1640 2838 κόρον
1689 2771 1800 2825 τῶν

215 2853 362 2905 ἰδίων
390 2853 721 2923 ἀξιωμάτων
754 2856 1044 2926 ἀτημελῶς
1074 2861 1558 2930 προτετιμηκότος.
1586 2861 1799 2933 Ταύτῃ-

1837 1645 1880 1700 B
1908 1607 2042 1662 Nam
2069 1607 2183 1677 ipse
2215 1609 2381 1664 etiam
2409 1627 2602 1666 eorum
2633 1614 2759 1668 vitae
2777 1614 2993 1677 modus,
3017 1613 3304 1683 utriusque
3335 1631 3492 1669 men-

1915 1697 1988 1750 tis
2032 1698 2198 1752 index
2241 1700 2428 1756 fuerit.
2481 1702 2756 1757 Coaetanei
2798 1703 2947 1756 enim
2981 1703 3125 1757 inter
3183 1719 3242 1757 se
3265 1705 3494 1774 juvenes

1911 1801 2090 1853 erant,
2111 1791 2205 1845 sed
2237 1808 2347 1846 non
2381 1781 2626 1863 ejusdem
2657 1796 2825 1849 animi
2863 1803 3026 1865 atque
3077 1797 3380 1850 sententia.
3403 1795 3491 1850 Si-

1912 1881 2131 1952 quidem
2173 1884 2316 1937 Esau
2345 1885 2400 1938 in
2439 1887 2585 1955 agris
2606 1887 2945 1952 versabatur,
2977 1896 3032 1942 et
3070 1888 3358 1942 venatione
3393 1888 3490 1942 (le-

1911 1971 2245 2026 lcctabatur:
2283 1973 2373 2027 hic
2403 1990 2534 2028 vero
2565 1984 2684 2030 erat
2715 1977 2958 2031 urbanus
2981 2017 2996 2042 ,
3031 1978 3283 2047 placidus
3323 1979 3489 2032 nimi-

1911 2075 2034 2112 rum
2061 2065 2116 2113 et
2141 2061 2419 2116 societatis
2437 2062 2734 2129 studiosus,
2776 2075 2832 2119 et
2860 2065 2943 2119 vir
2984 2067 3214 2136 simplex
3238 2067 3490 2122 habitans

1911 2148 2155 2204 domum.
2199 2149 2376 2220 Atque
2417 2152 2508 2206 ille
2571 2152 2794 2221 quidem
2835 2154 3147 2208 carnalibus
3201 2154 3490 2209 desideriis

1909 2240 2130 2296 deditus
2165 2252 2304 2307 erat,
2356 2251 2412 2298 et
2452 2243 2736 2298 vilissimis
2790 2245 2957 2300 rebus
3007 2246 3489 2315 praestantissimas

1907 2347 2034 2388 suas
2053 2334 2208 2389 dotes
2245 2336 2627 2406 postponebat,
2667 2335 2971 2407 frivolaque
3003 2343 3059 2391 et
3077 2336 3256 2392 facilia
3294 2346 3486 2406 paratu

1907 2441 2032 2479 cum
2085 2425 2153 2480 iis
2203 2442 2324 2495 qua:
2365 2428 2673 2482 necessaria
2709 2435 2898 2492 erant,
2938 2428 3208 2497 imprimis
3244 2443 3483 2482 commu-

1906 2516 2075 2570 tabat.
2100 2515 2199 2570 Hic
2226 2531 2358 2570 vero
2381 2517 2717 2586 optimorum
2758 2518 3086 2572 insatiabilis
3131 2527 3343 2574 amator
3368 2561 3381 2584 ,
3417 2521 3483 2574 ad

1905 2618 1970 2657 ea
2003 2619 2102 2672 per
2130 2619 2250 2673 qua:
2278 2605 2507 2660 illustris
2523 2606 2800 2671 evaderet,
2821 2623 3032 2662 summa
3056 2608 3225 2663 animi
3263 2618 3490 2664 conten-

1907 2695 2054 2747 tione
2075 2695 2404 2749 enitebatur.
2434 2697 2580 2750 Emit
2603 2698 2749 2751 enim
2783 2699 3165 2769 primogenita,
3205 2702 3483 2771 rejiciente

1905 2799 1968 2839 ea
1996 2785 2138 2837 Esau
2160 2825 2175 2848 ,
2220 2793 2277 2838 et
2305 2786 2514 2840 ventris
2559 2787 2862 2842 satietatem
2896 2791 3129 2860 propria:
3163 2807 3274 2846 sua:
3305 2792 3484 2861 digni-

1905 2875 2001 2930 tati
2027 2874 2386 2929 anteferente.
2424 2877 2633 2931 Idcirco
2655 2887 2907 2932 vocatum
2931 2889 3015 2934 est
3045 2881 3242 2934 exinde
3283 2898 3480 2936 nomen

214 2960 298 2996 τοι
321 2943 507 2996 λοιπὸν
539 2943 746 3014 ἐκλήθη
779 2945 842 2998 τὸ
873 2947 1042 3017 ὄνομα
1073 2949 1238 3002 αὑτοῦ
1281 2949 1476 3021 Ἐδὼμ.
1524 2951 1793 3018 τουτέστι,

1903 2966 2022 3034 ejus
2052 2965 2241 3026 Edom.
2284 2966 2390 3019 hoc
2409 2952 2512 3030 est,
2541 2975 2800 3020 terrenus.
2839 2968 3068 3022 Tcrreni
3111 2970 3259 3024 enim
3293 2985 3479 3024 revera

210 3036 445 3105 τήῖνος.
471 3035 668 3105 Γηῖνου
703 3036 812 3108 γάρ
841 3038 1056 3109 άληθῶς
1085 3041 1180 3094 καὶ
1210 3041 1634 3112 χθαμαλωτάτου
1662 3061 1793 3115 φρο-

1897 3056 2206 3125 abjectique
2258 3056 2428 3110 animi
2477 3066 2859 3126 argumentum
2921 3067 3041 3113 erat
3087 3061 3338 3130 gloriam,
3373 3078 3478 3131 qua

207 3128 460 3199 νίὶίιατος
494 3127 714 3197 ἔλεγχος
753 3129 1012 3201 ἐναργὴς,
1059 3130 1120 3183 τὸ
1172 3131 1441 3201 ἀλογῆσαι
1482 3133 1582 3203 μὲν
1636 3133 1793 3200 δόξης

205 3219 311 3287 τῆς
356 3218 587 3288 ἐνούσης
638 3219 807 3288 αὐτῷ,
847 3222 943 3271 καὶ
989 3219 1056 3273 τά
1085 3219 1185 3290 τῆς
1229 3219 1482 3289 γνώσεως
1527 3222 1792 3292 πρεσϐεῖα

207 3311 339 3380 παρ’
377 3311 531 3364 οὐδὲν
563 3311 836 3365 ποιεῖσθαι
866 3312 1168 3380 παντελῶς,
1207 3312 1526 3366 ἀνθελέσθαι
1562 3313 1620 3366 δὲ
1651 3313 1787 3382 μᾶλ-

206 3397 301 3451 λον
327 3400 404 3462 ὡς
433 3398 639 3468 ἀμείνω
687 3400 781 3452 καὶ
831 3402 1272 3472 πῳφερεστέραν
1319 3400 1415 3472 τὴν
1461 3403 1790 3473 πρόσκαιρον

205 3491 430 3561 ἡδονὴν,
470 3492 563 3544 καὶ
594 3491 655 3544 τὸ
698 3493 1010 3562 παραυτίκα
1040 3493 1270 3563 τερπνὸν
1303 3493 1466 3564 ψήφῳ
1492 3493 1789 3562 στεφανοῦν

207 3583 274 3651 τῇ
307 3581 601 3653 κρείττονι,
656 3583 750 3634 καὶ
787 3584 836 3634 εἰ
893 3583 1097 3654 πολλὴν
1132 3583 1244 3653 ἔχοι
1275 3588 1374 3652 την
1402 3584 1628 3654 ζημίαν.
1663 3585 1786 3638 Τοι-

209 3672 402 3742 γάρτοι
436 3673 530 3724 καὶ
555 3675 583 3725 6
611 3672 900 3736 θεσπέσιος
929 3673 1168 3740 Παῦλος,
1194 3674 1390 3744 πόρνον
1421 3691 1480 3726 τε
1505 3675 1597 3728 καὶ
1629 3674 1787 3747 βέϐηο

209 3762 300 3813 λον
337 3763 428 3813 τὸν
466 3762 638 3826 οὕτως
679 3763 920 3834 αἰσχρῶς
961 3763 1203 3818 διαϐιοῦν
1235 3764 1529 3834 ᾑρημένον,
1562 3766 1785 3832 εἰκότως

209 3851 498 3904 ἀπεκάλει.
557 3853 738 3905 Τύπον
785 3853 974 3926 ὥσπερ
1033 3856 1154 3908 τινά
1196 3856 1302 3908 τῶν
1337 3858 1416 3918 είς
1459 3855 1619 3909 τοῦτο
1645 3873 1783 3925 φαυσ-

210 3940 433 4012 λότητος
509 3945 995 4018 κατωλισθηκότων
1059 3947 1382 4019 παρατιθεὶς
1431 3948 1521 4002 τὸν
1590 3948 1782 4015 Ἡσαῦ,

211 4032 304 4083 καὶ
320 4031 453 4099 γοῦν
463 4032 525 4085 τὸ
541 4034 795 4104 ἀχάλινον
818 4037 897 4099 εἰς
912 4036 1071 4089 ἐπιθυ
1081 4037 1228 4107 μίας,
1252 4037 1520 4107 σαρκικὰς
1542 4037 1783 4108 δηλονότι

211 4125 306 4176 καὶ
321 4126 717 4197 γεωδεστέρας,
741 4128 1020 4200 ἐπίκλημα
1048 4128 1141 4182 καὶ
1162 4129 1379 4200 γραφὴν
1412 4129 1668 4192 ἐποιεῖτο,
1697 4129 1785 4181 λέ-

211 4230 325 4278 γων
347 4228 360 4240 ⁸
396 4235 414 4266 ι
458 4218 550 4287 Μή
585 4234 670 4280 τις
698 4218 895 4289 πόρνος
932 4219 1218 4290 ῆβέϐηλος
1243 4219 1318 4282 ὡς
1351 4219 1544 4284 Ἡσαῦ,
1583 4220 1639 4284 ὃς
1665 4221 1784 4274 ἀντὶ

1895 3146 2160 3217 praeditus
2193 3155 2335 3210 crat,
2388 3147 2752 3217 vilipendere,
2801 3158 2858 3203 et
2912 3150 3356 3221 primogenitum
3393 3152 3476 3206 di—

1893 3237 2154 3307 gnitatem
2184 3238 2342 3293 nihili
2375 3237 2576 3304 facere,
2605 3247 2660 3294 et
2700 3241 3088 3310 temporariam
3137 3242 3475 3312 voluptatem

1892 3329 2166 3397 potiorem
2223 3329 2789 3400 pmstabilioremque
2833 3330 3064 3396 ducere,
3119 3332 3288 3388 etiam
3351 3349 3476 3388 cum

1890 3419 2090 3474 damno
2121 3421 2488 3490 conjunctam.
2539 3421 2751 3477 Idcirco
2793 3425 2959 3479 etiam
3015 3424 3236 3480 divinus
3277 3426 3477 3484 Paulus

1888 3510 2280 3565 fornicatorem
2306 3518 2365 3566 et
2391 3512 2679 3581 profanum
2716 3529 2844 3569 eum
2880 3516 2974 3587 qui
3006 3517 3144 3572 adeo
3173 3525 3335 3588 turpe
3356 3521 3481 3574 vita;

1889 3597 2202 3655 institutum
2249 3601 2501 3673 elegerit,
2557 3604 2760 3663 merito
2795 3607 3049 3661 vocavit:
3083 3615 3268 3679 typum
3309 3610 3474 3662 veluti

1887 3691 2180 3761 quemdam
2214 3708 2427 3758 eorum,
2459 3694 2553 3764 qui
2583 3695 2638 3749 in
2665 3695 2806 3750 hanc
2829 3698 3130 3766 nequitiam
3154 3700 3291 3769 lapsi
3322 3710 3472 3761 sunt,

1885 3791 2136 3838 statuens
2173 3784 2338 3838 Esau.
2369 3785 2480 3855 99
2515 3785 2679 3855 Atqui
2708 3787 2970 3844 eﬂ‘renem
2996 3787 3260 3860 impetum
3294 3791 3360 3844 ad
3382 3790 3469 3844 de.

1886 3874 2086 3929 sideria
2116 3875 2353 3929 carnalia
2394 3877 2652 3931 nimirum
2682 3886 2845 3948 atque
2869 3890 3084 3936 terrena
3117 3881 3354 3946 incusat,
3386 3881 3466 3934 di-

1885 3979 2015 4018 cens
2049 3981 2060 4016 :
2096 3984 2114 4014 (
2142 3965 2220 4019 Ne
2273 3967 2398 4036 quis
2429 3966 2729 4022 fornicator
2774 3977 2870 4023 aut
2907 3969 3167 4038 profanus
3232 3979 3290 4024 ut
3327 3971 3469 4025 Esau

1885 4054 1979 4123 qui
2030 4070 2255 4124 pr0pter
2321 4071 2484 4110 unam
2525 4073 2706 4112 escam
2774 4059 3026 4114 vendidit
3067 4061 3467 4132 primogenitu-

1886 4159 2004 4197 ram
2042 4146 2104 4198 “.
2150 4165 2168 4196 ι
2201 4145 2567 4212 Quamobrem
2610 4149 2655 4204 si
2692 4150 2887 4204 horum
2911 4151 3174 4222 juvenum
3220 4154 3468 4210 moribus

1885 4249 2267 4305 comparemus
2328 4238 2569 4295 Iudaica)
2628 4241 2753 4297 vitae
2797 4244 3054 4300 tenebras
3106 4253 3162 4299 et
3220 4247 3466 4316 gentium

215 4304 472 4372 βρώσεως
496 4310 624 4376 μιᾶς
665 4309 897 4362 ἀπέδοτο
931 4311 998 4362 τὰ
1025 4311 1368 4382 πρωτοτόκια
1389 4311 1608 4365 αὑτοῦ.»
1644 4312 1783 4365 Οὐκ-

1893 4304 2256 4386 multitudinis
2299 4333 2596 4402 puritatem
2646 4342 2810 4403 atque
2855 4304 3268 4405 ingenuitatem,
3315 4349 3464 4392 recte

213 4395 304 4447 οῦν
349 4400 467 4460 τοῖς
516 4398 624 4451 τῶν
660 4401 956 4453 νεανίσκων
1003 4400 1225 4470 τρόποις
1262 4402 1786 4474 ἀντιπαρεξάγοντες

215 4486 456 4556 ἀκριϐῶς
487 4490 580 4541 καὶ
628 4492 726 4560 τῆς
764 4491 1063 4562 Ἰουδαϊκῆς
1113 4491 1384 4556 πολιτείας
1431 4493 1521 4548 τὸν
1575 4495 1787 4561 σκότον,

216 4579 307 4628 καὶ
341 4579 437 4647 τῆς
471 4580 528 4644 ἐξ
561 4579 730 4635 ἐθνῶν
758 4582 996 4653 πληθύος
1030 4583 1091 4636 τὸ
1131 4584 1419 4655 εἰλικρινὲς
1447 4587 1542 4640 καὶ
1572 4586 1785 4640 ἐλεύθε-

215 4683 331 4734 ρον.
362 4672 430 4721 τά
471 4671 659 4724 εἰκότα
709 4673 977 4744 λέγωμεν.
1033 4671 1141 4728 Ἦν
1191 4678 1289 4747 μὲν
1333 4678 1440 4748 γάρ
1487 4681 1514 4732 6
1575 4680 1790 4752 Ἰσραὴλ

211 4760 470 4830 ἄγροικός
497 4779 554 4814 τε
579 4765 672 4818 καὶ
692 4765 1064 4836 γεωδεστέραν
1085 4767 1223 4837 ἔχων
1251 4769 1350 4839 τὴν
1378 4770 1569 4840 φρένα,
1587 4771 1792 4843 γαῦρός

211 4867 270 4902 τε
297 4853 390 4904 καὶ
415 4855 796 4928 φιλοπόλεμος,
829 4859 924 4910 καὶ
949 4857 1084 4910 πολὺ
1118 4859 1237 4911 λίαν
1281 4860 1680 4931 ἀνεπτοημένος
1713 4864 1791 4927 εἰς

213 4945 546 5010 μιαιιρονίας,
585 4948 726 5000 κατὰ
769 4947 863 5000 τὸν
901 4947 1156 5016 ἄγροικόν
1200 4965 1259 5001 τε
1307 4950 1402 5003 καὶ
1447 4950 1792 5021 θηριοκτόνον

217 5031 415 5086 Ἡσαῦ.
471 5037 578 5090 Καὶ
623 5038 751 5106 γοῦν
783 5041 1118 5110 προφητικὸς
1169 5041 1269 5110 μὲν
1318 5042 1500 5107 αὐτοῖς
1545 5044 1788 5098 ἐνεκάλει

206 5122 391 5190 λόγος,
419 5127 503 5178 ὅτι
539 5147 558 5179 ι
596 5129 835 5198 Παγίδας
867 5129 1100 5199 ἔστησαν
1139 5131 1449 5204 διαφθεῖραι
1495 5135 1712 5206 ἄνδρας.
1761 5157 1782 5188 δ

205 5216 381 5279 Αὐτὸς
409 5218 466 5271 δὲ
510 5221 539 5270 ὁ
577 5221 810 5291 Χριστὸς
855 5224 1098 5293 ἐπηρᾶτο
1145 5225 1342 5293 λέγων,
1384 5227 1466 5280 ὅτι
1505 5244 1522 5278 ι
1573 5230 1789 5299 Δωρεὰν

204 5306 453 5376 ἑκρυψάν
484 5327 573 5380 μοι
602 5311 900 5385 διαφθοράν
934 5315 1162 5382 παγίδος
1186 5317 1384 5382 αὐτῶν,
1424 5320 1600 5390 μάτην
1634 5321 1789 5375 ὠνεί-

199 5395 363 5449 δισαν
388 5398 487 5471 τὴν
517 5401 696 5473 ψυχήν
740 5421 866 5474 μου.
915 5406 1147 5461 Ἑλθέτω
1178 5409 1362 5473 αὐτοῖς
1411 5411 1577 5480 παγὶς
1614 5413 1681 5484 ἣν
1725 5413 1787 5467 οὐ

202 5487 540 5551 γινώσκουσι
600 5493 694 5544 καὶ
741 5496 774 5560 ἡ
831 5494 973 5567 θήρα
1021 5498 1090 5567 ἦν
1145 5499 1424 5571 ἔκρυψαν,
1478 5503 1787 5560 συλλαϐέτω

317 5668 361 5697 ³⁸
387 5667 548 5724 Hebr.
581 5687 676 5737 xu,
716 5670 774 5724 l6
796 5715 808 5735 ,
877 5673 1011 5729 Gen.
1035 5692 1155 5741 xxv,
1184 5679 1273 5732 33.

1390 5679 1431 5711 ⁸⁵
1455 5680 1655 5736 Jerem.
1717 5701 1768 5750 ν,
1805 5685 1894 5740 26.

1885 4421 2208 4477 dixerimus.
2246 4424 2379 4477 Erat
2427 4424 2576 4478 enim
2625 4425 2790 4480 Israel
2826 4426 3087 4496 agrestis,
3146 4435 3202 4481 et
3247 4435 3462 4481 terrena

1885 4523 2069 4568 mente
2117 4515 2397 4583 praeditus,
2451 4515 2849 4585 superbusque,
2901 4525 2957 4570 et
2999 4517 3351 4572 dissidiorum
3397 4535 3462 4575 ac

1886 4603 2021 4658 belli
2067 4605 2369 4671 studiosus,
2413 4615 2580 4676 atque
2642 4607 2707 4661 ad
2755 4607 3092 4665 fundendum
3142 4611 3478 4680 sanguinem

1887 4709 2096 4763 pronus
2133 4696 2388 4762 maxime,
2445 4698 2902 4767 quemadmodum
2950 4699 3190 4755 ferarum
3246 4701 3460 4756 occisor

1888 4781 2054 4836 Esau.
2072 4782 2227 4839 Unde
2245 4784 2413 4839 etiam
2432 4787 2700 4856 propheta
2717 4787 2852 4858 ipsis
2870 4788 3156 4845 inclamat:
3183 4789 3460 4861 «Laqueos

1889 4886 2195 4945 posuerunt
2245 4878 2313 4932 ad
2357 4880 2790 4949 corrumpendos
2833 4880 2983 4936 viros
3018 4883 3081 4936 ".
3127 4902 3146 4933 ι
3205 4883 3459 4937 Christus

1885 4981 2019 5021 vero
2045 4966 2246 5022 alicubi
2280 4968 2348 5022 de
2387 4969 2554 5038 ipsise
2585 4989 2602 5020 ι
2641 4971 2910 5038 Quoniam
2945 4973 3114 5044 gratis
3147 4973 3458 5050 absconde-

1886 5064 2017 5110 runt
2032 5055 2167 5109 mihi
2184 5056 2466 5111 interitum
2487 5058 2667 5127 laquei
2685 5060 2791 5125 sui,
2807 5075 3143 5130 supervacue
3159 5061 3457 5129 exprobra-

1885 5150 2019 5196 runt
2047 5143 2286 5198 animam
2314 5148 2713 5203 meam.Veniat
2736 5149 2842 5202 illis
2867 5149 3096 5218 laqueus
3126 5165 3288 5218 quem
3304 5150 3456 5222 igno—

1888 5242 2030 5300 rant,
2053 5243 2168 5289 rete
2194 5236 2342 5305 quod
2384 5237 2793 5295 absconderunt
2819 5239 3195 5310 apprehendat
3228 5256 3323 5296 eos
3351 5243 3412 5296 η.
3429 5260 3447 5294 ι

1887 5324 2156 5380 Miserum
2176 5327 2322 5381 enim
2347 5331 2610 5398 quosdam
2645 5331 3064 5394 Pharisaeorum,
3089 5347 3214 5386 cum
3250 5333 3319 5388 iis
3358 5334 3452 5403 qui

1885 5427 2151 5474 vocantur
2189 5419 2513 5486 Herodiani;
2560 5421 2617 5475 hi
2649 5436 2782 5476 vero
2818 5431 2948 5477 sunt
2981 5423 3313 5478 tributorum
3357 5439 3452 5479 co-

1885 5521 2119 5577 actores,
2139 5521 2408 5568 tentantes
2423 5528 2486 5568 ac
2501 5513 2744 5570 dicentes
2764 5533 2776 5568 :
2799 5535 2816 5566 ι
2827 5513 2883 5570 Si
2899 5515 3027 5572 licet
3041 5517 3308 5572 tributum
3324 5515 3454 5574 dam

2011 5688 2051 5717 ”
2071 5679 2210 5740 Psal.
2230 5701 2419 5750 “XXXIV.
2451 5686 2563 5750 7,8,
