4050 6210
565 311 667 365 I85

1601 305 1657 359 S.
1697 302 1971 359 CYRILLI
2001 293 2468 357 ALEXANDBINI
2507 290 2818 347 ARCIIIEP.

3711 283 3816 338 164

561 421 765 481 Cazsari
792 422 834 452 ”
854 421 903 474 ?D
940 421 1131 476 Nonne
1162 420 1326 491 igitur
1346 429 1575 474 venator
1610 435 1804 475 revera
1833 426 1919 473 est
1943 415 2127 471 Israel.

2242 407 2450 471 αὐτούς.
2477 425 2495 457 ι
2525 406 2862 475 Ήεπόμφασι
2892 401 2999 472 γάρ
3027 401 3137 454 τῶν
3162 399 3471 470 Φαρισαίων
3495 396 3817 491 τινὰςῌμετα

562 514 749 568 Novus
779 519 962 566 autem
1008 526 1107 581 per
1145 511 1305 564 fidem
1355 510 1623 580 populus,
1678 507 2139 579 quemadmodum

564 603 786 660 divinus
808 603 997 669 Jacob,
1016 603 1262 671 urbanus
1285 610 1342 656 et
1359 602 1716 658 domesticam
1737 601 1904 655 vitam
1928 612 2137 661 amans,

563 693 682 748 miti
704 710 767 749 ac
803 694 992 749 sedato
1019 694 1226 759 animo,
1281 693 1531 763 simplex,
1575 694 1913 763 minimeque
1951 705 2142 745 versu-

564 794 674 848 tus,
703 802 721 838 σ
760 784 1273 850 habitansdomum,
1301 804 1320 836 ι
1355 792 1415 839 ιιι
1463 784 1731 853 scriptum
1774 793 1858 838 est
1885 783 1947 835 "'.
2001 781 2141 836 Vere

561 876 707 929 enim
740 875 849 929 dici
875 884 1075 945 potest,
1099 877 1245 946 quod
1273 891 1486 939 eorum,
1508 876 1601 945 qui
1622 890 1719 944 per
1747 873 1909 928 ﬁdem
1934 869 2138 943 justifi-

562 963 669 1017 cati
697 971 843 1027 sunt,
868 964 1308 1019 mansuetissima
1331 963 1646 1026 multitudo,
1672 963 1948 1018 civitatem
1972 960 2140 1014 veluti

562 1053 854 1122 quamdam
883 1054 1224 1123 splendidam
1256 1056 1570 1126 optimaque
1592 1055 1784 1125 politia
1816 1055 2140 1107 instructam

563 1144 851 1198 constituit
880 1144 1194 1210 Ecclesiam,
1225 1145 1698 1214 firmissimamque
1726 1144 1969 1205 domum,
1994 1156 2142 1209 quae-

561 1248 667 1301 que
694 1249 724 1287 a
749 1235 1088 1290 tentantibus
1103 1235 1349 1290 subverti
1365 1251 1474 1297 non
1494 1235 1684 1306 possit,
1715 1235 1880 1289 vitam
1904 1232 1961 1287 in
1979 1230 2139 1288 Chri-

561 1332 647 1377 sto
666 1325 915 1393 perfecit.
960 1325 1038 1380 Ac
1074 1326 1307 1396 simplex
1345 1327 1571 1396 quidem
1613 1325 1747 1397 ipsis
1777 1332 1862 1380 est
1882 1338 2058 1388 mens,
2084 1328 2142 1377 et

565 1415 634 1469 ab
668 1417 816 1470 omni
836 1417 1158 1487 duplicitate
1179 1420 1377 1473 aliena.
1400 1418 1665 1474 Odiosum
1693 1417 1841 1473 enim
1862 1416 1930 1471 iis
1949 1413 2142 1485 praeci-

563 1521 670 1576 pue
695 1517 778 1562 est
810 1508 1056 1563 ﬁctiliam
1084 1518 1344 1573 mentem,
1369 1525 1433 1564 ac
1450 1509 1734 1564 simulatos
1752 1521 1934 1562 mores
1953 1520 2065 1576 prae
2082 1518 2142 1560 se

562 1597 728 1662 ferre,
748 1598 816 1653 de
849 1600 1054 1667 quibus
1073 1600 1292 1656 divinus
1324 1601 1497 1655 David
1524 1599 1727 1655 alicubi
1753 1599 1829 1654 ita
1849 1597 2095 1667 loquitur
2122 1613 2139 1652 :

570 1709 589 1739 ι
635 1690 900 1745 Dominus
940 1692 1190 1747 habitare
1232 1693 1396 1747 faciet
1424 1692 1712 1747 unanimes
1740 1691 1799 1746 in
1830 1690 2077 1745 domo”.
2112 1705 2131 1740 ι

2238 501 2349 554 τῶν
2390 497 2741 568 καλουμένων
2778 494 3120 566 Ἥρωδιανῷν
3153 491 3500 563 (δασμολόγοι
3522 491 3582 545 δέ
3618 483 3815 559 οὗτοι),

2241 589 2592 661 πειράζοντες
2622 587 2716 641 καὶ
2742 585 3018 654 λέγοντες·
3059 583 3150 635 «Εἰ
3178 581 3354 646 ἔξεστι
3383 578 3583 652 φόρους
3627 578 3818 633 δοῦναι

2245 680 2510 750 Καίσαρι,
2543 678 2576 748 ἢ
2616 676 2713 741 ob;
2747 695 2765 727 ι
2795 673 3075 746 Θηρευτὴς
3101 669 3194 726 οὖν
3228 673 3335 744 ἄρα
3360 672 3458 725 καὶ
3488 674 3517 725 ὁ
3553 672 3778 742 Ἰσραήλ
3801 710 3815 724 .

2252 774 2311 825 '0
2335 772 2390 825 δέ
2418 787 2478 825 τε
2506 771 2627 833 νέος
2659 770 2755 823 καὶ
2786 769 2844 820 ἐν
2858 765 3035 820 πίστει
3061 764 3207 829 λαὸς,
3239 764 3380 817 κατὰ
3403 762 3493 816 τὸν
3527 761 3820 815 θεσπέσιον

2253 860 2469 923 Ἰακὼϐ,
2506 859 2726 922 ἀστικὸς
2758 858 2853 911 καὶ
2886 855 3178 926 φιλέστιος,
3206 854 3382 923 πρᾶος
3422 852 3517 905 καὶ
3546 850 3821 919 καθεστηο

2238 950 2373 1015 κὼς,
2405 948 2610 1009 ἁπλοῦς
2630 948 2728 1002 καὶ
2753 947 3120 1017 ἀκάκουργος,
3143 962 3162 995 ι
3194 942 3361 996 οίκῶν
3388 940 3588 1005 οἰκίαν,
3621 957 3640 991 ι
3675 939 3822 993 κατὰ

2238 1043 2301 1096 τὸ
2347 1039 2754 1114 γεγραμμένον.
2824 1037 3046 1110 Ἀληθές
3081 1034 3191 1108 γὰρ
3240 1035 3436 1099 εἰπεῖν,
3463 1033 3546 1085 ὅτι
3599 1030 3714 1084 τῶν
3760 1030 3820 1084 ἐν

2241 1132 2422 1187 πίστει
2469 1129 2903 1201 δεδικαιωμένων
2943 1131 2977 1199 ἡ
3019 1126 3300 1199 πραοτάτη
3353 1122 3603 1195 πληθὺς,
3660 1123 3820 1176 πόλιν

2239 1223 2430 1295 ὥσπερ
2454 1224 2576 1279 τινὰ
2601 1222 2859 1294 λαμπρὰν
2888 1222 2985 1275 καὶ
3017 1216 3421 1289 εὐνομουμένην
3455 1213 3820 1285 ἀπεγράψατο

2239 1318 2340 1390 τὴν
2399 1316 2750 1388 Ἐκκλησίαν,
2801 1313 2895 1366 καὶ
2927 1307 3073 1366 οἷκον
3118 1307 3530 1381 ἐρηρεισμένον,
3565 1306 3662 1360 καὶ
3704 1306 3822 1367 τοῖς

2242 1407 2596 1481 πειράξουσιν
2633 1405 3052 1469 ἁκατάσειστον,
3074 1402 3174 1473 τὴν
3207 1402 3264 1453 ἐν
3294 1397 3515 1471 Χριστῷ
3539 1396 3822 1450 πολιτείαν

2240 1501 2337 1554 καὶ
2366 1498 2510 1569 ζωὴν
2534 1498 2852 1568 ἐποιήσατο.
2880 1493 2990 1547 Καὶ
3018 1490 3224 1554 ἁπλοῦς
3253 1492 3351 1562 μὲν
3386 1491 3572 1552 αὐτοῖς
3601 1488 3633 1539 ὁ
3669 1487 3818 1550 νοῦς,

2242 1591 2338 1645 καὶ
2362 1589 2693 1661 δυστροπίας
2737 1586 2957 1654 ἁπάσης
2985 1582 3421 1654 ἀπηλλαγμένος.
3469 1578 3823 1650 ’Δπηχθημέ-

2244 1699 2335 1737 νον
2382 1682 2440 1735 δὲ
2478 1681 2684 1751 σφόδρα
2714 1679 3014 1744 ποιοῦνται,
3049 1677 3109 1729 τὸ
3155 1675 3231 1738 ὡς
3275 1676 3332 1727 ἐν
3374 1671 3569 1743 γνώμη
3616 1687 3679 1724 τε
3722 1672 3822 1725 καὶ

564 1780 849 1836 Unanimls
886 1783 1033 1837 enim
1058 1792 1145 1839 est
1173 1785 1403 1854 simplex
1426 1785 1484 1838 in
1512 1784 1733 1840 Christo
1761 1783 1857 1853 qui
1895 1782 2061 1837 etiam
2085 1781 2141 1835 in

2242 1774 2462 1846 τρόποις
2478 1771 2786 1825 πεπλᾶσθαι
2813 1771 3013 1824 δοκεῖν.
3036 1766 3144 1820 Καὶ⁴
3167 1766 3297 1837 περὶ
3327 1764 3509 1817 αὐτῶν
3534 1762 3689 1834 οἶμαί
3712 1779 3820 1816 που

564 1870 728 1925 domo
753 1871 983 1936 habitat,
1014 1874 1342 1930 inclamante
1367 1874 1554 1929 Israeli
1576 1874 1814 1945 quodam
1843 1889 1911 1929 ex
1940 1871 2141 1928 sanctis

561 1962 846 2031 prophetis
882 1980 895 2017 :
936 1983 955 2014 ‹
1002 1964 1063 2018 1η
1097 1966 1450 2020 multitudine
1486 1965 1701 2019 viarum
1733 1970 1950 2017 tuarum
1992 1962 2143 2017 labo-

564 2055 697 2109 rasti
724 2055 789 2109 η.
832 2074 851 2106 ι
876 2055 1138 2112 Habitant
1176 2058 1343 2128 igitur
1366 2058 1463 2128 qui
1508 2059 1564 2112 in
1598 2057 1837 2121 Christo,
1883 2062 2141 2124 tanquam

556 2145 787 2200 domum
838 2147 894 2202 in
950 2149 1154 2218 pietate
1208 2158 1265 2204 et
1316 2148 1677 2205 sanctimonia
1727 2148 1926 2212 vitam;
1974 2160 2140 2216 quam

564 2236 787 2306 quidem
809 2238 985 2292 veluti
1019 2254 1277 2293 coronam
1314 2239 1609 2309 quamdam
1634 2239 1750 2293 suis
1778 2230 2023 2307 ipsorum
2048 2251 2141 2290 ca-

565 2327 772 2396 pitibus
798 2328 1107 2398 imponunt,
1133 2344 1197 2384 ac
1217 2343 1318 2400 pro
1355 2344 1568 2384 summa
1606 2328 1869 2384 felicitate
1909 2328 2139 2384 ducunt.

565 2420 772 2475 Idcirco
816 2421 1072 2492 inquiunt
1114 2423 1348 2478 subinde
1389 2423 1654 2493 quidem:
1693 2441 1711 2475 ι
1741 2422 1980 2479 Lanatus
2018 2436 2141 2476 sum

564 2508 621 2562 in
648 2508 735 2563 bis
759 2525 881 2578 quat
913 2510 1057 2565 dicta
1094 2521 1223 2566 sunt
1243 2512 1397 2577 mihi,
1437 2512 1498 2566 In
1523 2513 1747 2567 domum
1781 2510 1996 2566 Domini
2034 2510 2141 2564 ὠίφ

564 2615 689 2654 mus
704 2602 780 2666 ἰς
814 2619 831 2651 ι
869 2602 1100 2657 subinde
1128 2617 1261 2657 vero
1290 2620 1302 2656 :
1342 2621 1361 2654 ι
1396 2603 1571 2658 Unam
1603 2602 1760 2671 100
1793 2601 1932 2672 petii
1969 2615 2001 2655 a
2039 2601 2145 2654 Do-

564 2692 736 2759 mino,
762 2693 902 2749 hanc
924 2694 1197 2764 requiram
1223 2696 1289 2749 ²².
1322 2713 1341 2746 ι
1379 2693 1651 2761 Quidnam
1671 2700 1857 2748 autem
1883 2693 2066 2763 petit?
2086 2699 2143 2748 et

468 2774 473 2779 ’
561 2781 712 2849 quod
738 2797 905 2835 unum
939 2783 1267 2839 beneﬁcium
1303 2784 1628 2853 exspectat?
1657 2801 1676 2834 ‹
1718 2783 1789 2838 Ut
1815 2783 2058 2839 habitem
2086 2784 2142 2838 in

564 2872 730 2927 domo
772 2873 1010 2939 Domini,
1048 2874 1260 2943 inquit,
1291 2874 1549 2929 omnibus
1593 2874 1789 2948 diebus
1825 2874 1953 2930 vitae
1983 2889 2139 2942 meae,

564 2972 627 3018 ut
656 2964 868 3020 videam
892 2967 1225 3036 voluptatem
1263 2966 1501 3032 Domini,
1524 2975 1580 3021 et
1620 2965 1838 3020 visitem
1874 2968 2141 3036 templum

565 3063 815 3109 sanctum
839 3057 958 3127 ejus
979 3057 1042 3111 ’⁸.
1077 3075 1095 3108 ι
1144 3056 1317 3112 Audis
1364 3071 1475 3125 quo
1533 3065 1692 3125 pacto
1728 3057 1900 3110 instar
1941 3057 2140 3111 summi
2169 3097 2211 3154 Ο

564 3144 821 3200 beneﬁcii
848 3146 1010 3200 ducat
1048 3146 1297 3200 habitare
1337 3146 1393 3200 in
1429 3145 1595 3200 domo
1626 3146 1865 3211 Domini,
1892 3153 1949 3200 et
1974 3146 2030 3200 in
2054 3146 2142 3201 di-

567 3233 696 3286 vina
711 3234 833 3287 aula
856 3233 1110 3287 versari?
1143 3234 1419 3288 Habitatio
1443 3242 1627 3288 autem
1654 3226 1771 3288 haec
1794 3225 1907 3288 non
1932 3242 2017 3289 est
2056 3235 2143 3289 in-

566 3323 855 3393 telligenda
877 3323 1194 3392 corporalis,
1220 3322 1316 3378 sed
1340 3324 1394 3377 in
1419 3323 1717 3379 stabilitate
1738 3325 1938 3378 mentis
1960 3333 2015 3380 et
2042 3326 2145 3395 piae

565 3413 711 3467 vitae.
765 3412 1035 3467 Caeterum
1066 3432 1084 3464 ι
1121 3413 1332 3479 dilexit,
1376 3414 1574 3485 inquit,
1616 3414 1765 3470 Isaac
1808 3416 1973 3481 Esau,
2017 3416 2145 3485 quia

564 3504 788 3559 venatio
829 3506 948 3575 ejus
977 3506 1136 3561 cibus
1180 3506 1231 3561 ei
1278 3515 1397 3560 erat
1418 3507 1484 3560 “.
1510 3527 1528 3559 ›
1559 3508 1766 3577 Dignus
1813 3507 2034 3562 habitus
2061 3516 2146 3563 est

567 3593 755 3648 divino
782 3608 968 3649 amore
996 3595 1395 3664 primogenitus
1417 3596 1601 3660 Israel,
1636 3595 1764 3666 quia
1788 3597 1977 3667 legalis
2018 3597 2145 3651 vitae

566 3684 958 3755 perfectionem
990 3686 1336 3756 laboresque,
1359 3686 1453 3756 qui
1482 3687 1550 3740 ad
1573 3687 1677 3742 hoc
1701 3687 2027 3753 subeuntur,
2047 3702 2144 3743 ve-

567 3778 667 3831 luti
709 3776 891 3833 cibum
935 3778 1229 3847 quemdam
1279 3778 1479 3832 obtulit
1521 3779 1653 3832 Deo.
1706 3779 1951 3833 Fuerunt
1995 3779 2142 3834 enim

566 3866 731 3921 etiam
762 3866 934 3921 sancti
957 3868 1014 3921 iu
1038 3867 1437 3937 Israel,~piique
1472 3877 1529 3922 et
1549 3868 1761 3923 strenui
1782 3868 1918 3937 legis
1949 3868 2143 3923 ob'ser-

567 3964 802 4009 vatores.
830 3954 1040 4010 Idcirco
1077 3956 1345 4026 propheta
1371 3956 1539 4011 Isaias
1579 3955 1745 4010 deﬂet
1772 3956 1943 4010 veluti
1967 3954 2143 4010 forni-

566 4056 740 4102 catam
782 4047 1107 4103 Jerusalem.
1149 4048 1290 4103 Dicit
1326 4057 1506 4103 autem
1548 4048 1696 4118 quod
1747 4066 1765 4099 ι
1792 4048 2004 4119 justitia
2046 4047 2145 4101 ali-

566 4138 786 4206 quando
810 4139 1066 4192 recubuit
1090 4140 1147 4192 in
1168 4155 1235 4193 ea
1257 4142 1323 4203 ³⁵,
1357 4159 1376 4190 ι
1412 4141 1521 4194 hoc
1556 4149 1663 4201 est.
1689 4141 1963 4209 requievit
1980 4146 2037 4194 et
2061 4139 2144 4194 di-

558 4235 782 4283 versata
805 4235 911 4291 est,
938 4228 1063 4281 ideo
1091 4228 1317 4296 quodin
1346 4244 1409 4281 ea
1433 4229 1591 4281 multi
1613 4229 1924 4283 exstiterint
1954 4228 2143 4300 legalis

566 4311 690 4366 vitae
744 4311 917 4382 gloria
958 4314 1220 4369 illustres.
1269 4314 1399 4368 Erat
1453 4314 1622 4384 igitur
1652 4315 1708 4369 in
1737 4315 1947 4370 honore
1996 4316 2142 4386 apud

2239 1865 2334 1918 τὸν
2384 1863 2676 1917 Θεσπέσιον
2733 1862 2900 1931 φάναι
2954 1858 3152 1912 Δαϐίδ’
3193 1875 3211 1908 ι
3251 1855 3457 1925 Κύριος
3516 1854 3820 1918 κατοικίζει

2245 1954 2610 2027 μονοτρόπους
2644 1954 2702 2007 ἐν
2727 1954 2883 2023 οῖκῳ.
2918 1970 2938 2003 ι
2966 1951 3311 2021 Μονότροπος
3336 1947 3446 2016 γὰρ
3475 1947 3505 1999 ό
3533 1944 3739 2009 ἁπλοῦς
3761 1947 3823 1998 ἐν

2240 2045 2481 2118 Χριστῷ,
2530 2044 2589 2108 ὃς
2631 2045 2726 2098 καὶ
2765 2046 2822 2097 ἐν
2871 2043 3005 2112 οῐκῳ
3053 2039 3445 2103 κατοικίζεται.
3490 2036 3684 2089 Καίτοι
3739 2034 3823 2105 τῷ

2255 2137 2469 2209 Ἰσραὴλ
2513 2133 2913 2203 ἐπιφωνοῦντός
2949 2148 3094 2195 τινος
3132 2130 3241 2184 τῶν
3279 2128 3447 2197 ἁγίων
3494 2126 3819 2198 προφητῶν,

2240 2232 2324 2285 ὅτι
2367 2250 2386 2281 ι
2437 2230 2569 2291 Ταῖς
2620 2226 2926 2289 πολυοδίαις
2982 2241 3077 2278 σου
3138 2221 3458 2284 ἐκοπίασας.
3518 2237 3538 2271 ι
3604 2218 3824 2273 Οὐκοῦν

2240 2322 2612 2387 ἐναυλίζονται
2665 2320 2765 2391 μὲν
2797 2320 2845 2372 οἱ
2886 2320 2944 2371 ἐν
2988 2316 3231 2386 Χριστῷ,
3272 2314 3524 2385 καθάπερ
3555 2314 3636 2376 είς
3667 2307 3822 2366 οἷκον

2240 2414 2339 2485 τὴν
2367 2414 2424 2466 ἐν
2461 2412 2704 2482 ὁσιότητι
2737 2410 2829 2463 καὶ¹
2878 2406 3138 2477 ἁγιασμῷ
3174 2400 3450 2458 πολιτείαν
3499 2405 3595 2457 καὶ
3644 2402 3821 2474 ζωήν.

2240 2506 2405 2558 Αὐτοὶ
2432 2503 2491 2557 δὲ
2517 2503 2579 2557 τὸ
2608 2504 2799 2574 χρῆμα
2823 2504 2942 2566 ταῖς
2971 2499 3121 2568 σφῶν
3147 2498 3409 2567 κεφαλαῖς
3423 2491 3513 2552 οἷά
3544 2514 3667 2551 τινα
3696 2496 3824 2550 στέ-

2244 2610 2411 2663 φανον
2449 2592 2849 2654 άναπλέκοντες
2883 2590 3063 2644 ἁλοῖεν
3091 2588 3180 2652 ἂν,
3221 2588 3316 2641 καὶ
3353 2588 3459 2658 μὴν
3486 2586 3579 2640 καὶ
3613 2586 3826 2657 εὐημε-

2247 2687 2368 2758 ρίας
2409 2685 2890 2755 καταλογιζόμενοι
2922 2683 3145 2753 τρόπον.
3175 2680 3444 2751 Ταύτῃτοί
3470 2696 3638 2750 φασι,
3683 2679 3823 2733 ποτε

2246 2779 2366 2850 μὲν,
2384 2780 2468 2833 ὅτι
2495 2798 2515 2831 ι
2539 2777 2871 2848 Ηύφράνθην
2904 2777 2998 2829 ἐπὶ
3016 2777 3128 2837 τοῖς
3153 2772 3398 2843 είρηκόσι
3427 2789 3536 2841 μοι·
3556 2773 3645 2834 Εἰς
3667 2768 3826 2825 οἷκον

2245 2870 2453 2942 Κυρίου
2490 2867 2938 2940 πορευσώμεθαοι
2974 2865 3104 2919 ποτέ
3138 2864 3194 2918 δὲ
3232 2860 3319 2927 αὖ,
3358 2883 3378 2915 ι
3418 2863 3564 2942 ψίαν
3603 2863 3826 2934 ᾐτησά-

2246 2936 2354 3032 μην
2391 2961 2543 3030 παρὰ
2565 2936 2801 3031 -Κυρίου,
2845 2957 3050 3026 ταύτην
3085 2955 3325 3028 ζητήσω.
3368 2973 3387 3007 ι
3424 2936 3532 3008 Kal.
3561 2954 3613 3007 τί
3639 2954 3702 3007 τὺ
3731 2954 3819 3007 αῖ-

2241 3067 2432 3121 τημα;
2462 3050 2589 3103 ποία
2615 3049 2672 3102 δὲ
2707 3048 2800 3102 καὶ
2833 3050 2866 3119 ὴ
2924 3047 3020 3118 μία
3049 3046 3240 3116 χάρις;
3278 3061 3298 3095 t
3340 3043 3414 3096 Τὸ
3442 3045 3720 3096 κατοικεῖν
3750 3059 3826 3112 με

2243 3142 2302 3194 ἐν
2327 3140 2461 3208 οἴκῳ
2493 3139 2720 3209 Κυρίου,
2761 3138 2915 3209 φησι,
2948 3138 3129 3199 πάσας
3153 3136 3253 3199 τὰς
3279 3133 3491 3205 ἡμέρας
3532 3133 3632 3203 τῆς
3668 3132 3831 3203 ζωῆς

2247 3248 2373 3302 μου,
2417 3229 2510 3284 τοῦ
2548 3230 2772 3301 θεωρεῖν
2802 3245 2871 3299 με
2915 3226 3014 3297 τὴν
3057 3225 3398 3297 τερπνότητα
3439 3222 3665 3293 Κυρίου,
3723 3223 3829 3279 καὶ

2244 3319 2668 3375 ἐπισκέπτεσθαι
2697 3319 2789 3373 τὸν
2815 3318 2942 3372 ναὸν
2970 3317 3062 3370 τὸν
3097 3318 3254 3385 ἆγιον
3279 3314 3465 3369 αὐτοῦ.
3514 3333 3533 3367 ι
3576 3313 3828 3377 ’Λκούεις

2244 3412 2392 3475 ὅπως
2419 3412 2476 3465 ἐν
2504 3411 2653 3475 τάξει
2684 3411 2904 3482 χάριτος
2932 3410 3194 3480 λαμπρᾶς
3222 3406 3317 3461 καὶ
3340 3406 3684 3479 ἐξῃρημένης
3720 3421 3830 3458 κα·-

2243 3501 2590 3572 ταλογεῖσθαί
2621 3518 2752 3572 φησι
2783 3501 2845 3554 τὸ
2876 3503 3151 3555 κατοικεῖν
3178 3500 3236 3552 ἐν
3263 3500 3398 3569 οἴκῳ
3426 3497 3583 3562 Θεοῦ,
3619 3498 3713 3550 καὶ
3761 3498 3831 3551 ἐν

2243 3594 2431 3656 αὐλαῖς
2453 3596 2574 3655 ταῖς
2598 3591 2769 3655 θείαις
2794 3590 3065 3645 ποιεῖσθαι
3094 3591 3191 3654 τὰς
3222 3589 3540 3660 διατριϐἁς;
3574 3589 3638 3641 Ἡ
3661 3587 3723 3642 δέ
3755 3604 3831 3657 γε

2243 3686 2456 3755 οἴκησις
2499 3684 2560 3736 οὐ
2600 3683 2885 3753 σωματικὴ
2921 3684 3115 3747 ,νοοῖτο
3165 3683 3210 3734 δ’
3263 3682 3330 3734 ἂν
3381 3679 3582 3750 μᾶλλον
3635 3678 3715 3742 ὡς
3761 3680 3833 3734 ἐν

2245 3774 2547 3845 ἑδραιότητι
2558 3773 2782 3844 γνώμης
2797 3777 2888 3826 καὶ
2901 3773 3154 3844 ἐναρέτου
3170 3771 3336 3841 ζωῆς.
3355 3770 3519 3837 ¹Ᾱλλ’,
3534 3791 3552 3820 ι
3577 3770 3827 3838 Ἡγάπα,

2244 3867 2431 3937 φησιν,
2465 3868 2493 3918 ὁ
2522 3865 2709 3918 Ἰσαάκ
2733 3866 2825 3917 τὸν
2854 3864 3050 3928 Ἠσαῦ,
3068 3865 3151 3918 ὅτι
3177 3866 3209 3934 ὴ
3239 3863 3383 3933 θήρα
3411 3861 3578 3915 αὐτοῦ
3613 3860 3831 3932 βρῶσις

2246 3955 2416 4026 αὐτῷ.
2438 3974 2459 4007 ι
2484 3955 2710 4019 Ἠξίωτο
2734 3955 2843 4025 γὰρ
2875 3954 3095 4023 ἀγάπης
3117 3952 3216 4023 τῆς
3250 3951 3455 4005 ἄνωθεν
3487 3954 3516 4004 ὁ
3543 3951 3829 4021 πρωτότο-

2243 4065 2337 4111 κος
2373 4045 2609 4118 Ἰσραὴλ,
2637 4047 2719 4098 ὅτι
2750 4045 2849 4114 τῆς
2869 4047 2926 4097 ἐν
2945 4044 3095 4114 νόμῳ
3115 4043 3391 4105 πολιτείας
3412 4042 3515 4110 τὴν
3539 4039 3829 4111 κατόρθω·⁵

2244 4154 2349 4203 σιν,
2392 4135 2486 4189 καὶ
2515 4136 2641 4199 τοὺς
2669 4133 2762 4188 ἐπὶ
2802 4132 2939 4203 τῷδε
2975 4133 3191 4200 πόνους,
3230 4132 3435 4203 τροφήν
3460 4131 3648 4202 ὥσπερ
3696 4131 3828 4183 τινὰ

2242 4227 2607 4298 προσεκόμιζε
2652 4224 2731 4296 τῷ
2773 4224 2913 4295 Θεῷ.
2956 4224 3215 4293 Γεγόνασι
3262 4224 3370 4293 γὰρ
3422 4223 3569 4291 ἅγιοι
3616 4223 3711 4274 καὶ
3760 4221 3828 4275 ἐν

2255 4317 2492 4387 Ἰσραὴλ,
2523 4315 2759 4386 φιλόθεοι
2789 4331 2850 4367 τε
2893 4314 2986 4367 καὶ
3014 4313 3407 4383 νομοφύλακες.
3461 4313 3574 4364 Καὶ
3628 4309 3761 4379 γοῦν
3790 4313 3826 4364 ὁ

565 4404 733 4460 Deum
761 4405 1157 4478 primogenitus
1180 4407 1346 4462 Israel
1369 4447 1383 4473 ,
1429 4415 1687 4463 caeterum
1725 4421 1834 4461 non
1872 4416 2140 4477 perpetuo

2244 4409 2526 4477 προφήτης
2569 4405 2798 4466 Ἡσαΐας
2823 4404 3108 4468 ἐταλάνιζε
3133 4403 3233 4474 μὲν
3261 4403 3335 4466 ὡς
3367 4401 3829 4472 πεπορνευμένην

564 4500 911 4554 conservavit
944 4501 1211 4557 honorem
1236 4500 1685 4572 primogenitum
1706 4499 1811 4570 ipsi
1854 4498 2141 4555 tributum.

562 4585 741 4641 Cessit
777 4588 923 4642 enim
964 4590 1366 4659 quodammodo
1414 4604 1558 4645 novo
1595 4604 1659 4644 ac
1683 4588 1959 4659 posterius
2010 4597 2140 4645 nato

564 4678 788 4747 populo,
819 4679 925 4733 hoc
946 4687 1050 4746 est,
1074 4680 1283 4750 gentili,
1307 4679 1690 4750 primogenita,
1715 4679 1873 4748 longe
1918 4680 1988 4734 ad
2015 4696 2137 4735 car-

565 4768 709 4822 nalia
729 4777 785 4823 et
805 4768 1081 4825 mundana
1116 4770 1429 4825 deﬂectens.
1451 4770 1621 4825 Porro
1638 4810 1653 4836 ,
1678 4770 2137 4840 quemadmodum

566 4856 624 4913 in
646 4857 974 4927 evangelicis
992 4858 1270 4927 parabolis
1290 4858 1512 4928 legitur,
1543 4876 1561 4909 ι
1591 4858 1903 4914 Celebravit
1921 4874 2016 4913 rex
2038 4876 2140 4914 nu-

566 4948 708 5018 ptias
730 4947 842 5002 filio
866 4962 966 5003 suo
981 4948 1045 5002 ³⁸.
1081 4968 1100 5000 ι
1133 4949 1404 5005 Praeterea
1445 4949 1674 5004 aderant
1704 4950 1798 5020 qui
1836 4950 1903 5006 ad
1926 4966 2139 5008 cmuam

567 5041 851 5106 vocabant,
877 5040 1120 5096 convivis
1132 5040 1227 5096 Dei
1244 5049 1574 5112 praeceptum
1603 5042 2010 5109 annuntiantes,
2035 5043 2141 5099 hoc

568 5133 813 5201 scilicet,
849 5152 868 5184 ι
899 5133 1040 5189 Ecce
1082 5131 1375 5203 prandium
1414 5146 1599 5187 meum
1645 5132 1934 5203 apparavi,
1997 5133 2141 5188 tauri

567 5224 674 5277 mei
698 5235 755 5279 et
774 5224 943 5279 altilia
968 5224 1169 5290 occisa,
1195 5229 1252 5279 et
1272 5222 1457 5279 omnia
1480 5230 1691 5293 parata,
1722 5224 1903 5279 venite
1936 5225 2005 5279 ad
2033 5240 2139 5278 nn-

567 5313 729 5395 ptias.
759 5314 841 5369 Illi
858 5324 1042 5371 autem
1063 5315 1363 5371 noluerunt
1381 5313 1590 5380 venire,
1610 5332 1629 5365 ι
1662 5315 1860 5385 inquit,
1889 5316 1982 5370 sed
2007 5316 2130 5370 uni-

562 5403 761 5475 cuique
788 5406 845 5460 in
886 5416 1142 5478 promptu
1194 5416 1313 5463 erat
1360 5407 1639 5462 excusatio
1671 5422 1773 5477 pro
1798 5408 1975 5463 libito.
2030 5408 2131 5463 Hic

2240 4498 2339 4567 τὴν
2382 4496 2760 4567 Ἰερουσαλήμ.
2798 4496 2940 4566 Ἔφη
2967 4496 3025 4549 δὲ
3050 4496 3131 4549 ὅτι
3163 4494 3477 4562 δικαιοσύνη
3512 4492 3654 4545 κατὰ
3689 4508 3828 4543 και-

2245 4587 2369 4657 ροὺς
2392 4585 2661 4658 ἐκοιμήθη
2695 4589 2752 4640 ἐν
2786 4587 2947 4658 αὐτῇ,
2993 4585 3293 4651 τουτέστιν,
3326 4583 3693 4647 ἀνεπαύσατο,
3722 4582 3829 4635 καὶ⁵

2238 4676 2525 4740 κατέλυσε,
2557 4677 2648 4731 διά
2673 4693 2755 4730 τοι
2788 4677 2848 4731 τὸ
2880 4678 2937 4729 ἐν
2975 4677 3110 4747 αὐτῇ
3156 4674 3412 4745 γενέσθαι
3455 4672 3682 4733 πολλοὺς
3715 4671 3827 4741 τῆς

2238 4771 2295 4822 ἐν
2321 4768 2470 4840 νόμῳ
2498 4767 2774 4831 πολιτείας
2793 4766 3229 4837 ἀνειλημμένους
3256 4767 3326 4823 τὰ
3355 4765 3670 4836 αὐχήματα.
3699 4758 3828 4818 Ἦν

2237 4857 2331 4915 οὖν
2358 4863 2415 4914 ἐν
2445 4859 2570 4931 δόξῃ
2604 4862 2671 4931 τῇ
2706 4858 2858 4930 παρὰ
2878 4858 2998 4929 Θεῷ
3029 4857 3376 4930 πρωτότοκος
3406 4856 3481 4910 ὣν
3511 4857 3541 4908 ὁ
3573 4852 3823 4927 Ἰσραὴλ,

2238 4952 2377 5024 πλὴν
2417 4952 2477 5005 οὐ
2531 4953 2692 5023 μέχρι
2739 4950 2939 5013 παντὸς
2987 4946 3280 5002 διεσώσατο
3317 4948 3417 5019 τὴν
3451 4946 3562 5008 τοῖς
3617 4943 3823 4998 ἐαυτοῦ

2240 5043 2550 5115 πρεσϐείοις
2582 5042 3023 5113 ἀπονεμηθεῖσαν
3054 5042 3242 5113 τιμήν.
3277 5037 3729 5112 Παρακεχώρηκε
3759 5034 3825 5089 δὲ

2239 5134 2427 5202 ὥσπερ
2447 5131 2526 5202 τῷ
2558 5131 2664 5202 νέῳ
2683 5132 2778 5185 καὶ
2807 5132 3034 5184 κατόπιν
3069 5131 3200 5185 ίόντι
3232 5129 3369 5201 λαῷ,
3395 5126 3662 5192 τουτέστι,
3702 5127 3825 5186 τοῖς

2243 5225 2302 5290 ἐξ
2324 5223 2514 5286 ἐθνῶν,
2542 5222 2612 5276 τά
2629 5222 2993 5292 πρωτοτόκια,
3017 5223 3151 5275 πολὺ
3173 5222 3293 5276 λίαν
3330 5215 3711 5279 ἀπονενευκὼς
3737 5217 3825 5277 είς

2240 5316 2310 5371 τὰ
2336 5316 2537 5387 σαρκός
2558 5332 2618 5368 τε
2637 5314 2732 5369 καὶ
2750 5315 2980 5385 κόσμου.
3004 5317 3116 5370 Καὶ
3138 5313 3269 5383 γοῦν
3291 5313 3389 5378 ὡς,
3420 5314 3477 5364 ἐν
3505 5312 3627 5371 ταῖς
3655 5308 3825 5373 εὐαγρ

2237 5408 2481 5476 γελικαῖς
2513 5405 2828 5477 ἀνεγνώσθη
2858 5405 3193 5477 παραϐολαῖς
3221 5447 3237 5473 ,
3270 5423 3290 5457 ι
3313 5403 3517 5460 Ἐποίει
3565 5400 3665 5472 μὲν
3715 5400 3825 5468 γὰο

638 5606 680 5677 ξ⁷
698 5607 888 5664 Matth.
914 5625 1044 5675 xx",
1078 5610 1173 5675 I7;
1196 5609 1331 5666 Luc.
1360 5628 1449 5673 xx,
1478 5612 1567 5665 22.
1644 5610 1689 5642 ³⁸
1717 5609 1852 5664 Gen.
1876 5624 1999 5672 xxv,
2025 5607 2116 5661 27.

2266 5608 2407 5664 Psal.
2452 5625 2611 5674 van,
2634 5610 2685 5663 7.
2768 5610 2816 5641 ’⁸
2853 5610 2975 5664 Isai.
3009 5626 3133 5677 Lvu,
3163 5611 3249 5666 10.
3329 5613 3372 5646 ³⁸
3396 5608 3539 5667 Psal.
3577 5621 3735 5674 εχει,
3757 5605 3819 5662 ί.

570 5674 773 5731 “Psal.
801 5692 943 5742 ιιι-ι,
979 5681 1031 5732 4.
1108 5674 1316 5734 "ibid.
1394 5681 1440 5714 “
1466 5679 1600 5737 Gen.
1637 5695 1759 5744 xxv,
1782 5678 1870 5732 28.

1983 5679 2028 5709 ⁸⁸
2057 5677 2160 5732 Isa.
2186 5693 2225 5747 ι,
2252 5678 2341 5732 2i.
2418 5680 2463 5713 "
2487 5679 2677 5735 Matth.
2724 5696 2853 5748 χχιι,
2887 5681 2940 5735 2.
