4004 6204
240 299 338 352 165

1281 296 1801 353 GLAPHYRORUM
1847 298 1911 354 IN
1951 299 2253 358 GENESIM
2290 275 2425 361 LIB.
2458 306 2549 362 III.

3404 322 3509 384 I66

242 425 371 483 μους
399 407 430 461 6
461 405 721 478 βασιλεὺς
764 407 841 478 τῷ
872 407 971 479 υἱῷ
1008 407 1197 462 αὐτοῦ.
1257 428 1275 462 ι
1311 405 1448 465 Εἶτα
1486 413 1742 484 παρῆσαν
1770 414 1808 466 oi

1922 415 2068 470 enim
2098 416 2275 472 dixit.
2320 439 2338 470 ι
2379 421 2611 477 Uxorem
2666 422 2819 491 duxi,
2849 426 2989 483 habe
3028 445 3118 486 me
3162 446 3504 498 excusatum.

236 498 710 569 δειπνοκλήτορες,
744 502 858 563 τοῖς
898 499 1216 571 δαιτυμόσιν
1265 500 1701 570 ἀπαγγέλλοντες
1753 504 1822 557 τά

238 589 386 660 παρὰ
413 588 575 649 Θεοῦ,
603 588 905 652 τουτέστιν,
943 608 961 640 ι
1016 589 1146 641 ’ἰδοὺ
1186 588 1249 642 τὸ
1284 591 1506 660 ἄριστόν
1535 608 1638 661 μου
1676 591 1822 662 ἡτοί-

241 695 406 751 μασα,
440 678 492 731 οἱ
513 674 709 747 ταῦροί
748 693 851 745 μου
890 675 1085 730 καὶτὰ
1128 676 1345 731 σιτιστὰ
1393 676 1684 749 τεθυμένα,
1728 680 1821 733 καὶ

238 770 411 824 πάντα
440 768 671 838 ἕτοιμα·
710 766 865 820 δεῦτε
927 767 1009 831 είς
1056 767 1183 832 τοὺς
1221 768 1452 839 γάμους.
1500 771 1563 823 Ol
1615 770 1674 823 δέ
1720 770 1821 824 οὐκ

237 860 426 931 ἤθελον
462 858 661 921 ἐλθεῖν,
698 878 717 911 ι
745 857 931 929 φησίν.
967 858 1111 912 Ἀλλ’
1129 854 1199 929 ἦν
1240 860 1457 932 ἑκάστῳ
1486 862 1821 935 παραίτησις

236 951 295 1003 τὸ
323 948 540 1004 δοκοῦν.
588 950 646 1002 '0
682 948 784 1018 μὲν
824 949 934 1020 γάρ
978 949 1183 1018 ἔφασκε
1207 968 1223 983 ο
1265 969 1283 1002 ι
1316 953 1558 1007 Γυναῖκα
1599 954 1815 1024 ἔγημα,

236 1040 325 1110 ἔχε
360 1057 430 1109 με
451 1037 864 1112 παρῃτημένον.
900 1037 958 1090 '0
981 1037 1060 1102 δὲ,
1102 1040 1301 1111 Ἀγρὸν
1334 1041 1604 1112 ἠγόρασα,
1630 1044 1725 1097 καὶ
1754 1043 1814 1097 οὐ

233 1130 477 1201 δύναμαι
516 1129 705 1196 ἐλθεῖν.
745 1147 764 1181 ι
812 1129 976 1201 Ὁρᾷς
1002 1125 1096 1183 οὖν
1145 1130 1294 1195 ὅπως
1346 1133 1685 1204 μεμίμηνται
1725 1135 1817 1190 τὸν

217 1279 221 1287 ν
246 1221 449 1287 Ἡσαῦ,
471 1221 568 1291 την
595 1218 703 1273 τῶν
724 1221 1077 1290 προσκαίρων
1100 1221 1194 1273 καὶ
1212 1221 1494 1292 σαρκικῶν
1519 1223 1817 1277 ἀπόλαυσιν

233 1313 332 1383 τῆς
368 1311 520 1384 παρά
556 1311 678 1383 Θεῷ
709 1310 869 1381 δόξης
908 1313 1397 1383 προτετιμηκότες,
1441 1316 1724 1387 μονονουχὶ
1757 1316 1814 1370 δὲ

220 1392 331 1458 ¹καὶ
350 1404 561 1476 ἑτέροις
590 1405 659 1457 τά
690 1403 1038 1476 πρωτοτόκια
1059 1402 1358 1475 προθέντες
1386 1404 1547 1461 ἐλεῖν.
1575 1407 1815 1462 Ἀντεισ-

237 1499 529 1572 κέκληνται
587 1499 699 1568 γὰρ
751 1496 914 1560 εὐθὺς
963 1496 1014 1548 οἱ
1059 1496 1119 1563 ἐξ
1168 1496 1340 1551 ἐθνῶν
1396 1499 1811 1568 πιστεύσαντες,

236 1591 328 1645 καὶ
378 1590 479 1662 τὴν
519 1588 600 1659 τῷ
667 1587 888 1660 Ἰσραὴλ
930 1587 1288 1659 ὀφειλομένην
1338 1589 1813 1665 άποκεκερδήκασι

236 1682 393 1747 δόξαν
413 1722 430 1746 ,
463 1682 560 1735 καὶ
600 1680 784 1752 μέντοι
817 1680 915 1733 καὶ
955 1679 1227 1748 εὐλογίαν,
1258 1680 1349 1734 διά
1380 1681 1442 1735 τὸ
1471 1683 1689 1754 ἕτοιμον
1731 1686 1812 1749 είς

232 1772 499 1845 ὑπακοὴν,
638 1772 701 1824 τὸ
725 1770 850 1825 λίαν
879 1747 1136 1834 εὐσταλές
1171 1772 1267 1825 καὶ
1288 1747 1715 1846 διεγηγερμένον
1731 1747 1811 1840 εἰς
1842 1747 1887 1808 Β

230 1882 293 1933 γε
317 1866 381 1917 τὸ
408 1863 610 1935 χρῆναι
645 1861 890 1935 πληροῦν
914 1861 984 1915 τὰ
1014 1862 1309 1917 ἀνδάνοντα
1330 1863 1408 1935 τῷ
1436 1864 1575 1936 Θεῷ.
1598 1866 1812 1921 Γένοιτο

230 1956 276 2009 δ’
314 1956 384 2008 ἂν
424 1956 560 2024 ἡμῖν
601 1954 698 2006 καὶ
736 1952 929 2006 τούτου
970 1952 1201 2024 μάρτυς,
1234 1954 1263 2006 6
1307 1953 1596 2019 θεσπέσιος
1625 1956 1808 2021 Δαϐὶδ,

229 2044 371 2097 οὕτω
401 2043 580 2111 λέγων
601 2042 729 2114 περὶ
749 2041 930 2096 αὐτῶν
950 2056 964 2071 ο
998 2042 1141 2111 «Τὴν
1173 2041 1471 2114 ἐπιθυμίαν
1506 2045 1615 2099 τῶν
1645 2048 1814 2127 πενῄ-

229 2154 333 2191 των
380 2136 745 2206 εἰσήκουσας,
788 2131 985 2202 Κύριε,
1026 2136 1093 2205 τῇ
1128 2135 1415 2209 ἑτοιμασίᾳ
1449 2138 1547 2209 τῆς
1582 2139 1813 2211 καρδίας

228 2229 410 2284 αὐτῶν
438 2226 712 2299 προσέσχε
738 2225 802 2279 τὺ
828 2220 925 2290 οὖς
950 2243 1067 2282 σου.
1108 2246 1128 2280 ι
1173 2220 1555 2302 Ἐτοιμότερος
1583 2232 1693 2304 γὰρ
1723 2234 1810 2287 ἀεί

229 2339 346 2383 ως
373 2322 457 2383 είς
478 2317 795 2372 εὐπείθειαν
828 2318 858 2370 6
894 2319 952 2372 ἐν
994 2318 1176 2373 πίστει
1214 2320 1362 2387 λαὸς,
1394 2322 1572 2376 καίτοι
1605 2325 1713 2378 τῶν
1751 2324 1811 2392 ἐξ

240 2411 459 2485 Ἰσραὴλ
490 2410 594 2482 τὴν
633 2412 692 2463 ἐν
724 2410 878 2480 νόμῳ
905 2410 1185 2464 παίδευσιν
1220 2414 1806 2486 προπεπλουτηκότων.

239 2502 378 2558 Ἀλλ’
423 2501 477 2553 εί
524 2508 625 2557 καὶ
666 2501 773 2555 τῶν
812 2500 972 2555 θείων
1004 2502 1345 2573 μαθημάτων
1377 2509 1808 2581 κατηρῤώστησε

222 2598 318 2667 τὴν
355 2593 636 2664 πτωχείαν
652 2592 763 2647 τῶν
788 2592 958 2646 ἐθνῶν
979 2594 1013 2665 ή
1036 2594 1244 2666 πληθύς
1261 2612 1274 2627 ·
1298 2597 1413 2650 ἀλλ’
1442 2600 1809 2675 εὐπετεστέρα

220 2693 452 2753 γέγονεν
477 2684 538 2735 ἐν
562 2683 766 2748 πίστει,
798 2683 893 2736 καὶ
913 2686 1026 2747 τοῖς
1049 2683 1138 2737 διά
1174 2685 1410 2757 Χριστοῦ
1443 2687 1807 2761 θεσπίσμασιν

220 2775 296 2840 ὥς
317 2775 415 2841 ὀξὺ
446 2774 760 2847 παραθεῖσα
786 2774 849 2828 τὸ
879 2770 993 2839 οὖς,
1019 2775 1049 2828 6
1078 2775 1168 2830 διὰ
1198 2777 1299 2848 τῆς
1327 2777 1494 2833 αὐτοῦ
1528 2782 1810 2855 μεμαρτύ-

225 2884 385 2938 ρηται
406 2865 618 2937 φωνῆς.
649 2865 811 2936 ἜφηΔ
836 2865 944 2936 γὰρ
984 2858 1088 2919 ὧδε
1127 2864 1217 2919 διὰ
1245 2867 1343 2939 τῆς
1374 2867 1469 2921 τοῦ
1500 2869 1809 2937 Ψάλλοντος

219 2959 423 3030 λύρας
479 2976 501 3010 ι
542 2956 684 3020 Λαὶς
725 2956 785 3009 ὃν
831 2957 934 3009 οὐκ
977 2956 1170 3027 ἔγνων,
1224 2958 1505 3013 ὲδούλευσέ
1561 2978 1673 3032 μοι,
1727 2964 1807 3027 είς

218 3052 395 3121 ἀκοὴν
423 3051 589 3104 ὠτίου
616 3049 895 3121 ὑπήκουσέ
919 3066 1045 3121 μου.
1069 3069 1087 3102 ι
1123 3051 1259 3122 Περὶ
1283 3051 1343 3106 δέ
1362 3068 1426 3121 γε
1457 3052 1553 3106 τοῦ
1592 3053 1807 3127 Ἰσραὴλ

216 3146 296 3209 ὡς
321 3145 425 3216 ἤδη
453 3144 718 3207 πεσόντος
742 3145 821 3207 είς
842 3143 1216 3216 ἀλλοτρίωσιν,
1244 3146 1338 3199 καὶ
1365 3145 1677 3217 όρθοποδεῖν
1706 3150 1804 3220 μὲν

214 3236 319 3289 οὐκ
362 3234 648 3299 ἀξιοῦντος
683 3234 785 3298 ἔτι,
818 3235 1220 3305 πεπηρωμένον
1254 3235 1313 3289 δέ
1342 3236 1533 3309 ὥσπερ
1563 3238 1662 3311 τῆς
1684 3239 1803 3294 δια-

222 3326 375 3389 νοίας
402 3325 468 3378 τὸ
500 3325 711 3390 σκέλος,
754 3324 921 3395 φησίν
947 3341 961 3355 ·
996 3344 1014 3376 ι
1039 3325 1158 3379 Υἱοὶ
1193 3325 1464 3397 ἀλλότριοι
1508 3328 1806 3399 ὲψεύσαντό

219 3434 334 3489 μοι,
365 3418 421 3472 οῖ
462 3418 571 3471 υίοὶ
602 3417 878 3489 ἀλλότριοι
916 3417 1359 3490 ἐπαλαιώθησαν,
1407 3422 1503 3476 καὶ
1529 3423 1805 3493 ἐχώλαναν

215 3511 331 3564 ἀπὸ
358 3509 472 3563 τῶν
522 3510 726 3580 τρίϐων
765 3509 962 3564 αὐτῶν.
1002 3530 1020 3562 ι
1060 3510 1249 3582 Τρίϐοι
1294 3511 1395 3584 μὲν
1420 3513 1530 3586 γὰρ
1557 3515 1715 3589 ὀρθαί
1742 3533 1804 3571 τε

216 3604 318 3655 καὶ
369 3600 638 3665 ἀπλανεῖς
685 3600 783 3654 ἐπὶ
811 3600 1046 3672 Χριστὸν
1075 3603 1471 3676 ἀποφέρουσαι,
1522 3609 1620 3661 καὶ
1654 3608 1687 3680 ή
1717 3607 1806 3662 διὰ

216 3691 389 3762 νόμου
420 3691 728 3755 παίδευσις,
755 3691 852 3745 καὶ
872 3693 1166 3764 προφητῶν
1197 3695 1368 3764 ἁγίων
1384 3700 1801 3772 προαγόρευσις.

230 3790 457 3860 Ἐπειδὴ
477 3789 539 3843 δὲ
575 3790 656 3854 είς
681 3790 741 3844 τὸ
766 3790 856 3844 διὰ
883 3792 1049 3862 νόμου
1084 3791 1179 3845 καὶ
1213 3794 1509 3864 προφητῶν
1537 3799 1805 3871 κατηντή-

215 3900 346 3937 mm
374 3882 553 3945 τέλος,
567 3883 817 3935 τουτέστι
841 3883 1095 3954 Χριστὸν,
1114 3882 1388 3954 ἐχώλαναν
1408 3884 1468 3950 ἐξ
1489 3887 1799 3956 ἀσυνεσίας,

216 3972 404 4040 οῦκέξ
455 3972 646 4041 ὑγιοῦς
688 3973 928 4037 διανοίας
977 3975 1441 4045 ἐμπαροινοῦντες
1491 3979 1660 4050 αὐτῷ,
1708 3981 1802 4033 καὶ

215 4065 438 4136 θανάτῳ
494 4064 814 4137 περιϐαλεῖν
856 4066 1229 4138 τολμήσαντες
1274 4068 1368 4122 τὸν
1412 4070 1656 4143 ἀρχηγὸν
1702 4073 1802 4142 τῆς

212 4154 389 4225 ζωῆς.
434 4156 561 4209 Ὀτι
588 4155 772 4209 τοίνυν
800 4158 830 4210 6
861 4155 979 4220 νέος
1008 4174 1067 4210 τε
1106 4159 1166 4211 ἐν
1209 4158 1390 4212 πίστει
1431 4160 1558 4225 λαὸς
1601 4160 1698 4232 τὴν
1726 4160 1803 4232 τῷ

192 4300 193 4309 χ
228 4248 453 4319 Ἰσραὴλ
467 4247 827 4319 ὀφειλομένην
842 4248 1091 4318 εὐλογίαν
1113 4250 1381 4321 ἥρπασεν,
1403 4252 1803 4326 εὐπετεστέραν

213 4336 360 4408 ἔχων
396 4337 497 4407 τὴν
520 4335 752 4410 γνώμην
778 4336 861 4401 εἷς
886 4338 953 4406 γέ
982 4354 1067 4392 τοι
1088 4339 1149 4392 τὸ
1168 4338 1280 4395 δεῖν
1309 4343 1418 4405 τοῖς
1445 4341 1610 4405 θείοις
1643 4342 1801 4396 ὑπεί-

217 4445 338 4482 κειν
377 4428 638 4500 νεύμασι,
685 4428 984 4484 κάντεῦθεν
1015 4432 1149 4500 ἡμῖν
1196 4431 1467 4504 παρέσται
1506 4434 1669 4488 νοεῖν.
1708 4434 1807 4487 Γέ-

216 4539 467 4592 γραπται
498 4522 610 4593 γὰρ
636 4520 733 4576 ὡδί
764 4539 778 4553 ·
810 4540 830 4574 ι
853 4522 1101 4592 Ἐγένετο
1125 4524 1182 4578 δὲ
1208 4523 1348 4596 μετὰ
1360 4524 1422 4579 τὸ
1450 4526 1692 4597 γηρᾶσαι
1710 4526 1801 4583 τὸν

228 4616 440 4678 Ἰσαὰκ,
457 4617 553 4668 καὶ
579 4612 971 4685 ⁴ἠμϐλύνθησαν
984 4616 1035 4668 ol
1052 4615 1321 4686 ὀφθαλμοὶ
1348 4616 1514 4671 αὐτοῦ
1533 4617 1627 4671 τοῦ
1646 4619 1797 4689 όρᾷψ

212 4704 333 4758 Καὶ
360 4706 617 4758 ἐκάλεσεν
663 4705 839 4759 Ἡσαῦ
859 4706 953 4760 τὸν
984 4706 1099 4760 υἱὸν
1119 4706 1288 4760 αὐτοῦ
1311 4707 1401 4762 τδν
1433 4708 1800 4782 πρωτότοκον,

213 4796 315 4846 καὶ
340 4790 493 4848 εἶπεν
522 4794 673 4865 αὐτῷ
692 4813 707 4826 ο
738 4784 838 4849 Υίέ
867 4814 993 4867 μου.
1020 4797 1130 4850 Καὶ
1149 4792 1304 4852 εἶπεν
1325 4815 1340 4828 ·
1370 4799 1501 4854 ’ἰδοὺ
1530 4798 1662 4868 ἐγώ.
1693 4800 1804 4855 Καὶ

209 4876 395 4935 εἶπεν·
417 4884 549 4938 Ἰδοὺ
579 4884 693 4953 ἐγὼ
717 4887 1027 4958 γεγήρακα,
1049 4888 1144 4941 καὶ
1178 4888 1279 4943 οὐκ
1311 4883 1428 4943 οῖδα
1459 4889 1559 4961 τὴν
1588 4889 1806 4963 ἡμέραν

205 4974 317 5044 τῆς
344 4974 603 5048 τελευτῆς
631 4994 755 5047 μου·
787 4976 903 5030 Νῦν
938 4974 1032 5032 οὖν
1069 4979 1200 5033 λάϐε
1233 4981 1296 5035 τὸ
1332 4980 1525 5046 σκεῦός
1554 4999 1668 5047 σου,
1700 4984 1801 5055 τήν

211 5082 277 5119 τε
308 5068 591 5141 φαρέτραν
633 5070 731 5123 καὶ
756 5071 818 5123 τὸ
857 5070 1031 5135 τόξον,
1062 5073 1156 5126 καὶ
1182 5071 1365 5139 ἔξελθε
1392 5075 1471 5137 είς
1503 5074 1564 5127 τὸ
1591 5075 1796 5139 πεδίον,

206 5159 314 5212 καὶ
343 5158 611 5232 θήρευσόν
647 5178 737 5232 μοι
768 5161 963 5232 θήραν,
995 5162 1089 5215 καὶ
1117 5163 1342 5234 ποίησόν
1374 5180 1465 5234 μοι
1502 5164 1794 5235 ἐδέσματα,

203 5246 289 5312 ὥς
314 5249 458 5316 φιλῶ
487 5249 631 5318 ἐγώ·
666 5249 765 5303 καὶ
820 5248 1010 5317 ἔνεγκέ
1051 5267 1141 5321 μοι
1179 5251 1266 5305 ἵνα
1313 5252 1493 5322 φάγω,
1530 5253 1677 5319 ὅπως
1704 5256 1797 5308 εὐ-

205 5335 424 5410 λογήσῃ
447 5354 507 5391 σε
535 5341 570 5408 η
596 5338 741 5409 ψυχή
781 5355 881 5408 μου
912 5339 1042 5409 πρὶν
1078 5340 1371 5396 ἀποθανεῖν
1416 5358 1503 5413 με.
1541 5361 1560 5394 ι
1614 5343 1798 5398 Ταῦτα

210 5427 321 5495 μὲν
362 5422 456 5481 οὖν
486 5427 592 5498 ἔφη
621 5429 761 5500 πρὸς
802 5428 894 5483 τὸν
932 5429 1103 5486 Ἠσαῦ
1141 5433 1170 5485 6
1202 5434 1404 5505 πατήρ.
1447 5435 1505 5489 '0
1524 5434 1584 5488 δέ
1621 5453 1797 5507 παρα-

202 5517 408 5589 χρῆμα
439 5520 565 5584 τοὺς
610 5522 707 5574 ἐπὶ
750 5522 818 5591 τῇ
860 5520 1005 5593 θήρᾳ⁸
1048 5524 1411 5596 κατορθώσων
1458 5528 1653 5591 πόνους
1702 5530 1801 5595 τῆς

316 5701 369 5735 ³⁷
388 5702 574 5760 Matth.
604 5721 679 5771 tv,
704 5706 765 5773 5;
792 5704 905 5762 Luc
928 5723 1035 5776 xxv,
1069 5710 1134 5765 l6
1158 5726 1272 5781 seq.

1370 5714 1415 5745 “
1442 5712 1586 5768 Psal.
1638 5729 1710 5779 ix,
1746 5712 1836 5768 Τί.
1907 5714 1955 5793 ’³³
1986 5712 2123 5768 Psal.
2154 5725 2280 5775 xvu,
2312 5708 2392 5763 lii.

1920 507 2019 562 Ille
2039 524 2172 565 vero
2210 528 2221 563 :
2256 510 2459 582 Agrum
2488 514 2618 580 emi,
2664 525 2720 571 et
2759 534 2869 573 non
2914 507 3139 590 possum
3164 528 3355 584 venire
3380 534 3447 587 "’.
3480 555 3499 586 ι

1922 597 2088 654 Vides
2110 600 2278 671 igitur
2302 618 2413 672 quo
2436 612 2597 673 pacto
2635 606 2831 662 imitati
2878 620 3005 665 sunt
3034 612 3200 681 Esau,
3230 625 3515 689 tempora-

1923 688 2130 745 riarum
2158 699 2213 746 et
2231 695 2535 749 carnalium
2573 712 2758 751 rerum
2788 699 3104 758 fruitionem
3120 706 3309 777 gloriae
3340 688 3371 765 a
3394 711 3505 768 Deo

1921 780 2121 837 oblatae
2158 785 2539 854 praeferentes,
2592 803 2657 844 ac
2684 797 2897 846 tantum
2943 809 3054 850 non
3083 788 3206 853 aliis
3228 801 3506 873 primoge-

1920 872 2037 927 nita
2102 877 2282 945 raptui
2339 888 2696 949 exponentes.
2745 883 2959 940 Inducti
3007 889 3155 944 enim
3210 901 3339 948 sunt
3398 872 3506 950 sta-

1921 965 2021 1019 tim
2081 968 2317 1037 gentiles
2367 971 2698 1039 credentes,
2762 984 2820 1030 et
2865 977 3104 1033 debitam
3148 981 3332 1038 Israeli
3390 986 3506 1056 glo-

1919 1058 2058 1113 riam
2096 1061 2511 1132 praeripientes,
2578 1063 3130 1141 benedictionemque
3194 1075 3267 1131 ob
3314 1085 3502 1147 prom-

1917 1150 2252 1221 ptitudinem
2303 1154 2371 1209 ad
2429 1155 2797 1213 obedientiam
2865 1164 3230 1230 praestandam
3281 1176 3337 1221 et
3394 1170 3503 1225 ala-

1917 1242 2172 1298 critatem
2222 1244 2292 1299 ad
2339 1259 2404 1301 ea
2464 1261 2587 1317 qua
2646 1248 2761 1305 Deo
2812 1251 3070 1321 placent,
3130 1261 3496 1328 exsequenda.

1921 1332 2074 1402 101
2104 1333 2362 1388 Testetur
2393 1344 2577 1391 autem
2599 1338 2763 1393 nobis
2802 1341 2969 1395 etiam
3018 1344 3123 1399 hoc
3149 1345 3371 1403 divinus
3399 1351 3503 1406 Da-

1914 1420 2008 1475 vid
2028 1460 2042 1486 ,
2072 1422 2148 1476 ita
2180 1421 2251 1476 de
2297 1423 2434 1492 ipsis
2473 1424 2665 1481 dicens
2699 1444 2713 1480 :
2750 1447 2769 1479 ‹
2795 1429 3139 1486 Desiderium
3192 1450 3499 1506 pauperum

1914 1510 2204 1579 exaudisti,
2232 1513 2483 1582 Domine,
2506 1518 2957 1591 praeparationem
2982 1523 3165 1579 cordis
3185 1542 3375 1581 eorum
3399 1545 3468 1585 au
3485 1559 3500 1572 -

1915 1600 2051 1658 divit
2077 1604 2229 1659 auris
2257 1613 2351 1663 tua
2375 1604 2444 1661 ³⁸.
2477 1626 2495 1659 ι
2530 1609 2842 1681 Promptior
2872 1613 3021 1667 enim
3036 1630 3255 1686 semper
3273 1619 3340 1673 ad
3372 1622 3502 1676 ohe-

1914 1693 2178 1749 dientiam
2204 1698 2424 1767 gentilis
2445 1700 2540 1770 qui
2583 1701 2746 1757 ﬁdem
2781 1705 3066 1775 amplexus
3116 1716 3230 1773 est,
3284 1712 3500 1770 etiamsi

1915 1785 2176 1842 Israelita:
2224 1787 2387 1859 legali
2440 1790 2731 1862 disciplina
2787 1803 2948 1850 antea
2997 1796 3239 1853 instituti
3291 1812 3494 1857 essent.

1912 1876 2185 1934 Caeterum
2233 1881 2338 1935 etsi
2380 1882 2582 1939 divina:
2630 1884 2896 1942 doctrina:
2944 1890 3177 1958 penuria
3224 1893 3499 1950 laboravit

1912 1968 2159 2041 gentium
2202 1971 2532 2037 multitudo,
2573 1972 2793 2030 facilius
2843 1984 3026 2033 tamen
3089 1995 3154 2034 ac
3187 1984 3499 2053 promptius

1912 2060 2078 2117 fidem
2110 2062 2383 2132 suscepit,
2430 2074 2487 2119 et
2518 2064 2724 2121 Christi
2767 2070 2989 2124 oracula
3023 2072 3198 2128 avidis
3228 2075 3496 2144 quodam-

1911 2155 2077 2211 modo
2123 2156 2351 2211 auribus
2385 2158 2600 2228 excepit
2627 2177 2640 2212 :
2666 2160 2813 2231 quod
2849 2169 2905 2216 et
2946 2162 3063 2233 ipse
3098 2170 3354 2231 testatur,
3376 2183 3499 2237 per

1909 2258 2100 2300 vocem
2125 2245 2348 2302 Davidis
2370 2247 2444 2302 ita
2468 2249 2673 2304 alicubi
2696 2251 2888 2307 dicens
2915 2270 2928 2306 :
2964 2272 2982 2305 ι
3020 2254 3265 2325 Populus
3289 2297 3303 2321 ,
3331 2273 3494 2327 quem

1909 2350 2021 2391 non
2047 2339 2298 2409 cognovi,
2335 2341 2560 2395 servivit
2584 2341 2741 2408 mihi,
2771 2342 2827 2397 in
2854 2345 3045 2400 auditu
3075 2349 3228 2402 auris
3250 2348 3496 2405 obedivit

1909 2429 2130 2485 mihi”.
2164 2450 2182 2483 ι
2221 2434 2296 2487 De
2330 2432 2527 2489 lsraele
2562 2450 2716 2501 vero,
2749 2435 2972 2508 quijam
2997 2439 3166 2494 veluti
3201 2441 3257 2495 in
3283 2442 3493 2497 aliena-

1910 2521 2117 2577 tionem
2176 2524 2523 2594 prociderat,
2553 2530 2733 2597 neque
2768 2538 2916 2585 recte
2955 2531 3191 2601 amplius
3237 2533 3493 2589 incedere

1906 2613 2146 2680 volebat,
2170 2615 2418 2670 luxatum
2459 2627 2643 2671 autem
2669 2619 3075 2688 quodammodo
3120 2625 3322 2680 mentis
3360 2642 3493 2681 crus

1908 2702 2167 2770 habebat,
2198 2706 2316 2760 ait:
2351 2725 2370 2757 ι
2415 2706 2539 2762 Filii
2587 2707 2752 2762 alieni
2779 2711 2995 2766 mentiti
3039 2723 3169 2769 sunt
3195 2717 3355 2783 mihi,
3388 2717 3487 2773 filii

1907 2794 2075 2848 alieni
2128 2795 2417 2851 inveterati
2451 2805 2613 2862 sunt,
2650 2807 2708 2852 et
2739 2799 3190 2859 claudicaverunt
3214 2801 3246 2861 2.
3279 2809 3492 2865 semitis

1906 2886 2023 2940 suis
2044 2885 2109 2939 ³ο.
2143 2905 2161 2937 ι
2192 2886 2375 2941 Recta:
2399 2888 2547 2942 enim
2590 2897 2739 2954 sunt,
2791 2905 2971 2960 neque
2997 2908 3243 2952 erronem
3277 2900 3379 2955 viae
3420 2903 3490 2958 ad

1906 2974 2189 3032 Christum
2220 2976 2506 3043 ducentes,
2550 2979 2938 3051 institutioque
2957 3000 3056 3053 per
3082 2986 3256 3058 legem
3281 3000 3338 3046 et
3361 3008 3491 3048 san-

1834 3090 1878 3150 α
1911 3078 2126 3126 ctorum
2155 3071 2544 3141 prophetarum
2589 3073 2865 3130 vaticinia.
2917 3077 3211 3149 Postquam
3251 3101 3384 3140 vero
3422 3089 3491 3143 ad

1906 3162 2073 3218 ﬁnem
2096 3161 2232 3233 legis
2252 3169 2309 3217 et
2327 3163 2741 3233 prophetarum,
2783 3167 2890 3223 hoc
2914 3177 3000 3224 est
3033 3171 3334 3242 Christum,
3370 3194 3494 3247 per-

1904 3262 2197 3319 venerunt,
2227 3254 2679 3312 claudicaverunt
2706 3274 2819 3328 prae
2852 3275 2952 3316 sua
2977 3265 3258 3331 vecordia,
3290 3283 3401 3323 non
3426 3286 3495 3325 ex

1904 3361 2038 3401 sana
2061 3355 2245 3402 mente
2267 3348 2601 3404 contumelia
2624 3350 2805 3420 ipsum
2833 3352 3156 3423 allicientes,
3172 3368 3491 3416 auctorem-

1904 3454 2011 3508 que
2037 3438 2164 3497 vitae
2197 3438 2452 3495 occidere
2475 3456 2588 3495 non
2615 3443 2797 3499 veriti.
2823 3443 2980 3512 Quod
3004 3448 3171 3517 igitur
3213 3467 3392 3507 novus
3437 3454 3493 3508 in

1904 3530 2013 3584 ﬁde
2038 3530 2274 3599 populus
2308 3529 2550 3587 debitam
2598 3533 2784 3590 Israeli
2822 3537 3264 3596 benedictionem
3309 3545 3493 3599 subri-

1903 3621 2107 3692 puerit,
2130 3623 2438 3693 promptius
2467 3624 2669 3682 divinis
2688 3631 2978 3700 praeceptis
3000 3632 3327 3704 obsequium
3350 3652 3502 3706 prae—-

1904 3709 2121 3776 stando,
2150 3710 2304 3767 illinc
2337 3712 2504 3768 etiam
2542 3714 2851 3788 intelligere
2880 3719 3029 3775 licet.
3057 3721 3136 3776 Ita
3168 3725 3316 3777 enim
3349 3727 3491 3780 scri-

1903 3809 2058 3872 ptum
2080 3811 2165 3857 est
2189 3818 2204 3856 :
2237 3820 2258 3854 ι
2299 3802 2526 3858 Factum
2548 3813 2634 3859 est
2657 3815 2841 3861 autem
2863 3824 2987 3863 cum
3013 3811 3291 3866 senuisset
3318 3812 3490 3876 Isaac,

1905 3893 2145 3948 hebetati
2197 3901 2327 3949 sunt
2373 3895 2522 3949 oculi
2550 3897 2670 3967 ejus
2706 3897 2774 3951 ad
2818 3899 3138 3953 videndum.
3174 3902 3243 3955 Et
3276 3903 3493 3956 vocavit

1902 3985 2049 4041 Esau
2085 3985 2259 4040 ﬁlium
2285 4001 2447 4041 suum
2477 3988 2770 4052 seniorem,
2797 3997 2853 4043 et
2887 3990 3026 4044 dixit
3054 4010 3067 4044 :
3102 3993 3206 4046 Fili
3266 3994 3360 4048 mi.
3384 3994 3488 4060 Qui

1901 4074 2188 4144 respondit
2218 4092 2234 4140 ;
2270 4075 2409 4130 Ecce
2435 4090 2537 4146 ego
2564 4116 2579 4139 ,
2637 4084 2694 4131 et
2721 4075 2859 4131 dixit
2896 4096 2909 4131 :
2938 4079 3078 4135 Ecce
3107 4082 3406 4147 consenui,
3435 4093 3493 4138 et

1902 4181 2016 4220 non
2048 4164 2164 4220 scio
2197 4165 2344 4220 diem
2391 4166 2587 4221 mortis
2624 4181 2779 4222 meae.
2805 4168 2966 4225 Nunc
2992 4186 3123 4240 ergo
3149 4187 3304 4227 sume
3334 4189 3490 4229 arma

1902 4267 2019 4322 tua,
2048 4257 2365 4328 pharetram
2383 4298 2397 4323 ,
2423 4266 2481 4313 et
2498 4274 2709 4325 arcum,
2737 4267 2795 4315 et
2822 4261 3085 4332 egredere
3108 4262 3256 4318 foras
3285 4281 3298 4318 :
3333 4280 3491 4320 cum-

1903 4362 2011 4417 que
2040 4356 2242 4403 venatu
2267 4346 2473 4417 aliquid
2506 4349 2959 4419 apprehenderis,
2999 4351 3086 4406 fac
3121 4353 3257 4407 mihi
3281 4354 3487 4418 edulia,

1908 4438 2050 4493 sicut
2073 4453 2199 4492 amo
2235 4454 2356 4509 ego,
2393 4447 2449 4493 et
2487 4438 2623 4493 aﬁ‘er
2646 4439 2803 4503 mihi,
2842 4449 2905 4494 ut
2936 4442 3217 4496 comedam
3241 4453 3298 4499 et
3320 4444 3493 4500 bene-

1907 4530 2055 4584 dicat
2110 4530 2208 4584 tibi
2255 4531 2437 4585 anima
2470 4545 2592 4584 mea
2628 4538 2924 4600 antequam
2964 4534 3171 4587 moriar
3204 4532 3269 4588 ⁸¹.
3301 4554 3320 4586 ι
3367 4535 3493 4593 Haec

1908 4618 2075 4689 igitur
2097 4619 2237 4674 dixit
2274 4628 2433 4690 pater
2456 4619 2523 4674 ad
2548 4620 2713 4676 Esau.
2750 4621 2845 4675 Ille
2880 4636 3018 4676 vero
3053 4622 3238 4677 statim
3264 4638 3490 4694 compo-

1907 4725 2047 4765 nens
2092 4726 2149 4765 se
2174 4709 2241 4766 ad
2273 4710 2584 4766 venationis
2631 4712 2880 4778 labores,
2906 4714 3187 4784 egreditur
3227 4714 3411 4781 domo,
3436 4725 3493 4770 et

1909 4799 2145 4857 viriliter
2196 4818 2314 4856 rem
2344 4804 2472 4874 agit.
2522 4803 2665 4870 Quid
2716 4819 2853 4859 vero
2897 4806 3152 4861 interea?
3192 4809 3493 4865 Persuadet

1894 4893 2161 4950 ‘Rebecca
2187 4894 2356 4950 Jacob
2377 4935 2391 4957 ,
2439 4903 2499 4947 ut
2528 4902 2838 4949 antevertat
2886 4896 3030 4951 Esau
3051 4938 3065 4961 ,
3112 4906 3169 4953 et
3211 4901 3491 4969 praeripiat

1909 4984 2369 5040 benedictionem.
2408 4983 2510 5050 Qui
2553 4985 2773 5054 quidem
2801 4986 2961 5042 initio
2990 4988 3045 5041 id
3073 4988 3253 5044 facere
3275 4998 3488 5045 metue—

1905 5075 2021 5142 bat,
2047 5076 2308 5130 incitante
2346 5084 2530 5131 autem
2568 5084 2764 5141 matre,
2803 5077 2942 5132 duos
2979 5078 3199 5147 quidem
3244 5079 3399 5150 102
3419 5096 3493 5137 ex

1905 5167 2052 5237 agris
2075 5165 2260 5222 hzedos
2280 5166 2442 5222 all‘ert
2479 5168 2744 5237 pulchros
2771 5175 2826 5221 et
2851 5166 3080 5222 tenellos
3098 5208 3113 5233 ,
3141 5168 3489 5241 confecitque

1906 5258 2150 5312 edulium
2179 5274 2192 5311 :
2226 5259 2516 5329 imponens
2544 5268 2727 5314 autem
2754 5258 3000 5313 humeris
3024 5259 3214 5329 pelles,
3242 5262 3490 5320 etnudas

1905 5347 2030 5401 colli
2058 5356 2243 5417 partes
2272 5359 2495 5422 tegens,
2538 5350 2769 5419 pulchre
2796 5349 2940 5405 Esau
2980 5350 3269 5408 hirsutiem
3301 5354 3489 5410 imita-

1908 5442 2091 5504 batur,
2122 5448 2184 5494 ut
2206 5442 2379 5509 patris
2403 5455 2601 5495 manus
2622 5440 2858 5505 falleret,
2882 5440 2927 5495 si
2958 5439 3099 5497 forte
3117 5457 3243 5497 eum
3263 5452 3487 5499 contre-

1909 5540 2103 5587 ctaret.
2135 5529 2345 5585 Deinde
2396 5539 2624 5602 accepto
2669 5532 2930 5597 obsonio,
2979 5532 3117 5587 adiit
3165 5542 3489 5604 patrem,et

2480 5710 2523 5742 ³⁸
2547 5710 2679 5766 ibid.
2708 5711 2793 5767 Η.
2821 5726 2847 5747 ’
2893 5713 2934 5745 ³¹
2963 5713 3098 5770 Gen.
3142 5731 3265 5783 xxv,
3305 5715 3419 5773 1-6.
