4004 6204
533 287 631 339 167

1557 281 1614 335 S.
1655 275 1927 333 CYRILIJ
1969 270 2436 326 ALEXANDRINI
2468 268 2782 324 ARCHIEP.

3673 273 3771 328 168

531 395 665 448 dixit
693 413 705 448 :
743 415 760 445 ι
797 394 972 449 Pater.
1003 395 1105 461 Qui
1124 395 1406 466 respondit
1433 413 1444 447 :
1475 395 1615 448 Ecce
1639 408 1758 463 ego.
1785 390 1918 458 Quis
1944 403 2004 442 es
2024 397 2101 451 tu,

2209 383 2394 445 ἑστίας
2419 383 2664 454 ἀπαίρει,
2690 383 2782 436 καὶ
2795 384 3054 447 νεανικῶς
3077 382 3418 448 ἐσκευάζετο.
3441 384 3550 438 Kal
3568 385 3618 436 τί
3636 386 3772 455 μετά

532 485 655 537 ﬁli?
713 485 779 538 Et
825 483 964 538 dixit
1017 485 1187 539 Jacob
1241 485 1428 554 patri:
1469 483 1582 552 Ego
1626 481 1768 535 Esau
1838 478 2106 548 primoge-

532 576 679 625 nitus
709 579 836 625 tuus
856 571 986 626 :feci
1017 572 1159 626 sicut
1183 573 1399 626 locutus
1419 586 1479 625 es
1503 569 1658 623 mihi.
1685 567 1924 637 Surgens
1954 565 2104 628 sede,

529 672 587 717 et
610 663 835 716 comede
883 663 950 717 de
995 663 1284 717 venatione
1331 676 1472 726 mea,
1522 669 1582 713 ut
1634 658 1925 713 benedicat
1968 655 2103 708 mihi

532 752 710 805 anima
729 760 838 811 tua.
877 752 1169 821 Postquam
1192 768 1323 807 vero
1347 751 1584 806 comedit
1606 765 1772 804 senex
1799 747 1946 817 quod
1969 747 2103 802 alla-

535 851 651 893 tum
694 850 832 906 erat,
864 843 940 896 ait
977 844 1044 896 ad
1094 843 1265 897 ﬁlium
1303 863 1315 898 :
1353 843 1811 913 Appropinquare
1847 839 1982 893 mihi
2008 879 2022 903 ,
2051 847 2108 893 et

536 931 781 985 osculare
813 947 921 996 me,
972 932 1085 997 ﬁli;
1132 942 1188 987 et
1225 935 1672 1003 appropinquans
1719 931 1999 986 osculatus
2022 937 2107 983 est

535 1035 678 1085 eum,
711 1029 767 1075 et
793 1023 1054 1076 odoratus
1077 1032 1160 1077 est
1180 1023 1404 1078 odorem
1429 1024 1878 1078 vestimentorum
1913 1020 2103 1090 ipsius,

535 1119 588 1164 et
617 1111 894 1166 benedixit
920 1115 993 1179 ei,
1020 1123 1075 1168 et
1107 1114 1244 1168 dixit
1270 1133 1282 1167 :
1317 1117 1456 1170 Ecce
1503 1115 1640 1169 odor
1670 1113 1767 1167 ﬁlii
1809 1112 1934 1176 mei,
1963 1111 2105 1166 sicut

535 1202 670 1255 odor
702 1204 812 1272 agri
840 1205 1017 1272 pleni,
1047 1206 1135 1259 cui
1168 1207 1448 1260 benedixit
1475 1206 1760 1270 Dominus,
1799 1213 1854 1258 et
1883 1203 1976 1257 det
2005 1201 2103 1256 tibi

537 1294 677 1347 Deus
703 1293 768 1347 de
798 1311 919 1348 rore
945 1297 1088 1360 caeli,
1121 1298 1264 1351 etde
1300 1297 1629 1366 pinguedine
1651 1306 1830 1361 terrae,
1855 1294 2104 1348 multitu-

535 1383 719 1438 dinem
750 1385 1013 1440 frumenti
1045 1396 1099 1441 et
1136 1388 1246 1440 vini
1278 1397 1373 1442 :-et
1401 1388 1641 1442 serviant
1667 1387 1766 1440 tibi
1812 1394 2021 1456 gentes,
2051 1393 2107 1439 et

535 1473 765 1528 adorent
785 1486 836 1528 te
868 1476 1144 1545 principes
1165 1517 1178 1540 ,
1208 1484 1263 1530 et
1290 1485 1408 1530 esto
1437 1475 1692 1529 dominus
1714 1474 1902 1528 fratris
1923 1475 2024 1536 tui,
2051 1480 2107 1528 et

534 1566 840 1622 adorabunt
895 1577 945 1622 te
991 1555 1087 1620 ﬁlii
1123 1567 1294 1636 patris
1328 1567 1426 1620 tui.
1459 1566 1562 1632 Qui
1611 1564 1955 1619 maledixerit
1977 1563 2105 1628 tibi,

534 1656 604 1710 sit
651 1657 1011 1721 maledictus;
1044 1665 1099 1711 et
1125 1655 1455 1710 benedicens
1496 1655 1615 1719 tibi,
1641 1653 1963 1708 benedictus
1985 1654 2048 1705 δ’.
2082 1671 2099 1704 ι

2206 471 2397 536 τοῦτο;
2435 471 2622 522 Πείθει
2665 471 2929 524 Ῥεϐέκκα
2972 473 3066 525 τὸν
3123 471 3314 526 Ἰακὼὸ
3352 472 3554 542 φθάσαι
3591 491 3650 526 τε
3683 476 3770 527 τὸν

2218 559 2426 627 Ἡσαῦ,
2455 562 2550 614 καὶ
2597 560 2702 632 μὴν
2747 562 2842 614 καὶ
2891 562 3133 634 ἁρπάσαι
3183 563 3280 634 τὴν
3315 564 3584 632 εὐλογίαν.
3636 566 3691 618 Ὁ
3715 565 3772 618 δὲ

2206 651 2362 705 τοῦτο
2395 651 2526 722 δρᾷν
2559 653 2749 705 ἐδεδίει
2783 653 2881 722 μὲν
2928 653 2988 718 ἐξ
3016 655 3190 725 ἀρχῆς
3210 672 3222 684 ⁸
3254 655 3679 726 παραθηγούσης
3714 656 3770 708 δὲ

2205 742 2304 811 τῆς
2333 742 2556 812 μητρὸς,
2584 741 2676 795 δύο
2711 741 2810 812 μὲν
2837 743 2897 807 ἐξ
2929 744 3115 813 ἀγρῶν
3136 745 3359 814 ἐρίφους
3382 745 3643 814 εἰσφέρει,
3679 761 3774 798 κα-

2207 828 2334 892 λούς
2361 847 2420 882 τε
2448 831 2542 883 καὶ
2568 831 2828 898 ἁπαλοὺς,
2857 832 2950 884 καὶ
2966 832 3248 901 ὀψοποιίας
3269 833 3474 903 ἦπτετο
3491 850 3507 868 ο
3533 833 3772 905 περιθεὶς

2208 922 2264 974 δέ
2303 924 2412 984 τοῖς
2435 921 2606 992 ὤμοις
2636 921 2704 976 τὰ
2730 922 2994 992 δέρματα,
3034 923 3128 975 καὶ
3161 923 3261 993 τῆς
3293 925 3478 995 δειρῆς
3507 925 3577 977 τὰ
3597 927 3776 996 γυμνά

2207 1013 2705 1082 κατημφιεσμένος,
2753 1012 3085 1083 ἀπεμιμεῖτο
3122 1013 3302 1077 καλῶς
3336 1015 3432 1086 τὴν
3481 1015 3650 1069 Ἠσαῦ
3682 1016 3776 1068 δα-

2209 1100 2437 1170 σύτητα,
2483 1101 2576 1154 καὶ
2618 1101 2680 1155 τὸ
2725 1101 2860 1168 ἄγαν
2903 1101 3266 1172 λασιότριχες,
3316 1105 3391 1166 ῶς
3423 1104 3488 1157 ἂν
3519 1105 3777 1178 διαπαίζῃ

2206 1194 2305 1257 τὰς
2338 1193 2430 1246 τοῦ
2476 1193 2679 1264 πατρὸς
2711 1196 2920 1264 χεῖρας,
2959 1195 3006 1246 εί
3050 1194 3306 1264 ὲπαφῷτο
3349 1197 3529 1266 τυχόν.
3563 1193 3694 1250 Εἶτα
3719 1200 3777 1252 τὸ

2207 1284 2335 1354 δψον
2367 1287 2446 1348 εἰς
2473 1287 2661 1355 χεῖρας
2695 1284 2853 1349 ἐλὼν,
2887 1285 3086 1339 είσέθει
3112 1288 3248 1356 πρὸς
3286 1287 3378 1340 τὸν
3409 1289 3644 1361 πατέρα,
3686 1293 3778 1344 καὶ

2207 1373 2271 1443 δὴ
2301 1374 2396 1426 καὶ
2420 1373 2626 1441 ἔφασκε
2649 1389 2662 1402 ”
2702 1393 2720 1424 ‹
2749 1374 2952 1445 Πάτερ.
2993 1375 3053 1427 '0
3079 1377 3134 1428 δὲ
3159 1372 3329 1430 εἶπενο
3375 1379 3502 1432 Ἰδοὺ
3530 1380 3657 1448 ἐγώ.
3684 1382 3775 1444 Ti;

2208 1459 2259 1516 εἷ
2304 1463 2388 1526 σὺ,
2441 1463 2651 1518 τέκνον.
2699 1465 2808 1517 Καὶ
2845 1460 2999 1519 εἶπεν
3053 1466 3243 1520 Ἰακὼὸ
3280 1469 3358 1537 τῷ
3400 1471 3595 1541 πατρί·
3641 1473 3778 1540 Ἐγὼ

2220 1553 2394 1606 Ἥσαῦ
2416 1556 2443 1606 6
2460 1553 2800 1624 πρωτότοκὸς
2817 1572 2931 1622 σου,
2951 1555 3092 1609 καθά
3114 1557 3382 1628 ἐλάλησάς
3403 1578 3491 1630 μοι
3515 1562 3738 1633 ἐποίησα
3759 1600 3777 1619 .

2221 1646 2482 1710 Ἀναστὰς
2528 1645 2772 1711 κάθισον,
2805 1647 2926 1703 καὶ,
2954 1647 3095 1714 φάγε
3136 1649 3235 1718 τῆς
3264 1649 3435 1722 θήρας
3480 1669 3600 1722 μου,
3633 1654 3779 1720 ὅπως

535 1751 838 1805 Antevertit
895 1753 1078 1820 itaque
1146 1751 1312 1806 Jacob
1372 1750 1812 1804 benedictionem
1884 1751 2103 1820 patris:

2209 1739 2478 1811 εὐλογήσῃ
2512 1757 2578 1810 με
2612 1738 2816 1810 ἡψυχὴ
2859 1756 2975 1818 σου.
3018 1742 3236 1813 Ἐπειδὴ
3279 1745 3336 1797 δὲ
3370 1747 3722 1819 κατεδήδοκεν
3748 1751 3777 1803 6

535 1842 734 1897 deinde
757 1857 887 1894 vero
919 1858 984 1895 ex
1007 1843 1148 1912 agris
1192 1851 1378 1911 postea
1410 1842 1561 1896 venit
1594 1843 1736 1897 Esau
1784 1857 1908 1897 cum
1936 1857 2105 1908 vena-

537 1933 707 1987 tione.
754 1931 890 1987 Cum
932 1947 1062 1986 vero
1109 1948 1229 1986 eam
1263 1934 1404 2002 patri
1456 1935 1768 1997 obtulisset,
1810 1933 2107 1987 frustratus

534 2032 682 2088 erat,
715 2033 771 2078 et
803 2024 950 2092 quod
1000 2032 1258 2077 evenerat
1298 2024 1514 2078 didicit.
1550 2023 1772 2078 Audivit
1807 2025 1952 2079 enim
1999 2031 2110 2078 sta-

535 2114 634 2168 tim
666 2133 680 2168 :
712 2133 730 2166 ι
760 2115 997 2169 Veniens
1017 2115 1186 2169 frater
1225 2124 1350 2169 tuus
1379 2115 1777 2179 fraudulenter,
1822 2116 2109 2185 prteripuit

535 2205 974 2261 benedictionem
1033 2215 1200 2260 tuam.
1238 2225 1256 2256 ›
1299 2206 1524 2260 Dicente
1574 2213 1757 2260 autem
1808 2206 1951 2261 Esau
1995 2221 2109 2262 non

531 2298 740 2368 absque
769 2298 1018 2367 lacrymis
1050 2316 1062 2350 :
1105 2315 1122 2347 ι
1156 2297 1297 2351 Num
1344 2298 1660 2352 benedictio
1685 2299 1845 2353 unica
1877 2299 1975 2354 tibi
2002 2308 2105 2365 est,

536 2389 726 2455 pater?
757 2389 994 2444 Benedic
1046 2390 1210 2444 etiam
1269 2390 1424 2443 mihi.
1467 2390 1613 2444 Dixit
1652 2406 1869 2444 rursum
1906 2390 2054 2446 Isaac
2091 2409 2107 2445 :

537 2479 672 2533 Ecce
715 2479 782 2533 de
824 2480 1155 2550 pinguedine
1186 2488 1347 2535 terra:
1372 2480 1479 2535 erit
1507 2481 1772 2534 habitatio
1800 2490 1910 2544 tua,
1943 2490 1999 2536 et
2040 2482 2109 2536 de

535 2585 657 2625 rore
688 2573 813 2626 οωιί
836 2573 1106 2667 (ίεειψει-ᾗ
1127 2581 1181 2627 et
1225 2573 1279 2626 in
1309 2573 1490 2642 gladio
1519 2580 1612 2626 tuo
1644 2571 1796 2626 vives
1819 2613 1832 2636 ,
1863 2580 1918 2628 et
1951 2573 2109 2627 fratri

535 2671 628 2715 tuo
655 2661 877 2716 servies.
907 2663 1023 2715 Erit
1050 2661 1232 2716 autem
1257 2662 1476 2731 quando
1502 2661 1747 2731 deponas
1774 2671 1829 2716 et
1852 2662 2109 2717 detrahas

532 2753 716 2823 iugum
748 2754 868 2823 ejus
892 2753 958 2807 de
981 2754 1123 2807 collo
1147 2762 1241 2806 tuo
1267 2753 1330 2804 ³⁸.
1359 2771 1376 2802 ι
1399 2751 1530 2818 Qua:
1561 2753 1744 2822 itaque
1779 2753 1898 2807 fuse
1932 2753 2109 2808 histo—

534 2842 614 2896 ria
641 2842 1015 2912 prosequitur,
1054 2843 1107 2895 in
1149 2856 1322 2911 pauca
1361 2841 1780 2906 contrahentes,
1813 2841 2112 2896 lectoribus

533 2935 937 3004 proposuimus.
972 2934 1351 2992 Necco‘sarium
1380 2949 1512 2988 vero
1559 2949 1679 2989 esse
1707 2950 1924 2999 censeo,
1951 2934 2110 2988 rudia

531 3028 648 3080 hac
673 3025 741 3079 ad
769 3027 1109 3094 spir‘itualem
1146 3041 1367 3079 sensum
1403 3025 1717 3079 transferre.

2208 1831 2522 1903 πρεσϐύτης
2547 1833 2608 1886 τὸ
2650 1835 3037 1905 προκομισθὲν,
3069 1835 3173 1906 ἔφη
3202 1837 3336 1906 πρὸς
3361 1837 3422 1890 τὸ
3458 1841 3736 1910 μειράκων
3761 1858 3776 1874 ·

2212 1924 2467 1992 Ἒγγισόν
2505 1943 2618 1995 μοι,
2653 1927 2748 1978 καὶ
2781 1926 3004 1995 φίλησόν
3052 1944 3139 1995 με,
3178 1928 3385 1985 τέκνον.
3417 1930 3526 1982 Kal
3555 1933 3777 2000 ἐγγίσας

2207 2015 2460 2086 ἐφίλησεν
2483 2017 2642 2070 αὐτόν
2662 2033 2675 2047 ·
2712 2020 2809 2070 καὶ
2838 2018 3131 2090 ὠσφράνθη
3161 2021 3260 2090 τῆς
3291 2022 3466 2092 ὀσμῆς
3508 2023 3615 2075 τῶν
3652 2025 3776 2093 ίμα-

2205 2109 2336 2161 τίων
2377 2109 2565 2174 αὐτοῦ,
2611 2110 2706 2162 καὶ
2749 2111 3039 2182 εὐλόγησεν
3063 2112 3245 2176 αὐτὸν,
3274 2114 3367 2167 καὶ
3417 2112 3570 2168 εἷπεν
3598 2115 3775 2186 αὐτῷ·

2221 2199 2353 2252 ’ἰδοὺ
2383 2198 2529 2270 ὀσμὴ
2566 2201 2660 2252 τοῦ
2703 2201 2820 2253 uio-3
2872 2220 2994 2272 μου,
3031 2203 3105 2266 ὡς
3135 2205 3278 2274 ὀσμὴ
3321 2205 3492 2274 ἀγροῦ
3542 2206 3780 2278 πλήρους

2207 2291 2265 2344 ὃν
2321 2292 2582 2360 εὐλόγησε
2620 2293 2844 2364 Κύριος,
2900 2296 2994 2347 καὶ
3028 2295 3137 2365 δῴη
3175 2314 3256 2350 σοι
3295 2297 3500 2368 Κύριος
3529 2299 3638 2352 άπὸ
3681 2301 3780 2370 τῆς

2207 2385 2398 2455 δρόσου
2427 2383 2521 2437 τοῦ
2552 2384 2803 2454 οὐρανοῦ,
2837 2387 2930 2439 καὶ
2962 2386 3070 2438 ἀπὸ
3097 2387 3197 2457 τῆς
3230 2388 3485 2458 πιότητος
3515 2389 3614 2460 τῆς
3655 2389 3774 2461 γῆς,

2210 2479 2412 2550 πλῆθος
2443 2478 2589 2531 σίτου
2619 2479 2713 2531 καὶ
2733 2480 2901 2535 οἴνου.
2932 2481 3040 2534 Kal
3059 2480 3500 2534 δουλευσάτωσάν
3524 2497 3607 2533 σοι
3631 2479 3778 2550 ἔθνη,

2210 2570 2303 2622 καὶ
2331 2571 2870 2642 προσκυνησάτωσαν
2903 2588 2984 2624 σοι
3006 2573 3285 2642 ἄρχοντες,
3309 2570 3403 2624 καὶ
3425 2570 3576 2639 γίνου
3595 2569 3779 2640 κύριος

2208 2663 2300 2714 τοῦ
2335 2662 2566 2731 ἀδελφοῦ
2604 2679 2717 2716 σου.
2755 2663 2849 2716 καὶ
2890 2662 3329 2734 προσκυνήσουσί
3360 2679 3443 2715 σοι
3471 2664 3518 2715 οἱ
3553 2661 3656 2716 υἱοὶ
3686 2659 3780 2715 τοῦ

2210 2753 2413 2822 πατρός
2444 2770 2561 2806 σου.
2601 2752 2658 2806 '0
2678 2753 3064 2824 καταρώμενός
3095 2770 3154 2806 σε
3175 2791 3190 2814 ,
3227 2753 3624 2824 ἐπικατάρατος
3643 2770 3655 2782 ·
3687 2755 3784 2806 καὶ.

2209 2845 2238 2895 6
2275 2843 2514 2910 εὐλογῶν
2536 2861 2617 2909 σε,
2644 2844 3028 2915 εὐλογημένος.
3068 2862 3088 2896 ι
3123 2844 3332 2898 Οὐκοῦν
3369 2842 3780 2915 προαποκεκέρι

2209 2935 2338 3001 δηκε
2364 2935 2462 3004 μὲν
2504 2933 2696 2987 Ἰακὼὸ
2722 2934 2818 3005 τὴν
2841 2935 2994 3007 παρά
3013 2933 3108 2989 τοῦ
3133 2936 3336 3006 πατρὸς
3351 2935 3599 3003 εὐλογίαν
3617 2952 3630 2965 ·
3664 2931 3784 2989 εἶτα

2209 3025 2460 3096 δεύτερον
2490 3027 2548 3090 ἐξ
2573 3027 2758 3096 ἀγρῶν
2802 3025 3030 3080 κατόπιν
3059 3027 3278 3099 ἔρχεται
3318 3027 3416 3098 τὴν
3447 3027 3618 3098 θήραν
3647 3025 3783 3079 ἐλὼν

531 3117 559 3166 6
601 3116 791 3170 Ἡσαῦ.
824 3119 1202 3188 Προσκομίσας
1232 3118 1288 3169 δὲ
1340 3119 1418 3187 τῷ
1445 3119 1629 3188 πατρὶ,
1661 3115 2014 3192 περιττὸς-ἦν
2062 3094 2176 3186 tu,
2218 3121 2309 3174 καὶ
2367 3094 2428 3173 τὸ
2483 3094 2705 3189 γεγονδς
2758 3094 3384 3177 ὲδιδάσκετοί-λΗκουσε-
3431 3094 3540 3192 γὰρ
3585 3119 3780 3183 εὐθύςυ

536 3228 552 3258 ι
615 3207 813 3260 Ἐλθων
852 3211 880 3260 ό
918 3209 1148 3278 ἀδελφός
1191 3227 1308 3274 σου,
1355 3211 1492 3281 μετὰ
1536 3212 1688 3264 δόλου
1737 3212 1898 3266 ἔλαϐε
1923 3213 2022 3282 τὴν
2068 3212 2316 3281 εὐλογίαν
2385 3231 2498 3267 σου.
2545 3233 2563 3267 ι
2597 3217 2708 3268 Οὐκ
2732 3215 2998 3286 ἀδακρυτὶ
3025 3215 3082 3268 δὲ
3144 3215 3412 3283 λέγοντος,
3441 3234 3458 3265 ι
3497 3213 3589 3282 Μὴ
3641 3214 3785 3266 εὐλο-

531 3300 624 3367 γία
662 3300 759 3368 μία
805 3299 956 3352 ἔσται
1005 3318 1106 3364 σοι,
1139 3302 1357 3371 πάτερ;
1411 3303 1703 3373 εὐλόγησον
1736 3303 1798 3374 δὴ
1832 3304 2010 3375 κάμέ·
2053 3304 2154 3375 ἔφη
2194 3305 2354 3357 πάλιν
2413 3307 2440 3357 6
2495 3305 2703 3359 Ἰσαάκ’
2762 3306 2890 3360 Ἰδοὺ
2945 3304 3053 3358 ἀπὸ
3097 3307 3197 3376 τῆς
3246 3306 3498 3376 πιότητος
3543 3306 3641 3374 τῆς
3683 3307 3785 3375 γῆς

530 3393 683 3446 ἔσται
708 3397 740 3462 ἡ
771 3395 1088 3464 κατοίκησίς
1119 3413 1213 3448 σου
1238 3413 1251 3427 ·
1275 3397 1386 3462 ,καὶ
1413 3397 1520 3450 ἀπὸ
1565 3399 1663 3468 τῆς
1692 3399 1881 3470 δρόσου
1907 3398 2000 3479 τοῦ
2035 3398 2260 3468 οὐρανοῦ
2291 3398 2518 3466 ἄνωθεν,
2543 3401 2639 3453 κα)⁵
2675 3400 2768 3452 ἐπὶ
2805 3403 2871 3469 τῇ
2901 3399 3143 3470 μαχαίρᾳ
3212 3417 3303 3453 σου
3364 3401 3524 3471 ζήσῃ.
3557 3399 3650 3452 καὶ
3708 3397 3786 3467 τῷ

530 3484 741 3554 ἀδελφῷ
771 3502 864 3538 σου
899 3487 1220 3549 δουλεύσεις.
1252 3488 1444 3540 Ἔσται
1475 3488 1531 3540 δὲ
1556 3488 1716 3557 ἡνίκα
1741 3489 1835 3541 ἐὰν
1863 3489 2100 3560 καθέλῃς
2132 3490 2228 3542 καὶ
2255 3488 2490 3559 ἐκλύσῃς
2514 3489 2604 3542 τὸν
2635 3489 2796 3556 ζυγὸν
2837 3489 3001 3541 αὐτοῦ
3030 3490 3136 3542 ἀπὸ
3175 3488 3269 3542 τοῦ
3307 3489 3578 3558 τραχήλου
3606 3503 3719 3540 σου.
3762 3505 3780 3538 ι

530 3580 604 3632 Τὸ
641 3581 738 3648 μὲν
771 3576 864 3633 οὖν
903 3582 1001 3652 τῆς
1040 3582 1280 3651 ἱστορίας
1334 3584 1745 3652 συνενεγκόντες
1773 3585 1992 3648 πλάτος,
2029 3585 2105 3647 ῶς
2143 3585 2201 3638 ἐν
2232 3583 2436 3652 ὀλίγοις
2461 3583 2682 3654 κομιδῇ,
2713 3585 2825 3646 τοῖς
2885 3583 3286 3653 ἐντευξομένοις
3315 3581 3375 3636 εὗ
3408 3583 3552 3656 μάλα
3607 3600 3788 3654 παραυ

530 3673 870 3742 τεθείκαμεν.
913 3675 1124 3745 Χρῆναι
1169 3676 1224 3728 δὲ
1270 3677 1660 3746 ὑπολαμϐάνω,
1701 3682 1812 3742 τοῖς
1858 3677 2132 3747 αἰσθητῶς
2164 3678 2444 3747 γεγονόσιν
2477 3677 2786 3748 ἐφαρμόσαι
2815 3677 2885 3730 τὰ
2910 3679 3268 3748 πνευματικά.

599 3771 654 3824 4.
692 3770 938 3826 Dicimus
965 3772 1168 3841 itaque,
1198 3774 1348 3842 quod
1372 3775 1537 3828 etiam
1565 3783 1691 3829 ante
1720 3776 1875 3839 alios,
1901 3775 1956 3828 in
1978 3773 2104 3839 ﬁde,

2281 3775 2342 3829 δ.
2381 3773 2568 3845 Φαμὲν
2599 3769 2692 3826 οὖν
2720 3773 2802 3826 ὄτι
2830 3772 2924 3826 καὶ
2969 3773 3076 3844 πρό
3101 3789 3165 3841 γε
3193 3771 3300 3825 τῶν
3351 3773 3546 3839 ᾄλλων,
3597 3773 3705 3829 τῶν
3731 3775 3790 3830 ἐν

530 3860 774 3931 inquam,
799 3870 854 3915 et
880 3861 935 3915 in
968 3861 1188 3917 Christo
1216 3871 1456 3928 vocatos,
1485 3865 1729 3919 omnium
1753 3865 2016 3919 Dominus
2043 3880 2106 3921 ac

2209 3867 2412 3928 πίστει,
2449 3881 2523 3933 φη
2534 3865 2614 3932 μὶ,
2639 3863 2733 3917 καὶ
2761 3865 2826 3943 ἐνὶ
2844 3863 3065 3948 Χριστῷ
3092 3863 3464 3933 κεκλημένων,
3486 3863 3561 3933 τῷ
3576 3865 3789 3938 Ἰσραὴλ

531 3953 691 4006 Pater
719 3951 996 4006 mandavit
1017 3953 1227 4017 lsraeli,
1251 3955 1422 4009 veluti
1447 3954 1794 4024 splendidum
1829 3955 2108 4025 quoddam

2209 3955 2514 4008 ἐνετέλλετο
2541 3955 2569 4006 ό
2596 3953 2704 4006 τῶν
2749 3953 2885 4006 ὅλων
2917 3954 3192 4024 Δεσπότης
3235 3955 3329 4006 καὶ
3362 3954 3570 4025 Πατὴρ,
3607 3953 3787 4020 ξένιον

531 4053 733 4096 munus
758 4083 772 4106 ,
818 4051 874 4096 et
900 4051 1155 4112 tanquam
1210 4045 1480 4100 bonorum
1511 4046 1762 4100 laborum
1795 4047 2107 4102 mercedem

531 4133 737 4187 offerre
763 4133 930 4186 vitam
965 4133 1065 4201 ipsi
1094 4135 1396 4203 placentem
1415 4176 1430 4200 ,
1469 4137 1624 4206 103
1664 4154 1786 4208 qua:
1813 4153 1912 4208 per
1939 4137 2108 4192 vitam

531 4220 760 4290 legalem
799 4221 1084 4274 veteribus
1128 4223 1286 4290 prius
1313 4223 1590 4292 descripta
1638 4225 1775 4291 fuit,
1821 4226 1960 4298 typis
1984 4234 2108 4281 tan-

532 4321 646 4364 tum
669 4325 780 4364 non
802 4309 1038 4376 obtecta,
1069 4327 1133 4364 ac
1163 4312 1334 4366 veluti
1357 4311 1412 4366 in
1442 4313 1577 4368 silva
1609 4314 1805 4380 latens,
1837 4315 1891 4370 in
1915 4317 2111 4370 littera

531 4399 845 4469 superﬁcie,
881 4415 1062 4469 neque
1099 4416 1233 4454 vero
1283 4402 1858 4472 incomprehensibilis
1899 4406 1967 4460 iis
2014 4406 2108 4474 qui

530 4489 729 4543 sectari
772 4505 891 4543 eam
947 4488 1156 4555 velint,
1200 4507 1299 4560 per
1343 4491 1680 4561 spiritualem
1711 4508 1774 4549 ac
1812 4495 2108 4564 perfectam

532 4579 1072 4648 contemplationem.
1106 4580 1241 4644 Hoc,
1271 4590 1328 4634 ut
1361 4581 1618 4646 arbitror,
1654 4592 1758 4648 est,
1794 4585 1940 4652 quod
1963 4585 2110 4640 Isaac

533 4667 720 4736 cupiat
748 4667 1094 4721 venationem
1127 4668 1292 4722 Esau.
1329 4667 1598 4723 Caeterum
1630 4671 1957 4740 imperatum
1982 4673 2108 4741 qui-

534 4756 660 4812 dem
681 4755 814 4821 fuit,
847 4764 908 4810 ut
946 4757 1080 4822 dixi,
1103 4759 1308 4824 lsraeli,
1342 4767 1399 4815 et
1426 4759 1702 4815 facturum
1748 4777 1806 4817 se
1833 4763 2104 4834 promisit.

535 4845 680 4901 Dixit
709 4846 858 4900 enim
877 4847 932 4901 in
954 4847 1174 4902 Choreb
1197 4858 1524 4920 congregata
1550 4850 1626 4905 ibi
1649 4853 1933 4919 concione,
1963 4855 2105 4909 Deo-

531 4952 640 5006 que
669 4937 726 4992 in
765 4938 948 5008 specie
982 4939 1122 5010 ignis
1156 4939 1210 4993 in
1248 4950 1489 4995 montem
1539 4941 1667 4996 Sina
1697 4943 2104 4999 descendente:

539 5045 560 5078 ο
593 5025 809 5094 Omnia,
842 5044 965 5100 quae
1013 5028 1213 5083 dixerit
1241 5031 1504 5087 Dominus
1545 5033 1710 5095 Deus,
1746 5032 2028 5096 faciemus,
2054 5043 2110 5088 et

2209 4045 2398 4116 ῶσπερ
2425 4063 2476 4098 τι
2494 4043 2766 4115 λαμπρὸν,
2791 4045 2885 4098 καὶ
2906 4046 3151 4116 καρποὺς
3171 4047 3489 4110 ἐπιεικείας.
3510 4048 3603 4100 καὶ
3625 4047 3788 4101 οίονεὶ

2209 4138 2385 4192 πόνων
2420 4136 2638 4206 ἀγαθῶν
2689 4137 2998 4209 εὑρήματα,
3037 4137 3428 4206 προσκομίζειν
3462 4138 3786 4206 ἐπείγεσθαι

2209 4232 2310 4303 τὴν
2343 4231 2680 4285 ἀνδάνουσαν
2713 4229 2862 4300 αὐτῷ
2887 4228 3159 4282 πολιτείαν
3189 4230 3280 4282 καὶ
3309 4229 3474 4300 ζωὴν,
3506 4230 3539 4300 ἡ
3569 4230 3657 4282 διὰ
3685 4229 3788 4299 τῆς

2210 4325 2268 4376 ἐν
2303 4323 2451 4393 νόμῳ
2473 4323 2617 4392 ζωῆς
2639 4324 2753 4384 τοῖς
2781 4321 2947 4375 πάλαι
2986 4320 3452 4391 προανεγράφετο,
3501 4321 3791 4391 μονονουχὶ

2210 4417 2321 4477 τοῖς
2355 4412 2549 4475 τύποις
2589 4411 3034 4483 ἐγκεκρυμμένη,
3068 4411 3162 4464 καὶ
3203 4410 3278 4473 ὡς
3319 4409 3417 4482 ὕλη
3449 4411 3790 4464 λανθάνουσα

2211 4502 2288 4572 τῷ
2330 4501 2569 4574 περιττῷ
2598 4501 2692 4554 τοῦ
2723 4502 3068 4572 γράμματος,
3119 4495 3218 4554 οὐκ
3253 4501 3530 4563 ἀνάλωτός
3582 4517 3645 4569 γε
3681 4502 3791 4573 μὴν

2209 4595 2322 4655 τοῖς
2366 4591 2610 4644 ἐθέλουσι
2659 4591 2956 4664 φιλοθηρᾷν
2999 4591 3085 4644 διὰ
3123 4593 3225 4663 τῆς
3271 4593 3330 4646 ἐν
3373 4594 3644 4663 πνεύματι
3693 4594 3792 4646 καὶ

2210 4679 2469 4753 ἀκριϐοῦς
2510 4681 2762 4752 θεωρίας.
2799 4680 2991 4748 Τοῦτο,
3031 4676 3212 4753 οἶμαι,
3241 4682 3360 4736 ἐστὶ
3379 4681 3440 4735 τὸ
3476 4684 3574 4753 τῆς
3615 4681 3790 4736 Ἠσαῦ

2211 4772 2380 4843 θήρας
2424 4772 2760 4844 ἐπιθυμῆσαι
2797 4773 2890 4826 τὸν
2935 4774 3139 4828 Ἰσαάκ.
3186 4773 3346 4828 Ἀλλά
3386 4774 3792 4846 προσετάττετο

2215 4863 2334 4932 μὲν,
2371 4861 2620 4932 καθάπερ
2643 4861 2800 4933 ἔφην,
2833 4865 2861 4916 6
2915 4862 3154 4934 Ἰσραὴλ,
3192 4865 3286 4917 καὶ
3310 4863 3373 4935 δὴ
3398 4865 3492 4918 καὶ
3522 4863 3794 4934 ὑπέσχετο

2211 4951 2530 5023 κατορθοῦν.
2559 4941 2708 5022 Ἔφη
2739 4953 2846 5024 γὰρ
2875 4953 2933 5005 ὲν
2959 4953 3162 5023 Χωρὴό
3204 4953 3666 5026 συνηθροισμένης
3686 4956 3793 5024 τῆς

2211 5042 2531 5113 ἐκκλησίας,
2565 5046 2659 5095 καὶ
2685 5045 2742 5097 ἐν
2773 5043 2902 5097 εῖδει
2934 5043 3103 5114 πυρὸς
3129 5043 3220 5096 ἐπὶ
3267 5043 3328 5098 τὸ
3362 5043 3487 5115 δρος
3526 5045 3654 5100 Σινά
3685 5061 3794 5096 κα-

531 5120 739 5176 erimus
770 5121 1091 5178 obedientes
1118 5123 1180 5175 εδ.
1219 5141 1236 5174 ι
1279 5123 1568 5194 Negligens
1594 5133 1776 5178 autem
1814 5125 2110 5180 admodum

2214 5135 2642 5204 ταφοιτήσαντος
2662 5134 2796 5188 Θεοῦ
2821 5152 2833 5163 ·
2876 5155 2894 5186 ι
2929 5135 3114 5189 Πάντα
3142 5136 3242 5189 ὅσα
3273 5135 3340 5190 ἂν
3371 5135 3500 5207 εἴπῃ
3526 5135 3731 5206 Κύριος
3762 5138 3794 5188 6

533 5211 910 5278 deprehensus
933 5222 1016 5268 est
1045 5229 1114 5268 ex
1165 5213 1330 5268 rebus
1375 5213 1508 5283 ipsis
1531 5254 1544 5278 ,
1588 5215 1801 5270 etiamsi
1831 5215 2006 5272 facilis
2049 5219 2105 5272 in

2212 5225 2363 5290 Θεὸς,
2401 5227 2722 5296 ποιήσομεν,
2769 5227 2863 5280 καὶ
2901 5227 3265 5298 ἀκουσόμεθα.
3322 5246 3340 5278 ι
3388 5227 3690 5298 Ἀμελητὴς
3729 5227 3793 5282 δὲ

531 5303 920 5373 promittendo.
975 5306 1186 5362 Idcirco
1213 5305 1359 5361 cedit
1400 5321 1560 5362 suum
1593 5307 1792 5376 locum,
1835 5321 1998 5381 atque
2031 5311 2104 5366 ita

2211 5316 2334 5370 λίαν
2365 5319 2722 5388 κατεφωρᾶτο
2763 5318 2852 5372 διὰ
2882 5319 2990 5372 τῶν
3025 5318 3386 5391 πραγμάτων,
3418 5318 3594 5373 καίτοι
3646 5319 3792 5388 πρό-

533 5393 910 5464 supplantator
936 5396 1105 5451 Jacob
1129 5411 1255 5451 eum
1293 5398 1608 5465 antevertit,
1631 5399 1736 5454 hoc
1773 5408 1857 5456 est
1878 5441 1892 5464 ,
1930 5417 2105 5456 novus

2210 5423 2393 5476 χειρος
2431 5405 2508 5458 ῶν
2535 5408 2614 5470 είς
2655 5407 3003 5477 ὲπαγγελῖαν.
3028 5409 3296 5483 Ταύτῃτοι
3340 5413 3433 5464 καὶ
3475 5407 3576 5464 διάΔ
3617 5411 3794 5480 μέσου

532 5489 588 5543 in
616 5487 721 5544 ﬁde
741 5491 994 5560 populus.
1017 5490 1226 5545 Obtulit
1242 5492 1388 5546 enim
1418 5493 1529 5547 Deo
1549 5494 1797 5564 quteipse
1819 5496 2096 5566 cupiebat,

2209 5500 2417 5570 χωριεϊ,
2455 5499 2646 5570 φθάνει
2683 5517 2743 5554 τε
2773 5500 2944 5568 οὕτως
2973 5505 3002 5557 6
3031 5503 3598 5577 πτερνιστὴςῇῐακὼσ,
3628 5520 3799 5558 τουτ-

619 5661 662 5694 ³’
685 5663 819 5721 Gen.
853 5680 977 5731 xxv,
1021 5666 1242 5726 18-99..
1286 5669 1331 5700 ³⁸
1357 5667 1509 5742 ίίήἀ.
1543 5668 1724 5724 30-40.
1809 5669 1851 5701 ³⁸
1879 5672 2051 5729 Exod.
2081 5671 2262 5739 xtx,8.
