4050 6210
278 188 373 245 lC9

1296 185 1819 244 GLAPHYRORUM
1857 184 1926 240 IN
1962 183 2263 240 GBNESlM
2305 184 2431 238 LIB.
2474 170 2581 238 lll..

3444 182 3547 242 170

275 309 445 367 ἐστιν,
472 302 502 356 ό
524 298 640 364 νέος
663 301 723 353 τε
751 299 849 354 καὶ
868 297 944 363 ὡς
986 299 1044 353 ἐν
1070 298 1248 354 πίστει
1273 300 1421 365 λαός,
1446 302 1857 374 Προσκεκόμικε

1963 310 2019 359 ct
2059 301 2455 372 tergiversante
2498 314 2562 353 ac
2622 297 2873 353 tardante
2926 296 3292 372 primogenito
3341 289 3545 371 populo

273 397 381 467 γὰρ
409 393 490 465 τῷ
518 392 639 464 Θεῷ
673 392 745 447 τὰ
770 392 1100 463 ζητούμενα,
1137 392 1503 463 ἀναδυομένου
1527 411 1586 448 τε
1616 396 1710 448 καὶ
1741 394 1861 465 μέλ-

272 489 452 550 λοντος
481 485 578 539 τοῦ
609 484 964 558 πρωτοτόκου
1011 483 1164 549 λαοῦ,
1208 485 1733 556 προεκαρποφόρησε
1760 484 1859 555 τὴν
1900 532 1905 539 .

273 579 475 640 πίστιν,
513 577 581 649 ἦν
618 576 715 630 καὶ
747 576 807 629 έν
837 574 987 640 τάξει
1020 574 1229 646 τροφῆς
1270 576 1303 644 ἡ
1334 574 1455 629 θεία
1493 573 1726 629 ποιεῖται
1761 577 1861 644 φύ-

276 686 375 732 σις.
407 668 522 720 Καὶ
562 665 696 735 γοῦν
719 667 748 719 ὁ
779 664 973 737 Σωτὴρ
1004 668 1119 730 τοῖς
1161 665 1338 735 ἁγίοις
1369 666 1690 730 ἀποστόλοις
1716 666 1860 720 οὕτω

272 759 367 830 τὴν
394 755 756 828 Σαμαρειτῶν
786 755 1122 826 ἐπιστροφὴν
1172 757 1615 828 προκατεμήνυε,
1646 757 1821 826 λέγων
1839 774 1854 790 ·

280 867 298 900 ι
348 848 492 917 Ἐγὼ
537 846 745 920 βρῶσιν
792 848 904 917 ἔχω
933 850 1150 917 φαγεῖν,
1182 848 1250 918 ἦν
1284 849 1442 920 ὑμεῖς
1473 850 1576 904 οὐκ
1602 835 1801 905 οἴδατε.
1833 870 1853 903 ι

274 940 583 1013 Διατρανῶν
626 939 684 993 δὲ
715 939 776 993 τὸ
824 940 1138 1011 εἰρημένον,
1194 959 1213 993 ι
1273 941 1437 1020 Ἐμὸν
1480 942 1680 1016 βρῶμά
1719 947 1858 1008 ἐστι,

275 1035 462 1107 φησὶν,
495 1033 585 1086 ἵνα
616 1030 758 1084 ποιῶ
786 1030 850 1084 τὸ
893 1030 1108 1101 θέλημα
1145 1032 1238 1086 τοῦ
1276 1033 1592 1104 πέμψαντός
1635 1053 1725 1106 με,
1765 1035 1860 1090 καὶ

274 1126 548 1181 τελειώσω
577 1123 740 1179 αὑτοῦ
760 1122 824 1176 τὸ
853 1122 1033 1194 ἔργον.
1068 1142 1087 1174 ι
1126 1126 1246 1178 Ὅτι
1274 1125 1330 1178 δὲ
1355 1126 1580 1195 γέγονεν
1602 1129 1861 1201 ἀνόνητον

277 1220 379 1291 μὲν
405 1221 523 1282 τοῖς
566 1215 625 1284 ἐξ
663 1214 883 1287 Ἰσραὴλ
919 1215 980 1269 τὸ
1025 1217 1241 1289 ἕτοιμον
1279 1221 1360 1283 είς
1403 1220 1715 1291 ὑπόσχεσιν,
1759 1223 1860 1277 οὐκ

275 1309 615 1380 ἐξοιχομένου
646 1307 786 1379 πρὸς
821 1308 994 1378 πέρας
1015 1308 1199 1372 αὐτοῖς
1232 1309 1327 1363 τοῦ
1360 1311 1705 1383 πράγματος,
1744 1314 1862 1384 ἡδί-

276 1416 409 1470 κησε
443 1397 504 1451 δὲ
533 1397 603 1451 τὰ
636 1396 767 1467 ἔθνη
810 1396 1089 1461 παντελῶς
1110 1397 1260 1452 οὐδὲν
1293 1401 1321 1453 ὁ
1350 1399 1443 1452 ἐπί
1470 1417 1534 1475 γε
1568 1402 1629 1454 τὸ
1662 1396 1858 1474 χρῆναι

275 1492 553 1545 πιστεύειν
567 1490 725 1552 ὄκνος
754 1490 1106 1558 ὲπεγνωκὸτα
1129 1492 1220 1545 τὸν
1247 1493 1566 1565 Λυτρωτὴν,
1594 1495 1688 1548 καὶ
1714 1513 1860 1549 τετι-

278 1581 490 1652 μηκότα
517 1579 708 1633 λοιπὸν
747 1582 869 1644 ταῖς
896 1583 975 1645 εἰς
1008 1582 1117 1634 πᾶν
1143 1582 1323 1636 ὁτιοῦν
1365 1583 1473 1637 τῶν
1514 1570 1735 1653 ἀγαθῶν
1765 1585 1855 1639 εύο

276 1673 571 1738 πειθείαις.
611 1672 699 1727 διὰ
740 1672 1057 1745 παραϐολῆς
1103 1675 1251 1744 ἡμᾶς
1282 1674 1519 1740 ἐδίδαξεν
1543 1670 1572 1730 ὁ
1602 1665 1856 1749 Χριστός.

277 1766 421 1835 Ἔφη
453 1764 565 1834 γὰρ
592 1764 802 1827 οὕτως’
844 1781 864 1815 ι
913 1764 1232 1837 ’Ἄνθρωπός
1255 1783 1339 1829 τις
1385 1764 1499 1837 εἶχε
1545 1768 1711 1822 τέκνα
1742 1769 1858 1834 δύο,

275 1856 367 1909 καὶ
399 1853 724 1926 προσελθὼν
748 1853 827 1924 τῷ
853 1852 1075 1926 πρώτῳ,
1111 1852 1233 1910 εἶπε
1254 1871 1268 1885 ·
1302 1857 1524 1923 Τέκνον,
1559 1845 1859 1931 θπαγεσή-

278 1965 438 2019 μερον
470 1946 713 2020 ἐργάζου
755 1948 814 2001 ἐν
852 1946 930 2018 τῷ
958 1947 1244 2018 ἀμπελῶνί
1271 1965 1394 2020 μου.
1442 1949 1513 2003 ἀ
1532 1936 1588 2003 δὲ
1630 1952 1862 2023 ἀποκρι-

272 2039 382 2104 θεὶς
434 2034 617 2112 εἶπεν,
678 2040 755 2093 Οὐ
813 2037 970 2093 θέλω.
1022 2040 1293 2112 ’Ὕστερον
1343 2041 1398 2095 δὲ
1459 2044 1860 2113 μεταμεληθεὶς

274 2130 505 2202 ἀπῆλθε.
535 2130 863 2202 Προσελθὼν
902 2131 959 2185 δὲ
990 2130 1068 2202 τῷ
1096 2132 1269 2203 ἑτέρῳ
1296 2128 1450 2186 εἶπεν
1482 2133 1763 2199 ὡσαύτως.
1801 2136 1859 2190 Ὀ

272 2224 324 2276 δὲ
341 2222 671 2293 ἀποκριθεὶς
690 2217 867 2276 εἶπεν
900 2222 1060 2292 Ἐγὼ,
1084 2224 1278 2296 Κύριε,
1292 2224 1388 2278 καὶ
1400 2225 1499 2279 οὐκ
1518 2226 1748 2299 ἀπῆλθε.
1763 2228 1861 2293 Τίς

273 2317 333 2368 ὲκ
364 2314 477 2369 τῶν
521 2313 618 2367 δύο
659 2314 888 2384 ἐποίησε
932 2314 994 2368 τὺ
1036 2315 1248 2387 θέλημα
1292 2316 1385 2370 τοῦ
1434 2320 1681 2388 Πατρὸς;
1719 2339 1737 2373 ι
1799 2321 1858 2375 ’0

272 2404 523 2458 ἀπελθὼν
541 2406 624 2466 είς
642 2403 735 2458 τὸν
757 2404 1053 2474 ἀμπελῶνα
1082 2405 1345 2476 δηλονότι,
1373 2410 1464 2463 καὶ
1484 2411 1533 2464 εἰ
1564 2411 1738 2485 βραχὺ
1763 2430 1862 2484 με-

270 2496 404 2561 ταξὺ
430 2496 730 2568 παρεισέδυ
759 2496 820 2549 τὸ
845 2496 1092 2567 ἀδρανὲς,
1120 2499 1298 2553 ὀκνεῖν
1327 2502 1616 2558 ἀναπεῖθον
1643 2504 1703 2558 τὸ
1727 2505 1860 2558 ὑπε-

272 2589 567 2659 σχημένον.
586 2587 698 2641 θέα
721 2588 786 2659 δὴ
801 2584 896 2644 οὖν
923 2590 981 2642 ἐν
999 2588 1208 2655 τούτοις
1228 2594 1622 2666 προχειρότατα
1649 2596 1746 2667 μὲν
1769 2598 1860 2652 ἐπὶ

270 2678 363 2749 τὴν
380 2677 563 2748 θήραν
594 2675 740 2729 ἰόντα
751 2676 841 2730 τὸν
868 2677 929 2731 'll
938 2676 1060 2744 σαῦ,
1074 2679 1168 2733 καὶ
1183 2679 1340 2733 τοῦτο
1354 2672 1486 2753 δρᾷν
1502 2683 1758 2754 ὑπισχνοῦ
1767 2702 1861 2756 με-

271 2767 665 2836 νον,φθάνοντα
680 2767 737 2821 δὲ
749 2769 840 2841 τὸν
855 2768 1071 2835 Ἰακὼϐ,
1084 2770 1260 2825 καίτοι
1277 2772 1435 2827 τοῦτο
1449 2773 1580 2846 δρᾷν
1597 2777 1653 2828 tv
1665 2776 1860 2847 ἀρχαῖς

272 2856 629 2927 ἀρνούμενον.
649 2856 787 2928 πλὴν
807 2857 1167 2927 εύλογηθέντα
1186 2867 1335 2934 παρά
1344 2863 1438 2916 τοῦ
1456 2865 1681 2943 πατρός.
1703 2853 1859 2921 Οὕτω

274 2948 359 3059 καὶ
378 2948 410 3000 ὀ
436 2947 569 3059 νέος
581 2947 711 3010 λαὸς
728 2948 962 3059 ignare:
974 2949 1358 3022 τὴνεῦλογίαν,
1391 2954 1676 3037 μονονουχὶ
1690 2955 1859 3010 κατά·
1883 3003 1925 3059 C

276 3036 514 3091 πλαστον
544 3035 683 3106 ἔχων
702 3037 805 3108 τῆς
831 3038 1123 3110 Ἰουδαϊκῆς
1148 3041 1423 3106 πολιτείας
1435 3036 1497 3097 τδ
1513 3044 1715 3115 σχῆμα.
1739 3045 1857 3100 Κα-

269 3122 447 3199 θάπερ
475 3128 674 3199 ἀμέλει
722 3127 818 3181 καὶ
861 3128 1059 3183 Ἰακὼϐ
1084 3130 1183 3204 τὴν
1235 3133 1407 3189 Ἠσαῦ
1440 3134 1718 3209 δασύτητα
1742 3126 1855 3202 τοῖς

267 3221 370 3274 τῶν
394 3219 610 3292 ἐρίφων
633 3218 899 3289 δέρμασιν
926 3220 1259 3294 ἀπεμιμεῖτο
1288 3226 1490 3294 σοφῶς.
1536 3227 1673 3281 Ἀλλ’
1691 3229 1855 3299 ἤκουε

268 3311 357 3366 τοῦ
396 3310 617 3382 πατρὸς
648 3309 812 3373 εὐθὺς
857 3310 1338 3385 ἀνακεκραγότος·
1382 3335 1401 3368 ι
1455 3318 1519 3371 Ἠ
1559 3318 1659 3390 μὲν
1702 3320 1855 3390 φωνὴ

270 3401 417 3472 carri}
462 3399 770 3487 Ἰακὼϐ,ιαὶ
821 3398 878 3454 δὲ
907 3406 1088 3475 χεῖρες
1125 3406 1303 3476 χεῖρες
1341 3406 1535 3463 Ἡσαῦς
1568 3428 1586 3460 ι
1628 3409 1761 3463 Τίνα
1789 3411 1854 3481 δὴ

266 3489 356 3548 οὖν
382 3496 502 3567 ἄρα
521 3496 726 3568 τρόπον
752 3499 1167 3571 ὲφαρμόσαιμεν
1195 3498 1262 3552 ἂν
1282 3500 1394 3561 τοῖς
1426 3501 1483 3552 ὲν
1506 3503 1688 3553 πίστει
1705 3500 1855 3565 λαοῖς

265 3585 324 3640 τὸ
361 3588 461 3641 καὶ
506 3590 565 3641 ἐν
603 3589 733 3643 εῐδει
771 3590 1044 3660 γενέσθαι,
1089 3590 1183 3644 καὶ
1208 3589 1283 3654 ὡς
1326 3591 1384 3642 tv
1426 3580 1706 3662 μιμήματι
1754 3594 1853 3663 τῆς

279 3675 580 3748 Ἰουδαϊκῆς
611 3679 887 3746 πολιτείας
903 3699 962 3735 τε
997 3682 1091 3735 καὶ
1115 3681 1311 3753 ἑτέραν
1330 3680 1477 3754 ἔχειν
1510 3684 1636 3754 παρ’
1656 3686 1851 3750 αὐτοὺς

268 3769 357 3838 τὴν
387 3770 585 3840 φωνήν
604 3788 620 3836 ;
642 3772 854 3826 Οὐκοῦν
874 3775 1050 3826 ἐκεῖνό
1083 3790 1284 3844 φαμεν,
1313 3772 1388 3837 ὡς
1416 3774 1564 3827 ἔστιν
1588 3775 1676 3828 ἀεὶ
1703 3776 1853 3847 παρᾶ

265 3864 379 3929 cui;
416 3864 603 3929 θείαις
630 3853 898 3937 Γραφαίς,
925 3867 1092 3938 ἔργου
1137 3867 1232 3922 καὶ
1266 3867 1708 3939 κατορθωμάτων
1733 3870 1851 3940 ἤτοι

267 3961 584 4031 πρακτικῆς
624 3963 907 4033 ἐνεργείας
951 3960 1173 4035 σημεῖον
1205 3962 1347 4034 χείρ.
1394 3962 1558 4017 Ὅσον
1596 3959 1688 4017 οὖν
1716 3960 1852 4037 ἧκεν

264 4052 344 4116 εἰς
369 4054 657 4125 ἐνεργείας
681 4056 983 4127 ταυτότητα
1014 4056 1109 4110 καὶ
1134 4056 1365 4127 πιότητα
1388 4055 1848 4128 κατορθωμάτων,

266 4144 355 4197 καὶ
382 4146 545 4199 αὐτοὶ
587 4145 856 4218 πληροῦσι
899 4147 990 4201 τὸν
1026 4149 1190 4219 νόμον
1222 4148 1271 4201 oi
1300 4150 1358 4201 tv
1396 4148 1618 4219 Χριστῷ
1647 4149 1851 4219 νοητῶς

267 4250 321 4287 τε
358 4238 457 4290 καὶ
493 4238 884 4309 πνευματικῶς
925 4239 1391 4312 ἱερουργούμενοι,
1439 4238 1535 4293 καὶ
1564 4242 1644 4304 εἰς
1673 4241 1851 4312 ὀσμὴν

1963 393 2118 462 prius
2146 391 2308 446 ﬁdem
2325 390 2697 456 fructiﬁcavit,
2724 406 2844 460 qua:
2864 390 3064 446 divinze
3094 394 3305 447 naturai
3340 402 3425 447 ρει
3457 394 3547 449 in-

1963 482 2075 539 star
2093 483 2221 538 cibi.
2254 485 2425 538 Porro
2449 482 2699 538 Salvator
2733 482 2937 538 sanctis
2975 483 3237 552 apostolis
3257 483 3329 537 ita
3355 482 3546 539 Sama-

1963 575 2268 630 ritanorum
2307 574 2724 630 conversionem
2763 573 3240 644 prtesigniﬁcavit,
3298 573 3489 630 dicens
3529 578 3545 631 ἑ

1969 684 1988 717 ι
2017 666 2129 736 Ego
2154 666 2338 720 cibum
2368 666 2545 721 habeo
2577 666 2646 721 ad
2685 666 3085 721 comedendum
3123 680 3286 736 quem
3326 683 3423 722 vos
3444 678 3549 723 nel-

1961 752 2197 812 scitis”.
2227 778 2245 809 ι
2280 743 2575 828 Explicans
2601 767 2784 813 autem
2830 758 2977 828 quod
3021 758 3234 812 dixerat
3268 775 3281 811 :
3322 776 3340 809 ι
3376 758 3550 814 Cibus

1961 857 2119 906 meus
2154 860 2258 915 est,
2307 872 2326 903 ι
2364 850 2563 921 inquit,
2600 871 2618 902 ι
2648 857 2709 905 ιιι
2739 850 2934 905 faciam
2981 851 3324 904 voluntatem
3369 851 3548 906 Patris

1962 931 2090 1008 mei,
2129 952 2183 998 et
2211 943 2489 1014 perﬁciam
2516 946 2655 1013 opus
2683 942 2856 1012 ipsius
2879 942 2945 995 “.
2983 956 3000 993 δ
3036 941 3193 1008 Quod
3218 957 3351 996 vero
3373 942 3547 996 inuti-

1960 1032 2029 1087 lis
2055 1033 2215 1104 plane
2236 1034 2405 1090 fuerit
2429 1026 2692 1089 lsraclitis
2717 1033 3095 1104 promptitudo
3121 1032 3186 1086 ad
3215 1034 3547 1103 promittens

1961 1123 2119 1188 dum,
2152 1139 2276 1179 cum
2308 1123 2576 1195 promissa
2622 1139 2732 1178 non
2774 1128 3213 1193 exsequerentur
3236 1164 3251 1188 ,
3288 1123 3548 1194 quodque

1960 1215 2216 1287 gentibus
2265 1216 2401 1270 nihil
2431 1215 2673 1270 obfuerit
2709 1214 2971 1270 tarde.ad
3013 1214 3177 1269 fidem
3223 1214 3541 1281 accessisse,

1961 1316 2357 1379 cognoscentes
2383 1304 2825 1377 Iledemptorem,
2844 1316 2898 1361 et
2922 1305 3185 1377 singulari
3215 1305 3281 1359 ad
3310 1306 3544 1375 quodvis

1959 1400 2167 1456 bonum
2210 1388 2523 1456 obedientia
2549 1400 2809 1469 deinceps
2846 1400 3109 1465 colentes,
3154 1397 3408 1455 Christus
3441 1415 3545 1456 nos

1957 1496 2059 1562 per”
2096 1490 2409 1562 parabolam
2459 1491 2666 1547 doéuit.
2712 1491 2791 1546 Ita
2820 1492 2967 1558 enim
3007 1491 3084 1546 ait
3120 1509 3133 1545 :
3172 1510 3191 1543 ι
3220 1491 3397 1546 Homo
3420 1493 3549 1562 qui-

1960 1582 2085 1636 dam
2108 1583 2300 1639 habuit
2325 1584 2466 1639 duos
2487 1582 2646 1650 ﬁlios,
2670 1591 2727 1640 et
2752 1583 3020 1639 accedens
3036 1583 3103 1637 ad
3124 1583 3365 1653 primum
3387 1583 3546 1639 dixit:

1969 1674 2091 1739 Fili,
2125 1675 2263 1730 vade
2286 1666 2451 1730 hodie
2493 1690 2724 1744 operare
2775 1674 2830 1728 in
2867 1673 3027 1728 vinea
3056 1687 3197 1728 mea.
3236 1672 3331 1729 Ille
3362 1682 3550 1728 autem

1968 1766 2309 1836 respondens
2346 1767 2459 1822 ait:
2489 1766 2648 1821 Nolo.
2698 1764 2894 1820 Postea
2918 1779 3050 1819 vero
3075 1765 3222 1835 paeni
3234 1764 3401 1819 tentia
3432 1781 3551 1820 mo-

1970 1865 2077 1921 tus,
2108 1856 2263 1911 abiit.
2300 1856 2585 1911 Accedens
2603 1864 2784 1910 autem
2824 1854 2890 1910 ad
2915 1855 3150 1909 alterum
3173 1855 3315 1911 dixit
3347 1855 3547 1911 simili-

1966 1958 2071 2004 ter.
2097 1949 2279 2004 Atille
2297 1948 2465 2002 dixit:
2498 1948 2632 2018 Ego,
2656 1946 2905 2013 domine;
2931 1954 3115 2002 etnon
3146 1947 3301 2002 abiit.
3319 1948 3453 2004 Uter
3480 1956 3550 2005 ex

1966 2042 2184 2098 duobus
2232 2041 2364 2098 fecit
2396 2042 2733 2096 voluntatem
2776 2040 2950 2110 patris
2976 2038 3066 2095 '7?
3124 2057 3144 2092 ι
3177 2039 3282 2107 Qui
3314 2040 3451 2095 abiit
3490 2041 3549 2096 in

1965 2135 2202 2201 vineam,
2227 2134 2417 2205 procul
2436 2132 2626 2198 dubio,
2645 2131 2860 2187 etiamsi
2892 2132 3060 2202 paulo
3083 2142 3205 2203 post
3221 2146 3348 2187 eum
3385 2136 3550 2187 oecus

1964 2226 2116 2297 pavit
2165 2216 2514 2281 imbecillitas
2536 2266 2550 2291 ,
2587 2228 2741 2295 quaé,
2778 2230 2841 2278 ut
2887 2224 3174 2294 promissis
3202 2240 3313 2279 non
3352 2231 3545 2287 staret,

1964 2319 2168 2375 effecit.
2201 2305 2337 2373 Vide
2375 2317 2560 2387 itaque
2594 2307 2650 2370 in
2688 2316 2808 2380 his,
2844 2316 2988 2370 Esau
3030 2316 3438 2386 promptissime
3476 2315 3544 2372 ad

1964 2410 2274 2467 venandum
2314 2418 2560 2475 euntem,
2588 2417 2753 2480 atque
2791 2410 2896 2487 hoc
2935 2407 3116 2464 facere
3144 2408 3496 2479 pollicentem
3528 2451 3542 2465 .

1961 2504 2131 2561 Jacob
2167 2520 2301 2560 vero
2332 2519 2459 2559 eum
2509 2509 2984 2566 autevertcntcm,
3022 2502 3239 2556 tametsi
3283 2501 3443 2556 initio
3486 2500 3546 2556 id

1961 2596 2141 2653 facere
2167 2597 2519 2662 detrectaret,
2540 2604 2809 2666 praeterea
2842 2595 3192 2651 benedictum
3234 2607 3356 2650 esse
3387 2610 3417 2649 a
3442 2603 3544 2664 pa-3

1963 2689 2167 2743 tre.lta
2202 2688 2369 2743 etiam
2406 2702 2584 2742 novus
2610 2685 2846 2757 populus
2888 2686 3148 2756 prtecepit
3196 2686 3542 2742 benedictio-

1962 2795 2089 2834 nem
2117 2778 2276 2851 104
2298 2788 2511 2834 tantum
2544 2794 2656 2833 non
2700 2778 2979 2842 ﬁctiliam,
3006 2770 3251 2833 Iudaicae
3284 2780 3409 2834 vita:
3448 2795 3544 2835 vei

1963 2880 2101 2927 stem
2114 2871 2341 2934 habens,
2359 2869 2821 2940 quemadmodum
2839 2868 2951 2924 fere
2962 2877 3046 2924 est
3065 2867 3232 2924 Jacob
3250 2869 3438 2925 fratris
3453 2862 3543 2928 sui

1961 2948 2106 3019 Esau
2136 2948 2427 3017 hirsutiem
2454 2954 2738 3017 hardor'um
2776 2961 3015 3032 pellibus
3056 2961 3333 3032 sapienter
3361 2962 3545 3020 imita-

1958 3064 2066 3110 tus.
2116 3052 2387 3111 Cazterum
2431 3039 2642 3109 audivit
2686 3053 2870 3108 statim
2921 3047 3131 3124 patrem
3167 3054 3538 3112 clamantem:

1966 3130 2120 3200 «lianc
2144 3132 2367 3214 quidem
2394 3160 2518 3209 vox,
2538 3156 2643 3198 vox
2665 3143 2866 3209 Jacob;
2893 3158 3090 3198 manus
3113 3152 3318 3209 autem,
3345 3148 3543 3203 manna

1957 3241 2102 3295 Esau
2120 3226 2185 3293 ³⁸.
2227 3256 2245 3289 ι
2275 3226 2526 3303 Quonam
2562 3233 2728 3306 igitur
2750 3233 2914 3289 modo
2939 3235 3417 3291 accommodemus
3435 3238 3543 3292 hoc

1954 3330 2174 3402 populis
2199 3327 2293 3399 qui
2332 3327 2388 3381 in
2415 3314 2522 3381 ﬁde
2545 3366 2559 3390 ,
2598 3324 2838 3396 speciem
2888 3324 3112 3395 quidem
3155 3341 3269 3396 pm
3292 3338 3351 3382 se
3395 3326 3541 3385 ferre

1955 3420 2081 3475 vitae
2106 3417 2345 3474 Iudaicae
2366 3458 2379 3482 ,
2404 3425 2458 3470 et
2483 3415 2644 3470 aliam
2676 3415 2744 3469 ab
2781 3414 2915 3485 ipsis
2941 3423 3133 3471 vocem
3166 3415 3417 3472 habere?
3443 3418 3540 3472 Dl-

1956 3527 2144 3567 cemus
2181 3496 2364 3580 itaque
2423 3509 2481 3563 in
2534 3504 2705 3565 sacris
2760 3500 2987 3565 Litteris
3038 3524 3261 3563 manum
3322 3513 3542 3579 semper

1955 3588 2289 3674 operationis
2321 3643 2336 3667 ,
2385 3586 2501 3657 sive
2555 3600 2746 3656 activae
2797 3598 3072 3655 facultatis
3115 3616 3235 3656 esse
3299 3601 3537 3672 signum.

1953 3695 2228 3764 Quantum
2271 3678 2439 3766 igitur
2469 3693 2665 3748 attinet
2694 3691 2761 3746 ad
2808 3692 3040 3747 actionis
3072 3691 3440 3759 identitatem,
3483 3702 3541 3749 et

1955 3788 2263 3843 ubertatem
2289 3801 2541 3857 operum,
2569 3784 2735 3839 etiam
2773 3783 2876 3854 ipsi
2903 3783 3132 3853 implent
3161 3783 3335 3854 legem
3364 3784 3458 3854 qui
3482 3784 3538 3839 in

1952 3878 2173 3935 Christo
2212 3876 2656 3933 intellectualiter
2679 3890 2743 3928 ac
2780 3873 3140 3943 spiritualiter
3177 3874 3307 3927 sunt
3331 3874 3539 3927 sancti-

1952 3970 2122 4033 ticali,
2157 3977 2215 4025 et
2245 3969 2303 4023 in
2341 3967 2566 4022 odorem
2596 3964 2882 4019 suavitatis
2914 3964 3124 4033 seipsos
3152 3952 3391 4017 oﬂ‘erunt
3425 3964 3538 4019 Deo

1952 4077 2018 4117 ac
2039 4059 2208 4116 Patri.
2231 4057 2386 4114 Unde
2408 4065 2465 4112 et
2488 4048 2742 4111 Christus
2770 4054 3082 4109 luculenter
3110 4055 3259 4126 leges
3296 4071 3530 4127 evange-

1952 4152 2086 4207 licas
2115 4134 2272 4205 nobis
2298 4146 2692 4219 prmscribens,
2727 4165 2743 4197 ι
2779 4142 2956 4201 Nolite
2990 4149 3185 4217 putare
3206 4188 3220 4213 ,
3271 4166 3289 4199 ι
3331 4148 3531 4219 inquit,

1961 4261 1979 4295 ‹
2010 4241 2156 4312 quod
2183 4222 2309 4295 veni
2336 4239 2550 4295 solvere
2576 4223 2772 4310 legem,
2804 4234 2901 4292 aut
2920 4238 3237 4309 prophetas.
3260 4228 3381 4296 Non
3407 4241 3532 4297 veni

265 4329 495 4393 εὐωδίας
514 4332 744 4395 ἑαυτοὺς
785 4330 1242 4403 προσκομίζοντες
1274 4331 1352 4403 τῷ
1378 4330 1498 4402 Θεῷ
1529 4332 1622 4386 καὶ
1652 4330 1846 4415 Πατρί.

1956 4335 2168 4389 solvere
2188 4332 2383 4402 legem,
2424 4330 2520 4386 sed
2545 4316 2793 4399 implere.
2826 4328 2997 4383 Amen
3036 4330 3241 4384 etenim
3274 4331 3397 4386 dico
3430 4335 3533 4387 vo-

268 4420 371 4474 Καὶ
399 4421 583 4489 γοῦνὸ
613 4422 850 4494 Χριστὸς
869 4422 1166 4495 διαρρήδην
1192 4424 1387 4495 νόμους
1418 4418 1551 4496 ήμῖν
1582 4424 1845 4489 τεθεικὼς

268 4507 681 4577 εὐαγγελικοὺς,
727 4529 745 4562 ι
780 4512 870 4582 Μὴ
893 4512 1176 4583 νομίσητε.
1206 4514 1392 4583 φησὶν,
1420 4514 1501 4567 ὅτι
1540 4509 1704 4585 ἦλθον
1743 4531 1844 4569 κα-

265 4598 497 4653 ταλῦσαι
522 4600 617 4654 τὸν
638 4602 801 4672 νόμον
821 4604 856 4674 ἢ
890 4604 1018 4665 τοὺς
1061 4604 1367 4675 προφήτας.
1410 4605 1524 4659 Οὐκ
1557 4602 1722 4677 ἦλθον
1755 4624 1848 4661 κα-

264 4690 493 4746 ταλῦσαι
518 4693 612 4747 τὸν
642 4694 826 4764 νόμον,
856 4696 996 4749 ἀλλὰ
1030 4695 1336 4767 πληρῶσαι.
1376 4696 1548 4768 Ἀμὴν
1573 4698 1684 4769 γὰρ
1707 4683 1850 4766 λέγω

265 4778 415 4848 ὑμῖν,
447 4782 557 4847 ἓως
583 4782 651 4837 ἂν
680 4785 927 4857 παρέλθῃ
958 4786 986 4839 ό
1015 4785 1245 4858 οὐρανὸς
1278 4787 1372 4841 καὶ
1404 4789 1437 4859 ἡ
1481 4788 1573 4859 γῆ,
1613 4789 1747 4844 ἰῶτα
1791 4788 1849 4843 ἓν

265 4872 296 4939 ἢ
339 4872 443 4941 μία
471 4875 667 4944 κεραία
696 4876 756 4930 ού
789 4876 864 4947 μὴ
888 4876 1135 4950 παρέλθῃ
1165 4863 1388 4931 ἀπὸτοῦ
1429 4866 1616 4948 νόμου,
1650 4879 1757 4944 ἕως
1781 4881 1847 4934 ἂν

263 4963 445 5017 πάντα
463 4965 712 5035 γένηται.
752 4986 771 5019 ι
801 4964 998 5039 Συνίης
1014 4964 1128 5035 οὖν,
1160 4970 1537 5043 ἀποπληροῦσι
1571 4960 1662 5025 τὸν
1683 4961 1846 5043 νόμον

210 5067 227 5076 α
261 5050 308 5102 οἱ
336 5053 396 5104 ὲν
438 5053 666 5125 Χριστῷ
700 5057 800 5126 τὴν
839 5057 897 5110 ἐν
941 5045 1210 5129 πνεύματι
1257 5060 1557 5132 περιτομὴν
1590 5062 1710 5115 ἀντὶ
1746 5048 1845 5133 τῆς

263 5140 534 5212 σαρκίνης
560 5144 944 5217 εἰσδεχόμενοι.
990 5149 1379 5221 Εἰσερχόμενοι
1416 5151 1473 5208 δὲ
1504 5151 1599 5204 καὶ
1632 5155 1713 5217 είς
1745 5152 1846 5225 τὴν

262 5231 616 5287 κατάπαυσιν
645 5234 740 5289 τοῦ
783 5237 1044 5306 Χριστοῦ,
1077 5240 1171 5291 καὶ
1219 5241 1276 5292 tv
1326 5241 1547 5312 Χριστῷ
1583 5241 1844 5297 σαϐϐατιο

260 5318 473 5397 *ξε-ντες,
505 5322 600 5375 καὶ
624 5323 713 5378 τὸν
738 5326 797 5378 ὲν
826 5326 1053 5398 κρυπτῷ
1078 5328 1171 5382 mi.
1203 5327 1311 5382 ἔσω
1338 5329 1677 5396 δεικνύοντες
1710 5334 1843 5387 Ἰου-

258 5406 434 5465 δαῖον.
462 5412 656 5483 Τοῦτο,
683 5410 865 5487 οἶμαις
890 5410 1006 5473 ἐστὶ
1040 5419 1100 5473 τὸ
1132 5419 1228 5486 τὰς
1262 5424 1448 5495 χεῖρας
1468 5422 1612 5496 ἔχειν
1645 5425 1839 5495 Ἠσαῦ,

312 5597 372 5625 ³³
408 5601 770 5665 Joan.tv,59..
850 5604 895 5637 οι
930 5605 1178 5665 ίδίάσι.
1255 5609 1649 5677 "Mattli.xxt,
1690 5576 1877 5667 εει-δι’.

496 5766 497 5769 η
579 5686 851 5753 Ριτιίοι.
898 5697 1011 5756 Gn.
1054 5698 1254 5760 LXIX.

1953 4409 2059 4488 bis,
2084 4409 2259 4476 donec
2300 4413 2543 4473 transeat
2564 4418 2763 4472 cmlum
2793 4424 2848 4470 et
2881 4420 3046 4482 terra,
3084 4416 3193 4471 iota
3219 4434 3387 4472 unum
3435 4430 3533 4473 aut

1950 4532 2087 4587 apex
2113 4528 2381 4568 unusnon
2406 4502 2661 4589 transibit
2698 4506 2765 4564 de
2799 4509 2936 4579 lege,
2969 4508 3144 4564 donec
3176 4509 3358 4565 omnia
3386 4510 3531 4568 facta

1952 4608 2065 4663 sint
2094 4607 2158 4658 ³⁵.
2187 4625 2204 4656 ›
2234 4588 2498 4675 intelligis
2526 4596 2734 4673 itaque,
2771 4616 2881 4672 quo
2908 4595 3067 4672 pacto
3093 4598 3321 4672 implent
3351 4603 3528 4675 legem

1947 4700 2040 4770 qui
2068 4699 2122 4753 in
2152 4696 2370 4753 ChriSto
2397 4692 2872 4751 circumcisionem
2899 4685 2953 4748 in
2980 4692 3174 4765 spiritu
3197 4710 3296 4765 pro
3320 4696 3527 4753 carnali

1944 4788 2343 4860 susceperunt?
2395 4774 2664 4842 intrantes
2725 4783 2908 4840 autem
2962 4782 3128 4840 etiam
3176 4786 3231 4841 in
3277 4787 3523 4857 requiem

1942 4870 2170 4946 Christi,
2203 4889 2259 4935 et
2280 4870 2337 4935 in
2373 4866 2593 4934 Christo
2627 4874 2925 4934 Sabbatum
2972 4876 3218 4933 colentes
3238 4919 3252 4941 ,
3282 4879 3433 4947 atqui
3464 4879 3523 4933 in

1942 4974 2158 5029 occulto
2173 4976 2230 5027 e‘t
2255 4969 2487 5025 interius
2514 4966 2762 5024 Judasum
2788 4966 3262 5038 repraesentantes.
3294 4967 3408 5021 Hoc
3429 4967 3522 5023 ni-

1942 5052 2142 5122 mirum
2176 5061 2443 5134 signiﬁcat
2465 5048 2631 5118 lacob
2666 5062 2871 5117 habere
2893 5060 3089 5114 manus
3107 5056 3275 5123 Esau,
3301 5058 3396 5113 sed
3430 5059 3521 5115 dl-

1940 5173 2153 5213 versam
2183 5157 2251 5212 ab
2293 5156 2412 5227 ipSo
2455 5160 2664 5211 vocem.
2693 5140 2881 5224 Neque
2919 5151 3066 5206 enim
3092 5148 3405 5206 Iudaeorum
3433 5153 3517 5209 el-
3589 5186 3596 5193 -

1938 5233 2077 5304 freni
2107 5248 2291 5319 lingua
2317 5247 2557 5311 utimur;
2588 5258 2766 5313 neque
2799 5255 2929 5295 vero
2955 5237 3268 5305 Dominum,
3294 5241 3387 5311 qui
3414 5257 3516 5298 nos

1937 5322 2191 5401 redemit,
2211 5344 2493 5408 negantes,
2528 5334 2905 5405 blasphemare
2934 5332 3204 5387 solemus:
3239 5331 3514 5403 gloriﬁca-

1938 5444 2063 5486 mus
2094 5438 2277 5485 autem
2330 5443 2456 5484 cum
2522 5417 2634 5481 Deo
2662 5440 2727 5480 ac
2759 5422 2919 5479 Patre
2987 5414 3185 5479 Fiiiuin
3215 5433 3271 5480 et
3325 5422 3514 5483 Βυωμ

1955 5615 1998 5647 ⁸³
2022 5615 2219 5677 Cenes.
2253 5629 2411 5679 xxvn,
2439 5611 2526 5666 22.
2608 5612 2649 5642 ³³
2681 5609 2867 5665 Matth.
2897 5626 2949 5675 v,
2989 5608 3069 5672 l7,
3108 5605 3198 5661 l8.

3113 5695 3154 5759 θ
