4004 6204
505 194 629 252 Pl-

430 354 435 357 .
505 321 671 372 ηιιηι,
711 313 768 361 et
821 301 1163 361 Salvatorem
1214 318 1281 359 ac
1323 301 1747 375 Redemptorem
1804 320 2082 362 vocamus.

1533 193 1588 249 S.
1630 193 1906 252 CYRILLI
1946 189 2417 251 ALEXANDRINI
2459 191 2780 250 ARCHIEP.

3670 195 3771 252 I79.

2198 304 2338 377 πλὴν
2366 304 2561 378 ἑτέραν
2592 307 2725 377 παρ’
2751 303 2913 359 αὐτὸν
2941 302 3039 377 τὴν
3065 305 3274 377 φωνήν.
3306 303 3383 359 Οὐ
3411 303 3519 378 γάρ
3541 313 3625 360 τοι
3653 309 3772 371 ταῖς

514 398 782 454 Ἰουδαίων
818 396 1297 471 ἀθυρωγλωττίαις
1336 396 1797 469 ἀποκεχρήμεθα·
1825 397 1950 453 οῦτε
1980 397 2086 470 μὴν
2123 398 2214 452 τὸν
2237 399 2586 472 ἀγοράσαντα
2601 400 2750 471 ἡμᾶς
2770 399 3053 471 Δεσπότην
3097 398 3422 470 ἀρνούμενοι
3470 398 3773 470 δυσφημεῖν

504 494 790 566 εἰθίσμεθα
809 510 822 524 ·
872 491 1355 565 συνδοξολογοῦμεν
1398 492 1456 547 δὲ
1493 492 1693 564 μᾶλλον
1717 492 1795 566 τῷ
1826 492 1947 565 Θεῷ
1977 493 2069 548 zeal
2108 494 2286 566 Πατρὶ
2310 492 2405 549 τὸν
2443 493 2596 561 Υἱδν,
2621 493 2717 548 zeal
2752 495 2981 565 Κύριον,
3010 494 3109 548 zeal
3133 492 3384 566 Σωτῆρα,
3432 492 3529 546 καὶ
3550 493 3773 565 Δυτρω-

503 592 601 664 τὴν
632 588 988 661 ὀνομάζομεν.

573 685 627 739 5.
662 682 853 754 Operae
895 682 1134 752 pretium
1160 697 1293 738 vero
1315 697 1439 739 esse
1478 681 1771 749 existimo,
1800 691 1864 738 ut
1908 683 2072 740 bene-

2257 687 2320 737 ε’.
2364 679 2550 747 Ἀξιον
2591 679 2650 736 δὲ
2695 674 2849 752 οἶμαι
2890 652 3002 735 και
3026 679 3128 752 τῆς
3160 679 3249 734 ἐπ’
3277 680 3482 752 ἀμφοῖν
3520 678 3770 749 εὐλογίας

502 772 762 829 dictionis
789 771 980 839 etiam,
1009 787 1131 842 qua:
1149 771 1368 843 utrique
1395 772 1592 828 collata
1616 781 1720 839 est,
1748 773 1859 829 vim
1890 774 2081 844 inqui-

503 872 689 923 rentes
720 905 737 932 ,
780 880 904 935 quaz
931 864 1092 919 nobis
1132 863 1189 918 in
1214 873 1456 919 mentem
1484 866 1775 931 venerint,
1809 865 2079 922 dicamus.

500 959 689 1029 Neque
713 957 862 1014 enim
885 971 1079 1028 parum
1113 955 1371 1011 utilitatis
1388 955 1517 1013 inde
1549 957 1812 1013 studiosis
1833 965 1918 1012 est
1949 971 2082 1028 pro-

500 1061 815 1107 venturum.
837 1049 930 1105 Ait
957 1049 1124 1121 igitur
1150 1049 1346 1105 beatus
1365 1048 1517 1104 lsaac
1538 1047 1606 1104 de
1628 1048 1798 1105 Iacob
1819 1048 2079 1120 quidem:

508 1163 527 1193 ο
560 1143 701 1198 Ecce
726 1141 863 1197 odor
892 1140 988 1196 ﬁlii
1012 1140 1142 1205 mei,
1166 1138 1334 1196 veluti
1357 1139 1494 1194 odor
1523 1140 1638 1211 agri
1664 1141 1836 1212 pleni,
1867 1140 1957 1196 cui
1982 1141 2082 1197 be-

498 1235 711 1293 nedixit
736 1233 1017 1290 Dominus.
1043 1233 1113 1288 Et
1137 1232 1229 1289 det
1251 1233 1350 1288 tibi
1376 1232 1642 1288 Dominus
1669 1232 1736 1287 de
1772 1248 1900 1288 rore
1932 1232 2079 1298 coeli,

497 1336 556 1384 et
584 1326 653 1399 de
690 1323 1025 1398 pinguedine
1070 1331 1230 1380 terra:
1263 1322 1672 1379 multitudinem
1717 1322 1980 1378 frumenti
2026 1331 2083 1378 et
2134 1371 2143 1379 .

498 1418 633 1473 vini.
663 1419 731 1473 Et
754 1416 995 1473 serviant
1019 1414 1118 1470 tibi
1134 1422 1345 1487 gentes,
1376 1410 1432 1471 et
1452 1413 1751 1470 adorentte
1781 1415 2078 1484 principes:
2106 1411 2136 1420 “

498 1520 557 1567 ει
585 1519 705 1566 esto
728 1508 986 1565 dominus
1006 1507 1194 1563 fratris
1217 1506 1317 1573 tui,
1344 1515 1401 1562 et
1438 1506 1749 1563 adorabunt
1777 1512 1829 1562 te
1864 1504 1962 1560 ﬁlii
1981 1520 2081 1576 pa-

501 1602 602 1658 tris
632 1601 731 1657 tui.
765 1599 871 1667 Qui
901 1597 1247 1654 maledixerit
1280 1596 1405 1663 tibi,
1431 1596 1504 1651 sit
1527 1596 1879 1664 maledictus;
1903 1604 1960 1652 et
1982 1596 2081 1652 be-

497 1692 761 1748 nedicens
790 1689 947 1760 105
982 1688 1082 1744 tibi
1110 1729 1125 1755 ,
1155 1689 1228 1744 sit
1266 1688 1593 1743 benedictus
1622 1689 1687 1742 ιο.
1728 1706 1747 1740 z
1780 1687 1975 1743 Mistus
1996 1696 2082 1744 est

498 1786 557 1842 in
594 1784 683 1840 his
714 1783 957 1838 historiae
985 1795 1187 1847 sermo,
1215 1788 1271 1835 et
1295 1795 1396 1850 per
1430 1778 1566 1835 duas
1592 1794 1855 1850 personas
1885 1794 2081 1851 proce-

497 1877 581 1931 dit
600 1874 668 1930 ad
693 1889 865 1929 unum
888 1871 1171 1944 quidpiam
1193 1870 1275 1926 rei
1299 1869 1508 1925 veritas
1532 1884 1632 1941 per
1655 1885 1746 1924 res
1769 1867 2079 1924 testiﬁcata.

496 1969 799 2041 Implentur
830 1967 979 2023 enim
1005 1967 1123 2021 bch
1167 1981 1279 2020 non
1305 1963 1532 2020 omnino
1563 1963 1619 2019 in
1660 1963 1850 2030 Iacob,
1887 1965 1984 2020 sed
2022 1965 2080 2021 in

2189 772 2291 846 τὴν
2319 772 2551 843 δύναμιν
2599 770 3196 845 πολυπραγμονοῦντας
3236 769 3312 835 ὡς
3348 772 3406 824 tv
3431 770 3509 842 τῷ
3537 771 3617 835 εἱς
3646 771 3773 825 νοῦν

2188 859 2324 939 ἧκον
2369 864 2566 921 εἰπεῖν.
2618 864 2718 937 Εῑη
2769 865 2877 937 γὰρ
2925 865 2992 918 ἂν
3037 865 3154 927 τοῖς
3192 860 3601 933 ἐντευξομένοις
3632 863 3772 935 πρὸς

2189 957 2457 1027 ὠφέλειαν
2493 956 2556 1010 τὸ
2588 957 2795 1029 χρῆμα.
2830 954 2977 1027 Ἔφη
3005 955 3187 1009 τοίνυν
3208 955 3237 1008 6
3272 953 3542 1025 μακάριος
3586 952 3773 1007 Ἰσαὰκ

2190 1047 2283 1102 ἐπὶ
2312 1047 2412 1118 μὲν
2436 1045 2531 1101 τοῦ
2583 1046 2799 1102 Ἰακώϐ·
2846 1065 2865 1100 ι
2910 1047 3043 1102 Ἰδοὺ
3071 1045 3214 1119 όσμὴ
3242 1045 3337 1100 τοῦ
3379 1045 3498 1100 υἱοῦ
3537 1062 3661 1118 μου,
3694 1044 3772 1111 ὡς

2188 1139 2334 1212 ὀσμὴ
2366 1137 2537 1212 ἀγροῦ
2575 1138 2815 1211 πλήρους
2849 1138 2910 1192 ὃν
2958 1137 3221 1209 εὐλόγησε
3257 1136 3483 1209 Κύριος.
3518 1137 3629 1191 Καὶ
3658 1136 3769 1208 δῴη

2190 1251 2274 1287 σοι
2302 1232 2507 1304 Κύριος
2533 1231 2643 1287 ἀπὸ
2669 1232 2765 1303 τῆς
2794 1231 2985 1303 δρόσου
3017 1229 3112 1285 τοῦ
3134 1227 3386 1302 οὐρανοῦ,
3416 1229 3511 1283 zeal
3540 1228 3651 1284 ἀπὸ
3671 1228 3770 1298 τῆς

2191 1327 2446 1398 πιότητος
2477 1325 2578 1397 τῆς
2620 1324 2726 1394 γῆς
2766 1323 2972 1395 πλῆθος
3000 1323 3147 1377 σίτου
3179 1322 3275 1376 zeal
3315 1321 3480 1378 οῐνου.
3510 1322 3619 1376 Kal
3650 1321 3770 1377 δου-

2189 1418 2536 1473 λευσάτωσάν
2562 1433 2644 1471 σοι
2675 1414 2827 1488 ἔθνη,
2853 1416 2949 1471 zeal
2985 1414 3526 1487 προσκυνησάτωσαν
3556 1431 3639 1468 σοι
3666 1413 3769 1486 ἄρ-

2189 1528 2393 1583 χοντες,
2446 1510 2541 1565 zeal
2591 1508 2743 1580 γίνου
2799 1507 2990 1580 κύριος
3039 1506 3131 1561 τοῦ
3201 1507 3434 1578 ἀδελφοῦ
3483 1524 3603 1562 σου.
3657 1507 3769 1561 Kal

2190 1604 2628 1677 προσκυνήσουσί
2666 1619 2749 1657 σοι
2791 1602 2841 1656 οἱ
2875 1602 2981 1657 υἱοὶ
3017 1599 3112 1655 τοῦ
3142 1600 3350 1672 πατρός
3386 1617 3507 1664 σου.
3549 1600 3607 1655 '0
3631 1616 3768 1655 κατ-

2193 1692 2479 1766 αρώμενός
2506 1710 2588 1761 σε,
2620 1692 3022 1764 ὲπικατάρατος
3039 1706 3055 1722 °
3088 1693 3185 1746 zeal
3212 1692 3242 1745 6
3263 1689 3497 1759 εὐλογῶν
3519 1706 3599 1754 σε,
3617 1689 3767 1743 εὐλο-

2191 1783 2768 1857 γημένος.⁵Μέμικταί
2802 1799 2922 1849 πως
2964 1784 3024 1837 tv
3065 1781 3275 1846 τούτοις
3326 1781 3426 1853 τῆς
3468 1780 3706 1853 ἱστορίας
3736 1781 3767 1834 6

2187 1877 2365 1947 λόγος,
2406 1875 2503 1932 zeal
2540 1876 2628 1931 διὰ
2671 1876 2816 1930 δυοῖν
2847 1873 3161 1948 προσώποιν
3195 1874 3415 1947 ἔρχεται
3449 1872 3587 1944 πρὸς
3625 1873 3684 1927 ἓν
3710 1889 3764 1926 τι

2186 1969 2248 2021 τὸ
2279 1967 2477 2040 ἀληθὲς
2513 1967 2605 2022 zeal
2630 1966 2721 2021 διὰ
2751 1967 3092 2039 πραγμάτων
3118 1966 3299 2022 αὐτῶν
3337 1963 3765 2039 μεμαρτυρημέ-

493 2057 797 2125 Christo,et
822 2057 891 2113 iis
909 2056 1005 2128 qui
1018 2072 1116 2127 per
1134 2054 1300 2111 ﬁdem
1316 2052 1602 2126 justiﬁcati
1623 2061 1779 2121 sunt,
1796 2056 1891 2126 qui
1912 2055 2072 2111 etiam

2182 2075 2292 2113 νον.
2334 2058 2788 2132 Ἀποπεραίνεται
2818 2059 2919 2130 μὲν
2940 2059 3048 2130 γὰρ
3073 2058 3195 2130 οὐχὶ
3219 2056 3282 2129 δή
3314 2074 3417 2112 που
3457 2058 3671 2121 πάντως
3704 2056 3764 2110 ιν

495 2152 592 2206 filii
611 2150 738 2205 facti
755 2158 882 2206 sunt
897 2146 1198 2205 secundum
1224 2145 1644 2218 promissionem
1663 2146 1720 2200 in
1744 2141 1914 2203 Isaac.
1942 2146 2088 2215 Qua-

494 2242 681 2298 drabit
709 2242 892 2312 itaque
926 2238 1231 2312 prophetiae
1255 2253 1450 2293 sensus
1484 2238 1651 2293 etiam
1674 2253 1817 2294 novo
1856 2239 2082 2310 populo,

495 2335 709 2406 ipsique
729 2332 949 2389 Christo
967 2330 1081 2402 ,qui
1105 2338 1188 2385 est
1211 2328 1547 2401 principium
1573 2337 1630 2385 et
1655 2328 1787 2385 dux.
1816 2329 2086 2386 Censetur

492 2433 675 2482 autem
687 2424 851 2481 etiam
865 2422 920 2479 in
931 2421 1408 2479 secundumAdam
1423 2438 1488 2478 ac
1499 2420 1671 2477 veluti
1685 2421 1921 2477 secunda
1938 2436 2084 2494 quae-

493 2518 617 2572 dam
648 2516 803 2572 radix
830 2514 1187 2571 humanitatis
1204 2522 1433 2570 exortus
1454 2522 1556 2569 est.
1574 2513 1725 2570 Nova
1750 2513 1897 2570 enim
1923 2530 2081 2571 crea-

493 2615 617 2662 tura
635 2605 759 2661 ﬁtin
778 2603 1381 2675 Christo,renovatique
1398 2620 1589 2661 sumus
1604 2605 1661 2660 in
1674 2606 1793 2676 ipso
1807 2605 1876 2661 ad
1887 2607 2083 2661 sancti-

491 2698 823 2764 licationem,
871 2695 1454 2768 incorruptionemque
1488 2705 1545 2751 et
1566 2696 1754 2751 vitam.
1797 2695 2080 2768 Signiﬁcat

490 2794 674 2841 autem
703 2783 1105 2840 benedictionis
1135 2785 1276 2840 ratio
1291 2785 1620 2841 suavitatem
1636 2784 1824 2842 odoris
1839 2786 1896 2841 in
1914 2785 2077 2842 Chri-

491 2886 598 2944 sto,
624 2884 682 2934 et
706 2876 1049 2949 spiritualem
1071 2917 1086 2941 ,
1116 2877 1290 2932 veluti
1310 2870 1429 2950 ag'ri
1450 2886 1509 2933 et
1533 2877 1682 2935 horti
1716 2877 2075 2947 ﬂoridissimi,

491 2967 784 3038 pulchrum
828 2982 892 3022 ac
943 2982 1169 3023 suavem
1219 2984 1288 3024 ex
1340 2968 1526 3024 vernis
1569 2967 1801 3024 ﬁoribus
1846 2969 2076 3025 odorem

488 3061 810 3118 cmittentis.
837 3061 915 3116 Ita
948 3062 1097 3117 enim
1132 3062 1295 3117 nobis
1320 3062 1563 3132 seipsum
1597 3062 1656 3117 in
1679 3061 1908 3119 Cantico
1941 3078 2073 3120 can-

478 3152 726 3206 ticorum
768 3151 1074 3206 nominarit
1115 3150 1370 3206 Christus
1398 3191 1413 3217 ,
1463 3152 1654 3209 dicens
1694 3170 1708 3207 :
1760 3173 1779 3207 e
1827 3154 1942 3226 Ego
1973 3154 2076 3211 llos

466 3238 688 3309 ,campi,
723 3237 901 3292 lilium
932 3237 1265 3293 convallium
1292 3237 1358 3291 “.
1394 3256 1414 3290 z
1448 3238 1651 3294 Lilium
1681 3239 1830 3296 enim
1858 3249 2074 3308 erat,et

2200 2147 2414 2215 Ἰακὼϐ,
2449 2149 2586 2205 ἀλλά
2613 2149 2707 2204 zeal
2745 2149 2806 2202 tv
2849 2147 3072 2221 Χριστῷ
3114 2146 3180 2201 τὰ
3204 2144 3408 2211 τοιάδε,
3443 2144 3538 2199 zeal
3562 2145 3623 2199 tv
3650 2145 3766 2208 τοίς

2185 2241 2244 2293 έν
2272 2238 2453 2293 πίστει
2482 2237 2943 2308 δεδικαιωμένοις,
2972 2237 3023 2290 οἳ
3045 2236 3140 2291 zeal
3168 2235 3333 2290 τέκνα
3352 2234 3613 2303 γεγόνασι
3640 2232 3801 2307 κατξ,

2184 2327 2520 2398 ἐπαγγελίαν
2544 2329 2601 2381 tv
2646 2327 2849 2383 Ἰσαάκ.
2896 2326 3152 2398 ’Δρμόσει
3185 2324 3249 2396 δὴ
3278 2320 3373 2379 οὖν
3408 2325 3507 2395 τῆς
3545 2339 3763 2395 προφη-

2182 2421 2332 2486 τείας
2358 2422 2387 2474 ό
2415 2418 2540 2484 νοῦς
2566 2418 2663 2473 zeal
2701 2417 2817 2490 λαῷ
2840 2416 2920 2488 τῷ
2947 2417 3072 2489 νέῳ,
3107 2415 3202 2470 zeal
3228 2414 3378 2487 αὐτῷ
3411 2415 3490 2486 τῷ
3518 2413 3759 2487 Χριστῷ,

2182 2514 2240 2579 ὃς
2270 2515 2418 2568 ἔστιν
2455 2512 2600 2584 ἀρχὴ
2626 2511 2723 2566 zeal
2749 2508 3070 2584 ἡγούμενος.
3101 2508 3422 2577 Λελόγισται
3461 2506 3520 2561 δὲ
3559 2507 3655 2560 zeal
3680 2507 3763 2570 εἱς

2180 2606 2432 2680 δεύτερον
2488 2606 2680 2678 Ἀδὰμ,
2718 2606 2814 2659 καί
2853 2603 2979 2676 ῥίζα
3004 2620 3088 2668 τις
3125 2603 3316 2675 ὥσπερ
3352 2601 3454 2673 τῆς
3481 2599 3759 2672 ἅνθρωπός.

2179 2717 2341 2773 τητος
2360 2699 2530 2770 ἀνέφυ
2553 2698 2803 2770 δευτέρα.
2827 2697 3005 2770 Καινὴ
3024 2697 3132 2769 γὰρ
3150 2696 3330 2761 κτίσις
3348 2694 3418 2749 τά
3438 2696 3497 2749 tv
3515 2692 3767 2766 Χριστῷ,

2178 2794 2275 2848 zeal
2304 2790 2764 2862 ἀνεκαινίσθημεν
2804 2791 2863 2844 tv
2902 2789 3052 2862 αὖτῷ
3098 2788 3237 2862 πρὸς
3266 2787 3538 2859 ἁγιασμόν
3577 2802 3638 2840 τε
3664 2787 3769 2840 zeal

2178 2882 2488 2957 ἀφθαρσίαν
2513 2881 2609 2936 zeal
2624 2871 2791 2954 ζωήνι
2805 2879 3065 2953 Σημαίνει
3088 2879 3167 2946 δὲ,
3184 2874 3361 2951 οἶμαι,
3384 2878 3487 2950 τῆς
3507 2876 3767 2946 εὐλογίας

2175 2976 2205 3028 6
2236 2974 2415 3043 λόγος,
2446 2972 2545 3045 τὴν
2582 2973 2641 3027 ὲν
2688 2972 2912 3046 Χριστῷ
2947 2972 3039 3027 zeal
3080 2971 3457 3043 πνευματικὴν
3501 2970 3767 3035 εὐωδίαν,

2174 3059 2287 3119 οἷον
2334 3063 2507 3135 ἀγροῦ
2551 3064 2646 3118 zeal
2688 3062 2956 3134 λειμῶνος
3007 3060 3406 3117 εὐανθεστάτου
3453 3060 3626 3133 καλὴν
3663 3064 3768 3116 zeal

2174 3155 2359 3228 ἡδεῖαν
2408 3153 2507 3226 τὴν
2554 3155 2614 3222 ἐξ
2647 3155 2853 3227 ὴρινῶν
2900 3153 3109 3209 ἀνθέων
3143 3154 3310 3219 ἱέντος
3359 3154 3561 3226 ὀσμήν.
3600 3152 3769 3209 οὕτω

2172 3243 2282 3317 γάρ
2305 3245 2437 3316 ἡμῖν
2458 3244 2650 3299 ἑαυτὸν
2677 3245 2735 3297 ἐν
2761 3242 2843 3316 τῷ
2880 3242 3122 3315 ’ᾼσματι
3163 3242 3274 3299 τῶν
3310 3243 3570 3315 ᾀσμάτων
3621 3242 3768 3298 ὦνό-

486 3345 618 3386 rosa
647 3346 716 3385 ex
766 3338 912 3385 terra
936 3338 1058 3385 orta
1086 3339 1313 3401 propter
1342 3330 1777 3400 humanitatem;
1805 3343 2066 3393 caeterum

2176 3336 2349 3409 μαζεν
2373 3338 2401 3391 6
2428 3336 2684 3410 Χριστὸς,
2710 3335 2887 3407 λέγων
2917 3334 3038 3407 μέν’
3077 3332 3220 3405 Ἐγὼ
3243 3334 3402 3400 ἄνθος
3423 3334 3517 3389 τοῦ
3545 3334 3764 3403 πεδίου,

485 3419 741 3475 nesciens
778 3427 1089 3490 peccatum,
1132 3436 1196 3476 ac
1239 3421 1425 3491 potius
1460 3420 1867 3479 divinissimum
1892 3428 2071 3483 omni-

2175 3397 2358 3503 zeplvov
2389 3397 2500 3483 τῶν
2548 3397 2833 3483 κοιλάδων.
2868 3397 3070 3500 κρίνον
3101 3397 3209 3504 γάρ
3253 3423 3323 3500 ἧν
3360 3397 3456 3481 zeal
3496 3426 3647 3499 ῥόδον
3692 3397 3767 3482 εὶ

485 3510 609 3578 bus,
639 3513 735 3583 qui
755 3526 854 3583 per
889 3511 1210 3568 universum
1254 3513 1448 3569 orbem
1492 3524 1764 3570 terrarum
1786 3518 2071 3575 constituti

484 3609 665 3666 erant,
697 3616 764 3655 ex
803 3601 1066 3672 operibus
1115 3601 1342 3657 odorem
1386 3602 1664 3660 emittens.
1703 3604 2071 3673 Quamobrem

483 3706 613 3764 agro
635 3690 924 3747 benedicto
946 3706 978 3747 a
1006 3691 1119 3746 Deo
1142 3731 1159 3757 ,
1191 3702 1473 3763 comparat
1499 3693 1778 3749 Christum
1797 3736 1814 3762 ,
1860 3706 1917 3753 et
1942 3700 2067 3769 qui-

482 3783 607 3838 dem
630 3782 838 3854 optimo
858 3782 1002 3854 jure,
1025 3782 1298 3854 siquidem
1327 3784 1465 3839 odor
1488 3792 1574 3840 est
1602 3785 1933 3856 cognitionis
1970 3788 2067 3844 Dei

483 3890 550 3930 ac
576 3874 776 3931 Patris.
816 3874 895 3930 lta
919 3874 1067 3930 enim
1088 3891 1284 3931 rursus
1306 3875 1531 3931 divinus
1552 3876 1756 3934 Paulus
1771 3879 1849 3935 ait
1873 3897 1886 3935 :
1915 3899 1933 3933 ι
1954 3881 2067 3937 Deo

481 3974 666 4022 autem
709 3967 886 4038 gratia
910 4007 926 4033 ,
976 3966 1073 4037 qui
1107 3982 1325 4038 semper
1367 3968 1673 4041 triumphat
1713 3985 1814 4043 per
1871 3987 1973 4029 nos
2007 3974 2066 4031 in

478 4058 699 4113 Christo
729 4058 883 4123 Iesu,
909 4048 966 4113 et
1002 4059 1231 4115 odorem
1251 4059 1460 4115 notitiae
1482 4076 1596 4118 sua:
1628 4063 1942 4122 manifestat
1964 4081 2066 4139 per

479 4162 584 4202 nos
624 4146 682 4202 in
713 4148 863 4203 omni
902 4148 1026 4204 loco
1045 4149 1112 4204 ⁸³.
1151 4169 1171 4201 ι
1204 4150 1584 4209 Manifestatus
1624 4166 1811 4212 autem
1841 4165 1927 4214 est
1962 4174 2063 4231 per

478 4247 701 4293 sanctos
744 4240 1023 4310 apostolos
1042 4240 1311 4297 Dominus
1332 4251 1521 4298 noster
1570 4244 1733 4302 Iesus
1763 4246 2021 4306 Christus
2042 4290 2060 4318 ,

477 4326 651 4382 veluti
670 4327 807 4383 odor
831 4329 1161 4401 cognitionis
1175 4331 1272 4386 Dei
1303 4347 1369 4388 ac
1397 4332 1627 4389 Patris.«
1647 4334 1704 4394 Si
1727 4337 1875 4393 enim
1907 4342 2062 4396 novit

478 4419 602 4489 quis
628 4417 825 4475 Filium
844 4460 860 4487 ,
884 4421 1039 4477 novit
1060 4422 1287 4478 omnino
1302 4433 1359 4480 et
1385 4424 1604 4480 Patrem
1629 4426 1728 4493 “,z
1760 4427 1833 4484 ob
1849 4438 2060 4488 naturae

477 4509 855 4577 identitatem,
902 4512 1159 4584 quodque
1188 4529 1288 4585 per
1330 4516 1516 4572 omnia
1564 4519 1849 4589 aequaliter
1893 4529 2058 4593 atque

477 4600 860 4657 indiﬁerenter
896 4618 957 4660 se
999 4603 1220 4661 habeat.
1262 4606 1611 4665 Conveniunt
1638 4612 1861 4682 quidem
1891 4613 2055 4671 Chri-

2174 3520 2279 3593 γῆς
2322 3520 2552 3590 ἀναφὺς,
2605 3519 2694 3573 διά
2738 3518 2801 3573 τὸ
2852 3518 3212 3590 ἀνθρώπινον.
3270 3519 3418 3593 Πλὴν
3461 3519 3562 3574 οὐκ
3597 3518 3767 3586 εἱδὼς

2172 3611 2468 3685 ἁμαρτίαν,
2491 3610 2973 3682 θεοπρεπεστάτην
2996 3610 3053 3664 δὲ
3077 3608 3280 3682 μᾶλλον
3305 3612 3418 3675 τοῖς
3445 3609 3549 3664 ἀνὰ
3570 3610 3767 3666 πᾶσαν

2169 3704 2268 3775 τὴν
2299 3702 2631 3774 οἰκουμένην
2667 3701 2767 3774 τὴν
2798 3702 2863 3757 ὲκ
2908 3704 3019 3757 τῶν
3049 3701 3491 3775 κατορθωμάτων
3518 3702 3768 3758 εὐωδίαν

2173 3795 2293 3859 ἱείς.
2338 3793 2518 3866 ’Δγρῷ
2546 3792 2837 3865 τοιγαροῦν
2860 3793 3053 3866 εὐλογη
3063 3793 3209 3866 μένῳ
3238 3795 3392 3868 παρά
3420 3793 3577 3861 Θεοῦ,
3605 3810 3765 3867 παρ.

2167 3886 2376 3953 εικάζει
2421 3887 2657 3959 Χριστόν
2679 3902 2694 3919 ν
2730 3886 2825 3941 zeal
2861 3885 3067 3959 σφόδρα
3110 3887 3368 3958 εἰκότως·
3412 3887 3570 3960 εἴπερ
3597 3886 3759 3961 ὀσμή

2165 3983 2284 4038 ἐστι
2320 3986 2421 4056 τῆς
2445 3979 2702 4054 γνώσεως
2726 3982 2820 4038 τοῦ
2867 3982 3005 4038 Θεοῦ
3039 3981 3136 4037 zeal
3173 3980 3407 4053 Πατρός.
3445 3980 3589 4053 Ἔφη
3633 3981 3761 4055 γὰρ

2163 4066 2266 4130 ὦδε
2297 4074 2461 4130 πάλιν
2479 4077 2515 4144 6
2546 4074 2831 4139 θεσπέσιος
2861 4073 3091 4138 Παῦλοςο
3120 4072 3212 4145 Τῷ
3237 4073 3295 4128 δὲ
3323 4070 3442 4144 Θεῷ
3469 4071 3631 4144 χάρις
3666 4071 3764 4144 τῷ

2164 4168 2396 4223 πάντοτε
2433 4167 2819 4241 θριαμδεύοντι
2859 4168 3008 4239 ἡμᾶς
3060 4167 3120 4221 tv
3152 4164 3231 4236 τῷ
3251 4163 3492 4238 Χριστῷ,
3522 4164 3617 4217 zeal
3642 4164 3762 4238 τὴν

2161 4259 2339 4331 ὀσμὴν
2367 4260 2469 4330 τῆς
2496 4260 2752 4330 γνώσεως
2786 4258 2954 4314 αὐτοῦ
3001 4256 3326 4331 φανεροῦντι
3372 4258 3441 4312 δι’
3474 4255 3633 4329 ἡμῶν
3685 4259 3763 4312 tv

2161 4352 2326 4406 παντὶ
2346 4350 2515 4420 τόπῳ.
2534 4352 2895 4425 Ἐφανεροῦτο
2909 4351 2965 4406 δὲ
2981 4336 3071 4405 διὰ
3099 4349 3209 4407 τῶν
3230 4351 3405 4421 ἀγίων
3428 4348 3763 4407 ἀποστόλων

2157 4444 2187 4496 6
2207 4445 2410 4514 Κύριος
2425 4446 2459 4514 ἠ
2468 4442 2585 4513 μῶν
2618 4442 2826 4515 Ἰησοῦς
2846 4443 3102 4515 Χριστὸς,
3120 4443 3197 4507 ὡς
3207 4442 3353 4513 ὀσμὴ
3367 4441 3467 4510 τῆς
3484 4438 3764 4510 γνώσεως

2155 4523 2252 4586 τοῦ
2275 4534 2410 4587 Θεοῦ
2443 4534 2539 4587 zeal
2565 4535 2797 4607 Πατρός.
2830 4553 2849 4587 e
2888 4536 2951 4589 Et
2976 4517 3089 4607 γὰρ
3120 4533 3328 4604 ἐγνωκέ
3357 4551 3442 4599 τις
3467 4533 3559 4587 τὸν
3585 4532 3762 4603 1'th,

2157 4625 2298 4696 ἔγνω
2340 4643 2443 4679 που
2473 4627 2692 4690 πάντως
2736 4626 2832 4681 zeal
2871 4625 2963 4680 τὸν
2999 4627 3240 4694 Πατέρα,
3261 4626 3349 4681 διά
3383 4627 3474 4680 τὸν
3501 4624 3606 4696 τῆς
3631 4625 3759 4695 φύ-

460 4699 562 4751 .sto
590 4708 605 4746 :
633 4693 964 4750 conveniant
1006 4704 1190 4751 autem
1239 4698 1436 4755 merito
1460 4700 1627 4756 etiam
1677 4717 1823 4759 novo
1848 4707 2055 4778 populo

2174 4693 2294 4782 ιεως
2318 4717 2532 4785 ταυτὸν,
2560 4719 2655 4772 zeal
2682 4717 2825 4773 κατά
2846 4718 2953 4772 πᾶν
2977 4693 3159 4773 ὁτιοῦν
3182 4718 3313 4782 ἴσως
3332 4734 3392 4772 τε
3425 4717 3521 4772 zeal
3547 4693 3762 4789 ἀπαρ-

472 4783 591 4839 hac
621 4801 635 4838 :
680 4803 698 4835 ι
731 4783 834 4841 Det
863 4787 962 4843 tibi
1002 4788 1268 4846 Dominus
1296 4791 1365 4846 de
1397 4808 1522 4848 rore
1562 4794 1708 4861 caeli,
1736 4804 1793 4852 et
1827 4797 1896 4853 de
1930 4798 2051 4869 pin-

468 4874 708 4946 guedine
749 4884 910 4934 terra:
944 4878 1338 4938 abundantiam
1375 4883 1641 4942 frumenti
1662 4901 1727 4966 ac
1744 4890 1904 4959 panis
1925 4891 1991 4947 ⁸⁸.
2023 4912 2042 4945 ι

469 4966 582 5023 Bos
612 4968 761 5025 enim
801 4970 927 5027 οωιί
950 4979 1007 5027 et
1024 4971 1301 5045 pinguedo
1336 4984 1518 5045 teme,
1546 4978 1653 5035 hoc
1671 4988 1776 5045 est,
1808 4982 2050 5040 Verbum

468 5071 539 5111 ex
580 5058 740 5116 Patre
768 5060 929 5117 nobis
980 5061 1169 5118 datum
1206 5072 1320 5130 est,
1367 5065 1523 5136 juxta
1572 5070 2052 5141 participationem

468 5146 730 5204 nimirum
762 5153 863 5222 per
893 5152 1157 5225 Spiritum
1180 5195 1195 5221 ,
1225 5170 1290 5211 ac
1333 5155 1530 5214 divina:
1571 5160 1795 5230 quidem
1834 5174 2049 5222 naturae

467 5236 597 5292 facti
627 5253 820 5297 sumus
844 5234 943 5314 per
972 5245 1152 5316 ipsum
1190 5248 1490 5321 participes
1517 5270 1531 5305 :
1578 5254 1834 5325 nactique
1878 5257 2044 5312 etiam

467 5328 678 5401 copiam
704 5330 966 5391 frumenti
988 5345 1046 5392 et
1074 5338 1211 5406 vini,
1236 5341 1343 5396 hoc
1360 5350 1446 5397 est
1465 5383 1480 5408 ,
1507 5342 1800 5402 roboris-et
1818 5346 2042 5403 laetitia.

468 5417 756 5489 Siquidem
778 5437 908 5479 vere
930 5423 1136 5482 dicitur
1162 5445 1174 5481 :
1229 5447 1247 5481 ι
1295 5429 1462 5486 Panis
1490 5431 1712 5488 roborat
1735 5447 1831 5489 eor
1858 5434 2040 5490 homi-

2148 4808 2433 4874 αλλάκτως
2459 4808 2604 4881 ἕχον.
2650 4808 2906 4882 ’Δρμόσει
2938 4810 3039 4883 μὲν
3062 4805 3155 4865 οὖν
3186 4808 3256 4864 τά
3277 4809 3457 4865 τοιάδε
3486 4809 3760 4882 Χριστῷ,

2150 4902 2351 4975 πρέποι
2387 4902 2434 4957 δ’
2463 4903 2531 4957 ἂν
2558 4904 2782 4969 είκότως
2811 4906 2908 4960 zeal
2948 4905 3061 4978 λαῷ
3085 4903 3163 4978 τῷ
3198 4904 3325 4975 νέῳ,
3353 4901 3434 4967 τὺ,
3471 4901 3597 4974 Δῴη
3648 4917 3764 4959 σοι

2148 4996 2357 5068 Κύριος
2395 4995 2506 5050 ἀπὸ
2553 4996 2653 5066 τῆς
2697 4995 2893 5068 δρόσου
2944 4995 3043 5052 τοῦ
3064 4994 3319 5069 οὐρανοῦ,
3362 4995 3457 5049 καὶ
3496 4993 3606 5049 ἀπὸ
3631 4995 3767 5065 τῆς

2152 5088 2405 5159 πιότητος
2433 5088 2531 5160 τῆς
2566 5088 2691 5161 γῆς,
2731 5088 2939 5160 πλῆθος
2984 5089 3134 5145 σίτου
3177 5089 3274 5144 zeal
3303 5088 3469 5144 οἴνου.
3527 5087 3595 5149 Ἦ
3619 5087 3771 5163 γὰρ

2153 5177 2385 5249 οὐρανοῦ
2423 5179 2521 5249 μὲν
2550 5178 2761 5250 δρόσος,
2792 5181 2895 5253 γῆς
2918 5181 2975 5236 δὲ
3006 5182 3219 5254 πιότης,
3241 5179 3403 5236 τοῦτό
3433 5180 3571 5246 ἐστι,
3605 5177 3636 5230 6
3670 5181 3775 5237 ὲκ

2152 5268 2288 5323 Θεοῦ
2314 5269 2526 5341 Πατρὸς
2546 5270 2724 5339 λόγος,
2744 5275 2877 5344 ἡμῖν
2892 5273 3099 5330 δέδοται
3129 5274 3271 5329 κατά
3294 5271 3511 5345 μέθεξιν
3537 5268 3769 5341 δηλον-

2149 5359 2231 5413 ότι
2289 5359 2388 5432 τὴν
2427 5359 2515 5416 διὰ
2552 5362 3025 5434 Πνεύματος,’καὶ
3069 5365 3221 5431 θείας
3259 5367 3359 5438 μὲν
3405 5363 3622 5434 φύσεως
3662 5364 3774 5419 δι’

2150 5449 2316 5505 αὐτοῦ
2363 5453 2664 5526 γεγόναμεν
2712 5458 2980 5514 κοινωνοί.
3029 5459 3372 5533 Ἐσχήκαμεν
3415 5460 3472 5515 δὲ
3521 5457 3771 5533 πλῆθος

533 5626 746 5685 "Gen.
773 5647 936 5702 nm,
976 5635 1167 5692 27-29.
1242 5641 1284 5673 ⁸⁸
1319 5640 1476 5698 Cant.
1524 5659 1582 5711 ιι,
1613 5645 1661 5700 1.
1738 5647 1782 5680 ⁸⁸
1806 5647 1851 5703 ΙΙ
1893 5646 2020 5705 Cor.
2045 5664 2072 5704 ι]

2180 5652 2232 5707 ι.
2309 5654 2354 5687 ⁸⁸
2378 5653 2568 5710 Matth.
2595 5672 2670 5722 xx,
2695 5656 2785 5712 27.
2866 5660 2910 5693 “
2932 5660 3068 5716 Gen.
3106 5677 3271 5732 nm,
3296 5661 3390 5721 28.
