4050 6210
310 217 403 272 175

1311 202 1834 262 CLAPHYRORUM
1868 203 1936 257 ΙΝ
1975 200 2269 257 CENESIM
2310 201 2436 254 LIB.
2479 198 2566 255 Ill.

3457 209 3560 267 ΓΗ

301 326 445 381 σίτου
489 319 589 377 καὶ
635 319 802 384 οἴνου,
860 319 1158 385 τουτέστιν,
1198 318 1380 388 ἰσχύος
1413 319 1508 372 καὶ
1557 319 1738 388 μέντοι
1793 316 1872 369 xui

1987 317 2071 370 nis
2092 358 2104 380 ,
2141 326 2195 370 et
2224 317 2411 370 vinum
2453 315 2693 370 ketiticat
2720 329 2814 370 cor
2839 315 2902 370 ".
2943 333 2965 368 ιν
2997 316 3156 388 106
3196 317 3557 374 Fortitudinis

298 413 656 486 εὐφροσύνης.
689 411 865 482 Εἴπερ
890 408 1094 479 ἀληθὴς
1121 411 1150 462 ὁ
1172 409 1329 476 λόγος
1351 410 1379 461 6
1404 409 1598 475 λέγων,
1634 425 1652 458 ι
1687 408 1882 477 "Ap-:0;

298 504 543 578 στηρίξει
575 503 804 574 καρδίαν
839 501 1149 574 ἀνθρώπου,
1187 502 1282 554 καὶ⁸
1313 495 1453 563 οἶνος
1488 498 1790 570 εὐφραίνει.
1855 516 1874 548 ι

308 599 513 670 ’ἰσχύος
543 593 638 652 οῦν
658 597 767 668 ἄρα
795 597 897 668 τῆς
921 594 1120 663 νοητῆς
1152 593 1246 647 καὶ
1273 595 1331 647 ἐν
1361 591 1634 662 πνεύματι
1657 593 1880 661 σημεῖον
1915 631 1922 635 .

295 696 324 748 6
363 694 562 764 ἄρτοςο
600 689 830 758 θατέρου
871 703 934 755 γε
972 686 1076 756 μὴν
1104 686 1133 738 6
1179 682 1338 747 οἶνος.
1369 684 1586 737 Δέδοται
1623 683 1678 735 δὲ
1710 681 1882 736 ταῦτα

296 787 402 846 τοῖς
425 784 487 834 ἐν
519 778 742 852 Χριστῷ
761 779 828 831 δι’
851 775 1042 833 αὐτοῦ..
1069 775 1193 838 Πῶς
1223 776 1255 844 ἢ
1281 775 1400 828 τίνα
1424 773 1644 843 τρόπον,
1677 773 1878 843 ἑδραῖοι

294 874 603 943 γεγόναμεν
657 874 736 934 εἰς
767 868 1048 922 εὐσέϐειαν
1093 869 1189 921 καὶ
1243 866 1626 937 ἀμετακίνητοι
1679 865 1879 935 τρόπον

294 967 432 1028 τινὰ.
466 965 563 1018 καὶ
612 962 750 1035 ὀρθὰ
795 962 1011 1031 φρονεῖν
1055 960 1278 1023 ειδότες,
1321 959 1415 1011 καὶ
1463 957 1878 1020 ἀκατασείστως

297 1053 716 1124 ἐρηρεισμένοι;
789 1048 1086 1120 Ἑλάὁομεν
1142 1047 1251 1118 γὰρ
1314 1047 1563 1113 ἐξουσίαν
1628 1065 1646 1097 ι
1690 1049 1878 1099 πατεῖν

295 1147 486 1198 ἐπάνω
518 1144 688 1212 δφεων
724 1141 816 1194 καὶ
848 1140 1144 1210 σκορπίων,
1183 1139 1276 1192 καὶ
1307 1139 1402 1190 ἐπὶ
1441 1138 1620 1191 πᾶσαν
1654 1136 1750 1207 τήν
1782 1136 1875 1188 δύο

293 1253 463 1306 ναμιν
514 1235 609 1288 τοῦ
650 1234 868 1305 ἐχθροῦ.
905 1252 924 1284 ι
979 1233 1148 1286 Τοῦτο
1192 1226 1346 1301 οἶμαι
1395 1229 1458 1282 τὸ
1510 1230 1714 1300 πλῆθός
1760 1232 1877 1283 ἐστι

295 1328 465 1380 σίτου.
511 1325 676 1378 Ἀλλὰ
719 1325 811 1378 καὶ
856 1324 999 1378 οἴνου
1054 1323 1214 1377 πάλιν
1261 1321 1547 1392 ἐλάϐομεν.
1587 1340 1606 1373 ι
1641 1323 1719 1392 Τῇ
1769 1321 1876 1392 γὰρ

293 1416 470 1469 ἐλπίδι
516 1416 782 1485 χαίρομεν
844 1415 938 1468 xai
979 1413 1320 1484 ἐγενήθημεν
1371 1411 1808 1482 εὐφραινόμενοι,
1852 1431 1870 1462 ι

291 1508 434 1560 κατὰ
485 1506 548 1559 τὸ
580 1505 983 1575 γεγραμμένον.
1042 1502 1434 1575 Προσδοκῶμεν
1482 1503 1590 1574 γὰρ
1620 1503 1717 1566 τὰς
1765 1503 1876 1557 ἄνω

293 1599 486 1668 μονὰς,
514 1597 616 1669 τὴν
657 1599 714 1650 ἐν
753 1597 1033 1668 ἀφθαρσίᾳ
1066 1596 1232 1666 ζωὴν,
1268 1595 1358 1648 τὸν
1390 1594 1712 1666 μακραίωνα
1739 1595 1871 1665 βίον,

1985 408 2167 476 itaque
2188 408 2490 478 spiritualis
2509 408 2819 479 symbolum
2842 416 2925 461 est
2948 407 3138 477 panis;
3162 408 3388 464 alterius
3403 427 3555 474 vero,

1964 499 2192 553 vinum.
2221 500 2354 554 Data
2371 507 2552 554 autem
2575 507 2704 554 sunt
2743 499 2830 562 iis,
2867 498 2962 568 qui
2983 498 3036 551 in
3060 497 3280 553 Christo
3311 509 3440 554 sunt
3461 517 3559 570 per

1982 588 2182 660 ipsum.
2211 588 2330 656 Quo
2375 598 2535 660 pacto
2575 589 2721 645 enim
2762 589 2922 644 aliter
2960 589 3101 642 ﬁrmi
3142 604 3204 644 ac
3238 590 3463 646 stabiles
3489 592 3557 646 ad

1980 679 2261 749 pietatem,
2319 686 2376 734 et
2422 679 2634 732 immoti
2689 678 3094 748 quodammodo
3137 688 3285 734 recta
3316 680 3558 751 cogitare

1981 773 2216 826 scientes
2243 771 2371 825 facti
2401 771 2628 825 sumus?
2653 770 2937 842 Siquidem
2957 771 3081 826 data
3113 772 3273 826 nobis
3294 782 3379 827 est
3397 783 3556 844 pote~

1979 873 2116 918 stam
2137 864 2383 918 calcandi
2405 879 2570 934 super
2584 872 2870 933 serpentes
2890 870 2945 918 et
2965 866 3304 934 scorpiones,
3320 875 3375 920 ct
3390 882 3558 937 super

1979 969 2196 1009 omnem
2219 960 2542 1023 potestatem
2556 954 2833 1008 inimici“.
2858 954 3019 1018 ιΠοο,
3036 963 3097 1008 ut
3117 955 3556 1027 arbitror,signi-

1979 1044 2570 1114 ﬁcatcopinfrumenti.
2587 1045 2693 1101 Sed
2712 1039 2971 1103 etvinum
3000 1063 3193 1102 rursus
3219 1049 3551 1119 accepimus.

1987 1153 2004 1184 ι
2033 1136 2137 1204 Spe
2152 1135 2297 1189 enim
2314 1137 2614 1207 gaudemus
2628 1139 3011 1205 etlaztamur",
3045 1160 3062 1190 ι
3091 1141 3392 1203 secundum
3410 1141 3558 1197 Seri-

1977 1235 2214 1296 pturam.
2233 1229 2628 1297 Exspectamus
2654 1232 2802 1286 enim
2833 1231 3086 1285 cmlestes
3110 1233 3441 1299 mansiones,
3469 1235 3557 1288 vi-

1977 1325 2086 1370 tam
2127 1317 2182 1372 in
2221 1319 2630 1391 incorruptione
2655 1329 2712 1376 et
2734 1323 3146 1392 sempiternam,
3175 1323 3389 1393 ipsique
3417 1325 3556 1380 adeo

1975 1406 2196 1464 Christo
2227 1426 2582 1482 conregnare.
2618 1409 2774 1468 Dicta
2804 1414 2971 1484 igitur
3010 1414 3119 1469 sint
3146 1415 3311 1469 etiam
3345 1416 3462 1470 haec
3488 1416 3556 1470 de

1975 1500 2157 1556 nobis.
2192 1501 2306 1557 lloc
2329 1504 2476 1558 enim
2504 1520 2685 1560 sermo
2714 1506 2821 1560 sibi
2839 1505 2974 1559 vult.
3000 1507 3193 1561 Postea
3230 1508 3558 1563 transfertur

1977 1588 2378 1647 benedictionis
2415 1603 2656 1664 potestas
2690 1597 2746 1649 in
2792 1595 2970 1666 ipsum
3008 1613 3198 1651 rursus
3223 1599 3554 1654 Emmanue-

289 1691 350 1743 τὸ
377 1689 532 1758 αὐτῷ
556 1687 984 1758 συμσασιλεῦσαι
1011 1686 1248 1758 Χριστῷ.
1280 1684 1531 1756 Είρήσθω
1564 1686 1619 1738 δὲ
1653 1687 1746 1739 καὶ
1792 1685 1872 1755 ἐφ¹

1977 1681 2108 1735 lem.
2147 1701 2165 1732 ι
2187 1681 2443 1738 Serviant
2475 1685 2622 1740 enim
2654 1683 2754 1741 tibi
2785 1698 2994 1759 gentes,
3021 1688 3220 1757 inquit,
3248 1701 3302 1744 et
3326 1691 3557 1746 adorent

289 1783 423 1851 ήμῖν
455 1781 527 1834 τὰ
550 1780 750 1834 τοιάδε.
775 1780 946 1834 Καλεῖ
972 1779 1079 1850 γὰρ
1107 1779 1185 1841 εἰς
1216 1777 1372 1830 τοῦτο
1397 1779 1620 1841 εἰκότως
1645 1780 1672 1832 6
1696 1778 1870 1847 λόγος.

291 1869 424 1926 Εἶτα
457 1873 844 1942 μετοιχήσεται
877 1871 976 1941 τῆς
1009 1869 1258 1937 εὐλογίας
1288 1871 1322 1939 ἡ
1344 1869 1570 1940 δύναμις
1599 1870 1686 1922 ἐπ’
1712 1871 1874 1924 αὐτὸν

288 1961 444 2026 αὖθις
477 1964 572 2018 τὸν
637 1946 1002 2034 Ἐμμανουήλ.
1062 1977 1082 2014 ι
1138 1961 1586 2015 Δουλευσάτωσαν
1635 1961 1744 2033 γάρ
1792 1979 1874 2015 σοι

287 2057 440 2126 ἔθνη,
477 2055 638 2126 φησὶ,
666 2057 760 2109 καὶ
793 2054 1326 2125 προσκυνησάτωσὰν
1357 2071 1437 2108 σοι
1471 2055 1751 2126 ἄρχοντες,
1783 2057 1874 2109 καὶ

286 2145 439 2212 γίνου
481 2145 674 2214 κύριος
715 2141 810 2196 τοῦ
864 2143 1090 2211 ἀδελφοῦ
1129 2159 1243 2196 σου.
1281 2161 1301 2194 ι
1340 2145 1727 2214 Κεχρημὰτικε
1775 2145 1873 2214 μὲν

285 2237 397 2306 γὰρ
445 2236 791 2306 πρωτότοκος
827 2237 856 2288 6
920 2234 1286 2305 Ἐμμανουήλ,
1327 2235 1417 2288 ὅτε
1455 2229 1641 2304 γέγονε
1690 2254 1708 2286 ι
1752 2235 1873 2289 καθ’

285 2329 457 2397 ἡμᾶς,
487 2328 584 2381 καὶ
626 2329 684 2380 ἐν
722 2327 935 2390 πολλοῖς
968 2327 1235 2396 ἀδελφοῖς.
1280 2346 1298 2379 ι
1346 2327 1484 2380 Ἀλλ’
1517 2328 1640 2398 οὐχὶ
1671 2327 1874 2398 ταύτης

284 2420 453 2473 ἕνεκα
499 2420 600 2489 τῆς
645 2420 825 2482 αἰτίας
875 2419 1285 2490 ἁπολισθήσειεν
1319 2419 1408 2484 ἂν,
1457 2419 1553 2473 τοῦ
1603 2421 1698 2474 καὶ
1743 2420 1874 2484 Θεὸς

283 2507 426 2566 εἶναι
460 2511 692 2565 καὶτῶν
735 2511 873 2564 ὅλων
906 2502 1110 2581 Κύριος
1134 2525 1147 2539 ·
1186 2509 1598 2580 προσκυνοῦμεν
1644 2512 1755 2580 γὰρ
1799 2511 1874 2576 ὡς

285 2603 597 2673 Δεσπότην,
629 2602 724 2655 καὶ
757 2603 1112 2672 κεκυρίευκεν
1139 2602 1214 2666 ὡς
1243 2602 1375 2667 Θεὸς
1410 2602 1519 2655 τῶν
1547 2605 1626 2667 είς
1655 2603 1875 2673 ἀδελφά·-

282 2703 428 2766 ⁴ιήτοι
457 2695 814 2764 κεκλημένων
858 2694 945 2748 διὰ
969 2694 1070 2764 τῆς
1116 2695 1355 2764 χάριτος.
1395 2715 1414 2746 ι
1449 2695 1544 2758 Τίς
1573 2695 1680 2766 γὰρ
1705 2697 1761 2748 ἐν
1789 2713 1874 2749 νε-

284 2788 500 2856 ςέλαις,
538 2788 725 2856 φησὶν,
754 2785 1073 2857 ίσωθήσεται
1101 2785 1176 2855 τῷ
1209 2785 1431 2857 Κυρίῳς
1457 2787 1548 2838 καὶ
1571 2784 1653 2849 τίς
1680 2787 1874 2856 όμοιω·

283 2877 517 2947 ϐήσεται
563 2874 716 2944 αὐτῷ
757 2876 816 2927 ἐν
859 2877 992 2938 υἱοῖς
1044 2873 1216 2939 Θεοῦ;
1256 2893 1274 2925 ι
1309 2873 1648 2944 Κεκυρίευκε
1695 2874 1874 2929 τοίνυν

280 2967 358 3030 ὡς
389 2967 524 3028 Θεὸς
550 2965 661 3018 τῶν
686 2967 764 3028 εἰς
794 2965 1129 3035 ἀδελφότητα
1151 2965 1642 3036 παρενηνεγμένων
1671 2967 1699 3019 6
1744 2961 1798 3018 Ἐ
1807 2983 1866 3035 μ-

285 3057 554 3128 μανουὴλ,
608 3057 702 3110 καὶ
743 3055 891 3125 αὐτῷ
934 3056 1139 3125 κάμψει
1187 3056 1295 3109 πᾶν
1337 3054 1464 3124 γόνυ
1509 3056 1865 3126 ἐπουρανίων,

282 3148 378 3201 καὶ
419 3147 702 3214 ἐπιγείων,
754 3147 848 3200 καὶ
892 3146 1278 3216 καταχθονίων,
1322 3146 1414 3199 καὶ
1464 3147 1615 3199 πᾶσα
1648 3146 1869 3214 γλῶσσα

282 3237 779 3308 ἐξομολογήσεται,
847 3237 930 3290 ὅτι
975 3237 1178 3308 Κύριος
1245 3237 1449 3309 Ἰησοῦς
1503 3238 1738 3310 Χριστὸς
1789 3241 1869 3301 εἰς

280 3330 444 3396 δόξαν
475 3330 616 3384 Θεοῦ
657 3330 886 3401 Πατρός.
923 3348 941 3381 ι
980 3331 1086 3384 Καὶ
1120 3332 1149 3383 ὁ
1183 3329 1568 3402 καταρώμενος
1597 3332 1717 3400 μὲν,
1747 3334 1866 3385 ἐπι⁴

282 3426 620 3492 κατάρατοςο
645 3423 673 3475 6
690 3422 745 3476 δέ
779 3420 1036 3490 εὐλογῶν,
1069 3421 1262 3492 εὐλογη
1273 3421 1602 3492 μένος.»Κα“ι
1630 3421 1861 3493 ἐναργὴς

1979 1779 2031 1826 te
2071 1771 2368 1843 principes,
2399 1782 2455 1828 et
2497 1783 2616 1831 esto
2646 1777 2903 1834 dominus
2932 1779 3121 1835 fratris
3145 1782 3224 1836 tui
3248 1782 3314 1848 ⁸³,
3351 1802 3368 1834 ι
3398 1783 3555 1837 Nun-

1975 1875 2206 1935 cupatus
2248 1877 2334 1922 est
2361 1868 2509 1922 enim
2535 1871 2934 1943 primogenitus
2956 1874 3301 1940 Emmanuel,
3335 1877 3557 1946 quando

1975 1955 2153 2012 factus
2172 1968 2257 2014 est
2284 1978 2302 2011 ‹
2335 1961 2640 2016 secundum
2665 1980 2786 2030 nos,
2807 1975 2863 2020 et
2887 1966 2942 2020 in
2969 1967 3158 2022 multis
3188 1968 3549 2024 fratribus‘h

1977 2046 2083 2102 Sed
2102 2063 2280 2118 neque
2302 2050 2373 2104 ob
2391 2050 2534 2106 hanc
2556 2067 2775 2107 causam
2797 2055 3078 2125 quidpiam
3119 2057 3402 2127 deperdat,
3421 2074 3558 2129 quo-

1976 2138 2159 2194 minus
2176 2141 2323 2196 Deus
2345 2141 2417 2197 sit
2446 2150 2502 2196 et
2525 2143 2912 2198 universorum
2945 2145 3226 2201 Dominus.
3250 2148 3558 2205 Adoramus

1972 2230 2124 2285 enim
2155 2240 2219 2287 ut
2259 2233 2552 2288 Dominum
2579 2274 2596 2302 ,
2647 2245 2705 2290 ct
2733 2237 3047 2293 dominatus
3075 2248 3162 2296 est
3193 2250 3252 2295 ut
3287 2242 3430 2297 Deus
3458 2259 3553 2298 eo-

1975 2339 2121 2390 rum,
2151 2325 2244 2394 qui
2282 2326 2338 2380 in
2365 2325 2564 2382 fratres
2599 2329 2776 2384 vocati
2803 2335 2932 2384 sunt
2958 2347 3056 2400 per
3086 2333 3334 2402 gratiam.
3369 2353 3387 2385 ι
3421 2334 3556 2401 Quis

1975 2415 2122 2471 enim
2155 2416 2483 2484 innubibus,
2520 2419 2721 2489 inquit,
2751 2421 3060 2491 aequabitur
3082 2423 3334 2488 Domino,
3357 2433 3412 2478 et
3432 2426 3556 2495 quis

1975 2507 2168 2562 similis
2201 2508 2310 2562 erit
2329 2508 2380 2563 ei
2407 2508 2463 2562 in
2490 2508 2619 2565 ﬁliis
2643 2511 2739 2565 Dei
2756 2510 2844 2564 "?
2883 2530 2900 2562 ι
2928 2513 3252 2568 Domiuatus
3290 2515 3457 2586 igitur
3472 2527 3558 2571 est

1975 2596 2317 2663 Emmanuel,
2346 2609 2406 2654 ut
2431 2600 2612 2666 Deus,
2664 2616 2856 2657 eorum
2889 2604 2984 2673 qui
3040 2605 3109 2658 ad
3155 2605 3554 2663 fraternitatem

1975 2689 2197 2746 adducti
2249 2700 2404 2757 sunt,
2436 2703 2493 2748 et
2539 2694 2642 2764 ipsi
2680 2713 2697 2746 ι
2729 2695 2981 2752 ﬂectetur
3020 2715 3182 2753 omne
3218 2716 3359 2771 genu
3385 2703 3554 2757 cmic-

1977 2782 2162 2847 stium,
2218 2792 2568 2840 tcrrcnorum
2597 2795 2654 2841 et
2678 2787 3040 2852 infernarum,
3084 2800 3141 2845 et
3172 2793 3351 2846 omnis
3371 2793 3555 2864 lingua

1975 2873 2347 2938 conﬁtebitur,
2373 2877 2499 2945 quia
2514 2877 2778 2932 Dominus
2792 2877 2951 2932 Jesus
2976 2878 3230 2935 Christus
3257 2881 3312 2934 in
3327 2882 3554 2952 gloriam

1976 2964 2072 3020 Dei
2107 2965 2287 3021 Patris
2317 2966 2384 3020 ⁵⁸.
2424 2987 2442 3018 ι
2482 2968 2550 3022 Ει
2575 2968 2912 3025 maledicens
2935 2969 3180 3039 quidem,
3205 2973 3314 3038 ait,
3350 2974 3557 3030 sitmac

1973 3057 2229 3123 ledictus,
2262 3078 2280 3110 ι
2317 3059 2650 3116 benedicens
2687 3071 2893 3129 autem,
2933 3063 3259 3119 benedictus
3282 3067 3348 3120 ".
3378 3087 3396 3119 ›
3440 3069 3554 3123 Ma-

1973 3147 2206 3203 nifestus
2251 3151 2342 3205 hic
2380 3161 2465 3207 est
2497 3167 2700 3208 sermo.
2738 3155 3116 3211 Exsecrabiles
3155 3158 3304 3212 enim
3333 3160 3554 3230 Deoque

1973 3239 2171 3306 odiosi,
2200 3243 2591 3301 maledicentes
2628 3246 2767 3317 ipsi;
2795 3248 2942 3318 pleni
2973 3257 3158 3305 autem
3189 3267 3552 3322 supernorum

1974 3343 2040 3383 ac
2061 3328 2372 3386 divinorum
2395 3332 2688 3400 bonorum,
2725 3335 2820 3405 qui
2860 3336 3200 3393 benedicunt
3226 3380 3240 3405 ,
3299 3341 3405 3396 hoc
3445 3352 3551 3408 est,

1975 3423 2216 3479 divinam
2237 3426 2410 3496 ipsius
2428 3427 2656 3497 gloriam
2693 3431 3044 3486 annuntiant.

281 3514 524 3583 ολόγος.
567 3515 864 3585 Ἐπάρατοι
897 3513 1005 3584 γὰρ
1072 3513 1167 3567 καὶ
1235 3512 1506 3583 θεομισεῖς
1553 3513 1601 3566 oi
1665 3511 2078 3582 δυσφημοῦντες
2121 3516 2312 3570 αὐτόν·
2377 3519 2662 3588 ἐπίμεστοι
2717 3518 2773 3572 δὲ
2820 3520 2929 3574 τῶν
2968 3520 3174 3576 ἄνωθεν
3238 3523 3334 3577 καὶ
3401 3525 3553 3596 παρὰ

281 3611 421 3666 Θεοῦ
487 3609 865 3682 χαρισμάτων,
907 3610 956 3662 oi
996 3608 1364 3677 εὐλογοῦντες,
1398 3609 1695 3675 τουτέστιν,
1726 3611 1776 3663 οἱ
1807 3611 1905 3682 τὴν
1950 3611 2101 3665 θείαν
2127 3611 2292 3667 αὐτοῦ
2319 3612 2476 3678 δόξαν
2501 3615 2978 3686 καταγγέλλοντες.

353 3705 434 3770 ς’.
474 3702 628 3773 Δῦτη
660 3703 756 3774 μὲν
783 3697 878 3756 οὖν
905 3705 938 3774 ή
978 3701 1172 3756 Ἰακὼὸ
1203 3703 1440 3771 εὐλογία,
1465 3706 1560 3776 τῆς
1589 3706 1869 3777 ἀναφορᾶς

282 3796 383 3866 τὴν
423 3793 660 3864 δύναμιν
697 3794 784 3846 ἐπ’
816 3794 978 3846 αὐτὸν
1016 3794 1214 3864 ἔχουσα
1251 3792 1342 3847 τὸν
1377 3796 1743 3868 Ἐμμανουήλ,
1777 3797 1870 3851 καὶ

281 3889 411 3950 τοὺς
436 3888 497 3938 ἐν
542 3886 724 3939 πίστει
755 3885 1226 3956 δεδικαιωμένους.
1281 3887 1509 3958 Ἴδωμεν
1545 3887 1602 3942 δὲ
1641 3890 1734 3941 καὶ
1771 3887 1868 3959 τὴν

283 3978 473 4048 ἄλλην,
497 3977 765 4037 τουτέστι.
790 3976 888 4047 τὴν
910 3978 1002 4031 ἐπὶ
1022 3977 1097 4047 τῷ
1121 3978 1449 4048 πρωτοτόκῳ
1472 3980 1865 4051 γεγενημένην,

283 4069 442 4140 δῆλον
473 4069 534 4122 δέ
567 4069 651 4122 ὅτι
695 4067 774 4138 τῷ
817 4067 1050 4139 Ἰσραήλ,
1089 4061 1151 4120 οὐ
1180 4069 1273 4122 καὶ
1298 4071 1378 4132 είς
1402 4068 1570 4122 τύπον
1602 4072 1630 4122 6
1675 4068 1866 4124 Ἠσαῦ.

288 4181 307 4212 ι
357 4161 494 4215 Ἰδοὺ
519 4161 652 4231 γὰρ,
675 4160 873 4230 φησὶν,
902 4159 1009 4212 ἀπὸ
1049 4160 1149 4230 τῆς
1174 4161 1429 4230 πιότητος
1452 4159 1552 4230 τῆς
1591 4160 1692 4230 γῆς
1718 4159 1868 4213 ἐσται

286 4256 319 4324 ή
345 4252 671 4316 κατοίκησις
711 4268 826 4318 σου,
860 4253 955 4306 καὶ
998 4251 1107 4304 ἀπὸ
1137 4251 1236 4322 τῆς
1278 4251 1471 4319 δρόσου
1501 4251 1594 4304 τοῦ
1636 4249 1867 4322 οὐρανοῦ

285 4341 517 4404 ἀνωθεν,
542 4342 638 4393 καὶ
660 4340 751 4393 ἐπὶ
770 4337 835 4411 τῇ
863 4340 1106 4410 μαχαίρᾳ
1129 4357 1221 4392 σου
1242 4341 1405 4412 ζήσῃ,
1429 4339 1525 4394 καὶ
1553 4340 1629 4411 τῷ
1655 4340 1868 4410 ἀδελφῷ

288 4449 386 4485 σου
442 4431 766 4495 δουλεύσεις.
823 4431 1017 4485 Ἔσται
1077 4430 1134 4483 δὲ
1196 4430 1356 4501 ἡνίκα
1388 4429 1453 4485 ἂν
1501 4430 1735 4504 καθέλῃς
1777 4433 1869 4484 καὶ

2040 3707 2092 3762 6.
2116 3708 2242 3764 Haac
2264 3709 2430 3781 igitur
2456 3719 2540 3768 est
2564 3712 3076 3780 benedictioJacob,
3097 3714 3254 3788 cujus
3266 3717 3349 3771 vis
3374 3716 3442 3773 ad
3466 3719 3520 3787 ip
3537 3750 3552 3759 -

1971 3815 2094 3854 sum
2140 3801 2551 3858 Emmanuelem
2584 3806 2841 3868 refertur,
2881 3813 2938 3861 et
2969 3807 3036 3862 ad
3073 3823 3170 3863 eos
3208 3808 3301 3876 qui
3344 3808 3400 3862 in
3443 3809 3550 3862 ﬁde

1962 3889 2244 3958 justiﬁcati
2276 3903 2423 3948 sunt.
2447 3893 2739 3949 Videamus
2760 3895 2827 3949 ad
2858 3895 2974 3950 hinc
2999 3896 3159 3950 aliam
3188 3896 3550 3966 primogenito

1967 3981 2164 4036 factam
2192 3983 2650 4048 benedictionem,
2681 3986 2863 4040 lsraeli
2898 3986 3178 4051 nimirum,
3207 3987 3365 4057 cujus
3390 3996 3548 4059 typus

1966 4079 2050 4125 est
2076 4072 2219 4126 Esau
2247 4091 2258 4124 :
2294 4092 2311 4123 ι
2345 4073 2485 4128 Ecce
2509 4075 2677 4140 enim,
2709 4075 2904 4144 inquit,
2935 4075 3002 4131 dc
3035 4076 3365 4146 pinguedine
3389 4089 3549 4134 terra:

1964 4161 2072 4215 erit
2092 4162 2361 4218 habitatio
2383 4172 2496 4230 tua,
2517 4171 2574 4220 et
2597 4166 2665 4222 de
2692 4181 2817 4221 rore
2844 4167 2966 4223 coeli
2991 4167 3247 4238 desuper,
3272 4169 3407 4223 etin
3430 4169 3545 4240 gla-

1964 4251 2056 4307 dio
2090 4261 2183 4310 tuo
2203 4255 2374 4320 vives,
2398 4265 2454 4312 et
2483 4257 2641 4312 fratri
2672 4269 2767 4314 tuo
2797 4260 3024 4315 servies.
3047 4260 3165 4316 Erit
3197 4269 3378 4316 autem
3407 4270 3544 4317 tem—

1963 4358 2066 4413 pus
2089 4348 2306 4416 quando
2333 4349 2575 4418 deponas
2603 4359 2658 4406 et
2684 4352 2940 4407 detrahas
2955 4354 3147 4424 jugum
3172 4355 3291 4423 ejus
3313 4354 3380 4410 de
3405 4356 3546 4411 collo

1964 4443 2060 4490 tuo
2090 4438 2157 4490 ⁵³.
2194 4457 2212 4488 ι
2261 4439 2393 4493 Data
2431 4441 2578 4495 enim
2610 4450 2695 4496 est
2731 4443 3042 4498 benedictio
3072 4443 3351 4509 Israelitis,
3389 4447 3544 4517 107

286 4523 526 4594 ἐκλύσεις
564 4523 657 4576 τὸν
702 4523 864 4590 ζυγὸν
903 4523 1066 4576 αὐτοῦ
1095 4522 1203 4575 ἀπὸ
1227 4521 1322 4575 τοῦ
1369 4523 1642 4594 τραχήλου
1690 4539 1800 4576 σου·
1843 4543 1860 4575 ι

1979 4546 1997 4577 ι
2028 4527 2113 4582 lex
2138 4544 2236 4598 per
2260 4529 2480 4603 Moysen
2511 4533 2657 4589 edita
2689 4534 2757 4587 “.
2797 4554 2814 4586 ι
2843 4535 3049 4591 Christi
3082 4537 3228 4591 enim
3270 4546 3389 4592 erat
3418 4554 3544 4593 ver-

285 4611 496 4666 δέδοται
548 4612 672 4686 γὰρ’
701 4613 920 4683 εὐλογία
953 4613 1031 4685 τῷ
1095 4613 1331 4685 Ἰσραὴλ,
1365 4614 1394 4666 6
1446 4633 1464 4665 ι
1505 4615 1594 4668 διὰ
1623 4616 1867 4679 Μωσέως

285 4704 469 4773 νόμος.
508 4722 526 4755 ›
563 4704 798 4776 Χριστοῦ
832 4705 938 4774 γὰρ
978 4699 1046 4775 ἦν
1075 4704 1230 4772 λόγος
1254 4704 1590 4776 διακονηθεὶς
1614 4705 1679 4759 δι’
1703 4706 1870 4774 ἀγγέ-

283 4796 413 4850 λων.
453 4796 578 4849 Ὀτι
614 4796 722 4866 γὰρ
760 4796 922 4860 αὐτὸς
957 4795 1135 4849 ἐλάλει
1183 4799 1294 4858 τοῖς
1333 4796 1739 4867 ἀρχαιοτέροις,
1776 4815 1869 4850 πι-

284 4887 556 4940 στώσεται
581 4887 807 4957 γράφων
830 4887 859 4937 6
890 4882 1198 4956 σοφώτατος
1218 4884 1429 4948 Παῦλος
1448 4902 1462 4916 ο
1491 4903 1511 4936 ι
1543 4886 1869 4958 Πολυμερῶς

283 4983 381 5031 καὶ
425 4980 782 5051 πολυτρόπως
810 4978 973 5032 πάλαι
1002 4980 1030 5031 6
1061 4977 1191 5040 Θεὸς
1219 4977 1459 5047 λαλήσας
1500 4979 1610 5040 τοῖς
1651 4977 1864 5047 πατρά-

287 5079 371 5117 σιν
400 5065 463 5116 ἐν
501 5068 609 5126 τοῖς
638 5067 961 5136 προφήταις,
994 5067 1080 5118 ἐπ’
1110 5064 1338 5134 ἐσχάτου
1369 5063 1476 5118 τῶν
1501 5065 1722 5135 ἡμερῶν
1744 5066 1866 5118 τού-

282 5169 394 5205 των
437 5153 699 5225 ἐλάλησεν
750 5159 881 5228 ήμῖν
915 5158 972 5210 ἐν
1016 5155 1152 5227 Υίῷ.
1195 5175 1213 5207 ι
1269 5155 1452 5217 Ὶδίους
1477 5155 1532 5208 δέ
1562 5155 1752 5224 λόγους
1779 5157 1867 5210 τὸν

283 5246 450 5313 νόμον
495 5240 638 5300 εἶναι
682 5251 774 5302 καὶ
820 5249 981 5313 αὐτὸς
1032 5249 1061 5301 6
1107 5249 1299 5320 Σωτήρ
1345 5246 1621 5313 κατέδειξε
1655 5246 1863 5315 λέγων·

291 5354 312 5390 ι
362 5338 534 5410 ’Δμὴν
582 5339 724 5408 λέγω
754 5341 902 5411 ὑμῖν,
950 5342 1054 5406 ἓως
1091 5340 1158 5395 ἂν
1196 5338 1491 5413 παρέλθῃό
1519 5339 1746 5410 οὐρανὸς
1775 5340 1868 5393 καὶ

1963 4617 2094 4673 bum
2141 4636 2238 4691 per
2283 4625 2505 4695 angelos
2542 4625 3006 4683 administratum.
3051 4628 3207 4700 Quod
3241 4630 3387 4685 enim
3428 4631 3545 4702 ipse

1963 4711 2246 4767 veteribus
2267 4713 2484 4771 locutus
2508 4716 2598 4781 sit,
2621 4719 2817 4788 probat
2840 4719 3088 4776 scribens
3108 4719 3546 4792 sapientissimus

1965 4799 2204 4855 Paulus:
2242 4821 2260 4852 c
2301 4803 2647 4860 Multifariam
2679 4810 2975 4880 multisque
3017 4811 3195 4867 modis
3232 4813 3361 4866 olim
3401 4813 3546 4866 Deus

1965 4889 2197 4960 loquens
2232 4896 2482 4964 patribus
2511 4897 2565 4952 in
2595 4900 2896 4970 pr0phetis,
2926 4902 3221 4958 novissime
3244 4902 3440 4956 diebus
3467 4901 3542 4955 is-

1967 4978 2038 5034 tis
2070 4981 2287 5037 locutus
2335 4993 2418 5038 est
2461 4987 2620 5042 nobis
2670 4988 2724 5042 in
2769 4990 2904 5044 Filio
2943 4989 3008 5042 ⁸⁸.
3065 5009 3083 5040 ι
3128 4987 3383 5057 Pmprios
3413 5002 3544 5042 vero

1969 5087 2097 5126 suos
2139 5088 2418 5131 sermones
2453 5078 2627 5150 legem
2657 5095 2797 5144 esse,
2827 5081 2941 5149 ipse
2971 5079 3135 5133 etiam
3169 5077 3416 5132 Salvator
3444 5078 3542 5134 dc-

1969 5164 2308 5230 monstravit,
2333 5166 2555 5224 dicens:
2579 5188 2596 5220 ι
2625 5171 2797 5224 Amen
2818 5170 2942 5224 dico
2963 5168 3138 5233 vobis,
3168 5167 3342 5224 donec
3371 5176 3544 5224 trans-

1968 5260 2058 5306 eat
2093 5254 2291 5308 coelum
2333 5266 2389 5312 et
2427 5266 2594 5326 terra,
2637 5260 2742 5314 iota
2777 5275 2947 5314 unum
2984 5268 3078 5315 aut
3103 5276 3237 5331 apex
3266 5276 3409 5316 unus
3431 5275 3542 5315 non

1971 5345 2222 5398 transibit
2251 5347 2318 5403 de
2349 5349 2486 5422 lege,
2516 5351 2692 5406 donec
2717 5351 2897 5406 omnia
2925 5351 3065 5407 facta
3101 5351 3229 5406 sint.
3259 5351 3468 5407 leum
3486 5359 3544 5406 et

363 5539 564 5621 ςικξιξξι.
587 5541 813 5621 cubiti;
878 5541 1081 5621 ‘fAL‘uc.
1115 5559 1170 5608 ι,
1195 5543 1280 5598 l6.
1348 5542 1582 5621 ‘z‘Rom:
1607 5541 1872 5621 55.13;:

1972 5549 2077 5621 len_._
2101 5561 2262 5621 x_xvn,
2279 5546 2400 5621 29.7
2441 5551 2485 5581 δ’
2506 5551 2662 5621 Rom.
2685 5569 2796 5617 vm,
2825 5554 2914 5609 9.9.
2972 5554 3017 5586 ⁸ο
3040 5553 3182 5609 Psal.
3209 5567 3460 5621 LXXXVI",
3485 5551 3538 5608 7.

327 5598 626 5680 “Philipp.
665 5598 722 5676 ιί,
756 5611 836 5664 t0.
900 5613 944 5645 ιι
970 5612 1108 5668 Gen.
1156 5598 1320 5681 im,
1363 5613 1452 5667 29.
1529 5611 1574 5645 ε·
1610 5598 1748 5666 ibid.
1782 5598 2444 5686 δθβοίίιίέωιῆἷῖζιτ.
2495 5598 2972 5692 δ’δ”ἰ’ἰ‹ὲι›ὶηζ”ι’,ῑζῗε.
