4032 6198
475 259 577 315 475

1469 243 1524 302 S.
1572 243 1843 300 CYRILLI
1884 234 2355 298 ALEXANDRINI
2397 231 2715 293 ARClllEP.

3629 233 3731 288 176

473 384 618 430 terra
630 362 967 426 transibunt:
983 363 1148 418 verba
1162 361 1345 416 autem
1360 373 1478 413 utea
1493 375 1599 412 non
1615 357 1998 413 transibunt".
2025 375 2042 408 ›

2172 359 2184 424 '1
2216 355 2322 424 γῆο
2357 354 2488 406 ἰῶτα
2516 353 2574 406 ἓν
2611 353 2643 422 ἢ
2672 354 2769 423 μία
2807 353 3003 424 κεραία
3028 351 3088 404 οὐ
3126 351 3199 424 μὴ
3223 349 3468 423 παρέλθῃ
3493 350 3603 403 ἀπὸ
3634 350 3730 403 τοῦ

474 461 758 533 Siquidem
790 458 958 530 igitur
979 469 1168 510 verum
1193 460 1296 516 est,
1329 450 1473 520 quod
1503 449 1705 504 Christi
1741 448 1971 502 verbum
1995 455 2050 500 et

473 566 573 624 per
613 549 832 621 angelos
859 547 947 602 lex
975 554 1092 601 erat
1125 544 1295 597 instar
1323 539 1724 595 benedictionis
1761 537 2047 601 lsraelitis,

473 642 752 703 Christum
773 656 905 696 vero
928 653 1048 694 esse
1073 651 1253 690 rorem
1277 633 1422 696 cmli,
1446 641 1500 686 et
1523 630 1912 703 pinguedinem
1942 637 2052 683 ter-

477 751 551 792 rm
585 734 955 804 intelligimus.
991 727 1291 784 Deliciatur
1318 725 1465 779 enim
1510 722 1915 793 quodammodo
1953 736 2052 774 an~

477 825 720 896 gelorum
756 818 1050 875 multitudo
1078 815 1395 872 coelestibus
1418 829 1481 868 ac
1509 811 1887 883 spiritualibus
1913 811 2053 864 rori-

428 981 433 986 ι
479 915 584 970 bus
608 913 829 984 irrigata
855 927 868 964 :
899 910 972 964 ita
1000 909 1165 964 etiam
1189 907 1408 979 pinguis
1431 914 1577 974 terra
1601 903 1913 958 redundans
1941 901 2054 971 Spi-

481 1007 734 1064 ritalibus
762 1003 962 1074 pluviis
984 1002 1041 1056 in
1075 999 1556 1056 fructiﬁcationem
1589 997 1908 1068 spiritalem.
1937 994 2055 1049 Ca:-

480 1114 658 1157 terum
697 1114 830 1164 nos,
871 1097 966 1168 qui
1006 1095 1062 1149 in
1089 1093 1308 1150 Christo
1339 1108 1436 1164 per
1476 1090 1660 1155 fidem,
1688 1104 1828 1160 pane
1850 1095 1905 1142 et
1930 1087 2057 1142 vino

478 1189 793 1260 locupletati
826 1202 1036 1242 sumus.
1086 1185 1295 1254 Expers
1332 1197 1464 1237 vero
1507 1181 1704 1235 horum
1747 1186 1832 1235 est
1867 1179 2054 1233 Israel.

478 1284 668 1352 Neque
693 1280 840 1336 enim
865 1279 970 1332 hoc
990 1275 1263 1346 adjectum
1286 1282 1371 1328 est
1394 1271 1870 1328 benedictionibus
1891 1269 2055 1323 Esau.

483 1376 746 1445 Expertes
767 1386 898 1425 vero
921 1369 1083 1424 etiam
1111 1367 1269 1422 aliter
1293 1365 1479 1421 miseri
1504 1363 1676 1420 Judaai
1703 1361 1943 1434 mystica
1966 1359 2062 1414 lte-

484 1465 840 1528 nedictionis,
887 1460 1328 1534 quandoquidem
1372 1473 1552 1528 neque
1597 1457 1702 1511 hoc
1748 1455 1936 1509 datum
1979 1460 2062 1508 est

482 1554 656 1611 cultui
687 1553 876 1623 legali;
906 1560 1184 1614 servatum
1224 1556 1406 1627 autem
1445 1548 1629 1618 potius
1652 1553 1735 1600 est
1757 1543 1973 1614 populis
2006 1542 2062 1596 in

482 1645 701 1701 Christo
727 1653 782 1698 et
820 1645 875 1696 in
900 1641 1024 1696 tide.
1059 1642 1127 1695 Et
1151 1656 1249 1696 nos
1275 1639 1497 1710 quidem
1536 1639 1591 1692 in
1623 1653 1755 1708 pace
1780 1652 1878 1706 per
1899 1635 2060 1691 Chri-

2151 446 2337 523 νὸμου,
2367 445 2471 507 ἓως
2507 443 2571 498 ἂν
2601 445 2779 498 πάντα
2804 444 3047 514 γένηται.
3096 443 3153 496 ὐ
3200 442 3427 511 οὐρανὸς
3471 442 3568 494 καὶ
3596 442 3630 513 ἡ
3660 441 3732 512 γῆ

2153 535 2603 606 παρελεύσονται,
2634 537 2683 589 οἰ
2712 535 2768 588 δὲ
2802 535 2947 604 λόγοι
2978 551 3079 604 μου
3109 535 3170 588 οὐ
3202 535 3277 605 μὴ
3302 533 3663 605 παρέλθωσιν.
3709 552 3727 584 ι

2153 626 2324 695 Εἴπερ
2356 623 2446 680 οὖν
2477 629 2622 681 ἐστιν
2651 627 2847 698 ἀληθὲς
2877 628 2957 680 ὃτι
2981 626 3218 695 Χριστοῦ
3245 626 3402 694 λόγος
3442 621 3530 696 ἡν,
3573 627 3667 679 καὶ
3706 629 3736 679 6

2153 717 2219 771 δι’
2249 717 2494 785 ἀγγέλων
2546 717 2727 788 νόμος,
2775 717 2834 770 ὲν
2889 717 3042 783 τάξει
3089 716 3312 785 γέγονεν
3356 716 3604 785 εὐλογίας
3656 716 3738 786 τῷ

2168 808 2403 880 Ἰσραὴλ,
2452 809 2686 880 Χριστὸν
2733 807 2790 861 δὲ
2831 801 2968 863 εἶναι
2996 806 3094 879 τὴν
3137 805 3368 879 οὐρανοῦ
3393 807 3607 878 δρόσον,
3641 808 3739 860 καὶ

2155 899 2258 970 γῆς
2291 899 2497 970 νοῶμεν
2520 900 2771 971 πιότητα.
2809 899 3065 969 Σπαταλᾷ
3093 899 3202 970 γὰρ
3228 899 3418 971 ὥσπερ
3445 901 3478 970 ἡ
3507 898 3615 952 τῶν
3636 901 3738 968 ἀγ-

2155 991 2330 1058 γέλων
2360 991 2568 1061 πληθὺς
2599 993 2720 1054 ταῖς
2748 989 2954 1045 ἄνωθεν
2979 989 3075 1044 καὶ
3107 993 3505 1062 πνευματικαῖς
3531 1008 3738 1063 καταρ-

2156 1080 2355 1152 δομένη
2388 1081 2618 1152 δρόσοις,
2668 1081 2808 1136 οὕτω
2853 1084 2951 1136 καὶ
3000 1082 3267 1138 πιανοῦσα
3295 1085 3329 1154 ἡ
3376 1083 3449 1154 γῆ
3494 1085 3739 1156 ἐντρυφᾷ

2157 1173 2269 1235 τοῖς
2317 1174 2527 1243 νοητοῖς
2579 1173 2754 1237 ὑετοῖς
2790 1175 2868 1237 εἰς
2909 1175 3282 1246 καρποφορίαν
3337 1178 3736 1248 πνευματικήν.

2173 1263 2309 1316 Ἀλλ’
2334 1265 2494 1333 ἡμεῖς
2536 1263 2635 1334 μὲν
2678 1265 2729 1317 οἱ
2777 1266 2834 1318 ἐν
2879 1263 3102 1336 Χριστῷ
3128 1265 3216 1318 διὰ
3242 1265 3477 1329 πίστεως
3499 1266 3650 1338 ἄρτῳ
3676 1285 3741 1320 τε

2161 1354 2255 1406 καὶ
2307 1353 2434 1424 οἴνῳ
2483 1354 2942 1426 πεπλουτίσμεθα.
3015 1355 3308 1426 Ἀμέτοχος
3355 1355 3413 1408 δὲ
3463 1357 3666 1410 τούτων
3709 1360 3742 1410 6

2175 1445 2390 1516 Ἰσραήλ
2414 1461 2426 1472 ·
2475 1446 2534 1499 οὐ
2576 1446 2685 1516 γὰρ
2728 1448 3084 1518 ὲπενήνεκται
3116 1449 3274 1502 τοῦτο
3305 1451 3426 1512 ταῖς
3465 1449 3742 1519 εὐλογίαις

2175 1534 2234 1587 Ἢ
2245 1534 2365 1588 σαῦ.
2406 1537 2460 1588 Ἀ
2471 1536 2686 1607 μέτοχοι
2709 1537 2764 1590 δὲ
2790 1538 2884 1592 καί
2911 1538 3113 1610 ἑτέρως
3136 1541 3184 1593 οἰ
3209 1541 3439 1606 τάλανες
3469 1543 3740 1609 Ἰουδαῖοι,

2167 1625 2267 1695 τῆς
2303 1627 2572 1698 μυστικῆς
2603 1629 2847 1698 εὐλογίας
2869 1645 2881 1658 ·
2913 1630 3034 1683 ἐπεὶ
3077 1630 3212 1703 μηδὲ
3242 1630 3400 1686 τοῦτο
3433 1633 3640 1688 δέδοται
3668 1639 3743 1707 τῇ

485 1747 629 1792 stum
651 1749 954 1798 versamur,
976 1733 1142 1788 lsrael
1167 1748 1298 1787 vero
1332 1731 1388 1785 in
1414 1730 1592 1785 bellis.
1622 1730 1690 1784 Et
1717 1727 2061 1783 haereditavi-

2172 1717 2306 1770 κατὰ
2349 1718 2513 1788 νόμον
2566 1718 2811 1791 λατρεία,
2862 1722 3161 1794 τετήρηται
3207 1723 3262 1776 δὲ
3299 1724 3496 1794 μᾶλλον
3529 1728 3640 1790 τοῖς
3681 1727 3747 1778 ἐν

485 1843 610 1882 mus
633 1825 953 1898 spiritaliter
987 1831 1188 1876 terram
1219 1819 1621 1891 promissionis,‘
1647 1833 1769 1888 qua:
1794 1827 1878 1872 est
1904 1825 2064 1888 typus

487 1933 736 1990 supernae
779 1932 842 1971 ac
885 1913 1227 1985 spiritualis:
1263 1913 1420 1983 cujus
1462 1911 1577 1982 ipse
1611 1911 1775 1964 etiam
1818 1908 2066 1963 Salvator

487 2011 758 2075 meminit,
787 2007 1014 2063 dicens:
1049 2025 1065 2057 ι
1105 2005 1256 2059 Beati
1283 2005 1463 2068 mites,
1490 2003 1618 2073 quia
1642 2002 1745 2072 ipsi
1772 1999 2064 2056 haeredita-

488 2105 627 2157 bunt
663 2110 865 2155 terram
901 2099 967 2152 ⁸⁷.
1004 2117 1021 2148 ι
1051 2097 1120 2151 Et
1159 2111 1261 2150 nos
1303 2096 1356 2148 in
1387 2095 1512 2148 ﬁliis
1549 2109 1740 2148 sumus
1780 2091 2066 2147 constituti

487 2207 589 2260 per
617 2189 869 2260 spiritum
907 2185 1165 2250 liberum,
1198 2191 1254 2238 et
1291 2181 1360 2236 ad
1388 2181 1667 2237 Christum
1709 2181 1878 2236 veluti
1913 2182 2068 2252 juxta

489 2297 592 2336 nos
617 2281 840 2344 factum,
868 2285 924 2333 et
945 2276 1169 2332 fratrem
1190 2281 1440 2330 nostrum
1465 2269 1814 2338 accessimus,
1841 2273 2070 2343 pulchra

489 2388 556 2428 ac
583 2378 881 2443 spontanea
903 2366 1217 2424 obedientia
1239 2365 1499 2437 praestita.
1525 2365 1690 2420 Israel
1716 2380 1847 2421 vero
1877 2364 2068 2436 subju-

492 2471 650 2534 gatus
675 2471 777 2528 est,
811 2470 868 2516 et
890 2459 1141 2515 Mosaicis
1158 2458 1373 2530 legibus
1395 2463 1674 2522 oneratus,
1702 2456 1921 2510 mortali
1945 2471 2073 2526 sup-

491 2557 660 2628 plicio
695 2551 1110 2624 transgressioni
1137 2550 1437 2621 proposito.
1467 2548 1689 2604 Audivit
1715 2548 1862 2603 enim
1887 2549 2029 2603 Esau
2055 2565 2067 2601 :

503 2666 520 2698 ι
556 2647 626 2702 Et
649 2644 805 2701 fratri
831 2651 924 2698 tuo
953 2641 1159 2697 servies
1193 2640 1268 2707 '3;
1309 2658 1326 2690 ι
1352 2639 1459 2693 hoc
1489 2645 1593 2703 est,
1627 2637 1907 2707 subjectus
1940 2637 2071 2702 eris,

495 2739 659 2795 ctiam
685 2743 884 2808 praeter
904 2734 1242 2789 voluntatem
1270 2739 1438 2796 tuam,
1469 2730 1518 2784 ei
1543 2729 1639 2800 qui
1662 2729 1761 2784 tibi
1785 2737 1980 2784 natura
2003 2728 2076 2783 si-

495 2831 643 2890 milis
667 2837 769 2884 est.
796 2828 971 2883 llomo
1005 2833 1186 2880 autem
1211 2831 1266 2878 et
1300 2821 1495 2900 similis
1522 2821 1682 2876 nobis
1714 2827 1797 2874 est
1831 2820 2072 2891 Moyses,

496 2919 635 2974 nihil
657 2916 1014 2973 excellentius
1047 2914 1102 2968 in
1134 2928 1192 2969 se
1230 2913 1458 2976 habens,
1491 2918 1754 2981 quantum
1789 2909 1983 2964 attinet
2007 2908 2076 2964 ad

499 3009 856 3066 humanitatis
903 3007 1192 3063 rationem.
1243 3003 1452 3058 Idcirco
1486 3003 1652 3056 etiam
1693 3001 2076 3055 universorum

499 3101 764 3158 Dominus
780 3099 1034 3154 lsraelem
1058 3095 1311 3168 papulum
1343 3095 1532 3164 Moysi:
1563 3093 1798 3146 vocavit.
1829 3091 2073 3145 Vitulum

501 3191 646 3246 enim
667 3189 772 3244 sibi
803 3188 1055 3243 fecerunt
1076 3187 1130 3238 in
1160 3183 1472 3237 solitudine.
1496 3183 1640 3236 Deus
1664 3195 1795 3235 vero
1821 3179 1889 3234 ad
1927 3180 2076 3252 Moy-

500 3297 596 3336 sen
621 3281 696 3334 ita
731 3279 842 3332 ait:
876 3296 894 3328 c
923 3275 1093 3340 Vade,
1116 3272 1314 3342 inquit,
1342 3271 1611 3326 descende
1633 3270 1887 3327 celeriter
1908 3270 2036 3325 hinc
2060 3288 2072 3323 :

501 3368 734 3438 deliquit
759 3366 906 3422 enim
947 3365 1183 3435 populus
1211 3369 1358 3427 tuus,
1392 3375 1553 3430 quem
1591 3359 1826 3416 eduxisti
1865 3375 1895 3414 e
1933 3368 2080 3415 terra

501 3461 717 3532 :Egypti
752 3460 819 3512 ⁵⁸.
853 3479 870 3509 ›
913 3457 1072 3527 108
1105 3453 1307 3510 Paulus
1331 3469 1464 3508 vero
1498 3453 1664 3507 etiam
1691 3453 1866 3524 legem
1903 3453 2078 3523 ipsam

507 3556 560 3606 in
583 3551 763 3605 littera
789 3550 949 3604 beato
978 3546 1144 3618 Moysi
1172 3545 1386 3600 tribuit.
1409 3545 1487 3599 Ita
1508 3545 1654 3601 enim
1683 3545 1791 3600 ait:
1820 3564 1838 3596 ι
1861 3545 2082 3601 Violans

504 3642 628 3712 quis
645 3643 819 3711 legem
833 3638 1029 3710 Moysis
1042 3638 1248 3706 absque
1262 3636 1736 3692 commiseratione
1753 3637 1856 3692 sub
1866 3637 2081 3693 duobus

504 3740 596 3786 aut
631 3730 808 3784 tribus
848 3727 1098 3792 testibus,
1135 3726 1370 3780 moritur
1413 3727 1478 3779 °°.
1518 3746 1535 3778 ι
1570 3725 1725 3793 Quod
1756 3743 1888 3783 vero
1915 3727 2079 3782 Israel

508 3825 910 3896 Moysisjugum
931 3820 1281 3891 depositurus
1301 3827 1464 3883 esset,
1483 3826 1711 3874 vocante
1732 3819 1908 3888 ipsum
1924 3817 2082 3873 Chri-

505 3925 590 3972 sto
623 3915 691 3971 ad
720 3914 949 3986 gratiam
992 3928 1090 3983 per
1138 3909 1298 3965 [idem
1319 3950 1334 3975 ,
1363 3909 1800 3981 praasigniticavit
1843 3909 2032 3966 dicens
2064 3928 2076 3964 :

514 4028 532 4060 ‹
568 4008 686 4064 Erit
709 4017 892 4063 autem
925 4003 1146 4076 quando
1168 4002 1410 4073 deponas
1435 4010 1490 4057 et
1516 4002 1770 4058 detrahas
1788 4002 1979 4074 jugum
2003 4002 2083 4072 ip-

509 4100 624 4155 sius
651 4116 681 4154 a
721 4101 863 4154 collo
894 4089 988 4152 tuo
1024 4099 1089 4151 ⁶¹.
1127 4117 1145 4148 ι
1180 4097 1553 4151 Excusserunt
1595 4095 1742 4152 enim
1775 4096 2085 4152 cervicibus

509 4190 625 4246 suis
658 4188 1002 4245 intolerabile
1049 4187 1342 4242 admodum
1385 4188 1520 4258 legis
1556 4189 1746 4257 jugum
1789 4188 2081 4252 lsraelitze,

509 4281 816 4337 credentes.
845 4278 1034 4334 Vocati
1079 4277 1226 4332 enim
1259 4285 1387 4332 sunt
1426 4278 1493 4331 ad
1538 4277 1806 4332 libertatis
1847 4279 2082 4347 dignita-

2164 1810 2383 1882 Χριστῷ
2412 1810 2505 1864 καὶ
2529 1813 2586 1865 ὲν
2613 1813 2792 1867 πίστει
2815 1813 2983 1878 λαοῖς.
3013 1815 3121 1868 Καὶ
3145 1816 3305 1886 ἡμεῖς
3331 1817 3432 1887 μὲν
3461 1820 3518 1871 ὲν
3545 1819 3747 1893 εἰρήνῃ

2164 1902 2250 1956 διὰ
2275 1903 2533 1986 Χριστοῦ,
2562 1905 2620 1956 ἐν
2655 1904 2912 1976 πολέμοις
2932 1906 2990 1959 δὲ
3013 1908 3041 1960 6
3079 1907 3314 1977 Ἰσραὴλ,
3351 1910 3443 1962 καὶ
3469 1910 3746 1981 κεκληρο-

2167 1994 2483 2066 νομήκαμεν
2511 1993 2783 2064 αἰσθητῶς
2811 1996 2908 2066 τῆς
2943 1997 3272 2066 ἐπαγγελίας
3297 2000 3397 2071 τὴν
3419 2002 3542 2072 γῆν,
3569 2004 3751 2058 τύπον

2167 2085 2395 2156 ἔχουσαν
2424 2087 2524 2158 τῆς
2555 2087 2667 2142 άνω
2699 2087 2794 2140 καὶ
2823 2091 3038 2160 νοητῆς,
3068 2084 3137 2162 ἧς
3169 2091 3260 2144 καὶ
3288 2093 3449 2158 αὐτὸς
3480 2096 3509 2148 6
3547 2096 3751 2170 Σωτὴρ

2167 2176 2460 2248 ἐμέμνητο,
2510 2177 2714 2247 λέγων·
2752 2196 2771 2231 ι
2810 2180 3087 2252 Μακάριοι
3135 2183 3184 2235 οἱ
3219 2186 3434 2256 πραεῖς,
3473 2187 3553 2241 ὅτι
3587 2189 3753 2244 αὐτοὶ

2168 2269 2638 2341 κληρονομήσουσι
2663 2269 2762 2340 τὴν
2799 2273 2921 2342 γῆν.
2958 2290 2980 2322 ι
3015 2273 3126 2326 Καὶ
3153 2275 3313 2345 ἡμεῖς
3346 2277 3402 2330 ἐν
3431 2276 3642 2343 τέκνοις
3670 2280 3750 2334 δι’

2171 2360 2454 2432 ἐλευθέρου
2509 2360 2841 2432 πνεύματος,
2891 2361 2989 2416 καὶ
3039 2364 3116 2428 ὼς
3175 2365 3297 2419 καθ’
3349 2368 3496 2438 ἡμᾶς
3542 2387 3603 2422 τε
3646 2373 3753 2425 καὶ

2171 2453 2383 2524 ἀδελφῷ
2410 2454 2703 2526 προσίεμεν
2732 2454 2808 2526 τῷ
2842 2453 3081 2530 Χριστῷ,
3118 2458 3290 2530 καλὴν
3314 2463 3408 2515 καὶ
3437 2461 3754 2520 ἐθελούσιον

2173 2545 2485 2616 ποιούμενοι
2513 2546 2612 2617 τὴν
2639 2547 2937 2619 ὑποταγὴν.
2975 2549 3337 2616 ’Υπέξευκται
3359 2554 3416 2608 δὲ
3446 2556 3557 2610 ἄνω
3583 2559 3756 2616 πάλιν

2173 2637 2202 2689 6
2267 2636 2501 2708 Ἰσραὴλ,
2549 2637 2641 2690 καὶ
2691 2641 2802 2703 τοῖς
2839 2641 3083 2706 Μωσέως
3128 2644 3488 2716 κατήχθισται
3537 2649 3757 2721 νόμοις,

2177 2730 2405 2784 θάνατον
2439 2730 2724 2801 ὑπομένων
2759 2731 2857 2804 τὴν
2893 2734 2986 2787 ἐπὶ
3021 2739 3141 2801 ταῖς
3181 2742 3527 2811 παραϐάσεσι
3565 2745 3758 2818 δίκην.

2181 2824 2380 2877 Ἥκουε
2426 2823 2534 2895 γὰρ
2589 2823 2760 2878 Ἦσαῦ
2783 2842 2798 2856 ⁸
2849 2845 2866 2878 ι
2898 2827 3010 2880 Καὶ
3048 2829 3125 2899 τῷ
3158 2830 3372 2904 ἀδελφῷ
3407 2852 3499 2889 σου
3529 2837 3757 2892 δουλεύο

2181 2929 2329 2978 σειςο
2369 2928 2387 2964 ι
2448 2915 2742 2982 τουτέστιν,
2798 2917 3169 2992 ὑποταχθήσῃ,
3225 2925 3320 2977 καὶ
3369 2927 3466 2997 οὐχ
3505 2928 3645 2983 ἑκὼν
3671 2931 3766 3004 τῷ

2180 3007 2320 3058 κατὰ
2355 3005 2416 3057 σὲ
2459 3005 2558 3074 τὴν
2605 3005 2787 3074 φύσιν.
2847 3009 3166 3082 Ἀνθρωπος
3187 3013 3244 3067 δὲ
3274 3017 3368 3071 καὶ
3400 3019 3522 3072 καθ’
3547 3022 3704 3092 ἡμᾶς
3733 3026 3767 3077 6

2181 3095 2407 3164 Μωσῆς,
2435 3095 2584 3149 οὐδὲν
2605 3096 2744 3167 ἔχων
2767 3099 2828 3152 τὸ
2856 3103 3114 3172 περισσὸν
3139 3105 3262 3160 ὅσον
3285 3103 3419 3180 ἧκεν
3445 3111 3638 3177 εἰπεῖν,
3671 3117 3770 3178 εἰς

2179 3187 2268 3239 τὸν
2305 3186 2407 3256 τῆς
2445 3185 2864 3259 ἀνθρωπότητος
2910 3191 3086 3261 λόγον.
3134 3197 3245 3250 Καὶ
3288 3199 3419 3268 γοῦν
3469 3202 3498 3255 6
3533 3203 3768 3258 πάντων

2179 3277 2454 3368 Δεσπότης
2483 3277 2637 3368 λαὸν
2661 3280 2843 3333 ἐκάλει
2871 3285 3130 3354 Μωσέως
3156 3287 3247 3342 τὸν
3293 3292 3504 3363 Ἰσραήλ
3527 3307 3544 3324 ο
3579 3312 3769 3368 μεμο-

2183 3366 2542 3436 σχοποιήκασι
2567 3367 2677 3438 γὰρ
2704 3369 2844 3423 κατὰ
2867 3370 2963 3443 τὴν
2987 3373 3204 3445 ἔρημον.
3237 3373 3372 3432 Εἶτα
3394 3380 3529 3453 πρὸς
3549 3366 3772 3440 Μωσέα

2181 3456 2313 3521 Θεός
2336 3473 2350 3487 ⁸
2392 3475 2410 3508 ι
2451 3458 2662 3524 Βάδιζε,
2693 3461 2978 3532 κατάϐηθι,
3021 3467 3174 3535 φησί,
3199 3468 3262 3521 τὸ
3284 3469 3450 3541 τάχος
3479 3473 3768 3529 ἐντεῦθενο

2182 3549 2424 3620 ήνόμησε
2458 3550 2566 3622 γὰρ
2611 3553 2638 3604 6
2668 3551 2794 3618 λαός
2843 3571 2957 3618 σου,
2985 3557 3044 3610 ὃν
3071 3557 3339 3630 ἐξήγαγες
3363 3564 3427 3617 ὲκ
3455 3564 3560 3637 γῆς
3583 3569 3771 3638 Αἰγύ-

2184 3658 2340 3698 πτου.
2372 3661 2390 3694 ›
2424 3643 2631 3709 Παῦλος
2661 3647 2758 3716 μὲν
2786 3643 2878 3701 οὖν
2907 3649 2936 3701 6
2960 3649 3246 3718 Θεσπέσιος
3279 3658 3372 3712 καὶ
3394 3660 3554 3715 αὑτὸν
3579 3663 3774 3718 ἀνετί-

2185 3732 2266 3828 θει
2297 3733 2657 3828 τῷῌμακαρίῳγ
2678 3737 2849 3809 Μωσῇ
2878 3739 2969 3794 τὸν
2995 3741 3054 3794 ὲν
3075 3743 3364 3815 γράμματι
3393 3751 3575 3821 νόμον.
3607 3755 3770 3828 Ἔφη

2184 3823 2293 3895 γὰρ
2337 3824 2530 3888 οὕτως·
2579 3844 2597 3877 ι
2647 3827 2939 3900 ’Λοετὴσας
2977 3850 3060 3896 τις
3085 3836 3247 3906 νόμον
3286 3839 3548 3908 Μωσέως,
3583 3823 3774 3916 χωρὶς

2185 3917 2484 3989 οἰκτιρμῶν
2507 3919 2597 3972 ἐπὶ
2615 3920 2765 3974 δυσὶν
2793 3923 2824 3993 ἢ
2856 3927 3003 3996 τρισί
3027 3929 3316 3999 μάρτυσιν,
3344 3934 3698 4006 ἀποθνήσκει.
3744 3963 3765 3993 ο

2188 4008 2310 4062 Ὅτι
2361 4008 2418 4062 δὲ
2467 4008 2691 4080 ἔμελλεν
2737 4014 2765 4065 6
2813 4013 3023 4088 Ἰσραὴλ
3073 4019 3165 4073 τὸν
3204 4021 3292 4075 διὰ
3341 4025 3436 4078 τοῦ
3479 4028 3771 4099 πανσόφου

2186 4099 2430 4164 Μωσέως
2486 4100 2787 4156 ἀποθέσθαι
2847 4103 3031 4174 ζυγὸν,
3084 4109 3378 4178 καλοῦντος
3433 4116 3595 4171 αὑτὸν
3661 4124 3771 4176 τοῦ

2187 4189 2431 4286 ΧριστοῦΔ
2455 4189 2590 4286 πρὸς
2613 4191 2710 4262 τὴν
2744 4192 2832 4286 θιὰ
2866 4197 3099 4263 πίστεως
3125 4201 3305 4274 χάριν,
3331 4215 3773 4286 προκαταμεμή-

2386 4280 2594 4373 εἰπιῦνῖ
2648 4301 2666 4333 ι
2713 4285 2904 4339 Ἔσται
2955 4287 3011 4341 δὲ
3065 4291 3229 4361 ἡνίκα
3273 4296 3341 4349 ἂν
3383 4299 3616 4373 καθέλῃς
3655 4280 3774 4360 ⁷καὶ

512 4385 641 4439 tem,
671 4388 769 4444 per
809 4371 970 4426 tidem
1002 4369 1056 4424 in
1085 4368 1364 4425 Christum
1403 4369 1482 4435 ";
1513 4382 1610 4438 per
1635 4384 1819 4438 quem,
1862 4379 1917 4424 et
1957 4385 2068 4424 cunt

2187 4369 2420 4441 ὲκλύσῃς
2453 4371 2542 4424 τὸν
2578 4369 2742 4441 ζυγὸν
2767 4376 2928 4429 αὐτοῦ
2960 4380 3070 4434 άπὸ
3107 4387 3379 4458 τραχήλου
3416 4408 3531 4446 σου.
3641 4395 3773 4462 Ἐξ-

515 4480 640 4534 quo,
666 4463 780 4520 Deo
806 4479 869 4519 ac
891 4461 1036 4518 Patri
1067 4459 1236 4533 gloria
1265 4475 1388 4515 cum
1405 4462 1602 4516 ‘sancto
1638 4458 1866 4530 Spiritu,
1898 4459 1954 4513 in
1980 4474 2080 4514 sae-

511 4560 633 4613 cula
667 4556 1012 4612 saeculorum.
1049 4553 1242 4610 Amen.

2189 4462 2384 4516 έλυσαν
2410 4463 2520 4534 γὰρ
2551 4463 2660 4518 τῶν
2697 4469 2982 4542 τραχήλων
3007 4472 3100 4527 τὸν
3132 4478 3228 4531 τοῦ
3251 4480 3416 4552 νόμον
3444 4482 3605 4552 ζυγὸν
3634 4487 3773 4541 δυσ-

2191 4552 2450 4648 φόρητον-
2481 4554 2615 4648 ὄντα
2663 4556 2783 4612 λίαν
2826 4562 2897 4648 οἰ
2931 4563 2992 4630 ἐξ
3068 4567 3282 4644 Ἰσραήλ
3347 4579 3768 4648 πιστεύσαντες.

513 4644 1125 4743 Κὲκληντα-ιψγάρμείς-
1165 4641 1446 4743 ελεύθερον
1486 4641 1704 4743 ἀξίωμα
1742 4641 1832 4743 διὰ
2024 4641 2258 4743 πίστεως
2301 4644 2359 4743 ὲᾳν
2406 4645 2646 4717 Χριστῷ.
2697 4651 2774 4702 Δι’
2841 4647 2901 4708 οὗ
2955 4657 3050 4711 καὶ
3112 4641 3246 4730 μεθί
3297 4661 3358 4721 οὗ
3391 4668 3468 4739 τῷ
3511 4670 3630 4743 Θεῷ
3667 4641 3776 4729 mh

515 4741 690 4811 Ιίατρὶ
728 4741 761 4809 ἡ
790 4738 914 4803 δόξα
958 4738 1055 4791 σὺν
1102 4737 1241 4807 ἁγίῳ
1275 4735 1552 4806 Πνεύματι
1587 4739 1666 4801 εἰς
1705 4737 1831 4800 τοὺς
1876 4737 2078 4802 αἰῶνας
2115 4737 2224 4792 τῶν
2247 4737 2476 4793 αἰώνων.
2516 4741 2710 4814 Ἀμήν.
3112 4722 3126 4730 ”
3438 4722 3450 4739 ⁸

587 4933 631 4959 ⁵⁸⁸
651 4929 838 4984 Matth.
871 4946 922 4994 ν,
943 4931 1026 4984 l8.
1104 4933 1145 4962 "
1171 4931 1336 4996 lbid.,
1365 4933 1416 4986 4.
1496 4930 1540 4964 ⁸⁸
1565 4929 1700 4987 Gen.
1726 4947 1870 4998 χχιχ,
1898 4931 1986 4988 59.

585 4999 607 5031 ⁸
626 4999 828 5056 'Galat.
855 5017 906 5064 v,
935 5001 1021 5055 15.

2097 4931 2142 4964 δ’
2173 4932 2343 4988 Exod.
2375 4951 2539 5000 “sit,
2567 4936 2618 4988 7.

2732 4938 2776 4968 ⁶⁰
2805 4939 2967 4991 Hebr.
2996 4955 3048 5005 Σ,
3071 4941 3161 4996 28.
3240 4944 3278 4974 "
3305 4942 3440 5000 Gcn.
3480 4960 3641 5005 xxvtt.
3671 4948 3774 5003 Η).
