4032 6198
277 408 382 469 177

285 644 922 684 Μ

1303 408 1829 473 οιΑΡΗῑιιοιιωι
1862 411 1929 467 ιΝ
1969 411 2269 470 GENESIM
2311 412 2437 470 LIB.
2481 415 2568 470 IV.

3434 422 3538 482 178

320 639 3519 694 M’MW

829 804 1619 927 ΓΑΑΦΥΡΩΝ
1679 814 1920 927 ΕΙΣ
1991 815 2308 929 ΤΗΝ
2373 817 3013 932 ΓΕΝΕΣΙΝ

1611 1033 2049 1120 ΒΙΒΛΙΟΝ
2124 1029 2250 1122 Δ’.

1863 1204 1942 1226 φ

513 1342 1434 1438 GLAPHYRORUM
1514 1348 1638 1438 IN
1695 1348 2222 1440 GENESIM
2282 1328 2637 1440 LIBER
2697 1343 3290 1454 QUARTUS.

613 1639 753 1710 Περὶ
784 1640 891 1697 τοῦ
933 1626 1297 1714 πατριάρχαι)
1334 1647 1557 1705 Ἰακώϐ.

356 1776 427 1831 α’.
464 1776 692 1848 Ἀληθὲς
710 1778 793 1832 (“In
815 1798 834 1831 ι
857 1778 1055 1845 πάντες
1070 1783 1120 1835 οἱ
1153 1780 1398 1849 θέλοντες
1429 1786 1528 1858 ζῇν
1549 1786 1788 1853 εὐσεδῶς
1816 1789 1874 1844 ὲν

284 1865 514 1939 Χριστῷ
555 1867 753 1937 Ἰησοῦ,
802 1868 1215 1940 διωχθήσονται.
1251 1891 1270 1924 ι
1302 1872 1497 1946 Θηρῶν
1524 1873 1635 1947 γὰρ
1692 1877 1876 1942 αὐτοῖς

288 1957 501 2028 ἀγρίων
533 1956 943 2030 έπιθρὼσκουσι
965 1959 1143 2033 δίκην,
1170 1962 1220 2016 οἱ
1248 1963 1345 2034 τῆς
1373 1964 1605 2036 ἀνομίας
1629 1966 1753 2030 υἱοὶ,
1776 1968 1877 2039 τῆς

290 2049 445 2117 σφῶν
464 2048 798 2119 δυστροπίας
831 2051 1053 2123 γραφὴν
1086 2052 1280 2125 ὥσπερ
1309 2055 1431 2113 ¹τινὰ
1468 2057 1563 2111 καὶ
1600 2058 1881 2132 κατάρρη-

293 2154 381 2191 σιν
407 2138 511 2208 τὴν
536 2137 648 2192 τῶν
677 2138 986 2209 εὐδοκιμεῖν
1018 2140 1287 2195 είωθότων
1319 2142 1682 2216 λαμπρότητα
1711 2164 1882 2202 κατα-

288 2227 664 2299 λογιζόμενοι.
706 2230 1019 2302 Ἑλέγχεται
1052 2233 1160 2304 γάρ
1192 2251 1309 2298 πως
1355 2235 1443 2289 ἀεὶ
1483 2239 1551 2309 τῇ
1580 2237 1687 2292 τῶν
1715 2239 1880 2310 ἀμειι-

291 2319 463 2372 νόνων
498 2319 799 2391 παραθέσει
832 2323 900 2376 τὰ
922 2321 1107 2394 χείρω.
1132 2324 1245 2382 Καὶ
1267 2324 1335 2378 τὰ
1366 2325 1548 2397 ψῆφον
1569 2326 1762 2400 ἔχοντα
1782 2329 1882 2401 τὴν

293 2427 403 2480 1:90
410 2426 472 2478 ’ρε
481 2411 748 2481 ρεστέραν
771 2414 1054 2484 μονονουχὶ
1071 2415 1180 2467 τῶν
1194 2415 1521 2487 ἡττωμένων
1534 2420 1882 2491 καταγράφει

291 2503 357 2554 τὺ
378 2502 638 2567 ἁκαλλές.
674 2503 740 2557 Τί
771 2500 865 2557 οὖν
895 2506 1181 2572 ἐντεῦθεν;
1242 2506 1324 2561 Τὰ
1361 2510 1427 2563 ὲκ
1468 2509 1665 2579 φθόνου
1728 2511 1881 2583 βέλη,

294 2594 392 2646 καὶ
418 2593 484 2648 τὸ
519 2595 585 2647 ὲκ
602 2594 703 2665 τῆς
734 2594 1031 2665 βασκανίας
1058 2600 1173 2662 τοῖς
1203 2598 1577 2670 νενικημένοις
1597 2601 1883 2671 ὲντύφεται

294 2681 437 2753 πῦρ.
477 2685 679 2753 μανίας
719 2685 886 2757 ἀρχὴ,
939 2689 1035 2741 καὶ
1077 2688 1423 2761 ἀνοσιότητος
1469 2690 1692 2764 ἀφορμὴ
1742 2691 1886 2747 κατὰ

291 2772 408 2825 τῶν
432 2774 512 2838 ὡς
559 2775 761 2846 ἄριστα
795 2776 943 2847 βιοῦν
972 2778 1290 2851 ᾑρημένων.
1327 2779 1393 2834 Οἱ
1437 2781 1532 2835 καὶ
1567 2782 1618 2835 εἰ
1643 2782 1887 2851 γένοιντο

294 2865 465 2935 τυχὸν
500 2867 561 2919 έν
607 2866 784 2935 ἀγῶσι
813 2868 907 2922 καὶ
954 2871 1158 2935 πόνοις,
1190 2870 1305 2925 ἀλλ’
1350 2866 1445 2926 οὖν
1489 2872 1589 2926 οὐκ
1627 2875 1707 2938 εις
1740 2874 1887 2929 άπαν

1903 1658 1951 1715 Α

2437 1649 2514 1705 De
2551 1647 2713 1705 Iacob
2764 1647 3092 1720 patriarcha.

2049 1786 2101 1841 ι.
2131 1784 2491 1843 Verissimum
2517 1791 2621 1851 est,
2651 1782 2796 1854 quod
2835 1800 2855 1835 ι
2891 1782 2987 1853 qui
3020 1780 3108 1852 pie
3139 1780 3324 1837 vivere
3360 1781 3552 1836 volue-

1977 1877 2089 1933 rint
2120 1876 2176 1932 in
2204 1875 2429 1933 Christo
2466 1874 2616 1941 Jesu,
2646 1874 3087 1945 persecutionem
3124 1871 3405 1944 patientur
3429 1871 3493 1925 ⁸³.
3527 1889 3546 1923 ι

1976 1970 2246 2027 lnsultant
2271 1968 2419 2024 enim
2453 1967 2589 2039 ipsis
2627 1966 2800 2022 instar
2828 1965 3149 2022 immanium
3184 1963 3423 2019 ferarum
3456 1960 3555 2017 filii

1979 2060 2310 2133 iniquitatis,
2342 2066 2632 2115 censentes
2662 2057 2925 2112 nimirum
2954 2071 3146 2113 eorum
3171 2056 3267 2127 qui
3297 2061 3441 2110 recte
3468 2054 3555 2108 vi-

1980 2163 2089 2209 tam
2118 2153 2435 2217 instituunt,
2468 2149 2813 2222 splendorem
2853 2164 2917 2205 ac
2967 2148 3195 2220 gloriam
3234 2162 3355 2204 esse
3386 2146 3559 2202 veluti

1980 2244 2376 2301 incusationem
2414 2241 2706 2313 quamdam
2745 2239 3369 2310 condemnationemque
3409 2238 3559 2310 ipso-

1980 2352 2105 2392 rum
2143 2334 2530 2406 improbitatis.
2566 2333 2703 2389 Mala
2742 2331 2890 2387 enim
2927 2332 3257 2402 plerumque
3288 2330 3562 2386 bonorum

1982 2428 2348 2500 applicatione
2398 2433 2731 2497 arguuntur,
2784 2438 3015 2495 quaeque
3062 2421 3360 2479 laudabilia
3402 2424 3560 2487 sunt,

1981 2535 2175 2576 eorum
2218 2534 2341 2590 qua:
2362 2518 2491 2573 talia
2518 2533 2629 2572 non
2654 2524 2804 2583 sunt,
2828 2513 3562 2584 deformitatempropalant.

1981 2610 2255 2678 Quidnam
2286 2609 2453 2681 igitur
2483 2608 2650 2664 hinc?
2670 2606 2897 2663 Invidiat
2927 2607 3054 2673 tela,
3084 2615 3140 2663 et
3169 2606 3226 2661 in
3259 2604 3329 2661 iis
3361 2604 3458 2675 qui
3478 2602 3564 2659 vi-

1984 2710 2103 2758 ctos
2140 2717 2200 2757 se
2238 2701 2505 2766 sentiunt,
2535 2699 2929 2770 indignationis
2965 2697 3184 2753 ﬂamma
3222 2694 3563 2761 accenditur,

1984 2790 2319 2863 principium
2352 2789 2580 2853 insania:
2606 2789 2931 2859 occasioque
2964 2786 3264 2857 impietatis
3302 2785 3568 2841 adversus

1987 2895 2085 2936 eos
2125 2880 2220 2950 qui
2255 2880 2462 2951 optime
2493 2880 2691 2935 vivunt
2732 2895 2746 2933 :
2792 2878 2887 2949 qui
2929 2877 3144 2933 tametsi
3177 2874 3471 2950 aliquando
3509 2874 3566 2930 in

294 2951 411 3007 εἷεν
444 2955 510 3009 ἂν
550 2958 666 3020 τοῖς
716 2957 1045 3030 πολεμοῦσιν
1087 2960 1373 3032 ἁλώσιμοι.
1414 2963 1741 3035 Περιόψεται
1780 2965 1889 3038 γὰρ

1997 2967 2252 3039 periculis
2293 2976 2351 3023 et
2393 2967 2677 3023 laboribus
2713 2975 3028 3031 versentur,
3068 2980 3350 3036 nunquam
3384 2970 3571 3020 tamen

292 3048 562 3117 οὐδαμῶς
587 3051 616 3103 ό
648 3048 760 3104 τῶν
815 3051 985 3120 ἁγίων
1013 3053 1368 3125 προεστηκὼς
1397 3056 1523 3120 τοὺς
1556 3056 1696 3129 ὑπὲρ
1717 3057 1885 3112 αὐτοῦ

295 3140 741 3207 κινδυνεύοντας.
814 3143 1107 3210 Ἐξελεῖται
1156 3144 1213 3199 δὲ
1280 3146 1481 3217 μᾶλλον
1539 3149 1634 3202 καὶ
1685 3149 1890 3222 σφόδρα

297 3231 529 3303 ῥᾳδίως,
585 3235 681 3287 καὶ
743 3233 1159 3307 λαμπροτέρους
1213 3238 1503 3306 ἀποφανεῖ,
1556 3238 1890 3312 τληπαθείας

296 3324 611 3397 γύμνασμα
644 3326 868 3396 προθεὶς
894 3327 983 3381 τὸν
1011 3328 1207 3400 ἱδρῶτα
1233 3330 1436 3395 αὐτοῖς.
1469 3331 1807 3405 sumam:
1833 3334 1892 3388 δὲ

296 3417 382 3490 τῷ
426 3417 576 3487 λόγῳ
625 3418 722 3472 καὶ
768 3419 798 3472 ὁ
858 3419 1146 3485 θεσπέσιος
1196 3422 1527 3487 Παύλοςὼδὶ
1573 3424 1890 3497 γεγραφὼς.

304 3530 325 3563 ι
366 3511 575 3574 Πιστὸς
606 3510 663 3564 δὲ
691 3513 720 3565 ό
760 3511 914 3575 Θεὸς,
946 3513 1006 3577 ὃς
1050 3514 1150 3567 οὐκ
1182 3514 1328 3567 ὲάσει
1357 3513 1505 3579 ὑμᾶς
1531 3515 1894 3587 πειρασθῆναι

300 3603 451 3673 ὑπὲρ
474 3602 504 3657 8
538 3602 795 3671 δύνασθε,
822 3604 959 3658 ἀλλὰ
991 3608 1207 3678 ποιήσει
1243 3607 1337 3661 σὺν
1372 3606 1449 3677 τῷ
1482 3608 1774 3680 πειρασμῷ
1797 3608 1896 3663 καὶ

298 3696 406 3765 τὴν
455 3693 683 3748 ἔκϐασιν
708 3695 803 3750 τοῦ
837 3694 1096 3751 δύνασθαι
1132 3696 1476 3765 ὑπενεγκεῖν.
1522 3719 1541 3751 ι
1586 3700 1697 3754 Καὶ
1741 3699 1896 3753 αὐτοὶ

300 3787 361 3840 δὲ
389 3787 832 3859 διακεκράγασιν
874 3789 1017 3859 ὲντῇ
1065 3788 1233 3861 βίϐλῳ
1262 3790 1371 3843 τῶν
1417 3791 1659 3861 Ψαλμῶν
1687 3795 1738 3846 οἱ
1782 3793 1897 3855 τοῖς

303 3877 520 3947 ἀγῶσιν
568 3878 932 3949 ὡμιληκότες.
970 3882 1064 3935 καὶ
1112 3882 1240 3945 τοὺς
1284 3882 1376 3935 ἐπὶ
1410 3885 1530 3947 ταῖς
1555 3881 1769 3948 διώξεσι
1802 3884 1898 3937 πό·

304 3987 437 4034 νους
459 3972 834 4041 διενεγκόντες
873 3974 973 4027 οὐκ
1010 3974 1273 4043 ὰγεννῶςο
1320 3976 1440 4028 Ὅτι
1481 3993 1500 4026 ι
1537 3975 1899 4045 Ἐδοκίμαιτας

307 4062 484 4132 ἡμᾶς,
524 4064 556 4116 ὁ
594 4061 751 4129 Θεὸς,
783 4063 1071 4136 ὲπύρωσας
1098 4066 1243 4137 ἡμᾶς
1274 4065 1349 4131 ὡς
1389 4054 1660 4139 πυροίἷται
1687 4065 1749 4119 τὸ
1796 4067 1899 4136 ἁρ-

307 4155 529 4223 γύριον.
557 4156 866 4227 Είσήγαγες
880 4157 1025 4228 ἡμᾶς
1052 4157 1130 4231 είς
1154 4156 1251 4227 τὴν
1284 4157 1502 4226 παγίδα’
1536 4155 1673 4210 ἔθου.
1695 4155 1902 4224 θλίψεις

309 4247 408 4299 ἐπὶ
444 4246 537 4299 τὸν
566 4247 736 4299 νῶτον
765 4246 937 4318 ημῶν-
964 4246 1293 4312 ὲπεόίϐασας
1330 4244 1650 4317 ἀνθρώπους
1680 4245 1773 4298 ἐπὶ
1801 4244 1902 4308 τὰς

1989 3060 2047 3115 in
2080 3060 2401 3116 universum
2449 3059 2507 3114 in
2548 3058 2791 3115 hostium
2825 3065 3150 3129 potestatem
3182 3056 3430 3112 veniunt.
3458 3054 3568 3111 Ne-

1989 3168 2266 3225 quaquam
2298 3152 2448 3208 enim
2475 3157 2793 3208 contemnet
2820 3150 3079 3221 princeps
3116 3156 3433 3204 sanctorum
3474 3161 3572 3203 eos

1989 3246 2084 3318 qui
2107 3261 2206 3316 pro
2237 3246 2356 3317 ipso
2373 3243 2867 3316 periclitantur;-at
2887 3242 3070 3313 potius
3109 3240 3332 3311 eripiet,
3381 3239 3571 3297 facile-

1990 3353 2099 3408 que
2133 3336 2428 3392 admodum
2476 3336 2791 3407 superiores
2829 3350 2926 3391 eos
2970 3320 3410 3403 illustrioresque
3454 3331 3573 3388 eﬂi-

1991 3429 2121 3495 ciet,
2149 3429 2434 3485 laboribus
2466 3429 2689 3484 interim
2721 3434 2779 3483 et
2813 3426 3076 3483 aerumnis
3102 3442 3199 3483 eos
3228 3426 3297 3482 ad
3328 3426 3573 3482 toleran-

1993 3518 2126 3574 tiam
2163 3534 2448 3575 exercens.
2475 3517 2761 3575 Consentit
2790 3534 2926 3575 vero
2955 3518 3087 3573 huic
3125 3518 3205 3572 rei
3236 3517 3405 3573 etiam
3437 3516 3578 3572 divi-

1994 3626 2100 3668 nus
2127 3609 2364 3676 Paulus,
2414 3610 2490 3665 ita
2537 3610 2785 3666 scribens
2828 3628 2841 3663 :
2890 3608 3050 3681 109
3080 3628 3099 3662 ι
3140 3609 3342 3665 Fidelis
3390 3616 3577 3665 autem

1995 3703 2158 3768 Deus,
2198 3703 2295 3774 qui
2332 3718 2444 3759 non
2476 3703 2623 3759 sinet
2657 3718 2757 3758 vos
2795 3702 2995 3758 tentari
3026 3701 3268 3757 ultra-id
3301 3700 3449 3772 quod
3480 3715 3577 3772 po-

1997 3793 2173 3858 testis,
2211 3793 2309 3848 sed
2350 3793 2515 3850 faciet
2550 3793 2719 3849 etiam
2749 3808 2874 3849 cum
2901 3792 3575 3861 tentationeproventum,

1998 3891 2061 3941 ut
2086 3883 2310 3954 possitis
2336 3883 2608 3938 sustinere
2633 3882 2701 3938 ’δι
2735 3901 2752 3933 ι
2779 3881 2887 3951 Ipsi
2918 3895 3049 3935 vero
3075 3880 3244 3935 etiam
3264 3879 3501 3934 clamant
3521 3878 3595 3932 ine

1996 3975 2141 4031 libro
2166 3975 2529 4038 Psalmorum,
2566 3973 2661 4043 qui
2694 3974 2749 4027 in
2783 3971 3045 4042 periculis
3066 3970 3291 4035 versati,
3323 3969 3581 4041 gravissi-

2000 4080 2229 4136 mosque
2253 4065 2698 4136 persecutionum
2730 4063 2950 4118 labores
2972 4061 3188 4118 fortiter
3210 4071 3541 4133 superarunt
3561 4080 3599 4119 ιο

2009 4178 2027 4210 ι
2050 4156 2294 4213 Probasti
2316 4172 2436 4222 nos,
2459 4157 2632 4223 Deus;
2656 4156 2780 4228 igne
2801 4170 2904 4210 nos
2926 4154 3269 4221 examinastir,
3293 4154 3433 4210 sicut
3455 4170 3583 4210 exa-

2002 4247 2244 4302 minatur
2273 4253 2579 4318 argentum.
2620 4243 2887 4301 lnduxisti
2922 4258 3023 4299 nos
3064 4244 3120 4298 in
3166 4243 3445 4314 laqueum,
3488 4259 3585 4314 p0-

300 4338 562 4406 κεφαὶὰς
582 4338 762 4409 ἡμῶν.
794 4339 1093 4411 Διὴλθομεν
1118 4339 1205 4395 διὰ
1237 4339 1407 4411 πυρὸς
1438 4338 1533 4396 καὶ
1566 4336 1774 4404 ὕδατος,
1811 4337 1894 4393 καὶ

2004 4341 2161 4398 suisti
2188 4340 2572 4396 tribulationes
2610 4339 2667 4394 in
2698 4338 2862 4394 dorso
2898 4345 3088 4393 nostro
3113 4354 3127 4390 :
3152 4335 3460 4407 imposuisti
3487 4336 3586 4392 bo-

315 4428 593 4500 ἐξήγαγες
621 4432 770 4501 ἡμᾶς
793 4433 872 4494 εἰς
903 4432 1204 4503 ἀναψυχήν.
1246 4450 1265 4484 ι
1324 4429 1569 4494 Ἀκούεις
1599 4431 1747 4495 ὅπως
1777 4431 1901 4502 ἥκι-

316 4537 425 4574 στα
456 4522 558 4592 μὲν
592 4523 663 4575 τὰ
714 4523 799 4593 ἐφ’
849 4517 931 4587 οἷς
981 4523 1365 4595 δοκιμάζονται
1401 4523 1687 4593 δυσφορεῖν
1730 4521 1900 4593 έγνώ-

317 4629 474 4677 κασι,
507 4614 761 4686 χαίρουσι
789 4614 1083 4686 δὲμᾶλλον
1108 4615 1182 4679 ὡς
1214 4614 1473 4686 ἀμείνους
1519 4612 1904 4683 ἀναδεδειγμέ-

315 4723 427 4768 νοι,
458 4706 553 4760 καὶ
574 4706 665 4760 διά
693 4706 891 4777 πείρας
922 4708 1089 4777 αὐτῆς
1111 4707 1399 4779 ὄπερείσὶν
1428 4708 1779 4776 ἐγνωσμένοι,
1810 4706 1906 4759 καὶ

315 4800 420 4853 ἐπὶ
447 4801 567 4861 ταῖς
595 4801 677 4863 είς
715 4800 883 4869 ἄκρον
910 4800 1207 4868 φιλοθεῖαις
1235 4799 1322 4853 διὰ
1346 4798 1441 4852 τοῦ
1468 4798 1658 4852 παθεῖν
1699 4813 1907 4868 μεμαρ·

312 4891 647 4963 τυρημένοι.
695 4892 935 4947 Διελθεῖν
976 4893 1084 4965 γὰρ
1114 4892 1324 4962 ἔφασαν
1353 4890 1442 4944 διὰ
1472 4890 1663 4961 πυρός.
1694 4890 1906 4960 Ὠσπερ

311 4982 459 5051 γὰρ.
514 4978 691 5054 οἶμαι,
725 4984 795 5039 τά
830 4982 1174 5055 δοκιμώτατα
1210 4983 1318 5037 τῶν
1358 4981 1722 5053 θυμιαμάτων
1776 4979 1908 5052 πυρὶ

312 5070 812 5141 προσωμιληκότα,
864 5072 965 5143 τῆς
998 5071 1223 5144 ἐνούσης
1265 5072 1449 5137 αὐτοῖς
1497 5070 1757 5142 εύοσμίας
1783 5070 1907 5122 τότε

314 5161 613 5215 ⁸ιιιοωῦνται
646 5162 743 5233 τὴν
783 5161 1026 5230 ἔνδειξιν*
1068 5161 1208 5217 οὓτω
1242 5162 1337 5217 καὶ
1368 5163 1488 5216 ὁσία
1513 5162 1660 5234 ψυχὴ
1706 5178 1910 5233 πυρου-

318 5255 471 5327 μένη
498 5253 705 5326 τρόπον
732 5253 853 5315 τινὰ
898 5255 987 5312 διὰ
1029 5254 1123 5310 τοῦ
1168 5254 1521 5327 πειράζεσθαι
1555 5254 1649 5308 καὶ
1702 5255 1907 5318 πονεῖν,

312 5345 733 5417 ἐναργεστέραν
761 5348 994 5403 ποιεῖται
1032 5347 1132 5418 τῆς
1169 5346 1394 5417 ἐνούσης
1424 5346 1560 5417 αὐτῇ
1603 5344 1912 5410 πολυειδοῦς

312 5439 533 5509 ἀρετῆς
564 5439 669 5510 τὴν
690 5438 940 5508 ἔκφασιν.
986 5440 1132 5512 Πλὴν
1160 5440 1289 5511 περὶ
1314 5438 1513 5503 παντὸς
1538 5437 1690 5508 άγίου
1722 5437 1912 5508 ψάλλει

316 5549 355 5600 μ
380 5529 439 5580 εν
465 5547 569 5584 που
609 5530 704 5585 καί
735 5548 902 5603 φησιν
931 5534 959 5586 ό
985 5531 1267 5596 θεσπέσιος
1293 5531 1471 5595 Δαὸὶδ,
1502 5532 1583 5586 ὅτι
1612 5549 1630 5583 ι
1658 5529 1915 5603 Παραϐα-

311 5621 419 5674 λεί
456 5620 685 5689 ἄγγελος
717 5623 924 5695 Κυρίου
965 5623 1150 5694 κύκλῳ
1192 5624 1302 5678 τῶν
1346 5621 1695 5695 φοϐουμένων
1727 5621 1910 5687 αὐτὸν,

2008 4434 2184 4489 mines
2210 4448 2376 4503 super
2403 4430 2581 4501 capita
2610 4437 2816 4485 nostra.
2849 4427 3245 4482 Transivimus-
3266 4442 3363 4497 per
3386 4441 3582 4497 aquam

2007 4533 2064 4581 et
2091 4526 2292 4596 ignem,
2322 4532 2380 4580 et
2406 4521 2644 4578 eduxisti
2682 4535 2786 4576 nos
2814 4520 2869 4574 in
2900 4518 3243 4590 refrigerium
3270 4518 3336 4571 “.
3363 4536 3381 4569 ›
3414 4517 3588 4573 Audis

2008 4632 2119 4687 quo
2147 4624 2307 4687 pacto
2347 4629 2413 4669 ea
2452 4613 2508 4670 in
2546 4612 2751 4684 quibus
2786 4609 3108 4681 probantur,
3135 4607 3456 4680 aegre-ferre
3480 4607 3586 4662 mi-

2009 4707 2157 4762 nime
2175 4713 2410 4771 norunt;
2434 4704 2677 4777 gaudent
2692 4718 2825 4759 vero
2846 4702 3047 4773 potius,
3072 4709 3332 4771 tanquam
3351 4699 3591 4755 victores

2010 4799 2292 4862 deciarati,
2312 4806 2368 4853 et
2385 4798 2767 4868 experimento
2784 4795 2904 4866 ipso
2930 4795 2985 4850 id
3011 4794 3158 4866 quod
3191 4801 3340 4859 sunt,
3360 4791 3588 4863 cogniti,

2010 4903 2390 4957 summamque
2408 4887 2966 4957 pietatispatientiam
2984 4892 3245 4940 testantes
3265 4901 3277 4936 :
3295 4898 3393 4953 per
3408 4883 3589 4953 ignem

2012 4981 2160 5035 enim
2187 4979 2467 5034 transiisse
2486 4994 2545 5034 se
2571 4978 2782 5033 dicunt.-
2804 4976 3270 5044 Quemadmodum
3289 4974 3589 5043 enim-pro-

2014 5072 2298 5145 batissima
2329 5053 2681 5143 tbymiamata
2702 5070 2815 5141 igni
2834 5070 3073 5133 admota,
3098 5066 3282 5123 odoris
3317 5080 3427 5135 quo
3452 5078 3591 5134 pra:-

2015 5162 2129 5217 dila
2162 5170 2310 5226 sunt,
2350 5162 2627 5231 specimen
2653 5160 2854 5225 edunt,
2885 5159 2960 5214 ita
2996 5158 3162 5212 etiam
3187 5166 3373 5212 sancta
3408 5155 3590 5212 anima

2017 5254 2141 5325 igne
2189 5252 2593 5324 quodammodo
2636 5251 2883 5322 probata,
2927 5264 3025 5319 per
3067 5247 3399 5304 tentationes
3428 5256 3485 5303 et
3514 5246 3594 5302 la-

2018 5347 2202 5411 bores,
2231 5346 2568 5401 luculentius
2595 5343 2769 5398 multo
2805 5340 3120 5397 exsistentis
3158 5339 3214 5395 in
3252 5339 3383 5410 ipsa.
3408 5338 3595 5393 multi-
3666 5362 3669 5365 -

2019 5437 2196 5493 modze
2238 5436 2461 5492 virtutis
2502 5441 2888 5507 argumentum
2929 5433 3063 5489 edit.
3104 5431 3274 5489 David
3317 5430 3482 5486 etiam
3523 5428 3595 5485 de

2019 5525 2172 5582 omni
2205 5532 2393 5581 sancto
2421 5524 2621 5580 alicubi
2650 5523 2817 5589 canit,
2848 5523 2923 5579 ita
2951 5523 3143 5579 dicens
3178 5540 3191 5576 :
3230 5540 3247 5575 ι
3290 5519 3597 5578 Cast’ramc-

2023 5619 2227 5675 labitur
2253 5616 2480 5691 angelus
2508 5614 2722 5673 Domini
2742 5615 2816 5672 riu
2842 5614 3078 5672 circuitu
3109 5613 3422 5670 timentium
3443 5624 3613 5693 eumIL

408 5791 459 5825 ⁸³
484 5793 531 5849 Β
568 5791 719 5849 Tim.
744 5811 823 5861 ιιι,
855 5795 940 5850 12.
1017 5796 1061 5828 ⁸⁵
1091 5797 1113 5853 ι
1141 5796 1266 5852 Cor.
1306 5811 1358 5862 x,
1398 5795 1483 5851 15.
1559 5794 1603 5827 ⁸⁸
1637 5790 1777 5849 Psal.
1812 5806 1932 5850 ων.
1958 5790 2145 5850 10-12.
2178 5785 2181 5789 ’
