4032 6198
472 400 576 458 {79

1500 399 1558 455 S.
1598 397 1876 463 CYRILLI
1912 398 2384 458 ALEXANDRINI
2426 398 2747 459 ARCHIEP.

3643 395 3749 448 ta)
3814 348 3824 362 '

471 524 529 572 et
556 513 755 586 eripiet
795 528 891 569 eos
922 512 987 566 “.
1035 530 1053 564 ι
1081 511 1203 583 ipse
1233 525 1366 567 vero
1392 512 1571 567 omnis
1597 511 1786 573 auxilii
1825 511 2055 582 largitor

2157 512 2252 566 καὶ
2277 514 2501 584 ῥύσεται
2518 510 2745 574 αὐτούς.
2772 528 2795 561 ι
2822 509 2992 572 Αὐτὸς
3019 508 3077 563 δὲ
3106 508 3269 563 πάλιν
3296 507 3395 579 τῆς
3422 508 3745 584 ἐπικουρίας

471 614 663 676 aperte
687 606 763 659 ait
791 622 804 659 :
838 625 855 656 ι
885 604 1155 672 Quoniam
1173 602 1409 673 speravit
1431 602 1485 657 in
1513 619 1620 669 me,
1641 603 1873 681 eripiam
1902 618 2049 659 eum.

2157 606 2184 658 6
2217 572 2450 675 χορηγὸς
2470 572 2768 675 διαρρήδην
2794 601 2984 674 φησιν’
3023 621 3042 652 ι
3082 601 3207 657 Ὀτι
3239 601 3326 654 ἐπ’
3351 572 3479 673 ’ἐμὲ
3520 572 3742 673 ἧλτξισε,

472 694 743 750 Clamabit
773 693 839 751 ad
870 707 978 758 me,
1000 700 1056 748 et
1083 691 1369 752 exaudiam
1393 707 1519 747 eum
1546 712 1558 747 ς
1581 709 1705 748 cum
1736 693 1853 764 ipso
1875 708 1972 749 ero
1998 691 2055 747 in

475 786 864 850 tribulatione;
884 783 1114 855 eripiam
1138 799 1287 850 eum,
1318 792 1373 840 et
1403 784 1721 856 gloriﬁcabo
1743 800 1890 840 eum.
1914 784 2058 840 Lon-

474 876 722 946 gitudine
746 874 963 929 dierum
1002 875 1241 947 implebo
1268 891 1417 939 eum.
1445 883 1500 932 et
1528 876 1810 931 ostendam
1836 876 1888 931 ei
1914 876 2058 931 salu-

477 982 594 1027 tare
619 984 802 1023 meum
824 969 889 1021 ".
922 987 940 1019 ι
968 964 1253 1035 Quodnam
1277 968 1442 1039 igitur
1461 976 1547 1024 est
1574 988 1592 1020 ι
1623 969 1859 1024 salutare
1877 969 1974 1024 Dei
1992 984 2057 1024 ac

475 1059 690 1116 Patris?
714 1078 732 1109 ι
760 1060 907 1114 Deus
928 1059 1171 1115 Verbum
1197 1076 1265 1115 ex
1292 1059 1430 1131 ipso,
1462 1060 1556 1131 qui
1580 1070 1806 1131 propter
1838 1074 1939 1114 nos
1972 1074 2059 1114 se.

475 1157 716 1212 eundum
759 1171 859 1211 nos
891 1155 1067 1211 factus
1094 1165 1196 1221 est,
1224 1157 1520 1228 divinoque
1560 1156 1790 1211 consilio
1825 1154 2056 1211 formam

475 1245 618 1300 servi
656 1244 969 1314 assumpsit.
1009 1245 1085 1301 Ita
1112 1246 1288 1316 ipsum
1313 1246 1529 1300 vocavit
1565 1244 1735 1305 etiam
1769 1244 1930 1299 Pater
1958 1259 2058 1313 per

475 1336 704 1401 Isaiam,
739 1335 982 1390 dicens:
1035 1354 1055 1387 ι
1098 1336 1167 1390 Ει
1220 1336 1486 1391 videbunt
1545 1343 1737 1407 gentes
1788 1336 2059 1408 justitiam

476 1442 683 1491 meam,
742 1436 800 1482 et
854 1442 1013 1503 reges
1053 1428 1281 1500 gloriam
1337 1443 1543 1489 meam.
1577 1427 1827 1483 Salutare
1874 1439 2055 1485 autem

477 1535 660 1574 meum
693 1519 835 1579 sicut
854 1520 1081 1575 lucerna
1111 1520 1433 1577 ardebit."i
1458 1520 1655 1579 Factus
1672 1521 1821 1575 enim
1853 1530 2056 1577 estno-.

479 1610 565 1664 bis
587 1610 799 1681 justitia
825 1618 881 1665 et
904 1611 1075 1681 gloria
1110 1626 1140 1665 a
1167 1611 1280 1668 Deo
1313 1618 1370 1667 et
1404 1612 1582 1675 Patre,
1618 1611 1790 1665 Filius
1824 1620 1881 1665 et
1908 1612 2057 1667 salu-

477 1711 613 1757 tare.
649 1702 938 1757 Justiﬁcati
973 1702 1119 1757 enim
1157 1718 1349 1757 sumus
1373 1701 1427 1756 in
1451 1702 1589 1771 ipso,
1615 1710 1673 1757 et
1691 1700 1759 1757 ad
1783 1701 2059 1758 ﬁliationis

476 1794 704 1861 gloriam
760 1795 934 1850 evecti
990 1793 1055 1848 ⁶⁹.
1114 1791 1270 1865 Quod
1323 1808 1455 1848 vero
1511 1793 1679 1848 etiam
1735 1792 1927 1848 salvati
1981 1793 2058 1851 si.

476 1898 631 1947 mus,
682 1883 877 1939 mortis
920 1883 1155 1939 vinculis
1208 1882 1406 1947 soluti,
1478 1892 1641 1953 atque
1691 1882 1760 1938 ad
1806 1882 2059 1939 incon-u-

476 1974 720 2047 ptionem
767 1973 1053 2041 translati,
1092 1988 1204 2044 quo
1266 1981 1428 2045 pacto
1482 1982 1578 2029 aut
1632 1974 1779 2029 unde
1828 1964 2059 2029 dubium

475 2080 597 2120 esse
634 2066 848 2135 potest?
873 2061 1059 2129 Illuxit
1094 2066 1243 2122 enim
1278 2066 1469 2131 nobis,
1507 2065 1678 2126 veluti
1714 2066 1771 2121 in
1802 2073 1963 2122 nocte
2004 2074 2062 2124 et

475 2156 725 2213 tenebris
758 2157 1011 2223 lucerna,
1042 2156 1244 2222 Filius,
1280 2158 1439 2228 ιιο
1466 2157 1708 2221 divinam
1727 2159 1906 2215 lucem
1934 2174 2059 2214 ere—

476 2249 726 2304 dentium
785 2250 985 2305 animis
1037 2250 1358 2307 immittens.
1421 2250 1633 2333 Idcirco
1691 2250 1857 2309 etiam
1914 2251 1993 2306 ait
2044 2270 2061 2313 ξ

484 2361 502 2391 ι
542 2341 656 2412 Ego
696 2357 818 2397 sum
864 2343 959 2398 lux
1006 2343 1199 2400 mundi
1235 2344 1302 2399 ".
1335 2363 1354 2396 ι
1385 2344 1543 2412 Quod
1580 2346 1746 2417 igitur
1776 2348 1932 2419 juxta
1974 2347 2060 2423 ipe

477 2432 599 2503 sius
612 2431 919 2495 Salvatoris
950 2449 1142 2490 vocem
1173 2435 1217 2467 “
1249 2435 1395 2493 beati
1427 2436 1561 2502 sint,
1592 2438 1687 2507 qui
1723 2438 2063 2508 persecutio-

478 2537 600 2576 nem
634 2524 922 2593 patiuntur
943 2533 1171 2595 propter
1190 2526 1461 2597 justitiam
1493 2526 1890 2598 (haircditatem
1911 2528 2059 2585 enim

470 2612 759 2669 cmlestem
790 2614 1095 2680 habebunt,
1136 2631 1200 2672 ac
1226 2616 1396 2672 totius
1421 2618 1661 2675 universi
1688 2620 1980 2676 Dominum
2005 2629 2063 2675 et

476 2702 815 2761 Salvatorem
838 2706 1145 2778 adjutorem
1169 2716 1299 2763 sunt
1320 2710 1639 2779 experturi;
1672 2711 1937 2766 videbunt
1958 2727 2059 2767 au-

475 2803 587 2853 tem
615 2796 781 2851 etiam
808 2796 986 2867 ipsum
1011 2797 1079 2854 de
1103 2797 1325 2854 Christo
1351 2801 1722 2874 mysterium),
1745 2817 1813 2857 ex
1836 2802 1907 2858 iis
1926 2796 2062 2874 ipsis

474 2902 597 2956 quae
635 2887 799 2943 beato
822 2887 997 2946 Iacob.
1028 2890 1349 2947 acciderunt
1372 2891 1530 2951 facile
1563 2894 1688 2964 quis
1709 2893 2058 2967 intellexerit.
2088 2891 2101 2895 “

472 2977 669 3047 Opem
703 2979 941 3048 pretium
963 2996 1097 3037 vero
1124 2998 1246 3041 esse
1285 2984 1529 3040 arbitror
1568 3000 1633 3041 ea
1674 3000 1798 3055 quae
1832 2985 1901 3041 de
1940 2985 2061 3055 ipso

474 3067 679 3138 scripta
709 3078 863 3138 sunt,
885 3072 955 3128 ad
994 3074 1429 3131 manifestiorcm
1469 3074 1806 3136 intellectum
1836 3075 2060 3131 lectori—

481 3162 584 3218 bus
611 3178 913 3232 apponere.
933 3163 1014 3217 Ita
1035 3179 1166 3219 vero
1192 3163 1398 3222 habent
1424 3180 1438 3216 :
1472 3181 1492 3213 ι
1519 3162 1586 3217 Ει
1615 3162 1787 3217 iratus
1807 3170 1892 3217 est
1912 3161 2055 3217 Esau

2118 690 2123 695 ’
2156 696 2251 749 καὶ
2291 694 2525 768 ῥύσομαι
2556 694 2738 750 αὐτόν.
2794 692 3136 764 Κεκράξεται
3175 692 3313 764 πρός
3369 710 3461 762 με,
3494 694 3590 747 καὶ
3625 696 3746 749 εἰσ-

2157 789 2459 860 ακούσομαι
2480 787 2664 843 αὐτοῦ’
2699 786 2816 859 μετ’
2846 785 3013 842 αὑτοῦ
3046 788 3164 859 ειμι
3190 788 3247 844 ὲν
3281 785 3490 856 θλίψει,
3527 787 3750 854 ἐξελοῦ-

2160 897 2260 951 μαι
2300 878 2483 944 αὑτὸν,
2536 879 2630 933 καὶ
2681 877 2890 943 δοξάσω
2915 876 3100 941 αὑτὸν,
3135 874 3482 948 μακρῶητος
3514 878 3748 949 ἡμερῶν

2159 972 2426 1042 ἐμπλήσω
2458 970 2641 1036 αὑτὸν,
2676 971 2772 1024 καὶ
2794 970 2954 1037 δείξω
2997 967 3147 1039 αὐτῷ
3168 968 3229 1022 τδ
3259 967 3526 1039 σωτήριόν
3559 986 3684 1039 μου.
3719 987 3742 1021 ο

2159 1062 2316 1115 Ποῖον
2344 1053 2436 1114 οὖν
2462 1060 2570 1131 ἄρα
2604 1060 2720 1121 ἐστὶ
2756 1078 2775 1111 ι
2824 1058 2889 1115 τὸ
2916 1060 3183 1129 σωτήριον
3207 1057 3302 1112 τοῦ
3326 1056 3461 1111 Θεοῦ
3504 1058 3599 1119 καὶ
3632 1059 3748 1112 Πα·

2156 1153 2313 1225 τρός;
2346 1173 2366 1207 ι
2417 1154 2478 1208 ’0
2506 1153 2565 1218 ἐξ
2597 1152 2762 1208 αὑτοῦ
2807 1153 2939 1217 Θεὸς
2978 1151 3173 1221 Λόγος,
3211 1152 3242 1205 6
3291 1151 3359 1204 δι’
3412 1152 3560 1222 ἡμᾶς
3618 1150 3746 1203 καθ’

2158 1247 2304 1317 ἡμᾶς
2334 1247 2429 1301 καὶ
2459 1246 2517 1299 ὲν
2553 1244 2738 1299 δούλου
2764 1246 2944 1317 μορφῇ
2964 1240 3204 1312 γεγονὼς
3234 1241 3615 1312 οἰκονομικῶς.
3639 1241 3749 1294 Οὖ-

2157 1356 2264 1403 τως
2292 1337 2454 1393 αὐτὸν
2481 1337 2764 1410 ὠνόμαζεν
2786 1339 2814 1391 6
2845 1336 3035 1408 Πατὴρ
3062 1336 3156 1390 καὶ
3179 1336 3245 1389 δι’
3282 1334 3508 1392 Ἠσαῖου
3538 1334 3740 1403 λέγων’

2167 1450 2185 1483 ι
2209 1430 2320 1485 Καὶ
2355 1431 2576 1501 ὂψονται
2601 1428 2673 1483 τὰ
2700 1429 2824 1499 ἔθνη
2854 1428 2952 1499 τὴν
2980 1427 3328 1498 δικαιοσύνην
3364 1444 3488 1497 μου,
3520 1425 3613 1478 καὶ
3640 1424 3743 1494 βα-

2161 1525 2328 1588 σιλεῖς
2364 1521 2464 1594 τὴν
2500 1521 2657 1589 δόξαν
2689 1538 2813 1592 μου.
2864 1520 2939 1575 Τὸ
2968 1518 3024 1577 δὲ
3058 1518 3326 1589 σωτήριόν
3355 1535 3455 1588 μου
3482 1516 3556 1580 ὡς
3593 1516 3746 1587 λαμ-

2160 1616 2269 1680 πὰς
2304 1616 2662 1687 καυθήσεται.
2695 1633 2717 1667 λ
2748 1613 2945 1683 Γέγονε
2984 1612 3092 1684 γὰρ
3130 1612 3261 1682 ἡμῖν
3298 1609 3613 1679 δικαιοσύνη
3645 1608 3746 1661 καὶ

2157 1703 2283 1770 δόξα
2317 1705 2467 1776 παρὰ
2487 1704 2581 1758 τοῦ
2612 1703 2747 1758 θεοῦ
2784 1703 2879 1759 καὶ
2917 1701 3150 1773 Πατρὸς,
3180 1703 3209 1754 6
3237 1701 3384 1764 Υἱὸς,
3408 1700 3501 1753 καὶ
3524 1700 3619 1770 μὲν
3644 1700 3747 1753 καὶ

2161 1798 2449 1868 σωτήριον.
2479 1794 2889 1868 Δεδικαιώμεθα
2944 1795 3053 1866 γὰρ
3087 1795 3145 1847 ὲν
3186 1793 3354 1863 αὐτῷ,
3388 1794 3482 1847 καί
3511 1794 3590 1857 είς
3637 1793 3753 1865 τὴν

2092 1918 2133 1972 Β
2160 1890 2260 1960 τῆς
2294 1888 2568 1953 υίθθεστας
2598 1887 3039 1959 ἀνεκομίσθημεν
3076 1885 3254 1951 δόξαν.
3277 1886 3401 1940 ’Ότι
3424 1884 3480 1938 δὲ
3518 1885 3611 1938 καὶ
3645 1900 3747 1959 σε-

2164 1981 2422 2053 σὼσμεθᾶ
2454 1980 2525 2035 τὰ
2566 1981 2659 2035 τοῦ
2691 1980 2920 2035 θανάτου
2956 1979 3218 2051 φυγόντες
3254 1977 3449 2049 δεσμὰ,
3481 1977 3574 2033 καὶ
3605 1977 3750 2033 ἀνα.

2160 2073 2443 2145 τρέχοντες
2472 2074 2552 2137 εἰς
2590 2070 2920 2142 ἀφθαρσίαν,
2964 2070 3082 2134 πῶς
3106 2070 3173 2124 ἂν
3207 2068 3293 2139 εἴη
3331 2070 3537 2134 λοιπὸν,
3568 2069 3600 2139 ἢ
3638 2069 3744 2121 πό-

2161 2164 2254 2219 θεν
2287 2164 2623 2235 ἁμφίϐολονς
2667 2162 2944 2234 Ἐπεφάνη
2974 2162 3083 2233 γὰρ
3117 2163 3249 2233 ἡμῖν
3279 2160 3354 2226 ὠς
3382 2162 3439 2214 ὲν
3458 2163 3613 2215 νυκτὶ
3643 2161 3748 2215 καὶ

2160 2257 2219 2310 ὲν
2249 2255 2426 2327 σκότῳ
2446 2256 2690 2328 λαμπὰς,
2715 2258 2744 2310 6
2780 2254 2929 2320 Υίδς,
2954 2254 3071 2325 φῶς
3097 2254 3157 2307 τὺ
3186 2253 3328 2308 θεῖον
3367 2255 3498 2321 ταῖς,
3514 2252 3622 2306 τῶν
3652 2271 3750 2305 πι-

2161 2348 2458 2402 στευόντων
2498 2348 2698 2418 ψυχαῖς
2742 2347 2928 2411 ὲνιείς.
2985 2346 3275 2417 Τοιγάρτοι
3326 2345 3420 2398 καὶ
3471 2343 3741 2414 ἕσασκενο

2169 2453 2187 2484 ι
2239 2433 2380 2503 Ἐγὼ
2404 2436 2519 2505 εἰμι
2556 2435 2617 2488 τὸ
2649 2434 2765 2504 φῶς
2791 2434 2887 2491 τού
2918 2435 3146 2506 κόσμου.
3187 2454 3205 2486 ι
3246 2435 3367 2487 Ὀτι
3389 2434 3569 2487 τοίνυν
3597 2432 3750 2490 κατὰ

2159 2527 2259 2598 τὴν
2285 2526 2451 2581 αὑτοῦ
2476 2526 2567 2581 τοῦ
2592 2528 2844 2601 Σωτῆρος
2870 2528 3053 2599 φωνὴν
3085 2526 3359 2600 μακάριοι,
3375 2528 3423 2579 οἱ
3444 2526 3747 2597 δεδιωγμέη

2159 2635 2241 2674 νοι
2282 2620 2466 2672 ἕνεκεν
2515 2618 2882 2690 δικαιοσύνης.
2906 2618 3122 2692 Κλῆρον
3158 2619 3267 2690 γὰρ
3311 2616 3492 2682 ’έξουσι
3546 2617 3635 2670 τὸν
3680 2618 3745 2669 ἐν

2159 2712 2428 2783 οὐρανοῖς,
2463 2709 2558 2765 καὶ
2604 2711 2766 2764 αὐτὸν
2800 2710 3148 2781 ὲπαμύνοντα
3168 2711 3256 2764 τὸν
3289 2710 3397 2763 τῶν
3436 2709 3573 2763 ὅλων
3603 2708 3751 2764 θεὸν

2161 2805 2255 2858 καὶ
2296 2802 2546 2874 Σωτῆρα.
2587 2802 2849 2872 Ὄψονται
2883 2802 2939 2856 δὲ
2978 2802 3070 2855 καὶ
3104 2802 3235 2856 αὐτὸ
3277 2800 3339 2855 τδ
3379 2801 3472 2854 ἐπὶ
3499 2798 3753 2871 Χριστοῦ

2164 2894 2462 2965 μυστήριον
2483 2909 2496 2923 ο
2530 2892 2626 2946 καὶ
2661 2891 2720 2959 ἐξ
2755 2891 2934 2945 αὐτῶν
2968 2891 3117 2945 οὐδὲν
3163 2886 3327 2963 ἦττον
3359 2890 3626 2961 ἀναμάθοι
3654 2907 3747 2954 τις

2159 2984 2244 3047 ἂν,
2279 2984 2387 3037 τῶν
2417 2984 2560 3038 κατὰ
2593 2983 2686 3037 τὸν
2733 2984 3002 3056 μακάριον
3048 2984 3260 3039 Ἰακώϐ.
3295 2983 3625 3055 Παραθεῖναι
3683 2982 3747 3036 δὲ

2158 3070 2313 3145 οἶμαι
2345 3074 2555 3145 πρέπον
2581 3075 2649 3131 τὰ
2679 3077 2768 3129 ἐπ’
2790 3076 2941 3147 αὐτῷ
2993 3076 3378 3148 γεγραμμένα,
3410 3075 3548 3147 πρὸς
3576 3077 3745 3146 ἀκρι-

2159 3164 2424 3236 ϐεστέραν
2453 3166 2659 3237 εἴδησιν
2684 3169 2799 3231 τοῖς
2825 3150 3261 3240 ἑντευξομένοις.
3295 3169 3450 3238 Ἔχει
3483 3167 3539 3221 δὲ
3572 3166 3742 3221 οὕτω·

476 3251 646 3311 Jacob
670 3266 771 3320 pro
794 3251 1176 3307 benedictione
1226 3267 1334 3323 qua
1362 3251 1641 3309 benedixit
1661 3253 1711 3308 ci
1740 3262 1892 3322 pater
1911 3252 2054 3323 ejus.

2165 3274 2183 3313 ι
2210 3255 2319 3308 Καὶ
2342 3256 2580 3310 ὲνεκότει
2621 3257 2791 3313 Ἡσαῦ
2813 3258 2890 3330 τῷ
2933 3259 3132 3315 Ἰακὼϐ
3165 3261 3294 3331 περὶ
3335 3261 3436 3330 τῆς
3462 3258 3747 3327 εὐλογίας,

478 3347 618 3401 Dixit
640 3357 822 3404 autem
847 3349 989 3405 Esau
1012 3349 1069 3406 in
1091 3360 1276 3407 mente
1300 3368 1399 3409 sua
1428 3370 1441 3407 :
1469 3352 1920 3425 Appropinquent
1940 3353 2060 3410 dies

475 3440 656 3496 luctus
677 3442 851 3513 patris
872 3443 1004 3509 mei,
1042 3451 1103 3500 ut
1133 3444 1382 3501 occidam
1407 3445 1575 3504 Iacob
1599 3446 1824 3502 fratrem
1853 3461 2054 3501 meum.

473 3530 734 3587 Nuntiata
753 3542 883 3588 sunt
902 3543 1087 3591 autem
1107 3535 1371 3593 Rebecca!
1394 3537 1562 3609 verba
1579 3537 1720 3593 Esau
1745 3538 1843 3592 ﬁlii
1866 3537 1951 3593 sui
1975 3553 2061 3593 sev

473 3620 682 3689 nioris';
710 3631 767 3679 et
792 3624 1019 3681 mittens
1042 3628 1257 3683 vocavit
1292 3628 1461 3685 Jaeob
1488 3629 1660 3685 ﬁlium
1687 3646 1848 3685 suum
1878 3630 2061 3701 junio-

475 3728 615 3779 rcm,
644 3722 701 3771 et
722 3714 862 3779 dixit
893 3717 944 3772 ei
970 3736 982 3772 :
1009 3718 1151 3777 Ecce
1177 3720 1320 3776 Esau
1346 3720 1519 3778 frater
1547 3729 1676 3777 tuus
1696 3722 1936 3779 minatur
1961 3721 2058 3777 tibi

475 3805 727 3863 occidere
764 3815 835 3863 te.
868 3808 1027 3865 Nune
1048 3826 1201 3883 ergo,
1225 3830 1260 3868 ο
1284 3813 1380 3879 ﬁli,
1408 3813 1536 3869 audi
1562 3828 1739 3868 meam
1764 3829 1976 3880 vocem,
2004 3825 2061 3870 et

475 3913 705 3970 surgens
748 3898 873 3981 fuge
913 3900 972 3957 in
1013 3902 1456 3975 Mesopotamiam
1498 3904 1564 3960 ad
1609 3905 1796 3961 Laban
1836 3905 2058 3962 fratrem

475 4003 659 4043 meum
675 3987 732 4043 in
753 3989 1024 4056 Charran,
1041 3999 1098 4048 et
1121 3992 1309 4050 habita
1331 4010 1456 4050 cum
1479 4010 1546 4050 eo
1568 3994 1688 4050 dies
1708 3994 1937 4066 aliquot,
1963 3996 2061 4052 do-

472 4093 578 4132 nec
601 4086 883 4134 avertatur
920 4079 1075 4135 furor
1105 4091 1163 4136 et
1193 4081 1271 4139 ira
1298 4081 1483 4138 fratris
1515 4082 1595 4137 tui
1622 4098 1654 4138 a
1686 4091 1760 4148 te,
1788 4090 1845 4139 et
1866 4084 2061 4140 oblivi-

471 4177 660 4221 scatur
694 4184 816 4237 qua:
843 4168 1023 4225 fecisti
1057 4172 1108 4225 ei
1140 4190 1153 4223 :
1182 4180 1239 4226 et
1263 4173 1488 4228 mittens
1519 4189 1794 4230 accersam
1819 4186 1872 4231 te
1896 4176 2055 4241 inde,

469 4275 540 4315 ne
566 4259 708 4315 forte
733 4260 901 4315 orber
937 4260 1157 4316 duobus
1181 4263 1338 4318 vobis
1364 4264 1420 4317 in
1447 4264 1535 4320 die
1560 4280 1669 4320 una
1701 4268 1768 4320 τ’.
1807 4287 1825 4317 ι
1852 4268 2058 4324 Deinde

469 4354 781 4417 opportuna
802 4348 1079 4405 discessus
1099 4348 1195 4407 ﬁlii
1217 4351 1504 4408 occasione
1526 4361 1703 4422 capta,
1725 4352 1971 4426 ingressa
1990 4358 2057 4412 ad

470 4439 640 4504 Isaae,
672 4438 811 4494 dixit
852 4458 866 4495 :
898 4461 916 4493 ι
948 4440 1166 4498 infensa
1191 4457 1311 4498 sum
1338 4442 1466 4500 vitae
1503 4460 1639 4502 meas
1669 4454 1895 4517 propter
1919 4445 2058 4502 ﬁlias

471 4531 709 4587 filiorum
737 4532 901 4587 Heth.
929 4533 986 4589 Si
1009 4535 1284 4605 acceperit
1304 4536 1473 4593 Jacob
1502 4552 1728 4593 uxorem
1748 4538 1816 4594 de
1840 4538 2057 4597 tiiiabus

472 4631 635 4678 terra:
655 4624 841 4694 hujus,
869 4620 1011 4694 quid.
1024 4602 1222 4682 attinet
1244 4627 1428 4684 vivere
1455 4629 1537 4683 "?
1564 4648 1583 4680 ι
1609 4630 1690 4685 Ne
1708 4631 1856 4685 enim
1883 4632 2055 4689 invito
2089 4602 2129 4656 Β

469 4721 625 4783 patre
658 4713 948 4771 discedens
976 4715 1172 4772 beatus
1201 4718 1391 4784 Iacob,
1422 4719 1524 4790 ipsi
1559 4719 1742 4776 luctus
1773 4722 1981 4792 pariter
2006 4733 2064 4780 et

470 4806 567 4860 ine
593 4821 757 4861 causa
787 4815 952 4872 esset,
982 4807 1253 4864 industria
1291 4811 1492 4867 mulier
1519 4812 1815 4882 persuadet
1855 4815 1973 4870 seni
1999 4825 2061 4870 ut

467 4898 587 4954 filio
612 4912 714 4954 suo
742 4896 1056 4953 facultatem
1092 4899 1187 4955 det
1222 4900 1481 4956 abeundi.
1520 4921 1539 4954 ι
1568 4902 1857 4961 Advocans
1886 4906 2060 4971 enim,

466 4993 668 5065 inquit,
698 4995 850 5051 Isaac
878 4994 1068 5060 Jacob,
1105 4995 1388 5051 benedixit
1427 4997 1500 5062 ei,
1543 5008 1601 5054 et
1646 5001 1909 5072 praecepit
1955 5001 2059 5073 ipsi

466 5086 660 5143 dicens
687 5104 701 5140 :
729 5087 851 5142 Non
876 5085 1116 5157 accipies
1135 5101 1363 5142 uxorem
1386 5087 1454 5143 de
1484 5088 1700 5145 ﬁliabus
1719 5090 2061 5149 Chananan-

467 5193 612 5233 rum.
637 5177 881 5249 Surgens
908 5179 1035 5251 fuge
1068 5180 1123 5235 in
1148 5179 1593 5250 Mesopotamiam
1625 5182 1681 5237 in
1709 5183 1933 5240 domum
1962 5186 2061 5241 Ba-

470 5269 677 5325 tliuelis
701 5271 875 5340 patris
896 5273 1089 5328 matris
1114 5280 1240 5336 tuae,
1266 5281 1324 5329 et
1348 5274 1535 5343 accipe
1562 5274 1662 5329 tibi
1684 5276 1811 5333 inde
1831 5294 2057 5334 uxorem

468 5361 537 5416 de
565 5360 783 5417 ﬁliabus
805 5360 991 5417 Laban
1026 5364 1285 5428 avunculi
1310 5364 1408 5420 tui.
1432 5365 1695 5421 Dominus
1713 5376 1895 5425 autem
1915 5371 2061 5426 Deus

467 5451 762 5506 benedicat
791 5451 915 5517 tibi,
950 5460 1007 5508 et
1032 5453 1363 5524 muhiplicet
1398 5464 1471 5520 te,
1514 5465 1571 5511 et
1598 5457 1789 5513 crisin
1828 5474 2058 5530 congre-

468 5541 716 5607 gationes
736 5543 1003 5614 gentium,
1031 5554 1088 5600 et
1114 5546 1209 5601 det
1235 5547 1332 5601 tibi
1362 5548 1801 5607 benedictionem
1829 5552 2061 5606 Abrahae

471 5633 644 5701 patris
663 5634 763 5698 tui,
788 5634 890 5690 tibi
913 5642 971 5690 et
991 5637 1190 5692 semini
1216 5645 1311 5693 tuo
1347 5649 1471 5709 post
1518 5649 1593 5705 te,
1643 5643 1796 5712 ιιι
1846 5643 1915 5698 ad
1947 5644 2056 5699 bae-

2158 3349 2227 3426 ἦς
2255 3354 2547 3427 εὐλόγησεν
2585 3356 2749 3410 αὑτὸν
2783 3354 2811 3409 6
2861 3352 3044 3429 πατὴρ
3091 3354 3281 3415 αὐτοῦ.
3316 3349 3449 3408 Eine
3474 3353 3529 3406 δὲ
3562 3352 3753 3406 Ἠσαῦ

2158 3444 2216 3496 ὲν
2242 3447 2308 3515 τῇ
2337 3442 2562 3516 διανοίᾳ·
2607 3444 3014 3514 Ἐγγισάτωσαν
3045 3448 3100 3500 αἱ
3128 3445 3331 3518 ἡμέραι
3366 3444 3460 3499 τοῦ
3509 3442 3751 3516 πένθους

2158 3534 2253 3590 τοῦ
2287 3536 2492 3607 πατρός
2522 3554 2643 3606 μου,
2675 3537 2763 3591 ἵνα
2798 3538 3107 3592 ἀποκτείνω
3153 3536 3349 3591 Ἰακὼϐ
3382 3537 3473 3590 τὸν
3507 3535 3744 3605 ἀδελφόν

2162 3645 2289 3700 μου,
2321 3629 2666 3701 Ἀπηγγέλθη
2698 3629 2754 3682 δὲ
2790 3632 2856 3701 τῇ
2901 3629 3168 3700 Ῥεϐέκκα
3200 3628 3268 3683 τὰ
3300 3628 3521 3700 ῥήματα
3561 3627 3753 3684 Ἠσαῦ,

2158 3718 2253 3772 τοῦ
2299 3719 2416 3775 υἱοῦ
2469 3720 2641 3790 αὐτῆς
2702 3720 2797 3774 τοῦ
2856 3719 3252 3793 πρεσϐυτέρου.
3315 3721 3419 3774 Καὶ
3475 3719 3745 3791 πέμψασα

2159 3809 2421 3864 ἐκάλεσεν
2473 3810 2669 3865 Ἰακὼϐ
2710 3810 2803 3865 τὸν
2832 3811 2950 3864 υἱὸν
2980 3810 3149 3882 αὐτῆς
3191 3809 3282 3863 τὸν
3309 3808 3591 3879 νεώτερον,
3643 3809 3746 3861 καὶ

2159 3899 2311 3958 εἶπεν
2335 3903 2503 3974 αύτῷ·
2551 3904 2682 3961 Ἰδοὺ
2724 3902 2896 3958 Ἠσαῦ
2940 3904 2969 3957 6
2994 3902 3221 3973 ἀδελφός
3268 3920 3363 3956 σου
3397 3901 3613 3955 ἀπειλεῖ
3656 3918 3741 3953 ao:

2159 3995 2251 4049 τοῦ
2284 3996 2603 4050 ἀποκτεῖναί
2651 4013 2730 4049 σε.
2779 3993 2897 4056 Νῦν
2943 3990 3058 4057 οὖν,
3113 3994 3325 4061 τέκνον,
3363 3992 3595 4048 ἄκουσόν
3634 4007 3743 4062 μου

2160 4089 2260 4158 τῆς
2300 4064 2633 4158 φωνῆςδκαὶ
2682 4085 2923 4150 ἀναστὰς
2957 4086 3222 4160 ἀπόδραθι
3252 4087 3332 4150 εἰς
3362 4086 3462 4158 τὴν
3487 4086 3743 4139 Μεσοπο-

2160 4179 2383 4252 ταμίαν,
2412 4179 2550 4251 πρὺς
2604 4178 2791 4234 Λάϐαν
2821 4179 2912 4233 τὸν
2960 4179 3186 4249 ἀδελφόν
3227 4196 3331 4251 μου
3366 4180 3446 4243 εἰς
3486 4176 3742 4248 Χαρράν.

2160 4271 2270 4325 Καὶ
2298 4270 2520 4342 οῖκησον
2573 4272 2693 4342 μετ’
2729 4269 2895 4324 αὐτοῦ
2938 4269 3151 4343 ἡμέρας
3182 4269 3335 4333 τινὰς
3362 4269 3467 4333 ἕως
3492 4266 3586 4322 τοῦ
3605 4267 3771 4335 ἀποε

2161 4362 2388 4433 στρέψαι
2432 4362 2526 4418 τὸν
2570 4362 2742 4435 θυμὸν
2770 4362 2866 4417 καὶ
2896 4362 2994 4434 τὴν
3017 4363 3192 4435 ὀργὴν
3226 4361 3320 4416 τοῦ
3354 4361 3581 4432 ἀδελφοῦ
3622 4378 3744 4425 σου,

2159 4454 2254 4509 καὶ
2285 4455 2610 4526 ἐπιλάθηται
2636 4455 2673 4509 ἃ
2701 4456 3007 4526 πεποίηκας
3040 4455 3211 4527 αὐτῷ,
3250 4456 3345 4510 καὶ
3372 4455 3745 4510 ἀποστείλασα

2162 4546 2591 4617 μεταπέμψομαί
2619 4564 2678 4600 σε
2702 4547 2930 4613 ἐκεῖθεν,
2957 4548 3167 4619 μήποτε
3188 4547 3478 4602 ἀτεκνωθῶ
3503 4547 3609 4604 ἀπὸ
3632 4546 3745 4601 τῶν

2159 4638 2251 4691 δύο
2276 4637 2431 4709 ὑμῶν
2477 4639 2535 4690 ὲν
2567 4639 2666 4709 μιᾷ
2706 4638 2909 4711 ἡμέρᾳ.
2944 4657 2962 4690 ι
3007 4635 3140 4692 Εἶτα
3168 4642 3267 4710 τῆς
3311 4640 3617 4711 ἀποδημίας
3646 4639 3746 4692 εὐ-

2160 4731 2449 4798 πρόσωπον
2481 4731 2739 4802 ἀφορμὴν
2770 4730 3056 4801 ἐπορίζετο
3083 4731 3162 4802 τῷ
3192 4730 3314 4802 υἱῷ,
3345 4732 3434 4785 καὶ
3471 4732 3537 4803 δὴ
3566 4749 3743 4806 προσ-

2159 4822 2388 4875 ελθοῦσα
2414 4822 2493 4893 τῷ
2535 4821 2740 4882 Ἰσαὰκ,
2784 4820 2910 4891 ἔφη·
2945 4840 2963 4871 ι
3001 4820 3362 4891 Προσὼχθικα
3394 4824 3458 4893 τῇ
3492 4820 3603 4891 ζωῇ
3635 4838 3743 4891 μου

2158 4914 2246 4968 διὰ
2265 4914 2364 4978 τὰς
2392 4915 2701 4986 θυγατέρας
2726 4912 2990 4968 τῶν.υίῶν
3012 4914 3141 4979 Χέτ.
3177 4914 3239 4965 Εἰ
3266 4912 3498 4983 λήψεται
3543 4910 3745 4965 Ἰακὼϐ

2160 5008 2395 5075 γυναῖκα
2423 5006 2533 5061 ἀπὸ
2553 5006 2662 5060 τῶν
2693 5005 3013 5078 θυγατέρων
3044 5005 3143 5073 τῆς
3177 5004 3283 5073 γῆς
3314 5003 3538 5073 ταύτης,
3574 5003 3663 5056 ἵνα
3692 5001 3745 5055 τί

2162 5115 2252 5166 μοι
2299 5098 2361 5150 τὸ
2410 5096 2540 5168 ζῇνς
2581 5117 2598 5148 ι
2649 5098 2766 5152 Ἰνα
2816 5097 2926 5169 γὰρ
2980 5095 3055 5167 μὴ
3090 5095 3410 5167 ἀνεθέλητον
3446 5094 3524 5165 τῷ
3571 5094 3747 5163 πατρὶ

2159 5190 2364 5243 ποιοῖτο
2411 5189 2512 5259 τὴν
2567 5189 2883 5260 ἀποδρομὴν
2925 5190 2954 5243 6
2987 5188 3256 5259 μακάριος
3302 5186 3519 5252 Ἰακὼϐ,
3562 5186 3747 5255 λύπης

2158 5298 2216 5333 τε
2250 5281 2344 5333 καὶ
2372 5280 2539 5352 ὀργῆς
2580 5281 2919 5353 ἀναδειχθείη
2952 5279 3231 5351 πρόξενος,
3256 5279 3523 5350 εὐτέχνως
3547 5278 3608 5332 τὸ
3641 5278 3747 5346 γύιι

2158 5390 2307 5427 ναιον
2355 5372 2639 5427 ἀναπείθει
2674 5373 2765 5426 τὸν
2809 5374 3143 5445 πρεσϐύτην,
3195 5372 3588 5444 ἐπιτρέψαιτῷ
3638 5370 3749 5443 υίῷ

2156 5464 2285 5536 τὴν⁶
2303 5465 2632 5536 ἀποδημίαν.
2699 5486 2715 5516 ι
2770 5466 3291 5539 Προσκαλεσάμενος
3359 5466 3491 5537 γὰρ,
3552 5464 3740 5533 φησὶν,

2171 5555 2355 5610 Ἰσαὰκ
2384 5555 2473 5609 τὸν
2525 5556 2742 5640 Ἰακὼϐ,
2771 5558 3063 5630 εὐλόγησεν
3099 5558 3284 5624 αὐτὸν,
3315 5557 3410 5611 καὶ
3438 5556 3747 5611 ἐνετείλατο

2160 5646 2523 5719 αύτῷλέγων·
2560 5669 2577 5700 ι
2618 5650 2692 5703 Οὐ
2733 5649 2877 5723 λήψῃ
2921 5652 3157 5718 γυναῖκα
3183 5652 3247 5704 ἑκ
3274 5648 3380 5703 τῶν
3424 5647 3746 5718 θυγατέρων

543 5749 587 5779 ⁸⁸
619 5750 760 5836 [:sal:
797 5766 980 5812 xxxiii,
1006 5752 1061 5808 8.
1101 5753 1181 5836 __"
1202 5754 1472 5836 ρελιξτο-,ι
1500 5759 1691 5836 ltiti.
1771 5761 1815 5793 ⁸³
1839 5762 1939 5822 iss.
1976 5780 2061 5819 ut.

2257 5768 2301 5799 ⁸⁵
2331 5766 2489 5829 Rom.
2517 5783 2592 5834 tu,
2620 5767 2709 5825 Ἡ.
2787 5769 2832 5801 ⁷ο
2856 5768 3015 5829 loan.
3043 5785 3156 5836 vni,
3190 5768 3271 5824 l2.
3351 5767 3395 5798 ⁷¹
3456 5764 3652 5823 Matth.
3688 5778 3738 5828 ν,

473 5818 561 5882 ιο,
638 5821 682 5853 ⁷³
715 5821 852 5879 Gen.
896 5837 1057 5889 xxvii,
1089 5824 1279 5881 ιιι-ιδ.
1342 5831 1399 5867 ⁷³
1435 5829 1572 5885 Ibid.
1605 5829 1698 5890 46..
