4032 6198
301 318 397 377 181
1337 327 1859 389 οιΑΡιιγιιοιιυΜ

2006 330 2311 392 GENESIM
2348 336 2478 394 LIB.
2520 338 2613 395 IV.
3483 348 3588 405 ιεε

296 431 541 528 Χαναάν.
565 430 860 528 ’Ἀναστὰς
876 434 1142 508 ἀπόδραω
1172 438 1253 503 είς
1292 440 1392 512 τὴν
1438 442 1867 515 Μεσοποταμίαν

1996 446 2352 505 reditandum
2390 462 2595 509 terram
2636 450 2907 510 incolatus
2936 453 3037 521 tui,
3067 470 3233 528 quam
3264 454 3417 513 dedit
3440 458 3587 519 DNIS

299 532 378 587 εἰς
412 521 506 577 τὸν
535 515 688 578 οἷκον
723 524 972 598 Βαθουὴλ
1000 527 1096 582 τοῦ
1142 531 1350 603 πατρὸς
1373 532 1476 605 τῆς
1526 536 1737 608 μητρός
1773 555 1892 604 σου,
1924 515 1962 518 ἦ
2001 538 2237 598 Abrahae
2259 543 2331 599 ⁷⁸.
2360 563 2384 597 ι
3022 515 3033 521 ’
3086 515 3104 528 .
3465 515 3467 519 Υ
3605 602 3614 609 .

272 617 392 717 ⁵,καὶ
411 616 545 717 λάϐε
579 619 795 691 σεαυτῷ
820 624 1070 717 γυναῖκα
1096 624 1308 682 ἐκεῖθεν
1342 627 1408 683 ἐκ
1433 629 1543 684 τῶν
1565 630 1885 703 θυγατέρων
1921 633 2110 689 Δάϐαν
2137 636 2233 692 τοῦ
2267 637 2497 709 ἀδελφοῦ
2530 645 2631 714 τῆς
2697 643 2905 717 μητρός
2967 660 3087 700 σου.
3128 645 3189 698 Ὀ
3219 643 3276 700 δὲ
3305 644 3439 710 Θεός
3481 660 3583 715 μου

296 710 594 813 εύλργήσαι
637 731 705 813 σε
744 716 842 769 καί⁵
868 717 1104 789 αὐξῆσαι
1147 737 1206 773 σε
1240 724 1333 777 καὶ
1381 723 1647 794 πληθύναι
1680 744 1760 790 σε,
1793 728 1889 782 καὶ
1924 729 2022 803 ἔσῃ
2090 735 2172 798 εἰς
2209 735 2535 806 συναγωγὰς
2585 710 2792 805 ἐθνῶν,
2814 710 2928 794 ’καὶ
2953 739 3066 813 δῴη
3101 757 3185 794 σοι
3209 739 3308 813 τὴν
3332 710 3585 812 εὐλογίαν

312 808 707 910 Ἀϐραὰμ-τοῦ
984 832 1101 882 σου,
1147 818 1231 872 σοί⁵
1258 821 1353 875 κα)⁸
1381 821 1460 894 τῷ
1490 824 1765 897 σπέρματί
1830 844 1925 880 σου
1965 828 2106 900 μετὰ
2152 830 2234 897 αἱ,
2283 831 2695 907 κληρονομῆσαι
2743 835 2844 908 τὴν
2888 808 3011 909 γῆν*
3054 808 3153 909 τῆς
3199 808 3582 910 παροικήσνεώς

297 919 415 970 σου,
444 905 513 976 ἦν
544 906 746 962 ἔδωκεν
771 909 802 963 6
825 907 959 974 Θεὸς
980 911 1060 985 τῷ
1103 913 1371 988 Ἁϐραάμ.
1403 935 1424 970 ι

367 995 435 1066 β’.
469 997 639 1053 Ὀσον
671 1000 772 1071 μὲν
800 995 898 1055 οὖν
926 1001 1009 1068 είς
1040 1019 1106 1072 γε
1132 1005 1193 1060 τὸ
1229 1008 1469 1081 γράμμα
1497 1009 1591 1064 καὶ
1607 1009 1681 1067 τά
1700 1012 1765 1068 ἐκ
1790 1015 1891 1085 τῆς

293 1088 544 1160 ἱστορίας
590 1091 1027 1165 ύποδηλούμενα,
1061 1096 1267 1169 πρέποι
1316 1099 1384 1156 ἂν
1437 1102 1538 1157 οὐκ
1590 1104 1652 1159 ἐν
1706 1105 1891 1177 μικρῷ

293 1181 573 1236 ποιεῖσθαι
600 1181 841 1255 θαύματι
883 1187 983 1257 τήν
1008 1205 1068 1242 τε
1113 1188 1413 1247 Ῥεϐέκκαν
1450 1194 1644 1268 αὐτὴν,
1671 1197 1767 1252 καὶ
1798 1197 1901 1251 τὸν

293 1271 572 1371 μακάριον
876 1273 939 1371 ᾜ
989 1277 1089 1371 μεν
1138 1279 1247 1353 γὰρ
1272 1281 1350 1347 ὡς
1374 1284 1664 1357 προύχοντι
1694 1286 1775 1358 τῷ
1795 1287 1867 1342 ἀν

1985 1305 2182 1362 preces
2208 1294 2476 1353 offerebat
2496 1314 2596 1371 pro
2625 1298 2757 1355 filio.
2786 1300 2888 1356 llic
2911 1316 3043 1357 vero
3075 1309 3287 1356 naturae
3316 1271 3491 1371 legem
3515 1300 3573 1355 in

288 1363 379 1470 ξρὶ
399 1366 773 1470 προσεκόμιζε
804 1368 979 1442 λιτὴν,
1003 1370 1102 1444 τὴν
1128 1373 1221 1427 ἐπί
1254 1390 1316 1444 γε
1340 1375 1419 1449 τῷ
1458 1377 1582 1449 υίῷ,
1618 1379 1781 1451 φημί.
1828 1380 1867 1435 't

1985 1382 2277 1439 consilium
2299 1363 2591 1456 adhibens,
2616 1400 2677 1446 ut
2703 1406 2734 1446 a
2755 1391 2963 1463 nuptiis
2983 1407 3106 1463 quae
3126 1391 3290 1447 matri
3319 1363 3432 1447 suae
3459 1407 3572 1447 non

287 1451 348 1506 δὲ
376 1453 470 1555 τὸν
499 1455 602 1526 τῆς
631 1455 851 1555 (μύσεως
889 1458 1053 1530 νόμον
1104 1460 1342 1517 ἐποιεῖτο
1390 1466 1735 1538 παραχρῆμα
1787 1464 1867 1521 τοῐ

1983 1473 2283 1545 placerent,
2308 1451 2634 1549 abstineret,
2672 1451 2938 1555 praecepit
2962 1502 2977 1539 :
3000 1451 3268 1541 erudiens
3301 1483 3569 1555 quodam-

291 1543 601 1648 πρέποντος
650 1546 982 1621 βραϐευτὴν,
1027 1553 1126 1606 κα)⁸
1154 1552 1248 1607 τὸν
1274 1554 1598 1627 ἀνεθέλητον
1623 1559 1688 1629 τῇ
1717 1558 1867 1630 μητρ¹

1982 1543 2148 1622 modo
2186 1566 2361 1625 instar
2392 1572 2559 1628 catuli
2586 1543 2736 1642 eum,
2768 1543 2875 1646 qui
2927 1591 2997 1632 ex
3030 1575 3152 1647 ipso
3185 1543 3341 1631 ortus
3370 1575 3570 1648 pieque

287 1637 469 1708 γάμον
503 1639 892 1711 παραιτεῖσθαι
931 1643 1272 1716 προστέταχε
1300 1646 1380 1719 τῷ
1402 1647 1531 1720 υἱῷ,
1567 1649 1867 1707 κολακεύωι

1979 1660 2247 1719 educatus
2272 1672 2414 1731 erat,
2439 1673 2497 1721 et
2525 1637 2769 1737 paterna:
2785 1637 3020 1724 uirtutis
3037 1637 3284 1739 {estigiis
3316 1637 3569 1723 insistere

282 1728 490 1812 τρόπον
526 1730 651 1784 τινὰ
708 1730 801 1786 τὸν
839 1732 898 1800 ἐξ
942 1734 1108 1788 αὐτοῦ
1144 1736 1320 1805 φύντα
1364 1739 1458 1793 καὶ
1503 1740 1867 1813 τεθραμμένοι

1975 1755 2199 1826 jubens.
2231 1728 2442 1814 Passim
2469 1728 2617 1814 enim
2638 1759 2827 1815 videre
2850 1767 2936 1815 est
2961 1728 3210 1815 divinum
3239 1758 3408 1815 Jacob
3430 1773 3570 1830 pra:-

285 1820 552 1930 εύσεϐὦς,
579 1824 703 1930 κατ’
740 1822 885 1894 ῐχνος
917 1825 1054 1880 ἰέναι
1091 1828 1191 1900 τῆς
1219 1829 1477 1902 πατρῴας
1501 1832 1722 1904 ἀρετῆς.
1740 1834 1867 1888 Παν-

1976 1819 2157 1918 ceptis
2188 1850 2434 1920 paternis
2466 1850 2963 1921 obtemperantem,
3007 1859 3065 1907 et
3108 1850 3280 1906 veluti
3321 1819 3567 1921 apertam

283 1912 429 1983 ταχῆ
457 1912 568 1984 γάρ
587 1913 896 1986 εὑρήσομεν
927 1916 1019 1971 τὸν
1058 1917 1346 1975 θεσπέσιον
1384 1921 1602 1989 Ἰακὼϐ,
1629 1926 1743 1988 τοῖς
1770 1924 1867 1978 τῶι

1980 1912 2319 2009 minimeque
2356 1912 2894 2011 obscuram-pietatis
2917 1912 3046 2011 erga
3082 1940 3256 1996 Deum
3288 1912 3567 2012 significa-

284 2004 695 2107 γεγεννηκότων
740 2007 960 2063 εἴκοντα
1004 2010 1263 2084 νεύμασι,
1290 2014 1385 2069 καὶ
1431 2017 1659 2088 μήνυσιν
1688 2018 1867 2092 ὥσπερ

1980 2030 2187 2086 tionem
2214 2046 2330 2102 prae
2356 2046 2414 2087 se
2438 2031 2729 2089 ferentem.
2762 2032 3041 2101 Quantum
3076 2049 3211 2089 vero
3247 2033 3315 2089 ad
3344 2034 3566 2106 Spirita~

283 2099 493 2201 ἐναργῗι
530 2113 590 2150 τε
625 2099 719 2151 καὶ
754 2100 855 2154 οὐκ
880 2101 1180 2173 ἀμφίλογον
1197 2105 1300 2176 τῆς
1320 2108 1401 2170 είς
1427 2107 1560 2162 Θεὸν
1596 2109 1867 2176 εὐσεϐείας

1977 2123 2086 2180 lem
2135 2099 2657 2195 contemplationem
2699 2099 2935 2193 attinet,
2982 2127 3149 2183 altius
3201 2099 3566 2197 repetendum
3610 2114 3613 2117 ’

368 2188 564 2293 χρῆμέ⁵
612 2190 959 2263 ποιούμενον.
1028 2195 1194 2252 Ὅσον
1227 2197 1284 2252 δὲ
1330 2193 1466 2271 ἧκεν
1516 2202 1597 2266 είς
1642 2202 1867 2275 θεωρίας

1977 2229 2286 2272 sermonem
2341 2231 2465 2273 esse
2509 2217 2775 2273 arbitror.
2839 2219 2919 2274 lta
2966 2219 3117 2275 enim
3169 2216 3565 2287 contemplatio

281 2276 835 2390 λόγονζοῖμαιὶίέναι
877 2285 979 2359 τὴν
1023 2287 1280 2344 ἐσωτάτω
1314 2292 1539 2364 πορείαν
1579 2293 1645 2367 δὴ
1688 2295 1867 2362 πάλινΙ

1975 2307 2269 2378 perspicua
2321 2308 2481 2365 facile
2526 2307 2642 2366 fiet.
2696 2309 2947 2366 Rebecca
3000 2310 3150 2366 enim
3205 2325 3331 2366 cum
3382 2276 3565 2363 adhuc

282 2369 594 2442 ἀναμνῆσαι
624 2370 683 2425 δὲ
730 2372 841 2427 δεῖν
878 2374 1055 2429 ἐκεῖνο
1098 2376 1486 2449 ὑπολαμϐάνω.
1529 2378 1629 2452 Είη
1653 2381 1762 2452 γάρ
1808 2382 1867 2437 ἂν

1976 2369 2136 2457 utero
2168 2410 2411 2473 gestaret
2448 2418 2549 2473 par
2591 2402 2728 2458 illud
2768 2402 3003 2458 fratrum
3036 2418 3105 2459 ex
3138 2404 3255 2474 ipsa
3283 2409 3560 2465 natorum,

280 2462 380 2514 ὡδὶ
445 2463 542 2517 καὶ
590 2463 713 2517 λίαν
741 2465 977 2537 ἀπονητὶ
1010 2467 1322 2536 καταφανὲς
1356 2469 1417 2523 τὸ
1439 2468 1721 2543 θεώρημα.
1757 2473 1867 2527 Ῥε-

1976 2492 2354 2549 intolerabiles
2394 2493 2565 2549 animi
2620 2494 2843 2550 dolores
2881 2509 3140 2565 perpessa
3182 2502 3287 2559 est,
3326 2492 3468 2547 adeo
3502 2498 3565 2547 ut

279 2552 458 2609 ϐέκκα
490 2554 595 2626 μέν
646 2556 757 2627 γὰρ
808 2554 913 2628 πρὸ
940 2558 1126 2623 ὠδῖνος
1152 2559 1233 2613 ἐτι
1266 2559 1367 2631 τῆς
1397 2561 1490 2615 ἐπὶ
1523 2563 1668 2634 τόκῳ
1706 2566 1867 2636 φημὶ,

1975 2584 2142 2639 etiam
2176 2585 2244 2640 de
2273 2584 2386 2640 vita
2414 2585 2845 2656 periclitaretur,
2880 2552 3321 2640 subsultantibus
3362 2582 3563 2636 immo-

274 2646 390 2699 τῶν
421 2646 482 2712 ἐξ
527 2647 701 2720 αὐτῆς
748 2650 1049 2720 γεγονότων
1084 2651 1428 2724 κυοφοροῦσα
1451 2653 1550 2724 τὴν
1580 2655 1867 2727 ξυνωρίδα,

1969 2670 2163 2726 derate
2195 2671 2251 2727 in
2287 2646 2448 2729 utero
2487 2646 3069 2730 infantibus.’beinde
3116 2673 3249 2745 quid
3294 2672 3419 2732 hoc.
3454 2670 3561 2727 sibi

269 2735 621 2809 ϐυσερόρητον
671 2740 872 2812 κομιδῇ
916 2740 1016 2811 τὴν
1047 2741 1362 2814 δυσφημίαν
1408 2744 1641 2816 ἐδέχετο,
1673 2747 1770 2802 καὶ
1814 2748 1867 2802 ἐν

1971 2763 2140 2818 vellet
2170 2764 2346 2819 Deum
2373 2764 2649 2821 sciscitata
2674 2774 2763 2822 est
2789 2766 2980 2822 dicens
3007 2784 3020 2821 :
3052 2786 3072 2819 ι
3100 2735 3158 2821 Si
3188 2766 3270 2820 sic
3303 2764 3441 2820 mihi
3468 2763 3560 2821 fu-

2058 1017 2115 1072 2.
2154 1017 2434 1086 Quantum
2464 1021 2634 1094 igitur
2664 1024 2864 1083 attinet
2889 1025 2958 1081 ad
2991 1025 3255 1092 litteram,
3282 1034 3341 1082 ct
3363 1024 3433 1081 ad
3467 1041 3575 1080 nu-

1987 1106 2111 1163 dam
2152 1110 2460 1179 historiam,
2482 1131 2593 1170 non
2626 1132 2820 1187 parum
2850 1117 3171 1173 admiranda
3207 1124 3292 1173 est
3327 1117 3574 1174 Rebecca

1987 1199 2107 1270 ipsa
2136 1208 2195 1256 et
2213 1202 2408 1261 beatus
2442 1207 2612 1263 Isaae.
2649 1208 2747 1263 llla
2771 1210 2918 1265 enim
2958 1210 3161 1265 marito
3198 1216 3260 1265 ut
3299 1208 3575 1280 superiori

270 2828 464 2892 αὐτοῖς
487 2825 557 2901 ἦν
582 2830 684 2903 ἠδη
718 2833 834 2896 τοῖς
865 2830 959 2886 τοῦ
983 2830 1217 2888 θανάτου
1236 2833 1509 2904 δείμασιν·
1556 2836 1658 2890 οὐκ
1690 2837 1749 2890 ἐν
1777 2854 1874 2910 με-

272 2917 452 2989 τρίοις
486 2919 659 2973 ὄντων
714 2923 1053 2992 σκιρτήμασι
1089 2922 1201 2977 τῶν
1231 2923 1510 2996 ἐμϐρύων.
1562 2922 1697 2980 Εἶτα
1724 2926 1873 2980 τίτὺ

273 3009 469 3081 χρῆμα
489 3009 869 3065 διαλανθάνειν
898 3012 1089 3084 ἢθελεν
1116 3015 1454 3088 ἐπερωτῶσα
1498 3016 1634 3073 Θεὸν
1667 3020 1761 3074 καὶ
1785 3020 1872 3074 λέ-

270 3116 473 3168 γουσα-
504 3118 524 3151 ι
558 3101 624 3154 Εἰ
673 3102 820 3156 οὕτω
871 3120 965 3175 μοι
1018 3105 1201 3176 μέλλει
1252 3108 1527 3177 γενέσθαι,
1557 3110 1644 3165 ἵνα
1694 3112 1746 3165 τί
1777 3130 1868 3184 μοι

268 3188 472 3256 τοῦτος
512 3209 535 3241 ι
566 3191 678 3246 Καὶ
709 3192 764 3246 τί
811 3194 951 3265 πρὸς
974 3196 1172 3253 ,ταῦτα
1207 3200 1236 3252 6
1263 3197 1431 3264 Θεόςς
1475 3200 1580 3255 Δύο
1617 3201 1745 3275 ἔθνη
1773 3205 1869 3259 καὶ

267 3280 369 3335 δύο
406 3280 530 3336 λαοὶ
550 3284 617 3337 ἐκ
642 3285 743 3355 τῆς
768 3286 977 3351 κοιλίας
1001 3305 1094 3341 σου
1115 3289 1594 3364 διασταλήσονται,
1623 3296 1717 3348 καὶ
1742 3296 1870 3362 λαὸς

269 3372 409 3427 λαοῦ
430 3374 712 3446 ὑπερέξει,
734 3379 887 3450 φησὶ,
911 3379 1004 3433 καὶ
1025 3381 1053 3433 6
1076 3381 1278 3453 μείζων
1304 3382 1578 3439 δουλεύσει
1603 3386 1681 3458 τῷ
1709 3388 1868 3445 ἐλάτο

268 3482 416 3520 τονι.
455 3485 476 3520 ι
517 3466 730 3524 Οὐκοῦν
778 3471 861 3533 είς
909 3470 1077 3526 τύπον
1131 3464 1567 3548 παραδεξώμεθα
1617 3479 1728 3536 τῶν
1774 3480 1870 3537 δύο

269 3556 444 3621 λαῶν,
470 3557 568 3613 τοῦ
597 3576 658 3613 τε
687 3559 749 3625 ἐξ
796 3562 1031 3636 Ἰσραὴλ,
1061 3565 1159 3619 καὶ
1186 3564 1280 3620 τοῦ
1308 3566 1396 3622 διὰ
1422 3568 1679 3635 πίστεως,
1696 3573 1867 3631 Ἡσαῦ

268 3662 332 3700 τε
374 3647 475 3700 καὶ
517 3647 735 3703 Ἰακώϐ·
764 3650 881 3704 ἀλλ’
925 3671 944 3704 ι
1003 3652 1297 3721 Ἐνεκότει,
1337 3657 1523 3727 φησιν,
1568 3659 1742 3716 Ἦσαῦ
1790 3662 1868 3735 τῷ

280 3737 506 3807 Ἰακὼϐ,
543 3758 563 3792 ι
598 3741 681 3794 ὅτι
721 3741 823 3812 μὲν
856 3743 962 3798 τῶν
996 3746 1308 3817 πρεσϐείων
1327 3748 1588 3824 ἐστέρητο
1606 3769 1869 3809 καταπω-

271 3826 447 3901 λήσας
468 3830 539 3884 τὰ
582 3834 952 3904 πρωτοτόκια,
985 3837 1079 3895 καὶ
1121 3838 1321 3909 παρεὶς
1347 3840 1520 3913 ἑτέρῳ
1545 3842 1644 3916 τὴν
1670 3845 1866 3901 ἐαυτοῦ

270 3921 463 3994 τιμὴν,
498 3923 596 3977 καὶ
624 3926 725 3995 μὲν
766 3926 851 3981 ὅτι
891 3929 988 3982 καὶ
1032 3928 1285 4001 δεύτερος
1334 3932 1403 3986 τὰ
1439 3934 1504 3987 ἐκ
1554 3934 1656 4006 τῆς
1691 3935 1867 4009 θήρας

273 4017 669 4086 προσαγαγὼν,
702 4019 804 4091 τῆς
853 4019 1106 4089 εὐλογίας
1152 4021 1441 4096 διήμαρτε.
1464 4025 1735 4101 Ταύτῃτοι
1774 4031 1867 4085 καὶ

273 4107 334 4158 ἐν
359 4107 577 4179 ἀγρίοις
595 4103 665 4181 ἦν
692 4110 796 4182 ἢδη
828 4112 1132 4184 σκέμμασι,
1164 4118 1260 4170 καὶ
1282 4115 1375 4170 τὸν
1402 4116 1483 4189 τῷ
1514 4119 1695 4190 φθόνῳ
1724 4121 1865 4193 σύμ-

273 4200 451 4268 φρονά
496 4217 560 4254 τε
587 4201 685 4256 καλ⁵
734 4199 964 4275 ἀδελφὸν
1007 4207 1241 4277 ἐμελέτα
1281 4209 1463 4279 φόνον.
1504 4211 1774 4267 Ἐνεκότει
1807 4213 1866 4270 δὲ

269 4292 499 4360 ὁμοίως,
526 4294 621 4348 καὶ
648 4294 948 4367 ἐπεμήνισε
973 4296 1164 4363 δεινῶς
1201 4299 1229 4353 6
1250 4302 1592 4373 πρωτότοκος
1625 4301 1863 4379 Ἰσραὴλ,

271 4386 388 4447 τοῖς
403 4386 463 4439 ἐν
490 4386 673 4440 πίστει
705 4388 803 4442 καὶ
844 4389 1167 4459 μετκαύτὸν,
1199 4394 1468 4459 τουτέστι,
1487 4395 1566 4466 τῷ
1593 4396 1698 4468 νέῳ
1725 4397 1860 4469 λαῷ.

1974 2862 2166 2909 turum
2186 2863 2289 2920 est,
2316 2871 2486 2926 quare
2514 2856 2649 2911 mihi
2675 2856 2815 2912 hoc?
2838 2875 2859 2910 ι
2886 2855 3204 2927 Respondet
3224 2870 3358 2911 vero
3380 2855 3556 2910 Deus:

1979 2965 2001 2998 ι
2026 2946 2159 3003 Duae
2200 2955 2393 3019 gentes
2430 2949 2488 3004 in
2516 2956 2674 3005 utero
2703 2957 2799 3005 tuo
2837 2956 2988 3015 sunt,
3019 2957 3077 3005 et
3119 2948 3231 3004 duo
3261 2946 3451 3019 populi
3490 2961 3559 3003 ex

1971 3045 2132 3094 utero
2156 3046 2250 3095 tuo
2269 3039 2611 3106 dividentur,
2629 3050 2685 3096 et
2700 3041 2937 3111 populus
2958 3039 3223 3111 populum
3250 3038 3554 3109 superabit,

1969 3138 2027 3186 et
2053 3131 2228 3202 major
2247 3132 2451 3188 serviet
2474 3132 2676 3188 minori
2700 3134 2770 3188 ⁷⁸.
2796 3151 2815 3185 ι
2847 3130 3166 3188 Statuamus
3183 3130 3368 3202 itaque
3389 3129 3559 3187 Jacob

1970 3230 2028 3280 et
2062 3224 2205 3280 Esau
2250 3224 2307 3279 in
2354 3233 2544 3297 typum
2592 3225 2829 3281 duorum
2876 3222 3229 3296 populorum,
3272 3222 3556 3278 lsraelitici

1969 3313 2231 3370 nimirum
2253 3323 2309 3370 et
2332 3314 2824 3374 ﬁdelissCaeterum
2854 3334 2872 3367 ι
2900 3315 3217 3387 indignatus
3234 3321 3337 3379 cst,
3355 3314 3555 3385 inquit,

1969 3406 2115 3462 Esau
2139 3406 2299 3462 fratri
2332 3423 2433 3463 suo
2463 3408 2632 3464 Jacob
2664 3409 2732 3475 ⁷⁵,
2763 3427 2781 3460 ι
2806 3407 2955 3479 quod
2989 3406 3190 3478 emptis
3217 3405 3557 3478 primogeni-

1971 3494 2044 3550 tis
2083 3494 2266 3565 ipsum
2307 3496 2758 3567 primogenitum
2803 3512 2917 3566 sua:
2960 3496 3135 3568 glori'a
3183 3495 3447 3566 privarat,
3500 3502 3558 3550 et

1970 3600 2132 3641 suum
2170 3586 2335 3642 alteri
2359 3587 2613 3663 prabens
2644 3586 2935 3654 honorem,
2959 3585 3219 3658 quodque
3259 3584 3554 3656 posterior,

1968 3676 2205 3733 atl'crens
2247 3684 2463 3748 pastum
2507 3693 2576 3733 ex
2606 3685 2807 3733 venatu
2840 3677 3226 3733 benedictione
3271 3675 3560 3731 fraudatus

1968 3772 2133 3821 esset.
2160 3765 2371 3822 Idcirco
2399 3765 2607 3822 ferocia
2634 3766 2901 3822 adversus
2931 3781 3059 3821 eum
3083 3764 3314 3822 consilia
3343 3765 3468 3829 init,
3497 3773 3554 3819 et

1968 3857 2174 3913 caedem
2193 3857 2417 3919 invidiae
2434 3868 2750 3915 consortem
2769 3866 2826 3914 et
2843 3858 3069 3914 fratrem
3090 3857 3274 3912 animo
3288 3855 3553 3924 concipit.
3568 3862 3575 3883 ί

1967 3949 2288 4021 Indignatus
2325 3966 2459 4007 vero
2488 3959 2574 4007 est
2605 3951 2882 4016 similiter,
2924 3957 2982 4005 et
3022 3950 3264 4022 graviter
3304 3947 3556 4004 infensus

1967 4039 2370 4111 primogenitus
2410 4039 2575 4095 Israel
2611 4040 2680 4095 iis
2717 4040 2814 4110 qui
2860 4039 2915 4094 in
2954 4038 3060 4094 fide
3106 4053 3172 4094 ac
3208 4046 3334 4110 post
3368 4038 3554 4110 ipsum

1965 4137 2145 4195 erant,
2172 4130 2279 4185 hoc
2299 4137 2406 4197 est,
2437 4146 2583 4186 novo
2620 4132 2846 4203 populo.
2885 4131 3172 4205 Siquidem
3206 4132 3385 4204 primo
3426 4132 3551 4188 loco

1966 4222 2111 4293 apud
2132 4222 2307 4278 Deum
2330 4231 2418 4279 est
2449 4224 2805 4292 constitutus,
2837 4232 2894 4281 et
2923 4241 3026 4296 pro
3055 4224 3419 4297 primogenita
3448 4224 3549 4281 ha-

1965 4315 2135 4381 bitus,
2165 4329 2513 4387 supernaque
2540 4316 2929 4373 benedictione
2955 4317 3150 4387 plenus
3172 4316 3295 4381 fuit,
3320 4316 3548 4388 gratiam

1967 4406 2022 4461 in
2044 4406 2266 4463 Christo
2303 4423 2402 4478 per
2435 4407 2692 4478 spiritum
2716 4414 3067 4464 consecutus.
3089 4407 3333 4463 Adortus
3356 4407 3549 4477 utique

288 4474 439 4529 Ἐπεί
466 4494 554 4537 τοι
573 4477 801 4547 γέγονεν
840 4481 900 4535 ἐν
937 4480 1088 4548 τάξει
1114 4486 1180 4557 τῇ
1208 4484 1401 4559 πρώτῃ
1422 4487 1574 4559 παρά
1603 4488 1742 4560 Θεῷ,
1768 4489 1863 4545 καὶ

1969 4509 2052 4555 cst
2078 4515 2175 4555 eos
2199 4474 2381 4570 qui-in
2411 4474 2633 4555 Christo
2656 4508 2785 4554 sunt
2814 4515 2913 4571 per
2939 4497 3104 4554 ﬁdem
3134 4497 3325 4563 Israel,
3346 4474 3547 4552 volun-

274 4567 334 4620 ἐν
376 4570 730 4640 πρωτοτόκου
770 4572 936 4645 μοίρᾳ
981 4573 1312 4645 λελόγισται,
1345 4578 1440 4633 καὶ
1470 4579 1720 4651 εὐλογίας
1766 4583 1866 4653 τῆς

271 4662 485 4718 ἀνωθεν
513 4663 814 4734 ἐπίμεστος
838 4661 927 4739 ἦν,
958 4666 1058 4738 τὴν
1091 4669 1149 4724 ἐν
1186 4670 1407 4742 Χριστῷ
1434 4671 1522 4726 διὰ
1554 4675 1865 4746 πνεύματος

269 4753 734 4825 καταπλουτήσας
761 4755 944 4827 χάριν.
976 4757 1277 4828 Ἐπεφύετο
1301 4760 1366 4832 δὴ
1391 4758 1486 4815 οὖν
1510 4766 1623 4828 τοῖς
1647 4767 1706 4819 ἐν
1725 4766 1862 4837 Χρι-

270 4842 491 4914 στῷδιά
518 4844 756 4911 πίστεως
781 4849 811 4900 6
844 4847 1081 4921 Ἶσραήλ’
1110 4850 1235 4905 ὅσον
1269 4851 1328 4905 δὲ
1353 4846 1489 4925 ἧκεν
1515 4857 1595 4919 εἰς
1627 4855 1686 4910 τὸ
1711 4856 1862 4930 αὐτῷ

263 4936 485 5001 δοκοῦν,
505 4940 601 4994 καὶ
620 4940 701 5005 εἰς
723 4940 951 5012 δύναμιν
973 4943 1414 5016 ἐγχειρημάτων,
1435 4948 1529 5003 καὶ
1549 4949 1747 5021 πικρὸς
1762 4950 1856 5021 γέ-

263 5044 397 5097 γονε
433 5032 720 5103 φονευτὴς,
750 5031 961 5099 διώξεις
989 5036 1321 5105 ἐπενεγκὼν,
1347 5039 1442 5094 καὶ
1465 5042 1577 5106 τοῖς
1591 5043 1656 5096 ἐκ
1692 5044 1855 5112 φόνου

262 5121 371 5173 καὶ
402 5122 701 5191 βασκανίας
722 5124 1184 5197 κατατιτρώσκων
1207 5129 1440 5202 βέλεσιν.
1484 5132 1624 5186 Ἀλλ’
1640 5133 1857 5188 ἔπειθεν

261 5215 300 5284 ἡ
320 5212 592 5266 Ῥεϐέκκα
608 5213 916 5291 λτὸνΊακὼϐ
940 5217 1007 5271 τά
1042 5217 1182 5274 οἴκοι
1217 5220 1449 5292 μεθέντα
1470 5225 1856 5294 παραιτεῖσθαι

259 5305 362 5357 τὸν
383 5306 635 5375 ἀδελφόν·
670 5308 806 5363 ἰέναι
824 5326 886 5362 τε
923 5310 1063 5381 πρὸς
1091 5312 1279 5366 Λάϐαν
1310 5312 1597 5384 ἀνθρωπον
1616 5310 1625 5319 ’
1642 5315 1853 5371 εἰδωλο-

257 5397 495 5470 λάτρην.
536 5399 857 5473 Προῦτρεπε
894 5401 953 5457 δὲ
985 5403 1082 5458 καὶ
1111 5404 1273 5469 αὐτὸς
1294 5406 1324 5459 6
1353 5404 1639 5471 θεσπέσιος
1655 5406 1856 5475 Ἰσαὰκ,

254 5490 289 5541 6
313 5489 410 5542 τοῦ
454 5490 654 5546 Ἰακὼϐ
693 5493 880 5565 πατὴρ
904 5495 1286 5567 παραιτεῖσθαι
1338 5496 1439 5567 μὲν
1467 5498 1647 5568 γάμον
1670 5499 1763 5553 τὸν
1795 5502 1860 5556 ἐκ

259 5580 518 5643 Χαναὰν,
539 5583 791 5652 ἐφίεσθαι
826 5585 884 5641 δέ
916 5585 1118 5658 μᾶλλον
1158 5586 1254 5641 τοῦ
1303 5588 1575 5643 ποιεῖσθαι
1609 5590 1865 5646 σύνοικον

1962 4597 2184 4661 taleque
2209 4598 2266 4645 et
2288 4589 2580 4646 conatibus
2605 4588 2883 4644 homicida
2915 4588 3166 4653 effectus,
3202 4585 3546 4658 persecqu—

1958 4683 2124 4739 nibus
2157 4683 2444 4747 infestans,
2480 4683 2638 4752 112
2664 4690 2829 4752 atque
2856 4680 3077 4737 invidiae
3099 4680 3223 4737 telis
3247 4680 3544 4735 lacessens.

1958 4775 2228 4832 Caeterum
2248 4775 2422 4832 suasit
2446 4774 2694 4831 Rebecca
2729 4775 2899 4831 Jacob
2914 4784 2996 4841 ut,
3019 4775 3209 4831 relicta
3228 4773 3415 4838 domo,
3432 4772 3545 4827 fra-

1958 4880 2099 4926 trem
2120 4869 2354 4941 fugeret,
2373 4868 2660 4939 adiretque
2677 4867 2862 4924 Laban
2877 4869 3157 4924 hominem
3172 4866 3542 4923 idololatram.

1962 4958 2226 5030 Praecepit
2246 4972 2381 5013 vero
2412 4956 2579 5012 etiam
2602 4957 2754 5013 Isaac
2785 4966 2943 5029 pater
2965 4958 3190 5020 Jacobo,
3223 4970 3292 5010 ne
3317 4955 3545 5009 duceret

1963 5063 2189 5105 uxorem
2221 5046 2609 5113 Chananazam,
2635 5047 2730 5103 sed
2763 5048 2949 5119 potius
2969 5063 3038 5103 ex
3069 5046 3286 5101 ﬁliabus
3314 5043 3538 5098 Laban:

1961 5138 2292 5210 periclitanti
2325 5139 2474 5194 enim
2516 5147 2574 5196 et
2611 5139 3088 5211 persecutionibus
3115 5136 3372 5191 infestato
3396 5149 3543 5190 novo

1960 5233 2183 5304 populo,
2206 5240 2269 5287 ut
2293 5232 2695 5289 homicidarum
2731 5233 2840 5287 iras
2871 5230 3059 5302 fugiat,
3084 5228 3386 5300 prudenter
3404 5243 3541 5283 con-

1958 5323 2132 5379 suluit
2157 5323 2426 5391 Ecclesia,
2457 5325 2617 5397 cujus
2643 5332 2805 5397 typus
2842 5330 2928 5380 est
2961 5322 3232 5379 Rebecca.
3277 5319 3547 5392 Ejusdem

1957 5432 2090 5473 vero
2108 5417 2393 5473 sententiae
2415 5424 2500 5473 est
2523 5415 2688 5473 etiam
2721 5415 2837 5487 ipse
2862 5415 3125 5472 Rebeccae
3149 5426 3405 5484 sponsus,
3434 5411 3542 5468 hoc

1957 5518 2045 5565 est
2089 5508 2378 5573 Christus,
2419 5507 2663 5564 devitarc
2714 5507 2937 5578 quidem
2980 5507 3184 5580 jubens
3236 5503 3539 5576 spiritalem

1956 5596 2254 5651 amicitiam
2288 5611 2413 5653 cum
2440 5595 2507 5651 iis
2537 5594 2631 5667 qui
2668 5594 2852 5695 impiis
2876 5596 3107 5670 ﬂagrant
3135 5594 3255 5660 iris,
3280 5601 3337 5650 et
3363 5593 3549 5651 caedes

348 5761 367 5795 ⁷
390 5758 562 5818 1'ch.
594 5780 777 5832 ιινιιι,
820 5734 939 5824 1-4.
1011 5773 1057 5805 ⁷⁵
1085 5770 1221 5829 Gen.
1256 5788 1378 5839 xxv,
1413 5772 1501 5839 22,
1530 5771 1620 5826 ‘25.
1698 5774 1743 5804 7‘
1766 5776 1906 5831 Gen.
1935 5790 2096 5841 χχιιι,
2124 5773 2211 5830 tl.
