  <div class='ocr_page' id='page_1' title='image "/cluster/home/n/w/nwhite01/storage/ocr_20150623/69/hvd.32044073501983/097.png"; bbox 0 0 4032 6198; ppageno 0'>
   <div class='ocr_carea' id='block_1_1' title="bbox 462 333 567 389">
    <p class='ocr_par' dir='ltr' id='par_1_1' title="bbox 462 333 567 389">
     <span class='ocr_line' id='line_1_1' title="bbox 462 333 567 389; baseline 0.01 -1"><span class='ocrx_word' id='word_1_1' title='bbox 462 333 567 389; x_wconf 64' lang='lat'><strong>£85</strong></span> 
     </span>
    </p>
   </div>
   <div class='ocr_carea' id='block_1_2' title="bbox 1452 329 2696 394">
    <p class='ocr_par' dir='ltr' id='par_1_2' title="bbox 1452 329 2696 394">
     <span class='ocr_line' id='line_1_2' title="bbox 1452 329 2696 394; baseline -0.005 -1"><span class='ocrx_word' id='word_1_2' title='bbox 1452 336 1509 393; x_wconf 90' lang='lat' dir='ltr'><strong>S.</strong></span> <span class='ocrx_word' id='word_1_3' title='bbox 1551 335 1825 394; x_wconf 80' lang='lat' dir='ltr'><strong>CYRILLI</strong></span> <span class='ocrx_word' id='word_1_4' title='bbox 1866 330 2337 389; x_wconf 77' lang='lat' dir='ltr'><strong>ALEXANDle</strong></span> <span class='ocrx_word' id='word_1_5' title='bbox 2378 329 2696 389; x_wconf 81' lang='lat' dir='ltr'><strong>ARCHIEP.</strong></span> 
     </span>
    </p>
   </div>
   <div class='ocr_carea' id='block_1_3' title="bbox 3616 326 3724 379">
    <p class='ocr_par' dir='ltr' id='par_1_3' title="bbox 3616 326 3724 379">
     <span class='ocr_line' id='line_1_3' title="bbox 3616 326 3724 379; baseline 0.009 -1"><span class='ocrx_word' id='word_1_6' title='bbox 3616 326 3724 379; x_wconf 65' lang='grc' dir='ltr'>ιιιι</span> 
     </span>
    </p>
   </div>
   <div class='ocr_carea' id='block_1_4' title="bbox 458 439 2049 521">
    <p class='ocr_par' dir='ltr' id='par_1_4' title="bbox 458 444 2039 521">
     <span class='ocr_line' id='line_1_4' title="bbox 458 444 2039 521; baseline 0.001 -20"><span class='ocrx_word' id='word_1_7' title='bbox 458 444 718 501; x_wconf 73' lang='lat' dir='ltr'><strong>ferociter</strong></span> <span class='ocrx_word' id='word_1_8' title='bbox 765 447 1067 503; x_wconf 83' lang='lat' dir='ltr'><strong>moliuntur</strong></span> <span class='ocrx_word' id='word_1_9' title='bbox 1111 446 1389 521; x_wconf 71' lang='lat' dir='ltr'><strong>(amicitia:</strong></span> <span class='ocrx_word' id='word_1_10' title='bbox 1432 459 1615 505; x_wconf 88' lang='lat' dir='ltr'><strong>autem</strong></span> <span class='ocrx_word' id='word_1_11' title='bbox 1651 449 1867 520; x_wconf 90' lang='lat' dir='ltr'><strong>signum</strong></span> <span class='ocrx_word' id='word_1_12' title='bbox 1909 456 2039 503; x_wconf 90' lang='lat' dir='ltr'><strong>sunt</strong></span> 
     </span>
    </p>
   </div>
   <div class='ocr_carea' id='block_1_5' title="bbox 2150 439 3726 521">
    <p class='ocr_par' dir='ltr' id='par_1_5' title="bbox 2150 439 3726 517">
     <span class='ocr_line' id='line_1_5' title="bbox 2150 439 3726 517; baseline -0.003 -17"><span class='ocrx_word' id='word_1_13' title='bbox 2150 450 2203 500; x_wconf 71' lang='grc' dir='ltr'>ὲκ</span> <span class='ocrx_word' id='word_1_14' title='bbox 2215 448 2324 501; x_wconf 87' lang='grc' dir='ltr'><strong>τῶν</strong></span> <span class='ocrx_word' id='word_1_15' title='bbox 2344 446 2663 517; x_wconf 75' lang='grc' dir='ltr'><strong>θυγατέρων</strong></span> <span class='ocrx_word' id='word_1_16' title='bbox 2677 445 2882 500; x_wconf 82' lang='grc' dir='ltr'>Λάϐαν.</span> <span class='ocrx_word' id='word_1_17' title='bbox 2902 442 3281 499; x_wconf 79' lang='grc' dir='ltr'>Κινδυνεύοντι</span> <span class='ocrx_word' id='word_1_18' title='bbox 3301 439 3411 512; x_wconf 80' lang='grc' dir='ltr'><strong>γὰρ</strong></span> <span class='ocrx_word' id='word_1_19' title='bbox 3424 441 3519 495; x_wconf 76' lang='grc' dir='ltr'><strong>καὶ</strong></span> <span class='ocrx_word' id='word_1_20' title='bbox 3534 440 3726 496; x_wconf 67' lang='grc' dir='ltr'>διωκοα</span> 
     </span>
    </p>
   </div>
   <div class='ocr_carea' id='block_1_6' title="bbox 459 535 2039 610">
    <p class='ocr_par' dir='ltr' id='par_1_6' title="bbox 459 535 2039 610">
     <span class='ocr_line' id='line_1_6' title="bbox 459 535 2039 610; baseline 0.004 -21"><span class='ocrx_word' id='word_1_21' title='bbox 459 535 913 609; x_wconf 80' lang='lat' dir='ltr'><strong>nuptiae),eligere</strong></span> <span class='ocrx_word' id='word_1_22' title='bbox 933 548 1113 593; x_wconf 89' lang='lat' dir='ltr'><strong>autem</strong></span> <span class='ocrx_word' id='word_1_23' title='bbox 1138 541 1323 610; x_wconf 88' lang='lat' dir='ltr'><strong>potius</strong></span> <span class='ocrx_word' id='word_1_24' title='bbox 1345 558 1376 596; x_wconf 90' lang='lat' dir='ltr'><strong>e</strong></span> <span class='ocrx_word' id='word_1_25' title='bbox 1394 541 1557 597; x_wconf 85' lang='lat' dir='ltr'><strong>domo</strong></span> <span class='ocrx_word' id='word_1_26' title='bbox 1574 540 1780 607; x_wconf 84' lang='lat' dir='ltr'><strong>Laban,</strong></span> <span class='ocrx_word' id='word_1_27' title='bbox 1802 540 1907 595; x_wconf 86' lang='lat' dir='ltr'><strong>hoc</strong></span> <span class='ocrx_word' id='word_1_28' title='bbox 1935 548 2039 604; x_wconf 88' lang='lat' dir='ltr'><strong>est,</strong></span> 
     </span>
    </p>
   </div>
   <div class='ocr_carea' id='block_1_7' title="bbox 460 627 2038 699">
    <p class='ocr_par' dir='ltr' id='par_1_7' title="bbox 460 627 2038 699">
     <span class='ocr_line' id='line_1_7' title="bbox 460 627 2038 699; baseline 0.001 -20"><span class='ocrx_word' id='word_1_29' title='bbox 460 641 527 680; x_wconf 80' lang='lat' dir='ltr'><strong>ex</strong></span> <span class='ocrx_word' id='word_1_30' title='bbox 567 627 843 697; x_wconf 80' lang='lat' dir='ltr'><strong>gentibus.</strong></span> <span class='ocrx_word' id='word_1_31' title='bbox 894 628 1254 699; x_wconf 81' lang='lat' dir='ltr'><strong>Reperiemus</strong></span> <span class='ocrx_word' id='word_1_32' title='bbox 1290 645 1424 685; x_wconf 89' lang='lat' dir='ltr'><strong>vero</strong></span> <span class='ocrx_word' id='word_1_33' title='bbox 1479 638 1697 685; x_wconf 86' lang='lat' dir='ltr'><strong>sanctos</strong></span> <span class='ocrx_word' id='word_1_34' title='bbox 1742 628 2038 699; x_wconf 73' lang='lat' dir='ltr'><strong>apostolos,</strong></span> 
     </span>
    </p>
   </div>
   <div class='ocr_carea' id='block_1_8' title="bbox 461 716 2044 791">
    <p class='ocr_par' dir='ltr' id='par_1_8' title="bbox 461 716 2044 791">
     <span class='ocr_line' id='line_1_8' title="bbox 461 716 2044 791; baseline 0.004 -24"><span class='ocrx_word' id='word_1_35' title='bbox 461 716 555 784; x_wconf 84' lang='lat' dir='ltr'><strong>qui</strong></span> <span class='ocrx_word' id='word_1_36' title='bbox 584 717 804 786; x_wconf 86' lang='lat' dir='ltr'><strong>quidem</strong></span> <span class='ocrx_word' id='word_1_37' title='bbox 828 726 956 772; x_wconf 89' lang='lat' dir='ltr'><strong>sunt</strong></span> <span class='ocrx_word' id='word_1_38' title='bbox 985 734 1255 775; x_wconf 86' lang='lat' dir='ltr'><strong>novorum</strong></span> <span class='ocrx_word' id='word_1_39' title='bbox 1287 720 1342 775; x_wconf 90' lang='lat' dir='ltr'><strong>in</strong></span> <span class='ocrx_word' id='word_1_40' title='bbox 1364 721 1470 776; x_wconf 79' lang='lat' dir='ltr'><strong>ﬁde</strong></span> <span class='ocrx_word' id='word_1_41' title='bbox 1502 722 1829 791; x_wconf 89' lang='lat' dir='ltr'><strong>populorum</strong></span> <span class='ocrx_word' id='word_1_42' title='bbox 1850 719 2044 791; x_wconf 90' lang='lat' dir='ltr'><strong>primi-</strong></span> 
     </span>
    </p>
   </div>
   <div class='ocr_carea' id='block_1_9' title="bbox 461 807 2040 883">
    <p class='ocr_par' dir='ltr' id='par_1_9' title="bbox 461 807 2040 883">
     <span class='ocr_line' id='line_1_9' title="bbox 461 807 2040 883; baseline 0.004 -24"><span class='ocrx_word' id='word_1_43' title='bbox 461 807 571 870; x_wconf 69' lang='lat' dir='ltr'><strong>tim,</strong></span> <span class='ocrx_word' id='word_1_44' title='bbox 596 823 661 861; x_wconf 87' lang='lat' dir='ltr'><strong>ea</strong></span> <span class='ocrx_word' id='word_1_45' title='bbox 684 823 805 878; x_wconf 73' lang='lat' dir='ltr'><strong>quae</strong></span> <span class='ocrx_word' id='word_1_46' title='bbox 843 808 1048 865; x_wconf 86' lang='lat' dir='ltr'><strong>Jacobo</strong></span> <span class='ocrx_word' id='word_1_47' title='bbox 1076 819 1345 883; x_wconf 63' lang='lat' dir='ltr'><strong>praecepta</strong></span> <span class='ocrx_word' id='word_1_48' title='bbox 1378 811 1624 881; x_wconf 83' lang='lat' dir='ltr'><strong>fuerunt,</strong></span> <span class='ocrx_word' id='word_1_49' title='bbox 1662 812 1855 868; x_wconf 90' lang='lat' dir='ltr'><strong>sedulo</strong></span> <span class='ocrx_word' id='word_1_50' title='bbox 1883 826 2040 866; x_wconf 81' lang='lat' dir='ltr'><strong>exse-</strong></span> 
     </span>
    </p>
   </div>
   <div class='ocr_carea' id='block_1_10' title="bbox 462 898 2039 971">
    <p class='ocr_par' dir='ltr' id='par_1_10' title="bbox 462 898 2039 971">
     <span class='ocr_line' id='line_1_10' title="bbox 462 898 2039 971; baseline 0.002 -20"><span class='ocrx_word' id='word_1_51' title='bbox 462 906 713 966; x_wconf 82' lang='lat' dir='ltr'><strong>quentes.</strong></span> <span class='ocrx_word' id='word_1_52' title='bbox 765 898 1149 954; x_wconf 88' lang='lat' dir='ltr'><strong>Diseesserunt</strong></span> <span class='ocrx_word' id='word_1_53' title='bbox 1195 902 1425 957; x_wconf 88' lang='lat' dir='ltr'><strong>enim.a</strong></span> <span class='ocrx_word' id='word_1_54' title='bbox 1474 902 1791 958; x_wconf 73' lang='lat' dir='ltr'><strong>Iudaeorum</strong></span> <span class='ocrx_word' id='word_1_55' title='bbox 1842 914 2039 971; x_wconf 85' lang='lat' dir='ltr'><strong>grege;</strong></span> 
     </span>
    </p>
   </div>
   <div class='ocr_carea' id='block_1_11' title="bbox 461 989 2039 1065">
    <p class='ocr_par' dir='ltr' id='par_1_11' title="bbox 461 989 2039 1065">
     <span class='ocr_line' id='line_1_11' title="bbox 461 989 2039 1065; baseline -0.002 -17"><span class='ocrx_word' id='word_1_56' title='bbox 461 989 667 1060; x_wconf 86' lang='lat' dir='ltr'><strong>quippe</strong></span> <span class='ocrx_word' id='word_1_57' title='bbox 722 991 819 1061; x_wconf 89' lang='lat' dir='ltr'><strong>qui</strong></span> <span class='ocrx_word' id='word_1_58' title='bbox 871 992 1075 1049; x_wconf 59' lang='lat' dir='ltr'><strong>eadem</strong></span> <span class='ocrx_word' id='word_1_59' title='bbox 1133 994 1398 1050; x_wconf 79' lang='lat' dir='ltr'><strong>adversus</strong></span> <span class='ocrx_word' id='word_1_60' title='bbox 1452 995 1600 1065; x_wconf 93' lang='lat' dir='ltr'><strong>ipsos</strong></span> <span class='ocrx_word' id='word_1_61' title='bbox 1646 993 2039 1049; x_wconf 74' lang='lat' dir='ltr'><strong>moliebantur.</strong></span> 
     </span>
    </p>
   </div>
   <div class='ocr_carea' id='block_1_12' title="bbox 462 1079 2042 1157">
    <p class='ocr_par' dir='ltr' id='par_1_12' title="bbox 462 1079 2042 1157">
     <span class='ocr_line' id='line_1_12' title="bbox 462 1079 2042 1157; baseline 0.001 -20"><span class='ocrx_word' id='word_1_62' title='bbox 462 1079 735 1137; x_wconf 67' lang='lat' dir='ltr'><strong>Nutantes</strong></span> <span class='ocrx_word' id='word_1_63' title='bbox 764 1090 946 1137; x_wconf 87' lang='lat' dir='ltr'><strong>autem</strong></span> <span class='ocrx_word' id='word_1_64' title='bbox 988 1084 1240 1154; x_wconf 78' lang='lat' dir='ltr'><strong>regiones</strong></span> <span class='ocrx_word' id='word_1_65' title='bbox 1278 1093 1336 1139; x_wconf 88' lang='lat' dir='ltr'><strong>et</strong></span> <span class='ocrx_word' id='word_1_66' title='bbox 1372 1085 1557 1149; x_wconf 88' lang='lat' dir='ltr'><strong>urbes,</strong></span> <span class='ocrx_word' id='word_1_67' title='bbox 1592 1084 2042 1157; x_wconf 84' lang='lat' dir='ltr'><strong>persequentium</strong></span> 
     </span>
    </p>
   </div>
   <div class='ocr_carea' id='block_1_13' title="bbox 460 1172 2045 1244">
    <p class='ocr_par' dir='ltr' id='par_1_13' title="bbox 460 1172 2045 1244">
     <span class='ocr_line' id='line_1_13' title="bbox 460 1172 2045 1244; baseline 0.003 -18"><span class='ocrx_word' id='word_1_68' title='bbox 460 1172 571 1228; x_wconf 88' lang='lat' dir='ltr'><strong>iras</strong></span> <span class='ocrx_word' id='word_1_69' title='bbox 602 1173 982 1244; x_wconf 71' lang='lat' dir='ltr'><strong>subterfugere</strong></span> <span class='ocrx_word' id='word_1_70' title='bbox 1016 1175 1318 1243; x_wconf 85' lang='lat' dir='ltr'><strong>prudenter</strong></span> <span class='ocrx_word' id='word_1_71' title='bbox 1348 1176 1638 1233; x_wconf 85' lang='lat' dir='ltr'><strong>curabant.</strong></span> <span class='ocrx_word' id='word_1_72' title='bbox 1677 1175 2045 1230; x_wconf 84' lang='lat' dir='ltr'><strong>Meminerant</strong></span> 
     </span>
    </p>
   </div>
   <div class='ocr_carea' id='block_1_14' title="bbox 458 1263 2044 1336">
    <p class='ocr_par' dir='ltr' id='par_1_14' title="bbox 458 1263 2044 1336">
     <span class='ocr_line' id='line_1_14' title="bbox 458 1263 2044 1336; baseline 0.001 -18"><span class='ocrx_word' id='word_1_73' title='bbox 458 1263 608 1318; x_wconf 87' lang='lat' dir='ltr'><strong>enim</strong></span> <span class='ocrx_word' id='word_1_74' title='bbox 629 1263 831 1321; x_wconf 88' lang='lat' dir='ltr'><strong>Christi</strong></span> <span class='ocrx_word' id='word_1_75' title='bbox 848 1265 1094 1335; x_wconf 72' lang='lat' dir='ltr'><strong>iubentis</strong></span> <span class='ocrx_word' id='word_1_76' title='bbox 1122 1274 1284 1336; x_wconf 85' lang='lat' dir='ltr'><strong>atque</strong></span> <span class='ocrx_word' id='word_1_77' title='bbox 1319 1266 1595 1322; x_wconf 78' lang='lat' dir='ltr'><strong>dicentis:</strong></span> <span class='ocrx_word' id='word_1_78' title='bbox 1621 1285 1639 1317; x_wconf 77' lang='grc' dir='ltr'><strong>ι</strong></span> <span class='ocrx_word' id='word_1_79' title='bbox 1666 1265 1894 1333; x_wconf 78' lang='lat' dir='ltr'><strong>Quando</strong></span> <span class='ocrx_word' id='word_1_80' title='bbox 1915 1282 2044 1336; x_wconf 88' lang='lat' dir='ltr'><strong>per-</strong></span> 
     </span>
    </p>
   </div>
   <div class='ocr_carea' id='block_1_15' title="bbox 462 1355 2036 1429">
    <p class='ocr_par' dir='ltr' id='par_1_15' title="bbox 462 1355 2036 1429">
     <span class='ocr_line' id='line_1_15' title="bbox 462 1355 2036 1429; baseline -0.001 -18"><span class='ocrx_word' id='word_1_81' title='bbox 462 1356 641 1411; x_wconf 83' lang='lat' dir='ltr'><strong>secuti</strong></span> <span class='ocrx_word' id='word_1_82' title='bbox 670 1355 881 1412; x_wconf 79' lang='lat' dir='ltr'><strong>tuerint</strong></span> <span class='ocrx_word' id='word_1_83' title='bbox 907 1372 1007 1412; x_wconf 90' lang='lat' dir='ltr'><strong>vos</strong></span> <span class='ocrx_word' id='word_1_84' title='bbox 1031 1374 1098 1414; x_wconf 81' lang='lat' dir='ltr'><strong>ex</strong></span> <span class='ocrx_word' id='word_1_85' title='bbox 1124 1358 1264 1413; x_wconf 86' lang='lat' dir='ltr'><strong>urbe</strong></span> <span class='ocrx_word' id='word_1_86' title='bbox 1292 1358 1417 1424; x_wconf 86' lang='lat' dir='ltr'><strong>hac,</strong></span> <span class='ocrx_word' id='word_1_87' title='bbox 1448 1358 1620 1429; x_wconf 77' lang='lat' dir='ltr'><strong>fugite</strong></span> <span class='ocrx_word' id='word_1_88' title='bbox 1647 1357 1703 1411; x_wconf 91' lang='lat' dir='ltr'><strong>in</strong></span> <span class='ocrx_word' id='word_1_89' title='bbox 1736 1357 1898 1411; x_wconf 88' lang='lat' dir='ltr'><strong>aliam</strong></span> <span class='ocrx_word' id='word_1_90' title='bbox 1917 1356 1985 1410; x_wconf 87' lang='lat'><strong>&#39;&quot;.</strong></span> <span class='ocrx_word' id='word_1_91' title='bbox 2017 1375 2036 1409; x_wconf 73' lang='grc' dir='ltr'><strong>ι</strong></span> 
     </span>
    </p>
   </div>
   <div class='ocr_carea' id='block_1_16' title="bbox 458 1447 2046 1521">
    <p class='ocr_par' dir='ltr' id='par_1_16' title="bbox 458 1447 2046 1521">
     <span class='ocr_line' id='line_1_16' title="bbox 458 1447 2046 1521; baseline 0.002 -20"><span class='ocrx_word' id='word_1_92' title='bbox 458 1447 698 1502; x_wconf 81' lang='lat' dir='ltr'><strong>Allocuti</strong></span> <span class='ocrx_word' id='word_1_93' title='bbox 730 1463 863 1503; x_wconf 86' lang='lat' dir='ltr'><strong>vero</strong></span> <span class='ocrx_word' id='word_1_94' title='bbox 895 1449 1061 1505; x_wconf 90' lang='lat' dir='ltr'><strong>etiam</strong></span> <span class='ocrx_word' id='word_1_95' title='bbox 1097 1450 1200 1520; x_wconf 87' lang='lat' dir='ltr'><strong>ipsi</strong></span> <span class='ocrx_word' id='word_1_96' title='bbox 1243 1467 1339 1506; x_wconf 91' lang='lat' dir='ltr'><strong>eos</strong></span> <span class='ocrx_word' id='word_1_97' title='bbox 1373 1451 1467 1521; x_wconf 89' lang='lat' dir='ltr'><strong>qui</strong></span> <span class='ocrx_word' id='word_1_98' title='bbox 1492 1467 1560 1507; x_wconf 83' lang='lat' dir='ltr'><strong>ex</strong></span> <span class='ocrx_word' id='word_1_99' title='bbox 1583 1450 1848 1521; x_wconf 81' lang='lat' dir='ltr'><strong>sanguine</strong></span> <span class='ocrx_word' id='word_1_100' title='bbox 1877 1450 2046 1504; x_wconf 86' lang='lat' dir='ltr'><strong>lsrael</strong></span> 
     </span>
    </p>
   </div>
   <div class='ocr_carea' id='block_1_17' title="bbox 460 1539 2048 1612">
    <p class='ocr_par' dir='ltr' id='par_1_17' title="bbox 460 1539 2048 1612">
     <span class='ocr_line' id='line_1_17' title="bbox 460 1539 2048 1612; baseline 0.002 -20"><span class='ocrx_word' id='word_1_101' title='bbox 460 1545 621 1595; x_wconf 85' lang='lat' dir='ltr'><strong>erant</strong></span> <span class='ocrx_word' id='word_1_102' title='bbox 639 1539 890 1595; x_wconf 85' lang='lat' dir='ltr'><strong>nolentes</strong></span> <span class='ocrx_word' id='word_1_103' title='bbox 918 1540 1168 1605; x_wconf 89' lang='lat' dir='ltr'><strong>credere,</strong></span> <span class='ocrx_word' id='word_1_104' title='bbox 1188 1558 1246 1597; x_wconf 83' lang='lat' dir='ltr'><strong>et</strong></span> <span class='ocrx_word' id='word_1_105' title='bbox 1267 1542 1600 1598; x_wconf 86' lang='lat' dir='ltr'><strong>contumelia</strong></span> <span class='ocrx_word' id='word_1_106' title='bbox 1632 1542 1780 1612; x_wconf 89' lang='lat' dir='ltr'><strong>ipsos</strong></span> <span class='ocrx_word' id='word_1_107' title='bbox 1807 1540 2048 1597; x_wconf 85' lang='lat' dir='ltr'><strong>allicien-</strong></span> 
     </span>
    </p>
   </div>
   <div class='ocr_carea' id='block_1_18' title="bbox 461 1632 2046 1705">
    <p class='ocr_par' dir='ltr' id='par_1_18' title="bbox 461 1632 2046 1705">
     <span class='ocr_line' id='line_1_18' title="bbox 461 1632 2046 1705; baseline 0.002 -18"><span class='ocrx_word' id='word_1_108' title='bbox 461 1639 585 1695; x_wconf 80' lang='lat' dir='ltr'><strong>tes:</strong></span> <span class='ocrx_word' id='word_1_109' title='bbox 617 1651 635 1684; x_wconf 87' lang='grc'><strong><em>‹</em></strong></span> <span class='ocrx_word' id='word_1_110' title='bbox 665 1632 829 1688; x_wconf 86' lang='lat' dir='ltr'><strong>Vobis</strong></span> <span class='ocrx_word' id='word_1_111' title='bbox 854 1649 1080 1690; x_wconf 87' lang='lat' dir='ltr'><strong>necesse</strong></span> <span class='ocrx_word' id='word_1_112' title='bbox 1115 1644 1235 1692; x_wconf 91' lang='lat' dir='ltr'><strong>erat</strong></span> <span class='ocrx_word' id='word_1_113' title='bbox 1268 1637 1506 1705; x_wconf 85' lang='lat' dir='ltr'><strong>primum</strong></span> <span class='ocrx_word' id='word_1_114' title='bbox 1537 1635 1688 1705; x_wconf 89' lang='lat' dir='ltr'><strong>loqui</strong></span> <span class='ocrx_word' id='word_1_115' title='bbox 1732 1649 2046 1691; x_wconf 87' lang='lat' dir='ltr'><strong>sermonem</strong></span> 
     </span>
    </p>
   </div>
   <div class='ocr_carea' id='block_1_19' title="bbox 461 1723 2048 1798">
    <p class='ocr_par' dir='ltr' id='par_1_19' title="bbox 461 1723 2048 1798">
     <span class='ocr_line' id='line_1_19' title="bbox 461 1723 2048 1798; baseline 0.003 -21"><span class='ocrx_word' id='word_1_116' title='bbox 461 1723 580 1778; x_wconf 86' lang='lat' dir='ltr'><strong>Dei.</strong></span> <span class='ocrx_word' id='word_1_117' title='bbox 605 1725 902 1795; x_wconf 87' lang='lat' dir='ltr'><strong>Postquam</strong></span> <span class='ocrx_word' id='word_1_118' title='bbox 938 1741 1068 1782; x_wconf 89' lang='lat' dir='ltr'><strong>vero</strong></span> <span class='ocrx_word' id='word_1_119' title='bbox 1101 1727 1330 1797; x_wconf 84' lang='lat' dir='ltr'><strong>rejicitis</strong></span> <span class='ocrx_word' id='word_1_120' title='bbox 1373 1742 1524 1792; x_wconf 89' lang='lat' dir='ltr'><strong>eum,</strong></span> <span class='ocrx_word' id='word_1_121' title='bbox 1567 1742 1744 1797; x_wconf 89' lang='lat' dir='ltr'><strong>neque</strong></span> <span class='ocrx_word' id='word_1_122' title='bbox 1784 1726 2048 1798; x_wconf 79' lang='lat' dir='ltr'><strong>iudicatis</strong></span> 
     </span>
    </p>
   </div>
   <div class='ocr_carea' id='block_1_20' title="bbox 2104 531 3718 619">
    <p class='ocr_par' dir='ltr' id='par_1_20' title="bbox 2104 531 3718 619">
     <span class='ocr_line' id='line_1_20' title="bbox 2104 531 3718 619; baseline -0.012 -26"><span class='ocrx_word' id='word_1_123' title='bbox 2104 614 2131 619; x_wconf 13' lang='grc' dir='ltr'><strong>,ἡ</strong></span> <span class='ocrx_word' id='word_1_124' title='bbox 2149 537 2297 608; x_wconf 85' lang='grc' dir='ltr'>μένῳ</span> <span class='ocrx_word' id='word_1_125' title='bbox 2317 536 2396 606; x_wconf 84' lang='grc' dir='ltr'><strong>τῷ</strong></span> <span class='ocrx_word' id='word_1_126' title='bbox 2432 538 2537 607; x_wconf 84' lang='grc' dir='ltr'>νέῳ</span> <span class='ocrx_word' id='word_1_127' title='bbox 2569 535 2705 608; x_wconf 80' lang='grc' dir='ltr'>λαῷ,</span> <span class='ocrx_word' id='word_1_128' title='bbox 2732 537 2829 601; x_wconf 89' lang='grc' dir='ltr'><strong>τάς</strong></span> <span class='ocrx_word' id='word_1_129' title='bbox 2850 536 2958 590; x_wconf 84' lang='grc' dir='ltr'><strong>τῶν</strong></span> <span class='ocrx_word' id='word_1_130' title='bbox 3000 534 3287 605; x_wconf 87' lang='grc' dir='ltr'>φονώντων</span> <span class='ocrx_word' id='word_1_131' title='bbox 3315 531 3486 603; x_wconf 81' lang='grc' dir='ltr'>ὀργὰς</span> <span class='ocrx_word' id='word_1_132' title='bbox 3517 549 3718 619; x_wconf 37' lang='grc' dir='ltr'>παραγ</span> 
     </span>
    </p>
   </div>
   <div class='ocr_carea' id='block_1_21' title="bbox 2142 618 3728 699">
    <p class='ocr_par' dir='ltr' id='par_1_21' title="bbox 2142 618 3728 699">
     <span class='ocr_line' id='line_1_21' title="bbox 2142 618 3728 699; baseline -0.004 -18"><span class='ocrx_word' id='word_1_133' title='bbox 2142 629 2354 681; x_wconf 87' lang='grc' dir='ltr'>τεῖσθαι</span> <span class='ocrx_word' id='word_1_134' title='bbox 2388 626 2682 697; x_wconf 83' lang='grc' dir='ltr'><strong>σωφρόνως</strong></span> <span class='ocrx_word' id='word_1_135' title='bbox 2730 625 3197 699; x_wconf 84' lang='grc' dir='ltr'>συμϐεϐούλευκεν</span> <span class='ocrx_word' id='word_1_136' title='bbox 3236 624 3271 694; x_wconf 79' lang='grc' dir='ltr'>ἡ</span> <span class='ocrx_word' id='word_1_137' title='bbox 3313 620 3627 693; x_wconf 79' lang='grc' dir='ltr'><strong>Ἐκκλησία·</strong></span> <span class='ocrx_word' id='word_1_138' title='bbox 3654 618 3728 694; x_wconf 79' lang='grc' dir='ltr'>ἦς</span> 
     </span>
    </p>
   </div>
   <div class='ocr_carea' id='block_1_22' title="bbox 2142 713 3729 793">
    <p class='ocr_par' dir='ltr' id='par_1_22' title="bbox 2142 713 3729 793">
     <span class='ocr_line' id='line_1_22' title="bbox 2142 713 3729 793; baseline -0.006 -18"><span class='ocrx_word' id='word_1_139' title='bbox 2142 721 2209 775; x_wconf 83' lang='grc' dir='ltr'>ἂν</span> <span class='ocrx_word' id='word_1_140' title='bbox 2234 722 2318 791; x_wconf 78' lang='grc' dir='ltr'><strong>εἴη</strong></span> <span class='ocrx_word' id='word_1_141' title='bbox 2354 719 2522 784; x_wconf 75' lang='grc' dir='ltr'>τύπος</span> <span class='ocrx_word' id='word_1_142' title='bbox 2570 719 2904 793; x_wconf 82' lang='grc' dir='ltr'>ήῬεϐέκκα.</span> <span class='ocrx_word' id='word_1_143' title='bbox 2946 713 3292 770; x_wconf 87' lang='grc' dir='ltr'>Συνεπινεύει</span> <span class='ocrx_word' id='word_1_144' title='bbox 3328 713 3385 767; x_wconf 77' lang='grc' dir='ltr'>δὲ</span> <span class='ocrx_word' id='word_1_145' title='bbox 3404 713 3593 783; x_wconf 81' lang='grc' dir='ltr'>ὥσπερ</span> <span class='ocrx_word' id='word_1_146' title='bbox 3630 714 3729 767; x_wconf 77' lang='grc' dir='ltr'>καὶ</span> 
     </span>
    </p>
   </div>
   <div class='ocr_carea' id='block_1_23' title="bbox 2142 804 3727 885">
    <p class='ocr_par' dir='ltr' id='par_1_23' title="bbox 2142 804 3727 885">
     <span class='ocr_line' id='line_1_23' title="bbox 2142 804 3727 885; baseline -0.009 -12"><span class='ocrx_word' id='word_1_147' title='bbox 2142 820 2304 882; x_wconf 75' lang='grc' dir='ltr'>αὐτὸς</span> <span class='ocrx_word' id='word_1_148' title='bbox 2349 821 2378 873; x_wconf 83' lang='grc' dir='ltr'><strong>ὁ</strong></span> <span class='ocrx_word' id='word_1_149' title='bbox 2429 818 2530 885; x_wconf 79' lang='grc' dir='ltr'><strong>τῆς</strong></span> <span class='ocrx_word' id='word_1_150' title='bbox 2576 816 2867 878; x_wconf 85' lang='grc' dir='ltr'>Ῥεϐέκκας</span> <span class='ocrx_word' id='word_1_151' title='bbox 2897 812 3149 884; x_wconf 78' lang='grc' dir='ltr'><strong>νυμφίος,</strong></span> <span class='ocrx_word' id='word_1_152' title='bbox 3188 808 3435 864; x_wconf 79' lang='grc' dir='ltr'><strong>τουτέστι</strong></span> <span class='ocrx_word' id='word_1_153' title='bbox 3466 804 3727 879; x_wconf 76' lang='grc' dir='ltr'>Χριστὸς,</span> 
     </span>
    </p>
   </div>
   <div class='ocr_carea' id='block_1_24' title="bbox 2144 897 3731 985">
    <p class='ocr_par' dir='ltr' id='par_1_24' title="bbox 2144 897 3731 985">
     <span class='ocr_line' id='line_1_24' title="bbox 2144 897 3731 985; baseline -0.007 -22"><span class='ocrx_word' id='word_1_154' title='bbox 2144 908 2517 981; x_wconf 76' lang='grc' dir='ltr'>παρωθεῖσθαι</span> <span class='ocrx_word' id='word_1_155' title='bbox 2549 906 2649 977; x_wconf 80' lang='grc' dir='ltr'>μὲν</span> <span class='ocrx_word' id='word_1_156' title='bbox 2698 904 3010 975; x_wconf 86' lang='grc' dir='ltr'>οἰκειότητα</span> <span class='ocrx_word' id='word_1_157' title='bbox 3050 901 3150 973; x_wconf 78' lang='grc' dir='ltr'>τὴν</span> <span class='ocrx_word' id='word_1_158' title='bbox 3186 897 3565 985; x_wconf 67' lang='grc' dir='ltr'>πνευματικὴν</span> <span class='ocrx_word' id='word_1_159' title='bbox 3617 897 3731 952; x_wconf 85' lang='grc' dir='ltr'><strong>τῶν</strong></span> 
     </span>
    </p>
   </div>
   <div class='ocr_carea' id='block_1_25' title="bbox 2143 989 3733 1069">
    <p class='ocr_par' dir='ltr' id='par_1_25' title="bbox 2143 989 3733 1069">
     <span class='ocr_line' id='line_1_25' title="bbox 2143 989 3733 1069; baseline -0.009 -14"><span class='ocrx_word' id='word_1_160' title='bbox 2143 1004 2222 1063; x_wconf 85' lang='grc' dir='ltr'><strong>εἰς</strong></span> <span class='ocrx_word' id='word_1_161' title='bbox 2246 999 2491 1063; x_wconf 75' lang='grc' dir='ltr'><strong>ἀνοσίους</strong></span> <span class='ocrx_word' id='word_1_162' title='bbox 2511 997 2934 1069; x_wconf 81' lang='grc' dir='ltr'>ὲκκεκαυμένων</span> <span class='ocrx_word' id='word_1_163' title='bbox 2961 993 3153 1067; x_wconf 84' lang='grc' dir='ltr'>ὀργὰς,</span> <span class='ocrx_word' id='word_1_164' title='bbox 3183 992 3280 1047; x_wconf 74' lang='grc' dir='ltr'>καὶ</span> <span class='ocrx_word' id='word_1_165' title='bbox 3317 992 3483 1062; x_wconf 79' lang='grc' dir='ltr'>φονᾷν</span> <span class='ocrx_word' id='word_1_166' title='bbox 3520 989 3733 1060; x_wconf 86' lang='grc' dir='ltr'>ἀγρίως</span> 
     </span>
    </p>
   </div>
   <div class='ocr_carea' id='block_1_26' title="bbox 2147 1078 3732 1164">
    <p class='ocr_par' dir='ltr' id='par_1_26' title="bbox 2147 1078 3732 1164">
     <span class='ocr_line' id='line_1_26' title="bbox 2147 1078 3732 1164; baseline -0.008 -19"><span class='ocrx_word' id='word_1_167' title='bbox 2147 1110 2212 1164; x_wconf 90' lang='grc' dir='ltr'><strong>με</strong></span> <span class='ocrx_word' id='word_1_168' title='bbox 2220 1092 2414 1164; x_wconf 87' lang='grc' dir='ltr'>μελετη</span> <span class='ocrx_word' id='word_1_169' title='bbox 2421 1089 2610 1144; x_wconf 88' lang='grc' dir='ltr'>κότων.</span> <span class='ocrx_word' id='word_1_170' title='bbox 2643 1089 2986 1158; x_wconf 82' lang='grc' dir='ltr'>Οἱκειότητος</span> <span class='ocrx_word' id='word_1_171' title='bbox 3000 1086 3058 1140; x_wconf 81' lang='grc' dir='ltr'>δὲ</span> <span class='ocrx_word' id='word_1_172' title='bbox 3081 1087 3304 1156; x_wconf 83' lang='grc' dir='ltr'>σημεῖον</span> <span class='ocrx_word' id='word_1_173' title='bbox 3317 1084 3344 1135; x_wconf 75' lang='grc' dir='ltr'><strong>ὁ</strong></span> <span class='ocrx_word' id='word_1_174' title='bbox 3358 1081 3560 1152; x_wconf 81' lang='grc' dir='ltr'><strong>γάμος.</strong></span> <span class='ocrx_word' id='word_1_175' title='bbox 3574 1078 3732 1133; x_wconf 80' lang='grc' dir='ltr'>Ἀνθ-</span> 
     </span>
    </p>
   </div>
   <div class='ocr_carea' id='block_1_27' title="bbox 2144 1172 3735 1257">
    <p class='ocr_par' dir='ltr' id='par_1_27' title="bbox 2144 1172 3735 1257">
     <span class='ocr_line' id='line_1_27' title="bbox 2144 1172 3735 1257; baseline -0.009 -19"><span class='ocrx_word' id='word_1_176' title='bbox 2144 1183 2418 1257; x_wconf 82' lang='grc' dir='ltr'>αιρείσθαι</span> <span class='ocrx_word' id='word_1_177' title='bbox 2455 1182 2511 1235; x_wconf 78' lang='grc' dir='ltr'>δὲ</span> <span class='ocrx_word' id='word_1_178' title='bbox 2544 1180 2743 1252; x_wconf 82' lang='grc' dir='ltr'>μᾶλλον</span> <span class='ocrx_word' id='word_1_179' title='bbox 2770 1179 2869 1243; x_wconf 88' lang='grc' dir='ltr'><strong>τάς</strong></span> <span class='ocrx_word' id='word_1_180' title='bbox 2908 1180 2972 1232; x_wconf 73' lang='grc' dir='ltr'>ἐκ</span> <span class='ocrx_word' id='word_1_181' title='bbox 3004 1175 3099 1230; x_wconf 80' lang='grc' dir='ltr'>τοῦ</span> <span class='ocrx_word' id='word_1_182' title='bbox 3148 1177 3300 1229; x_wconf 84' lang='grc' dir='ltr'>οίκου</span> <span class='ocrx_word' id='word_1_183' title='bbox 3335 1172 3544 1237; x_wconf 86' lang='grc' dir='ltr'>Λάϐαν,</span> <span class='ocrx_word' id='word_1_184' title='bbox 3575 1187 3735 1224; x_wconf 79' lang='grc' dir='ltr'>τουτ-</span> 
     </span>
    </p>
   </div>
   <div class='ocr_carea' id='block_1_28' title="bbox 2146 1264 3733 1343">
    <p class='ocr_par' dir='ltr' id='par_1_28' title="bbox 2146 1264 3733 1343">
     <span class='ocr_line' id='line_1_28' title="bbox 2146 1264 3733 1343; baseline -0.009 -12"><span class='ocrx_word' id='word_1_185' title='bbox 2146 1278 2262 1331; x_wconf 86' lang='grc' dir='ltr'>έστι</span> <span class='ocrx_word' id='word_1_186' title='bbox 2294 1275 2395 1335; x_wconf 79' lang='grc' dir='ltr'>τὰς</span> <span class='ocrx_word' id='word_1_187' title='bbox 2435 1273 2495 1339; x_wconf 78' lang='grc' dir='ltr'>ἐξ</span> <span class='ocrx_word' id='word_1_188' title='bbox 2528 1273 2717 1327; x_wconf 80' lang='grc' dir='ltr'>ὲθνῶν.</span> <span class='ocrx_word' id='word_1_189' title='bbox 2754 1272 3073 1343; x_wconf 82' lang='grc' dir='ltr'>Εὑρήσομεν</span> <span class='ocrx_word' id='word_1_190' title='bbox 3104 1267 3161 1322; x_wconf 79' lang='grc' dir='ltr'>δὲ</span> <span class='ocrx_word' id='word_1_191' title='bbox 3192 1268 3321 1331; x_wconf 70' lang='grc' dir='ltr'>τοὺς</span> <span class='ocrx_word' id='word_1_192' title='bbox 3352 1266 3541 1335; x_wconf 80' lang='grc' dir='ltr'>ἁγίους</span> <span class='ocrx_word' id='word_1_193' title='bbox 3590 1264 3733 1318; x_wconf 85' lang='grc' dir='ltr'>ἀπο-</span> 
     </span>
    </p>
   </div>
   <div class='ocr_carea' id='block_1_29' title="bbox 2147 1360 3735 1434">
    <p class='ocr_par' dir='ltr' id='par_1_29' title="bbox 2147 1360 3735 1434">
     <span class='ocr_line' id='line_1_29' title="bbox 2147 1360 3735 1434; baseline -0.007 -12"><span class='ocrx_word' id='word_1_194' title='bbox 2147 1369 2386 1434; x_wconf 77' lang='grc' dir='ltr'><strong>στόλους,</strong></span> <span class='ocrx_word' id='word_1_195' title='bbox 2414 1369 2464 1422; x_wconf 81' lang='grc' dir='ltr'>οἶ</span> <span class='ocrx_word' id='word_1_196' title='bbox 2497 1367 2588 1422; x_wconf 73' lang='grc' dir='ltr'><strong>καὶ</strong></span> <span class='ocrx_word' id='word_1_197' title='bbox 2613 1367 2720 1421; x_wconf 86' lang='grc' dir='ltr'>τῶν</span> <span class='ocrx_word' id='word_1_198' title='bbox 2754 1368 2811 1419; x_wconf 86' lang='grc' dir='ltr'>ὲν</span> <span class='ocrx_word' id='word_1_199' title='bbox 2846 1364 3025 1421; x_wconf 78' lang='grc' dir='ltr'>πίστει</span> <span class='ocrx_word' id='word_1_200' title='bbox 3059 1365 3153 1420; x_wconf 74' lang='grc' dir='ltr'>καὶ</span> <span class='ocrx_word' id='word_1_201' title='bbox 3173 1364 3313 1417; x_wconf 85' lang='grc' dir='ltr'>νέων</span> <span class='ocrx_word' id='word_1_202' title='bbox 3334 1360 3480 1416; x_wconf 77' lang='grc' dir='ltr'>λαῶν</span> <span class='ocrx_word' id='word_1_203' title='bbox 3509 1360 3735 1429; x_wconf 83' lang='grc' dir='ltr'>γεγόνα-</span> 
     </span>
    </p>
   </div>
   <div class='ocr_carea' id='block_1_30' title="bbox 2149 1451 3738 1531">
    <p class='ocr_par' dir='ltr' id='par_1_30' title="bbox 2149 1451 3738 1531">
     <span class='ocr_line' id='line_1_30' title="bbox 2149 1451 3738 1531; baseline -0.005 -18"><span class='ocrx_word' id='word_1_204' title='bbox 2149 1476 2233 1513; x_wconf 91' lang='grc' dir='ltr'><strong>σιν</strong></span> <span class='ocrx_word' id='word_1_205' title='bbox 2261 1459 2507 1531; x_wconf 77' lang='grc' dir='ltr'>ἀπαρχὴ,</span> <span class='ocrx_word' id='word_1_206' title='bbox 2536 1458 2910 1529; x_wconf 68' lang='grc' dir='ltr'><strong>διαπεραίνειν</strong></span> <span class='ocrx_word' id='word_1_207' title='bbox 2931 1454 3338 1515; x_wconf 72' lang='grc' dir='ltr'>ἐσπουδακότας</span> <span class='ocrx_word' id='word_1_208' title='bbox 3365 1452 3436 1506; x_wconf 85' lang='grc' dir='ltr'>τὰ</span> <span class='ocrx_word' id='word_1_209' title='bbox 3483 1451 3738 1505; x_wconf 72' lang='grc' dir='ltr'>ἐντεταλ-</span> 
     </span>
    </p>
   </div>
   <div class='ocr_carea' id='block_1_31' title="bbox 2152 1542 3737 1623">
    <p class='ocr_par' dir='ltr' id='par_1_31' title="bbox 2152 1542 3737 1623">
     <span class='ocr_line' id='line_1_31' title="bbox 2152 1542 3737 1623; baseline -0.008 -17"><span class='ocrx_word' id='word_1_210' title='bbox 2152 1552 2289 1623; x_wconf 87' lang='grc' dir='ltr'>μένα</span> <span class='ocrx_word' id='word_1_211' title='bbox 2318 1551 2395 1623; x_wconf 81' lang='grc' dir='ltr'>τῷ</span> <span class='ocrx_word' id='word_1_212' title='bbox 2437 1551 2649 1605; x_wconf 81' lang='grc' dir='ltr'>Ἰακώϐ.</span> <span class='ocrx_word' id='word_1_213' title='bbox 2686 1549 3136 1616; x_wconf 82' lang='grc' dir='ltr'>Ἀπενοσφίζοντο</span> <span class='ocrx_word' id='word_1_214' title='bbox 3185 1545 3282 1617; x_wconf 84' lang='grc' dir='ltr'>μὲν</span> <span class='ocrx_word' id='word_1_215' title='bbox 3323 1543 3432 1615; x_wconf 84' lang='grc' dir='ltr'>γὰρ</span> <span class='ocrx_word' id='word_1_216' title='bbox 3460 1543 3565 1612; x_wconf 84' lang='grc' dir='ltr'><strong>τῆς</strong></span> <span class='ocrx_word' id='word_1_217' title='bbox 3601 1542 3737 1595; x_wconf 80' lang='grc' dir='ltr'>ἰου-</span> 
     </span>
    </p>
   </div>
   <div class='ocr_carea' id='block_1_32' title="bbox 2147 1632 3738 1719">
    <p class='ocr_par' dir='ltr' id='par_1_32' title="bbox 2147 1632 3738 1719">
     <span class='ocr_line' id='line_1_32' title="bbox 2147 1632 3738 1719; baseline -0.009 -21"><span class='ocrx_word' id='word_1_218' title='bbox 2147 1644 2312 1699; x_wconf 82' lang='grc' dir='ltr'>δαίων</span> <span class='ocrx_word' id='word_1_219' title='bbox 2339 1644 2562 1715; x_wconf 78' lang='grc' dir='ltr'>ἀγέλης,</span> <span class='ocrx_word' id='word_1_220' title='bbox 2585 1642 2769 1719; x_wconf 38' lang='grc' dir='ltr'>ἀτεοδὴ</span> <span class='ocrx_word' id='word_1_221' title='bbox 2799 1642 3047 1711; x_wconf 79' lang='grc' dir='ltr'>φονώσης</span> <span class='ocrx_word' id='word_1_222' title='bbox 3076 1638 3197 1692; x_wconf 80' lang='grc' dir='ltr'>κατ’</span> <span class='ocrx_word' id='word_1_223' title='bbox 3220 1636 3420 1691; x_wconf 75' lang='grc' dir='ltr'>αὐτῶν.</span> <span class='ocrx_word' id='word_1_224' title='bbox 3453 1632 3738 1704; x_wconf 80' lang='grc' dir='ltr'>Μεταμεί-</span> 
     </span>
    </p>
   </div>
   <div class='ocr_carea' id='block_1_33' title="bbox 2150 1726 3738 1807">
    <p class='ocr_par' dir='ltr' id='par_1_33' title="bbox 2150 1726 3738 1807">
     <span class='ocr_line' id='line_1_33' title="bbox 2150 1726 3738 1807; baseline -0.006 -20"><span class='ocrx_word' id='word_1_225' title='bbox 2150 1735 2337 1800; x_wconf 87' lang='grc' dir='ltr'>ϐοντες</span> <span class='ocrx_word' id='word_1_226' title='bbox 2364 1736 2421 1789; x_wconf 80' lang='grc' dir='ltr'>δὲ</span> <span class='ocrx_word' id='word_1_227' title='bbox 2454 1733 2637 1807; x_wconf 82' lang='grc' dir='ltr'>χώρας</span> <span class='ocrx_word' id='word_1_228' title='bbox 2663 1734 2759 1788; x_wconf 67' lang='grc' dir='ltr'>καὶ</span> <span class='ocrx_word' id='word_1_229' title='bbox 2787 1733 2993 1796; x_wconf 84' lang='grc' dir='ltr'>πόλεις.</span> <span class='ocrx_word' id='word_1_230' title='bbox 3016 1731 3114 1793; x_wconf 76' lang='grc' dir='ltr'>τὰς</span> <span class='ocrx_word' id='word_1_231' title='bbox 3139 1728 3246 1784; x_wconf 82' lang='grc' dir='ltr'><strong>τῶν</strong></span> <span class='ocrx_word' id='word_1_232' title='bbox 3272 1726 3578 1781; x_wconf 77' lang='grc' dir='ltr'><strong>διωκόντων</strong></span> <span class='ocrx_word' id='word_1_233' title='bbox 3594 1726 3738 1778; x_wconf 77' lang='grc' dir='ltr'>ὑπο-</span> 
     </span>
    </p>
   </div>
   <div class='ocr_carea' id='block_1_34' title="bbox 462 1803 2049 1899">
    <p class='ocr_par' dir='ltr' id='par_1_34' title="bbox 462 1813 2047 1887">
     <span class='ocr_line' id='line_1_34' title="bbox 462 1813 2047 1887; baseline -0.001 -13"><span class='ocrx_word' id='word_1_234' title='bbox 462 1813 661 1887; x_wconf 74' lang='lat' dir='ltr'><strong>dignos</strong></span> <span class='ocrx_word' id='word_1_235' title='bbox 688 1815 939 1886; x_wconf 88' lang='lat' dir='ltr'><strong>vosipsos</strong></span> <span class='ocrx_word' id='word_1_236' title='bbox 977 1817 1086 1883; x_wconf 76' lang='lat' dir='ltr'><strong>vjta</strong></span> <span class='ocrx_word' id='word_1_237' title='bbox 1125 1825 1365 1885; x_wconf 54' lang='lat' dir='ltr'><strong>aeterna;</strong></span> <span class='ocrx_word' id='word_1_238' title='bbox 1403 1833 1532 1874; x_wconf 90' lang='lat' dir='ltr'><strong>ecce</strong></span> <span class='ocrx_word' id='word_1_239' title='bbox 1570 1818 1943 1875; x_wconf 85' lang='lat' dir='ltr'><strong>convertimur</strong></span> <span class='ocrx_word' id='word_1_240' title='bbox 1970 1817 2047 1874; x_wconf 83' lang='lat' dir='ltr'><strong>ad</strong></span> 
     </span>
    </p>
   </div>
   <div class='ocr_carea' id='block_1_35' title="bbox 2150 1803 3739 1899">
    <p class='ocr_par' dir='ltr' id='par_1_35' title="bbox 2150 1803 3739 1899">
     <span class='ocr_line' id='line_1_35' title="bbox 2150 1803 3739 1899; baseline -0.009 -19"><span class='ocrx_word' id='word_1_241' title='bbox 2150 1826 2361 1899; x_wconf 77' lang='grc' dir='ltr'>τρέχειν</span> <span class='ocrx_word' id='word_1_242' title='bbox 2636 1822 2905 1894; x_wconf 80' lang='grc' dir='ltr'>νουνεχῶς</span> <span class='ocrx_word' id='word_1_243' title='bbox 2954 1819 3306 1883; x_wconf 76' lang='grc' dir='ltr'>ἐσπούδαζον.</span> <span class='ocrx_word' id='word_1_244' title='bbox 3357 1814 3739 1886; x_wconf 80' lang='grc' dir='ltr'>Διεμέμνηντο</span> 
     </span>
    </p>
   </div>
   <div class='ocr_carea' id='block_1_36' title="bbox 461 1905 2049 1978">
    <p class='ocr_par' dir='ltr' id='par_1_36' title="bbox 461 1905 2049 1978">
     <span class='ocr_line' id='line_1_36' title="bbox 461 1905 2049 1978; baseline 0.003 -18"><span class='ocrx_word' id='word_1_245' title='bbox 461 1913 673 1975; x_wconf 80' lang='lat' dir='ltr'><strong>gentes.</strong></span> <span class='ocrx_word' id='word_1_246' title='bbox 698 1905 778 1962; x_wconf 90' lang='lat' dir='ltr'><strong>Ita</strong></span> <span class='ocrx_word' id='word_1_247' title='bbox 811 1907 961 1962; x_wconf 88' lang='lat' dir='ltr'><strong>enim</strong></span> <span class='ocrx_word' id='word_1_248' title='bbox 992 1908 1245 1978; x_wconf 74' lang='lat' dir='ltr'><strong>przecipit</strong></span> <span class='ocrx_word' id='word_1_249' title='bbox 1264 1909 1429 1964; x_wconf 90' lang='lat' dir='ltr'><strong>nobis</strong></span> <span class='ocrx_word' id='word_1_250' title='bbox 1453 1909 1719 1963; x_wconf 81' lang='lat' dir='ltr'><strong>Dominus</strong></span> <span class='ocrx_word' id='word_1_251' title='bbox 1739 1910 1804 1964; x_wconf 79' lang='grc'><strong>⁷⁸.</strong></span> <span class='ocrx_word' id='word_1_252' title='bbox 1831 1928 1846 1961; x_wconf 88' lang='grc' dir='ltr'><strong>ι</strong></span> <span class='ocrx_word' id='word_1_253' title='bbox 1874 1908 2049 1965; x_wconf 84' lang='lat' dir='ltr'><strong>Audis</strong></span> 
     </span>
    </p>
   </div>
   <div class='ocr_carea' id='block_1_37' title="bbox 461 1999 2047 2070">
    <p class='ocr_par' dir='ltr' id='par_1_37' title="bbox 461 1999 2047 2070">
     <span class='ocr_line' id='line_1_37' title="bbox 461 1999 2047 2070; baseline 0.005 -22"><span class='ocrx_word' id='word_1_254' title='bbox 461 2011 575 2067; x_wconf 84' lang='lat' dir='ltr'><strong>quo</strong></span> <span class='ocrx_word' id='word_1_255' title='bbox 594 2004 756 2067; x_wconf 90' lang='lat' dir='ltr'><strong>pacto</strong></span> <span class='ocrx_word' id='word_1_256' title='bbox 784 1999 1043 2055; x_wconf 58' lang='lat' dir='ltr'><strong>Ecclesiae</strong></span> <span class='ocrx_word' id='word_1_257' title='bbox 1068 2015 1322 2070; x_wconf 88' lang='lat' dir='ltr'><strong>sponsus,</strong></span> <span class='ocrx_word' id='word_1_258' title='bbox 1347 2000 1454 2055; x_wconf 89' lang='lat' dir='ltr'><strong>hoc</strong></span> <span class='ocrx_word' id='word_1_259' title='bbox 1477 2007 1561 2054; x_wconf 90' lang='lat' dir='ltr'><strong>est</strong></span> <span class='ocrx_word' id='word_1_260' title='bbox 1584 2000 1858 2065; x_wconf 84' lang='lat' dir='ltr'><strong>Christus,</strong></span> <span class='ocrx_word' id='word_1_261' title='bbox 1873 2000 2047 2056; x_wconf 87' lang='lat' dir='ltr'><strong>disci-</strong></span> 
     </span>
    </p>
   </div>
   <div class='ocr_carea' id='block_1_38' title="bbox 461 2088 2044 2161">
    <p class='ocr_par' dir='ltr' id='par_1_38' title="bbox 461 2088 2044 2161">
     <span class='ocr_line' id='line_1_38' title="bbox 461 2088 2044 2161; baseline 0.003 -18"><span class='ocrx_word' id='word_1_262' title='bbox 461 2089 610 2159; x_wconf 86' lang='lat' dir='ltr'><strong>pulis</strong></span> <span class='ocrx_word' id='word_1_263' title='bbox 647 2089 764 2145; x_wconf 89' lang='lat' dir='ltr'><strong>suis</strong></span> <span class='ocrx_word' id='word_1_264' title='bbox 809 2092 1069 2161; x_wconf 64' lang='lat' dir='ltr'><strong>praecepit</strong></span> <span class='ocrx_word' id='word_1_265' title='bbox 1106 2099 1167 2145; x_wconf 91' lang='lat' dir='ltr'><strong>ut</strong></span> <span class='ocrx_word' id='word_1_266' title='bbox 1209 2090 1278 2145; x_wconf 88' lang='lat' dir='ltr'><strong>ad</strong></span> <span class='ocrx_word' id='word_1_267' title='bbox 1321 2088 1542 2146; x_wconf 79' lang='lat' dir='ltr'><strong>Graecos</strong></span> <span class='ocrx_word' id='word_1_268' title='bbox 1579 2107 1638 2147; x_wconf 90' lang='lat' dir='ltr'><strong>se</strong></span> <span class='ocrx_word' id='word_1_269' title='bbox 1691 2090 2044 2158; x_wconf 78' lang='lat' dir='ltr'><strong>conferrent,</strong></span> 
     </span>
    </p>
   </div>
   <div class='ocr_carea' id='block_1_39' title="bbox 462 2180 2047 2256">
    <p class='ocr_par' dir='ltr' id='par_1_39' title="bbox 462 2180 2047 2256">
     <span class='ocr_line' id='line_1_39' title="bbox 462 2180 2047 2256; baseline 0.003 -20"><span class='ocrx_word' id='word_1_270' title='bbox 462 2180 651 2251; x_wconf 84' lang='lat' dir='ltr'><strong>ibique</strong></span> <span class='ocrx_word' id='word_1_271' title='bbox 680 2183 1074 2252; x_wconf 85' lang='lat' dir='ltr'><strong>proliﬁearent,</strong></span> <span class='ocrx_word' id='word_1_272' title='bbox 1101 2192 1157 2238; x_wconf 90' lang='lat' dir='ltr'><strong>et</strong></span> <span class='ocrx_word' id='word_1_273' title='bbox 1177 2192 1364 2254; x_wconf 86' lang='lat' dir='ltr'><strong>patres</strong></span> <span class='ocrx_word' id='word_1_274' title='bbox 1390 2183 1792 2254; x_wconf 88' lang='lat' dir='ltr'><strong>quodammodo</strong></span> <span class='ocrx_word' id='word_1_275' title='bbox 1812 2185 2047 2256; x_wconf 90' lang='lat' dir='ltr'><strong>populo-</strong></span> 
     </span>
    </p>
   </div>
   <div class='ocr_carea' id='block_1_40' title="bbox 460 2270 2049 2344">
    <p class='ocr_par' dir='ltr' id='par_1_40' title="bbox 460 2270 2049 2344">
     <span class='ocr_line' id='line_1_40' title="bbox 460 2270 2049 2344; baseline 0.001 -15"><span class='ocrx_word' id='word_1_276' title='bbox 460 2286 590 2329; x_wconf 64' lang='lat' dir='ltr'><strong>rum</strong></span> <span class='ocrx_word' id='word_1_277' title='bbox 620 2270 836 2327; x_wconf 86' lang='lat' dir='ltr'><strong>ﬁerent.</strong></span> <span class='ocrx_word' id='word_1_278' title='bbox 863 2273 1075 2328; x_wconf 85' lang='lat' dir='ltr'><strong>Idcirco</strong></span> <span class='ocrx_word' id='word_1_279' title='bbox 1091 2274 1256 2328; x_wconf 91' lang='lat' dir='ltr'><strong>etiam</strong></span> <span class='ocrx_word' id='word_1_280' title='bbox 1281 2273 1722 2344; x_wconf 85' lang='lat' dir='ltr'><strong>sapientissimus</strong></span> <span class='ocrx_word' id='word_1_281' title='bbox 1759 2276 1962 2332; x_wconf 83' lang='lat' dir='ltr'><strong>Paulus</strong></span> <span class='ocrx_word' id='word_1_282' title='bbox 1981 2276 2049 2331; x_wconf 90' lang='lat' dir='ltr'><strong>iis</strong></span> 
     </span>
    </p>
   </div>
   <div class='ocr_carea' id='block_1_41' title="bbox 462 2362 2049 2435">
    <p class='ocr_par' dir='ltr' id='par_1_41' title="bbox 462 2362 2049 2435">
     <span class='ocr_line' id='line_1_41' title="bbox 462 2362 2049 2435; baseline 0.004 -19"><span class='ocrx_word' id='word_1_283' title='bbox 462 2362 567 2433; x_wconf 85' lang='lat' dir='ltr'><strong>qui</strong></span> <span class='ocrx_word' id='word_1_284' title='bbox 593 2377 663 2417; x_wconf 84' lang='lat' dir='ltr'><strong>ex</strong></span> <span class='ocrx_word' id='word_1_285' title='bbox 694 2362 951 2435; x_wconf 79' lang='lat' dir='ltr'><strong>gentibus</strong></span> <span class='ocrx_word' id='word_1_286' title='bbox 981 2380 1081 2435; x_wconf 87' lang='lat' dir='ltr'><strong>per</strong></span> <span class='ocrx_word' id='word_1_287' title='bbox 1115 2365 1292 2435; x_wconf 91' lang='lat' dir='ltr'><strong>ipsum</strong></span> <span class='ocrx_word' id='word_1_288' title='bbox 1331 2365 1705 2431; x_wconf 90' lang='lat' dir='ltr'><strong>crediderunt,</strong></span> <span class='ocrx_word' id='word_1_289' title='bbox 1732 2367 1927 2422; x_wconf 87' lang='lat' dir='ltr'><strong>scribit</strong></span> <span class='ocrx_word' id='word_1_290' title='bbox 1960 2367 2049 2422; x_wconf 89' lang='lat' dir='ltr'><strong>di-</strong></span> 
     </span>
    </p>
   </div>
   <div class='ocr_carea' id='block_1_42' title="bbox 466 2455 2049 2529">
    <p class='ocr_par' dir='ltr' id='par_1_42' title="bbox 466 2455 2049 2529">
     <span class='ocr_line' id='line_1_42' title="bbox 466 2455 2049 2529; baseline 0.004 -20"><span class='ocrx_word' id='word_1_291' title='bbox 466 2468 601 2516; x_wconf 84' lang='lat' dir='ltr'><strong>oens</strong></span> <span class='ocrx_word' id='word_1_292' title='bbox 648 2472 661 2509; x_wconf 91' lang='lat'>:</span> <span class='ocrx_word' id='word_1_293' title='bbox 714 2475 733 2506; x_wconf 85' lang='grc'><em>‹</em></span> <span class='ocrx_word' id='word_1_294' title='bbox 767 2455 882 2511; x_wconf 86' lang='lat' dir='ltr'><strong>Etsi</strong></span> <span class='ocrx_word' id='word_1_295' title='bbox 907 2455 1055 2519; x_wconf 85' lang='lat' dir='ltr'><strong>enim</strong></span> <span class='ocrx_word' id='word_1_296' title='bbox 1106 2456 1254 2512; x_wconf 86' lang='lat' dir='ltr'><strong>mille</strong></span> <span class='ocrx_word' id='word_1_297' title='bbox 1308 2458 1629 2529; x_wconf 64' lang='lat' dir='ltr'><strong>pmdagogos</strong></span> <span class='ocrx_word' id='word_1_298' title='bbox 1661 2458 1932 2514; x_wconf 86' lang='lat' dir='ltr'><strong>habuistis</strong></span> <span class='ocrx_word' id='word_1_299' title='bbox 1992 2458 2049 2515; x_wconf 90' lang='lat' dir='ltr'><strong>in</strong></span> 
     </span>
    </p>
   </div>
   <div class='ocr_carea' id='block_1_43' title="bbox 461 2544 2051 2617">
    <p class='ocr_par' dir='ltr' id='par_1_43' title="bbox 461 2544 2051 2617">
     <span class='ocr_line' id='line_1_43' title="bbox 461 2544 2051 2617; baseline 0.003 -16"><span class='ocrx_word' id='word_1_300' title='bbox 461 2544 708 2611; x_wconf 83' lang='lat' dir='ltr'><strong>Christo,</strong></span> <span class='ocrx_word' id='word_1_301' title='bbox 734 2546 829 2602; x_wconf 90' lang='lat' dir='ltr'><strong>sed</strong></span> <span class='ocrx_word' id='word_1_302' title='bbox 848 2561 960 2602; x_wconf 91' lang='lat' dir='ltr'><strong>non</strong></span> <span class='ocrx_word' id='word_1_303' title='bbox 981 2548 1184 2602; x_wconf 89' lang='lat' dir='ltr'><strong>multos</strong></span> <span class='ocrx_word' id='word_1_304' title='bbox 1209 2556 1414 2617; x_wconf 89' lang='lat' dir='ltr'><strong>patres.</strong></span> <span class='ocrx_word' id='word_1_305' title='bbox 1438 2548 1574 2603; x_wconf 89' lang='lat' dir='ltr'><strong>Nam</strong></span> <span class='ocrx_word' id='word_1_306' title='bbox 1606 2548 1661 2603; x_wconf 92' lang='lat' dir='ltr'><strong>in</strong></span> <span class='ocrx_word' id='word_1_307' title='bbox 1684 2547 1902 2605; x_wconf 86' lang='lat' dir='ltr'><strong>Christo</strong></span> <span class='ocrx_word' id='word_1_308' title='bbox 1919 2549 2051 2605; x_wconf 77' lang='lat' dir='ltr'><strong>Jesu</strong></span> 
     </span>
    </p>
   </div>
   <div class='ocr_carea' id='block_1_44' title="bbox 464 2637 2050 2710">
    <p class='ocr_par' dir='ltr' id='par_1_44' title="bbox 464 2637 2050 2710">
     <span class='ocr_line' id='line_1_44' title="bbox 464 2637 2050 2710; baseline 0.003 -20"><span class='ocrx_word' id='word_1_309' title='bbox 464 2651 565 2707; x_wconf 89' lang='lat' dir='ltr'><strong>per</strong></span> <span class='ocrx_word' id='word_1_310' title='bbox 590 2637 949 2710; x_wconf 84' lang='lat' dir='ltr'><strong>Evangelium</strong></span> <span class='ocrx_word' id='word_1_311' title='bbox 981 2654 1085 2710; x_wconf 89' lang='lat' dir='ltr'><strong>ego</strong></span> <span class='ocrx_word' id='word_1_312' title='bbox 1121 2654 1220 2695; x_wconf 87' lang='lat' dir='ltr'><strong>vos</strong></span> <span class='ocrx_word' id='word_1_313' title='bbox 1252 2639 1416 2710; x_wconf 80' lang='lat' dir='ltr'><strong>genui</strong></span> <span class='ocrx_word' id='word_1_314' title='bbox 1440 2641 1506 2693; x_wconf 72' lang='lat'><strong>7’.</strong></span> <span class='ocrx_word' id='word_1_315' title='bbox 1536 2658 1554 2691; x_wconf 77' lang='grc' dir='ltr'><strong>ι</strong></span> <span class='ocrx_word' id='word_1_316' title='bbox 1595 2637 1751 2706; x_wconf 86' lang='lat' dir='ltr'><strong>Quod</strong></span> <span class='ocrx_word' id='word_1_317' title='bbox 1782 2655 1916 2696; x_wconf 88' lang='lat' dir='ltr'><strong>vero</strong></span> <span class='ocrx_word' id='word_1_318' title='bbox 1950 2640 2050 2695; x_wconf 76' lang='lat' dir='ltr'><strong>ad-</strong></span> 
     </span>
    </p>
   </div>
   <div class='ocr_carea' id='block_1_45' title="bbox 464 2725 2050 2802">
    <p class='ocr_par' dir='ltr' id='par_1_45' title="bbox 464 2725 2050 2802">
     <span class='ocr_line' id='line_1_45' title="bbox 464 2725 2050 2802; baseline 0.004 -23"><span class='ocrx_word' id='word_1_319' title='bbox 464 2725 690 2782; x_wconf 82' lang='lat' dir='ltr'><strong>futur’us</strong></span> <span class='ocrx_word' id='word_1_320' title='bbox 713 2728 785 2783; x_wconf 88' lang='lat' dir='ltr'><strong>sit</strong></span> <span class='ocrx_word' id='word_1_321' title='bbox 804 2728 970 2793; x_wconf 91' lang='lat' dir='ltr'><strong>Deus,</strong></span> <span class='ocrx_word' id='word_1_322' title='bbox 994 2738 1050 2784; x_wconf 89' lang='lat' dir='ltr'><strong>et</strong></span> <span class='ocrx_word' id='word_1_323' title='bbox 1067 2729 1286 2784; x_wconf 90' lang='lat' dir='ltr'><strong>abunde</strong></span> <span class='ocrx_word' id='word_1_324' title='bbox 1309 2729 1702 2785; x_wconf 90' lang='lat' dir='ltr'><strong>benedicturus</strong></span> <span class='ocrx_word' id='word_1_325' title='bbox 1715 2730 1933 2801; x_wconf 91' lang='lat' dir='ltr'><strong>populis</strong></span> <span class='ocrx_word' id='word_1_326' title='bbox 1954 2732 2050 2802; x_wconf 89' lang='lat' dir='ltr'><strong>qui</strong></span> 
     </span>
    </p>
   </div>
   <div class='ocr_carea' id='block_1_46' title="bbox 465 2817 2050 2892">
    <p class='ocr_par' dir='ltr' id='par_1_46' title="bbox 465 2817 2050 2892">
     <span class='ocr_line' id='line_1_46' title="bbox 465 2817 2050 2892; baseline 0.004 -21"><span class='ocrx_word' id='word_1_327' title='bbox 465 2818 524 2872; x_wconf 89' lang='lat' dir='ltr'><strong>in</strong></span> <span class='ocrx_word' id='word_1_328' title='bbox 553 2817 681 2883; x_wconf 82' lang='lat' dir='ltr'><strong>ﬁde,</strong></span> <span class='ocrx_word' id='word_1_329' title='bbox 703 2818 1066 2886; x_wconf 86' lang='lat' dir='ltr'><strong>demonstrat,</strong></span> <span class='ocrx_word' id='word_1_330' title='bbox 1088 2829 1145 2877; x_wconf 89' lang='lat' dir='ltr'><strong>et</strong></span> <span class='ocrx_word' id='word_1_331' title='bbox 1166 2821 1389 2892; x_wconf 91' lang='lat' dir='ltr'><strong>quidem</strong></span> <span class='ocrx_word' id='word_1_332' title='bbox 1420 2821 1580 2878; x_wconf 80' lang='lat' dir='ltr'><strong>facile</strong></span> <span class='ocrx_word' id='word_1_333' title='bbox 1610 2822 1930 2890; x_wconf 87' lang='lat' dir='ltr'><strong>admodum,</strong></span> <span class='ocrx_word' id='word_1_334' title='bbox 1963 2823 2050 2878; x_wconf 89' lang='lat' dir='ltr'><strong>di-</strong></span> 
     </span>
    </p>
   </div>
   <div class='ocr_carea' id='block_1_47' title="bbox 463 2909 2053 2985">
    <p class='ocr_par' dir='ltr' id='par_1_47' title="bbox 463 2909 2053 2985">
     <span class='ocr_line' id='line_1_47' title="bbox 463 2909 2053 2985; baseline 0.005 -23"><span class='ocrx_word' id='word_1_335' title='bbox 463 2909 628 2966; x_wconf 77' lang='lat' dir='ltr'><strong>vinus</strong></span> <span class='ocrx_word' id='word_1_336' title='bbox 658 2911 828 2977; x_wconf 87' lang='lat' dir='ltr'><strong>Isaac,</strong></span> <span class='ocrx_word' id='word_1_337' title='bbox 853 2912 1027 2968; x_wconf 82' lang='lat' dir='ltr'><strong>ﬁlium</strong></span> <span class='ocrx_word' id='word_1_338' title='bbox 1061 2929 1222 2969; x_wconf 91' lang='lat' dir='ltr'><strong>suum</strong></span> <span class='ocrx_word' id='word_1_339' title='bbox 1243 2912 1411 2970; x_wconf 72' lang='lat' dir='ltr'><strong>Iacob</strong></span> <span class='ocrx_word' id='word_1_340' title='bbox 1434 2923 1660 2985; x_wconf 88' lang='lat' dir='ltr'><strong>paterna</strong></span> <span class='ocrx_word' id='word_1_341' title='bbox 1683 2914 1847 2970; x_wconf 88' lang='lat' dir='ltr'><strong>domo</strong></span> <span class='ocrx_word' id='word_1_342' title='bbox 1877 2915 2053 2976; x_wconf 37' lang='lat' dir='ltr'><strong>disces</strong></span> 
     </span>
    </p>
   </div>
   <div class='ocr_carea' id='block_1_48' title="bbox 470 3000 2047 3062">
    <p class='ocr_par' dir='ltr' id='par_1_48' title="bbox 470 3000 2047 3062">
     <span class='ocr_line' id='line_1_48' title="bbox 470 3000 2047 3062; baseline 0.004 -7"><span class='ocrx_word' id='word_1_343' title='bbox 470 3000 695 3058; x_wconf 90' lang='lat' dir='ltr'><strong>dentem</strong></span> <span class='ocrx_word' id='word_1_344' title='bbox 747 3006 962 3061; x_wconf 82' lang='lat' dir='ltr'><strong>caelesti</strong></span> <span class='ocrx_word' id='word_1_345' title='bbox 1007 3006 1395 3062; x_wconf 85' lang='lat' dir='ltr'><strong>benedictione</strong></span> <span class='ocrx_word' id='word_1_346' title='bbox 1437 3022 1642 3062; x_wconf 90' lang='lat' dir='ltr'><strong>ornans</strong></span> <span class='ocrx_word' id='word_1_347' title='bbox 1683 3022 1748 3061; x_wconf 89' lang='lat' dir='ltr'><strong>ae</strong></span> <span class='ocrx_word' id='word_1_348' title='bbox 1800 3006 1990 3062; x_wconf 90' lang='lat' dir='ltr'><strong>dicens</strong></span> <span class='ocrx_word' id='word_1_349' title='bbox 2033 3025 2047 3061; x_wconf 87' lang='lat'><strong>:</strong></span> 
     </span>
    </p>
   </div>
   <div class='ocr_carea' id='block_1_49' title="bbox 2148 1905 3737 1989">
    <p class='ocr_par' dir='ltr' id='par_1_49' title="bbox 2148 1905 3737 1989">
     <span class='ocr_line' id='line_1_49' title="bbox 2148 1905 3737 1989; baseline -0.01 -16"><span class='ocrx_word' id='word_1_350' title='bbox 2148 1918 2258 1989; x_wconf 76' lang='grc' dir='ltr'>γὰρ</span> <span class='ocrx_word' id='word_1_351' title='bbox 2282 1918 2709 1989; x_wconf 80' lang='grc' dir='ltr'>ἐπισκήπτοντός</span> <span class='ocrx_word' id='word_1_352' title='bbox 2729 1914 2823 1969; x_wconf 86' lang='grc' dir='ltr'><strong>τοῦ</strong></span> <span class='ocrx_word' id='word_1_353' title='bbox 2847 1911 3083 1986; x_wconf 81' lang='grc' dir='ltr'>Χριστοῦ</span> <span class='ocrx_word' id='word_1_354' title='bbox 3105 1910 3198 1965; x_wconf 50' lang='grc' dir='ltr'><strong>καὶ⁸</strong></span> <span class='ocrx_word' id='word_1_355' title='bbox 3214 1909 3484 1979; x_wconf 77' lang='grc' dir='ltr'>λέγοντοςο</span> <span class='ocrx_word' id='word_1_356' title='bbox 3507 1926 3527 1958; x_wconf 77' lang='grc' dir='ltr'><strong>ι</strong></span> <span class='ocrx_word' id='word_1_357' title='bbox 3560 1905 3737 1958; x_wconf 83' lang='grc' dir='ltr'>Ὅταν</span> 
     </span>
    </p>
   </div>
   <div class='ocr_carea' id='block_1_50' title="bbox 2147 1996 3738 2081">
    <p class='ocr_par' dir='ltr' id='par_1_50' title="bbox 2147 1996 3738 2081">
     <span class='ocr_line' id='line_1_50' title="bbox 2147 1996 3738 2081; baseline -0.011 -17"><span class='ocrx_word' id='word_1_358' title='bbox 2147 2009 2416 2064; x_wconf 83' lang='grc' dir='ltr'>διώκωσιν</span> <span class='ocrx_word' id='word_1_359' title='bbox 2455 2009 2604 2081; x_wconf 82' lang='grc' dir='ltr'>ἡμᾶς</span> <span class='ocrx_word' id='word_1_360' title='bbox 2634 2009 2700 2061; x_wconf 82' lang='grc' dir='ltr'>ὲκ</span> <span class='ocrx_word' id='word_1_361' title='bbox 2745 2007 2845 2076; x_wconf 83' lang='grc' dir='ltr'>τῆς</span> <span class='ocrx_word' id='word_1_362' title='bbox 2874 2004 3081 2067; x_wconf 89' lang='grc' dir='ltr'>πόλεως</span> <span class='ocrx_word' id='word_1_363' title='bbox 3115 2002 3341 2070; x_wconf 79' lang='grc' dir='ltr'>ταύτης,</span> <span class='ocrx_word' id='word_1_364' title='bbox 3370 1997 3603 2068; x_wconf 79' lang='grc' dir='ltr'><strong>φεύγετε</strong></span> <span class='ocrx_word' id='word_1_365' title='bbox 3652 1996 3738 2060; x_wconf 87' lang='grc' dir='ltr'><strong>εἰς</strong></span> 
     </span>
    </p>
   </div>
   <div class='ocr_carea' id='block_1_51' title="bbox 2147 2086 3737 2172">
    <p class='ocr_par' dir='ltr' id='par_1_51' title="bbox 2147 2086 3737 2172">
     <span class='ocr_line' id='line_1_51' title="bbox 2147 2086 3737 2172; baseline -0.011 -18"><span class='ocrx_word' id='word_1_366' title='bbox 2147 2100 2246 2172; x_wconf 82' lang='grc' dir='ltr'><strong>τὴν</strong></span> <span class='ocrx_word' id='word_1_367' title='bbox 2277 2100 2492 2171; x_wconf 77' lang='grc' dir='ltr'>ἑτέραν.</span> <span class='ocrx_word' id='word_1_368' title='bbox 2531 2117 2550 2152; x_wconf 78' lang='grc' dir='ltr'><strong>ι</strong></span> <span class='ocrx_word' id='word_1_369' title='bbox 2584 2096 2957 2170; x_wconf 79' lang='grc' dir='ltr'>Προσελάλουν</span> <span class='ocrx_word' id='word_1_370' title='bbox 2982 2094 3039 2148; x_wconf 82' lang='grc' dir='ltr'>δὲ</span> <span class='ocrx_word' id='word_1_371' title='bbox 3071 2094 3165 2147; x_wconf 62' lang='grc' dir='ltr'><strong>καὶ⁵</strong></span> <span class='ocrx_word' id='word_1_372' title='bbox 3193 2092 3377 2153; x_wconf 79' lang='grc' dir='ltr'>αὐτοῖς</span> <span class='ocrx_word' id='word_1_373' title='bbox 3401 2091 3513 2151; x_wconf 82' lang='grc' dir='ltr'>τοῖς</span> <span class='ocrx_word' id='word_1_374' title='bbox 3557 2086 3619 2152; x_wconf 77' lang='grc' dir='ltr'>ἐξ</span> <span class='ocrx_word' id='word_1_375' title='bbox 3648 2086 3737 2139; x_wconf 84' lang='grc' dir='ltr'><strong>αῖ-</strong></span> 
     </span>
    </p>
   </div>
   <div class='ocr_carea' id='block_1_52' title="bbox 2153 2175 3738 2262">
    <p class='ocr_par' dir='ltr' id='par_1_52' title="bbox 2153 2175 3738 2262">
     <span class='ocr_line' id='line_1_52' title="bbox 2153 2175 3738 2262; baseline -0.009 -17"><span class='ocrx_word' id='word_1_376' title='bbox 2153 2208 2321 2262; x_wconf 89' lang='grc' dir='ltr'>ματος</span> <span class='ocrx_word' id='word_1_377' title='bbox 2359 2188 2599 2262; x_wconf 65' lang='grc' dir='ltr'>Ἰσραὴλ»</span> <span class='ocrx_word' id='word_1_378' title='bbox 2630 2186 2882 2242; x_wconf 81' lang='grc' dir='ltr'>ἀπειθεῖν</span> <span class='ocrx_word' id='word_1_379' title='bbox 2928 2182 3226 2258; x_wconf 79' lang='grc' dir='ltr'>ᾑρημένοις</span> <span class='ocrx_word' id='word_1_380' title='bbox 3278 2179 3371 2234; x_wconf 73' lang='grc' dir='ltr'>καὶ</span> <span class='ocrx_word' id='word_1_381' title='bbox 3418 2175 3738 2248; x_wconf 78' lang='grc' dir='ltr'>ὑϐρίζουσιν</span> 
     </span>
    </p>
   </div>
   <div class='ocr_carea' id='block_1_53' title="bbox 2150 2268 3738 2353">
    <p class='ocr_par' dir='ltr' id='par_1_53' title="bbox 2150 2268 3738 2353">
     <span class='ocr_line' id='line_1_53' title="bbox 2150 2268 3738 2353; baseline -0.011 -16"><span class='ocrx_word' id='word_1_382' title='bbox 2150 2282 2409 2353; x_wconf 73' lang='grc' dir='ltr'>ἁφειδῶςο</span> <span class='ocrx_word' id='word_1_383' title='bbox 2446 2301 2465 2334; x_wconf 76' lang='grc' dir='ltr'><strong>ι</strong></span> <span class='ocrx_word' id='word_1_384' title='bbox 2513 2281 2671 2352; x_wconf 82' lang='grc' dir='ltr'>Ὑμῖν</span> <span class='ocrx_word' id='word_1_385' title='bbox 2718 2276 2786 2351; x_wconf 81' lang='grc' dir='ltr'>ἦν</span> <span class='ocrx_word' id='word_1_386' title='bbox 2832 2278 3127 2346; x_wconf 78' lang='grc' dir='ltr'>ἀναγκαῖον</span> <span class='ocrx_word' id='word_1_387' title='bbox 3173 2273 3389 2345; x_wconf 82' lang='grc' dir='ltr'>πρῶτον</span> <span class='ocrx_word' id='word_1_388' title='bbox 3432 2268 3738 2338; x_wconf 76' lang='grc' dir='ltr'>λαληθῆναι</span> 
     </span>
    </p>
   </div>
   <div class='ocr_carea' id='block_1_54' title="bbox 2150 2359 3738 2442">
    <p class='ocr_par' dir='ltr' id='par_1_54' title="bbox 2150 2359 3738 2442">
     <span class='ocr_line' id='line_1_54' title="bbox 2150 2359 3738 2442; baseline -0.012 -12"><span class='ocrx_word' id='word_1_389' title='bbox 2150 2374 2239 2430; x_wconf 87' lang='grc' dir='ltr'><strong>τδν</strong></span> <span class='ocrx_word' id='word_1_390' title='bbox 2261 2373 2419 2442; x_wconf 88' lang='grc' dir='ltr'>λόγον</span> <span class='ocrx_word' id='word_1_391' title='bbox 2446 2372 2540 2425; x_wconf 74' lang='grc' dir='ltr'><strong>τοῦ</strong></span> <span class='ocrx_word' id='word_1_392' title='bbox 2568 2370 2725 2425; x_wconf 78' lang='grc' dir='ltr'><strong>Θεοῦο</strong></span> <span class='ocrx_word' id='word_1_393' title='bbox 2761 2368 2951 2439; x_wconf 72' lang='grc' dir='ltr'>ἐπειδὴ</span> <span class='ocrx_word' id='word_1_394' title='bbox 2984 2368 3042 2421; x_wconf 82' lang='grc' dir='ltr'>δὲ</span> <span class='ocrx_word' id='word_1_395' title='bbox 3074 2362 3382 2420; x_wconf 79' lang='grc' dir='ltr'>ἀπωθεῖσθε</span> <span class='ocrx_word' id='word_1_396' title='bbox 3404 2360 3587 2424; x_wconf 78' lang='grc' dir='ltr'>αὑτὸν,</span> <span class='ocrx_word' id='word_1_397' title='bbox 3639 2359 3738 2413; x_wconf 69' lang='grc' dir='ltr'>καὶ</span> 
     </span>
    </p>
   </div>
   <div class='ocr_carea' id='block_1_55' title="bbox 2150 2450 3739 2534">
    <p class='ocr_par' dir='ltr' id='par_1_55' title="bbox 2150 2450 3739 2534">
     <span class='ocr_line' id='line_1_55' title="bbox 2150 2450 3739 2534; baseline -0.011 -14"><span class='ocrx_word' id='word_1_398' title='bbox 2150 2466 2250 2520; x_wconf 83' lang='grc' dir='ltr'>οὐκ</span> <span class='ocrx_word' id='word_1_399' title='bbox 2275 2450 2460 2531; x_wconf 78' lang='grc' dir='ltr'>ἀξίους</span> <span class='ocrx_word' id='word_1_400' title='bbox 2491 2462 2705 2534; x_wconf 75' lang='grc' dir='ltr'>κρίνετε</span> <span class='ocrx_word' id='word_1_401' title='bbox 2741 2459 2968 2522; x_wconf 78' lang='grc' dir='ltr'>ἑαυτοὺς</span> <span class='ocrx_word' id='word_1_402' title='bbox 2998 2458 3095 2529; x_wconf 83' lang='grc' dir='ltr'>τῆς</span> <span class='ocrx_word' id='word_1_403' title='bbox 3129 2453 3348 2510; x_wconf 87' lang='grc' dir='ltr'>αίωνίου</span> <span class='ocrx_word' id='word_1_404' title='bbox 3383 2453 3551 2522; x_wconf 78' lang='grc' dir='ltr'>ζωῆς,</span> <span class='ocrx_word' id='word_1_405' title='bbox 3622 2450 3739 2503; x_wconf 74' lang='grc' dir='ltr'>ἰδοὺ</span> 
     </span>
    </p>
   </div>
   <div class='ocr_carea' id='block_1_56' title="bbox 2153 2543 3740 2629">
    <p class='ocr_par' dir='ltr' id='par_1_56' title="bbox 2153 2543 3740 2629">
     <span class='ocr_line' id='line_1_56' title="bbox 2153 2543 3740 2629; baseline -0.009 -19"><span class='ocrx_word' id='word_1_406' title='bbox 2153 2554 2500 2629; x_wconf 72' lang='grc' dir='ltr'>στρεφόμεθα</span> <span class='ocrx_word' id='word_1_407' title='bbox 2528 2555 2608 2618; x_wconf 79' lang='grc' dir='ltr'>εἰς</span> <span class='ocrx_word' id='word_1_408' title='bbox 2637 2552 2706 2606; x_wconf 74' lang='grc' dir='ltr'>τὰ</span> <span class='ocrx_word' id='word_1_409' title='bbox 2734 2551 2880 2621; x_wconf 77' lang='grc' dir='ltr'>ἔθνη.</span> <span class='ocrx_word' id='word_1_410' title='bbox 2915 2548 3072 2604; x_wconf 74' lang='grc' dir='ltr'>Οὕτω</span> <span class='ocrx_word' id='word_1_411' title='bbox 3107 2547 3216 2618; x_wconf 85' lang='grc' dir='ltr'><strong>γὰρ</strong></span> <span class='ocrx_word' id='word_1_412' title='bbox 3238 2545 3559 2601; x_wconf 79' lang='grc' dir='ltr'>ὲντέταλκεν</span> <span class='ocrx_word' id='word_1_413' title='bbox 3600 2543 3740 2613; x_wconf 78' lang='grc' dir='ltr'>ἡμῖν</span> 
     </span>
    </p>
   </div>
   <div class='ocr_carea' id='block_1_57' title="bbox 2150 2634 3802 2713">
    <p class='ocr_par' dir='ltr' id='par_1_57' title="bbox 2150 2634 3802 2713">
     <span class='ocr_line' id='line_1_57' title="bbox 2150 2634 3802 2713; baseline -0.01 -13"><span class='ocrx_word' id='word_1_414' title='bbox 2150 2645 2425 2713; x_wconf 82' lang='grc' dir='ltr'>όΚύριος.</span> <span class='ocrx_word' id='word_1_415' title='bbox 2464 2663 2483 2696; x_wconf 75' lang='grc' dir='ltr'><strong>ι</strong></span> <span class='ocrx_word' id='word_1_416' title='bbox 2542 2641 2791 2706; x_wconf 82' lang='grc' dir='ltr'>Ἀκούεις</span> <span class='ocrx_word' id='word_1_417' title='bbox 2826 2641 2975 2703; x_wconf 83' lang='grc' dir='ltr'>ὅπως</span> <span class='ocrx_word' id='word_1_418' title='bbox 3017 2640 3046 2693; x_wconf 84' lang='grc' dir='ltr'>ὁ</span> <span class='ocrx_word' id='word_1_419' title='bbox 3077 2639 3176 2710; x_wconf 83' lang='grc' dir='ltr'>τῆς</span> <span class='ocrx_word' id='word_1_420' title='bbox 3230 2634 3557 2704; x_wconf 85' lang='grc' dir='ltr'>Ἐκκλησίας</span> <span class='ocrx_word' id='word_1_421' title='bbox 3598 2650 3740 2706; x_wconf 68' lang='grc' dir='ltr'>νυμη</span> <span class='ocrx_word' id='word_1_422' title='bbox 3798 2685 3802 2689; x_wconf 75' lang='grc'><strong>,</strong></span> 
     </span>
    </p>
   </div>
   <div class='ocr_carea' id='block_1_58' title="bbox 2153 2724 3742 2807">
    <p class='ocr_par' dir='ltr' id='par_1_58' title="bbox 2153 2724 3742 2807">
     <span class='ocr_line' id='line_1_58' title="bbox 2153 2724 3742 2807; baseline -0.01 -17"><span class='ocrx_word' id='word_1_423' title='bbox 2153 2736 2293 2807; x_wconf 75' lang='grc' dir='ltr'>ῷίος,</span> <span class='ocrx_word' id='word_1_424' title='bbox 2327 2733 2576 2790; x_wconf 81' lang='grc' dir='ltr'>τουτέστι</span> <span class='ocrx_word' id='word_1_425' title='bbox 2630 2732 2889 2805; x_wconf 74' lang='grc' dir='ltr'>Χριστὸς,</span> <span class='ocrx_word' id='word_1_426' title='bbox 2939 2728 3252 2785; x_wconf 77' lang='grc' dir='ltr'>ἐντέταλται</span> <span class='ocrx_word' id='word_1_427' title='bbox 3298 2729 3410 2790; x_wconf 88' lang='grc' dir='ltr'>τοῖς</span> <span class='ocrx_word' id='word_1_428' title='bbox 3462 2724 3610 2788; x_wconf 84' lang='grc' dir='ltr'>ίδίοις</span> <span class='ocrx_word' id='word_1_429' title='bbox 3655 2732 3742 2785; x_wconf 86' lang='grc' dir='ltr'><strong>εις</strong></span> 
     </span>
    </p>
   </div>
   <div class='ocr_carea' id='block_1_59' title="bbox 2151 2818 3744 2901">
    <p class='ocr_par' dir='ltr' id='par_1_59' title="bbox 2151 2818 3744 2901">
     <span class='ocr_line' id='line_1_59' title="bbox 2151 2818 3744 2901; baseline -0.007 -17"><span class='ocrx_word' id='word_1_430' title='bbox 2151 2824 2377 2901; x_wconf 83' lang='grc' dir='ltr'>τὴντῶν</span> <span class='ocrx_word' id='word_1_431' title='bbox 2420 2826 2689 2897; x_wconf 80' lang='grc' dir='ltr'>Ἑλλήνων</span> <span class='ocrx_word' id='word_1_432' title='bbox 2730 2823 2953 2879; x_wconf 82' lang='grc' dir='ltr'>ἀπιέναι</span> <span class='ocrx_word' id='word_1_433' title='bbox 2999 2820 3227 2892; x_wconf 80' lang='grc' dir='ltr'>πληθὺν,</span> <span class='ocrx_word' id='word_1_434' title='bbox 3264 2818 3360 2874; x_wconf 68' lang='grc' dir='ltr'>καὶ</span> <span class='ocrx_word' id='word_1_435' title='bbox 3398 2818 3744 2885; x_wconf 81' lang='grc' dir='ltr'>τεκνογονεῖν</span> 
     </span>
    </p>
   </div>
   <div class='ocr_carea' id='block_1_60' title="bbox 2153 2907 3740 2988">
    <p class='ocr_par' dir='ltr' id='par_1_60' title="bbox 2153 2907 3740 2988">
     <span class='ocr_line' id='line_1_60' title="bbox 2153 2907 3740 2988; baseline -0.006 -14"><span class='ocrx_word' id='word_1_436' title='bbox 2153 2921 2383 2981; x_wconf 77' lang='grc' dir='ltr'>ἐκεῖθεν,</span> <span class='ocrx_word' id='word_1_437' title='bbox 2438 2917 2533 2972; x_wconf 73' lang='grc' dir='ltr'>καὶ</span> <span class='ocrx_word' id='word_1_438' title='bbox 2581 2916 2825 2988; x_wconf 83' lang='grc' dir='ltr'>πατέρας</span> <span class='ocrx_word' id='word_1_439' title='bbox 2882 2913 3072 2986; x_wconf 81' lang='grc' dir='ltr'>ὥσπερ</span> <span class='ocrx_word' id='word_1_440' title='bbox 3118 2908 3506 2981; x_wconf 81' lang='grc' dir='ltr'>ἀναφαίνεσθαι</span> <span class='ocrx_word' id='word_1_441' title='bbox 3565 2907 3740 2964; x_wconf 82' lang='grc' dir='ltr'>λαῶν.</span> 
     </span>
    </p>
   </div>
   <div class='ocr_carea' id='block_1_61' title="bbox 2154 2999 3742 3079">
    <p class='ocr_par' dir='ltr' id='par_1_61' title="bbox 2154 2999 3742 3079">
     <span class='ocr_line' id='line_1_61' title="bbox 2154 2999 3742 3079; baseline -0.006 -16"><span class='ocrx_word' id='word_1_442' title='bbox 2154 3009 2442 3079; x_wconf 78' lang='grc' dir='ltr'>Τοιγάρτοι</span> <span class='ocrx_word' id='word_1_443' title='bbox 2481 3007 2575 3060; x_wconf 76' lang='grc' dir='ltr'>καὶ</span> <span class='ocrx_word' id='word_1_444' title='bbox 2605 3007 2634 3059; x_wconf 85' lang='grc' dir='ltr'><strong>ὁ</strong></span> <span class='ocrx_word' id='word_1_445' title='bbox 2662 3005 2973 3078; x_wconf 80' lang='grc' dir='ltr'>σοφώτατος</span> <span class='ocrx_word' id='word_1_446' title='bbox 3004 3002 3215 3068; x_wconf 75' lang='grc' dir='ltr'>Παῦλος</span> <span class='ocrx_word' id='word_1_447' title='bbox 3240 3004 3354 3066; x_wconf 88' lang='grc' dir='ltr'>τοῖς</span> <span class='ocrx_word' id='word_1_448' title='bbox 3392 3002 3450 3068; x_wconf 80' lang='grc' dir='ltr'><strong>ὲξ</strong></span> <span class='ocrx_word' id='word_1_449' title='bbox 3479 2999 3742 3054; x_wconf 68' lang='grc' dir='ltr'>ἑθνῶνδι*</span> 
     </span>
    </p>
   </div>
   <div class='ocr_carea' id='block_1_62' title="bbox 476 3091 2049 3191">
    <p class='ocr_par' dir='ltr' id='par_1_62' title="bbox 476 3091 2048 3165">
     <span class='ocr_line' id='line_1_62' title="bbox 476 3091 2048 3165; baseline 0.004 -21"><span class='ocrx_word' id='word_1_450' title='bbox 476 3109 494 3143; x_wconf 78' lang='grc' dir='ltr'><strong>ι</strong></span> <span class='ocrx_word' id='word_1_451' title='bbox 521 3091 668 3146; x_wconf 88' lang='lat' dir='ltr'><strong>Deus</strong></span> <span class='ocrx_word' id='word_1_452' title='bbox 695 3108 852 3150; x_wconf 87' lang='lat' dir='ltr'><strong>meus</strong></span> <span class='ocrx_word' id='word_1_453' title='bbox 876 3095 1168 3151; x_wconf 87' lang='lat' dir='ltr'><strong>benedicat</strong></span> <span class='ocrx_word' id='word_1_454' title='bbox 1198 3096 1319 3159; x_wconf 90' lang='lat' dir='ltr'><strong>tibi,</strong></span> <span class='ocrx_word' id='word_1_455' title='bbox 1359 3097 1515 3165; x_wconf 79' lang='lat'><strong>113</strong></span> <span class='ocrx_word' id='word_1_456' title='bbox 1542 3105 1598 3151; x_wconf 88' lang='lat' dir='ltr'><strong>et</strong></span> <span class='ocrx_word' id='word_1_457' title='bbox 1626 3096 1953 3165; x_wconf 87' lang='lat' dir='ltr'><strong>multiplicet</strong></span> <span class='ocrx_word' id='word_1_458' title='bbox 1975 3102 2048 3160; x_wconf 90' lang='lat' dir='ltr'><strong>te,</strong></span> 
     </span>
    </p>
   </div>
   <div class='ocr_carea' id='block_1_63' title="bbox 2150 3091 3747 3191">
    <p class='ocr_par' dir='ltr' id='par_1_63' title="bbox 2156 3092 3747 3167">
     <span class='ocr_line' id='line_1_63' title="bbox 2156 3092 3747 3167; baseline -0.008 -11"><span class='ocrx_word' id='word_1_459' title='bbox 2156 3101 2320 3156; x_wconf 75' lang='grc' dir='ltr'><strong>αὐτοῦ</strong></span> <span class='ocrx_word' id='word_1_460' title='bbox 2349 3100 2703 3155; x_wconf 81' lang='grc' dir='ltr'>πιστεύσασιν</span> <span class='ocrx_word' id='word_1_461' title='bbox 2732 3098 3036 3153; x_wconf 76' lang='grc' dir='ltr'>ἐπιστέλλει</span> <span class='ocrx_word' id='word_1_462' title='bbox 3060 3097 3258 3167; x_wconf 86' lang='grc' dir='ltr'>λέγων·</span> <span class='ocrx_word' id='word_1_463' title='bbox 3302 3115 3322 3147; x_wconf 76' lang='grc' dir='ltr'><strong>ι</strong></span> <span class='ocrx_word' id='word_1_464' title='bbox 3358 3094 3474 3150; x_wconf 81' lang='grc' dir='ltr'>Κᾶν</span> <span class='ocrx_word' id='word_1_465' title='bbox 3497 3092 3607 3163; x_wconf 83' lang='grc' dir='ltr'><strong>γὰρ</strong></span> <span class='ocrx_word' id='word_1_466' title='bbox 3640 3109 3747 3162; x_wconf 79' lang='grc' dir='ltr'>μυο</span> 
     </span>
    </p>
   </div>
   <div class='ocr_carea' id='block_1_64' title="bbox 467 3184 2052 3259">
    <p class='ocr_par' dir='ltr' id='par_1_64' title="bbox 467 3184 2052 3259">
     <span class='ocr_line' id='line_1_64' title="bbox 467 3184 2052 3259; baseline 0.004 -24"><span class='ocrx_word' id='word_1_467' title='bbox 467 3187 523 3242; x_wconf 84' lang='lat' dir='ltr'><strong>et</strong></span> <span class='ocrx_word' id='word_1_468' title='bbox 545 3196 794 3238; x_wconf 89' lang='lat' dir='ltr'><strong>crescere</strong></span> <span class='ocrx_word' id='word_1_469' title='bbox 818 3184 983 3239; x_wconf 88' lang='lat' dir='ltr'><strong>faciat</strong></span> <span class='ocrx_word' id='word_1_470' title='bbox 1002 3192 1055 3239; x_wconf 90' lang='lat' dir='ltr'><strong>te</strong></span> <span class='ocrx_word' id='word_1_471' title='bbox 1081 3202 1093 3239; x_wconf 93' lang='lat'><strong>:</strong></span> <span class='ocrx_word' id='word_1_472' title='bbox 1116 3194 1172 3241; x_wconf 90' lang='lat' dir='ltr'><strong>et</strong></span> <span class='ocrx_word' id='word_1_473' title='bbox 1194 3187 1307 3241; x_wconf 90' lang='lat' dir='ltr'><strong>eris</strong></span> <span class='ocrx_word' id='word_1_474' title='bbox 1330 3187 1387 3241; x_wconf 92' lang='lat' dir='ltr'><strong>in</strong></span> <span class='ocrx_word' id='word_1_475' title='bbox 1417 3187 1891 3258; x_wconf 80' lang='lat' dir='ltr'><strong>congregationem</strong></span> <span class='ocrx_word' id='word_1_476' title='bbox 1917 3202 2052 3259; x_wconf 89' lang='lat' dir='ltr'><strong>gen-</strong></span> 
     </span>
    </p>
   </div>
   <div class='ocr_carea' id='block_1_65' title="bbox 468 3271 2055 3350">
    <p class='ocr_par' dir='ltr' id='par_1_65' title="bbox 468 3271 2055 3350">
     <span class='ocr_line' id='line_1_65' title="bbox 468 3271 2055 3350; baseline 0.005 -25"><span class='ocrx_word' id='word_1_477' title='bbox 468 3271 610 3325; x_wconf 89' lang='lat' dir='ltr'><strong>tium</strong></span> <span class='ocrx_word' id='word_1_478' title='bbox 658 3289 671 3327; x_wconf 90' lang='lat'>:</span> <span class='ocrx_word' id='word_1_479' title='bbox 720 3281 777 3328; x_wconf 92' lang='lat' dir='ltr'><strong>et</strong></span> <span class='ocrx_word' id='word_1_480' title='bbox 825 3275 919 3330; x_wconf 89' lang='lat' dir='ltr'><strong>det</strong></span> <span class='ocrx_word' id='word_1_481' title='bbox 962 3274 1064 3330; x_wconf 91' lang='lat' dir='ltr'><strong>tibi</strong></span> <span class='ocrx_word' id='word_1_482' title='bbox 1115 3276 1559 3333; x_wconf 87' lang='lat' dir='ltr'><strong>benedictionem</strong></span> <span class='ocrx_word' id='word_1_483' title='bbox 1604 3278 1838 3335; x_wconf 60' lang='lat' dir='ltr'><strong>Abrahae</strong></span> <span class='ocrx_word' id='word_1_484' title='bbox 1882 3279 2055 3350; x_wconf 89' lang='lat' dir='ltr'><strong>patris</strong></span> 
     </span>
    </p>
   </div>
   <div class='ocr_carea' id='block_1_66' title="bbox 469 3363 2054 3438">
    <p class='ocr_par' dir='ltr' id='par_1_66' title="bbox 469 3363 2054 3438">
     <span class='ocr_line' id='line_1_66' title="bbox 469 3363 2054 3438; baseline 0.005 -21"><span class='ocrx_word' id='word_1_485' title='bbox 469 3363 551 3417; x_wconf 89' lang='lat' dir='ltr'><strong>tui</strong></span> <span class='ocrx_word' id='word_1_486' title='bbox 576 3363 642 3429; x_wconf 77' lang='lat'><strong>“._</strong></span> <span class='ocrx_word' id='word_1_487' title='bbox 675 3382 695 3415; x_wconf 79' lang='grc' dir='ltr'><strong>ι</strong></span> <span class='ocrx_word' id='word_1_488' title='bbox 726 3363 1011 3421; x_wconf 88' lang='lat' dir='ltr'><strong>Benedicti</strong></span> <span class='ocrx_word' id='word_1_489' title='bbox 1045 3367 1193 3421; x_wconf 87' lang='lat' dir='ltr'><strong>enim</strong></span> <span class='ocrx_word' id='word_1_490' title='bbox 1223 3376 1355 3422; x_wconf 90' lang='lat' dir='ltr'><strong>sunt</strong></span> <span class='ocrx_word' id='word_1_491' title='bbox 1394 3370 1489 3438; x_wconf 90' lang='lat' dir='ltr'><strong>qui</strong></span> <span class='ocrx_word' id='word_1_492' title='bbox 1517 3370 1574 3424; x_wconf 91' lang='lat' dir='ltr'><strong>in</strong></span> <span class='ocrx_word' id='word_1_493' title='bbox 1599 3369 1840 3435; x_wconf 83' lang='lat' dir='ltr'><strong>Christo,</strong></span> <span class='ocrx_word' id='word_1_494' title='bbox 1876 3369 2054 3425; x_wconf 90' lang='lat' dir='ltr'><strong>aucti-</strong></span> 
     </span>
    </p>
   </div>
   <div class='ocr_carea' id='block_1_67' title="bbox 469 3454 2057 3521">
    <p class='ocr_par' dir='ltr' id='par_1_67' title="bbox 469 3454 2057 3521">
     <span class='ocr_line' id='line_1_67' title="bbox 469 3454 2057 3521; baseline 0.004 -15"><span class='ocrx_word' id='word_1_495' title='bbox 469 3467 578 3521; x_wconf 88' lang='lat' dir='ltr'><strong>que</strong></span> <span class='ocrx_word' id='word_1_496' title='bbox 604 3460 734 3507; x_wconf 90' lang='lat' dir='ltr'><strong>sunt</strong></span> <span class='ocrx_word' id='word_1_497' title='bbox 764 3454 1120 3511; x_wconf 87' lang='lat' dir='ltr'><strong>vehementer</strong></span> <span class='ocrx_word' id='word_1_498' title='bbox 1150 3455 1280 3512; x_wconf 80' lang='lat' dir='ltr'><strong>facti</strong></span> <span class='ocrx_word' id='word_1_499' title='bbox 1312 3456 1368 3510; x_wconf 90' lang='lat' dir='ltr'><strong>in</strong></span> <span class='ocrx_word' id='word_1_500' title='bbox 1397 3458 1806 3515; x_wconf 88' lang='lat' dir='ltr'><strong>multitudinem</strong></span> <span class='ocrx_word' id='word_1_501' title='bbox 1849 3467 1907 3515; x_wconf 93' lang='lat' dir='ltr'><strong>et</strong></span> <span class='ocrx_word' id='word_1_502' title='bbox 1927 3473 2057 3514; x_wconf 90' lang='lat' dir='ltr'><strong>con-</strong></span> 
     </span>
    </p>
   </div>
   <div class='ocr_carea' id='block_1_68' title="bbox 471 3549 2055 3621">
    <p class='ocr_par' dir='ltr' id='par_1_68' title="bbox 471 3549 2055 3621">
     <span class='ocr_line' id='line_1_68' title="bbox 471 3549 2055 3621; baseline 0.004 -20"><span class='ocrx_word' id='word_1_503' title='bbox 471 3549 820 3619; x_wconf 85' lang='lat' dir='ltr'><strong>gregationes</strong></span> <span class='ocrx_word' id='word_1_504' title='bbox 850 3551 1119 3621; x_wconf 90' lang='lat' dir='ltr'><strong>gentium,</strong></span> <span class='ocrx_word' id='word_1_505' title='bbox 1163 3561 1221 3608; x_wconf 89' lang='lat' dir='ltr'><strong>et</strong></span> <span class='ocrx_word' id='word_1_506' title='bbox 1258 3553 1576 3610; x_wconf 77' lang='lat' dir='ltr'><strong>cohaeredes</strong></span> <span class='ocrx_word' id='word_1_507' title='bbox 1614 3552 1878 3608; x_wconf 91' lang='lat' dir='ltr'><strong>declarati</strong></span> <span class='ocrx_word' id='word_1_508' title='bbox 1925 3568 2055 3608; x_wconf 92' lang='lat' dir='ltr'><strong>san-</strong></span> 
     </span>
    </p>
   </div>
   <div class='ocr_carea' id='block_1_69' title="bbox 471 3641 2058 3710">
    <p class='ocr_par' dir='ltr' id='par_1_69' title="bbox 471 3641 2058 3710">
     <span class='ocr_line' id='line_1_69' title="bbox 471 3641 2058 3710; baseline 0.001 -13"><span class='ocrx_word' id='word_1_509' title='bbox 471 3646 688 3697; x_wconf 88' lang='lat' dir='ltr'><strong>ctorum</strong></span> <span class='ocrx_word' id='word_1_510' title='bbox 718 3641 965 3696; x_wconf 88' lang='lat' dir='ltr'><strong>Patrum.</strong></span> <span class='ocrx_word' id='word_1_511' title='bbox 986 3642 1331 3700; x_wconf 85' lang='lat' dir='ltr'><strong>Recumbent</strong></span> <span class='ocrx_word' id='word_1_512' title='bbox 1356 3646 1504 3701; x_wconf 88' lang='lat' dir='ltr'><strong>enim</strong></span> <span class='ocrx_word' id='word_1_513' title='bbox 1532 3660 1659 3700; x_wconf 91' lang='lat' dir='ltr'><strong>cum</strong></span> <span class='ocrx_word' id='word_1_514' title='bbox 1680 3644 1976 3710; x_wconf 86' lang='lat' dir='ltr'><strong>Abraham,</strong></span> <span class='ocrx_word' id='word_1_515' title='bbox 2001 3651 2058 3699; x_wconf 90' lang='lat' dir='ltr'><strong>et</strong></span> 
     </span>
    </p>
   </div>
   <div class='ocr_carea' id='block_1_70' title="bbox 470 3733 2058 3809">
    <p class='ocr_par' dir='ltr' id='par_1_70' title="bbox 470 3733 2058 3809">
     <span class='ocr_line' id='line_1_70' title="bbox 470 3733 2058 3809; baseline 0.001 -18"><span class='ocrx_word' id='word_1_516' title='bbox 470 3733 646 3799; x_wconf 84' lang='lat' dir='ltr'><strong>Isaac,</strong></span> <span class='ocrx_word' id='word_1_517' title='bbox 699 3741 757 3789; x_wconf 88' lang='lat' dir='ltr'><strong>et</strong></span> <span class='ocrx_word' id='word_1_518' title='bbox 805 3734 997 3802; x_wconf 85' lang='lat' dir='ltr'><strong>Jacob,</strong></span> <span class='ocrx_word' id='word_1_519' title='bbox 1050 3737 1217 3793; x_wconf 87' lang='lat' dir='ltr'><strong>etiam</strong></span> <span class='ocrx_word' id='word_1_520' title='bbox 1267 3738 1323 3793; x_wconf 89' lang='lat' dir='ltr'><strong>in</strong></span> <span class='ocrx_word' id='word_1_521' title='bbox 1364 3753 1536 3809; x_wconf 85' lang='lat' dir='ltr'><strong>regno</strong></span> <span class='ocrx_word' id='word_1_522' title='bbox 1578 3738 1865 3803; x_wconf 66' lang='lat' dir='ltr'><strong>caelorum,</strong></span> <span class='ocrx_word' id='word_1_523' title='bbox 1902 3738 2058 3809; x_wconf 80' lang='lat' dir='ltr'><strong>juxta</strong></span> 
     </span>
    </p>
   </div>
   <div class='ocr_carea' id='block_1_71' title="bbox 472 3826 2058 3898">
    <p class='ocr_par' dir='ltr' id='par_1_71' title="bbox 472 3826 2058 3898">
     <span class='ocr_line' id='line_1_71' title="bbox 472 3826 2058 3898; baseline 0.001 -15"><span class='ocrx_word' id='word_1_524' title='bbox 472 3826 647 3898; x_wconf 87' lang='lat' dir='ltr'><strong>ipsius</strong></span> <span class='ocrx_word' id='word_1_525' title='bbox 670 3828 967 3887; x_wconf 89' lang='lat' dir='ltr'><strong>Salvatoris</strong></span> <span class='ocrx_word' id='word_1_526' title='bbox 987 3846 1180 3888; x_wconf 83' lang='lat' dir='ltr'><strong>vocem</strong></span> <span class='ocrx_word' id='word_1_527' title='bbox 1206 3831 1272 3887; x_wconf 61' lang='grc' dir='ltr'><strong>υ.</strong></span> <span class='ocrx_word' id='word_1_528' title='bbox 1300 3830 1584 3888; x_wconf 88' lang='lat' dir='ltr'><strong>Benedicti</strong></span> <span class='ocrx_word' id='word_1_529' title='bbox 1610 3846 1743 3887; x_wconf 87' lang='lat' dir='ltr'><strong>vero</strong></span> <span class='ocrx_word' id='word_1_530' title='bbox 1776 3845 1967 3885; x_wconf 86' lang='lat' dir='ltr'><strong>sumus</strong></span> <span class='ocrx_word' id='word_1_531' title='bbox 1988 3830 2058 3885; x_wconf 90' lang='lat' dir='ltr'><strong>ab</strong></span> 
     </span>
    </p>
   </div>
   <div class='ocr_carea' id='block_1_72' title="bbox 473 3918 2055 3990">
    <p class='ocr_par' dir='ltr' id='par_1_72' title="bbox 473 3918 2055 3990">
     <span class='ocr_line' id='line_1_72' title="bbox 473 3918 2055 3990; baseline 0.002 -16"><span class='ocrx_word' id='word_1_532' title='bbox 473 3918 595 3990; x_wconf 91' lang='lat' dir='ltr'><strong>ipso</strong></span> <span class='ocrx_word' id='word_1_533' title='bbox 622 3937 844 3978; x_wconf 81' lang='lat' dir='ltr'><strong>rursum</strong></span> <span class='ocrx_word' id='word_1_534' title='bbox 868 3941 881 3977; x_wconf 90' lang='lat'><strong>:</strong></span> <span class='ocrx_word' id='word_1_535' title='bbox 908 3923 1049 3979; x_wconf 75' lang='lat' dir='ltr'><strong>dixit</strong></span> <span class='ocrx_word' id='word_1_536' title='bbox 1080 3924 1228 3980; x_wconf 91' lang='lat' dir='ltr'><strong>enim</strong></span> <span class='ocrx_word' id='word_1_537' title='bbox 1255 3920 1332 3980; x_wconf 83' lang='lat' dir='ltr'><strong>&#39;de</strong></span> <span class='ocrx_word' id='word_1_538' title='bbox 1361 3924 1556 3979; x_wconf 85' lang='lat' dir='ltr'><strong>nobis:</strong></span> <span class='ocrx_word' id='word_1_539' title='bbox 1601 3942 1619 3976; x_wconf 76' lang='grc' dir='ltr'><strong>ι</strong></span> <span class='ocrx_word' id='word_1_540' title='bbox 1649 3923 1811 3978; x_wconf 87' lang='lat' dir='ltr'><strong>Pater</strong></span> <span class='ocrx_word' id='word_1_541' title='bbox 1846 3929 2055 3986; x_wconf 88' lang='lat' dir='ltr'><strong>sancte,</strong></span> 
     </span>
    </p>
   </div>
   <div class='ocr_carea' id='block_1_73' title="bbox 473 4014 2060 4085">
    <p class='ocr_par' dir='ltr' id='par_1_73' title="bbox 473 4014 2060 4085">
     <span class='ocr_line' id='line_1_73' title="bbox 473 4014 2060 4085; baseline 0.001 -19"><span class='ocrx_word' id='word_1_542' title='bbox 473 4026 633 4067; x_wconf 87' lang='lat' dir='ltr'><strong>serva</strong></span> <span class='ocrx_word' id='word_1_543' title='bbox 672 4029 770 4070; x_wconf 89' lang='lat' dir='ltr'><strong>eos</strong></span> <span class='ocrx_word' id='word_1_544' title='bbox 801 4014 859 4069; x_wconf 93' lang='lat' dir='ltr'><strong>in</strong></span> <span class='ocrx_word' id='word_1_545' title='bbox 886 4017 1122 4072; x_wconf 80' lang='lat' dir='ltr'><strong>veritate</strong></span> <span class='ocrx_word' id='word_1_546' title='bbox 1165 4025 1260 4072; x_wconf 91' lang='lat' dir='ltr'><strong>tua</strong></span> <span class='ocrx_word' id='word_1_547' title='bbox 1301 4016 1369 4071; x_wconf 81' lang='grc'><strong>⁸².</strong></span> <span class='ocrx_word' id='word_1_548' title='bbox 1398 4035 1417 4070; x_wconf 79' lang='grc' dir='ltr'><strong>ι</strong></span> <span class='ocrx_word' id='word_1_549' title='bbox 1449 4015 1506 4072; x_wconf 85' lang='lat' dir='ltr'><strong>Si</strong></span> <span class='ocrx_word' id='word_1_550' title='bbox 1548 4031 1680 4071; x_wconf 92' lang='lat' dir='ltr'><strong>vero</strong></span> <span class='ocrx_word' id='word_1_551' title='bbox 1722 4014 2060 4085; x_wconf 86' lang='lat' dir='ltr'><strong>intelligatur</strong></span> 
     </span>
    </p>
   </div>
   <div class='ocr_carea' id='block_1_74' title="bbox 473 4102 2059 4173">
    <p class='ocr_par' dir='ltr' id='par_1_74' title="bbox 473 4102 2059 4173">
     <span class='ocr_line' id='line_1_74' title="bbox 473 4102 2059 4173; baseline 0.003 -18"><span class='ocrx_word' id='word_1_552' title='bbox 473 4102 641 4156; x_wconf 81' lang='lat' dir='ltr'><strong>etiam</strong></span> <span class='ocrx_word' id='word_1_553' title='bbox 674 4104 820 4159; x_wconf 85' lang='lat' dir='ltr'><strong>Esau</strong></span> <span class='ocrx_word' id='word_1_554' title='bbox 850 4116 1028 4163; x_wconf 90' lang='lat' dir='ltr'><strong>mater</strong></span> <span class='ocrx_word' id='word_1_555' title='bbox 1067 4109 1338 4173; x_wconf 81' lang='lat' dir='ltr'><strong>Rebecca,</strong></span> <span class='ocrx_word' id='word_1_556' title='bbox 1374 4109 1513 4164; x_wconf 89' lang='lat' dir='ltr'><strong>nihil</strong></span> <span class='ocrx_word' id='word_1_557' title='bbox 1555 4107 1781 4164; x_wconf 90' lang='lat' dir='ltr'><strong>omnino</strong></span> <span class='ocrx_word' id='word_1_558' title='bbox 1810 4114 2059 4162; x_wconf 89' lang='lat' dir='ltr'><strong>contem-</strong></span> 
     </span>
    </p>
   </div>
   <div class='ocr_carea' id='block_1_75' title="bbox 2157 3183 3747 3264">
    <p class='ocr_par' dir='ltr' id='par_1_75' title="bbox 2157 3183 3747 3264">
     <span class='ocr_line' id='line_1_75' title="bbox 2157 3183 3747 3264; baseline -0.006 -18"><span class='ocrx_word' id='word_1_559' title='bbox 2157 3193 2306 3264; x_wconf 86' lang='grc' dir='ltr'>ρίους</span> <span class='ocrx_word' id='word_1_560' title='bbox 2341 3191 2725 3261; x_wconf 79' lang='grc' dir='ltr'>παιδαγωγοὺς</span> <span class='ocrx_word' id='word_1_561' title='bbox 2745 3189 2906 3262; x_wconf 80' lang='grc' dir='ltr'>ἔχητε</span> <span class='ocrx_word' id='word_1_562' title='bbox 2929 3189 3243 3261; x_wconf 77' lang='grc' dir='ltr'>ὲνΧριστῷ,</span> <span class='ocrx_word' id='word_1_563' title='bbox 3274 3187 3387 3242; x_wconf 76' lang='grc' dir='ltr'>ἀλλ’</span> <span class='ocrx_word' id='word_1_564' title='bbox 3421 3186 3483 3239; x_wconf 81' lang='grc' dir='ltr'>οὐ</span> <span class='ocrx_word' id='word_1_565' title='bbox 3508 3183 3747 3248; x_wconf 79' lang='grc' dir='ltr'>πολλοὺς</span> 
     </span>
    </p>
   </div>
   <div class='ocr_carea' id='block_1_76' title="bbox 2155 3274 3746 3355">
    <p class='ocr_par' dir='ltr' id='par_1_76' title="bbox 2155 3274 3746 3355">
     <span class='ocr_line' id='line_1_76' title="bbox 2155 3274 3746 3355; baseline -0.007 -18"><span class='ocrx_word' id='word_1_566' title='bbox 2155 3283 2420 3353; x_wconf 83' lang='grc' dir='ltr'>πατέρας.</span> <span class='ocrx_word' id='word_1_567' title='bbox 2465 3283 2554 3337; x_wconf 76' lang='grc' dir='ltr'>Ἐν</span> <span class='ocrx_word' id='word_1_568' title='bbox 2588 3283 2695 3355; x_wconf 82' lang='grc' dir='ltr'><strong>γὰρ</strong></span> <span class='ocrx_word' id='word_1_569' title='bbox 2726 3281 2949 3355; x_wconf 83' lang='grc' dir='ltr'>Χριστῷ</span> <span class='ocrx_word' id='word_1_570' title='bbox 2962 3279 3141 3353; x_wconf 80' lang='grc' dir='ltr'><strong>Ἰησοῦ</strong></span> <span class='ocrx_word' id='word_1_571' title='bbox 3165 3279 3254 3334; x_wconf 86' lang='grc' dir='ltr'>διὰ</span> <span class='ocrx_word' id='word_1_572' title='bbox 3277 3277 3370 3333; x_wconf 79' lang='grc' dir='ltr'><strong>τοῦ</strong></span> <span class='ocrx_word' id='word_1_573' title='bbox 3404 3274 3746 3345; x_wconf 80' lang='grc' dir='ltr'>Εὐαγγελίου</span> 
     </span>
    </p>
   </div>
   <div class='ocr_carea' id='block_1_77' title="bbox 2156 3366 3744 3449">
    <p class='ocr_par' dir='ltr' id='par_1_77' title="bbox 2156 3366 3744 3449">
     <span class='ocr_line' id='line_1_77' title="bbox 2156 3366 3744 3449; baseline -0.008 -17"><span class='ocrx_word' id='word_1_574' title='bbox 2156 3375 2269 3447; x_wconf 79' lang='grc' dir='ltr'><strong>ἐγὼ</strong></span> <span class='ocrx_word' id='word_1_575' title='bbox 2318 3377 2464 3447; x_wconf 79' lang='grc' dir='ltr'>ὑμᾶς</span> <span class='ocrx_word' id='word_1_576' title='bbox 2492 3376 2780 3449; x_wconf 60' lang='grc' dir='ltr'>ἐγέννησα.</span> <span class='ocrx_word' id='word_1_577' title='bbox 2837 3395 2856 3428; x_wconf 73' lang='grc' dir='ltr'><strong>ι</strong></span> <span class='ocrx_word' id='word_1_578' title='bbox 2896 3374 3017 3429; x_wconf 53' lang='grc' dir='ltr'>’Όίτι</span> <span class='ocrx_word' id='word_1_579' title='bbox 3068 3374 3125 3428; x_wconf 79' lang='grc' dir='ltr'>δὲ</span> <span class='ocrx_word' id='word_1_580' title='bbox 3165 3374 3258 3426; x_wconf 75' lang='grc' dir='ltr'>καὶ</span> <span class='ocrx_word' id='word_1_581' title='bbox 3303 3370 3554 3424; x_wconf 88' lang='grc' dir='ltr'>συνέσται</span> <span class='ocrx_word' id='word_1_582' title='bbox 3582 3366 3744 3432; x_wconf 77' lang='grc' dir='ltr'>Θεὸς,</span> 
     </span>
    </p>
   </div>
   <div class='ocr_carea' id='block_1_78' title="bbox 2156 3460 3750 3540">
    <p class='ocr_par' dir='ltr' id='par_1_78' title="bbox 2156 3460 3750 3540">
     <span class='ocr_line' id='line_1_78' title="bbox 2156 3460 3750 3540; baseline -0.008 -15"><span class='ocrx_word' id='word_1_583' title='bbox 2156 3472 2252 3526; x_wconf 71' lang='grc' dir='ltr'>καὶ</span> <span class='ocrx_word' id='word_1_584' title='bbox 2277 3470 2560 3540; x_wconf 82' lang='grc' dir='ltr'>εὐλογήσει</span> <span class='ocrx_word' id='word_1_585' title='bbox 2596 3467 2869 3531; x_wconf 82' lang='grc' dir='ltr'>πλουσίως</span> <span class='ocrx_word' id='word_1_586' title='bbox 2905 3466 3031 3530; x_wconf 75' lang='grc' dir='ltr'>τοὺς</span> <span class='ocrx_word' id='word_1_587' title='bbox 3059 3467 3118 3518; x_wconf 82' lang='grc' dir='ltr'>ὲν</span> <span class='ocrx_word' id='word_1_588' title='bbox 3148 3463 3327 3516; x_wconf 84' lang='grc' dir='ltr'>πίστει</span> <span class='ocrx_word' id='word_1_589' title='bbox 3351 3460 3532 3524; x_wconf 79' lang='grc' dir='ltr'>λαοὺς,</span> <span class='ocrx_word' id='word_1_590' title='bbox 3564 3474 3750 3530; x_wconf 65' lang='grc' dir='ltr'>παραυ</span> 
     </span>
    </p>
   </div>
   <div class='ocr_carea' id='block_1_79' title="bbox 2156 3551 3746 3632">
    <p class='ocr_par' dir='ltr' id='par_1_79' title="bbox 2156 3551 3746 3632">
     <span class='ocr_line' id='line_1_79' title="bbox 2156 3551 3746 3632; baseline -0.009 -14"><span class='ocrx_word' id='word_1_591' title='bbox 2156 3563 2379 3629; x_wconf 82' lang='grc' dir='ltr'>δείξειεν</span> <span class='ocrx_word' id='word_1_592' title='bbox 2430 3561 2497 3617; x_wconf 84' lang='grc' dir='ltr'>ἂν</span> <span class='ocrx_word' id='word_1_593' title='bbox 2544 3561 2640 3617; x_wconf 70' lang='grc' dir='ltr'>καὶ</span> <span class='ocrx_word' id='word_1_594' title='bbox 2691 3560 2834 3632; x_wconf 84' lang='grc' dir='ltr'>μάλα</span> <span class='ocrx_word' id='word_1_595' title='bbox 2882 3558 3083 3632; x_wconf 77' lang='grc' dir='ltr'>ῥᾳδίως</span> <span class='ocrx_word' id='word_1_596' title='bbox 3121 3558 3151 3610; x_wconf 82' lang='grc' dir='ltr'><strong>ὁ</strong></span> <span class='ocrx_word' id='word_1_597' title='bbox 3180 3556 3468 3618; x_wconf 75' lang='grc' dir='ltr'>θεσπέσιος</span> <span class='ocrx_word' id='word_1_598' title='bbox 3528 3551 3746 3616; x_wconf 77' lang='grc' dir='ltr'>Ἰσαὰκ,</span> 
     </span>
    </p>
   </div>
   <div class='ocr_carea' id='block_1_80' title="bbox 2156 3644 3749 3726">
    <p class='ocr_par' dir='ltr' id='par_1_80' title="bbox 2156 3644 3749 3726">
     <span class='ocr_line' id='line_1_80' title="bbox 2156 3644 3749 3726; baseline -0.006 -20"><span class='ocrx_word' id='word_1_599' title='bbox 2156 3654 2529 3726; x_wconf 87' lang='grc' dir='ltr'>ἀποτρέχοντα</span> <span class='ocrx_word' id='word_1_600' title='bbox 2552 3652 2641 3706; x_wconf 85' lang='grc' dir='ltr'>τὸν</span> <span class='ocrx_word' id='word_1_601' title='bbox 2656 3650 2851 3705; x_wconf 80' lang='grc' dir='ltr'>Ἰακὼϐ</span> <span class='ocrx_word' id='word_1_602' title='bbox 2875 3653 2974 3722; x_wconf 78' lang='grc' dir='ltr'>τῆς</span> <span class='ocrx_word' id='word_1_603' title='bbox 2999 3647 3259 3720; x_wconf 77' lang='grc' dir='ltr'>πατρῴας</span> <span class='ocrx_word' id='word_1_604' title='bbox 3292 3647 3478 3708; x_wconf 80' lang='grc' dir='ltr'>ἑστίας</span> <span class='ocrx_word' id='word_1_605' title='bbox 3494 3646 3624 3708; x_wconf 71' lang='grc' dir='ltr'>ταῖς</span> <span class='ocrx_word' id='word_1_606' title='bbox 3646 3644 3749 3698; x_wconf 83' lang='grc' dir='ltr'><strong>ἇν-</strong></span> 
     </span>
    </p>
   </div>
   <div class='ocr_carea' id='block_1_81' title="bbox 2157 3735 3737 3814">
    <p class='ocr_par' dir='ltr' id='par_1_81' title="bbox 2157 3735 3737 3814">
     <span class='ocr_line' id='line_1_81' title="bbox 2157 3735 3737 3814; baseline -0.009 -14"><span class='ocrx_word' id='word_1_607' title='bbox 2157 3746 2295 3800; x_wconf 87' lang='grc' dir='ltr'>ωθεν</span> <span class='ocrx_word' id='word_1_608' title='bbox 2314 3745 2587 3814; x_wconf 80' lang='grc' dir='ltr'>εὐλογίαις</span> <span class='ocrx_word' id='word_1_609' title='bbox 2614 3742 2895 3814; x_wconf 82' lang='grc' dir='ltr'>στεφανῶν</span> <span class='ocrx_word' id='word_1_610' title='bbox 2925 3741 3020 3797; x_wconf 71' lang='grc' dir='ltr'>καὶ</span> <span class='ocrx_word' id='word_1_611' title='bbox 3034 3741 3262 3810; x_wconf 83' lang='grc' dir='ltr'>λέγωνί</span> <span class='ocrx_word' id='word_1_612' title='bbox 3285 3740 3343 3792; x_wconf 84' lang='lat'><strong>&#39;0</strong></span> <span class='ocrx_word' id='word_1_613' title='bbox 3373 3737 3431 3792; x_wconf 72' lang='grc' dir='ltr'>δὲ</span> <span class='ocrx_word' id='word_1_614' title='bbox 3463 3735 3595 3797; x_wconf 86' lang='grc' dir='ltr'>Θεός</span> <span class='ocrx_word' id='word_1_615' title='bbox 3628 3751 3737 3805; x_wconf 84' lang='grc' dir='ltr'><strong>μου</strong></span> 
     </span>
    </p>
   </div>
   <div class='ocr_carea' id='block_1_82' title="bbox 2159 3829 3740 3910">
    <p class='ocr_par' dir='ltr' id='par_1_82' title="bbox 2159 3829 3740 3910">
     <span class='ocr_line' id='line_1_82' title="bbox 2159 3829 3740 3910; baseline -0.008 -19"><span class='ocrx_word' id='word_1_616' title='bbox 2159 3838 2449 3910; x_wconf 66' lang='grc' dir='ltr'>εὐλογῆσαι</span> <span class='ocrx_word' id='word_1_617' title='bbox 2486 3854 2564 3902; x_wconf 87' lang='grc' dir='ltr'><strong>σε,</strong></span> <span class='ocrx_word' id='word_1_618' title='bbox 2599 3839 2692 3891; x_wconf 71' lang='grc' dir='ltr'>καὶ</span> <span class='ocrx_word' id='word_1_619' title='bbox 2720 3836 2952 3908; x_wconf 81' lang='grc' dir='ltr'>αὐξήσαι</span> <span class='ocrx_word' id='word_1_620' title='bbox 2987 3852 3068 3899; x_wconf 87' lang='grc' dir='ltr'><strong>σε,</strong></span> <span class='ocrx_word' id='word_1_621' title='bbox 3098 3834 3193 3888; x_wconf 80' lang='grc' dir='ltr'>καὶ</span> <span class='ocrx_word' id='word_1_622' title='bbox 3219 3830 3487 3904; x_wconf 82' lang='grc' dir='ltr'>πληθύναι</span> <span class='ocrx_word' id='word_1_623' title='bbox 3521 3842 3602 3880; x_wconf 81' lang='grc' dir='ltr'>σε’</span> <span class='ocrx_word' id='word_1_624' title='bbox 3638 3829 3740 3880; x_wconf 79' lang='grc' dir='ltr'>καὶ</span> 
     </span>
    </p>
   </div>
   <div class='ocr_carea' id='block_1_83' title="bbox 2159 3920 3751 4002">
    <p class='ocr_par' dir='ltr' id='par_1_83' title="bbox 2159 3920 3751 4002">
     <span class='ocr_line' id='line_1_83' title="bbox 2159 3920 3751 4002; baseline -0.008 -20"><span class='ocrx_word' id='word_1_625' title='bbox 2159 3928 2258 4002; x_wconf 81' lang='grc' dir='ltr'><strong>ἔσῃ</strong></span> <span class='ocrx_word' id='word_1_626' title='bbox 2286 3930 2366 3992; x_wconf 87' lang='grc' dir='ltr'><strong>είς</strong></span> <span class='ocrx_word' id='word_1_627' title='bbox 2406 3926 2728 3997; x_wconf 76' lang='grc' dir='ltr'>συναγωγὰς</span> <span class='ocrx_word' id='word_1_628' title='bbox 2752 3925 2944 3981; x_wconf 77' lang='grc' dir='ltr'>ἐθνῶν.</span> <span class='ocrx_word' id='word_1_629' title='bbox 2978 3926 3091 3980; x_wconf 69' lang='grc' dir='ltr'><strong>Καὶ</strong></span> <span class='ocrx_word' id='word_1_630' title='bbox 3120 3922 3231 3994; x_wconf 80' lang='grc' dir='ltr'>δῴη</span> <span class='ocrx_word' id='word_1_631' title='bbox 3263 3940 3345 3976; x_wconf 93' lang='grc' dir='ltr'><strong>σοι</strong></span> <span class='ocrx_word' id='word_1_632' title='bbox 3375 3923 3473 3995; x_wconf 79' lang='grc' dir='ltr'>τὴν</span> <span class='ocrx_word' id='word_1_633' title='bbox 3494 3920 3751 3988; x_wconf 72' lang='grc' dir='ltr'>εὐλογίαν</span> 
     </span>
    </p>
   </div>
   <div class='ocr_carea' id='block_1_84' title="bbox 2170 4012 3751 4091">
    <p class='ocr_par' dir='ltr' id='par_1_84' title="bbox 2170 4012 3751 4091">
     <span class='ocr_line' id='line_1_84' title="bbox 2170 4012 3751 4091; baseline -0.005 -18"><span class='ocrx_word' id='word_1_634' title='bbox 2170 4019 2424 4091; x_wconf 82' lang='grc' dir='ltr'>Ἀϐραὰμ</span> <span class='ocrx_word' id='word_1_635' title='bbox 2469 4019 2564 4073; x_wconf 75' lang='grc' dir='ltr'>τοῦ</span> <span class='ocrx_word' id='word_1_636' title='bbox 2609 4019 2817 4090; x_wconf 86' lang='grc' dir='ltr'>πατρός</span> <span class='ocrx_word' id='word_1_637' title='bbox 2853 4033 2968 4071; x_wconf 88' lang='grc' dir='ltr'>σου.</span> <span class='ocrx_word' id='word_1_638' title='bbox 3007 4035 3025 4068; x_wconf 78' lang='grc' dir='ltr'><strong>ι</strong></span> <span class='ocrx_word' id='word_1_639' title='bbox 3080 4016 3418 4084; x_wconf 77' lang='grc' dir='ltr'>Ηύλόγηνται</span> <span class='ocrx_word' id='word_1_640' title='bbox 3453 4012 3564 4085; x_wconf 82' lang='grc' dir='ltr'><strong>γὰρ</strong></span> <span class='ocrx_word' id='word_1_641' title='bbox 3589 4014 3639 4066; x_wconf 79' lang='grc' dir='ltr'>οἱ</span> <span class='ocrx_word' id='word_1_642' title='bbox 3686 4013 3751 4065; x_wconf 75' lang='grc' dir='ltr'>ἐν</span> 
     </span>
    </p>
   </div>
   <div class='ocr_carea' id='block_1_85' title="bbox 2161 4105 3750 4184">
    <p class='ocr_par' dir='ltr' id='par_1_85' title="bbox 2161 4105 3750 4184">
     <span class='ocr_line' id='line_1_85' title="bbox 2161 4105 3750 4184; baseline -0.007 -17"><span class='ocrx_word' id='word_1_643' title='bbox 2161 4112 2404 4184; x_wconf 82' lang='grc' dir='ltr'>Χριστῷ,</span> <span class='ocrx_word' id='word_1_644' title='bbox 2431 4110 2694 4183; x_wconf 69' lang='grc' dir='ltr'>ηὔξηνταί</span> <span class='ocrx_word' id='word_1_645' title='bbox 2720 4127 2779 4165; x_wconf 88' lang='grc' dir='ltr'><strong>τε</strong></span> <span class='ocrx_word' id='word_1_646' title='bbox 2803 4109 2942 4170; x_wconf 86' lang='grc' dir='ltr'>λίαν,</span> <span class='ocrx_word' id='word_1_647' title='bbox 2972 4108 3067 4162; x_wconf 81' lang='grc' dir='ltr'>καὶ</span> <span class='ocrx_word' id='word_1_648' title='bbox 3101 4109 3181 4171; x_wconf 86' lang='grc' dir='ltr'><strong>είς</strong></span> <span class='ocrx_word' id='word_1_649' title='bbox 3225 4106 3429 4176; x_wconf 86' lang='grc' dir='ltr'>πλῆθος</span> <span class='ocrx_word' id='word_1_650' title='bbox 3462 4105 3750 4173; x_wconf 88' lang='grc' dir='ltr'>γεγόνασι,</span> 
     </span>
    </p>
   </div>
   <div class='ocr_carea' id='block_1_86' title="bbox 416 4193 2049 4272">
    <p class='ocr_par' dir='ltr' id='par_1_86' title="bbox 416 4193 2049 4270">
     <span class='ocr_line' id='line_1_86' title="bbox 416 4193 2049 4270; baseline 0.004 -23"><span class='ocrx_word' id='word_1_651' title='bbox 416 4204 423 4207; x_wconf 77' lang='lat'><em>‘</em></span> <span class='ocrx_word' id='word_1_652' title='bbox 454 4193 706 4263; x_wconf 74' lang='lat' dir='ltr'><strong>‘plationi</strong></span> <span class='ocrx_word' id='word_1_653' title='bbox 735 4195 1005 4261; x_wconf 84' lang='lat' dir='ltr'><strong>otl‘ecerit.</strong></span> <span class='ocrx_word' id='word_1_654' title='bbox 1044 4198 1327 4269; x_wconf 83' lang='lat' dir='ltr'><strong>Siquidem</strong></span> <span class='ocrx_word' id='word_1_655' title='bbox 1362 4199 1420 4254; x_wconf 91' lang='lat' dir='ltr'><strong>in</strong></span> <span class='ocrx_word' id='word_1_656' title='bbox 1464 4206 1654 4270; x_wconf 87' lang='lat' dir='ltr'><strong>typum</strong></span> <span class='ocrx_word' id='word_1_657' title='bbox 1686 4199 2049 4254; x_wconf 86' lang='lat' dir='ltr'><strong>lsraelitarum</strong></span> 
     </span>
    </p>
   </div>
   <div class='ocr_carea' id='block_1_87' title="bbox 2150 4193 3753 4272">
    <p class='ocr_par' dir='ltr' id='par_1_87' title="bbox 2160 4194 3753 4272">
     <span class='ocr_line' id='line_1_87' title="bbox 2160 4194 3753 4272; baseline -0.006 -15"><span class='ocrx_word' id='word_1_658' title='bbox 2160 4205 2255 4256; x_wconf 66' lang='grc' dir='ltr'><strong>κω¹</strong></span> <span class='ocrx_word' id='word_1_659' title='bbox 2281 4202 2604 4272; x_wconf 84' lang='grc' dir='ltr'>συναγωγὰς</span> <span class='ocrx_word' id='word_1_660' title='bbox 2635 4201 2826 4266; x_wconf 82' lang='grc' dir='ltr'>ὲθνῶν,</span> <span class='ocrx_word' id='word_1_661' title='bbox 2879 4199 2974 4253; x_wconf 68' lang='grc' dir='ltr'>καὶ</span> <span class='ocrx_word' id='word_1_662' title='bbox 3004 4195 3434 4268; x_wconf 88' lang='grc' dir='ltr'>συγκληρονόμοι</span> <span class='ocrx_word' id='word_1_663' title='bbox 3477 4194 3753 4248; x_wconf 82' lang='grc' dir='ltr'>τέθεινται</span> 
     </span>
    </p>
   </div>
   <div class='ocr_carea' id='block_1_88' title="bbox 476 4283 2049 4366">
    <p class='ocr_par' dir='ltr' id='par_1_88' title="bbox 476 4285 2049 4361">
     <span class='ocr_line' id='line_1_88' title="bbox 476 4285 2049 4361; baseline 0.004 -23"><span class='ocrx_word' id='word_1_664' title='bbox 476 4285 771 4342; x_wconf 89' lang='lat' dir='ltr'><strong>statuimus</strong></span> <span class='ocrx_word' id='word_1_665' title='bbox 792 4288 973 4344; x_wconf 87' lang='lat' dir='ltr'><strong>Esau:</strong></span> <span class='ocrx_word' id='word_1_666' title='bbox 1002 4289 1268 4346; x_wconf 58' lang='lat' dir='ltr'><strong>Rebeccae</strong></span> <span class='ocrx_word' id='word_1_667' title='bbox 1302 4305 1437 4346; x_wconf 88' lang='lat' dir='ltr'><strong>vero</strong></span> <span class='ocrx_word' id='word_1_668' title='bbox 1476 4290 1734 4347; x_wconf 70' lang='lat' dir='ltr'><strong>Ecclesiae</strong></span> <span class='ocrx_word' id='word_1_669' title='bbox 1765 4305 2049 4361; x_wconf 88' lang='lat' dir='ltr'><strong>personam</strong></span> 
     </span>
    </p>
   </div>
   <div class='ocr_carea' id='block_1_89' title="bbox 2150 4283 3751 4366">
    <p class='ocr_par' dir='ltr' id='par_1_89' title="bbox 2159 4283 3751 4366">
     <span class='ocr_line' id='line_1_89' title="bbox 2159 4283 3751 4366; baseline -0.008 -18"><span class='ocrx_word' id='word_1_670' title='bbox 2159 4295 2271 4349; x_wconf 84' lang='grc' dir='ltr'><strong>τῶν</strong></span> <span class='ocrx_word' id='word_1_671' title='bbox 2335 4295 2505 4365; x_wconf 84' lang='grc' dir='ltr'>ἁγίων</span> <span class='ocrx_word' id='word_1_672' title='bbox 2564 4294 2838 4366; x_wconf 87' lang='grc' dir='ltr'>πατέρων.</span> <span class='ocrx_word' id='word_1_673' title='bbox 2890 4289 3373 4360; x_wconf 77' lang='grc' dir='ltr'>’Δνακλιθήσονται</span> <span class='ocrx_word' id='word_1_674' title='bbox 3427 4285 3537 4357; x_wconf 89' lang='grc' dir='ltr'><strong>γάρ</strong></span> <span class='ocrx_word' id='word_1_675' title='bbox 3605 4283 3751 4355; x_wconf 86' lang='grc' dir='ltr'><strong>μετά</strong></span> 
     </span>
    </p>
   </div>
   <div class='ocr_carea' id='block_1_90' title="bbox 475 4368 2049 4457">
    <p class='ocr_par' dir='ltr' id='par_1_90' title="bbox 475 4379 2049 4454">
     <span class='ocr_line' id='line_1_90' title="bbox 475 4379 2049 4454; baseline 0.003 -24"><span class='ocrx_word' id='word_1_676' title='bbox 475 4379 976 4437; x_wconf 85' lang='lat' dir='ltr'><strong>accommodamus.</strong></span> <span class='ocrx_word' id='word_1_677' title='bbox 1026 4382 1200 4438; x_wconf 88' lang='lat' dir='ltr'><strong>Porro</strong></span> <span class='ocrx_word' id='word_1_678' title='bbox 1247 4382 1357 4454; x_wconf 89' lang='lat' dir='ltr'><strong>ipsi</strong></span> <span class='ocrx_word' id='word_1_679' title='bbox 1391 4381 1558 4438; x_wconf 89' lang='lat' dir='ltr'><strong>etiam</strong></span> <span class='ocrx_word' id='word_1_680' title='bbox 1614 4382 1877 4437; x_wconf 61' lang='lat' dir='ltr'><strong>Israelita</strong></span> <span class='ocrx_word' id='word_1_681' title='bbox 1932 4380 2049 4436; x_wconf 82' lang='lat' dir='ltr'><strong>facti</strong></span> 
     </span>
    </p>
   </div>
   <div class='ocr_carea' id='block_1_91' title="bbox 2150 4368 3773 4457">
    <p class='ocr_par' dir='ltr' id='par_1_91' title="bbox 2161 4368 3773 4457">
     <span class='ocr_line' id='line_1_91' title="bbox 2161 4368 3773 4457; baseline -0.009 -19"><span class='ocrx_word' id='word_1_682' title='bbox 2161 4368 2437 4457; x_wconf 79' lang='grc' dir='ltr'>Ἀϐραὰμ,</span> <span class='ocrx_word' id='word_1_683' title='bbox 2469 4383 2566 4439; x_wconf 63' lang='grc' dir='ltr'><strong>καὶ¹</strong></span> <span class='ocrx_word' id='word_1_684' title='bbox 2588 4382 2799 4444; x_wconf 76' lang='grc' dir='ltr'>Ἰσαὰκ,</span> <span class='ocrx_word' id='word_1_685' title='bbox 2831 4381 2926 4434; x_wconf 73' lang='grc' dir='ltr'><strong>καὶ</strong></span> <span class='ocrx_word' id='word_1_686' title='bbox 2954 4376 3170 4442; x_wconf 84' lang='grc' dir='ltr'>Ἰακὼϐ,</span> <span class='ocrx_word' id='word_1_687' title='bbox 3196 4376 3291 4431; x_wconf 79' lang='grc' dir='ltr'>καὶ</span> <span class='ocrx_word' id='word_1_688' title='bbox 3316 4377 3375 4429; x_wconf 79' lang='grc' dir='ltr'>ἐν</span> <span class='ocrx_word' id='word_1_689' title='bbox 3399 4377 3465 4446; x_wconf 78' lang='grc' dir='ltr'>τῇ</span> <span class='ocrx_word' id='word_1_690' title='bbox 3494 4371 3773 4445; x_wconf 75' lang='grc' dir='ltr'>βασιλείᾳ.</span> 
     </span>
    </p>
   </div>
   <div class='ocr_carea' id='block_1_92' title="bbox 477 4465 2049 4547">
    <p class='ocr_par' dir='ltr' id='par_1_92' title="bbox 477 4468 2049 4542">
     <span class='ocr_line' id='line_1_92' title="bbox 477 4468 2049 4542; baseline 0.006 -23"><span class='ocrx_word' id='word_1_691' title='bbox 477 4476 606 4524; x_wconf 86' lang='lat' dir='ltr'><strong>sunt</strong></span> <span class='ocrx_word' id='word_1_692' title='bbox 628 4468 726 4526; x_wconf 77' lang='lat' dir='ltr'><strong>lilii</strong></span> <span class='ocrx_word' id='word_1_693' title='bbox 745 4470 1006 4526; x_wconf 58' lang='lat' dir='ltr'><strong>Ecclesia;</strong></span> <span class='ocrx_word' id='word_1_694' title='bbox 1028 4487 1127 4542; x_wconf 89' lang='lat' dir='ltr'><strong>per</strong></span> <span class='ocrx_word' id='word_1_695' title='bbox 1149 4471 1312 4528; x_wconf 82' lang='lat' dir='ltr'><strong>ﬁdem</strong></span> <span class='ocrx_word' id='word_1_696' title='bbox 1338 4472 1392 4527; x_wconf 92' lang='lat' dir='ltr'><strong>in</strong></span> <span class='ocrx_word' id='word_1_697' title='bbox 1430 4471 1670 4536; x_wconf 91' lang='lat' dir='ltr'><strong>Christo,</strong></span> <span class='ocrx_word' id='word_1_698' title='bbox 1697 4487 1809 4526; x_wconf 91' lang='lat' dir='ltr'><strong>non</strong></span> <span class='ocrx_word' id='word_1_699' title='bbox 1834 4471 2049 4541; x_wconf 90' lang='lat' dir='ltr'><strong>quidem</strong></span> 
     </span>
    </p>
   </div>
   <div class='ocr_carea' id='block_1_93' title="bbox 2150 4465 3748 4547">
    <p class='ocr_par' dir='ltr' id='par_1_93' title="bbox 2162 4465 3748 4547">
     <span class='ocr_line' id='line_1_93' title="bbox 2162 4465 3748 4547; baseline -0.009 -17"><span class='ocrx_word' id='word_1_700' title='bbox 2162 4476 2272 4531; x_wconf 84' lang='grc' dir='ltr'>τῶν</span> <span class='ocrx_word' id='word_1_701' title='bbox 2318 4476 2586 4547; x_wconf 75' lang='grc' dir='ltr'>οὐρανῶν,</span> <span class='ocrx_word' id='word_1_702' title='bbox 2629 4473 2771 4527; x_wconf 85' lang='grc' dir='ltr'><strong>κατά</strong></span> <span class='ocrx_word' id='word_1_703' title='bbox 2819 4472 2919 4543; x_wconf 81' lang='grc' dir='ltr'>τὴν</span> <span class='ocrx_word' id='word_1_704' title='bbox 2941 4468 3105 4525; x_wconf 85' lang='grc' dir='ltr'><strong>αὺτοῦ</strong></span> <span class='ocrx_word' id='word_1_705' title='bbox 3130 4467 3226 4521; x_wconf 75' lang='grc' dir='ltr'><strong>τοῦ</strong></span> <span class='ocrx_word' id='word_1_706' title='bbox 3253 4467 3504 4538; x_wconf 79' lang='grc' dir='ltr'>Σωτῆρος</span> <span class='ocrx_word' id='word_1_707' title='bbox 3536 4465 3748 4534; x_wconf 79' lang='grc' dir='ltr'>φωνήν.</span> 
     </span>
    </p>
   </div>
   <div class='ocr_carea' id='block_1_94' title="bbox 476 4555 2049 4637">
    <p class='ocr_par' dir='ltr' id='par_1_94' title="bbox 476 4560 2049 4632">
     <span class='ocr_line' id='line_1_94' title="bbox 476 4560 2049 4632; baseline 0.003 -19"><span class='ocrx_word' id='word_1_708' title='bbox 476 4560 534 4614; x_wconf 84' lang='grc' dir='ltr'>ἰιι</span> <span class='ocrx_word' id='word_1_709' title='bbox 561 4568 803 4616; x_wconf 89' lang='lat' dir='ltr'><strong>veterem</strong></span> <span class='ocrx_word' id='word_1_710' title='bbox 842 4562 996 4617; x_wconf 89' lang='lat' dir='ltr'><strong>illum</strong></span> <span class='ocrx_word' id='word_1_711' title='bbox 1029 4563 1295 4631; x_wconf 89' lang='lat' dir='ltr'><strong>populum</strong></span> <span class='ocrx_word' id='word_1_712' title='bbox 1337 4561 1597 4632; x_wconf 86' lang='lat' dir='ltr'><strong>reputati,</strong></span> <span class='ocrx_word' id='word_1_713' title='bbox 1645 4562 1890 4617; x_wconf 89' lang='lat' dir='ltr'><strong>translati</strong></span> <span class='ocrx_word' id='word_1_714' title='bbox 1926 4578 2049 4618; x_wconf 78' lang='lat' dir='ltr'><strong>vero</strong></span> 
     </span>
    </p>
   </div>
   <div class='ocr_carea' id='block_1_95' title="bbox 2150 4555 3753 4637">
    <p class='ocr_par' dir='ltr' id='par_1_95' title="bbox 2165 4555 3753 4637">
     <span class='ocr_line' id='line_1_95' title="bbox 2165 4555 3753 4637; baseline -0.009 -16"><span class='ocrx_word' id='word_1_715' title='bbox 2165 4565 2530 4637; x_wconf 80' lang='grc' dir='ltr'>Ηὺλογήμεθα</span> <span class='ocrx_word' id='word_1_716' title='bbox 2578 4565 2635 4618; x_wconf 81' lang='grc' dir='ltr'>δὲ</span> <span class='ocrx_word' id='word_1_717' title='bbox 2685 4566 2814 4635; x_wconf 79' lang='grc' dir='ltr'>παρ’</span> <span class='ocrx_word' id='word_1_718' title='bbox 2844 4560 3008 4617; x_wconf 79' lang='grc' dir='ltr'>αὐτοῦ</span> <span class='ocrx_word' id='word_1_719' title='bbox 3057 4559 3237 4613; x_wconf 64' lang='grc' dir='ltr'>πάλιν</span> <span class='ocrx_word' id='word_1_720' title='bbox 3286 4558 3388 4628; x_wconf 74' lang='grc' dir='ltr'>ἔφη</span> <span class='ocrx_word' id='word_1_721' title='bbox 3445 4557 3557 4629; x_wconf 73' lang='grc' dir='ltr'><strong>γὰρ</strong></span> <span class='ocrx_word' id='word_1_722' title='bbox 3602 4555 3753 4624; x_wconf 82' lang='grc' dir='ltr'>ὑπὲρ</span> 
     </span>
    </p>
   </div>
   <div class='ocr_carea' id='block_1_96' title="bbox 476 4647 2049 4730">
    <p class='ocr_par' dir='ltr' id='par_1_96' title="bbox 476 4652 2049 4726">
     <span class='ocr_line' id='line_1_96' title="bbox 476 4652 2049 4726; baseline 0.003 -19"><span class='ocrx_word' id='word_1_723' title='bbox 476 4652 661 4723; x_wconf 90' lang='lat' dir='ltr'><strong>potius</strong></span> <span class='ocrx_word' id='word_1_724' title='bbox 682 4653 739 4707; x_wconf 92' lang='lat' dir='ltr'><strong>in</strong></span> <span class='ocrx_word' id='word_1_725' title='bbox 761 4669 986 4719; x_wconf 91' lang='lat' dir='ltr'><strong>novum,</strong></span> <span class='ocrx_word' id='word_1_726' title='bbox 1006 4663 1062 4710; x_wconf 92' lang='lat' dir='ltr'><strong>et</strong></span> <span class='ocrx_word' id='word_1_727' title='bbox 1080 4655 1338 4726; x_wconf 89' lang='lat' dir='ltr'><strong>gentibus</strong></span> <span class='ocrx_word' id='word_1_728' title='bbox 1362 4654 1606 4710; x_wconf 91' lang='lat' dir='ltr'><strong>immisti.</strong></span> <span class='ocrx_word' id='word_1_729' title='bbox 1638 4673 1656 4706; x_wconf 86' lang='grc' dir='ltr'><strong>ι</strong></span> <span class='ocrx_word' id='word_1_730' title='bbox 1686 4655 1744 4710; x_wconf 89' lang='lat' dir='ltr'><strong>Si</strong></span> <span class='ocrx_word' id='word_1_731' title='bbox 1769 4655 1892 4725; x_wconf 90' lang='lat' dir='ltr'><strong>quis</strong></span> <span class='ocrx_word' id='word_1_732' title='bbox 1910 4657 2049 4712; x_wconf 88' lang='lat' dir='ltr'><strong>enim</strong></span> 
     </span>
    </p>
   </div>
   <div class='ocr_carea' id='block_1_97' title="bbox 2150 4647 3754 4730">
    <p class='ocr_par' dir='ltr' id='par_1_97' title="bbox 2163 4647 3754 4730">
     <span class='ocr_line' id='line_1_97' title="bbox 2163 4647 3754 4730; baseline -0.004 -23"><span class='ocrx_word' id='word_1_733' title='bbox 2163 4660 2340 4730; x_wconf 76' lang='grc' dir='ltr'>ἡμῶν·</span> <span class='ocrx_word' id='word_1_734' title='bbox 2379 4678 2397 4710; x_wconf 78' lang='grc' dir='ltr'><strong>ι</strong></span> <span class='ocrx_word' id='word_1_735' title='bbox 2432 4658 2616 4727; x_wconf 79' lang='grc' dir='ltr'>Πάτερ</span> <span class='ocrx_word' id='word_1_736' title='bbox 2643 4656 2786 4724; x_wconf 82' lang='grc' dir='ltr'>ἆγιε,</span> <span class='ocrx_word' id='word_1_737' title='bbox 2819 4658 3057 4725; x_wconf 74' lang='grc' dir='ltr'>τήρησον</span> <span class='ocrx_word' id='word_1_738' title='bbox 3100 4652 3297 4715; x_wconf 77' lang='grc' dir='ltr'>αὐτοὺς</span> <span class='ocrx_word' id='word_1_739' title='bbox 3340 4652 3398 4703; x_wconf 79' lang='grc' dir='ltr'>ὲν</span> <span class='ocrx_word' id='word_1_740' title='bbox 3422 4654 3488 4721; x_wconf 79' lang='grc' dir='ltr'>τῇ</span> <span class='ocrx_word' id='word_1_741' title='bbox 3518 4647 3754 4720; x_wconf 62' lang='grc' dir='ltr'>ἀληθείᾳ</span> 
     </span>
    </p>
   </div>
   <div class='ocr_carea' id='block_1_98' title="bbox 479 4741 2049 4821">
    <p class='ocr_par' dir='ltr' id='par_1_98' title="bbox 479 4743 2049 4817">
     <span class='ocr_line' id='line_1_98' title="bbox 479 4743 2049 4817; baseline 0.003 -20"><span class='ocrx_word' id='word_1_742' title='bbox 479 4745 535 4798; x_wconf 88' lang='lat' dir='ltr'><strong>in</strong></span> <span class='ocrx_word' id='word_1_743' title='bbox 560 4743 804 4810; x_wconf 87' lang='lat' dir='ltr'><strong>Christo,</strong></span> <span class='ocrx_word' id='word_1_744' title='bbox 829 4761 969 4799; x_wconf 90' lang='lat' dir='ltr'><strong>nova</strong></span> <span class='ocrx_word' id='word_1_745' title='bbox 997 4755 1250 4801; x_wconf 88' lang='lat' dir='ltr'><strong>creatura</strong></span> <span class='ocrx_word' id='word_1_746' title='bbox 1273 4747 1339 4779; x_wconf 75' lang='grc'><strong>⁸⁸·</strong></span> <span class='ocrx_word' id='word_1_747' title='bbox 1368 4766 1385 4798; x_wconf 77' lang='grc' dir='ltr'><strong>ι</strong></span> <span class='ocrx_word' id='word_1_748' title='bbox 1413 4746 1508 4816; x_wconf 90' lang='lat' dir='ltr'><strong>qui</strong></span> <span class='ocrx_word' id='word_1_749' title='bbox 1534 4746 1675 4802; x_wconf 91' lang='lat' dir='ltr'><strong>duos</strong></span> <span class='ocrx_word' id='word_1_750' title='bbox 1698 4746 2049 4817; x_wconf 81' lang='lat' dir='ltr'><strong>populosl&#39;or-</strong></span> 
     </span>
    </p>
   </div>
   <div class='ocr_carea' id='block_1_99' title="bbox 2150 4741 3756 4821">
    <p class='ocr_par' dir='ltr' id='par_1_99' title="bbox 2165 4741 3756 4821">
     <span class='ocr_line' id='line_1_99' title="bbox 2165 4741 3756 4821; baseline -0.007 -18"><span class='ocrx_word' id='word_1_751' title='bbox 2165 4768 2280 4805; x_wconf 84' lang='grc' dir='ltr'>σου.</span> <span class='ocrx_word' id='word_1_752' title='bbox 2323 4769 2341 4803; x_wconf 82' lang='grc' dir='ltr'><strong>ι</strong></span> <span class='ocrx_word' id='word_1_753' title='bbox 2373 4751 2436 4803; x_wconf 83' lang='grc' dir='ltr'><strong>Εἰ</strong></span> <span class='ocrx_word' id='word_1_754' title='bbox 2475 4750 2532 4802; x_wconf 82' lang='grc' dir='ltr'>δὲ</span> <span class='ocrx_word' id='word_1_755' title='bbox 2563 4750 2627 4821; x_wconf 80' lang='grc' dir='ltr'>δὴ</span> <span class='ocrx_word' id='word_1_756' title='bbox 2678 4750 2851 4801; x_wconf 85' lang='grc' dir='ltr'>νοοῖτο</span> <span class='ocrx_word' id='word_1_757' title='bbox 2876 4748 2969 4799; x_wconf 72' lang='grc' dir='ltr'>καὶ</span> <span class='ocrx_word' id='word_1_758' title='bbox 2996 4744 3092 4800; x_wconf 80' lang='grc' dir='ltr'><strong>τοῦ</strong></span> <span class='ocrx_word' id='word_1_759' title='bbox 3138 4742 3309 4798; x_wconf 80' lang='grc' dir='ltr'>Ἡσαῦ</span> <span class='ocrx_word' id='word_1_760' title='bbox 3341 4743 3525 4813; x_wconf 85' lang='grc' dir='ltr'>μήτηρ</span> <span class='ocrx_word' id='word_1_761' title='bbox 3563 4743 3596 4812; x_wconf 72' lang='grc' dir='ltr'>ἡ</span> <span class='ocrx_word' id='word_1_762' title='bbox 3632 4741 3756 4794; x_wconf 79' lang='grc' dir='ltr'><strong>Ῥε-</strong></span> 
     </span>
    </p>
   </div>
   <div class='ocr_carea' id='block_1_100' title="bbox 474 4835 2049 4912">
    <p class='ocr_par' dir='ltr' id='par_1_100' title="bbox 474 4836 2049 4908">
     <span class='ocr_line' id='line_1_100' title="bbox 474 4836 2049 4908; baseline 0.001 -15"><span class='ocrx_word' id='word_1_763' title='bbox 474 4836 647 4894; x_wconf 83' lang='lat' dir='ltr'><strong>mavit</strong></span> <span class='ocrx_word' id='word_1_764' title='bbox 676 4836 732 4891; x_wconf 89' lang='lat' dir='ltr'><strong>in</strong></span> <span class='ocrx_word' id='word_1_765' title='bbox 758 4853 931 4891; x_wconf 89' lang='lat' dir='ltr'><strong>unum</strong></span> <span class='ocrx_word' id='word_1_766' title='bbox 976 4852 1180 4892; x_wconf 90' lang='lat' dir='ltr'><strong>novum</strong></span> <span class='ocrx_word' id='word_1_767' title='bbox 1217 4837 1519 4903; x_wconf 87' lang='lat' dir='ltr'><strong>hominem,</strong></span> <span class='ocrx_word' id='word_1_768' title='bbox 1555 4845 1805 4894; x_wconf 90' lang='lat' dir='ltr'><strong>statuens</strong></span> <span class='ocrx_word' id='word_1_769' title='bbox 1840 4854 2049 4908; x_wconf 81' lang='lat' dir='ltr'><strong>pacem,</strong></span> 
     </span>
    </p>
   </div>
   <div class='ocr_carea' id='block_1_101' title="bbox 2150 4835 3755 4912">
    <p class='ocr_par' dir='ltr' id='par_1_101' title="bbox 2162 4835 3755 4912">
     <span class='ocr_line' id='line_1_101' title="bbox 2162 4835 3755 4912; baseline -0.008 -16"><span class='ocrx_word' id='word_1_770' title='bbox 2162 4843 2358 4907; x_wconf 83' lang='grc' dir='ltr'>ϐέκκα,</span> <span class='ocrx_word' id='word_1_771' title='bbox 2398 4842 2810 4912; x_wconf 85' lang='grc' dir='ltr'>διαλυμανεῖται</span> <span class='ocrx_word' id='word_1_772' title='bbox 2852 4838 3010 4893; x_wconf 81' lang='grc' dir='ltr'>τοῦτο</span> <span class='ocrx_word' id='word_1_773' title='bbox 3030 4839 3144 4901; x_wconf 84' lang='grc' dir='ltr'>τοῖς</span> <span class='ocrx_word' id='word_1_774' title='bbox 3177 4835 3498 4906; x_wconf 78' lang='grc' dir='ltr'>θεωρήμασι</span> <span class='ocrx_word' id='word_1_775' title='bbox 3547 4850 3755 4885; x_wconf 87' lang='grc' dir='ltr'>παντε-</span> 
     </span>
    </p>
   </div>
   <div class='ocr_carea' id='block_1_102' title="bbox 476 4918 2049 5002">
    <p class='ocr_par' dir='ltr' id='par_1_102' title="bbox 476 4918 2049 5002">
     <span class='ocr_line' id='line_1_102' title="bbox 476 4918 2049 5002; baseline 0.002 -19"><span class='ocrx_word' id='word_1_776' title='bbox 476 4918 782 4985; x_wconf 74' lang='lat' dir='ltr'><strong>secundum</strong></span> <span class='ocrx_word' id='word_1_777' title='bbox 817 4928 1149 5000; x_wconf 84' lang='lat' dir='ltr'><strong>Scripturas,</strong></span> <span class='ocrx_word' id='word_1_778' title='bbox 1173 4928 1472 4986; x_wconf 88' lang='lat' dir='ltr'><strong>concilians</strong></span> <span class='ocrx_word' id='word_1_779' title='bbox 1497 4933 1783 5002; x_wconf 81' lang='lat' dir='ltr'><strong>utresque,</strong></span> <span class='ocrx_word' id='word_1_780' title='bbox 1806 4938 1863 4986; x_wconf 91' lang='lat' dir='ltr'><strong>et</strong></span> <span class='ocrx_word' id='word_1_781' title='bbox 1879 4930 2049 4987; x_wconf 88' lang='lat' dir='ltr'><strong>addu-</strong></span> 
     </span>
    </p>
   </div>
   <div class='ocr_carea' id='block_1_103' title="bbox 2150 4918 3757 5002">
    <p class='ocr_par' dir='ltr' id='par_1_103' title="bbox 2161 4923 3757 5002">
     <span class='ocr_line' id='line_1_103' title="bbox 2161 4923 3757 5002; baseline -0.009 -14"><span class='ocrx_word' id='word_1_782' title='bbox 2161 4934 2271 4999; x_wconf 82' lang='grc' dir='ltr'>λῶς</span> <span class='ocrx_word' id='word_1_783' title='bbox 2298 4934 2469 4989; x_wconf 82' lang='grc' dir='ltr'>οὐδέν.</span> <span class='ocrx_word' id='word_1_784' title='bbox 2502 4934 2597 4997; x_wconf 80' lang='grc' dir='ltr'>Εἰς</span> <span class='ocrx_word' id='word_1_785' title='bbox 2632 4932 2801 4987; x_wconf 84' lang='grc' dir='ltr'>τύπον</span> <span class='ocrx_word' id='word_1_786' title='bbox 2846 4931 2945 5002; x_wconf 82' lang='grc' dir='ltr'>μὲν</span> <span class='ocrx_word' id='word_1_787' title='bbox 2972 4930 3084 5001; x_wconf 87' lang='grc' dir='ltr'><strong>γάρ</strong></span> <span class='ocrx_word' id='word_1_788' title='bbox 3114 4929 3223 4982; x_wconf 84' lang='grc' dir='ltr'>τῶν</span> <span class='ocrx_word' id='word_1_789' title='bbox 3254 4926 3312 4995; x_wconf 73' lang='grc' dir='ltr'>ἐξ</span> <span class='ocrx_word' id='word_1_790' title='bbox 3332 4923 3555 4997; x_wconf 74' lang='grc' dir='ltr'>Ἰσραὴλ</span> <span class='ocrx_word' id='word_1_791' title='bbox 3606 4939 3757 4993; x_wconf 83' lang='grc' dir='ltr'>παρ-</span> 
     </span>
    </p>
   </div>
   <div class='ocr_carea' id='block_1_104' title="bbox 475 5013 2049 5097">
    <p class='ocr_par' dir='ltr' id='par_1_104' title="bbox 475 5022 2049 5095">
     <span class='ocr_line' id='line_1_104' title="bbox 475 5022 2049 5095; baseline 0.002 -18"><span class='ocrx_word' id='word_1_792' title='bbox 475 5039 608 5078; x_wconf 83' lang='lat' dir='ltr'><strong>cens</strong></span> <span class='ocrx_word' id='word_1_793' title='bbox 657 5024 713 5078; x_wconf 89' lang='lat' dir='ltr'><strong>in</strong></span> <span class='ocrx_word' id='word_1_794' title='bbox 759 5038 871 5079; x_wconf 91' lang='lat' dir='ltr'><strong>uno</strong></span> <span class='ocrx_word' id='word_1_795' title='bbox 927 5022 1123 5095; x_wconf 87' lang='lat' dir='ltr'><strong>spiritu</strong></span> <span class='ocrx_word' id='word_1_796' title='bbox 1164 5024 1233 5078; x_wconf 89' lang='lat' dir='ltr'><strong>ad</strong></span> <span class='ocrx_word' id='word_1_797' title='bbox 1277 5024 1514 5079; x_wconf 86' lang='lat' dir='ltr'><strong>Patrem.</strong></span> <span class='ocrx_word' id='word_1_798' title='bbox 1567 5043 1585 5076; x_wconf 83' lang='lat'><strong>(</strong></span> <span class='ocrx_word' id='word_1_799' title='bbox 1615 5024 1872 5080; x_wconf 89' lang='lat' dir='ltr'><strong>Dissolvit</strong></span> <span class='ocrx_word' id='word_1_800' title='bbox 1909 5025 2049 5080; x_wconf 90' lang='lat' dir='ltr'><strong>enim</strong></span> 
     </span>
    </p>
   </div>
   <div class='ocr_carea' id='block_1_105' title="bbox 2150 5013 3756 5097">
    <p class='ocr_par' dir='ltr' id='par_1_105' title="bbox 2164 5013 3756 5097">
     <span class='ocr_line' id='line_1_105' title="bbox 2164 5013 3756 5097; baseline -0.009 -17"><span class='ocrx_word' id='word_1_801' title='bbox 2164 5026 2462 5097; x_wconf 77' lang='grc' dir='ltr'>εδεξάμεθα</span> <span class='ocrx_word' id='word_1_802' title='bbox 2488 5026 2580 5078; x_wconf 83' lang='grc' dir='ltr'><strong>τὸν</strong></span> <span class='ocrx_word' id='word_1_803' title='bbox 2594 5024 2786 5079; x_wconf 76' lang='grc' dir='ltr'>Ἠσαῢ’</span> <span class='ocrx_word' id='word_1_804' title='bbox 2804 5022 3071 5093; x_wconf 68' lang='grc' dir='ltr'>Ῥεϐέκκα</span> <span class='ocrx_word' id='word_1_805' title='bbox 3097 5039 3161 5091; x_wconf 90' lang='grc' dir='ltr'><strong>γε</strong></span> <span class='ocrx_word' id='word_1_806' title='bbox 3187 5020 3293 5091; x_wconf 82' lang='grc' dir='ltr'>μὴν</span> <span class='ocrx_word' id='word_1_807' title='bbox 3317 5019 3376 5073; x_wconf 71' lang='grc' dir='ltr'><strong>τὸ</strong></span> <span class='ocrx_word' id='word_1_808' title='bbox 3399 5019 3496 5090; x_wconf 81' lang='grc' dir='ltr'>τῆς</span> <span class='ocrx_word' id='word_1_809' title='bbox 3517 5013 3756 5085; x_wconf 81' lang='grc' dir='ltr'>Ἐκκλη-</span> 
     </span>
    </p>
   </div>
   <div class='ocr_carea' id='block_1_106' title="bbox 476 5109 2049 5189">
    <p class='ocr_par' dir='ltr' id='par_1_106' title="bbox 476 5114 2049 5187">
     <span class='ocr_line' id='line_1_106' title="bbox 476 5114 2049 5187; baseline 0.006 -21"><span class='ocrx_word' id='word_1_810' title='bbox 476 5114 717 5169; x_wconf 88' lang='lat' dir='ltr'><strong>medium</strong></span> <span class='ocrx_word' id='word_1_811' title='bbox 747 5115 1012 5185; x_wconf 88' lang='lat' dir='ltr'><strong>parietem</strong></span> <span class='ocrx_word' id='word_1_812' title='bbox 1042 5115 1310 5181; x_wconf 69' lang='lat' dir='ltr'><strong>maccrim,</strong></span> <span class='ocrx_word' id='word_1_813' title='bbox 1332 5115 1505 5187; x_wconf 88' lang='lat' dir='ltr'><strong>legem</strong></span> <span class='ocrx_word' id='word_1_814' title='bbox 1546 5116 1929 5174; x_wconf 88' lang='lat' dir='ltr'><strong>mandatorum</strong></span> <span class='ocrx_word' id='word_1_815' title='bbox 1958 5119 2049 5175; x_wconf 91' lang='lat' dir='ltr'><strong>de-</strong></span> 
     </span>
    </p>
   </div>
   <div class='ocr_carea' id='block_1_107' title="bbox 2150 5109 3754 5189">
    <p class='ocr_par' dir='ltr' id='par_1_107' title="bbox 2166 5109 3754 5189">
     <span class='ocr_line' id='line_1_107' title="bbox 2166 5109 3754 5189; baseline -0.008 -16"><span class='ocrx_word' id='word_1_816' title='bbox 2166 5120 2289 5183; x_wconf 85' lang='grc' dir='ltr'>σίας</span> <span class='ocrx_word' id='word_1_817' title='bbox 2320 5118 2632 5188; x_wconf 83' lang='grc' dir='ltr'>δεδώκαμεν</span> <span class='ocrx_word' id='word_1_818' title='bbox 2652 5117 2966 5189; x_wconf 81' lang='grc' dir='ltr'>πρόσωπον.</span> <span class='ocrx_word' id='word_1_819' title='bbox 3000 5115 3166 5169; x_wconf 83' lang='grc' dir='ltr'>Ἀλλά</span> <span class='ocrx_word' id='word_1_820' title='bbox 3201 5114 3296 5168; x_wconf 75' lang='grc' dir='ltr'>καὶ</span> <span class='ocrx_word' id='word_1_821' title='bbox 3321 5113 3475 5165; x_wconf 69' lang='grc' dir='ltr'>αὐτοὶ</span> <span class='ocrx_word' id='word_1_822' title='bbox 3513 5109 3754 5178; x_wconf 76' lang='grc' dir='ltr'>γεγόνα-</span> 
     </span>
    </p>
   </div>
   <div class='ocr_carea' id='block_1_108' title="bbox 477 5200 2049 5280">
    <p class='ocr_par' dir='ltr' id='par_1_108' title="bbox 477 5205 1076 5262">
     <span class='ocr_line' id='line_1_108' title="bbox 477 5205 1076 5262; baseline 0.005 -5"><span class='ocrx_word' id='word_1_823' title='bbox 477 5205 644 5260; x_wconf 78' lang='lat' dir='ltr'><strong>cretis</strong></span> <span class='ocrx_word' id='word_1_824' title='bbox 669 5222 944 5262; x_wconf 89' lang='lat' dir='ltr'><strong>evacuans</strong></span> <span class='ocrx_word' id='word_1_825' title='bbox 962 5208 1027 5262; x_wconf 78' lang='lat'><strong>“.</strong></span> <span class='ocrx_word' id='word_1_826' title='bbox 1058 5226 1076 5259; x_wconf 79' lang='grc' dir='ltr'><strong>ι</strong></span> 
     </span>
    </p>
   </div>
   <div class='ocr_carea' id='block_1_109' title="bbox 2150 5200 3757 5280">
    <p class='ocr_par' dir='ltr' id='par_1_109' title="bbox 2168 5200 3757 5280">
     <span class='ocr_line' id='line_1_109' title="bbox 2168 5200 3757 5280; baseline -0.008 -16"><span class='ocrx_word' id='word_1_827' title='bbox 2168 5229 2250 5265; x_wconf 91' lang='grc' dir='ltr'><strong>σιν</strong></span> <span class='ocrx_word' id='word_1_828' title='bbox 2272 5212 2321 5263; x_wconf 88' lang='grc' dir='ltr'>οἱ</span> <span class='ocrx_word' id='word_1_829' title='bbox 2347 5209 2407 5275; x_wconf 75' lang='grc' dir='ltr'>ἐξ</span> <span class='ocrx_word' id='word_1_830' title='bbox 2437 5209 2658 5280; x_wconf 81' lang='grc' dir='ltr'>Ἰσραὴλ</span> <span class='ocrx_word' id='word_1_831' title='bbox 2681 5209 2777 5279; x_wconf 85' lang='grc' dir='ltr'><strong>τῆς</strong></span> <span class='ocrx_word' id='word_1_832' title='bbox 2802 5206 3130 5279; x_wconf 86' lang='grc' dir='ltr'>Ἐκκλησίας</span> <span class='ocrx_word' id='word_1_833' title='bbox 3153 5206 3260 5260; x_wconf 72' lang='grc' dir='ltr'>υἱοὶ</span> <span class='ocrx_word' id='word_1_834' title='bbox 3286 5203 3374 5257; x_wconf 74' lang='grc' dir='ltr'><strong>διὰ</strong></span> <span class='ocrx_word' id='word_1_835' title='bbox 3399 5204 3637 5262; x_wconf 87' lang='grc' dir='ltr'>πίστεως</span> <span class='ocrx_word' id='word_1_836' title='bbox 3689 5200 3757 5263; x_wconf 79' lang='grc' dir='ltr'>ἐν</span> 
     </span>
    </p>
   </div>
   <div class='ocr_carea' id='block_1_110' title="bbox 477 5292 3755 5371">
    <p class='ocr_par' dir='ltr' id='par_1_110' title="bbox 477 5292 3755 5371">
     <span class='ocr_line' id='line_1_110' title="bbox 477 5292 3755 5371; baseline -0 -23"><span class='ocrx_word' id='word_1_837' title='bbox 477 5296 718 5368; x_wconf 74' lang='grc' dir='ltr'>Χριστῷ,</span> <span class='ocrx_word' id='word_1_838' title='bbox 755 5299 834 5361; x_wconf 87' lang='grc' dir='ltr'><strong>είς</strong></span> <span class='ocrx_word' id='word_1_839' title='bbox 857 5299 985 5354; x_wconf 80' lang='grc' dir='ltr'>λαὸν</span> <span class='ocrx_word' id='word_1_840' title='bbox 1036 5301 1135 5370; x_wconf 84' lang='grc' dir='ltr'>μὲν</span> <span class='ocrx_word' id='word_1_841' title='bbox 1171 5300 1358 5354; x_wconf 75' lang='grc' dir='ltr'>οὐκέτι</span> <span class='ocrx_word' id='word_1_842' title='bbox 1402 5299 1494 5353; x_wconf 75' lang='grc' dir='ltr'>τὸν</span> <span class='ocrx_word' id='word_1_843' title='bbox 1519 5299 1686 5354; x_wconf 82' lang='grc' dir='ltr'>πάλαι</span> <span class='ocrx_word' id='word_1_844' title='bbox 1713 5301 1806 5354; x_wconf 74' lang='grc' dir='ltr'>καὶ</span> <span class='ocrx_word' id='word_1_845' title='bbox 1866 5303 2092 5371; x_wconf 79' lang='grc' dir='ltr'>ἀρχαῖον</span> <span class='ocrx_word' id='word_1_846' title='bbox 2130 5304 2335 5354; x_wconf 74' lang='grc' dir='ltr'>ἐκεῖνον</span> <span class='ocrx_word' id='word_1_847' title='bbox 2398 5298 2802 5370; x_wconf 83' lang='grc' dir='ltr'>λελογισμένοι,</span> <span class='ocrx_word' id='word_1_848' title='bbox 2843 5295 3406 5369; x_wconf 77' lang='grc' dir='ltr'>μεταστοιχειούμενοι</span> <span class='ocrx_word' id='word_1_849' title='bbox 3446 5293 3505 5346; x_wconf 76' lang='grc' dir='ltr'>δὲ</span> <span class='ocrx_word' id='word_1_850' title='bbox 3546 5292 3755 5364; x_wconf 83' lang='grc' dir='ltr'>μᾶλλον</span> 
     </span>
    </p>
   </div>
   <div class='ocr_carea' id='block_1_111' title="bbox 478 5388 3757 5467">
    <p class='ocr_par' dir='ltr' id='par_1_111' title="bbox 478 5388 3757 5467">
     <span class='ocr_line' id='line_1_111' title="bbox 478 5388 3757 5467; baseline -0.001 -25"><span class='ocrx_word' id='word_1_851' title='bbox 478 5389 558 5449; x_wconf 77' lang='lat' dir='ltr'><strong>si;</strong></span> <span class='ocrx_word' id='word_1_852' title='bbox 587 5389 706 5443; x_wconf 89' lang='grc' dir='ltr'>νέον</span> <span class='ocrx_word' id='word_1_853' title='bbox 732 5392 846 5453; x_wconf 81' lang='grc' dir='ltr'>τοῖς</span> <span class='ocrx_word' id='word_1_854' title='bbox 879 5390 939 5455; x_wconf 76' lang='grc' dir='ltr'>ἐξ</span> <span class='ocrx_word' id='word_1_855' title='bbox 967 5391 1140 5444; x_wconf 83' lang='grc' dir='ltr'>ἐθνῶν</span> <span class='ocrx_word' id='word_1_856' title='bbox 1172 5393 1391 5462; x_wconf 82' lang='grc' dir='ltr'>ἀναμίξ.</span> <span class='ocrx_word' id='word_1_857' title='bbox 1434 5412 1453 5445; x_wconf 76' lang='grc' dir='ltr'><strong>ι</strong></span> <span class='ocrx_word' id='word_1_858' title='bbox 1496 5392 1564 5447; x_wconf 66' lang='lat' dir='ltr'><strong>Et</strong></span> <span class='ocrx_word' id='word_1_859' title='bbox 1595 5411 1679 5457; x_wconf 88' lang='grc' dir='ltr'><strong>τις</strong></span> <span class='ocrx_word' id='word_1_860' title='bbox 1709 5395 1817 5467; x_wconf 75' lang='grc' dir='ltr'><strong>γὰρ</strong></span> <span class='ocrx_word' id='word_1_861' title='bbox 1838 5397 1897 5449; x_wconf 78' lang='grc' dir='ltr'>ἐν</span> <span class='ocrx_word' id='word_1_862' title='bbox 1926 5394 2167 5466; x_wconf 81' lang='grc' dir='ltr'>Χριστῷ,</span> <span class='ocrx_word' id='word_1_863' title='bbox 2196 5394 2357 5465; x_wconf 77' lang='grc' dir='ltr'>καινὴ</span> <span class='ocrx_word' id='word_1_864' title='bbox 2390 5393 2585 5457; x_wconf 71' lang='grc' dir='ltr'>κτίσις*</span> <span class='ocrx_word' id='word_1_865' title='bbox 2617 5412 2635 5446; x_wconf 77' lang='grc' dir='ltr'><strong>ι</strong></span> <span class='ocrx_word' id='word_1_866' title='bbox 2666 5393 2725 5455; x_wconf 76' lang='grc' dir='ltr'>ὃς</span> <span class='ocrx_word' id='word_1_867' title='bbox 2783 5393 2877 5446; x_wconf 69' lang='grc' dir='ltr'>καὶ</span> <span class='ocrx_word' id='word_1_868' title='bbox 2936 5393 3062 5454; x_wconf 81' lang='grc' dir='ltr'>τοὺς</span> <span class='ocrx_word' id='word_1_869' title='bbox 3105 5391 3200 5445; x_wconf 77' lang='grc' dir='ltr'>δύο</span> <span class='ocrx_word' id='word_1_870' title='bbox 3242 5391 3406 5453; x_wconf 75' lang='grc' dir='ltr'>λαοὺς</span> <span class='ocrx_word' id='word_1_871' title='bbox 3427 5389 3643 5443; x_wconf 80' lang='grc' dir='ltr'>ἔκτισεν</span> <span class='ocrx_word' id='word_1_872' title='bbox 3668 5388 3757 5452; x_wconf 88' lang='grc' dir='ltr'><strong>είς</strong></span> 
     </span>
    </p>
   </div>
   <div class='ocr_carea' id='block_1_112' title="bbox 477 5484 3753 5568">
    <p class='ocr_par' dir='ltr' id='par_1_112' title="bbox 477 5484 3753 5568">
     <span class='ocr_line' id='line_1_112' title="bbox 477 5484 3753 5568; baseline 0.002 -33"><span class='ocrx_word' id='word_1_873' title='bbox 477 5484 573 5551; x_wconf 68' lang='grc' dir='ltr'>ἕνα</span> <span class='ocrx_word' id='word_1_874' title='bbox 604 5485 788 5540; x_wconf 75' lang='grc' dir='ltr'>καινὸν</span> <span class='ocrx_word' id='word_1_875' title='bbox 811 5485 1116 5568; x_wconf 79' lang='grc' dir='ltr'>ἄνθρωπον,</span> <span class='ocrx_word' id='word_1_876' title='bbox 1183 5488 1352 5543; x_wconf 81' lang='grc' dir='ltr'>ποιῶν</span> <span class='ocrx_word' id='word_1_877' title='bbox 1410 5491 1650 5561; x_wconf 74' lang='grc' dir='ltr'>εἰρήνην,</span> <span class='ocrx_word' id='word_1_878' title='bbox 1693 5490 1833 5545; x_wconf 83' lang='grc' dir='ltr'><strong>κατά</strong></span> <span class='ocrx_word' id='word_1_879' title='bbox 1870 5492 1968 5553; x_wconf 69' lang='grc' dir='ltr'><strong>τὰς</strong></span> <span class='ocrx_word' id='word_1_880' title='bbox 2030 5491 2273 5562; x_wconf 71' lang='grc' dir='ltr'>Γραφάς,</span> <span class='ocrx_word' id='word_1_881' title='bbox 2306 5491 2399 5544; x_wconf 71' lang='grc' dir='ltr'>καὶ</span> <span class='ocrx_word' id='word_1_882' title='bbox 2441 5486 2941 5544; x_wconf 78' lang='grc' dir='ltr'>ἀποκαταλλάσσων</span> <span class='ocrx_word' id='word_1_883' title='bbox 2989 5486 3340 5559; x_wconf 78' lang='grc' dir='ltr'>ἀμφοτέρους</span> <span class='ocrx_word' id='word_1_884' title='bbox 3370 5486 3429 5539; x_wconf 83' lang='grc' dir='ltr'>ὲν</span> <span class='ocrx_word' id='word_1_885' title='bbox 3459 5484 3544 5539; x_wconf 77' lang='grc' dir='ltr'><strong>ἑνὶ</strong></span> <span class='ocrx_word' id='word_1_886' title='bbox 3577 5484 3753 5540; x_wconf 80' lang='grc' dir='ltr'>πνεύ-</span> 
     </span>
    </p>
   </div>
   <div class='ocr_carea' id='block_1_113' title="bbox 551 5677 2095 5751">
    <p class='ocr_par' dir='ltr' id='par_1_113' title="bbox 551 5677 2095 5751">
     <span class='ocr_line' id='line_1_113' title="bbox 551 5677 2095 5751; baseline 0.008 -22"><span class='ocrx_word' id='word_1_887' title='bbox 551 5678 599 5711; x_wconf 73' lang='grc' dir='ltr'><strong>ττ</strong></span> <span class='ocrx_word' id='word_1_888' title='bbox 625 5677 821 5751; x_wconf 54' lang='lat' dir='ltr'><strong>Matth.</strong></span> <span class='ocrx_word' id='word_1_889' title='bbox 845 5678 1011 5751; x_wconf 58' lang='grc' dir='ltr'><strong>χ,ῇᾷ</strong></span> <span class='ocrx_word' id='word_1_890' title='bbox 1092 5680 1137 5711; x_wconf 83' lang='grc'><strong>⁷⁸</strong></span> <span class='ocrx_word' id='word_1_891' title='bbox 1164 5681 1282 5737; x_wconf 76' lang='lat' dir='ltr'><strong>Act.</strong></span> <span class='ocrx_word' id='word_1_892' title='bbox 1314 5699 1425 5741; x_wconf 73' lang='lat' dir='ltr'><strong>xui.</strong></span> <span class='ocrx_word' id='word_1_893' title='bbox 1461 5684 1538 5739; x_wconf 66' lang='grc' dir='ltr'><strong>ιθ.</strong></span> <span class='ocrx_word' id='word_1_894' title='bbox 1644 5686 1687 5716; x_wconf 70' lang='grc'>⁷³</span> <span class='ocrx_word' id='word_1_895' title='bbox 1712 5684 1732 5738; x_wconf 90' lang='grc'><strong>1</strong></span> <span class='ocrx_word' id='word_1_896' title='bbox 1754 5682 1878 5739; x_wconf 83' lang='lat' dir='ltr'><strong>Cor.</strong></span> <span class='ocrx_word' id='word_1_897' title='bbox 1908 5702 1979 5751; x_wconf 77' lang='lat' dir='ltr'><strong>tv,</strong></span> <span class='ocrx_word' id='word_1_898' title='bbox 2015 5686 2095 5743; x_wconf 71' lang='lat' dir='ltr'><strong>l5.</strong></span> 
     </span>
    </p>
   </div>
   <div class='ocr_carea' id='block_1_114' title="bbox 2204 5685 2787 5755">
    <p class='ocr_par' dir='ltr' id='par_1_114' title="bbox 2204 5685 2787 5755">
     <span class='ocr_line' id='line_1_114' title="bbox 2204 5685 2787 5755; baseline -0.003 -11"><span class='ocrx_word' id='word_1_899' title='bbox 2204 5685 2247 5720; x_wconf 75' lang='grc' dir='ltr'><strong>⁸ο</strong></span> <span class='ocrx_word' id='word_1_900' title='bbox 2274 5687 2407 5744; x_wconf 86' lang='lat' dir='ltr'><strong>Gen.</strong></span> <span class='ocrx_word' id='word_1_901' title='bbox 2436 5704 2617 5755; x_wconf 74' lang='lat' dir='ltr'><strong>xxvm,</strong></span> <span class='ocrx_word' id='word_1_902' title='bbox 2642 5687 2695 5755; x_wconf 80' lang='lat'><strong>&#39;5,</strong></span> <span class='ocrx_word' id='word_1_903' title='bbox 2726 5689 2787 5743; x_wconf 59' lang='lat' dir='ltr'><strong>al.</strong></span> 
     </span>
    </p>
   </div>
   <div class='ocr_carea' id='block_1_115' title="bbox 478 5746 1842 5835">
    <p class='ocr_par' dir='ltr' id='par_1_115' title="bbox 478 5746 1842 5835">
     <span class='ocr_line' id='line_1_115' title="bbox 478 5746 1842 5835; baseline 0.007 -35"><span class='ocrx_word' id='word_1_904' title='bbox 478 5763 611 5825; x_wconf 55' lang='lat' dir='ltr'><strong>pur,</strong></span> <span class='ocrx_word' id='word_1_905' title='bbox 640 5746 725 5804; x_wconf 73' lang='lat' dir='ltr'><strong>ll.</strong></span> <span class='ocrx_word' id='word_1_906' title='bbox 802 5746 868 5781; x_wconf 73' lang='lat'><strong>&quot;‘</strong></span> <span class='ocrx_word' id='word_1_907' title='bbox 893 5750 936 5807; x_wconf 85' lang='lat' dir='ltr'><strong>ll</strong></span> <span class='ocrx_word' id='word_1_908' title='bbox 964 5749 1093 5806; x_wconf 89' lang='lat' dir='ltr'><strong>Cor.</strong></span> <span class='ocrx_word' id='word_1_909' title='bbox 1121 5767 1170 5819; x_wconf 71' lang='grc' dir='ltr'><strong>ν,</strong></span> <span class='ocrx_word' id='word_1_910' title='bbox 1203 5752 1286 5806; x_wconf 84' lang='lat' dir='ltr'><strong>l7.</strong></span> <span class='ocrx_word' id='word_1_911' title='bbox 1361 5753 1405 5783; x_wconf 72' lang='grc'><strong>⁸³</strong></span> <span class='ocrx_word' id='word_1_912' title='bbox 1435 5754 1633 5835; x_wconf 72' lang='lat' dir='ltr'><strong>Ephrs.</strong></span> <span class='ocrx_word' id='word_1_913' title='bbox 1663 5769 1721 5823; x_wconf 84' lang='grc' dir='ltr'><strong>ιι,</strong></span> <span class='ocrx_word' id='word_1_914' title='bbox 1760 5754 1842 5820; x_wconf 65' lang='lat' dir='ltr'><strong>li.</strong></span> 
     </span>
    </p>
   </div>
   <div class='ocr_carea' id='block_1_116' title="bbox 2868 5683 3746 5758">
    <p class='ocr_par' dir='ltr' id='par_1_116' title="bbox 2868 5683 3746 5758">
     <span class='ocr_line' id='line_1_116' title="bbox 2868 5683 3746 5758; baseline -0.003 -15"><span class='ocrx_word' id='word_1_915' title='bbox 2868 5688 2911 5719; x_wconf 81' lang='lat'>“</span> <span class='ocrx_word' id='word_1_916' title='bbox 2941 5686 3128 5743; x_wconf 76' lang='lat' dir='ltr'><strong>Matth.</strong></span> <span class='ocrx_word' id='word_1_917' title='bbox 3157 5703 3272 5758; x_wconf 69' lang='lat' dir='ltr'><strong>vin,</strong></span> <span class='ocrx_word' id='word_1_918' title='bbox 3304 5686 3390 5744; x_wconf 83' lang='lat' dir='ltr'><strong>ll.</strong></span> <span class='ocrx_word' id='word_1_919' title='bbox 3499 5685 3517 5709; x_wconf 52' lang='grc' dir='ltr'><strong>κ</strong></span> <span class='ocrx_word' id='word_1_920' title='bbox 3537 5687 3551 5699; x_wconf 77' lang='grc'><em>“</em></span> <span class='ocrx_word' id='word_1_921' title='bbox 3580 5683 3746 5757; x_wconf 57' lang='lat' dir='ltr'><strong>Joan.</strong></span> 
     </span>
    </p>
   </div>
  </div>
