4032 6198
308 355 426 456 πεδ’

1323 370 1841 461 GLAPHYRORUM
1880 400 1948 456 IN
1989 401 2287 459 GENESIM
2325 404 2454 459 LIB.
2502 406 2588 461 ιν.

3467 410 3572 467 186

294 495 432 589 ’μιτι
466 514 603 589 πρὸς
663 516 757 571 τὸν
812 514 1054 588 Πατέρα.
1087 514 1291 570 Λέλυκε
1322 517 1430 588 γὰρ
1475 518 1537 573 τὸ
1572 520 1884 591 μεσότοιχον
1922 520 2016 575 τοῦ
2080 526 2359 597 φραγμοῦ,
2409 528 2505 582 καὶ
2571 528 2922 601 κατήργηκεν
2952 529 3011 585 ἐν
3058 528 3293 601 δόγμασι
3332 530 3423 585 τὸν
3461 532 3572 585 τῶν

304 613 530 667 ἐντολῶν
556 613 747 687 νόμον.

369 713 442 776 γ’.
494 703 910 774 Ἑφοδιασθέντα
941 704 1003 776 δὴ
1037 700 1129 759 οὖν
1156 707 1278 771 ταῖς
1311 707 1462 778 παρὰ
1490 698 1701 780 πατρὸς
1730 708 1885 761 εὐλο-

2012 766 2023 780 .
2066 711 2119 766 5ο
2141 711 2310 768 «Iacob
2328 713 2533 785 itaque.
2551 723 2795 785 paternae
2822 713 3227 771 benedictionis
3251 713 3457 770 viatico
3486 711 3581 767 in-

303 799 444 868 γιαις
472 797 567 851 τὸν
606 795 833 861 Ἰακὼϐ,
866 797 1201 868 ἀπεκόμιζον
1234 800 1281 851 οἱ
1311 798 1467 862 πόδες
1493 800 1586 852 ἐπὶ
1611 800 1702 853 τὸν
1735 800 1886 871 αὐτῷ

305 889 638 961 προτεθέντα
676 888 778 957 τῆς
829 887 1141 959 ἀποδημίας
1195 889 1418 946 σκοπόν.
1472 890 1584 943 Καὶ
1636 893 1767 944 ποῖα
1822 890 1888 961 δὴ

306 982 466 1035 πάλιν
499 979 570 1032 τά
607 978 815 1049 μεταξὺ
851 979 1136 1046 γεγονότα,
1182 979 1251 1033 δι’
1283 979 1463 1033 αὐτῶν
1488 979 1750 1050 εἰσόμεθα
1780 980 1890 1035 τῶν

306 1072 465 1142 ιερῶν
493 1070 866 1141 Γῳμμάτων.
906 1070 1058 1140 Ἔχει
1099 1069 1155 1123 δὲ
1193 1070 1400 1134 οὕτως’
1450 1088 1469 1123 ι
1518 1072 1625 1124 Kal
1664 1070 1890 1142 ἐξῆλθεν

316 1162 515 1217 Ἰακὼϐ
544 1163 653 1216 ἀπὸ
679 1161 774 1215 τοῦ
799 1161 1034 1233 φρέατος
1052 1160 1145 1215 τοῦ
1178 1162 1365 1232 ὅρκου,
1403 1161 1498 1215 καὶ
1520 1162 1790 1234 ἐπορεύθη
1811 1164 1890 1227 εἰς

307 1255 535 1327 Χαρῤἀν
559 1293 576 1317 ,
606 1255 701 1308 καὶ
747 1256 1033 1324 ἀπήντησε
1083 1252 1233 1325 τόπῳ
1254 1293 1268 1316 ,
1311 1254 1408 1308 καὶ
1446 1255 1719 1327 ὲκοιμήθη
1752 1256 1887 1310 ἐκεῖ.

310 1347 438 1400 Ἐδυ
490 1346 599 1418 γὰρ
645 1348 674 1399 ό
700 1346 855 1416 ἥλιος
878 1361 892 1374 ·
931 1343 1026 1397 καὶ
1061 1343 1252 1397 ἐλαϐεν
1295 1345 1407 1398 ἀπὸ
1440 1346 1549 1399 τῶν
1591 1346 1753 1400 λίθων
1794 1344 1889 1400 τοῦ

307 1437 491 1499 τόπου,
522 1438 618 1491 καὶ
642 1436 809 1507 ἔθηκε
841 1436 978 1507 πρὸς
1004 1435 1245 1507 κεφαλῆς
1269 1435 1460 1502 αὐτοῦ,
1490 1438 1586 1491 καὶ
1616 1437 1889 1510 ἐκοιμήθη

304 1530 359 1585 ἐν
390 1529 469 1598 τῷ
501 1528 655 1598 τόπῳ
680 1528 894 1597 ἐκείνῳ,
918 1528 1011 1581 καὶ
1030 1528 1384 1599 ὲνυπνιάσθη.
1414 1530 1525 1583 Kal
1549 1530 1658 1583 ἰδοὺ
1688 1529 1891 1601 κλίμαξ

305 1619 678 1691 ἐστηριγμένη
712 1620 772 1672 ὲν
809 1620 876 1689 τῇ
906 1621 1012 1690 γῇ,
1042 1613 1111 1690 ἧς
1140 1620 1175 1688 ἡ
1206 1620 1418 1691 κεφαλὴ
1454 1620 1764 1689 ἀφικνεῖται
1810 1623 1891 1687 εἰς

303 1716 391 1767 τὸν
428 1714 684 1784 οὐρανὸν,
716 1714 812 1767 καὶ
834 1715 883 1768 οἱ
922 1714 1145 1785 ἄγγελοι
1171 1715 1265 1769 τοῦ
1305 1716 1440 1770 Θεοῦ
1469 1716 1757 1771 ἀνέϐαινον
1790 1720 1886 1774 καὶ

302 1804 626 1864 κατέϐαινον
674 1805 761 1859 ἐπ’
813 1805 1006 1877 αὑτήν.
1073 1806 1133 1859 '0
1181 1806 1240 1859 δὲ
1281 1806 1487 1878 Κύριος
1525 1808 1892 1880 ἐπεστήρικτο

302 1899 384 1953 ἐπ’
407 1897 608 1968 αὐτῆς,
634 1898 731 1950 καὶ
759 1891 934 1952 εἶπεν*
969 1896 1114 1967 Ἐγὼ
1133 1899 1163 1951 ό
1187 1896 1320 1962 Θεὸς
1371 1898 1623 1971 ’Δϐραὰμ
1652 1899 1744 1952 τοῦ
1787 1918 1890 1955 πα-

300 1992 425 2061 τρός
449 2007 572 2054 σου,
608 1990 706 2044 καὶ
733 1992 762 2044 ό
797 1989 930 2055 Θεὸς
980 1990 1188 2057 Ἰσαὰκ,
1223 1991 1297 2061 μὴ
1330 1990 1520 2061 φοϐοῦ.
1565 1989 1628 2044 Ἦ
1658 1992 1769 2064 γῆ,
1800 1993 1887 2062 ἐφ’

1992 812 2257 869 structus,
2284 805 2683 875 profectionem
2706 822 2872 877 quam
2895 807 3211 865 instituerat
3244 814 3330 861 est
3356 819 3576 876 aggres-

1992 906 2103 946 sus.
2126 891 2383 959 Quzenam
2412 910 2543 950 vere
2570 894 2674 965 ipsi
2710 894 2925 950 interea
2965 895 3301 960 acciderint,
3336 910 3405 950 ex
3437 893 3577 964 ipsis

1991 983 2165 1038 sacris
2192 983 2416 1040 Litteris
2434 985 2598 1040 nobis
2627 985 2922 1041 constabit.
2947 986 3026 1041 Ita
3051 1001 3186 1042 vero
3211 985 3416 1040 habent
3438 1002 3483 1038 ιι
3507 984 3575 1039 Et

1991 1091 2248 1148 egressus
2273 1076 2440 1133 Jacob
2470 1077 2538 1132 de
2562 1086 2729 1149 puteo
2773 1078 3095 1150 juramenti,
3130 1078 3268 1137 abiit
3303 1077 3362 1132 in
3403 1075 3577 1132 Char-

1991 1183 2112 1233 ran,
2163 1178 2221 1224 et
2259 1170 2503 1225 occurrit
2535 1170 2676 1234 loco,
2725 1177 2783 1225 et
2821 1170 3082 1225 dormivit
3130 1170 3229 1225 ibi.
3281 1168 3575 1224 Occiderat

1990 1259 2139 1315 enim
2155 1262 2256 1316 sol.
2275 1262 2343 1316 Et
2369 1262 2497 1317 tulit
2515 1262 2584 1316 de
2604 1261 2883 1332 lapidibus
2897 1260 3026 1327 loci,
3044 1270 3102 1318 et
3115 1261 3297 1332 posuit
3320 1258 3388 1314 ad
3410 1265 3577 1328 caput

1991 1368 2176 1419 suum,
2215 1362 2272 1409 et
2316 1353 2578 1409 dormivit
2609 1354 2667 1408 in
2706 1355 2827 1409 loco
2868 1353 2964 1408 illo
2988 1391 3006 1417 ,
3059 1359 3117 1408 et
3148 1351 3461 1407 somniavit.
3508 1350 3578 1404 Et

1990 1459 2120 1500 ecce
2152 1445 2296 1502 scala
2326 1445 2540 1500 ﬁrmata
2570 1446 2626 1499 in
2654 1452 2823 1511 terra,
2843 1446 3003 1516 cujus
3029 1453 3195 1515 caput
3218 1441 3578 1514 perveniebat

1991 1537 2046 1591 in
2083 1537 2307 1603 caelum,
2341 1545 2398 1593 et
2428 1538 2607 1609 angeli
2640 1536 2740 1593 Dei
2763 1536 3140 1593 ascendebant
3176 1543 3235 1590 et
3268 1534 3575 1593 descende-

1990 1629 2127 1685 bant
2153 1645 2320 1700 super
2342 1645 2484 1685 eam.
2529 1628 2601 1684 At
2641 1628 2909 1684 Dominus
2954 1628 3206 1683 firmatus
3245 1634 3367 1682 erat
3406 1640 3573 1695 super

1989 1737 2133 1787 eam,
2155 1730 2212 1777 et
2239 1722 2407 1777 dixit:
2428 1722 2542 1793 Ego
2563 1722 2712 1777 Deus
2732 1721 2908 1792 patris
2930 1720 3009 1775 tui
3030 1719 3330 1785 Abraham,
3352 1726 3409 1773 et
3429 1718 3578 1773 Deus

1990 1813 2141 1869 Isaac
2171 1829 2184 1866 :
2212 1829 2281 1868 ne
2333 1814 2549 1869 timeas.
2596 1812 2769 1866 Terra
2812 1811 2869 1866 in
2910 1826 3019 1881 qua
3067 1816 3124 1865 tu
3159 1809 3370 1864 dormis
3409 1823 3575 1878 super

1989 1918 2133 1967 eam,
2161 1902 2261 1956 tibi
2294 1902 2437 1958 dabo
2455 1917 2597 1968 eam,
2636 1910 2693 1958 et
2726 1901 2925 1956 semini
2968 1909 3084 1956 tuo.
3127 1899 3198 1955 Et
3234 1899 3345 1955 erit
3385 1914 3575 1954 semen

1992 2001 2148 2048 tuum
2180 1994 2323 2049 sicut
2354 2008 2523 2049 arena
2552 1993 2738 2059 maris,
2770 1999 2828 2047 et
2859 1991 3185 2047 dilatabitur
3231 1990 3299 2045 ad
3326 2005 3477 2045 mare
3516 1997 3577 2045 et

301 2076 360 2154 ἧς
391 2083 461 2138 σὺ
494 2081 799 2146 καθεύδεις,
826 2082 912 2134 ἐπ’
950 2081 1123 2152 αὐτῆς
1160 2082 1246 2135 σοὶ
1283 2081 1440 2136 δώσω
1470 2082 1663 2154 αὐτὴν,
1693 2083 1787 2138 καὶ
1812 2082 1889 2155 τῷ

1995 2093 2265 2147 austrum.
2287 2093 2346 2140 et
2367 2084 2436 2140 ad
2466 2083 2802 2155 aquilonem,
2825 2091 2882 2138 et
2912 2083 2979 2138 ad
3009 2083 3301 2149 orientem;
3325 2089 3384 2137 et
3403 2081 3578 2137 bene-

302 2172 585 2245 σπέρματι
615 2189 710 2226 σου
733 2190 747 2204 ο
776 2172 872 2226 καὶ
894 2171 1046 2226 ἔσται
1076 2171 1139 2225 τὸ
1165 2172 1387 2245 σπέρμα
1422 2190 1516 2227 σου
1551 2173 1682 2227 ὡσεὶ
1706 2174 1892 2245 ἄμμος

297 2265 392 2335 τῆς
438 2263 744 2335 θαλάσσης.
793 2263 904 2316 Kal
946 2262 1387 2334 πλατυνθήσεται
1441 2264 1535 2318 ἐπὶ
1590 2264 1889 2330 θάλασσαν,

300 2359 389 2411 καὶ
416 2356 570 2420 λίϐα,
607 2356 704 2410 καὶ
739 2354 965 2427 βορρᾶν,
1009 2356 1103 2411 καὶ
1128 2356 1224 2410 ὲπὶ
1260 2356 1550 2421 ἀνατολάς.
1585 2356 1699 2412 Καὶ
1731 2357 1885 2413 ὲνευν

298 2447 698 2519 λογηθήσονται
727 2451 785 2502 ἐν
810 2448 896 2501 col
929 2449 1103 2502 πᾶσαι
1132 2450 1188 2502 αἱ
1223 2448 1389 2518 φυλαὶ
1413 2449 1511 2520 τῆς
1535 2450 1665 2521 γῆς,
1704 2450 1800 2505 καὶ
1829 2452 1888 2504 ὲν

297 2540 369 2612 τῷ
398 2539 686 2611 σπέρματί
714 2557 832 2596 σου,
860 2540 972 2594 Kal
1008 2539 1119 2594 ἰδοὺ
1149 2539 1261 2609 ἐγὼ
1297 2540 1439 2613 μετά
1464 2541 1560 2596 σοῦ
1594 2542 1890 2613 διαφυλάσ-

299 2647 403 2685 σων
436 2648 499 2683 σε
532 2633 590 2684 ὲν
620 2633 687 2702 τῇ
713 2629 817 2701 ὁδῷ
850 2631 1020 2703 πάσῃ,
1057 2623 1118 2684 οὗ
1151 2630 1245 2685 ἐὰν
1273 2632 1570 2705 πορευθῇς,
1613 2634 1709 2688 κα¹ι
1754 2636 1890 2689 ἀπο-

301 2723 522 2796 στρέψω
554 2740 613 2777 σε
638 2726 719 2787 εις
748 2724 849 2795 τὴν
872 2723 976 2794 γῆν
1004 2722 1230 2796 ταύτην,
1260 2725 1341 2778 ὅτι
1362 2726 1424 2778 ού
1460 2726 1534 2796 μή
1565 2741 1624 2778 σε
1654 2726 1891 2794 ἐγκατα-

296 2814 462 2879 λίπω,
492 2816 602 2878 ἕως
632 2815 728 2868 τοῦ
776 2815 998 2887 ποιῆσαι
1043 2832 1111 2886 με
1153 2818 1330 2870 πάντα
1364 2816 1465 2869 ὅσα
1512 2816 1750 2888 ἐλάλησά
1783 2834 1887 2871 σοι.

298 2910 403 2965 Καὶ
435 2907 715 2979 ἐξηγέρθη
773 2908 968 2962 Ἰακὼϐ
1002 2910 1068 2963 ὲκ
1112 2908 1207 2962 τοῦ
1244 2908 1414 2963 ὕπνου
1443 2908 1607 2962 αὑτοῦ
1633 2950 1648 2975 ,
1690 2908 1785 2962 καὶ
1813 2905 1893 2963 εἶ-

299 3018 395 3054 πεν
417 3040 437 3066 ,
462 3002 551 3054 ὅτι
581 3001 737 3054 Ἐστι
761 3000 962 3072 Κύριος
988 3002 1047 3055 ὲν
1073 2999 1150 3071 τῷ
1179 3001 1331 3071 τόπῳ
1352 3000 1544 3071 τούτῳ,
1564 2999 1675 3070 ἐγὼ
1700 3000 1758 3053 δὲ
1790 3001 1893 3055 οὐκ

298 3090 471 3163 ᾔδειν.
504 3091 618 3143 Kal
651 3089 918 3162 ἐφοϐήθη.
953 3091 1047 3143 καὶ
1082 3087 1234 3144 εἶπεν
1258 3107 1271 3119 °
1312 3092 1398 3154 Ὠς
1422 3090 1653 3162 φοϐερὸς
1674 3092 1702 3143 ό
1727 3092 1892 3155 τόπος

296 3171 486 3243 οὗτοςί
517 3180 635 3232 Οὐκ
658 3178 776 3232 ἔστι
805 3178 967 3233 τοῦτο
993 3178 1106 3233 ἀλλ’
1140 3178 1175 3251 ἢ
1200 3175 1348 3243 οἶκος
1373 3179 1531 3248 Θεοῦ,
1559 3180 1653 3233 καί
1680 3179 1821 3251 αὕτη
1853 3182 1886 3251 ή

299 3272 444 3344 πύλη
487 3270 583 3325 τοῦ
610 3272 864 3341 ούρανοῦ.
896 3272 1006 3326 Kal
1034 3271 1236 3343 ἀνέστη
1276 3271 1471 3325 Ἰακὼϐ
1510 3272 1570 3326 τὸ
1596 3271 1764 3344 πρωῒ,
1794 3273 1890 3326 καὶ

298 3364 459 3417 ἔλαϐε
493 3363 589 3416 τὸν
619 3362 764 3416 λίθον
792 3363 852 3416 δν
881 3363 1158 3431 ὑπέθηκεν
1196 3365 1312 3417 ἐκεῖ
1346 3364 1483 3434 πρὸς
1512 3364 1756 3435 κεφαλῆς
1789 3365 1890 3418 αύ-

300 3456 413 3511 τοῦ.
450 3457 565 3509 Kal
598 3456 829 3527 ἔστησεν
856 3457 1018 3511 αὑτὸν
1053 3456 1275 3528 στήλην,
1312 3458 1406 3511 καὶ
1440 3458 1665 3529 ἐπέχεεν
1711 3458 1890 3511 ἔλαιον

301 3549 389 3602 ἐπὶ
412 3548 481 3602 τὸ
506 3548 679 3619 ἄκρον
707 3548 897 3619 αὐτῆς,
932 3549 1026 3603 καὶ
1054 3549 1282 3603 ὲκάλεσε
1309 3548 1368 3603 τὸ
1396 3548 1570 3620 ὄνομα
1596 3549 1690 3604 τοῦ
1725 3550 1889 3603 τόπου

299 3638 539 3702 ἐκείνου,
574 3633 740 3700 Οἶκος
766 3637 920 3691 Θεοῦ.
950 3657 969 3690 ι
1008 3640 1219 3708 Ὀνομα
1251 3638 1350 3707 μὲν
1382 3633 1477 3691 οὖν
1510 3637 1720 3702 πόλεως
1750 3634 1890 3691 εἷναί

300 3746 485 3800 φαμεν
515 3747 534 3780 ι
562 3727 627 3781 τὸ
655 3728 836 3800 Φρέαρ
872 3727 966 3781 τοῦ
998 3728 1184 3800 ὅρκου.
1222 3746 1240 3779 ι
1266 3728 1583 3798 Γέγραπται
1613 3727 1722 3798 γὰρ
1747 3726 1893 3781 οὕτω

301 3820 426 3891 περὶ
461 3818 632 3874 αὐτοῦ
655 3835 668 3848 ·
734 3819 985 3887 Ἐγένετο
1035 3819 1094 3872 δὲ
1134 3820 1193 3872 ἐν
1225 3821 1291 3890 τῇ
1325 3818 1512 3891 ἡμέρᾳ
1545 3818 1753 3890 ἐκείνῃ,
1799 3819 1892 3872 καὶ

303 3911 752 3983 παραγενόμενοι
796 3910 848 3962 οι
890 3908 1078 3973 παῖδες
1134 3909 1339 3973 Ἰσαὰκ,
1372 3908 1714 3980 ἀπήγγειλαν
1744 3907 1892 3979 αὐτῷ

302 4007 429 4075 περὶ
453 4003 552 4057 τοῦ
590 4000 828 4072 φρέατος
849 4041 863 4063 ,
894 3995 956 4055 οὗ
992 3999 1230 4072 ὤρυξαν,
1257 4002 1352 4054 καὶ
1380 3996 1565 4067 εἶπαν,
1595 4000 1695 4071 οὐχ
1732 3997 1895 4072 εὔρο-

305 4114 402 4165 μεν
430 4095 602 4167 ὕδωρ.
632 4096 743 4148 Kal
771 4094 1026 4148 ἐκάλεσεν
1046 4093 1209 4147 αὑτὸν
1232 4093 1415 4164 ὅρκον.
1450 4091 1551 4146 Διά
1575 4092 1732 4146 τοῦτο
1761 4092 1893 4163 sxa,

302 4186 427 4247 λεσε
462 4188 525 4241 τὸ
551 4187 726 4257 ὄνομα
761 4188 829 4257 τῇ
859 4185 1047 4251 πόλει,
1078 4184 1262 4256 Φρέαρ
1289 4186 1457 4257 ὅρκου
1476 4224 1492 4247 ,
1528 4184 1633 4247 ἕως
1659 4186 1757 4255 τῆς
1795 4184 1890 4255 σή-

304 4295 495 4349 μερον.
536 4297 557 4330 ι
615 4278 821 4348 Ὄρκου
868 4276 926 4330 δὲ
972 4273 1155 4347 Φρέαρ
1189 4294 1208 4327 ι
1245 4276 1300 4329 et
1336 4292 1423 4338 τις
1463 4274 1638 4329 ἕλοιτο
1677 4274 1890 4345 μαθεῖν,

302 4368 416 4431 ἀνθ’
454 4369 579 4422 ὅτου
607 4366 672 4438 δὴ
703 4367 864 4421 πάλιν
898 4365 1073 4420 ἐκεῖνό
1121 4382 1322 4436 φαμεν.
1375 4365 1524 4418 Ἐκεῖ
1568 4363 1678 4434 γὰρ
1727 4363 1891 4434 ὅρκον

305 4459 529 4530 εἰρήνης
558 4456 745 4511 ἔθεντο
778 4456 914 4528 πρὸς
944 4456 1039 4509 τὸν
1083 4456 1268 4509 Ἰσαὰκ
1292 4456 1341 4509 οἱ
1374 4453 1694 4525 ,Γεραριτῶν
1722 4451 1891 4525 ἡγού-

307 4566 481 4617 μενοι,
527 4548 819 4619 Ἀϐιμέλεχ
864 4547 958 4600 καὶ
985 4548 1036 4600 οἱ
1072 4547 1169 4600 σὺν
1198 4546 1367 4616 αὐτῷ.
1411 4545 1663 4618 Ἀπαίρει
1690 4545 1756 4617 δὴ
1789 4542 1889 4601 οὖν

302 4641 332 4692 ὁ
358 4639 653 4703 θεσπέσιος
692 4638 885 4693 Ἰακὼϐ
913 4639 1011 4709 τῆς
1050 4636 1312 4709 πατρῴας
1343 4638 1530 4702 ἑστίας
1556 4640 1652 4693 καὶ
1682 4639 1890 4704 πόλεως

1994 2176 2247 2232 dicentur
2272 2174 2328 2229 in
2353 2183 2406 2230 te
2425 2188 2620 2229 omnes
2646 2173 2830 2229 tribus
2850 2181 3036 2239 terrae,
3060 2180 3117 2229 et
3136 2174 3194 2228 in
3212 2172 3424 2228 semine
3458 2178 3576 2227 tuo.

1992 2266 2064 2322 Et
2105 2279 2236 2320 ecce
2280 2279 2384 2336 ego
2427 2272 2633 2328 tecum,
2678 2262 3006 2319 custodiens
3047 2270 3101 2317 te
3134 2262 3192 2317 in
3224 2260 3376 2318 omni
3406 2267 3576 2327 terra,

1993 2369 2324 2426 quocunque
2340 2352 2672 2424 perrexeris,
2685 2359 2742 2407 et
2759 2352 3020 2407 reducam
3038 2358 3093 2406 te
3116 2351 3174 2405 in
3189 2357 3392 2405 terram
3412 2349 3579 2415 hanc,

1998 2446 2160 2518 114
2197 2445 2326 2515 quia
2368 2459 2480 2499 non
2507 2452 2560 2499 te
2599 2442 3003 2514 derelinquam,
3036 2441 3212 2498 donec
3248 2440 3444 2497 iaciam
3478 2456 3582 2511 ego

1992 2537 2179 2593 omnia
2221 2550 2565 2606 quaecunque
2615 2534 2835 2590 locutus
2886 2550 3009 2590 sum
3057 2534 3178 2589 tibi.
3226 2533 3298 2588 Et
3339 2532 3582 2588 surrexit

1990 2627 2158 2684 Jacob
2182 2626 2251 2683 de
2283 2641 2478 2682 somno
2502 2641 2622 2691 suo,
2651 2637 2708 2681 et
2729 2625 2869 2680 dixit
2896 2643 2909 2679 :
2935 2624 3075 2693 Quia
3105 2634 3191 2681 est
3218 2626 3489 2681 Dominus
3522 2623 3580 2679 in

1992 2717 2115 2774 loco
2153 2718 2260 2774 isto
2299 2735 2313 2771 :
2354 2732 2457 2788 ego
2497 2724 2682 2771 autem
2726 2731 2839 2771 non
2878 2716 3142 2775 sciebam.
3183 2716 3255 2772 Et
3293 2717 3499 2781 timuit,
3524 2724 3581 2771 et

1990 2810 2132 2865 dixit
2157 2829 2172 2863 :
2196 2809 2370 2877 Quam
2407 2810 2672 2867 terribilis
2699 2811 2856 2866 locus
2888 2810 3027 2866 iste!
3054 2810 3174 2876 Non
3198 2816 3283 2863 est
3311 2809 3436 2875 hoc,
3471 2808 3580 2865 nisi

1992 2900 2191 2955 domus
2234 2900 2350 2965 Dei,
2386 2909 2442 2956 et
2482 2900 2600 2955 haec
2636 2908 2796 2970 porta
2836 2899 2980 2956 caeli.
3021 2900 3092 2955 Et
3133 2900 3374 2955 surrexit
3410 2900 3582 2957 Jacob

1990 3009 2177 3057 mane,
2216 3001 2274 3049 et
2321 2993 2450 3048 tulit
2489 2993 2751 3063 lapidem,
2801 3008 2967 3063 quem
3014 2991 3304 3063 supposuit
3353 2991 3469 3046 illic
3509 2992 3599 3048 ad'

1991 3092 2157 3156 caput
2182 3100 2364 3150 suum,
2399 3093 2456 3140 et
2483 3087 2663 3141 erexit
2706 3086 2763 3140 in
2804 3085 3049 3151 titulum,
3080 3092 3137 3140 et
3166 3084 3363 3140 eﬁ‘udit
3396 3085 3580 3139 oleum

1992 3193 2161 3248 super
2213 3178 2587 3234 summitatem
2630 3180 2792 3251 ejus,
2840 3186 2897 3233 et
2948 3176 3169 3233 vocavit
3219 3191 3422 3231 nomen
3473 3176 3580 3231 loci

1990 3270 2160 3338 illius,
2198 3270 2405 3326 Domus
2456 3272 2557 3328 Dei
2594 3269 2663 3325 “.
2717 3290 2736 3323 ›
2776 3270 2992 3325 Nomen
3030 3269 3216 3339 itaque
3262 3268 3420 3324 urbis
3459 3280 3581 3324 esse

1992 3362 2253 3429 diximus,
2308 3381 2326 3414 ι
2355 3363 2589 3418 Puteum
2630 3363 2956 3434 juramenli.
2994 3381 3013 3414 ι
3059 3363 3138 3417 Ita
3190 3362 3341 3417 enim
3394 3362 3463 3418 de
3513 3377 3583 3419 eo

1994 3458 2262 3527 scriptum
2300 3464 2387 3512 est
2424 3475 2436 3510 :
2472 3476 2491 3509 ι
2518 3458 2745 3513 Factum
2782 3469 2869 3513 est
2904 3465 3092 3512 autem
3136 3456 3193 3511 in
3230 3456 3322 3512 die
3363 3455 3496 3521 illa,
3524 3462 3582 3510 et

1991 3548 2315 3604 accedentes
2336 3549 2477 3605 servi
2499 3550 2650 3605 Isaac
2688 3550 3016 3606 nuntiarunt
3038 3549 3089 3603 ei
3112 3549 3180 3605 de
3207 3557 3375 3620 puteo
3415 3562 3580 3618 quem

1991 3639 2272 3705 foderunt,
2309 3647 2371 3695 et
2403 3640 2665 3701 dixerunt
2699 3659 2712 3694 :
2752 3642 2871 3697 Non
2909 3641 3225 3697 invenimus
3259 3655 3492 3711 aquam;
3523 3647 3582 3695 et

1990 3736 2210 3789 vocavit
2232 3732 2387 3787 illum
2412 3733 2819 3789 Juramentum.
2851 3732 3068 3788 Idcirco
3090 3740 3347 3788 vocatum
3370 3738 3455 3787 est
3476 3746 3581 3786 no-

1992 3840 2120 3880 men
2148 3824 2325 3890 urbis,
2359 3825 2565 3880 Puteus
2587 3823 2910 3911 juramenti,
2942 3839 3118 3892 usque
3158 3822 3215 3877 in
3245 3808 3579 3877 hodiernum

1950 3966 1957 3973 κ
1994 3916 2142 3975 diem
2162 3916 2232 3970 ⁸⁸.
2253 3935 2271 3967 ι
2290 3915 2403 3970 Cur
2419 3921 2603 3970 autem
2618 3921 2848 3968 vocatus
2873 3914 2944 3968 sit
2966 3914 3201 3967 «Puteus
3217 3911 3572 3982 juramenti,»
3600 3956 3616 3975 ,

1992 4009 2041 4066 si
2072 4008 2198 4079 quis
2234 4007 2377 4061 scire
2400 4005 2562 4069 velit,
2590 4004 2799 4059 idcirco
2825 4012 2882 4058 ct
2919 4002 3056 4057 illud
3087 4002 3286 4057 dicam.
3323 4002 3403 4057 lbi
3428 4002 3578 4058 enim

1990 4103 2390 4171 percusserunt
2414 4094 2596 4150 foedus
2630 4093 2784 4165 pacis
2816 4109 2940 4149 cum
2978 4092 3129 4148 Isaac
3155 4092 3325 4148 duces
3350 4091 3577 4148 Gerari-

1992 4197 2195 4255 tarum,
2218 4185 2562 4249 Abimelcch,
2593 4184 2840 4254 inquam,
2865 4190 2922 4239 et
2943 4183 3035 4254 qui
3061 4198 3186 4239 cum
3215 4198 3303 4238 eo.
3333 4182 3575 4239 Discedit

1992 4281 2178 4352 itaque
2206 4278 2427 4334 divinus
2461 4275 2630 4332 Jacob
2661 4290 2693 4330 a
2728 4282 2957 4345 paterna
2989 4274 3174 4339 domo,
3203 4283 3260 4331 et
3293 4290 3324 4329 a
3351 4275 3573 4330 civitate

1992 4371 2130 4442 ipsa,
2161 4386 2225 4426 ac
2249 4384 2450 4441 genere
2477 4382 2579 4422 suo
2613 4375 2922 4436 separatur.
2947 4364 3314 4431 Quamobrem
3344 4374 3577 4446 moestus

1992 4462 2291 4527 admodum
2315 4474 2436 4515 esse
2471 4457 2659 4528 coapit.
2682 4457 3033 4512 lntellcxerat
3069 4456 3239 4521 enim,
3278 4464 3340 4511 ut
3375 4457 3576 4512 verisi-

1992 4557 2122 4612 mile
2154 4563 2258 4620 est,
2280 4552 2425 4624 quod
2448 4550 2773 4623 peregrinus
2805 4558 2970 4620 atque
3004 4551 3208 4621 hospes
3235 4559 3383 4606 esset
3422 4552 3576 4607 futu-

1993 4664 2109 4712 rus,
2157 4645 2415 4716 quodque
2456 4643 2866 4698 intcr'exteros
2906 4641 3257 4697 habitaturus
3299 4650 3477 4707 esset,
3521 4652 3578 4697 et

303 4732 497 4802 αὐτῆς,
532 4732 627 4784 καὶ
672 4731 868 4800 γένους
923 4731 1341 4801 ἀπενοσφίζετο.
1380 4731 1649 4803 Ταύτῃτοι
1694 4732 1884 4797 δεινῶς

1991 4737 2395 4812 quodammodo
2417 4735 2541 4790 aliis
2563 4734 2862 4805 subjectus,
2884 4734 3271 4803 insuetumque
3294 4733 3579 4790 servitutis

306 4825 399 4878 καὶ
431 4824 615 4878 ἀλύειν
642 4825 866 4896 ήρχετο.
915 4824 1145 4877 Ἑνενόει
1183 4824 1292 4896 γάρ
1331 4841 1434 4878 που
1470 4824 1614 4877 κατά
1658 4824 1718 4877 τὸ
1743 4824 1890 4890 εἰκὸς

303 4917 379 4980 ὡς
415 4916 624 4988 ἀλήτης
665 4914 820 4969 ἔσται
852 4915 946 4969 xal
979 4915 1151 4981 ξένος,
1183 4915 1277 4968 καὶ
1309 4916 1519 4987 οἰκήσει
1549 4915 1648 4986 μὲν
1677 4917 1764 4969 ἐπ’
1790 4917 1890 4970 ἀλ-

301 5006 568 5077 λοδαπῆς.
615 5008 811 5060 Ἔσται
840 5006 885 5058 δ’
926 5005 1055 5070 ἴσως
1086 5007 1181 5060 καὶ
1206 5006 1297 5076 ὑφ’
1320 5006 1559 5079 ἐτέρους,
1595 5007 1690 5061 καὶ
1721 5009 1888 5063 ἀσυν-

299 5098 412 5170 ήθη
467 5099 713 5164 δουλείας
754 5098 969 5165 δέξεται
1002 5097 1189 5166 ζυγόν.
1224 5100 1404 5154 Εῖκειν
1451 5101 1559 5171 γὰρ
1594 5103 1705 5163 τοῖς
1749 5118 1887 5172 κρα-

298 5188 495 5249 τοῦσιν
526 5190 740 5261 ἀνάγκη
778 5190 1022 5253 καὶτοὺς
1056 5187 1196 5259 ἄγαν
1222 5190 1482 5259 εὐγενεῖς.
1507 5190 1889 5261 Συλλαμϐἀνεο

1992 4833 2184 4903 jugum
2215 4828 2522 4882 subiturus.
2551 4824 2946 4894 Obtemperare
2978 4824 3126 4879 enim
3161 4831 3378 4894 oportet
3410 4838 3576 4893 supe-

1989 4922 2253 4982 rioribus,
2294 4918 2458 4973 etiam
2513 4930 2608 4971 eos
2651 4916 2747 4984 qui
2794 4916 3046 4986 generosi
3087 4914 3383 4969 admodum
3422 4920 3571 4968 sunt.

1989 5013 2135 5067 Deus
2158 5025 2311 5072 vero,
2345 5008 2441 5077 qui
2470 5026 2487 5056 ι
2516 5005 2670 5061 novit
2704 5006 2873 5061 corda
2901 5014 2957 5059 et
2989 5020 3149 5059 renes
3174 5004 3242 5069 ⁸⁸,
3267 5022 3285 5055 ›
3316 5002 3497 5057 statim
3522 5002 3575 5058 ei

1990 5115 2149 5171 Opem
2185 5098 2312 5161 fert,
2335 5111 2513 5165 neque
2543 5097 2681 5151 adeo
2716 5095 2918 5150 acerbo
2956 5094 3146 5149 dolore
3172 5091 3303 5161 justi
3333 5090 3576 5155 animam

1989 5190 2224 5261 Opprimi
2246 5186 2535 5259 permittit.
2556 5186 2806 5243 Ostendit
2829 5185 2975 5240 enim
2991 5182 3138 5254 quod
3164 5182 3456 5237 multitudo
3479 5198 3575 5237 an-.

301 5297 395 5334 ται
430 5281 489 5335 δὲ
533 5282 628 5334 καὶ
656 5281 1002 5352 παραχρῆμα
1044 5279 1177 5343 Θεὸς
1214 5282 1244 5334 ό
1282 5300 1301 5332 ι
1341 5281 1568 5352 καρδίας
1596 5280 1753 5344 εἰδὼς
1790 5283 1889 5336 καὶ

1990 5289 2232 5359 gelorum
2267 5284 2632 5355 undequaque
2665 5279 2964 5352 prosiliens
2991 5277 3154 5334 facile
3175 5276 3477 5333 liberatura
3502 5275 3577 5331 sit

302 5375 575 5445 νεφροὺς,
617 5392 637 5425 ι
673 5374 769 5428 καὶ
811 5377 929 5439 ταῖς
975 5373 1119 5427 οὕτω
1154 5377 1381 5445 πικραῖς
1425 5374 1761 5447 δυσφημίαις
1791 5377 1889 5429 οὐκ

1990 5393 2082 5433 eos
2120 5376 2215 5446 qui
2251 5377 2364 5431 Deo
2402 5372 2612 5429 subditi
2638 5378 2855 5442 parent.
2880 5368 2996 5424 Hoc
3024 5368 3195 5433 enim,
3215 5382 3395 5436 neque
3425 5364 3576 5423 aliud

302 5464 371 5534 ἐᾷ
404 5463 845 5531 καταπνίγεσθαι
875 5469 977 5535 τὴν
1007 5463 1100 5518 τοῦ
1126 5464 1336 5519 δικαίου
1362 5465 1561 5535 ψυχήν.
1596 5465 1889 5537 Παρέδειξε

1990 5468 2290 5538 quidquam
2314 5480 2413 5536 per
2436 5462 2713 5519 insomnia
2737 5461 2970 5518 edoctus
2987 5467 3089 5514 est.
3111 5458 3261 5514 Vidit
3282 5457 3428 5513 enim
3449 5471 3577 5512 sen-

301 5555 423 5626 γάρ
452 5555 531 5611 ὅτι
552 5556 764 5627 πληθὺς
785 5556 1054 5624 ἀγγέλων,
1077 5556 1190 5611 ἀνω
1217 5574 1274 5610 τε
1297 5558 1392 5611 καὶ
1414 5558 1564 5612 κάτω
1582 5553 1888 5626 διᾴττουσα,

1990 5559 2212 5615 sualiter
2236 5557 2436 5612 scalam
2476 5555 2534 5609 in
2565 5554 2766 5610 cmlum
2794 5553 3221 5624 pertingenlem.
3260 5551 3581 5609 Desccusus

299 5645 563 5712 διασώζει
595 5647 796 5720 ῥᾳδίως
821 5642 947 5713 τοὺς
968 5648 1363 5720 ἀνακειμένους
1395 5648 1532 5720 Θεῷ.
1566 5649 1729 5704 Τουτὶ
1758 5649 1889 5721 γὰρ,

1990 5659 2174 5706 autem
2200 5656 2361 5719 atque
2385 5660 2646 5702 ascensus
2679 5644 2895 5717 signum
2915 5651 3054 5713 erat,
3081 5641 3296 5700 etiamsi
3326 5640 3382 5697 in
3416 5637 3576 5711 rudi-

381 5823 403 5853 “
428 5824 589 5887 δορυ.
627 5844 810 5897 xxvm,
844 5827 1031 5896 iQ-l8.
1106 5830 1150 5862 ⁸⁵
1179 5829 1312 5893 Gen.
1354 5846 1496 5891 xxvi,
1523 5830 1613 5901 52,
1644 5831 1734 5888 '53.
1810 5830 1854 5864 ³⁸
1882 5828 2026 5887 Psal.
2050 5843 2109 5897 κ,
2131 5827 2185 5889 7,
