4032 6198
409 335 510 394 187

1398 337 1456 395 S.
1495 337 1775 395 CYRILLI
1808 339 2279 398 ALEXANDRINI
2316 338 2635 398 ARCHIEP.

3561 337 3671 398 188

406 447 511 501 bus
534 445 873 517 descriptum
904 444 976 502 sit
1001 446 1159 519 typis.
1184 445 1411 503 Audivit
1433 464 1565 504 vero
1599 451 1764 507 etiam
1793 466 1981 507 vocem

2086 448 2260 526 οἶμαι,
2280 452 2374 508 καὶ
2391 453 2579 525 ἕτερον
2602 449 2756 507 οὐδὲν
2776 449 2864 505 διά
2879 449 2988 506 τῶν
3009 450 3308 524 ὀνειράτων
3327 450 3667 507 ὲπαιδεύετου

405 540 527 609 ejus
570 539 664 609 qui
703 538 915 611 angelis
963 539 1258 610 praefectus
1296 549 1401 607 est,
1434 542 1691 609 dicentis,
1724 542 1872 613 quod
1917 544 1987 599 ad

408 630 589 700 ipsum
622 630 933 686 benedictio
963 647 994 687 a
1016 641 1173 702 patre
1199 631 1347 698 data,
1374 634 1446 689 sit
1465 643 1851 704 perventura:
1877 637 1987 694 Ex-

408 710 859 789 tendeturenim,
884 723 1081 794 inquit,
1108 740 1297 781 semen
1344 733 1501 782 tuum
1540 725 1609 781 ad
1633 735 1815 783 ortum
1837 737 1893 784 et
1920 729 1987 784 ad

403 830 659 871 occasum
681 856 697 881 ,
736 815 805 871 ad
840 824 1090 872 austrum
1123 826 1179 873 et
1215 817 1283 872 ad
1329 818 1644 888 aquilonem
1685 820 1752 873 ⁸⁷.
1786 839 1805 873 ι
1842 820 1990 876 Dixit

403 917 540 957 vero
560 902 748 969 etiam,
773 903 920 974 quod
948 906 1128 975 ipsum
1143 905 1434 963 habiturus
1449 915 1595 964 esset
1611 909 1989 967 auxiliatorem

404 1002 463 1049 et
496 995 844 1049 salvatorem.
882 996 1316 1069 Expergel‘actus
1343 1008 1527 1056 autem
1553 1001 1773 1057 divinus
1799 1003 1986 1070 Jacob,

402 1101 513 1140 non
533 1085 882 1143 mediocriter
896 1088 1198 1146 admiratus
1211 1101 1315 1156 est,
1331 1091 1574 1161 dixitque
1593 1109 1607 1145 :
1629 1093 1672 1161 1
1684 1094 1726 1162 ι
1736 1092 1785 1163 5
1813 1113 1830 1146 ι
1852 1091 1991 1160 Quia

416 1177 685 1232 Dominus
710 1187 797 1233 est
825 1179 881 1233 in
907 1179 1026 1236 loco
1049 1181 1155 1236 hoc
1187 1199 1201 1235 :
1248 1172 1349 1253 ego
1380 1198 1513 1237 vero
1551 1184 1866 1240 nesciebam
1885 1182 1982 1238 ³⁸.»

416 1266 692 1333 Quidnam
726 1282 859 1323 vero
892 1284 993 1340 per
1017 1269 1124 1325 hoc
1150 1269 1646 1342 signiﬁcare’velit,
1683 1286 1795 1342 quo
1829 1279 1991 1342 pacto

409 1367 523 1406 non
563 1368 744 1423 operae
779 1356 1021 1425 pretium
1051 1355 1219 1414 fuerit
1251 1357 1477 1413 videre?
1506 1358 1771 1430 Exiguam
1793 1374 1989 1430 quam.

400 1442 527 1498 dam
548 1442 617 1499 de
639 1445 753 1499 Deo
771 1444 1089 1516 opinionem
1120 1447 1291 1504 fuisse
1314 1448 1597 1505 veteribus
1617 1448 1986 1506 inveniemus.

400 1535 803 1594 Existimabam
823 1541 973 1594 enim
995 1541 1169 1597 Deum
1198 1541 1363 1597 aliam
1385 1556 1605 1598 omnem
1623 1551 1827 1599 terram
1847 1559 1991 1615 prae-

410 1628 741 1696 termittere,
768 1637 932 1700 atque
956 1647 1022 1688 ea
1054 1633 1170 1688 sola
1202 1633 1608 1703 quodammodo
1629 1635 1905 1703 concludi,
1934 1636 1992 1691 in

2090 543 2365 616 αίσθητῶς
2398 543 2497 615 μὲν
2525 541 2636 615 γάρ
2663 541 2762 613 τήν
2807 543 2888 606 είς
2918 540 2981 595 τὸ
3010 542 3123 597 ἀνω
3149 542 3444 613 διήκουσαν
3474 542 3670 597 ἐθεᾶτο

2088 633 2354 705 κλίμακα.
2382 632 2621 687 Καθόδου
2649 631 2705 684 δὲ
2732 630 2827 684 καὶ
2845 631 3034 685 ἀνόδου
3060 633 3284 703 σημεῖον
3305 626 3393 704 ἧν,
3418 633 3467 684 εί
3494 632 3589 686 καὶ
3609 636 3669 687 tv

2088 723 2321 795 παχέσιν
2353 721 2545 794 ὥσπερ
2571 720 2844 794 ἐγράφετο
2875 721 3088 783 τύποις.
3120 722 3324 775 Ἢκουε
3345 722 3404 776 δὲ
3429 722 3525 776 καὶ
3557 739 3672 791 φω-

2088 815 2186 886 νῆς
2206 814 2371 869 αὐτοῦ
2394 814 2645 883 λέγοντος
2676 812 2771 866 τοῦ
2796 814 2910 878 τοῖς
2940 812 3194 882 ἀγγέλοις
3216 814 3669 885 προστάττοντος,

2088 907 2170 961 ὃτι
2206 908 2306 978 τῆς
2341 905 2591 975 δοθείσης
2620 903 2770 975 αὐτῷ
2802 902 2955 975 παρὰ
2988 903 3195 975 πατρὸς
3224 903 3476 973 εὐλογίας
3502 904 3669 968 αὐτὸς

2090 998 2243 1054 ἔσται
2271 998 2332 1052 τὸ
2360 997 2555 1068 πέρας.
2592 1015 2612 1049 ι
2655 995 3049 1068 Ἐκταθήσεται
3075 994 3185 1067 γὰρ
3217 995 3278 1049 τὸ
3306 995 3526 1067 σπέρμα
3549 1013 3669 1059 σου,

2090 1091 2276 1163 φησὶν,
2304 1090 2386 1154 είς
2436 1088 2520 1159 ἠῶ
2558 1105 2619 1141 τε
2653 1089 2748 1142 καὶ
2784 1086 2957 1152 δύσιν,
2986 1085 3188 1157 βορρᾶν
3215 1104 3273 1140 τε
3308 1086 3404 1141 καὶ
3436 1087 3608 1142 νότον.
3645 1106 3665 1139 ι

2093 1180 2340 1249 Ἔφασκε
2378 1178 2439 1234 δὲ
2475 1178 2558 1231 ὅτι
2593 1178 2691 1232 καὶ
2717 1175 2882 1231 αὐτὸν
2925 1174 3036 1242 ἕξει
3067 1174 3160 1229 τὸν
3192 1174 3545 1247 ὲπαμύνοντα
3575 1178 3672 1230 καὶ

2088 1268 2419 1334 διασώζοντα
2465 1267 2736 1339 πανταχῆ.
2769 1267 3047 1336 Ἀφυπνος
3072 1264 3130 1319 δὲ
3155 1265 3401 1336 γεγονὼς
3423 1308 3438 1334 ,
3470 1267 3574 1321 οὐκ
3608 1270 3673 1322 ὲν

2093 1362 2335 1436 μετρίοις
2373 1357 2442 1433 ἦν
2482 1359 2754 1431 θαύμασιν
2797 1361 2827 1413 ὁ
2867 1358 3157 1421 Θεσπέσιος
3201 1358 3419 1426 Ἰακὼϐ,
3465 1361 3562 1414 καὶ
3599 1360 3670 1431 δὴ

2091 1455 2184 1509 καὶ
2214 1455 2476 1523 ἔφασκεν,
2503 1452 2609 1520 ὃτι,
2649 1471 2668 1504 ι
2683 1451 2839 1505 Ἐστι
2864 1449 3070 1523 Κύριος
3091 1451 3151 1504 tv
3173 1448 3253 1521 τῷ
3269 1449 3420 1522 τόπῳ
3448 1450 3628 1523 τούτῳ
3649 1492 3667 1519 ,

2092 1545 2201 1617 ἐγὼ
2232 1547 2287 1599 δὲ
2309 1545 2411 1599 οὐκ
2434 1544 2603 1617 ⁴ᾔδειν.
2646 1560 2665 1595 ι
2708 1539 2869 1596 Ἀλλά
2902 1541 2955 1594 τί
2980 1540 3047 1595 ἂν
3082 1540 3327 1611 βούλοιτο
3358 1541 3445 1595 διὰ
3472 1541 3671 1596 τούτου

2089 1636 2301 1710 δηλοῦν,
2342 1635 2462 1700 πῶς
2499 1634 2600 1689 οὐκ
2639 1634 2790 1699 ἀξιον
2842 1633 3003 1699 ίδεῖνς
3044 1632 3269 1703 Μικρὰς
3319 1632 3519 1703 κομιδῆ
3566 1633 3673 1699 τάς

398 1734 565 1787 quam
589 1720 658 1775 ab
682 1720 803 1791 ipso
835 1722 1015 1777 vocati
1044 1730 1223 1790 erant,
1250 1716 1461 1781 relictis
1493 1726 1608 1782 suis
1634 1726 1914 1794 domibus,
1936 1734 1983 1784 et

2092 1729 2252 1797 δόξας
2308 1728 2438 1798 περὶ
2482 1726 2617 1781 Θεοῦ
2661 1726 2719 1781 tv
2760 1726 2875 1788 τοῖς
2917 1723 3298 1795 ἀρχαιοτέροις
3333 1722 3668 1795 εὑρήσομεν.

395 1810 781 1866 Chaldaeorum
824 1812 1047 1884 regione
1085 1814 1314 1886 egressi.
1347 1815 1485 1872 Cum
1528 1816 1678 1875 enim
1710 1817 1983 1873 idolorum

2094 1822 2287 1892 ’ῼοντο
2318 1819 2428 1891 γὰρ
2479 1819 2560 1873 ὅτι
2597 1817 2698 1889 τήν
2725 1817 2822 1888 μὲν
2847 1816 3013 1887 ἀλλην
3040 1815 3257 1870 ἃπασαν
3293 1814 3399 1885 γῆν
3427 1816 3581 1885 ἠφίει
3603 1817 3674 1870 τὸ

396 1902 642 1959 cultores
676 1904 879 1960 multos
917 1905 1021 1961 sibi
1061 1906 1196 1962 deos
1247 1918 1640 1979 proponerent,
1684 1910 1984 1980 unicuique

400 1993 657 2059 daemoni,
697 1996 977 2067 propriam
1014 1996 1184 2052 veluti
1223 1998 1517 2068 quamdam
1564 2001 1845 2071 regionem
1878 2000 1982 2056 trb-

396 2084 629 2141 buentes
669 2087 764 2156 qui
801 2102 901 2158 per
941 2088 1109 2143 urbes
1160 2087 1547 2158 adorarentur,
1572 2092 1840 2163 putabant
1870 2109 1984 2150 non

396 2192 590 2232 omnes
614 2179 876 2234 omnibus
915 2179 972 2234 in
1003 2179 1140 2235 locis
1168 2196 1290 2237 esse
1324 2198 1505 2252 posse,
1531 2199 1596 2240 ac
1621 2184 1727 2240 coli
1755 2184 1980 2241 debere.

393 2267 664 2337 Quocirca
684 2270 833 2325 beati
862 2271 1028 2327 etiam
1058 2272 1404 2343 patriarchas,
1429 2274 1527 2344 qui
1551 2289 1748 2330 recens
1768 2274 1838 2330 ab
1861 2275 1984 2331 ido-

394 2357 575 2415 lorum
621 2360 774 2416 cultu
827 2369 886 2419 et
931 2362 1000 2418 ab
1049 2379 1237 2420 errore
1281 2363 1351 2420 de
1402 2365 1714 2435 pluralitate
1751 2365 1984 2421 deorum

394 2458 553 2506 erant
583 2451 828 2519 abducti,
877 2455 1163 2526 Deumque
1202 2457 1526 2512 naturaliter
1560 2472 1625 2512 ac
1669 2472 1802 2513 vere
1836 2458 1985 2514 exsi-

396 2550 630 2598 stentem
649 2543 883 2602 adorare
903 2545 1053 2602 docti
1069 2557 1371 2614 erant,non
1387 2549 1444 2603 in
1457 2549 1606 2603 omni
1627 2556 1792 2614 terra,
1806 2564 1985 2620 neque

392 2634 589 2703 quovis
629 2636 686 2691 in
727 2636 851 2693 loco
889 2638 1084 2701 adesse
1128 2640 1266 2710 ipsis
1311 2648 1477 2712 atque
1513 2639 1768 2696 auxiliari
1810 2642 1984 2697 Deum

392 2727 714 2795 credebant,
754 2731 1011 2801 pusillam
1070 2731 1371 2788 admodum
1407 2732 1591 2790 adhuc
1630 2733 1698 2789 de
1728 2734 1841 2790 Deo
1880 2749 1980 2789 co-

392 2819 695 2889 gnitionem
736 2821 903 2877 nacti.
926 2822 1165 2878 Docetur
1186 2823 1371 2896 itaque
1389 2824 1584 2881 beatus
1603 2825 1791 2892 Jacob,
1823 2841 1985 2896 pere-

389 2909 824 2981 grinationisque
853 2925 968 2974 sua:
998 2911 1238 2969 fructum
1291 2914 1530 2986 percipit
1560 2913 1745 2971 ﬁdem.
1780 2915 1987 2971 Didicit

391 3002 540 3057 enim
566 3003 714 3072 quod
735 3004 788 3058 in
820 3005 971 3061 omni
1018 3005 1142 3062 loco
1182 3008 1444 3079 omnique
1466 3008 1689 3079 regione
1717 3008 1789 3063 sit
1810 3009 1977 3064 Deus.

389 3093 459 3148 Et
479 3093 692 3149 habitat
715 3096 942 3165 quidem
968 3096 1023 3151 in
1060 3098 1220 3164 coelo,
1261 3099 1455 3169 implet
1494 3114 1628 3153 vero
1659 3099 1979 3154 universum

396 3182 590 3269 orbem
614 3191 913 3251 terrarum,
938 3186 1232 3255 omniaque
1268 3186 1371 3256 ipsi
1394 3184 1703 3257 subjacent,
1729 3194 1786 3242 et
1812 3186 1980 3257 spiri-

393 3282 486 3329 tus
526 3274 623 3344 qui
673 3275 729 3330 in
760 3276 902 3331 caelo
927 3292 1144 3332 sursum
1189 3293 1255 3333 ac
1284 3278 1544 3335 deorsum
1590 3278 1669 3334 ire
1694 3278 1980 3350 iubentur,

394 3363 687 3434 ipsumque
730 3365 937 3421 habent
970 3377 1137 3438 caput
1175 3384 1242 3424 ac
1266 3367 1605 3439 praefectum.
1636 3368 1848 3426 Idcirco
1872 3372 1982 3426 mi-

392 3464 547 3511 ratus
575 3464 679 3522 est,
703 3456 893 3514 dicens
919 3476 933 3513 :
962 3478 981 3511 ι
1008 3458 1147 3526 Quia
1189 3459 1458 3516 Dominus
1478 3469 1565 3518 est
1590 3462 1647 3519 in
1675 3462 1798 3519 loco
1829 3463 1937 3520 hoc
1963 3481 1977 3519 :

388 3561 494 3617 ego
523 3553 708 3602 autem
740 3548 1056 3605 nesciebam
1082 3552 1151 3607 ἐ.
1176 3572 1195 3604 ι
1216 3551 1549 3610 Existimans
1577 3569 1712 3611 vero
1740 3554 1980 3626 lapidem

392 3637 495 3707 ipsi
537 3638 939 3696 insomniorum
981 3652 1264 3699 auctorem
1307 3644 1513 3712 fuisse,
1551 3646 1761 3704 honore
1805 3651 1974 3704 etiam

390 3727 570 3797 ipsum
601 3730 805 3797 affecit,
832 3733 1105 3807 inungens
1132 3736 1277 3792 oleo.
1299 3737 1369 3792 Et
1397 3756 1417 3789 ι
1443 3738 1668 3794 domum
1699 3759 1718 3793 ι
1747 3740 1973 3811 quidem

390 3822 614 3876 vocavit
657 3841 675 3873 ι
703 3824 801 3879 Dei
831 3833 888 3880 et
916 3836 1130 3897 portam
1160 3827 1285 3884 coeli
1308 3847 1327 3881 ι
1355 3828 1537 3885 locum
1566 3829 1741 3899 illum,
1766 3830 1971 3888 erexit—

390 3928 498 3982 que
524 3913 784 3984 lapidem.

2085 1911 2249 1976 θεῖον,
2285 1908 2662 1965 συνεστέλλετο
2693 1906 2751 1961 δὲ
2777 1906 2967 1979 ὥσπερ
2992 1907 3074 1971 είς
3099 1906 3267 1978 μόνην
3306 1907 3543 1979 εκείνην,
3577 1910 3666 1973 είς

2083 2005 2152 2076 ἠν
2184 2003 2276 2058 καὶ
2312 2001 2605 2074 κέκληνται
2628 2000 2758 2072 παρ’
2784 1997 2952 2054 αὐτοῦ
2986 1999 3053 2054 τά
3077 2000 3216 2053 οίκοι
3244 1998 3522 2070 μεθέντες,
3559 2002 3663 2054 καὶ

2082 2096 2185 2167 τῆς
2207 2094 2493 2149 Χαλδαίων
2524 2093 2873 2163 ἀπαίροντες.
2913 2089 3133 2163 Ἐπειδὴ
3160 2091 3269 2164 γάρ
3296 2092 3344 2145 οί
3372 2091 3483 2145 τῶν
3512 2091 3670 2147 είδὼ-

2083 2186 2193 2239 λων
2222 2183 2599 2256 προσκυνηταὶ
2634 2182 2736 2254 τήν
2764 2180 3028 2236 πολύθεον
3058 2180 3345 2247 νοσοῦντες
3372 2181 3668 2253 πλάνησιν,

2085 2277 2299 2348 ἑκάστῳ
2320 2275 2431 2330 τῶν
2472 2275 2765 2346 δαιμονίων
2808 2273 2980 2345 ίδικήν
3028 2271 3217 2346 ὥσπερ
3260 2273 3380 2328 τινά
3410 2274 3671 2347 νέμοντες

2085 2369 2288 2442 χώραν,
2316 2367 2411 2421 καὶ
2445 2366 2729 2439 μονονουχὶ
2755 2365 3051 2437 τυράννους
3080 2366 3325 2430 ἱστάντες
3360 2368 3488 2431 τούς
3520 2370 3667 2423 κατά

2086 2462 2241 2516 πόλιν
2272 2459 2778 2531 προσκυνουμένους
2799 2498 2813 2524 ,
2838 2457 2960 2530 οὐχὶ
2999 2458 3209 2523 πάντας
3240 2458 3499 2513 δύνασθαι
3526 2478 3668 2514 παν-

2083 2553 2221 2624 ταχῆ
2254 2553 2348 2609 καὶ
2370 2551 2634 2623 τιμᾶσθαι
2667 2550 2775 2605 δεῖν
2817 2549 3218 2620 ὑπελάμϐανον.
3250 2551 3542 2622 Τοιγάρτοι
3568 2552 3667 2605 καὶ

2083 2641 2133 2695 οἱ
2166 2639 2424 2712 μακάριοι
2440 2638 2775 2711 πατριάρχαι
2803 2637 2928 2710 ἄρτι
2955 2638 3065 2692 τῶν
3093 2639 3193 2711 τῆς
3214 2638 3667 2710 είδωλολατρείας

2084 2731 2261 2803 ἠθῶν,
2287 2732 2381 2787 καὶ
2414 2729 2676 2785 πολυθέου
2707 2730 2915 2801 πλάνης
2945 2730 3380 2802 ἀπηλλαγμένοι,
3412 2732 3507 2788 καὶ
3530 2732 3666 2788 θεὸν

2084 2823 2177 2879 τὸν
2207 2822 2366 2893 φύσει
2408 2822 2504 2877 καὶ
2535 2820 2752 2892 ἀληθῶς
2798 2822 3263 2892 ἀναπεπεισμένοι
3298 2827 3665 2895 προσκυνεῖν,

2085 2914 2186 2969 οὐκ
2223 2916 2279 2968 tv
2321 2915 2470 2986 πάσῃ
2501 2916 2571 2985 γῇ
2623 2912 2720 2967 καὶ
2766 2913 2825 2966 ὲν
2875 2911 3040 2966 παντὶ
3089 2913 3261 2985 τόπῳ,
3295 2914 3554 2985 παρεῖναί
3600 2914 3664 2968 τά

2088 3020 2238 3072 σφισι
2268 3003 2363 3058 καὶ
2388 3002 2685 3074 ἐπαμύνειν
2714 3002 2901 3074 ᾤοντο,
2929 3004 3101 3076 μικρά
3119 3005 3312 3076 κομιδῇ
3338 3005 3666 3076 φρονοῦντες

2086 3095 2185 3150 ἔτι.
2230 3094 2555 3151 Παιδεύεται
2587 3094 2767 3149 τοίνυν
2808 3094 2838 3147 ό
2874 3094 3142 3166 μακάριος
3186 3094 3383 3148 Ἰακὼϐ
3430 3096 3523 3149 καὶ
3561 3097 3662 3169 τῆς

2083 3187 2392 3259 ἀποδημίας
2438 3185 2686 3240 ἐπλούτει
2739 3187 2971 3257 καρπὸν,
3016 3187 3079 3241 τὸ
3125 3187 3310 3241 λεῖπον
3352 3190 3410 3242 tv
3454 3189 3657 3245 πίστει.

2094 3276 2395 3349 Ἐμάνθανε
2428 3276 2537 3349 γάρ
2567 3277 2642 3343 ὼς
2665 3278 2723 3331 tv
2748 3278 2911 3331 παντὶ
2936 3278 3086 3349 τόπῳ
3114 3278 3209 3331 καὶ
3238 3278 3390 3354 πάσῃ
3418 3277 3575 3350 χώρᾳ
3594 3280 3663 3335 τὸ

2083 3369 2225 3425 θεῖόν
2253 3370 2396 3425 ἐστι.
2429 3371 2540 3423 Kal
2564 3371 2810 3424 κατοικεί
2838 3368 2936 3439 μὲν
2962 3370 3021 3423 tv
3057 3369 3294 3441 οὐρανῷ,
3319 3370 3569 3441 περιέπει
3600 3370 3660 3425 δὲ

2080 3461 2179 3534 τήν
2205 3461 2499 3533 σύμπασαν
2540 3461 2665 3532 γῆν,
2692 3461 2788 3514 καὶ
2817 3460 3148 3532 πεπλήρωκε
3177 3460 3279 3530 τήν
3306 3459 3658 3531 οίκουμένην,

2081 3552 2176 3606 καί⁵
2206 3551 2299 3606 ὐπ’
2329 3550 2480 3622 αὐτῷ
2506 3551 2683 3605 πάντα
2715 3550 2831 3603 ἐστὶ
2854 3592 2870 3616 ,
2903 3550 2974 3604 τὰ
3005 3552 3063 3603 tv
3086 3550 3300 3622 οὐρανῷ
3333 3550 3657 3623 πνεύματα,

2080 3642 2116 3698 ἀ
2142 3643 2251 3697 ἄνω
2278 3660 2339 3696 τε
2361 3643 2457 3696 καὶ
2483 3642 2633 3696 κάτω
2660 3640 2865 3695 διαθεῖν
2896 3642 3343 3714 προστάττονται,
3375 3642 3468 3696 καὶ
3491 3642 3659 3697 αὐτὸν

2080 3732 2263 3804 ἔχουσι
2286 3732 2529 3804 κεφαλήν
2546 3731 2639 3787 καὶ
2660 3730 3019 3801 ἐφεστηκότα.
3048 3732 3145 3785 Διά
3168 3730 3325 3785 τοῦτο
3339 3731 3658 3801 τεθαύμακα

2081 3825 2254 3895 λέγων
2274 3825 2376 3890 ὅτι,
2418 3823 2611 3878 «Ἔστι
2636 3824 2842 3896 Κύριος
2863 3825 2921 3875 tv
2952 3821 3031 3892 τῷ
3059 3822 3210 3893 τόπῳ
3233 3822 3431 3894 τούτῳ.
3460 3822 3570 3892 ἐγὼ
3598 3823 3657 3877 δὲ

2078 3918 2178 3972 οὐκ
2224 3916 2390 3989 ᾔδειν.
2452 3934 2472 3969 ι
2518 3913 2736 3986 Οίηθεὶς
2780 3914 2837 3968 δὲ
2886 3913 2976 3967 τὸν
3004 3912 3152 3967 λίθον
3196 3915 3306 3967 τῶν
3357 3914 3658 3986 ὀνειράτων

390 4011 570 4065 αὐτῶν
629 4013 875 4081 γενέσθαι
947 4016 1257 4087 παραίτιον,
1297 4016 1393 4073 καὶ
1433 4018 1597 4073 αὐτὸν
1633 4019 1747 4083 τοῖς
1795 4016 2009 4081 tvo-36w
2040 4015 2237 4087 ἐτίμα,
2305 4011 2680 4066 καταπιαίνων
2710 4009 2896 4082 ὲλαίῳ.
2931 4009 3042 4063 Καὶ
3081 4009 3189 4081 μὴν
3223 4029 3242 4063 ι
3280 4005 3497 4065 Οἶκονίι
3528 4010 3658 4066 ἐκά-

390 4102 472 4159 λει
510 4123 531 4155 ‹
565 4104 720 4169 Θεοῦ,
750 4108 846 4161 καὶ
875 4108 1050 4179 πύλην
1070 4111 1165 4165 τοῦ
1187 4112 1421 4182 οὐρανοῦ
1454 4131 1473 4166 ι
1504 4111 1597 4166 τδν
1624 4111 1821 4185 χῶρον,
1862 4111 1958 4166 καὶ
1992 4107 2289 4178 ἀνεστήλου
2312 4105 2405 4186 τὸν
2431 4104 2599 4157 λίθον.

460 4197 514 4250 4.
546 4197 723 4266 Atque
760 4199 878 4255 hrec
897 4201 1122 4270 quidem
1144 4204 1315 4259 veluti
1342 4206 1555 4261 rudiori
1584 4208 1905 4264 narratione
1938 4221 1968 4262 a

2139 4201 2203 4255 δ’.
2235 4199 2349 4254 Kal
2383 4199 2541 4253 ταυτὶ
2583 4197 2682 4268 μὲν
2711 4196 2846 4268 ἡμῖν
2869 4195 2944 4260 ὡς
2983 4197 3042 4249 tv
3076 4195 3416 4267 παχυτέραις
3443 4195 3660 4269 ἀφηγὴ-

304 4992 310 5000 ,
389 4927 662 4983 studebat.
696 4926 1059 4983 Proﬁciscens
1090 4941 1274 4984 autem
1317 4930 1387 4986 de
1412 4931 1633 4987 civitate
1671 4933 1727 4988 in
1776 4935 1973 4991 civita-

391 4286 553 4345 nobis
585 4287 730 4344 dicta
753 4289 883 4345 sint.
900 4291 1087 4348 Tenue
1098 4293 1245 4348 enim
1257 4294 1490 4351 reddere
1502 4297 1810 4367 oportebat,
1824 4296 1973 4367 quod

2086 4309 2221 4347 πεσιν
2251 4291 2489 4363 εἰρήσθω
2523 4288 2703 4343 πάλιν.
2731 4286 3079 4357 Καταψιλοῦν
3101 4286 3210 4359 γάρ
3237 4286 3368 4350 ἔδει,
3389 4286 3487 4357 τῆς
3514 4290 3660 4342 ἱστο-

392 4375 446 4431 in
496 4376 725 4434 historia
777 4380 1011 4436 arduum
1051 4382 1251 4439 visum.
1299 4383 1718 4443 Transferentes
1740 4402 1874 4443 vero
1905 4387 1974 4443 ad

2086 4386 2196 4450 οίας
2245 4384 2307 4438 τδ
2361 4384 2586 4447 ἄναντες
2627 4378 2766 4436 εἶναι
2799 4381 3007 4436 δοκοῦν.
3055 4379 3424 4443 Μεθιστάντες
3458 4378 3516 4432 δὲ
3552 4380 3655 4452 ἤδη

390 4468 693 4538 spiritalem
736 4474 1253 4545 contemplationem
1277 4479 1424 4549 quod
1459 4494 1573 4550 pra:
1594 4481 1849 4536 manibus
1873 4480 1975 4535 ha-

2086 4466 2211 4548 ιτρδς
2238 4473 2473 4545 θεωρίαν
2505 4471 2887 4543 πνευματικὴν
2926 4471 2988 4524 τὸ
3039 4470 3434 4541 προκείμενον,
3486 4470 3659 4524 πάλιν

390 4563 605 4629 bemus,
642 4563 779 4620 illud
810 4582 1003 4621 rursus
1038 4566 1287 4624 dicamus
1328 4569 1518 4639 :quod
1559 4587 1737 4627 novus
1785 4570 1973 4628 inﬁde

2086 4567 2256 4623 lxaivo
2301 4581 2505 4636 φαμεν.
2544 4563 2626 4616 ὅτι
2669 4562 2768 4625 τὰς
2803 4560 2911 4614 τῶν
2945 4559 3231 4629 φονώντων
3268 4559 3438 4631 ὀργὰς
3460 4600 3475 4623 ,
3509 4558 3659 4660 φημὶ

390 4653 625 4722 papulus
650 4653 821 4709 veluti
873 4654 932 4709 in
965 4656 1229 4725 primitiis
1255 4668 1567 4715 sanctorum
1597 4662 1971 4732 apostolorum

2181 4657 2288 4712 τῶν
2348 4653 2638 4718 Ἰουδαίων,
2683 4654 2713 4710 ὁ
2741 4652 2861 4716 νέος
2906 4652 2999 4705 καὶ
3055 4653 3112 4705 tv
3160 4651 3342 4705 πίστει
3386 4651 3533 4716 λαὸς,
3576 4649 3661 4714 ὼς

391 4742 724 4807 intellectus,
788 4744 1334 4814 sanguinolentorum
1388 4763 1605 4814 manus,
1660 4748 1973 4806 Iudaeorum

2086 4752 2131 4803 ὲν
2167 4749 2387 4819 ἁπαρχῇ
2415 4748 2529 4808 τοῖς
2566 4744 2743 4814 ἁγίοις
2787 4741 3107 4806 ἀποστόλοις
3160 4741 3481 4812 νοούμενος,
3519 4741 3657 4793 ὐπο-

389 4835 635 4905 inquam,
690 4833 1075 4905 subterfugere
1130 4845 1301 4907 atque
1350 4838 1559 4894 evitare
1627 4854 1974 4913 summopere

2086 4837 2283 4909 τρέχειν
2319 4835 2416 4906 μὲν
2447 4835 2708 4904 ἠπείγετο
2737 4833 2830 4887 καὶ
2862 4830 3413 4902 παραιτεῖσθαιλίαν.
3460 4830 3657 4883 Ἀπαί-

2073 4947 2183 5001 ρων
2220 4929 2275 4982 δὲ
2307 4928 2495 4998 ὥσπερ
2524 4927 2632 4980 ἀπὸ
2669 4925 2878 4988 πόλεως
2911 4925 2992 4987 είς
3040 4923 3215 4986 πόλιν,
3253 4923 3352 4985 τὰς
3392 4922 3452 4986 εξ
3481 4921 3655 4975 ἐθνῶν

393 5024 521 5083 tem,
550 5016 793 5088 gentium
828 5031 1044 5088 gregem
1091 5016 1199 5072 sibi
1243 5018 1510 5088 poposcit,
1540 5028 1595 5075 et
1639 5037 1973 5094 congregare

2086 5021 2272 5090 ὶγέλας
2295 5018 2680 5091 ἐμνηστεύετο,
2706 5018 2799 5071 καὶ
2822 5016 3100 5083 συλλέγειν
3132 5015 3323 5086 ὥσπερ
3342 5015 3423 5078 είς
3457 5014 3653 5067 ἑαυτὸν

349 5150 358 5159 .
390 5107 792 5177 quodammodo
840 5108 909 5164 ad
959 5124 1019 5165 se
1062 5124 1161 5180 per
1185 5109 1483 5179 spiritalem
1522 5096 1964 5171 communionem

2086 5118 2156 5172 ἰιά
2189 5118 2288 5187 τῆς
2317 5119 2374 5170 tv
2422 5114 2689 5185 πνεύματι
2728 5114 2821 5167 καὶ
2868 5114 3067 5185 νοητῆς
3091 5110 3373 5174 κοινωνίας
3396 5149 3413 5176 ,
3449 5109 3653 5165 ἐπεθύ-

390 5196 748 5254 vehementer
788 5199 1031 5269 optabat,
1054 5198 1516 5270 quemadmodum
1540 5200 1654 5258 fere
1685 5204 1853 5259 etiam
1877 5205 1970 5262 Ja-

2086 5225 2161 5260 tat
2194 5208 2336 5261 λίαν.
2378 5205 2646 5276 Καθάπερ
2674 5204 2868 5274 ἀμέλει
2913 5205 3010 5257 καὶ
3065 5201 3261 5255 Ἰακὼϐ
3294 5202 3387 5255 ἐπὶ
3420 5201 3520 5265 τὰς
3551 5200 3648 5254 τοῦ

389 5284 493 5343 cob
527 5288 666 5345 ﬁlias
704 5290 891 5346 Laban
920 5290 1075 5357 adiit,
1105 5292 1407 5348 incutiente
1436 5292 1540 5365 ipsi
1569 5303 1773 5350 metum
1803 5297 1968 5362 Esau,

2086 5297 2254 5352 λάθαν
2292 5297 2549 5366 ἠπείγετο
2595 5296 2922 5367 θυγατέρας,
2959 5293 3407 5365 ὲκδειματοῦντος
3452 5290 3645 5356 Ἠσαῦ,

390 5383 448 5429 ct
492 5378 697 5435 caedem
743 5380 1019 5436 atrociter
1054 5382 1423 5439 machinante.
1481 5386 1641 5456 116
1677 5387 1970 5458 Postquam

2086 5390 2164 5442 καὶ
2208 5390 2374 5459 (ρονᾷν
2403 5386 2609 5459 ἀγρίως
2645 5384 3144 5457 ἐπικεχειρηκότος.
3193 5385 3411 5456 Ἐπειδὴ
3450 5384 3504 5437 δὲ
3526 5384 3562 5436 ,ό
3589 5385 3650 5437 ἐν

390 5482 522 5521 vero
539 5471 777 5540 populus
808 5469 984 5527 ﬁdelis
1009 5473 1540 5543 acquievitChristo,
1559 5475 1654 5548 qui
1674 5486 1761 5533 est
1788 5497 1805 5529 ι
1833 5478 1974 5548 lapis

2086 5481 2249 5534 πίστει
2280 5481 2405 5544 λαὸς
2439 5477 2856 5533 ἐπανεπαύσατο
2888 5477 2968 5548 τῷ
3001 5476 3244 5548 Χριστῷ,
3274 5478 3332 5543 ὃς
3359 5479 3474 5531 ὲστι
3500 5475 3652 5539 λίθος

387 5555 617 5626 electus,
672 5563 971 5633 angularis,
1018 5567 1292 5635 pretiosus
1329 5570 1397 5634 ’°,
1450 5588 1468 5620 ι
1514 5570 1643 5640 (hoc
1679 5569 1826 5625 enim
1866 5569 1969 5625 sibi

2086 5571 2343 5637 ικλεκτδς,
2377 5571 2791 5642 ἀκρογωνιαίος,
2823 5567 3039 5639 ἔντιμος
3062 5583 3076 5597 ⁸
3117 5568 3278 5621 τοῦτο
3309 5566 3441 5642 γὰρ,
3470 5561 3651 5639 οἶμαι,

457 5731 505 5762 ⁸τ
543 5739 682 5797 Cen.
710 5759 890 5809 xxviii,
920 5745 1007 5799 il.
1084 5747 1127 5779 ⁸³
1164 5747 1302 5802 ibid.
1345 5749 1425 5804 16.
1505 5749 1547 5782 ⁸³
1574 5747 1713 5804 ibid.
1790 5748 1834 5780 ὀ
1863 5746 1968 5804 lsa.
1991 5764 2174 5819 xxvni,
2207 5749 2301 5818 16;
2332 5750 2472 5806 Psal.
2500 5747 2775 5818 cnuﬂi;
2799 5748 2989 5805 Matth.
3025 5764 3136 5817 ut,
3170 5748 3257 5806 42.
