4032 6198
344 352 443 413 l3!)

1368 357 1886 421 GLAPHYRORUM
1924 366 1993 423 IN
2028 368 2328 427 GENESIM
2366 372 2493 428 LIB.
2535 372 2623 430 Π.

3492 381 3598 439 199

337 461 452 518 εστι
477 464 537 518 τδ
563 464 846 535 ἐφυπνοῦν
890 467 967 539 τῷ
992 467 1127 541 λίθῳ
1144 485 1158 499 ο
1199 473 1624 548 μεμαθήκαμεν,
1645 478 1727 532 ὅτι
1758 477 1900 549 μόνοι

2012 485 2129 541 vult
2159 485 2402 544 dormire
2431 503 2596 559 super
2625 486 2883 560 lapidem)
2917 487 3064 546 docti
3087 503 3297 556 sumus,
3321 490 3465 560 quod
3492 490 3595 549 soli

340 556 438 628 μὲν
470 557 551 622 είς
576 557 685 628 γῆν
716 558 821 613 οὐκ
869 559 1118 629 ἔσονται,
1168 563 1538 640 συλλήπτορας
1579 569 1637 623 δὲ
1678 571 1773 626 καὶ
1814 572 1913 624 ἐπε

334 651 587 721 αρωγοὺς
612 651 743 715 τοὺς
787 652 978 723 ἁγίους
1002 654 1215 720 ἐξουσιν
1260 660 1558 731 ἀγγέλους,
1592 666 1705 720 ἀνω
1735 682 1796 720 τε
1824 668 1918 721 καὶ

335 742 485 806 κάτω
520 740 856 809 διαθέοντας.
896 746 1042 821 Ἔφη
1076 748 1185 822 γάρ
1220 768 1322 805 που
1349 754 1582 826 Χριστός
1602 771 1615 786 ·
1657 773 1678 809 ι
1723 757 1914 832 Ἀμὴν,

334 832 480 904 ἀμὴν
514 833 663 903 λέγω
697 835 847 907 ὑμῖν,
881 837 1089 911 ἀπάρτι
1128 841 1327 913 δψεσθε
1351 844 1443 901 τὸν
1479 847 1708 918 οὐρανὸν
1745 850 1916 921 ἀνεῳ-

333 926 466 994 γότα
486 967 503 989 ,
533 928 631 982 καὶ
656 930 786 994 τοὺς
819 931 1087 1001 ἀγγέλους
1120 935 1214 990 τοῦ
1242 936 1376 992 Θεοῦ
1408 939 1798 1007 ἀναϐαίνοντας
1822 945 1917 998 καὶ

333 1018 762 1086 καταϐαίνοντας
785 1024 877 1077 ἐπὶ
902 1023 994 1080 τὸν
1028 1026 1157 1081 Υίδν
1186 1028 1282 1083 τοῦ
1313 1031 1624 1103 ἀνθρώπου.
1652 1054 1673 1087 ι
1718 1036 1911 1104 Τοῦτο,

333 1105 675 1182 οἶμαι,ἔστιν
696 1116 730 1185 ἡ
764 1114 988 1187 κλίμαξ,
1016 1120 1050 1190 ἠ
1079 1120 1193 1174 ἀνω
1215 1138 1274 1175 τε
1304 1123 1399 1177 καὶ
1429 1125 1580 1180 κάτω
1606 1126 1714 1180 τῶν
1742 1128 1912 1197 ἁγίων

336 1203 660 1280 πνευμάτων
687 1204 990 1280 διαδρομὴ,
1022 1229 1042 1263 ι
1084 1215 1454 1283 πεμπομένων
1495 1218 1577 1281 είς
1612 1218 1911 1285 διακονίαν,

331 1294 421 1348 διά
462 1297 592 1360 τοὺς
623 1298 917 1369 μέλλοντας
970 1302 1326 1377 κληρονομεῖν
1373 1308 1673 1379 βασιλείαν.
1715 1331 1735 1365 ι
1786 1314 1913 1369 Ἑπ-

324 1384 623 1456 εστὴρικτο
657 1387 715 1441 δὲ
748 1391 815 1461 τῇ
852 1390 1081 1462 κλίμακι
1123 1396 1388 1467 Χριστὸς,
1413 1399 1491 1464 ὡς
1526 1401 1719 1474 μέχρις
1746 1404 1913 1458 αὑτοῦ

331 1474 643 1543 φθανόντων
665 1477 775 1533 τῶν
798 1481 969 1550 ἁγίων
987 1487 1337 1557 πνευμάτων,
1359 1490 1457 1544 καὶ
1485 1492 1647 1547 αὐτὸν
1679 1494 1912 1564 ἐχόντων

326 1564 419 1618 τὸν
450 1566 754 1639 ἐπιστάτην
777 1587 792 1603 ο
823 1571 921 1642 οὐχ
946 1573 1022 1638 ὡς
1050 1574 1180 1629 ὄντα
1202 1579 1324 1632 κατ’
1343 1580 1501 1646 αὐτὰ,
1532 1580 1648 1635 ἀλλ’
1671 1582 1748 1647 ὡς
1776 1584 1910 1639 Θεὸν

327 1656 422 1747 καὶ
443 1656 674 1728 Κύριον.
699 1661 843 1734 Ἔφη
875 1662 933 1716 δέ
963 1681 1065 1718 που
1095 1668 1191 1724 καὶ
1216 1671 1245 1723 ό
1263 1670 1429 1727 Δασὶδ
1447 1672 1718 1747 ἀνθρώπῳ
1743 1677 1909 1739 παντὶ

325 1746 405 1818 τῷ
429 1753 710 1805 κατοικεῖν
736 1753 975 1827 ἑλομένῳ
994 1757 1053 1810 ἐν
1075 1756 1300 1833 βοηθείᾳ
1326 1762 1420 1816 τοῦ
1433 1746 1710 1834 Ὑψίστου,
1735 1785 1754 1819 ι
1785 1768 1908 1823 Ὅτι

325 1842 433 1904 τοῖς
468 1841 731 1911 ἀγγέλοις
767 1846 933 1902 αὐτοῦ
955 1850 1250 1906 ἐντελεῖται
1286 1855 1417 1927 περὶ
1443 1855 1561 1921 σοῦ,
1596 1857 1691 1911 τοῦ
1716 1858 1907 1927 smn.

320 1932 480 1999 λάξαι
539 1952 604 1990 σε
654 1939 714 1992 ἐν
761 1941 969 2007 πάσαις
1018 1946 1141 2009 ταῖς
1172 1946 1313 2011 ὁδοῖς
1351 1964 1468 2004 σου.
1532 1950 1658 2004 Ἐπὶ
1708 1946 1905 2025 χειρῶν

317 2025 516 2097 ἀροῦσί
552 2045 648 2092 σε,
705 2031 914 2101 μήποτε
949 2035 1268 2112 προσκόψῃς
1310 2038 1448 2109 πρὸς
1472 2040 1619 2096 λίθον
1643 2041 1734 2097 τὸν
1771 2043 1907 2098 πόδα

318 2135 435 2177 σου.
484 2119 613 2174 Ἐπὶ
640 2121 846 2181 ἀσπίδα
887 2124 982 2178 καὶ
1020 2125 1331 2196 βασιλίσκον
1375 2130 1638 2204 ἐπιϐήσῃ,
1676 2133 1771 2187 καὶ
1801 2150 1902 2188 κα-

314 2212 661 2282 ταπατήσεις
698 2212 891 2268 λέοντα
934 2216 1030 2270 καὶ
1073 2217 1367 2288 δράκοντα.
1422 2239 1443 2273 ι
1496 2222 1904 2296 Πεπατήκαμεν

316 2300 422 2372 γάρ
453 2302 645 2355 ὲπάνω
674 2302 852 2372 ὄφεων
879 2304 972 2359 καὶ
1001 2306 1299 2391 σκορετίων,
1348 2310 1444 2364 καὶ
1467 2311 1561 2365 ἐπὶ
1594 2314 1778 2368 πᾶσαν
1803 2316 1902 2385 τὴν

314 2390 550 2463 δύναμιν
576 2391 674 2447 τοῦ
717 2393 936 2465 ἐχθροῦ,
963 2390 1200 2469 Χριστοῦ
1225 2400 1457 2465 διδόντος
1486 2403 1586 2474 τὴν
1624 2405 1899 2471 ἐξουσίαν.

318 2480 495 2548 ’Ᾱξιοι
543 2485 611 2557 δὴ
652 2481 746 2542 οὖν
790 2488 883 2540 καὶ
913 2487 1167 2555 θεοπτίας
1190 2494 1239 2545 οί
1285 2494 1343 2546 ἐν
1389 2494 1631 2567 Χριστῷ,
1671 2497 1765 2551 καὶ⁸
1804 2496 1899 2552 τοῦ

312 2577 624 2651 διακεῖσθαι
661 2578 1080 2652 τεθαρρηκότως
1113 2582 1194 2637 ὅτι
1240 2584 1335 2638 καὶ
1391 2586 1644 2643 συνέσται
1687 2589 1779 2643 καὶ
1808 2591 1902 2645 ἐπ-

312 2670 533 2740 αμυνεῖ,
565 2670 661 2723 καὶ
685 2668 939 2725 διασώσει
961 2672 1261 2745 πανταχοῦ,
1286 2676 1382 2731 καὶ
1416 2677 1728 2750 ἐγκάρπους
1765 2682 1901 2737 ἀπο-

2018 578 2075 633 in
2113 586 2256 636 terra
2287 597 2400 636 non
2431 582 2543 638 sint
2572 581 2766 648 futuri,
2784 589 2842 637 at
2866 597 2999 638 vero
3014 582 3386 639 ‘auxiliatores
3408 591 3465 639 et
3500 600 3593 641 so-

2017 671 2135 727 cios
2182 682 2400 729 sanctos
2435 675 2656 746 angelos
2702 674 2946 731 habituri
2991 691 3211 732 sursum
3246 691 3311 731 ac
3334 676 3590 741 deorsum

2017 772 2319 819 currentes.
2339 764 2431 820 Ait
2449 766 2594 821 enim
2624 766 2823 825 alicubi
2852 765 3104 823 Christus
3139 785 3146 795 ·
3175 786 3194 818 σ
3218 766 3413 833 Amen,
3432 784 3592 824 amen

2017 852 2141 910 dico
2171 854 2329 911 vobis
2370 875 2385 910 :
2428 858 2626 914 amodo
2681 858 2943 915 videbitis
2985 860 3184 917 ccrlum
3216 869 3488 931 apertum,
3535 869 3592 918 et

2014 946 2239 1017 angelos
2268 948 2366 1007 Dei
2397 949 2757 1006 ascendentes
2796 960 2854 1007 et
2878 951 3277 1009 descendentes
3310 970 3476 1025 supra
3496 956 3589 1010 Fi-

2014 1037 2150 1093 lium
2173 1039 2415 1125 hqminis
2435 1043 2503 1100 θ’.
2538 1062 2558 1096 ι
2600 1046 2737 1111 Hoc,
2764 1053 2827 1100 ut
2854 1045 3117 1110 arbitror,
3149 1053 3234 1100 est
3274 1046 3440 1111 scala,
3466 1062 3591 1103 san-

2014 1140 2229 1188 ctorum
2248 1134 2539 1204 spirituum
2577 1153 2795 1193 sursum
2826 1153 2893 1194 ac
2913 1138 3171 1194 deorsum
3192 1137 3585 1206 discursitatio,

2013 1223 2109 1293 qui
2146 1242 2164 1276 ι
2201 1226 2496 1283 mittuntur
2528 1228 2586 1284 in
2611 1230 2977 1285 ministerium
3016 1222 3244 1301 propter
3263 1245 3359 1285 eos
3382 1230 3477 1301 qui
3498 1231 3588 1287 fu-

2014 1318 2124 1372 turi
2145 1326 2275 1373 sunt
2294 1319 2541 1377 hmredes
2560 1323 2712 1395 regni
2736 1325 2803 1382 ”.
2832 1344 2852 1377 ι
2876 1324 3151 1380 Firmatus
3178 1333 3262 1381 est
3278 1332 3460 1381 autem
3489 1342 3586 1381 su.

2010 1423 2112 1478 per
2138 1410 2340 1466 scalam
2369 1411 2623 1470 Christus
2641 1415 2812 1471 veluti
2851 1416 2919 1474 ad
2956 1416 3135 1488 ipsum
3175 1432 3349 1487 usque
3374 1420 3587 1488 pertin-

2011 1500 2267 1570 gentibus
2303 1504 2507 1560 sanctis
2563 1506 2868 1576 spiritibus,
2917 1508 3208 1580 ipsumque
3254 1509 3589 1566 habentibus
3694 1508 3697 1509 ⁷
3754 1506 3757 1509 ’

2009 1594 2345 1662 praefectum,
2370 1613 2481 1653 non
2502 1599 2927 1656 utexsistentem
2948 1602 3017 1656 ad
3037 1602 3203 1672 ipsos,
3221 1601 3317 1657 sed
3338 1610 3400 1657 ut
3415 1602 3587 1657 Deum

2009 1698 2075 1739 ac
2106 1685 2417 1743 Dominum.
2462 1673 2680 1745 Alicubi
2722 1702 2907 1748 autem
2963 1693 3128 1752 refert
3174 1693 3340 1750 etiam
3390 1692 3582 1760 David,

2008 1777 2157 1832 omni
2179 1776 2390 1834 homini
2411 1780 2507 1850 qui
2544 1781 2793 1839 habitare
2824 1784 3064 1841 voluerit
3090 1785 3144 1840 in
3174 1785 3377 1842 auxilio
3412 1785 3582 1841 Altis-

2007 1868 2131 1923 simi
2168 1887 2181 1923 :
2220 1887 2239 1920 ‹
2273 1867 2412 1936 Quia
2441 1873 2650 1944 angelis
2680 1874 2796 1930 suis
2818 1877 3080 1948 praecepit
3102 1876 3170 1932 de
3197 1885 3270 1942 te,
3300 1885 3362 1932 ut
3394 1886 3581 1954 casto-'-

2006 1959 2158 2016 diant
2186 1968 2237 2019 te
2260 1963 2316 2018 in
2347 1965 2604 2021 omnibus
2617 1967 2725 2022 viis
2754 1969 2884 2022 tuis.
2912 1968 2974 2024 In
3004 1969 3258 2025 manibus
3279 1970 3474 2025 tollent
3502 1978 3578 2035 te,

2004 2067 2074 2108 ne
2097 2053 2316 2122 quando
2339 2054 2587 2111 offendas
2625 2056 2694 2112 ad
2719 2057 2957 2129 lapidem
2989 2060 3186 2130 pedem
3206 2068 3383 2117 tuum.
3405 2060 3582 2131 Super

2004 2141 2250 2211 aspidem
2290 2151 2347 2199 et
2402 2144 2721 2202 basiliscum
2771 2149 3100 2216 ambulabis,
3128 2160 3186 2208 et
3232 2151 3582 2208 conculcabis

2003 2232 2219 2287 leonem
2239 2242 2296 2290 et
2315 2234 2607 2293 draconem
2629 2239 2697 2293 ”.
2732 2258 2751 2291 ι
2782 2239 3199 2299 Ambulavimus
3225 2246 3371 2300 enim
3414 2260 3581 2316 super

2002 2334 2287 2396 serpentes
2326 2335 2383 2384 et
2416 2329 2751 2401 scorpiones,
2777 2340 2832 2387 et
2869 2348 3037 2405 super
3072 2350 3291 2392 omnem
3332 2344 3579 2407 potesta-

2002 2423 2112 2471 tem
2136 2418 2367 2486 inimici,
2397 2419 2560 2477 dante
2583 2420 2804 2479 Christo
2831 2433 3178 2495 potestatem.
3202 2427 3359 2500 Digni
3396 2429 3577 2500 itaque

2000 2508 2165 2563 etiam
2208 2509 2398 2566 divino
2438 2520 2685 2582 aspectu,
2732 2514 2827 2584 qui
2859 2514 2917 2570 in
2957 2515 3207 2585 Christo,
3257 2527 3428 2591 utque
3470 2519 3578 2576 sibi

2000 2609 2154 2656 certo
2177 2602 2559 2672 polliceantur,
2586 2604 2766 2676 ipsum
2795 2605 2863 2661 iis
2892 2606 3207 2663 adfuturum
3230 2618 3393 2680 atque
3418 2611 3577 2666 auxi-

1998 2689 2282 2759 liaturum,
2326 2700 2386 2748 et
2414 2693 2594 2750 ubivis
2633 2695 2989 2765 salvaturum,
3030 2697 3448 2771 fructuososque
3475 2701 3576 2757 de-

312 2765 492 2832 φανεῖ.
536 2782 557 2815 ‹
607 2762 738 2816 Ἰδοὺ
760 2762 869 2835 γὰρ
889 2763 1024 2835 ἐγὼ,
1050 2767 1202 2838 φησὶ,
1238 2767 1358 2838 μεθ’
1391 2770 1548 2841 ἡμῶν
1569 2772 1684 2843 εἰμι
1718 2774 1900 2839 πάσας

2003 2782 2349 2838 elaraturum.
2380 2803 2399 2836 ι
2431 2785 2571 2841 Ecce
2604 2788 2752 2842 enim
2774 2803 2895 2859 ego,
2923 2789 3119 2859 inquit,
3147 2790 3433 2846 vobiscum
3453 2807 3575 2847 sum

311 2854 405 2917 τὰς
433 2853 686 2925 ἡμέρας,
715 2855 821 2920 ἕως
856 2857 956 2927 τῆς
989 2857 1298 2923 συντελείας
1322 2860 1417 2914 τοῦ
1450 2862 1667 2928 αἰῶνος.
1702 2883 1721 2916 ι
1771 2865 1894 2920 Ὅτι

2003 2875 2256 2931 omnibus
2296 2877 2493 2934 diebus
2559 2894 2733 2950 usque
2777 2881 2846 2936 ad
2896 2884 3420 2940 consummationem
3471 2901 3574 2941 saa-

309 2942 361 2997 δὲ
384 2945 489 2997 καὶ
508 2944 961 3016 πεπλουτήκασιν
985 2949 1033 3003 oi
1065 2950 1325 3023 μακάριαι
1353 2952 1616 3025 μαθηταὶ,
1650 2958 1743 3012 καὶ
1768 2960 1898 3014 ἀνα-

2003 2969 2189 3026 culi”.
2220 2989 2240 3023 ι
2279 2969 2437 3038 Quod
2473 2987 2603 3027 vero
2642 2942 2801 3027 ditati
2845 2973 2957 3028 sint
2997 2973 3142 3029 beati
3183 2973 3461 3046 discipuli,
3519 2984 3576 3031 et

313 3033 601 3106 ριθμήτων
632 3034 803 3091 ἐθνῶν
835 3038 1093 3106 γεγόνασι
1133 3042 1406 3119 πατέρες,
1435 3046 1494 3103 ἐν
1520 3046 1701 3103 πίστει
1731 3052 1798 3121 τῇ
1836 3052 1897 3104 ἐν

2003 3033 2484 3118 innumerabilium
2518 3063 2763 3134 gentium
2806 3071 2992 3133 patres
3017 3065 3128 3120 sint
3156 3033 3358 3132 etl'ecti,
3389 3066 3446 3122 in
3466 3066 3575 3123 ﬁdo

308 3126 535 3200 Χριστῷ
571 3127 718 3195 λέγω
747 3168 764 3195 ,
812 3130 907 3185 καὶ
933 3130 1008 3195 ὡς
1035 3132 1093 3186 ἐν
1128 3136 1379 3206 γεννήσει
1409 3140 1473 3210 τῇ
1503 3146 1844 3214 πνευματικῇ
1871 3185 1887 3210 ,

2003 3152 2051 3208 in
2075 3153 2314 3220 Christo,
2331 3126 2577 3226 inquam,
2593 3170 2657 3211 ac
2670 3126 2839 3211 veluti
2862 3157 2918 3211 in
2945 3158 3299 3229 generatione
3318 3126 3574 3229 spiritali,

309 3219 476 3273 παντί
502 3237 610 3275 που
641 3221 820 3291 δῆλον,
852 3222 1061 3279 Παύλου
1092 3225 1344 3299 λέγοντος
1373 3223 1643 3302 ἐναργῶς,
1678 3236 1793 3299 τοῖς
1821 3235 1893 3289 δι’

2003 3247 2169 3302 cuivis
2196 3247 2545 3303 manifestum
2568 3256 2673 3313 est,
2712 3247 2930 3305 dicente
2974 3246 3260 3306 manifeste
3282 3250 3452 3310 Paulo
3497 3251 3567 3309 iis

307 3312 472 3368 αὐτοῦ
504 3313 890 3368 πιστεύσασιν
926 3334 946 3367 ι
980 3315 1234 3383 Ὀτιεκᾶν
1259 3321 1483 3392 μυρίους
1514 3324 1893 3396 παιδαγωγοὺς

2003 3338 2087 3408 qui
2103 3354 2212 3408 per
2244 3338 2422 3409 ipsum
2445 3312 2831 3395 crediderunt:
2865 3359 2883 3391 ι
2910 3339 3050 3407 Quia
3085 3341 3190 3396 etsi
3218 3342 3366 3398 mille
3391 3340 3575 3413 paeda-

308 3405 471 3477 ἔχητε
498 3408 559 3460 ἐν
580 3405 821 3478 Χριστῷ,
848 3407 967 3463 ἀλλ’
995 3409 1057 3462 οὐ
1094 3410 1324 3476 πολλοὺς
1362 3415 1624 3486 πατέρας.
1662 3410 1750 3472 Ἐν
1785 3420 1894 3491 γὰρ

2003 3405 2164 3499 gogos
2189 3405 2460 3483 habuistis
2500 3428 2559 3483 in
2585 3427 2826 3494 Christo,
2863 3405 3072 3486 atinon
3113 3431 3319 3487 multos
3366 3405 3575 3503 patres.

304 3495 531 3568 Χριστῷ
574 3496 785 3566 Ἰησοῦ,
825 3498 914 3553 διὰ
941 3499 1036 3554 τοῦ
1064 3501 1397 3572 Εὑαγγελίου
1431 3504 1542 3575 ἐγὼ
1567 3508 1710 3579 ὑμᾶς
1742 3510 1895 3579 ἐγένο

2003 3495 2128 3575 δειλίη
2154 3520 2209 3575 in
2247 3519 2468 3577 Christo
2519 3521 2650 3577 Jesu
2690 3537 2791 3592 per
2814 3522 3170 3594 Evangelium
3212 3538 3316 3594 ego
3347 3495 3446 3580 vos
3482 3539 3575 3595 ge-

305 3604 467 3657 νησα.
506 3606 526 3640 ι
557 3588 758 3657 Γέγονε
791 3590 970 3646 τοίνυν
998 3592 1179 3648 αὐτῶν
1203 3594 1263 3647 τὸ
1284 3595 1525 3667 σπέρμα,
1548 3601 1666 3664 ταῖς
1685 3600 1893 3672 ἄμμοις

2003 3611 2090 3665 nui
2108 3612 2177 3665 θ’.
2215 3630 2233 3663 ι
2268 3612 2491 3668 Factum
2521 3611 2687 3682 igitur
2705 3617 2789 3667 est
2818 3626 3010 3666 eorum
3039 3627 3227 3667 semen
3259 3614 3442 3669 arenis
3464 3629 3571 3669 nu-

308 3679 620 3751 ἰσάριθμον.
664 3679 980 3734 Ἐκτέταται
1009 3681 1066 3735 δὲ
1092 3681 1188 3735 καὶ
1226 3683 1307 3747 είς
1340 3684 1567 3751 ἀκτῖνας
1597 3688 1695 3740 καὶ
1715 3687 1889 3755 δύσιν,

2003 3717 2146 3757 mero
2164 3703 2392 3772 atqualc,
2426 3711 2893 3773 propagatumque
2922 3702 2977 3757 in
3013 3713 3195 3759 ortum
3217 3711 3274 3758 et
3293 3719 3570 3771 occasum,

306 3771 396 3827 καὶ
426 3769 586 3837 δεξιά
613 3771 711 3824 καὶ
746 3770 1030 3843 εὐώνυμα·
1063 3772 1219 3828 νότον
1260 3774 1326 3845 δὴ
1353 3775 1499 3845 λέγω
1527 3779 1621 3832 καὶ
1663 3778 1886 3853 βορῤᾶν.

2003 3793 2049 3847 in
2069 3792 2259 3848 dextra
2286 3801 2343 3848 et
2368 3793 2610 3858 sinistra,
2629 3792 2683 3847 in
2708 3802 2980 3859 austrum,
3009 3793 3252 3864 inquam,
3280 3803 3337 3850 et
3357 3795 3571 3865 aquilo-

318 3864 455 3925 Ἀλλ’
483 3858 556 3935 ἦν
591 3863 685 3917 καὶ
710 3866 740 3918 ό
764 3863 910 3928 λίθος
938 3864 1014 3929 ὡς
1047 3866 1106 3918 ὲν
1133 3865 1290 3938 τύπῳ
1313 3868 1551 3939 Χριστοῦ
1582 3868 1892 3941 τιμώμενος

2003 3898 2139 3942 nem.
2173 3883 2443 3939 Cmterum
2476 3892 2596 3939 erat
2618 3885 2783 3938 etiam
2819 3858 3151 3953 lapisveluti
3181 3885 3238 3938 in
3265 3894 3392 3957 typo
3405 3858 3573 3942 Chri-

308 3958 398 4011 καὶ
438 3955 940 4027 ἀπλαστηλούμενος,
982 3958 1042 4011 ἐν
1081 3957 1249 4030 ἐλαίῳ
1291 3977 1352 4013 τε
1394 3959 1731 4031 δεδευμένος.
1778 3963 1890 4017 Kef-

305 4065 523 4119 χρισται
555 4048 668 4120 γάρ
716 4047 870 4119 παρά
914 4047 1009 4102 τοῦ
1042 4048 1179 4103 Θεοῦ
1208 4051 1304 4104 καὶ
1348 4053 1563 4125 Πατρδς
1606 4056 1635 4108 ό
1675 4055 1888 4126 Ἑμμπι.

305 4142 464 4213 νουὴλ
486 4183 503 4204 ,
539 4159 559 4192 ι
614 4141 792 4194 ἔλαιον
826 4141 1200 4210 ἀγαλλιάσεως
1252 4144 1405 4214 παρά
1448 4145 1576 4209 τοὺς
1629 4148 1890 4218 μετόχους

304 4232 495 4287 αὐτοῦ.
537 4252 558 4285 ι
600 4232 932 4305 Ἐγήγερται
953 4233 1010 4287 δὲ
1039 4236 1129 4287 καλ⁵
1156 4235 1219 4288 ἐκ
1249 4236 1481 4306 νεκρῶν,
1510 4236 1686 4291 καίτοι
1719 4255 1889 4293 κατα-

306 4326 559 4392 ϐεϐηκὼς
599 4325 881 4397 ἐθελοντὴς
927 4328 1007 4390 είς
1050 4325 1305 4403 θάνατον.
1343 4329 1455 4382 Καὶ
1491 4330 1668 4396 τοῦτο,
1712 4327 1883 4404 οἶμαι,

1991 3976 2059 4031 sti
2088 3977 2390 4032 honoratus
2412 3984 2470 4031 et
2500 3985 2736 4040 erectus,
2761 3975 2992 4045 oleoque
3035 3975 3336 4033 delibutus.
3361 3977 3575 4037 Unctus

1990 4067 2138 4121 enim
2169 4076 2255 4122 est
2291 4082 2322 4121 a
2346 4067 2460 4122 Deo
2484 4081 2549 4121 ac
2571 4066 2733 4123 Patre
2769 4066 3094 4123 Emmanuel
3121 4086 3140 4120 ι
3176 4066 3298 4124 oleo
3323 4070 3572 4126 exsulta-

1992 4156 2157 4211 tionis
2170 4172 2282 4226 prae
2297 4156 2644 4213 consortibus
2665 4156 2780 4214 suis
2800 4159 2867 4225 ’⁸;
2896 4177 2915 4211 ι
2943 4159 3239 4216 suscitatus
3256 4176 3388 4217 vero
3403 4163 3572 4219 etiam

1990 4265 2022 4307 a
2054 4249 2305 4313 mortuis,
2329 4250 2545 4305 etiamsi
2565 4265 2662 4305 sua
2679 4260 2872 4322 sponte
2903 4251 3185 4308 descendit
3210 4253 3278 4308 ad
3303 4263 3570 4311 mortem.

1988 4342 2166 4413 Atque
2187 4342 2343 4413 117
2380 4342 2506 4408 hoc,
2556 4350 2619 4397 ut
2655 4344 2917 4409 arbitror,
2946 4352 3051 4410 est,
3076 4353 3320 4401 erectum
3345 4362 3466 4402 esse
3484 4348 3570 4405 la~

305 4418 417 4477 ἐστι
451 4419 513 4471 τὸ
540 4417 947 4488 ἀνεστηλῶσθαι
978 4418 1067 4471 τὸν
1108 4418 1270 4474 λίθον.
1330 4419 1675 4491 Κηρύττεται
1717 4423 1888 4478 δὲκαὶ

2003 4433 2193 4501 pidem.
2244 4433 2577 4488 Prmdicatur
2619 4441 2803 4489 autem
2842 4435 3006 4489 etiam
3050 4451 3150 4505 per
3178 4446 3396 4492 sanctos
3436 4453 3573 4507 apon

305 4512 387 4565 διὰ
427 4511 543 4565 τῶν
579 4511 752 4579 ἀγίων
790 4510 1104 4565 ἀποστόλων
1149 4513 1178 4564 ό
1217 4511 1420 4584 Κύριος
1466 4514 1622 4585 ἡμῶν
1681 4516 1888 4586 Ἰησοῦς

2003 4495 2159 4579 itolos
2185 4521 2448 4576 Dominus
2472 4529 2661 4577 noster
2695 4521 2856 4578 Jesus
2885 4495 3160 4587 Christus,
3192 4530 3255 4583 ut
3292 4533 3497 4585 unctus
3535 4541 3570 4581 a

305 4603 561 4671 Χριστὸς,
593 4604 671 4666 ῶς
693 4603 1051 4673 κεχρισμένος
1073 4606 1226 4675 παρά
1248 4606 1460 4675 [ἰατρὸς
1484 4607 1541 4659 ἐν
1564 4607 1704 4678 ἀγίῳ
1727 4608 1890 4663 Ilvati-

307 4709 434 4761 ματι
465 4692 563 4745 καὶ
596 4693 970 4765 ἐγηγερμένος
1001 4696 1066 4747 ἐκ
1114 4694 1346 4765 νεκρῶν.
1374 4696 1450 4749 Δι’
1479 4691 1540 4752 οῦ
1571 4699 1666 4752 καὶ
1688 4699 1808 4770 μεθ’
1828 4695 1888 4756 οὗ

303 4784 378 4854 τῷ
398 4784 521 4855 θεῷ
550 4786 644 4843 καὶ
672 4786 847 4857 Πατρὶ
874 4787 907 4857 ἡ
936 4787 1064 4853 δόξα
1087 4790 1184 4843 σὺν
1204 4787 1344 4863 ἁγίῳ
1366 4788 1641 4863 Πνεῦματι
1667 4794 1749 4858 εἰς
1763 4795 1890 4859 τοὺς

303 4878 503 4942 αἰῶνας
529 4878 639 4932 τῶν
667 4877 897 4934 αἰώνων.
944 4879 1139 4951 Ἀμήν.

557 5019 679 5072 Ἔτι
704 5018 838 5087 περὶ
864 5017 970 5074 τοῦ
997 5020 1365 5090 πατριάρχου
1404 5021 1629 5080 Ἰακώϐ.

370 5138 446 5189 α’.
472 5131 549 5185 Τὸ
577 5130 739 5186 θείων
770 5133 918 5202 ἡμᾶς
959 5132 1207 5202 ἐφίεσθαι
1241 5135 1414 5204 λόγων
1434 5177 1451 5203 ,
1495 5139 1589 5192 καὶ
1616 5138 1774 5212 διψᾷν
1801 5142 1884 5198 ὅτι

302 5219 544 5289 μάλιστα
571 5218 634 5272 τὸ
661 5220 897 5291 χρηστόν
925 5239 978 5275 τι
1011 5224 1204 5294 μαθεῖν
1223 5263 1240 5289 ,
1276 5225 1360 5278 ὅτι
1390 5228 1608 5281 πάντων
1639 5230 1880 5300 ἄριστον,

301 5311 398 5365 καὶ
417 5314 539 5375 ταῖς
558 5312 829 5367 ἀνωτάτω
851 5312 1052 5385 ψήφοις
1073 5316 1520 5388 ἐστεψανωμένον
1549 5322 1699 5393 παρά
1724 5323 1882 5390 Θεοῦ,

301 5400 422 5464 πῶς
452 5401 520 5456 ἂν
550 5394 847 5458 ἐνδοιάσειέ
874 5421 993 5471 τις;
1031 5407 1216 5472 Ἄξιον
1247 5408 1305 5463 δὲ
1331 5409 1412 5463 ὅτι
1440 5411 1534 5466 τοῦ
1565 5416 1763 5479 παντὸς
1794 5416 1885 5470 λό-

301 5509 404 5561 γου
444 5493 504 5547 τό
533 5495 724 5567 χρῆμά
768 5499 887 5552 ἐστι
920 5500 1015 5553 καὶ
1045 5501 1197 5573 πρὸς.
1225 5502 1523 5571 ἀναγκαῖον
1564 5507 1696 5577 ἡμῖν
1732 5509 1886 5563 ἐκτε-

300 5583 550 5659 λευτήσει
576 5590 790 5662 πέρας,
824 5591 919 5646 καὶ
951 5592 1112 5657 αὐτὸς
1145 5595 1294 5673 ἡμᾶς
1335 5596 1827 5672 πεπληροφόρηκεν
1859 5603 1888 5655 ὁ

370 5726 421 5757 ²¹
461 5726 610 5808 πρίω.
654 5749 693 5798 ι,
731 5734 821 5790 51.
894 5736 940 5769 ⁹²
982 5735 1149 5792 Hebr.
1178 5754 1215 5803 ι,
1244 5737 1330 5794 Η.
1410 5739 1620 5798 “Psal.
1648 5734 1734 5808 xC,
1770 5740 1897 5797 ll-l

2035 5739 2080 5781 εὶ
2116 5735 2303 5795 Matth.
2343 5750 2527 5801 xxvm,
2566 5731 2654 5789 20.

306 5810 458 5863 νυν,
485 5796 537 5856 8.

1988 4616 2150 4672 Patre
2182 4614 2235 4670 in
2255 4623 2445 4671 sancto
2470 4616 2702 4687 Spiritu,
2727 4625 2784 4673 et
2803 4617 3074 4672 excitatus
3107 4631 3136 4670 a
3162 4617 3398 4670 mortuis
3424 4633 3437 4668 :
3470 4630 3575 4685 per

1989 4721 2175 4777 quem,
2209 4714 2265 4759 et
2296 4721 2421 4761 cum
2445 4722 2556 4776 quo
2600 4706 2712 4761 Deo
2738 4722 2803 4761 ac
2834 4705 2982 4762 Patri
3029 4706 3199 4776 gloria
3235 4714 3292 4761 et
3321 4705 3572 4782 potentia
3624 4710 3635 4729 ‘

1989 4813 2114 4854 eum
2139 4805 2324 4852 sancto
2350 4796 2555 4867 Spiritu
2593 4797 2648 4852 in
2673 4797 2869 4853 sarcula
2894 4798 3236 4853 sreculorum.
3262 4796 3459 4851 Amen.

2336 5025 2575 5098 Amplius
2600 5026 2663 5081 de
2696 5028 3001 5098 patriarcha
3026 5025 3206 5081 Iacob.

2060 5138 2267 5207 LQuod
2279 5138 2668 5211 quidemlouge
2680 5140 3205 5212 praestantissimum,
3220 5141 3566 5212 maximeque
3588 5156 3591 5161 ‘

1983 5232 2095 5287 Deo
2120 5239 2332 5299 gratum
2357 5230 2429 5286 sit
2447 5230 2662 5286 divinos
2682 5247 2964 5286 sermones
2983 5240 3259 5302 expetere,
3280 5240 3336 5288 et
3356 5235 3563 5305 optima

1985 5338 2213 5394 qumque
2257 5323 2472 5379 discere
2503 5324 2665 5388 velle,
2701 5339 2811 5394 quo
2842 5331 3001 5394 pacto
3044 5325 3284 5395 cuipiam
3330 5326 3565 5381 dubium

1985 5430 2105 5471 esse
2133 5414 2334 5484 possit?
2360 5413 2516 5480 Quod
2536 5429 2669 5469 vero
2690 5429 2779 5470 res
2794 5415 2911 5470 haec
2933 5416 3153 5470 maximi
3184 5426 3268 5471 est
3289 5416 3564 5484 facienda,

1988 5514 2151 5577 atque
2175 5503 2242 5559 ad
2273 5504 2461 5559 utilem
2492 5503 2653 5559 linem
2682 5520 2782 5560 nos
2825 5505 3147 5580 deductura,
3173 5506 3421 5563 Salvator:
3444 5508 3566 5579 ipso

1991 5604 2221 5654 testatur
2265 5594 2337 5650 ita
2388 5593 2613 5649 dicens:
2646 5613 2665 5647 ι
2693 5594 2882 5652 Simile
2911 5603 2996 5651 est
3028 5611 3255 5668 regnum
3296 5598 3565 5656 caelorum

2754 5733 2843 5789 ’³1
2882 5733 3013 5793 Cor.
3052 5752 3124 5802 tv,
3165 5735 3246 5792 15.
3335 5736 3381 5769 ”'
3407 5734 3559 5792 Petti.
