4032 6198
432 374 526 433 illi
1439 376 1499 433 S.
1539 376 1815 433 CYRILLI
1855 378 2332 436 ALEXANDRINI
2370 379 2691 437 ARCHIEP.
3610 379 3715 438 I99.

431 488 639 546 homini
668 488 1019 561 negotiatori,
1048 489 1315 560 quierenti
1353 489 1526 546 bonas
1552 490 1893 561 margaritas.
1927 489 2010 546 In-

2124 491 2316 563 Σωτὴρ
2347 490 2492 547 οὕτω
2519 493 2726 562 λέγων·
2765 511 2783 545 ι
2841 492 3033 565 Ὁμοία
3060 494 3212 550 ἐστὶν
3243 494 3278 566 ἡ
3318 492 3564 565 βασιλεία
3601 497 3714 552 τῶν

425 588 591 638 venta
611 590 796 637 autem
823 597 933 636 una
968 581 1208 651 pretiosa
1227 581 1544 653 margarita,
1579 582 1718 637 abiit
1743 590 1802 637 et
1832 580 2010 637 vendi-

2121 583 2364 656 οὖρανῶν
2389 583 2662 656 ἀνθρώπῳ
2699 585 2960 656 ἐμπόρῳ,
2992 585 3247 658 ζητοῦντι
3274 586 3473 653 καλοὺς
3504 605 3715 658 μαργα-

428 672 512 728 dit
551 675 737 729 omnia
759 690 881 744 quae
906 674 1166 739 habebat,
1209 684 1267 729 et
1303 674 1439 729 emit
1459 690 1581 729 eam
1606 675 1675 728 ’⁷.
1716 693 1735 726 ι
1761 674 2010 729 Necessa-

2124 677 2298 747 ρίτας.
2337 678 2433 741 ὐς
2461 675 2637 747 εὑρὼν
2667 677 2767 732 ’ἐνα
2799 676 3092 748 πολύτιμον
3130 678 3479 751 μαργαρίτην
3498 720 3512 742 ,
3545 674 3724 764 ἀπελ(

430 764 574 837 rium
606 765 773 836 igitur
798 772 884 820 est
924 766 1098 836 quaeri
1122 766 1278 837 prius
1306 783 1337 821 a
1361 766 1524 821 nobis
1550 765 1723 839 bonas
1750 765 2019 837 margari-

431 863 532 909 tas.
556 854 634 909 Ita
664 855 812 909 enim
839 855 1186 911 inveniemus
1207 872 1370 912 unam
1392 873 1457 912 ac
1481 857 1776 928 pretiosam
1804 872 2018 928 marga-

428 947 611 1012 ritam,
638 947 741 1003 hoc
768 956 873 1013 est,
895 948 1198 1005 Christum.
1227 949 1487 1017 Quaenam
1521 959 1706 1006 autem
1731 951 1842 1005 sint
1862 950 2020 1007 bona

429 1038 755 1113 margaritae,
793 1049 851 1096 et
871 1057 1105 1110 quarum
1155 1043 1395 1113 pretiosa
1434 1051 1519 1098 est
1547 1042 1842 1112 possessio,
1880 1057 2019 1113 quas

427 1130 723 1199 quaerendo
762 1148 928 1186 unam
970 1132 1119 1189 illam
1163 1133 1498 1198 invenimus,
1521 1133 1756 1189 dixerim
1788 1135 2017 1190 omnino

427 1229 645 1278 sanctos
668 1238 810 1291 esse,
837 1224 906 1280 de
941 1226 1144 1296 quibus
1174 1226 1381 1282 dictum
1423 1233 1507 1281 est
1530 1241 1629 1297 per
1660 1241 1852 1282 vocem
1886 1242 2014 1296 pro-

425 1313 639 1382 phetat:
673 1334 691 1367 ι
730 1316 967 1387 Lapides
990 1321 1164 1375 sancti
1186 1321 1482 1375 volvuntur
1506 1335 1673 1389 super
1685 1327 1891 1374 terram
1909 1319 2006 1373 ".i

427 1401 810 1477 investiganda
834 1409 1020 1478 itaque
1070 1418 1200 1465 sunt
1250 1411 1563 1482 diligenter,
1605 1426 1729 1481 qua:
1754 1410 1824 1466 de
1871 1425 2013 1464 uno-

427 1506 647 1561 quoque
668 1496 943 1565 praicipue
974 1507 1219 1553 veterum
1243 1499 1389 1554 dicta
1415 1509 1472 1555 et
1497 1499 1638 1554 facta
1667 1499 1779 1555 sint
1811 1517 1826 1553 :
1854 1499 2013 1555 vide-

428 1582 611 1638 bimus
647 1585 796 1642 enim
825 1587 881 1641 in
906 1587 1015 1644 illis
1046 1590 1216 1644 altum
1260 1590 1541 1661 religionis
1583 1598 1785 1646 nostra:
1806 1599 2011 1663 myste-

425 1674 592 1738 rium,
635 1675 741 1731 hoc
777 1685 863 1732 est
908 1678 1211 1746 Christum,
1258 1681 1431 1735 veluti
1463 1682 1521 1735 in
1550 1681 1690 1753 typis
1732 1682 2012 1754 sapienter

426 1765 833 1836 artificioseque
885 1768 1293 1824 adumbratum.
1341 1770 1690 1827 Inveniemus
1746 1780 2008 1842 praeterea

425 1851 599 1907 divini
640 1856 859 1911 consilii
904 1858 1195 1924 rationem,
1254 1858 1571 1916 difﬁcultate
1609 1861 1832 1931 quidem
1875 1878 2017 1919 non-
2048 1844 2090 1899 Β

423 1941 577 1997 nulla
595 1945 918 2014 involutam,
934 1949 1029 2004 sed
1050 1966 1161 2004 non
1179 1950 1236 2004 in
1256 1952 1577 2007 universum
1590 1952 1885 2008 obscuram
1897 1955 2018 2026 ejus

423 2032 877 2093 declarationem.
930 2040 1007 2095 De
1050 2040 1220 2096 Jacob
1248 2041 1433 2111 itaque
1472 2058 1692 2098 rursum
1723 2059 1906 2100 sermo
1927 2046 2017 2101 in-

423 2124 703 2192 stituetur,
732 2136 788 2183 et
816 2145 925 2199 quo
950 2138 1111 2201 pacto
1132 2139 1303 2186 totam
1330 2132 1500 2188 vitam
1524 2135 1851 2206 transegerit
1886 2153 2016 2207 per-

422 2229 739 2285 sequemur,
762 2221 1040 2291 totiusque
1060 2224 1399 2289 oeconomiae,
1417 2227 1749 2297 evangelica:
1766 2229 2012 2299 inquam,

423 2305 653 2377 figuram
690 2311 864 2366 veluti
892 2314 949 2367 in
971 2314 1090 2385 ipso
1127 2314 1199 2369 ob
1237 2316 1430 2370 oculos
1450 2332 1749 2386 ponemus;
1772 2318 2013 2377 ﬂoridis-

421 2398 592 2454 simos
621 2416 870 2472 quosque
891 2404 1136 2461 historiae
1152 2423 1336 2463 ramos
1377 2408 1552 2463 instar
1578 2425 1742 2480 apum
1769 2414 2014 2482 pervoli-

422 2496 619 2551 tantes.
643 2494 866 2563 etquod
891 2495 945 2550 in
972 2496 1205 2568 singulis
1227 2498 1574 2565 conducibile
1590 2502 1777 2570 fuerit,
1804 2504 1874 2559 ad
1897 2520 2015 2561 ser-

421 2581 602 2637 monis
620 2584 1041 2653 explicationem
1074 2589 1487 2645 transferentes.
1514 2591 1572 2647 Si
1607 2609 1741 2649 vero
1762 2611 1876 2651 non
1897 2612 2015 2653 om-

419 2669 510 2723 nia
540 2669 604 2724 ad
650 2676 1172 2743 contemplationem
1223 2678 1609 2748 traducuntur,
1640 2699 1801 2739 nemo
1834 2685 2012 2743 offen-

420 2757 604 2825 datur,
669 2761 805 2816 illud
860 2779 1048 2819 secum
1090 2768 1337 2838 cogitans
1378 2770 1525 2838 quod
1577 2774 1840 2830 nonnulla
1884 2785 2014 2833 sunt

418 2850 641 2920 propria
702 2854 1108 2922 quodammodo
1136 2874 1350 2926 eorum,
1384 2863 1547 2932 118
1591 2879 1714 2933 qua:
1749 2865 2011 2925 historice

417 2939 562 2996 facta
586 2953 716 2999 sunt
757 2948 1057 3004 :nonnulla
1088 2965 1219 3006 vero
1256 2952 1322 3006 ad
1346 2940 1640 3012 interiores
1677 2972 1873 3014 sensus
1886 2974 2012 3030 per-

419 3030 615 3101 tinent,
637 3042 695 3091 et
724 3036 793 3092 ad
822 3040 1069 3111 mysterii
1099 3041 1210 3098 vim
1244 3044 1724 3102 transformantur.

487 3306 541 3361 2.
563 3306 840 3379 Scriptum
863 3310 1045 3382 itaque
1058 3329 1277 3369 rursum
1300 3324 1384 3372 est
1409 3316 1480 3373 ita
1509 3336 1521 3373 :
1549 3319 1860 3379 «Profectus
1881 3340 2013 3381 vero

417 3398 586 3455 Iacob
613 3400 749 3454 abiit
769 3400 825 3456 in
857 3411 1059 3457 terram
1083 3402 1328 3461 Orientis
1360 3407 1430 3462 ad
1468 3408 1677 3476 Laban,
1714 3412 1887 3467 ﬁlium
1908 3415 2012 3470 Ba-

422 3489 627 3545 tbuelis
652 3490 794 3562 Syri,
814 3491 1040 3548 fratrem
1062 3495 1345 3563 Rebeccae,
1371 3501 1562 3556 matris
1580 3503 1749 3559 Jacob
1775 3515 1829 3561 et
1845 3506 2009 3562 Esau:

419 3591 477 3637 et
504 3583 674 3648 videt,
702 3591 759 3637 et
779 3599 907 3640 ecce
941 3597 1141 3657 puteus
1171 3589 1228 3644 in
1273 3607 1423 3663 agro.
1473 3595 1641 3651 Erant
1686 3606 1870 3653 autem
1902 3600 2014 3659 illic

420 3685 536 3729 tres
555 3690 749 3746 greges
764 3677 950 3731 ovium
977 3681 1388 3750 requiescentes
1408 3686 1464 3740 in
1489 3702 1574 3742 eo.
1599 3689 1734 3745 Nam
1754 3708 1822 3746 ex
1843 3705 2012 3763 puteo

418 3764 513 3819 illo
536 3765 953 3836 adaquabantur
980 3785 1199 3840 pecora.
1223 3772 1387 3844 Lapis
1427 3786 1610 3833 autem
1637 3796 1866 3852 magnus
1895 3794 2013 3840 erat

418 3874 587 3930 super
618 3876 681 3915 os
708 3862 881 3932 putei,
913 3873 970 3919 et
1016 3868 1491 3938 congregabantur
1539 3873 1653 3930 illic
1686 3879 1868 3934 omnia
1909 3896 2008 3951 pe-

417 3967 567 4018 cora,
617 3961 673 4007 et
705 3956 1063 4012 revolvebam
1098 3958 1337 4029 lapidem
1378 3963 1448 4018 ab
1469 3979 1565 4020 ore
1591 3968 1763 4037 putei,
1813 3979 1866 4026 et
1906 3972 2008 4027 ad-

417 4044 693 4133 aquabant
721 4061 872 4113 oves,
913 4057 969 4103 et
1010 4067 1233 4107 rursum
1276 4057 1619 4126 reponebant
1645 4060 1883 4133 lapidem
1911 4081 2008 4121 su-

416 4128 516 4203 [fer
538 4150 600 4190 os
636 4138 786 4205 putei
825 4141 882 4193 in
925 4141 1110 4196 locum
1158 4159 1342 4201 suum.
1385 4149 1535 4204 Dixit
1572 4128 1757 4209 autem
1792 4157 1901 4214 illis
1918 4159 2009 4215 Ja-

416 4224 553 4278 cob:
579 4225 819 4293 Fratres,
852 4230 998 4286 unde
1027 4233 1163 4288 estis
1192 4237 1326 4290 vos?
1356 4238 1438 4293 Illi
1477 4251 1660 4297 autem
1702 4245 1962 4305 dixerunt
1989 4270 2002 4305 :

416 4314 497 4407 lix
522 4314 789 4373 Cbarran.
818 4320 909 4376 Ait
949 4331 1132 4380 autem
1157 4326 1268 4383 illis
1306 4348 1319 4383 :
1368 4330 1646 4403 Numquid
1676 4340 2007 4407 cognoscitis

417 4406 604 4469 Laban
636 4410 807 4466 filium
833 4414 1088 4471 Nachor?
1130 4418 1212 4476 Illi
1251 4428 1431 4477 autem
1467 4422 1726 4482 dixerunt
1751 4406 1766 4481 ξ
1793 4427 2008 4499 Como-

2122 766 2229 845 θὼν
2260 766 2513 839 πέπρακε
2538 768 2716 822 πάντα
2742 769 2843 823 ὅσα
2865 764 2979 838 εἶχε
2995 811 3011 834 ,
3036 773 3131 823 καὶ
3171 770 3442 842 ἠγόρασεν
3467 773 3648 825 αὐτόν.
3683 772 3713 824 »“

2133 857 2452 925 Ἀναγκαῖον
2498 857 2565 930 δὴ
2592 854 2685 912 οὖν
2716 856 3211 930 προαναζητείσθαι
3254 861 3385 931 παρ’
3418 861 3579 932 ἡμῶν
3605 879 3711 915 κα-

2119 947 2244 1011 λοὺς
2283 951 2650 1022 μαργαρίτας.
2682 951 3002 1022 Εὐρήσομεν
3039 950 3148 1022 γὰρ
3189 950 3287 1004 ὡδὶ
3347 950 3440 1005 τὸν
3476 951 3573 1004 ενα
3617 955 3714 1006 καὶ

2120 1041 2413 1113 πολύτιμον
2440 1043 2804 1115 μαργαρίτην,
2829 1042 3101 1108 τουτέστι,
3139 1042 3395 1114 Χριστόν.
3425 1044 3538 1097 Kal
3561 1044 3713 1109 τίνες

2118 1135 2187 1189 ἂν
2218 1131 2327 1189 εἷεν
2352 1137 2400 1189 οἱ
2428 1135 2583 1189 καλοὶ
2622 1138 2977 1208 μαργαρῖται,
3016 1136 3108 1189 καὶ
3141 1135 3466 1208 ἁξιόληπτον
3494 1135 3712 1207 ἔχοντες

2116 1226 2309 1297 κτῆσιν
2346 1219 2421 1280 ὧν
2451 1229 2485 1298 η
2520 1226 2766 1297 ζήτησις,
2793 1228 2873 1291 είς
2908 1226 3074 1297 μέσον
3106 1228 3229 1296 ἄγει
3266 1227 3359 1280 τὸν
3392 1227 3507 1292 ἕνα,
3540 1228 3710 1297 φαὶητ

2117 1321 2183 1376 ἂν
2217 1323 2397 1392 πάντη
2432 1337 2493 1374 τε
2528 1322 2623 1375 καὶ
2664 1319 2882 1383 πάντως
2921 1320 2971 1372 οἱ
3000 1318 3168 1387 ἅγιοι,
3215 1319 3342 1389 περὶ
3367 1312 3444 1372 ὧν
3488 1318 3710 1390 εἴρηται

2113 1414 2200 1467 διὰ
2233 1414 2516 1485 προφήτου
2565 1412 2773 1482 φωνῆς,
2821 1413 2905 1466 ὃτι
2957 1429 2976 1462 ι
3027 1410 3180 1464 Λίθοι
3219 1409 3366 1480 ἆγιοι
3412 1410 3710 1465 κυλιῶνται

2114 1506 2208 1558 ἐπὶ
2236 1507 2337 1575 τῆς
2372 1506 2496 1575 γῆς.
2544 1522 2563 1555 ι
2614 1500 3067 1557 Ἐκσασανιστέον
3104 1501 3170 1573 δὴ
3225 1496 3318 1555 οὖν
3357 1498 3417 1555 εὖ
3448 1501 3595 1572 μάλα
3636 1502 3712 1557 τὰ

2114 1597 2199 1665 ἐφ’
2245 1596 2463 1667 ἑκάστῳ
2498 1594 2736 1666 μάλιστα
2776 1594 2885 1649 τῶν
2925 1593 3296 1668 ἀρχαιοτέρων
3338 1594 3606 1666 εἰρημένα
3646 1612 3710 1650 τε

2113 1689 2206 1741 καὶ
2235 1687 2626 1761 πεπραγμένα.
2658 1685 3024 1757 Κατοψόμεθα
3047 1685 3156 1756 γὰρ
3189 1686 3248 1738 ἐν
3272 1684 3457 1747 αὐτοῖς
3483 1684 3545 1736 τὸ
3566 1684 3708 1755 βαθὺ

2116 1778 2217 1849 τῆς
2246 1778 2530 1842 εὐσεϐείας
2554 1780 2851 1850 μυστήριον
2870 1819 2884 1844 ,
2914 1778 3198 1843 τουτέστι,
3232 1777 3504 1850 Χριστὸν,
3536 1776 3613 1840 ὡς
3647 1779 3713 1834 ἐν

2116 1870 2309 1935 τύποις
2361 1870 2442 1924 ἔτι
2489 1869 2669 1939 σοφῶς
2715 1870 2809 1924 καὶ
2850 1870 3113 1940 ἐντέχνως
3164 1866 3699 1941 σκιαγραφούμενον.

2120 1963 2441 2035 Εὐρήσομεν
2468 1962 2524 2016 δὲ
2556 1962 2692 2033 πρὸς
2715 1961 2909 2033 τούτῳ,
2949 1961 3043 2014 καὶ
3067 1959 3166 2031 τὴν
3204 1961 3263 2014 ὲν
3289 1959 3439 2031 αὐτῷ
3475 1960 3709 2030 νοουμέ-

2117 2072 2213 2123 νην
2234 2054 2547 2126 οἰκονομίαν
2566 2096 2581 2120 ,
2610 2052 2903 2122 ἁσαφείαις
2940 2052 3039 2123 μέν
3076 2068 3186 2106 τισι
3208 2050 3707 2122 κατεσκιασμένην,

2119 2146 2256 2218 πλὴν
2289 2148 2391 2201 οὐκ
2426 2148 2507 2211 εις
2534 2146 2681 2201 ἅπαν
2717 2144 3017 2216 ἀσυμφανῆ
3048 2144 3147 2216 τὴν
3179 2143 3522 2215 παράδειξιν.
3562 2143 3710 2214 Προ-

2115 2240 2358 2293 κείσεται
2383 2239 2440 2293 δὲ
2471 2239 2549 2310 τῷ
2579 2237 2723 2309 λόγῳ
2754 2238 2849 2291 καὶ
2879 2236 2996 2303 νῦν,
3024 2236 3095 2290 τὰ
3121 2235 3261 2290 κατὰ
3296 2235 3390 2289 τὸν
3417 2234 3710 2289 θεσπέσιον

2129 2328 2346 2395 Ἰακὼϐ,
2374 2329 2522 2393 ὅπως
2548 2346 2608 2381 τε
2633 2328 2725 2382 καὶ
2756 2327 2878 2382 τίνα
2907 2330 3110 2400 τρόπον
3140 2326 3361 2393 διεϐίω,
3402 2326 3707 2392 λελέξεται.

2117 2424 2222 2476 Kal
2247 2422 2307 2475 τὸ
2334 2422 2521 2493 σχῆμα
2554 2412 2659 2491 ’τῆς
2695 2420 2826 2491 ὅλης
2857 2419 3189 2491 οἰκονομίας,
3218 2419 3364 2491 φημὶ
3389 2418 3456 2489 δὴ
3483 2418 3585 2489 τῆς
3612 2417 3715 2471 εὗ-

2114 2514 2428 2585 αγγελικῆς,
2458 2514 2535 2578 ὡς
2559 2514 2619 2567 ὲν
2650 2512 2802 2585 αὐτῷ
2838 2513 3205 2583 διαδείξομεν,
3236 2512 3304 2566 τὰ
3334 2512 3434 2583 τῆς
3462 2511 3709 2584 ἱστορίας

2114 2607 2479 2661 εὐανθέστατα
2517 2606 2784 2678 μελιττῶν
2827 2605 2985 2675 δίκην
3027 2603 3487 2674 περιιπτάμενοι,
3518 2601 3709 2656 καὶτὸ

2114 2700 2197 2767 ἐφ’
2219 2698 2453 2751 ἑκάστου
2486 2697 2780 2768 χρήσιμον,
2813 2697 2895 2760 είς
2926 2695 3027 2766 τὴν
3052 2694 3147 2748 τοῦ
3183 2694 3344 2763 λόγου
3376 2693 3708 2765 δωσὰφησιν

2114 2789 2549 2858 συναγείροντες.
2606 2788 2672 2842 Et
2716 2786 2774 2840 δὲ
2812 2785 2876 2856 δή
2935 2785 3011 2856 μὴ
3055 2785 3234 2841 πάντα
3275 2787 3399 2849 ταῖς
3447 2783 3709 2855 θεωρίαις

2111 2879 2436 2950 εἰσκρίνοιτο
2467 2877 2536 2931 τὰ
2561 2876 2692 2948 περὶ
2717 2875 2882 2930 αὐτοῦ
2912 2876 3297 2947 γεγραμμένα,
3330 2874 3708 2945 χαλεπαινέτω

2115 2970 2325 3040 μηδεὶς,
2354 2970 2529 3022 έκεῖνο
2561 2966 3039 3039 διενθυμούμενος,
3069 2966 3146 3030 ὼς
3174 2965 3242 3020 τὰ
3283 2966 3382 3037 μέν
3413 2969 3560 3020 ὲστιν
3594 2966 3713 3021 ίδιω

2111 3058 2311 3128 τρόπον
2339 3056 2482 3122 τινὰ,
2509 3056 2618 3110 τῶν
2649 3051 3297 3127 ίστορικῶςγεγονότων,
3328 3056 3398 3110 τὰ
3424 3056 3482 3109 δὲ
3511 3056 3608 3108 καὶ
3633 3054 3705 3109 δι’

2111 3149 2332 3204 ἐννοιῶν
2359 3150 2466 3203 τῶν
2499 3150 2759 3202 ἐσωτάτω
2787 3151 2975 3220 χωρεῖ,
3009 3148 3102 3204 καὶ
3136 3150 3217 3213 είς
3243 3148 3344 3220 τὴν
3369 3146 3464 3202 τοῦ
3498 3164 3709 3220 μυστιης⁵

2117 3241 2233 3313 ρίου
2264 3241 2659 3314 διαμορφοῦται
2686 3238 2939 3311 δύναμιν.

2187 3333 2252 3403 β’.
2282 3333 2598 3406 Γέγραπται
2624 3332 2803 3389 τοίνυν
2845 3332 2942 3386 ὡδὶ
2971 3331 3154 3398 πάλιν,
3186 3331 3329 3387 «Καὶ
3356 3330 3557 3403 ἐξάρας
3596 3331 3708 3385 Ἰα-

2114 3421 2230 3476 κὼϐ
2263 3424 2391 3487 τοὺς
2424 3423 2627 3490 πόδας,
2655 3423 2928 3495 ἐπορεύθη
2967 3424 3048 3487 εἰς
3079 3424 3182 3492 γῆν
3215 3420 3511 3487 ἀνατολῶν,
3563 3421 3707 3492 πρὸς
3811 3439 3819 3445 δ

2113 3512 2300 3567 Λάὸαν
2345 3513 2436 3567 τὸν
2474 3513 2588 3568 υἱὸν
2643 3513 2890 3584 Βαθουὴλ
2937 3512 3033 3566 τοῦ
3098 3512 3307 3583 Σύρου,
3361 3511 3592 3582 ἀδελφὸν
3643 3512 3707 3565 δὲ

2125 3605 2418 3669 Ῥεϐέκκας
2456 3606 2666 3677 μητρὸς
2704 3603 2898 3659 Ἰακὼϐ
2938 3604 3033 3658 καὶ
3075 3602 3269 3657 Ἠσαῦ.
3303 3603 3414 3656 Kal
3447 3603 3568 3675 ὁρᾷ,
3606 3605 3705 3657 καὶ

2116 3697 2224 3750 ἰδοὺ
2255 3697 2434 3769 φρέαρ
2457 3697 2513 3750 ἐν
2542 3695 2620 3767 τῷ
2648 3697 2836 3768 πεδίῳ.
2866 3696 2977 3750 Kal
2999 3690 3140 3767 ἦσαν
3166 3695 3285 3748 ἐκεῖ
3312 3694 3441 3766 τρία
3468 3694 3707 3766 ποίμνια

2112 3789 2399 3861 προϐάτων
2449 3787 2840 3857 ἀναπαυόμενα
2893 3786 2980 3840 ἐπ’
3036 3786 3225 3841 αὐτοῦ.
3286 3787 3386 3841 Ἐκ
3438 3786 3549 3857 γὰρ
3601 3784 3703 3840 τοῦ

2112 3882 2345 3954 φρέατος
2384 3880 2592 3935 ἐκείνου
2634 3878 2883 3942 ὲπότιζον
2928 3878 2999 3932 τὰ
3047 3877 3299 3948 ποίμνια.
3342 3875 3504 3940 Δίθος
3540 3875 3598 3930 δὲ
3631 3871 3704 3948 ἦν

2114 3974 2287 4046 μέγας
2325 3973 2418 4027 ἐπὶ
2439 3971 2521 4043 τῷ
2556 3971 2789 4041 στόματι
2830 3968 2926 4023 τοῦ
2968 3969 3225 4041 φρέατος,
3263 3968 3356 4022 καὶ
3402 3968 3702 4040 συνήγοντο

2111 4065 2227 4117 ἐκεῖ
2257 4062 2433 4116 πάντα
2472 4061 2541 4115 τὰ
2569 4060 2818 4131 ποίμνια,
2842 4060 2938 4113 καὶ
2977 4058 3271 4114 ἀπεκύλιον
3299 4059 3391 4112 τὸν
3422 4058 3568 4112 λίθον
3588 4057 3702 4112 ἀπὸ

2106 4155 2201 4209 τοῦ
2228 4155 2492 4226 στόματος
2512 4152 2607 4207 τοῦ
2631 4153 2865 4226 φρέατος
2884 4193 2898 4218 ,
2924 4152 3019 4205 καὶ
3044 4152 3297 4217 ὲπότιζον
3330 4151 3401 4206 τὰ
3426 4149 3696 4220 πρόϐατα,

2107 4248 2203 4301 καὶ
2224 4245 2606 4300 ἀποκαθίστων
2626 4244 2717 4299 τόν
2739 4243 2885 4297 λίθον
2913 4244 3006 4298 ἐπὶ
3028 4243 3091 4295 τὸ
3117 4243 3292 4314 στόμα
3315 4240 3409 4295 τοῦ
3436 4241 3692 4313 φρέατος,

2107 4339 2185 4402 είς
2222 4338 2311 4390 τὸν
2335 4338 2500 4391 τόπον
2533 4336 2719 4391 αὑτοῦ.
2758 4331 2894 4389 Εἷπε
2929 4335 2987 4388 δὲ
3022 4335 3207 4398 αὐτοῖς
3252 4331 3475 4388 Ἰακώόο
3516 4331 3701 4385 Ἀδελ-

2107 4431 2217 4498 φοὶ,
2242 4430 2406 4483 πόθεν
2429 4429 2553 4482 ἐστὲ
2578 4430 2770 4498 ὑμεῖς;
2799 4430 2863 4483 Ol
2888 4428 2944 4481 δὲ
2968 4424 3141 4493 εἷπον,
3168 4428 3233 4480 ἐκ
3253 4426 3477 4498 Χαρράν
3504 4426 3693 4496 ἐσμεν.

417 4500 642 4557 scimus.
691 4503 989 4561 Aitautem
1022 4508 1180 4564 illis:
1228 4511 1396 4569 Estne
1438 4514 1645 4571 sanus?
1680 4516 1765 4573 Illi
1814 4527 1999 4575 autem

2117 4523 2174 4577 '0
2204 4522 2261 4576 δὲ
2292 4516 2445 4574 εἶπεν
2469 4521 2652 4584 αὐτοῖς
2672 4535 2686 4549 '
2722 4519 3028 4574 Γινώσκετε
3073 4518 3258 4573 Λάὸαν
3291 4518 3390 4571 τὸν
3424 4517 3539 4570 υἱὸν
3571 4517 3692 4571 Να-

417 4591 713 4648 dixerunt:
742 4595 919 4651 Sanus
944 4607 1051 4665 est.
1068 4601 1137 4656 Et
1164 4617 1293 4659 ecce
1323 4604 1528 4661 Rachel
1563 4608 1673 4672 tilia
1703 4608 1825 4680 ejus
1847 4613 1999 4669 venit

415 4696 539 4739 enm
567 4682 766 4739 ovrbus
794 4686 966 4754 patris
1010 4689 1118 4743 sui.
1167 4692 1237 4746 Et
1262 4693 1403 4748 dixit
1442 4695 1524 4750 eis
1549 4696 1718 4754 Jacob
1747 4717 1763 4753 :
1803 4701 2001 4761 Adhuc

414 4772 648 4827 multum
673 4772 782 4828 diei
807 4786 1079 4847 superest,
1101 4796 1205 4836 nec
1227 4792 1311 4837 est
1343 4792 1558 4855 tempus
1576 4796 1637 4843 ut
1667 4789 2001 4851 reducantur

412 4864 479 4917 ad
504 4866 687 4920 caulas
709 4882 917 4938 greges.
935 4868 1219 4941 Adaquate
1242 4889 1391 4940 oves,
1412 4885 1467 4931 et
1482 4880 1750 4937 abeuntes
1769 4885 1996 4954 pascite.

411 4958 514 5024 Qui
559 4958 852 5015 dixerunt:
894 4961 1013 5017 Non
1065 4979 1353 5034 possemus
1391 4970 1567 5028 donec
1596 4989 1998 5050 congregemur

412 5064 603 5106 omnes
633 5059 899 5120 pastores,
954 5061 1011 5109 et
1061 5057 1604 5132 revolvantlapidem
1632 5081 1662 5121 a
1702 5077 1888 5137 puteo,
1943 5080 2001 5127 et

411 5142 746 5213 adaqucmus
765 5160 914 5202 oves.
942 5146 1137 5203 Adhuc
1174 5165 1242 5205 eo
1274 5151 1533 5223 loquente
1568 5157 1696 5225 illis,
1721 5175 1851 5216 ecce
1883 5150 1997 5219 Ra-

412 5233 535 5289 cliel
558 5233 666 5288 ﬁlia
699 5233 885 5290 Laban
899 5238 1156 5294 veniebat
1178 5257 1304 5295 cum
1331 5244 1529 5301 ovibus
1550 5248 1721 5317 patris
1740 5252 1847 5306 sui.
1870 5253 1996 5311 Haec

410 5325 557 5381 enim
586 5327 844 5396 pascebat
862 5344 994 5384 oves
1022 5333 1192 5401 patris
1230 5335 1334 5391 sui.
1375 5335 1599 5393 Factum
1618 5349 1703 5396 est
1727 5353 1909 5400 autem
1934 5356 1997 5403 ut

305 5464 312 5470 .
409 5414 735 5475 vistJacob
759 5420 961 5477 Rachel
984 5422 1149 5480 ﬁliam
1183 5426 1367 5483 Laban
1406 5428 1592 5486 fratris
1631 5435 1822 5492 matris
1854 5452 1986 5504 suae,

410 5519 468 5564 et
502 5510 770 5587 accedens
815 5513 1046 5568 revolvit
1080 5516 1318 5587 lapidem
1353 5521 1423 5575 ab
1449 5538 1546 5578 ore
1579 5526 1754 5595 putei,
1802 5536 1858 5582 et
1898 5529 1996 5584 ad-

411 5601 634 5671 aquavit
657 5616 790 5657 oves
816 5602 1000 5659 Laban
1024 5605 1208 5663 fratris
1236 5611 1425 5667 matris
1453 5628 1583 5668 sum.
1624 5615 1693 5669 Et
1712 5617 1993 5676 osculatus

472 5782 529 5855 f7
563 5781 753 5839 Matth.
781 5801 893 5854 xui,
924 5787 1010 5853 45,
1042 5770 1125 5843 46.
1202 5792 1247 5824 ’⁸
1283 5791 1513 5851 Zachar.
1543 5812 1618 5865 ιτ,
1648 5796 1732 5852 l6.

2096 4616 2242 4697 χώρ;
2283 4616 2347 4668 Οἱ
2382 4614 2438 4668 δὲ
2468 4610 2649 4668 εἷπονο
2682 4613 3049 4684 Γινώσκομεν.
3096 4613 3155 4666 '0
3181 4612 3238 4666 δὲ
3270 4606 3422 4665 εἶπεν
3464 4610 3650 4673 αὐτοῖς
3671 4623 3690 4639 ⁵

2109 4707 2406 4778 ⁹Υγιαίνει;
2432 4708 2482 4760 οί
2510 4706 2565 4760 δὲ
2603 4701 3082 4773 εἷπον-Ὑγιαίνει.
3124 4704 3237 4758 Καὶ
3268 4704 3378 4758 ἰδοὺ
3416 4701 3620 4774 Ῥαχὴλ
3652 4701 3688 4773 ἠ

2098 4799 2344 4869 θυγάτηρ
2398 4796 2562 4850 αὐτοῦ
2617 4796 2817 4867 ἤρχετο
2866 4795 3004 4866 μετὰ
3051 4794 3160 4848 τῶν
3214 4793 3525 4866 προϐάτων.
3579 4792 3693 4846 Καὶ

2098 4886 2250 4943 εἶπεν
2308 4888 2533 4942 Ἰακώϐ·
2562 4889 2683 4942 Ἔτι
2713 4888 2858 4942 ἐστὶν
2904 4887 3088 4961 ἡμέρα
3133 4886 3323 4958 πολλὴ,
3378 4884 3537 4939 οὔπω
3569 4884 3690 4957 ὥρα

2100 4979 2435 5051 συναχθῆναι
2482 4978 2549 5032 τὰ
2591 4972 2782 5051 κτήνηξ
2831 4977 3107 5031 Ποτίσατε
3145 4975 3215 5029 τὰ
3266 4973 3552 5045 πρόϐατα,
3593 4974 3688 5028 καὶ

2098 5072 2424 5135 ἀπελθόντες
2456 5072 2701 5142 βόσκετε.
2722 5072 2787 5123 Oi
2808 5069 2865 5123 δὲ
2892 5064 3077 5122 εἵπονο
3104 5067 3180 5121 Οὐ
3215 5064 3559 5136 δυνησόμεθα
3581 5065 3687 5127 ἓως

2097 5163 2192 5218 τοῦ
2228 5162 2559 5235 συναχθῆναι
2603 5163 2813 5225 πάντας
2851 5160 2979 5223 τοὺς
3012 5157 3305 5229 ποιμένας,
3343 5157 3440 5210 xal
3472 5157 3685 5209 ἀποκυ-

2097 5254 2303 5308 λίσουσι
2332 5254 2423 5307 τὸν
2453 5253 2598 5306 λίθον
2627 5252 2734 5307 ἀπὸ
2758 5250 2851 5305 τοῦ
2886 5251 3153 5322 στόματος
3186 5247 3285 5302 τοῦ
3312 5246 3564 5320 φρέατος,
3587 5247 3684 5298 καὶ

2099 5346 2391 5417 ποτιοῦμεν
2421 5345 2582 5399 αὐτά.
2638 5346 2758 5398 Ἔτι
2803 5343 2969 5397 αὑτοῦ
3010 5340 3296 5404 λαλοῦντος
3336 5340 3552 5402 αὐτοῖς,
3587 5337 3683 5392 καὶ

2108 5438 2305 5510 Ῥαχὴλ
2335 5440 2368 5511 ὴ
2405 5438 2651 5509 θυγάτηρ
2682 5437 2865 5493 Δάδαν
2909 5436 3107 5508 ἤρχετο
3141 5432 3280 5504 μετὰ
3327 5432 3437 5485 τῶν
3472 5429 3681 5501 προϐά-

2093 5548 2201 5585 των
2225 5529 2320 5584 τοῦ
2348 5529 2555 5600 πατρὸς
2582 5529 2772 5600 αὐτῆς.
2806 5528 2954 5596 Αὕτη
2986 5526 3096 5597 γὰρ
3119 5525 3310 5578 έὸοσκε
3336 5523 3406 5577 τὰ
3429 5521 3681 5594 πρόϐατα

2093 5622 2186 5678 τοῦ
2222 5623 2432 5695 πατρὸς
2467 5624 2659 5696 αὐτῆς.
2701 5621 2949 5693 Ἐγένετο
2973 5621 3030 5676 δὲ
3057 5621 3134 5687 ὡς
3180 5616 3292 5675 εἶδε
3339 5614 3537 5674 ἰακὼε
3576 5617 3682 5691 τὴν
