4032 6198
309 229 406 292 193

1331 221 1850 281 GLAPIIYRORUM
1891 221 1958 277 IN
1999 221 2300 279 GENESIM
2347 221 2475 278 LIB.
2517 221 2606 276 IV.

3476 229 3581 288 ιιιι

313 349 515 422 Ῥαχὴλ
545 344 825 417 θυγατέρα
854 343 1038 398 Λάϐαν
1075 341 1304 412 ἀδελφοῦ
1329 343 1428 413 τῆς
1466 342 1672 413 μητρὸς
1687 340 1888 404 ἀὺτοῦ,

1993 349 2076 394 est
2098 339 2267 394 Jacob
2289 339 2490 393 Rachel
2524 356 2536 392 :
2561 347 2616 394 et
2650 338 2894 393 clamans
2918 352 3049 393 voce
3075 354 3194 404 sua,
3225 339 3391 406 ﬂevit,
3417 352 3472 397 et
3489 345 3578 400 in-

303 442 394 495 καὶ
421 436 738 510 προσελθὼν
758 434 1058 488 ἀπεκύλισε
1081 433 1173 486 τὸν
1198 433 1345 486 λίθον
1377 432 1484 486 ἀπὸ
1509 433 1602 486 τοῦ
1630 432 1896 502 στόματος

301 530 394 585 τοῦ
425 529 698 601 φρέατος,
737 527 832 578 καὶ
885 524 1103 578 ὲπότισε
1151 524 1218 576 τὰ
1268 523 1514 594 πρόϐατα
1567 522 1751 576 Λάϐαν
1801 521 1896 575 τοῦ

269 619 532 690 ἀδελφοῦ
558 618 660 688 τῆς
691 616 899 687 μητρὸς
931 614 1116 669 αὑτοῦ.
1147 615 1258 668 Καὶ
1282 615 1538 683 ἐφίλησεν
1573 613 1767 667 Ἰακὼϐ
1797 613 1897 683 τὴν

311 711 536 781 Ῥαχὴλ,
588 708 684 762 καὶ
720 708 921 778 βοήσας
951 709 1018 776 τῇ
1060 709 1210 776 φωνῇ
1255 704 1421 758 αὐτοῦ
1443 746 1458 769 ,
1495 705 1758 772 ἐκλαυσε,
1804 707 1898 758 καὶ

302 802 608 876 ἀπήγγειλε
637 805 704 871 τῇ
745 799 947 870 Ῥαχὴλ
974 799 1059 851 ὅτι
1093 797 1408 866 ἀδελφιδοῦς
1437 798 1533 852 τοῦ
1565 799 1770 870 πατρὸς
1801 800 1896 851 αὑ-

301 898 418 967 τῆς,
477 895 574 948 καὶ
617 895 700 946 ὅτι
736 892 852 954 υίὸς
923 888 1218 953 Ῥεϐέκκας
1254 889 1392 944 ἐστί.
1451 890 1562 942 Καὶ
1607 890 1893 961 δραμοῦσα

301 986 604 1056 ἀπήγγειλε
639 984 715 1054 τῷ
752 983 923 1054 πατρὶ
955 983 1148 1050 αὐτῆς.
1181 982 1319 1035 κατὰ
1350 986 1418 1036 τὰ
1449 983 1666 1052 ῥήματα
1700 983 1892 1036 ταῦτα.

317 1077 562 1145 Ἐγένετο
600 1075 656 1127 δὲ
687 1074 762 1136 ὡς
806 1075 1003 1144 ἢκουσε
1034 1069 1219 1124 Λάϐαν
1260 1071 1319 1122 τὸ
1356 1069 1525 1140 ὄνομα
1571 1069 1762 1122 Ἰακὼϐ
1801 1068 1894 1122 τοῦ

307 1167 429 1220 υἱοῦ
457 1169 553 1237 τῆς
582 1165 816 1234 ἀδελφῆς
846 1161 1034 1224 αὐτοῦ,
1070 1162 1300 1231 ἔδραμεν
1328 1162 1405 1224 εἰς
1437 1161 1761 1230 συνάντησιν
1794 1161 1893 1213 αὑ-

306 1257 422 1320 τοῦ,
454 1258 546 1310 καὶ
575 1252 886 1326 περιλαϐὼν
905 1252 1088 1316 αὑτὸν,
1105 1251 1349 1320 ἐφίλησε,
1375 1251 1469 1303 καὶ
1491 1251 1784 1320 εἰσήγαγεν
1807 1250 1897 1303 αῦ-

305 1348 395 1401 τὺν
445 1346 526 1408 είς
567 1345 656 1397 τὸν
690 1340 840 1397 οἷκον
887 1341 1081 1404 αὑτοῦ,
1125 1342 1218 1394 καὶ
1250 1341 1547 1411 διηγήσατο
1586 1341 1662 1409 τῷ
1711 1340 1894 1395 Λάϐαν

306 1437 515 1498 πάντας
551 1436 675 1491 τοὺς
706 1433 903 1501 λόγους
935 1431 1179 1494 τούτους,
1213 1432 1306 1484 καὶ
1335 1426 1486 1482 εἶπεν
1513 1430 1661 1500 αὐτῷ
1684 1431 1890 1484 Λάϐαν·

307 1549 326 1582 ο
352 1531 446 1584 Ἐκ
467 1528 577 1581 τῶν
605 1527 782 1580 ὀστῶν
811 1543 912 1596 μου
936 1527 1028 1578 καί
1046 1527 1109 1577 ἐκ
1132 1525 1239 1577 τῶν
1270 1523 1486 1595 σαρκῶν
1515 1520 1564 1576 εἶ
1586 1524 1670 1577 σύ.
1687 1543 1705 1574 ι
1741 1524 1892 1577 Μετά

301 1622 400 1690 τὴν
457 1617 738 1688 ἐξαίρετον
792 1617 1006 1686 ἐκείνην
1057 1615 1314 1668 θεοπτίαν
1373 1616 1467 1668 καὶ
1518 1613 1888 1684 ἀποκάλυψιν

1999 432 2203 488 dicavit
2244 431 2468 495 Rachel,
2497 430 2643 500 quod
2699 430 2867 484 frater
2911 429 3080 499 patris
3103 430 3184 484 sui
3225 440 3328 496 est,
3349 441 3405 487 et
3431 435 3578 502 quod

1999 523 2144 578 filius
2174 523 2436 578 Rebecca:
2459 531 2542 576 est
2570 539 2582 575 :
2619 529 2675 575 et
2707 536 2939 574 currens
2972 519 3244 574 nuntiavit
3272 523 3414 590 patri
3457 539 3577 586 suo,

1999 607 2303 673 secundum
2327 616 2495 670 verba
2519 616 2652 669 haec.
2679 615 2901 668 Factum
2938 623 3022 668 est
3044 626 3249 679 autem,
3277 624 3339 670 ut
3371 616 3581 670 audivit

1998 710 2182 764 Laban
2201 724 2400 762 nomen
2422 707 2589 762 Jacob
2623 706 2721 759 filii
2745 707 2950 760 sororis
2975 722 3108 769 suae,
3129 706 3374 760 cucurrit
3403 707 3460 761 in
3489 723 3582 761 oc-

1998 816 2221 855 cursum
2247 802 2386 870 ejus,
2406 807 2461 854 ct
2481 799 2798 868 complexus
2813 813 2939 852 eum
2969 799 3248 852 osculatus
3277 807 3380 864 est,
3415 810 3470 853 et
3492 800 3578 854 in-

1997 889 2152 944 duxit
2178 890 2331 943 illum
2361 889 2416 942 in
2454 887 2675 942 domum
2703 902 2879 949 suam,
2906 896 2960 941 et
2986 887 3227 941 narravit
3246 888 3428 942 Laban
3463 905 3582 943 om-

1995 979 2085 1034 nia
2111 979 2278 1033 verba
2312 979 2445 1033 haec.
2471 979 2538 1032 Et
2560 979 2695 1032 dixit
2724 978 2774 1032 ei
2814 978 3036 1032 Lahan:
3066 980 3145 1032 Ex
3169 979 3386 1034 ossibus
3419 981 3576 1044 meis,

1995 1080 2139 1124 etex
2169 1086 2333 1125 carne
2373 1086 2493 1126 mea
2514 1087 2575 1125 es
2602 1080 2659 1124 tu
2683 1072 2751 1122 θ’.
2794 1090 2812 1122 ι
2863 1072 2992 1125 Post
3019 1071 3273 1124 eximiam
3299 1073 3444 1125 illam
3482 1072 3578 1126 Dei

1994 1163 2262 1217 visionem
2322 1174 2487 1232 atque
2534 1163 2924 1217 revelationem
2969 1163 3128 1232 (vidit
3178 1164 3323 1217 enim
3374 1164 3578 1218 scalam

1994 1254 2395 1324 pertingentem
2442 1253 2509 1309 ad
2555 1254 2775 1318 caelum,
2824 1260 3058 1307 stantem
3109 1269 3241 1308 vero
3269 1254 3323 1307 in
3359 1270 3435 1308 ea.
3469 1255 3578 1308 Do-

1994 1346 2224 1411 minum,
2258 1355 2313 1401 et
2345 1363 2562 1401 sursum
2621 1362 2685 1401 ac
2724 1347 2980 1401 deorsum
3040 1357 3426 1416 percurrentes
3477 1364 3576 1402 an-

1993 1436 2161 1505 gelos,
2193 1437 2352 1506 119
2382 1436 2700 1506 audivitque
2737 1436 3044 1500 manifeste,
3093 1436 3240 1505 quod
3283 1437 3424 1491 Deus
3475 1438 3578 1507 ipsi

1992 1536 2138 1581 esset
2181 1527 2490 1592 adfuturus,
2537 1528 2791 1597 quodque
2830 1528 2884 1580 in
2920 1528 3237 1582 immensam
3267 1529 3578 1583 multitudi-

1991 1634 2115 1673 nem
2150 1620 2479 1689 pOpulorum
2526 1636 2712 1674 semen
2758 1634 2917 1673 suum
2963 1630 3362 1689 propagaturus
3383 1622 3576 1691 esset),

299 1711 555 1765 τεθέαται
587 1710 684 1780 μὲν
712 1709 822 1782 γὰρ
848 1709 1091 1779 κλίμακα
1119 1707 1408 1778 διήκουσαν
1433 1709 1511 1768 είς
1532 1707 1620 1761 τὸν
1644 1709 1890 1778 οὐρανὸν,

1997 1720 2184 1766 erecto
2217 1711 2396 1780 lapide
2431 1710 2486 1765 in
2517 1721 2703 1782 typum
2737 1709 2939 1766 Christi
2969 1728 2982 1764 :
3008 1720 3138 1766 tunc
3168 1711 3386 1765 demum
3423 1713 3577 1767 firma

301 1804 591 1875 ἐφεστῶτα
629 1803 686 1856 δὲ
713 1803 804 1855 τὸν
834 1798 1037 1872 Κύριον
1071 1802 1157 1854 ἐπ’
1192 1800 1364 1870 αὐτῆς
1383 1841 1396 1865 ,
1443 1802 1536 1854 καὶ
1571 1801 1683 1854 ἀνω
1711 1819 1769 1855 τε
1800 1801 1894 1854 καὶ

300 1897 451 1950 κάτω
482 1895 805 1957 διαθεόντας
845 1894 969 1958 τοὺς
1001 1893 1266 1960 ἀγγέλους
1291 1932 1305 1956 ,
1338 1893 1538 1963 ἤκουσέ
1571 1910 1627 1945 τε
1670 1893 1890 1961 σαφῶς,

298 1989 380 2040 ὅτι
404 1987 502 2040 καί
529 1985 785 2039 συνέσται
818 1984 952 2047 Θεὸς
978 1983 1148 2054 αὐτῷ,
1182 1983 1274 2036 καὶ
1303 1985 1378 2046 είς
1411 1983 1618 2054 πληθὺν
1648 1985 1891 2056 ἀμέτρηο

297 2096 390 2132 τον
423 2077 672 2132 ἀπλώσει
700 2075 846 2129 λαῶν
889 2075 952 2128 τὸ
991 2075 1217 2146 σπέρμα
1255 2074 1443 2129 αὐτοῦ.
1475 2076 1632 2129 Μετά
1673 2075 1732 2128 το
1762 2076 1892 2128 ἀνα-

301 2169 580 2240 στηλῶσαι
601 2168 694 2222 τὸν
723 2167 870 2220 λίθον
902 2168 980 2230 είς
1018 2165 1186 2219 τύπον
1208 2165 1468 2237 Χριστοῦ,
1502 2167 1624 2220 τότε
1657 2167 1743 2238 δὴ,
1771 2167 1892 2220 τότε

298 2259 744 2332 τεθαρρηκότως,
777 2259 872 2312 καὶ
911 2258 1310 2329 ἐρηρεισμένην
1341 2257 1481 2328 ἔχων
1509 2259 1602 2311 ἐπί
1633 2259 1753 2330 Θεῷ
1793 2258 1892 2331 τὴν

299 2351 396 2404 ἐπὶ⁸
426 2355 541 2414 τοῖς
580 2351 862 2421 ἐσομένοις
893 2349 1084 2402 ἐλπίδα
1105 2389 1119 2413 ,
1156 2349 1292 2420 πρὸς
1321 2350 1410 2403 τὸν
1441 2355 1540 2421 τῆς
1587 2351 1893 2420 ἀποδημίας

303 2441 509 2495 σκοπὸν
541 2441 898 2502 συντείνεται,
929 2441 1021 2493 καὶ
1053 2441 1133 2502 είς
1163 2439 1265 2510 γῆν
1302 2439 1611 2510 ἀφικνεῖται
1638 2441 1735 2513 τὴν
1757 2441 1894 2513 πρὸς

300 2534 388 2606 ἠῶ
417 2535 702 2605 κειμένην.
728 2534 840 2587 Καὶ
867 2532 1144 2605 γνώριμον
1167 2533 1327 2609 εὐθὺς
1360 2533 1680 2606 καθίστησιν
1702 2535 1893 2590 ἐαυτὸν

300 2628 523 2690 πολλοῖς
570 2628 669 2696 μὲν
708 2626 994 2697 ποιμέσιν,
1045 2625 1120 2687 ὡς
1167 2626 1248 2696 εῐη
1302 2643 1388 2690 τις
1434 2627 1528 2679 καὶ
1577 2628 1739 2690 αὐτὸς
1785 2628 1892 2683 τῶν

299 2721 445 2787 ἄγαν
474 2721 870 2790 ἐξησκημένων
900 2719 977 2782 εἰς
1003 2719 1387 2788 ποιμαντικήν.
1433 2718 1706 2790 Ἐντριϐἐς
1731 2719 1786 2772 δὲ
1811 2721 1893 2773 ὅτι

300 2813 496 2884 χῄμα
525 2812 680 2882 αὐτῷ
710 2811 942 2882 φανερὸν
974 2811 1264 2880 καθίστησι
1299 2811 1502 2878 λέγων’
1535 2829 1553 2862 ι
1593 2811 1714 2864 Ἔτι
1747 2812 1892 2866 ἐστὶν

301 2904 489 2974 ἡμέρα
538 2901 732 2971 πολλή.
792 2901 908 2954 Νῦν
967 2896 1058 2953 οὖν
1087 2936 1090 2939 -
1122 2901 1444 2962 ποτίσαντες
1492 2901 1559 2953 τά
1607 2899 1888 2970 πρόϐατα,

300 2995 639 3056 ἀπελθόντες
675 2992 919 3063 βόσκετε.
956 3010 976 3044 ι
1002 2989 1332 3062 Γνωρίζεται
1361 2989 1417 3043 δέ
1445 2989 1539 3042 καὶ
1561 2991 1626 3060 τῇ
1659 2988 1753 3042 τοῦ
1778 2988 1892 3042 Λά-

299 3087 401 3142 ϐαν
437 3086 678 3156 θυγατρὶ
710 3083 1035 3155 πρωτόλειον
1067 3082 1256 3154 ὥσπερ
1291 3098 1344 3134 τι
1384 3081 1479 3134 καὶ
1514 3081 1767 3153 ἀπαρχὴν
1792 3081 1893 3152 τῆς

301 3179 536 3248 ἐνούσης
573 3178 723 3247 αὺτῴ
767 3175 1174 3244 κολακάγαθίας
1219 3174 1526 3237 ἐπιδιδοὺς,
1569 3173 1630 3226 τὸ
1663 3173 1893 3238 ἀξιῶσαι

302 3270 591 3341 φροντίδος
628 3269 698 3322 τὰ
740 3269 832 3321 ὑπ’
881 3267 1052 3336 αὐτῆς
1099 3266 1402 3336 βοσκόμενα
1433 3265 1526 3318 καὶ
1572 3265 1786 3318 ποτίσαι
1826 3265 1894 3318 τὰ

302 3364 582 3435 πρόϐατα.
625 3361 857 3415 Ἐνενόει
883 3360 990 3431 γάρ
1019 3376 1120 3411 που
1155 3357 1296 3412 κατά
1326 3357 1388 3411 τὸ
1425 3357 1571 3419 εἰκὸς
1602 3356 1756 3427 ἤθεσι
1781 3355 1893 3419 τοῖς

302 3455 550 3527 ἀρίστοις
576 3451 1036 3522 ἐντεθραμμένος,
1069 3449 1144 3512 ὡς
1173 3444 1240 3520 ἦν
1267 3447 1666 3502 ἀκαλλέστατον
1697 3445 1890 3516 κομιδῇ

302 3545 580 3617 παρθένον
607 3540 776 3597 οὖσαν
811 3543 908 3613 τὴν
941 3541 1140 3611 Ῥαχὴλ
1161 3541 1254 3592 καὶ
1281 3542 1337 3592 ἐν
1359 3539 1478 3610 ὥρα
1505 3540 1705 3609 γάμου,
1737 3555 1896 3609 περι·

305 3641 491 3708 μεῖναι
531 3636 643 3689 τῶν
698 3635 972 3704 ποιμένων
1017 3634 1117 3704 τὴν
1160 3632 1440 3703 ἄθροισιν,
1485 3632 1574 3686 ἵνα
1611 3631 1705 3684 τοῦ
1745 3629 1892 3683 λίθου

301 3729 673 3799 κεκινημένου
701 3727 894 3797 ποτίσῃ
941 3725 1011 3779 τὰ
1044 3725 1310 3797 πρόϐατα,
1341 3723 1748 3795 παραχωροῦσα
1784 3725 1895 3786 τοῖς

302 3819 488 3881 ἀλλοις
515 3818 607 3870 διά
634 3833 695 3869 τε
723 3816 783 3868 τὸ
811 3815 1064 3880 ἄναλκες,
1105 3813 1199 3867 καὶ
1236 3813 1334 3884 τὴν
1366 3813 1619 3883 παρθένῳ
1653 3813 1894 3884 πρέπου-

303 3926 401 3962 σαν
435 3907 592 3962 αἰδῶ.
625 3907 832 3969 Ἀλλως
856 3922 914 3957 τε
939 3905 1032 3958 καὶ
1051 3905 1211 3973 νόμος
1233 3903 1393 3956 αὑτὸν
1417 3903 1598 3956 ἐκάλει
1620 3903 1896 3974 φιλοστορο

303 4003 448 4069 γίας,
488 4001 574 4063 εἴς
604 4016 669 4067 γε
710 3999 773 4051 τὸ
802 3998 997 4069 χρῆναι
1040 3996 1225 4049 λοιπὸν
1254 3997 1367 4058 τοῖς
1417 3995 1475 4061 ἐξ
1509 3994 1760 4065 αἵματος,
1800 3996 1895 4047 καὶ

283 4092 668 4163 ’ἀγχισπόροις
689 4088 1075 4164 ἀναφαίνεσθαι
1103 4089 1396 4157 χρήσιμον.
1424 4086 1694 4139 Πεπὸτικε
1713 4085 1776 4156 δὴ
1802 4081 1894 4139 οὖν

305 4186 374 4236 τά
400 4183 656 4255 πρόϐατα
681 4182 780 4251 τῆς
817 4180 1038 4250 Ῥαχὴλ,
1072 4180 1231 4248 μόνος
1257 4177 1352 4230 τοῦ
1379 4176 1615 4246 φρέατος
1637 4176 1894 4229 ἀποκυλί-

307 4292 405 4338 σας
437 4275 532 4327 τὸν
563 4272 731 4326 λίθον.
774 4273 1111 4340 Ἀναμνῆσαι
1153 4269 1209 4322 δὲ
1257 4269 1578 4337 ἀναγκαῖον,
1615 4269 1696 4321 ὅτι
1740 4268 1831 4321 καὶ
1868 4269 1896 4321 ό

1996 1808 2288 1869 erectaque
2329 1801 2384 1854 in
2431 1801 2604 1855 Deum
2653 1801 2720 1855 de
2765 1800 2966 1855 futuris
3013 1817 3130 1870 spe,
3180 1802 3577 1872 profectionem
3674 1844 3683 1852 .

1991 1904 2157 1958 quam
2191 1890 2503 1945 instituerat
2531 1899 2710 1961 urget,
2737 1898 2792 1944 et
2815 1891 3063 1960 pervenit
3096 1890 3152 1944 in
3192 1891 3469 1960 regionem
3505 1892 3578 1944 si-

1995 1986 2104 2032 tam
2147 1964 2401 2034 auroram
2439 1997 2635 2036 versus
2665 1998 2676 2033 :
2717 1974 3007 2050 statimque
3033 1996 3090 2035 se
3117 1980 3239 2035 aliis
3268 1981 3454 2035 multis
3477 1997 3576 2051 pa-

1995 2070 2238 2125 storibus
2271 2080 2462 2126 notum
2492 2071 2640 2137 facit,
2676 2072 2845 2126 veluti
2869 2072 3138 2142 quispiam
3165 2074 3396 2127 multum
3430 2073 3484 2127 in
3517 2088 3576 2127 re

1993 2164 2279 2231 pastoritia
2327 2173 2595 2218 versatus.
2629 2163 2786 2230 Quod
2823 2179 2954 2219 vero
3001 2180 3122 2219 eam
3167 2165 3476 2220 exercuerit
3520 2172 3577 2219 et

1993 2256 2265 2320 calluerit,
2321 2257 2564 2311 ostendit
2603 2257 2835 2313 dicens:
2899 2278 2917 2309 ι
2958 2259 3152 2315 Adhuc
3193 2258 3424 2313 multum
3465 2258 3574 2314 diei

1993 2353 2263 2414 superest.
2307 2346 2466 2402 Nunc
2525 2348 2693 2418 igitur
2736 2347 3070 2418 adaquantes
3120 2365 3252 2406 oves
3292 2350 3578 2405 disceden-

1995 2447 2078 2491 tes
2104 2438 2312 2507 pascite
2340 2439 2378 2492 ⁸.
2413 2459 2431 2490 ι
2468 2439 2832 2510 Cognoscitur
2864 2457 2994 2496 vero
3015 2443 3178 2496 etiam
3204 2459 3234 2496 a
3258 2442 3367 2496 filia
3387 2442 3575 2497 Laban

1993 2528 2164 2583 veluti
2213 2529 2485 2600 primitias
2528 2533 2793 2602 quasdam
2839 2540 2894 2587 et
2949 2534 3228 2603 specimen
3282 2534 3578 2604 probitatis

1994 2631 2107 2672 suae
2138 2617 2188 2673 ei
2228 2619 2514 2685 exhibens,
2557 2637 2745 2676 curam
2787 2637 2950 2691 quam
2976 2622 3043 2678 de
3067 2623 3240 2694 ipsius
3259 2624 3456 2680 ovibus
3477 2640 3575 2695 ge-

1994 2707 2172 2773 rebat,
2211 2710 2490 2779 adaquans
2536 2727 2652 2766 eas.
2682 2713 3024 2783 lntelligebat
3045 2715 3215 2780 enim,
3243 2724 3305 2769 ut
3341 2733 3439 2786 par
3462 2723 3572 2782 est,

1995 2801 2218 2869 optimis
2253 2803 2518 2858 nimirum
2560 2805 2809 2859 moribus
2839 2806 3150 2877 insignitus,
3196 2817 3356 2878 turpe
3381 2809 3572 2864 admo-

1997 2889 2126 2945 dum
2167 2892 2307 2958 fore,
2345 2895 2638 2957 Rachelem
2677 2897 2947 2967 virginem
2969 2899 3080 2969 jam
3116 2899 3362 2954 nubilem
3387 2911 3574 2972 pasto-

1997 3002 2123 3040 rum
2161 3003 2489 3042 concursum
2527 2996 2867 3058 exspectare,
2912 2998 2970 3043 ut
3002 3000 3211 3046 remoto
3236 2992 3416 3062 lapide
3443 3010 3575 3051 oves

1996 3078 2314 3148 adaquaret,
2344 3095 2466 3148 quae
2493 3096 2716 3134 cessura
2749 3089 2894 3135 esset
2917 3082 3060 3146 aliis,
3090 3091 3206 3136 tum
3231 3083 3301 3138 ob
3328 3085 3577 3140 imbecil~

1993 3171 2222 3237 litatem,
2269 3180 2383 3226 tum
2424 3172 2496 3226 ob
2533 3189 2660 3228 eum
2698 3175 2792 3243 qui
2829 3170 3070 3246 virgines
3102 3176 3259 3231 decet
3285 3179 3572 3247 pudorem.

1992 3262 2168 3316 Aliter
2196 3279 2326 3318 vero
2350 3264 2516 3318 etiam
2545 3265 2731 3318 innata
2759 3267 3026 3320 naturalis
3055 3269 3260 3323 amoris
3283 3270 3367 3324 lex
3398 3271 3575 3341 ipsum

1993 3357 2327 3427 provocabat
2365 3356 2433 3410 ad
2476 3358 2844 3426 praestandum
2889 3359 3148 3424 ofﬁcium,
3197 3363 3576 3432 etjuvandum

1994 3448 2434 3518 consanguineos
2500 3457 2556 3504 et
2620 3451 2980 3521 propinquos.
3037 3453 3347 3526 Adaquavit
3393 3455 3579 3527 itaque

1994 3551 2127 3591 oves
2165 3537 2440 3602 Rachelis,
2498 3540 2648 3595 solus
2693 3557 2724 3596 a
2778 3552 2946 3613 puteo
2989 3547 3279 3602 revolvens
3314 3548 3577 3617 lapidem.

1993 3625 2262 3680 Cancrum
2285 3628 2600 3684 meminisse
2623 3639 2843 3700 oportet
2866 3632 3115 3688 divinum
3142 3636 3306 3690 etiam
3333 3637 3575 3709 Moysen,

1994 3731 2118 3772 cum
2152 3735 2220 3773 ex
2254 3719 2486 3791 Egypto
2524 3720 2740 3792 fugiens
2773 3723 2826 3777 in
2852 3727 3129 3794 regionem
3157 3727 3576 3783 Madianitarum

1994 3812 2358 3879 pervenisset,
2394 3822 2450 3867 et
2479 3813 2536 3866 in
2575 3821 2826 3884 pastores
2864 3817 3051 3871 ovium
3085 3819 3384 3882 incidisset,
3415 3821 3579 3874 ﬁlias-

1995 3915 2102 3968 que
2126 3901 2320 3955 Jetliro
2362 3902 2562 3972 injuria
2600 3904 2824 3958 affectas
2848 3905 3167 3975 reperisset,
3195 3907 3337 3960 idem
3360 3910 3576 3977 prwsti-

1994 3992 2144 4046 tisse.
2174 3992 2252 4046 lta
2277 4008 2408 4046 vero
2435 3994 2640 4048 habent
2664 4011 2784 4064 quae
2809 3995 2876 4049 de
2898 4011 2964 4049 eo
2989 3997 3192 4067 scripta
3220 4007 3347 4052 sunt
3373 4017 3386 4052 ε
3418 4019 3435 4050 ι
3465 4001 3566 4055 Re-

1994 4083 2161 4136 cessit
2205 4092 2385 4138 autem
2424 4085 2633 4156 Moyses
2660 4102 2689 4140 a
2715 4085 2853 4140 faeie
2882 4087 3204 4152 Pharaonis,
3228 4098 3285 4145 et
3308 4090 3576 4152 habitavit

1993 4171 2051 4225 in
2081 4181 2226 4226 terra
2255 4173 2486 4228 Madian.
2511 4175 2649 4230 Cum
2673 4187 2857 4232 autem
2883 4179 3126 4235 venisset
3149 4180 3202 4234 in
3231 4189 3433 4244 terram
3460 4183 3574 4238 Ma-

1995 4263 2145 4329 dian,
2174 4265 2317 4319 sedit
2338 4267 2492 4336 juxta
2518 4278 2768 4337 puteum.
2796 4269 2866 4324 At
2890 4271 3160 4326 sacerdoti
3185 4273 3397 4328 Madian
3418 4282 3575 4329 erant

306 4365 598 4427 θεσπέσιος
625 4365 831 4434 Μωσῆς
847 4363 944 4432 τῆς
968 4360 1278 4430 Αἰγυπτίων
1305 4357 1662 4430 ἀποδραμὼν,
1693 4361 1772 4422 εἰς
1794 4357 1892 4430 τὴν

1997 4364 2205 4425 septem
2249 4355 2375 4412 filiae
2412 4369 2699 4427 pascentes
2720 4375 2850 4414 oves
2880 4362 3050 4431 patris
3077 4363 3160 4417 sui
3194 4363 3406 4419 Jethro.
3435 4365 3572 4420 Cum

304 4457 415 4510 τῶν
465 4455 815 4525 Μαδιηναίων
867 4455 1181 4522 ἀφικνεῖται
1230 4451 1434 4523 χώραν.
1492 4448 1621 4504 Εἶτα
1668 4451 1890 4520 ποιμέσι

306 4547 640 4619 περιτυχὼν,
664 4546 869 4610 καὶτὰς
894 4543 989 4597 τοῦ
1019 4544 1186 4614 ἰοθὸρ
1208 4543 1511 4614 θυγατέρας
1532 4542 1891 4613 ἀδικουμένας

306 4634 505 4705 εὑρὼν,
523 4633 613 4686 διὰ
633 4633 742 4685 τῶν
762 4633 890 4685 ἴσων
916 4631 1241 4703 ὲγνωρίζετο
1261 4632 1714 4702 σπουδασμάτων.
1739 4634 1891 4702 Ἔχει

305 4725 361 4778 δέ
391 4725 536 4778 οὕτω
571 4725 638 4778 τά
667 4726 752 4777 ἐπ’
781 4723 930 4794 αὑτῷ
959 4725 1320 4794 γεγραμμένα
1345 4739 1359 4753 ο
1401 4741 1420 4774 ι
1468 4724 1807 4796 Ἀνεχώρησε
1837 4724 1892 4777 δὲ

305 4819 513 4888 Μωσῆς
537 4817 647 4870 ἀπὸ
680 4814 974 4887 προσώπου
1006 4815 1226 4888 Φαραὼ,
1260 4815 1352 4868 καὶ
1385 4815 1702 4884 κατῴκησεν
1733 4819 1790 4870 ὲν
1817 4819 1886 4888 γῇ

305 4909 558 4980 Μαδιάμ.
599 4907 802 4961 Ἐλθὼν
822 4907 876 4960 δὲ
898 4908 977 4971 είς
1011 4908 1113 4975 γῆν
1140 4905 1385 4977 Μαδιάμ,
1407 4907 1656 4961 ἐκάθισεν
1681 4908 1774 4960 ἐπὶ
1793 4908 1887 4962 τοῦ

304 5001 564 5072 φρέατος.
597 4998 688 5070 Τῷ
717 4999 775 5051 δὲ
805 4999 938 5068 ίερεῑ
975 4997 1200 5067 Μαδιάμ
1238 4994 1372 5068 ἦσαν
1403 4999 1542 5052 ἐπτά
1573 4999 1885 5070 θυγατέρες,

302 5091 700 5161 ποιμαίνουσαι
726 5089 794 5142 τὰ
833 5087 1084 5160 πρόϐατα
1113 5087 1206 5140 τοῦ
1240 5087 1444 5158 πατρὸς
1476 5087 1656 5140 αὐτῶν
1701 5089 1884 5160 Ίοθόρ.

305 5181 763 5252 Παραγενόμεναι
787 5180 864 5243 δὲ,
893 5179 1117 5250 ἧντλουν
1142 5178 1246 5242 ἕως
1283 5178 1524 5250 ἔπλησαν
1548 5178 1644 5243 τὰς
1669 5179 1892 5248 δεξαμε-

304 5279 422 5340 ·ἀ’,
456 5275 678 5328 ποτίσαι
717 5273 786 5327 τὰ
821 5271 1069 5344 πρόϐατα
1104 5271 1198 5325 τοῦ
1235 5271 1436 5342 πατρὸς
1471 5272 1652 5326 αὐτῶν
1697 5272 1883 5344 Ἰοθόρ.

307 5366 756 5437 Παραγενόμενοι
819 5365 874 5418 δὲ
930 5365 981 5417 οἱ
1039 5364 1326 5435 ποιμένεςῖ
1385 5363 1638 5428 ἐξέϐαλον
1695 5365 1884 5428 αὖτάς.

325 5458 583 5522 ’Δναστάς
607 5458 666 5512 δέ
707 5456 930 5526 Μωσῆς,
968 5455 1199 5527 ἐρύσατο
1225 5455 1415 5521 αὑτάς,
1448 5457 1542 5509 καὶ
1575 5457 1791 5510 ἐπότισε
1823 5457 1888 5508 τὰ

389 5665 443 5694 "
469 5658 599 5717 Gen.
631 5654 996 5724 ungi-HJ
1039 5656 1232 5713 ibidfl’.
1310 5660 1329 5689 ’
1369 5657 1536 5711 Exod.
1579 5674 1632 5723 ιι,
1672 5658 1858 5712 ιέὶςὲὧ..

1996 4449 2274 4504 venissent
2297 4458 2503 4516 autem,
2530 4452 2858 4507 hauriebant
2890 4453 3069 4522 quoad
3095 4453 3459 4524 impleverunt
3486 4473 3575 4512 ca-

1994 4543 2168 4606 nales,
2199 4550 2257 4595 ut
2281 4524 2622 4612 adaquarent
2647 4559 2778 4598 oves
2802 4544 2973 4613 patris
3001 4545 3085 4598 sui
3111 4544 3323 4600 Jethro.
3365 4546 3573 4618 Super-

1993 4634 2280 4689 venientes
2298 4642 2480 4689 autem
2507 4646 2756 4705 pastores
2777 4637 3058 4706 ejcccrunt
3081 4653 3198 4693 eas.
3221 4637 3462 4711 Surgcns
3478 4657 3576 4696 au-

1997 4737 2106 4782 tem
2135 4727 2346 4799 Moyses
2375 4729 2632 4784 liberavit
2668 4728 2809 4793 illas,
2843 4739 2900 4784 et
2923 4730 3216 4802 adaquavit
3249 4748 3381 4790 oves
3400 4735 3576 4805 patris

1997 4816 2261 4886 ipsarum.
2320 4819 2574 4874 Reversze
2624 4829 2806 4874 autem
2857 4830 2986 4876 sunt
3029 4821 3095 4876 ad
3142 4822 3334 4878 Jethro
3364 4833 3574 4893 patrem

1997 4923 2178 4972 suum,
2214 4897 2485 4978 qui'dixit
2530 4909 2612 4964 eis
2643 4928 2656 4964 :
2691 4909 2870 4977 Quare
2902 4911 3200 4967 festinastis
3233 4915 3576 4968 adveniendo

1997 4997 2207 5052 hodie?
2247 4998 2356 5052 lllze
2394 5007 2578 5053 autem
2605 4999 2863 5055 dixerunt
2895 5019 2908 5054 :
2938 5003 3110 5056 llomo
3132 5002 3416 5072 zEgyptius
3437 5003 3575 5059 libe-

1941 5131 1944 5134 .
1996 5090 2136 5143 ravit
2151 5103 2250 5144 nos
2265 5105 2294 5144 a
2311 5090 2640 5160 pastoribus,
2660 5102 2714 5148 et
2734 5094 2890 5162 120
2904 5094 3088 5147 hausit
3105 5109 3300 5162 aquam
3322 5095 3501 5162 nobis,
3519 5103 3576 5152 ct

1998 5181 2294 5250 adaquavit
2339 5197 2472 5238 oves
2523 5192 2758 5239 nostras.
2803 5184 2898 5237 Ille
2944 5191 3126 5238 autem
3176 5184 3316 5241 dixit
3359 5187 3574 5244 filiabus

1997 5273 2114 5328 suis
2147 5291 2158 5326 :
2187 5273 2255 5330 Et
2278 5275 2373 5330 ubi
2401 5285 2484 5331 est
2505 5276 2529 5329 ?
2549 5283 2605 5330 et
2628 5291 2728 5330 cur
2750 5274 2829 5329 sic
2853 5274 3226 5347 dereliquistis
3250 5279 3525 5336 hominem
3551 5283 3578 5336 ?

1996 5366 2197 5421 Vocate
2245 5367 2414 5438 igitur
2455 5383 2604 5432 eum,
2650 5375 2710 5422 ut
2762 5369 3012 5424 comedat
3057 5387 3272 5441 panem.
3301 5373 3576 5430 llabitavit

1996 5464 2178 5512 autem
2221 5457 2434 5529 Moyses
2471 5459 2613 5528 apud
2657 5459 2938 5515 hominem
2981 5464 3019 5514 ’.
3053 5481 3069 5514 ι
3118 5461 3378 5535 lntelligis
3409 5465 3577 5537 igitur
