4032 6198
433 226 537 287 ίῢΰ

1450 212 1506 275 S.
1549 213 1826 275 CYRILLI
1865 212 2337 274 ALEXANDRINI
2377 211 2696 274 ARClliEP.

3601 220 3703 278 196

432 353 543 411 quo
585 341 747 408 pacto
772 333 953 390 aﬁinia
994 329 1399 403 quodammodo
1423 330 1567 385 inter
1592 345 1651 385 se
1677 330 1789 385 sint
1812 330 2008 389 utrius-

2127 329 2376 398 πρόϐατα
2412 328 2507 383 τοῦ
2551 328 2758 399 πατρὸς
2790 329 2989 385 αὐτῶν.
3051 332 3421 403 Παρεγένοντο
3465 331 3523 390 δὲ
3568 339 3705 414 πρὸς

431 446 539 500 que
567 427 769 493 studia,
799 435 962 496 atque
985 424 1176 479 eadem
1202 439 1301 494 per
1326 431 1589 492 utrosque
1614 421 2011 493 signiﬁcentur.

430 523 702 580 Caeterum
739 517 959 572 divinus
983 517 1193 587 Moyses
1216 515 1541 586 propulsans
1565 515 1798 569 aliorum
1830 522 2015 584 pasto-

435 624 558 666 t-um
601 609 859 683 injuriam
914 618 971 664 et
999 609 1130 673 vim,
1190 608 1375 662 hausit
1424 614 1480 661 et
1507 607 1802 677 adaquavit
1825 621 2018 678 greges

430 703 642 760 Jethro.
705 701 866 756 Solus
910 715 1043 754 vero
1083 699 1252 755 Jacob
1293 699 1532 770 lapidem
1579 697 1844 762 revolvit,
1889 709 2017 752 cum

433 792 638 862 alioqui
675 790 1064 860 quamplurimi
1115 791 1313 845 collata
1368 805 1532 860 opera
1568 790 1622 844 id
1665 805 1775 843 non
1811 789 2018 858 absque

434 882 635 937 sudore
673 872 854 935 facere
895 881 1331 945 consuevissent,
1369 889 1426 935 et
1449 880 1741 950 adaquavit
1764 878 2020 933 similiter

435 989 568 1027 oves
611 972 816 1026 Laban.
859 971 940 1026 Ac
979 972 1438 1042 quemadmodum
1480 972 1690 1045 Moyses
1714 973 1770 1026 in
1795 971 2017 1026 domum

435 1064 738 1118 idololatrae
777 1063 1020 1129 divertit,
1068 1064 1144 1118 ita
1179 1065 1343 1119 etiam
1380 1063 1601 1120 divinus
1622 1062 1810 1120 Iacob.
1833 1062 2019 1117 Laban

433 1157 580 1208 enim
617 1155 798 1209 adhuc
837 1154 1111 1210 idolorum
1154 1156 1413 1211 adorator
1435 1163 1491 1210 et
1511 1156 1689 1210 cultor
1713 1161 1855 1208 erat.
1881 1152 2020 1208 Cum

433 1263 566 1302 vero
601 1262 782 1302 sermo
814 1262 1106 1316 personam
1141 1262 1204 1302 ac
1227 1246 1454 1319 ﬁguram
1482 1246 1809 1317 populorum
1834 1244 1890 1298 in
1915 1243 2020 1298 ﬁde

433 1338 602 1393 Jacob
632 1337 908 1403 tribuerit,
937 1353 1032 1408 age
1063 1337 1330 1404 dicamus,
1362 1337 1509 1408 quod
1552 1336 1788 1393 interius
1838 1334 2022 1390 occul~

436 1433 656 1502 tiusque
694 1433 931 1502 spissum
962 1431 1197 1486 historia
1221 1431 1278 1485 in
1311 1446 1369 1486 se
1392 1429 1579 1495 habet,
1607 1427 2016 1498 investigantes.

2131 419 2299 489 Ἰοθὺρ
2329 419 2421 473 τὸν
2447 420 2661 491 πατέρα
2688 419 2887 476 αὐτῶν.
2923 420 2983 474 '0
3003 420 3059 475 δὲ
3091 419 3246 479 εἶπεν
3271 426 3494 492 αὐταῖς⁵
3525 430 3591 482 Τί
3623 431 3706 486 ὅτι

2117 511 2413 581 ἐταχύνατε
2436 514 2529 566 τοῦ
2570 513 2976 584 παραγενέσθαι
3015 516 3256 587 σήμερον
3282 535 3298 585 ;
3335 520 3401 571 Al
3433 519 3490 573 δὲ
3517 517 3704 577 εἶπον·

2120 599 2442 675 ’Ἄνθρωπος
2469 604 2764 674 Αἰγύπτιος
2783 606 3050 676 ἐρρύσατο
3078 609 3226 680 ἡμᾶς
3244 610 3352 663 ἀπὸ
3380 612 3488 666 τῶν
3519 598 3711 686 ποιμέ-

2118 713 2244 759 νων,
2293 695 2388 750 καὶ
2429 689 2690 768 ήντλησεν
2725 699 2878 768 ἡμῖν,
2920 700 3014 754 xal
3064 701 3284 755 ἐπότισε
3315 703 3386 756 τὰ
3433 701 3712 776 πρόϐατδιξ

2130 787 2188 841 Ὀ
2224 783 2282 840 δέ
2321 783 2441 842 εἷπε
2478 792 2598 853 ταῖς
2631 789 2964 861 θυγατράσιν
2996 793 3162 847 αὑτοῦ
3187 811 3200 822 ’
3239 797 3350 851 Καὶ⁵
3387 797 3490 852 ποῦ
3525 800 3710 866 iactv;

2120 880 2210 935 ἵνα
2241 881 2294 933 τί
2319 880 2472 934 οὕτω
2495 882 2923 938 καταλελοίπατε
2951 885 3047 938 τὸν
3069 887 3386 959 ἄνθρωπον;
3428 891 3710 947 Καλέσατε

2119 967 2212 1025 οὖν
2245 971 2430 1035 αὐτὸν,
2465 973 2614 1037 ὅπως
2644 973 2792 1044 φάγῃ
2830 976 2993 1046 ἄρτον
3018 992 3032 1005 ⁶
3063 979 3381 1050 κατῳκίσθη
3413 979 3469 1033 δὲ
3502 983 3712 1052 Μωσῆς

2121 1062 2270 1131 παρὰ
2295 1061 2371 1131 τῷ
2396 1059 2687 1133 ἀνθρώπῳ.
2724 1082 2742 1114 ι
2772 1064 2967 1134 Συνίης
2989 1061 3083 1119 οὖν
3105 1067 3256 1129 ὅπως
3279 1067 3486 1137 ἀδελφὰ
3508 1069 3712 1140 τρόπον

2119 1152 2240 1205 τινὰ
2271 1151 2342 1205 τὰ
2377 1153 2648 1222 νοήματα,
2681 1153 2776 1206 καὶ
2816 1155 3054 1223 συγγενῆ
3092 1173 3208 1218 πως
3237 1156 3376 1224 ἄγαν
3405 1158 3474 1210 τὰ
3503 1152 3562 1224 ἐξ
3609 1159 3711 1212 αὖ·

2121 1240 2228 1293 τῶν
2250 1235 2687 1311 ὑποδηλούμενα.
2713 1241 2859 1312 Πλὴν
2884 1245 2912 1296 6
2931 1237 3217 1308 θεσπέσιος
3243 1246 3452 1316 Μωσῆς
3477 1246 3578 1318 τὴν
3602 1247 3712 1302 τῶν

2123 1333 2325 1406 ἐτέρων
2359 1333 2634 1405 ποιμένων
2669 1336 2983 1407 ἀποστήσας
3013 1338 3349 1405 πλεονεξίαν,
3388 1341 3623 1411 ἦντλησέ
3650 1359 3712 1394 τε

2123 1426 2219 1479 καὶ
2243 1425 2510 1479 πεπότικε
2533 1425 2634 1488 τὰς
2672 1425 2841 1498 Ἰοθὸρ
2863 1425 3081 1495 ἀγέλας.
3107 1429 3216 1482 Καὶ
3250 1430 3409 1500 μόνος
3433 1431 3489 1484 δὲ
3510 1431 3602 1485 τὸν
3629 1431 3712 1485 λί-

435 1524 526 1578 θον
567 1524 897 1579 ἀπεκύλισε-,ν
952 1523 1167 1590 Ἰακὼϐ,
1212 1524 1391 1578 καίτοι
1431 1524 1700 1577 πλείστων
1731 1524 1872 1576 ὅσων
1916 1522 2016 1575 οὐκ
2053 1521 2314 1592 ἀνιδρωτὶ
2338 1520 2497 1576 τοῦτο
2521 1521 2655 1593 δρᾷν
2680 1521 2966 1586 εἰωθότων,
2998 1524 3093 1576 καὶ
3155 1522 3453 1580 πεπότικεν
3507 1527 3711 1596 ὁμοίως

434 1615 503 1669 τὰ
531 1616 717 1671 Λάΰαν
753 1616 1066 1688 θρέμματα.
1105 1615 1214 1670 Καὶ
1251 1615 1439 1688 ῶσπερ
1475 1616 1680 1686 Μωσῆς
1719 1615 1798 1679 είς
1828 1614 2019 1684 ἀνδρδς
2056 1612 2444 1684 εἰδωλολάτρου
2481 1614 2722 1684 κατῆρεν
2785 1612 2992 1680 ἑστίαν,
3027 1613 3170 1668 οὕτω
3225 1616 3321 1669 καὶ
3351 1619 3380 1670 6
3425 1617 3715 1682 θεσπέσιος

446 1711 664 1765 Ἰακώϐ.
694 1711 940 1764 Είδώλων
977 1711 1085 1783 γὰρ
1125 1710 1204 1764 ἔτι
1242 1709 1632 1782 προσκυνητής
1661 1706 1732 1780 ἦν
1774 1711 1804 1763 ό
1865 1707 2052 1762 Λάεαν
2089 1709 2184 1761 καὶ
2216 1708 2580 1779 θεραπευτής.
2637 1702 2854 1780 Ἐπειδὴ
2882 1709 2940 1762 δὲ
3009 1707 3066 1763 τὸ
3109 1709 3217 1763 τῶν
3248 1711 3305 1765 ἐν
3345 1712 3527 1766 πίστει
3565 1712 3715 1768 λαῶν

435 1802 726 1874 πρόσωπόν
755 1819 814 1855 τε
860 1802 956 1857 καὶ
1009 1803 1198 1873 σχῆμα
1241 1802 1616 1873 περιτέθεικεν
1659 1800 1689 1852 6
1735 1799 1894 1870 λόγος
1939 1797 2018 1869 τῷ
2067 1797 2299 1865 Ἰακὼϐ,
2332 1798 2464 1870 φέρε
2501 1799 2566 1869 δὴ
2633 1798 2880 1871 λέγωμεν
2947 1801 3017 1854 τά
3047 1801 3305 1856 ἐσωτάτω
3339 1805 3433 1857 καὶ
3466 1822 3719 1879 κεκρυμ.ὸ

438 1896 597 1969 μένα,
630 1896 691 1949 τὸ
723 1895 824 1966 τῆς
860 1895 1098 1968 ἱστορίας
1127 1895 1513 1967 άνευρύνοντες
1540 1895 1730 1966 πάχος.

504 1986 559 2042 5.
584 1987 827 2056 Populus
846 1985 1030 2056 itaque
1050 1994 1288 2050 creatus,
1307 1987 1461 2056 juxta
1480 1985 1782 2040 Psalmistaa
1799 1996 2008 2046 vocem,

2186 1985 2256 2049 γ’.
2294 1980 2439 2042 Λαὸς
2477 1979 2576 2049 μὲν
2613 1973 2706 2034 οὖν
2751 1980 2780 2032 6
2809 1979 3162 2051 κτιζόμενος,
3192 1983 3336 2037 κατά
3375 2000 3440 2052 γε
3470 1983 3572 2056 τὴν
3612 1987 3716 2040 τοῦ

435 2093 547 2137 non
592 2081 754 2146 alius,
805 2086 866 2134 ut
908 2079 1168 2144 arbitror,
1215 2079 1403 2144 fuerit,
1451 2093 1614 2148 quam
1662 2091 1839 2131 novus
1880 2075 2014 2130 etin

433 2172 678 2236 Christo,
728 2171 836 2225 hoc
887 2177 994 2235 est,
1030 2170 1125 2239 qui
1172 2185 1271 2239 per
1296 2169 1456 2224 ﬁdem
1489 2169 1546 2222 in
1570 2166 2019 2238 primogenitum

435 2264 664 2335 gloriam
709 2269 936 2316 evectus
981 2269 1085 2325 est,
1122 2260 1345 2330 repulso
1378 2260 1565 2330 priore
1590 2275 1652 2313 ac
1700 2258 1918 2329 perdito
1943 2258 2019 2312 ls-

437 2353 603 2408 raele.
653 2351 854 2406 Factus
903 2349 1174 2419 siquidem
1228 2360 1313 2404 est
1347 2349 1403 2403 in
1453 2349 1684 2403 caudam
1713 2348 1808 2418 qui
1855 2355 2019 2417 caput

433 2451 574 2510 erat,
611 2445 717 2498 hoc
750 2449 854 2508 est,
903 2443 1058 2512 prior
1087 2459 1101 2509 ;
1131 2443 1338 2513 quique
1366 2452 1492 2499 ante
1519 2443 1753 2496 aliorum
1771 2441 2015 2497 vocatio-

433 2551 560 2590 nem
597 2534 848 2604 cognitus
870 2541 1008 2598 erat,
1035 2535 1241 2589 asseela
1268 2534 1491 2589 dicitur.
1515 2534 1698 2604 Positi,
1715 2534 1862 2590 enim
1889 2542 2017 2588 sunt

432 2641 462 2678 a
509 2633 683 2695 tergo,
728 2630 938 2693 etpost
980 2633 1172 2694 gentes
1196 2624 1478 2679 incedunt.
1505 2624 1892 2695 Supplantator
1916 2623 2018 2677 ita-

431 2731 538 2784 que
578 2724 663 2770 est
696 2715 934 2786 populus
973 2716 1029 2769 in
1058 2714 1278 2770 Christo
1316 2731 1416 2787 per
1437 2716 1621 2782 ﬁdem,
1653 2722 1818 2786 atque
1843 2715 2017 2770 instar

429 2807 604 2862 divini
630 2807 798 2862 Jacob
823 2816 909 2862 est
940 2807 1181 2861 habitus.
1216 2807 1479 2862 Primitiae
1499 2822 1635 2862 vero
1659 2807 1889 2878 hujusce
1918 2822 2013 2878 gc~

430 2897 582 2953 neris
611 2897 867 2953 censendi
897 2905 1026 2952 sunt
1050 2899 1223 2954 sancti
1247 2899 1502 2968 apostoli,
1534 2899 1628 2970 qui
1656 2898 1762 2953 orti
1790 2898 2013 2969 quidem

429 3000 560 3047 sunt
603 3005 672 3045 ex
710 2991 975 3061 sanguine
1013 2998 1070 3045 et
1103 3004 1302 3060 genere
1334 2991 1500 3046 Israel
1529 3003 1543 3057 ;
1569 2997 1857 3061 postquam
1881 3003 2014 3042 vero

429 3082 594 3136 ﬁdem
646 3082 703 3137 in
756 3081 977 3138 Christo
1021 3081 1204 3150 adepti
1247 3090 1395 3145 sunt,
1453 3096 1518 3135 ac
1553 3081 1720 3135 veluti
1753 3092 2011 3134 coronam

427 3175 722 3244 quamdam
782 3173 1023 3243 Spiritus
1083 3173 1255 3226 sancti
1297 3173 1527 3242 gratiam
1576 3172 1848 3243 capitibus
1897 3172 2014 3227 suis

438 3267 803 3336 adaptarunt,
852 3265 1048 3319 oﬂ‘ensi
1100 3271 1230 3319 sunt
1275 3263 1344 3318 iis
1402 3263 1496 3334 qui
1543 3278 1612 3319 ex
1662 3279 1862 3335 genere
1909 3278 2011 3319 suo

426 3363 604 3410 erant.
637 3353 846 3408 Idcirco
870 3354 938 3408 ad
967 3354 1170 3410 caedem
1209 3367 1414 3424 pronos
1457 3360 1513 3408 et
1539 3352 1801 3409 ferociter
1822 3352 2010 3409 furen-b

428 3455 514 3503 tes
559 3447 944 3512 deseruerunt,
997 3461 1062 3502 ac
1106 3453 1319 3500 tantum
1365 3461 1475 3501 non
1503 3461 1534 3500 a
1569 3453 1800 3516 paterna
1821 3446 2005 3512 domo,

426 3539 654 3610 ipsaque
710 3537 848 3592 adeo
889 3538 1066 3608 patria
1125 3537 1501 3602 discedentes,
1567 3537 1636 3592 ab
1679 3537 2003 3604 Jerusalem,

427 3630 671 3701 inquam,
713 3631 829 3685 sive
863 3631 1178 3685 Iudaeorum
1209 3630 1454 3701 regione,
1482 3629 1548 3684 ad
1573 3639 1762 3700 gentes
1787 3646 1844 3685 se
1870 3645 2006 3685 con-

424 3723 692 3786 tulerunt,
741 3721 1022 3775 Christum
1070 3721 1338 3776 habentes
1383 3719 1785 3785 auxiliatorem,
1836 3729 1891 3774 et
1936 3719 2004 3774 ad

423 3829 588 3870 omne
630 3815 835 3870 bonum
884 3814 1213 3884 adjutorem,
1269 3813 1609 3883 comitesque
1645 3812 1885 3883 angelos,
1909 3827 2004 3867 su-

422 3923 594 3977 perna
614 3923 708 3979 spe
729 3906 979 3972 stabiliti,
1011 3913 1176 3976 atque
1201 3913 1581 3976 ettspectantes
1613 3904 1732 3959 ﬁeri
1766 3923 1784 3956 ‹
1819 3913 2004 3974 patres

423 3999 722 4053 multarum
755 3997 1002 4067 gentium
1047 3995 1067 4028 '
1097 4011 1110 4050 :
1146 4014 1164 4048 ι
1209 3995 1346 4050 adeo
1383 3993 1524 4048 utin
1558 4003 1738 4048 ortum
1759 4000 1816 4048 et
1847 4007 2005 4052 occa-

421 4101 565 4150 sum,
613 4086 840 4140 boream
877 4095 934 4140 et
971 4094 1219 4140 austrum
1259 4085 1505 4155 ipsorum
1529 4100 1713 4139 semen
1738 4097 2004 4154 propaga—

420 4184 611 4238 retur;
655 4174 808 4243 121
865 4173 971 4227 hoc
1024 4182 1128 4236 est,
1165 4174 1270 4242 'qui
1298 4189 1398 4242 per
1423 4174 1584 4228 ﬁdem
1610 4175 1918 4244 regenerati
1943 4175 2001 4227 in

418 4265 638 4334 spiritu,
683 4274 740 4319 et
786 4264 844 4318 in
885 4263 1107 4319 Christo
1148 4263 1432 4334 justiﬁcati
1459 4271 1631 4331 sunt;
1671 4279 1810 4334 quos
1833 4265 1999 4319 etiam

417 4357 767 4427 compellant,
802 4356 1087 4411 dicentes:
1139 4376 1156 4407 ι
1189 4355 1298 4411 Vos
1332 4363 1514 4409 autem
1541 4370 1712 4426 genus
1739 4355 1997 4423 electum,

418 4450 599 4520 regale
625 4449 1167 4520 sacerdotium,gens
1205 4456 1413 4514 sancta,
1450 4448 1686 4519 populus
1721 4447 1816 4517 qui
1841 4448 1998 4502 lucro

415 4541 667 4604 accessit,
717 4549 776 4594 ut
824 4541 1060 4594 virtutes
1107 4539 1422 4609 prmdicetis
1454 4538 1620 4604 illius,
1660 4538 1755 4607 qui
1792 4553 1890 4592 vos
1927 4537 1996 4593 de

417 4631 664 4686 tenebris
713 4633 928 4686 vocavit
975 4631 1029 4684 in
1074 4631 1396 4686 admirabile
1444 4630 1630 4684 lumen
1675 4644 1856 4684 suum.
1890 4629 1993 4694 Qui

2111 4629 2340 4700 εφώνουν
2378 4631 2628 4700 λέγοντες
2645 4649 2658 4664 ·

2119 2072 2434 2132 Ψάλλοντος
2465 2071 2670 2140 φωνὴν,
2699 2070 2784 2142 εἴη
2814 2070 2881 2125 ἃν
2904 2072 3002 2143 οὐχ
3029 2073 3217 2145 ἕτερος
3235 2071 3387 2145 οἶμαί
3414 2093 3537 2141 που,
3570 2077 3719 2151 πλὴν

2119 2164 2148 2217 6
2179 2163 2295 2227 νέος
2325 2162 2422 2216 καὶ
2455 2163 2512 2216 ἐν
2543 2161 2800 2234 Χριστῷ,
2831 2165 3133 2229 τουτέστιν,
3168 2166 3197 2218 6
3234 2165 3322 2219 διὰ
3354 2167 3591 2231 πίστεως
3630 2171 3719 2234 είς

2120 2255 2218 2327 τὴν
2265 2253 2360 2308 τοῦ
2403 2255 2752 2325 πρωτοτόκου
2796 2253 2954 2316 δόξαν
3003 2258 3514 2330 παρενηνεγμένος,
3563 2275 3717 2332 παρ-

2121 2347 2352 2411 ωθέντος
2373 2349 2468 2400 τοῦ
2495 2347 2713 2418 πρώτου
2735 2348 2827 2402 καὶ⁸
2843 2341 3317 2420 ὠλισθηκότοςςτοῦ
3354 2352 3590 2424 Ἰσραήλ.
3616 2354 3720 2408 Γέ-

2118 2453 2246 2507 γονε
2299 2439 2412 2508 γὰρ
2445 2439 2526 2502 είς
2576 2437 2746 2510 οὐρὰν
2786 2441 2814 2492 ό
2860 2439 3122 2512 ὑπάρχων
3158 2442 3404 2513 κεφαλὴ,
3441 2445 3715 2513 τουτέστι,

2118 2522 2391 2595 προῦχων,
2418 2525 2512 2578 καὶ
2535 2526 2563 2577 6
2585 2528 3064 2599 προεγνωσμένος,
3092 2529 3194 2600 τῆς
3228 2531 3432 2602 ἐτέρων
3461 2532 3718 2605 κλήσεως

2119 2615 2589 2687 παρακολούθημα
2633 2615 2874 2685 λέγεται.
2916 2618 3198 2674 Τέθεινται
3233 2621 3344 2693 γὰρ
3391 2623 3473 2687 είς
3513 2625 3716 2691 νῶτον,

2119 2707 2211 2760 καὶ
2248 2708 2480 2761 κατόπιν
2521 2710 2632 2761 ἴασι
2669 2707 2780 2761 τῶν
2829 2708 3020 2765 ἐθνῶν.
3074 2713 3414 2785 Πτερνιστής
3456 2712 3550 2770 οὖν
3597 2719 3718 2790 ἄρα

2115 2796 2242 2861 λαὸς
2273 2799 2302 2851 6
2331 2799 2389 2852 ἐν
2415 2799 2637 2870 Χριστῷ
2663 2799 2752 2853 διά
2781 2801 3040 2868 πίστεως,
3068 2803 3164 2858 καὶ
3188 2805 3350 2868 ὡς’ἐν
3373 2806 3522 2874 τάξει
3553 2809 3717 2864 λελό-

2116 2907 2298 2959 γισται
2331 2893 2396 2962 τῇ
2443 2893 2585 2945 κατὰ
2620 2891 2712 2944 τὸν
2753 2892 3041 2948 θεσπέσιον
3092 2896 3310 2952 Ἰακώϐ.
3342 2899 3533 2953 Νοοῖτο
3565 2901 3611 2954 δ’
3639 2901 3718 2958 ἂν

2115 2982 2191 3045 ὡς
2226 2984 2283 3034 ἐν
2333 2983 2554 3055 ἀπαρχῇ
2596 2983 2690 3037 τοῦ
2735 2985 2982 3040 τοιούτου
3035 2986 3261 3056 γένους,
3309 2992 3337 3044 6
3380 2991 3489 3045 τῶν
3533 2993 3718 3062 ἁγίων

2115 3075 2428 3127 ἀποστόλων
2459 3075 2640 3146 χορὸς,
2671 3077 2721 3129 οἳ
2751 3079 3010 3144 γεγόνασι
3047 3079 3146 3150 μὲν
3172 3080 3232 3146 ἐξ
3264 3081 3499 3152 αἵματός
3527 3101 3587 3137 τε
3609 3085 3718 3138 καὶ

2114 3171 2304 3241 γένους
2343 3171 2561 3243 Ἰσραήλ
2580 3188 2595 3204 ο
2627 3171 2815 3243 ἐπειδὴ
2843 3173 2898 3226 δέ
2925 3173 3021 3244 τὴν
3047 3175 3108 3228 ἐν
3131 3176 3357 3247 Χριστῷ
3389 3177 3572 3232 πίστιν
3598 3195 3709 3245 πε-

2115 3259 2486 3330 πλουτήκασι,
2525 3261 2618 3314 καὶ
2655 3254 2845 3334 ὥσπερ
2883 3263 3004 3317 τινὰ
3053 3259 3323 3333 στέφανον
3366 3265 3468 3337 τὴν
3503 3267 3570 3320 ἐκ
3605 3268 3714 3322 τοῦ

2037 3325 2080 3384 C
2112 3353 2268 3420 ἁγίου
2296 3325 2616 3423 ΪΙνεύματος
2646 3325 2976 3424 ἀνεδήσαντο
3001 3325 3185 3425 χάριν,
3217 3325 3716 3429 προσκεκρούκασι

2109 3447 2220 3506 τοῖς
2266 3445 2331 3498 ἐκ
2372 3445 2582 3513 γένους.
2630 3441 2898 3517 Ταύτῃτοι
2944 3445 3252 3514 φονῶντας,
3305 3449 3402 3503 καὶ
3450 3450 3557 3522 μὴν
3605 3451 3715 3506 καὶ

2107 3535 2316 3607 ἀγρίως
2350 3535 2834 3608 ἐκλελυττηκότας,
2874 3537 3378 3608 καταλιμπάνουσι,
3417 3545 3713 3616 μονονουχὶ

2106 3625 2164 3680 δὲ
2205 3627 2299 3680 καὶ
2337 3626 2595 3698 πατρῴας
2633 3629 2843 3696 ἑστίας,
2878 3630 2971 3683 καὶ
3015 3629 3189 3701 αὐτῆς
3235 3633 3333 3704 τῆς
3364 3634 3712 3706 ἐνεγκούσης

2107 3719 2538 3790 άπανιστάμενοι
2564 3719 2689 3790 γῆς,
2723 3721 2868 3792 φημὶ
2911 3721 2974 3792 δή
3007 3722 3106 3793 τῆς
3143 3719 3507 3796 Ἰερουσαλὴμ
3531 3765 3546 3790 ,
3575 3727 3710 3798 ἦτοι

2105 3811 2204 3882 τῆς
2249 3811 2519 3865 Ἰουδαίων
2556 3811 2762 3883 χώρας,
2799 3815 2864 3883 τῇ
2905 3813 3014 3867 τῶν
3048 3812 3219 3867 ἐθνῶν
3259 3815 3702 3886 προσϐάλλουπ,

2105 3899 2341 3972 Χριστὸν
2403 3902 2616 3973 ἔχοντες
2672 3904 2960 3976 ἀρῤωγὸν,
3019 3907 3115 3958 καὶ
3167 3907 3304 3978 πρὸς
3355 3911 3465 3964 πᾶν
3512 3911 3706 3966 ὁτιοῦν

2105 3995 2212 4048 τῶν
2275 3994 2499 4065 ἀγαθῶν
2579 3992 2955 4069 συλλήπτορα,
3026 4000 3119 4052 καὶ
3194 3999 3696 4073 συμπαραθέοντας

2104 4085 2230 4148 τοὺς
2261 4085 2547 4154 ἀγγέλους,
2588 4086 2681 4138 καὶ
2702 4085 2886 4139 ἐλπίσι
2932 4089 3070 4165 ταῖς
3103 4088 3308 4142 ἄνωθεν
3359 4091 3701 4162 ἐρηρεισμὲο

2106 4191 2188 4228 νοι
2216 4176 2333 4235 .xatl.
2378 4173 2786 4245 προσδοκῶντες
2829 4174 3049 4230 ἔσεσθαι
3101 4194 3120 4228 ι
3173 4177 3407 4249 πατέρες
3475 4178 3700 4233 πολλῶν

2102 4264 2300 4330 ἐθνῶν,
2349 4286 2367 4318 ι
2403 4266 2480 4330 ὼς
2526 4267 2606 4330 εἰς
2647 4267 2732 4337 ἠῶ
2778 4285 2836 4322 τε
2891 4267 2984 4321 καὶ
3029 4269 3202 4333 δύσιν,
3235 4269 3439 4342 βορρᾶν
3481 4288 3544 4324 τε
3594 4272 3698 4327 καὶ

2103 4357 2272 4423 νότον,
2313 4356 2376 4412 τὸ
2409 4359 2468 4425 ἐξ
2514 4360 2695 4413 αὐτῶν
2737 4360 3070 4415 ἐκτείνεσθαι
3126 4364 3378 4434 σπέρμα,
3413 4364 3693 4430 τουτέστι,

2099 4447 2226 4511 τοὺς
2289 4448 2378 4502 διὰ
2433 4449 2666 4514 πίστεως
2718 4452 3206 4524 άναγεννωμένους
3263 4456 3320 4509 ἐν
3391 4455 3692 4526 πνεύματι,

2100 4539 2193 4591 καὶ
2249 4540 2307 4591 ὲν
2367 4539 2588 4610 Χριστῷ
2649 4540 3127 4615 δεδικαιωμένους.
3187 4539 3284 4608 Οἷς
3347 4545 3442 4598 καὶ
3514 4561 3689 4617 προσ.

2717 4652 2736 4686 ι
2780 4627 2971 4706 ’Υμεῖς
2995 4637 3060 4708 δὴ
3091 4637 3246 4706 γένος
3270 4637 3550 4700 ἐκλεκτὸν,
3589 4638 3696 4708 βαι

414 4719 692 4790 quondam
725 4720 892 4774 eratis
927 4735 1037 4774 non
1074 4721 1330 4790 populus,
1367 4735 1515 4775 nunc
1551 4727 1734 4774 autem
1760 4721 1996 4790 populus

2111 4719 2634 4793 τίλειονίεράτευμα,
2657 4723 2808 4790 ἔθνος
2839 4725 3015 4794 ἅγιον,
3039 4727 3168 4791 λαὸς
3193 4730 3270 4792 είς
3301 4729 3688 4800 περιποίησιν,

416 4812 570 4868 Dei".
597 4830 616 4863 ι
649 4809 806 4878 Quod
835 4827 969 4866 vero
1000 4831 1018 4863 ί
1048 4821 1232 4882 patres
1257 4813 1639 4883 populorumu
1676 4812 1769 4881 qui
1798 4812 1867 4867 ad
1899 4812 1999 4868 do-

415 4903 620 4959 cendos
647 4918 744 4958 eos
779 4903 1062 4959 constituti
1101 4909 1251 4968 sunt,
1301 4903 1357 4958 in
1413 4903 1587 4959 sacris
1625 4903 1852 4958 Litteris
1903 4919 2000 4959 vo.

413 5004 629 5060 eentur,
685 5010 794 5063 quo
845 5001 1004 5064 pacto
1060 4993 1290 5048 dubium
1331 5009 1450 5048 esse
1477 4995 1694 5064 possit?
1724 4995 2000 5050 Discesse-

417 5095 546 5142 runt
578 5087 764 5157 itaque
810 5102 840 5142 e
876 5085 1190 5142 Judzeorum
1241 5087 1486 5158 regione,
1540 5087 1842 5156 relictoque
1894 5103 1990 5141 su-

414 5177 588 5246 perbo
628 5193 692 5233 ac
729 5179 1128 5234 contumelioso
1158 5178 1361 5248 populo
1398 5177 1466 5232 ad
1500 5185 1689 5249 gentes
1713 5179 1987 5243 abierunt,

408 5271 563 5339 juxta
589 5269 885 5326 Salvatoris
912 5272 1083 5326 nostri
1105 5278 1438 5342 praeceptum
1468 5271 1508 5324 ⁸.
1546 5269 1815 5325 Caeterum
1845 5270 1993 5341 quod

413 5369 660 5430 pastores
687 5362 798 5417 sint
833 5363 1128 5433 spiritales,
1161 5378 1224 5416 ac
1247 5361 1550 5434 disciplinae
1578 5361 1775 5417 divinae
1804 5361 1990 5432 periti,

410 5453 598 5508 statim
647 5451 963 5532 declarant,
988 5469 1333 5524 nequaquam
1367 5454 1573 5510 otiosos
1601 5467 1720 5509 esse
1749 5452 1993 5508 sinentes

2097 4815 2245 4878 ὅπως
2290 4813 2388 4878 τὰς
2415 4815 2616 4887 ἀρετὰς
2663 4815 3014 4890 ἐξαγγείλητε
3045 4819 3138 4872 τοῦ
3172 4823 3237 4874 ἐκ
3269 4820 3498 4884 σκότους
3534 4821 3692 4893 ὑμᾶς

2097 4906 2428 4971 καλέσαντος
2457 4909 2538 4971 εἰς
2558 4908 2621 4960 τὸ
2643 4907 2955 4978 θαυμαστὸν
2987 4911 3154 4965 αὑτοῦ
3192 4913 3326 4982 φῶς.
3364 4913 3430 4967 Οί
3459 4915 3590 4968 ποτὲ
3616 4916 3687 4969 οὐ

2095 4997 2241 5060 λαὸς,
2261 4998 2357 5052 νῦν
2376 4998 2433 5051 δὲ
2465 4997 2593 5062 λαὸς
2617 4999 2751 5052 Θευῦ
2781 5002 2836 5054 ἐν
2868 5001 3106 5072 Χριστῷ.
3131 5022 3149 5054 ι
3175 5005 3294 5058 Ὅτι
3319 5004 3376 5057 δέ
3415 5005 3689 5075 πατέρας

2095 5088 2262 5142 λαῶν
2308 5089 2360 5141 οἱ
2401 5088 2672 5143 διδάσκειν
2717 5091 2912 5156 αὐτοὺς
2951 5094 3369 5167 ἐπιτεταγμένοι
3412 5099 3562 5174 παρὰ
3608 5103 3685 5173 τῇ

2095 5178 2216 5250 θείᾳ
2241 5179 2536 5250 κέκληνται
2574 5181 2788 5253 Γραφῇ,
2816 5184 2932 5248 πῶς
2962 5185 3028 5239 ἂν
3059 5187 3349 5242 ἐνδοιάσειέ
3374 5207 3496 5256 τις;
3545 5192 3688 5245 Ἀπ-

2095 5269 2438 5339 ενοσφίξοντο
2463 5271 2642 5328 τοίνυν
2663 5274 2762 5344 τῆς
2779 5274 3046 5330 Ἰουδαίων
3076 5277 3278 5350 χώρας,
3305 5281 3399 5336 καὶ
3426 5281 3518 5336 τὸν
3540 5282 3684 5336 ἁλα-

2097 5361 2223 5426 ζόνα
2253 5362 2348 5416 καὶ
2379 5361 2644 5435 ὑϐριστὴν
2687 5366 2916 5432 ἀφέντες
2967 5367 3130 5437 λαὸν,
3167 5371 3494 5443 ἐστρέφοντο
3536 5371 3682 5443 πρὸς

2094 5451 2161 5505 τὰ
2192 5451 2340 5525 ἔθνη,
2369 5454 2510 5510 κατὰ
2540 5453 2637 5522 τὰς
2669 5453 2764 5509 τοῦ
2791 5456 3041 5530 Σωτῆρος
3070 5460 3231 5531 ήμῶν
3278 5459 3518 5527 ἐντολὰς,
3554 5459 3680 5516 ἀλλ’

491 5633 508 5663 ³
535 5627 674 5686 Gen.
703 5645 832 5697 mi,
862 5631 914 5684 4.
1001 5630 1019 5661 ⁸
1047 5630 1066 5684 1
1090 5631 1236 5685 Petr.
1269 5647 1327 5697 ιι,
1363 5629 1520 5686 οηιο.
1599 5631 1619 5662 ⁸
1644 5629 1840 5685 Matth.
1869 5642 2055 5696 xxvm,
2094 5627 2182 5684 19.
