4032 6198
337 214 435 272 197

1352 200 1869 263 GLAPl-lYRORUM
1906 203 1974 262 IN
2011 203 2310 264 GENESIM
2344 199 2476 260 LIB.
2520 199 2606 259 iV.

3479 205 3584 264 {98

331 337 413 390 ὅτι
462 326 724 400 ποιμένες
781 322 888 379 εἰσὶ
943 321 1341 394 πνευματικοὶ,
1383 324 1476 376 καὶ
1527 321 1906 392 παιδαγωγίας

2018 321 2155 378 circa
2191 321 2246 376 id
2279 319 2426 392 quod
2472 320 2608 390 ipsis
2639 316 2874 372 maxime
2903 316 3238 375 conveniens
3267 321 3356 376 sit.
3391 321 3586 380 Statim

328 427 430 497 τῆς
472 420 615 476 κατά
664 408 800 471 Θεδν
833 417 1216 486 ἐπιστήμονες,
1257 417 1595 487 παραχρῆμα
1633 414 1908 468 δεικνύου-

331 532 436 582 σιν,
466 512 768 583 ἀπρακτεῖν
797 509 898 562 οὐκ
926 508 1245 579 ἀνεχόμενοι
1271 508 1398 578 περὶ
1427 508 1488 560 τό
1515 524 1698 577 σφισιν
1725 507 1909 572 αὐτοῖς

328 609 412 661 ὅτι
444 603 683 676 μάλιστα
710 598 1184 671 πρεπωδέστατον.
1218 595 1651 668 Προσκομίζουσι
1676 596 1786 668 γὰρ
1814 597 1906 650 εὑ-

329 699 426 762 Οὓς
457 678 562 766 τῆς
600 695 658 748 ἐν
692 691 912 763 Χριστῷ
944 689 1294 753 διδασκαλίας
1337 689 1428 742 τὸν
1475 687 1657 758 λόγον.
1711 690 1806 742 καὶ
1849 687 1911 742 τὸ

330 787 574 859 πεφυκὸς
589 783 842 852 ὠφελεῖν,
872 780 1226 834 ἀναπείθουσι
1245 779 1398 850 δρᾷν.
1423 777 1686 850 Καθάπερ
1716 778 1908 849 ἀμέλει

332 881 424 934 καὶ
455 880 484 930 6
514 874 802 937 Θεσπέσιος
847 870 1064 935 Ἰακὼϐ,
1099 873 1211 934 τοῖς
1239 870 1348 923 ἀπὸ
1376 869 1605 942 Χαρρὰν
1629 869 1906 940 ποιμέσιν,

329 975 411 1027 ὅτι
448 970 548 1025 καὶ
593 969 755 1030 αὐτὸς
784 965 869 1036 εἴη
917 963 1156 1035 ποιμὴν,
1207 962 1438 1034 ἐναργὲς
1477 961 1652 1014 ἐποίει
1695 961 1904 1030 λέγων’

336 1085 355 1117 ι
400 1063 523 1116 Ἔτι
562 1060 710 1113 ἐστὶν
746 1055 932 1127 ἡμέρα
987 1053 1188 1123 πολλὴ,
1220 1051 1373 1106 οῠπω
1411 1048 1531 1124 ὥρα
1574 1051 1905 1123 συναχθῆναι

329 1155 405 1208 τὰς
435 1153 626 1223 κτήνη.
663 1149 990 1210 Ποτίσαντες
1023 1145 1092 1200 τά
1136 1145 1416 1217 πρόϐατα,
1465 1143 1790 1207 ἀπελθόντες
1818 1143 1908 1214 βό-

335 1243 516 1299 ῶιετε.
547 1261 566 1293 ι
609 1239 853 1303 ’Δκοὺεις
895 1239 1041 1301 ὅπως
1083 1237 1416 1308 κατανέμειν
1457 1237 1792 1308 προστέταχε
1842 1235 1912 1289 τά

330 1336 578 1409 πρόϐατα
612 1337 722 1396 τοῖς
767 1331 1025 1403 ποιμέσις
1060 1329 1232 1384 Τοῦτό
1266 1347 1348 1385 τοι
1395 1331 1488 1384 και
1531 1329 1560 1382 6
1601 1330 1912 1397 σοφώτατος

331 1425 581 1498 μαθητὴς
605 1423 912 1478 ἐνετέλλετο
931 1423 1064 1494 δρᾷν
1086 1424 1196 1485 τοῖς
1219 1421 1312 1474 τοῦ
1343 1419 1474 1474 λαοῦ
1498 1419 1908 1492 πρεσϐυτέροις,

326 1521 518 1591 ἧγουν,
561 1517 903 1578 ἐπισκόποις.
943 1535 961 1566 ι
1002 1513 1412 1586 Πρεσϐυτέρους
1447 1509 1560 1578 οὖν,
1601 1512 1756 1583 φησι,
1786 1514 1912 1576 τοὺς

326 1612 386 1663 ὲν
431 1609 562 1678 ὑμῖν
597 1605 901 1676 παρακαλῶ
947 1603 976 1656 6
1033 1601 1538 1674 συμπρεσϐύτερος,
1575 1601 1669 1654 καὶ
1703 1601 1912 1672 μάρτυς

2007 413 2156 470 enim
2213 427 2522 470 sermonem
2568 409 2832 464 doctrinm
2874 408 2944 464 de
2986 404 3208 464 Christo
3250 423 3584 481 proponunt,

2009 519 2242 575 quaeque
2265 502 2636 560 conducibilia
2663 510 2792 556 sunt
2812 501 2988 558 facere
3007 503 3340 572 persuadent
3363 521 3377 570 ;
3400 519 3588 574 quem.

1991 585 2302 652 IIadmodum
2323 597 2436 652 fere
2465 596 2628 652 etiam
2650 595 2873 650 divinus
2893 594 3060 650 Jacob
3081 597 3394 666 pastoribus
3412 598 3590 654 Char-

2009 703 2128 754 ran,
2184 688 2332 759 quod
2390 689 2504 759 ipse
2569 701 2788 759 quoque
2849 694 2995 742 esset
3050 695 3255 757 pastor,
3304 690 3591 746 manifeste

2009 781 2292 852 explicuit,
2325 780 2515 836 dicens
2548 799 2561 834 :
2598 800 2616 832 ι
2656 780 2851 836 Adhuc
2896 779 3130 834 multum
3166 779 3277 834 diei
3317 793 3589 851 superest,

2008 885 2114 925 nec
2164 879 2249 926 est
2311 878 2526 940 tempus
2567 879 2628 924 ut
2674 869 3008 925 reducantur
3043 869 3110 923 ad
3155 869 3340 923 caulas
3376 885 3589 940 greges.

2009 958 2291 1028 Adaquate
2333 972 2488 1025 oves,
2530 967 2586 1013 et
2623 959 2891 1014 abeuntes
2922 958 3127 1029 pascite
3150 958 3191 1011 ⁸.
3233 977 3252 1010 ι
3287 958 3460 1015 Audis
3483 975 3593 1029 quo
3667 944 3676 952 ’

2010 1059 2168 1120 pacto
2196 1051 2387 1121 jubeat
2413 1051 2748 1122 pastoribus,
2779 1060 2840 1105 ut
2867 1065 2998 1106 oves
3023 1065 3152 1105 suas
3184 1051 3452 1120 pascant?
3480 1052 3594 1108 Hoc

2012 1141 2190 1212 ipsum
2228 1143 2394 1196 etiam
2429 1141 2869 1212 Sapientissimus
2897 1141 3202 1212 discipulus
3233 1141 3414 1197 facere
3448 1156 3593 1213 pra:-

2010 1233 2155 1303 cepit
2177 1234 2510 1305 presbyteris
2533 1234 2744 1304 populi,
2777 1233 2891 1288 sive
2919 1233 3197 1303 episc0pis
3224 1273 3236 1287 .
3282 1252 3300 1284 ι
3338 1232 3596 1289 Seniores

2013 1324 2198 1395 igitur,
2235 1344 2251 1376 ι
2295 1325 2490 1394 inquit,
2540 1343 2559 1376 ι
2594 1324 2687 1395 qui
2727 1324 2870 1379 inter
2903 1340 3001 1379 vos
3026 1331 3174 1388 sunt,
3207 1324 3458 1389 obsecro,
3499 1325 3593 1394 qui

2011 1430 2132 1469 sum
2171 1423 2226 1470 et
2253 1417 2368 1486 ipse
2389 1416 2705 1481 conscnior,
2733 1431 2800 1470 ac
2831 1416 2988 1470 testis
3013 1416 3329 1486 passionum
3363 1414 3592 1483 Christi,

2011 1518 2174 1577 atque
2213 1507 2357 1562 idem
2409 1524 2635 1563 consors
2671 1508 2862 1578 gloriae
2906 1523 3028 1577 qua:
3086 1507 3424 1562 revelabitur
3456 1525 3468 1561 :
3503 1524 3598 1577 pa-

2012 1601 2170 1664 scite,
2215 1601 2309 1670 qui
2346 1601 2400 1656 in
2448 1601 2606 1656 vobis
2643 1609 2746 1666 est,
2788 1615 3006 1672 gregem
3039 1600 3244 1656 Christi
3280 1603 3323 1655 ".
3364 1619 3382 1652 ι
3427 1600 3597 1655 Pera-

323 1699 434 1753 τῶν
459 1695 702 1769 Χριστοῦ
734 1694 1087 1766 παθημάτων,
1128 1694 1155 1744 6
1189 1691 1280 1745 καὶ
1313 1692 1414 1761 τῆς
1453 1689 1751 1763 μελλούσης
1777 1691 1911 1744 ἀποε-

2018 1699 2234 1763 grantes
2277 1695 2460 1764 itaque
2521 1693 2775 1764 regiones
2808 1699 2865 1747 et
2901 1693 3091 1756 urbes,
3132 1707 3295 1762 quam
3329 1690 3598 1761 plurimos

326 1787 710 1844 καλύπτεσθαι
759 1785 916 1856 δόξης
957 1782 1230 1847 κοινωνός·
1267 1783 1578 1853 Ποιμάνατε
1603 1781 1664 1834 τὸ
1690 1782 1748 1834 ὲν
1777 1782 1906 1852 ὑμῖν

327 1881 584 1952 ποίμνιον
611 1879 709 1931 τοῦ
751 1876 1015 1948 Χριστοῦ.
1055 1895 1073 1928 ι
1110 1875 1349 1938 Διιόντες
1379 1875 1436 1928 δὲ
1469 1874 1611 1929 κατά
1637 1874 1820 1946 χώραν
1849 1891 1908 1928 τε

325 1972 424 2025 καὶ
451 2016 453 2018 .
484 1969 679 2033 πόλιν,
735 1968 962 2039 μυρίους
1012 1968 1171 2029 ὅσους
1233 1967 1326 2019 καί
1373 1965 1594 2037 ἑτέρους
1643 1965 1909 2036 ποιμένας

322 2061 626 2131 ἐφεστάναι
677 2059 1044 2131 προσέταττον
1079 2061 1186 2122 τοῖς
1217 2057 1387 2121 λαοῖς,
1415 2058 1510 2112 καὶ
1536 2058 1646 2111 τῶν
1675 2057 1909 2126 λογικῶν

323 2156 623 2228 προϐάτων
647 2153 920 2208 ποιεῖσθαι
935 2153 1189 2225 φροντίδα
1204 2169 1220 2186 ⁸
1251 2153 1606 2208 καταϐόσκειν
1625 2152 1703 2216 δὲ,
1722 2151 1910 2225 ὥσπερ

322 2251 386 2303 ὲν
413 2251 554 2320 νομῇ
601 2247 805 2318 ἀγαθῇ,
834 2248 928 2299 καὶ
979 2247 1037 2298 ὲν
1083 2247 1234 2316 τόπῳ
1282 2246 1446 2308 πίονι,
1505 2246 1598 2298 καὶ
1648 2247 1728 2310 εἰς
1772 2245 1908 2299 πόαν

321 2341 519 2412 ὥσπερ
557 2339 919 2410 ἀποκομίζειν
957 2337 1386 2408 εὐανθεστάτης),
1427 2338 1524 2408 τὴν
1554 2337 1909 2392 θεόπνευστον

322 2433 582 2505 Γραφήν.
632 2431 889 2502 Ζωαρκὲς
934 2431 1042 2502 γὰρ
1097 2431 1299 2500 ἔδεσμα
1351 2431 1598 2501 ψυχῆς,ό
1631 2430 1726 2484 τοῦ
1771 2429 1908 2488 Θεοῦ

321 2525 506 2594 λόγος.
538 2524 797 2597 Εἰρήσθω
826 2523 890 2594 δὴ
935 2519 1026 2577 οῦν
1067 2523 1292 2593 ποιμέσι
1335 2525 1448 2586 τοῖς
1488 2525 1908 2594 πνευματικοῖς,

321 2617 593 2691 ἐπιμελοῦ
622 2617 730 2671 τῶν
753 2617 812 2669 ἐν
834 2616 1000 2687 πεδίῳ
1026 2614 1274 2686 χλωρῶν,
1301 2615 1395 2667 καὶ
1418 2618 1598 2685 κερεῖς
1623 2614 1782 2678 πόαν,
1815 2613 1912 2669 καὶ

323 2707 606 2776 συνάγαγε
641 2709 834 2778 χόρτον
867 2703 1094 2775 ῶριμον,
1125 2704 1210 2757 ἴνα
1245 2703 1374 2777 ἔχῃς
1403 2703 1651 2774 πρόϐατα
1679 2705 1758 2767 εἰς
1783 2704 1912 2773 ίμα-

319 2799 553 2870 τισμόν⁶
598 2800 855 2867 γεγόνασι
889 2797 944 2850 δὲ
978 2796 1071 2849 καὶ
1121 2795 1324 2868 ἑτέρως
1365 2797 1516 2866 παρά
1543 2797 1652 2859 τοῖς
1703 2796 1909 2849 ἔθνεσιν

319 2890 367 2944 οἱ
415 2889 698 2943 θεσπέσιοι
733 2886 998 2958 μαθηταὶ,
1035 2887 1130 2940 καὶ
1155 2885 1263 2938 τῶν
1291 2886 1423 2957 παρ’
1448 2886 1680 2951 ἐκείνοις
1718 2887 1912 2958 ποιμέ-

320 2999 456 3046 νων,
488 2981 762 3040 τουτέστι,
797 2979 976 3048 σοφῶν
997 2995 1056 3032 τε
1084 2980 1179 3032 καὶ
1205 2978 1558 3044 διδασκάλων,
1597 2979 1912 3049 καθηγηταλ⁸

318 3073 713 3136 διεδείκνυντο,
733 3073 833 3142 τὴν
859 3069 1231 3140 ἀληθεστέραν
1255 3071 1368 3132 τοῖς
1387 3069 1760 3140 ἀκροωμένοις
1784 3087 1914 3122 παι·
1943 3054 1981 3107 (ἶ

318 3164 612 3233 δαγωγίαν
642 3164 1007 3235 εἰσφέροντες.
1047 3163 1157 3216 Καὶ
1195 3163 1278 3216 ὅτι
1307 3162 1441 3215 πολὺ
1479 3161 1544 3233 δὴ
1575 3161 1696 3214 λίαν
1729 3161 1919 3214 εὐσθε-

319 3258 584 3328 νέστερόν
635 3273 695 3309 τε
744 3257 838 3310 καὶ
880 3255 1102 3326 ἄμεινον
1138 3255 1171 3326 ἢ
1202 3256 1419 3320 ἐκεῖνοι,
1450 3255 1609 3325 τυχὸν
1634 3253 1800 3325 εἰδείη
1839 3271 1920 3316 τις

320 3348 386 3401 ἂν
404 3348 506 3402 καὶ
526 3346 650 3401 λίαν
666 3345 926 3412 εὐκόλως,
944 3347 1123 3398 ἐκεῖνο
1142 3343 1620 3415 διενθυμούμενος.
1639 3344 1920 3415 Δυσαχθὴς

325 3439 426 3507 μὲν
462 3436 577 3508 γὰρ
610 3434 686 3506 τῷ
733 3434 930 3506 φρέατι
962 3433 1110 3497 λίθος
1153 3434 1426 3500 ἐπέκειτο,
1459 3432 1518 3487 ὃν
1560 3433 1786 3504 πλείστη
1823 3433 1920 3505 μὲν

320 3530 426 3596 ὅση
486 3525 766 3596 ποιμένων
816 3524 1060 3596 ἀθροισις
1107 3523 1414 3577 ἀπεσάλευε
1464 3522 1634 3593 μόλις.
1668 3522 1837 3594 ’Ἐδρα
1862 3522 1919 3575 δὲ

317 3621 485 3673 τοῦτο
519 3620 616 3671 καὶ
657 3619 817 3688 μόνος
841 3619 869 3670 6
908 3615 1121 3670 Ἰακώϐ.
1163 3616 1228 3668 Τί
1266 3616 1446 3671 τοίνυν
1475 3615 1533 3668 τὸ
1559 3615 1756 3686 φρέαρ,
1785 3614 1836 3667 τί
1863 3614 1920 3667 δὲ
1956 3681 1964 3688 σ

322 3712 390 3784 δὴ
425 3709 501 3766 αὖ
553 3711 651 3764 καὶ
676 3712 706 3764 6
738 3709 886 3772 λίθος
916 3709 1324 3779 ὑποσημήνειεν
1372 3707 1458 3773 ἂν,
1505 3706 1636 3777 φέρε
1669 3707 1921 3776 λέγωμεν

2011 1785 2175 1839 etiam
2227 1787 2362 1841 alios
2408 1795 2655 1856 pastores
2686 1787 2906 1856 populis
2950 1785 3153 1856 praeﬁci
3187 1785 3489 1855 jusserunt,
3518 1793 3601 1838 at-

2012 1889 2118 1946 que
2144 1877 2330 1931 ovium
2359 1879 2704 1933 rationalium
2735 1891 2924 1934 curam
2948 1892 3137 1949 gerere
3166 1894 3178 1930 :
3212 1891 3436 1947 pascere
3463 1891 3600 1932 vero

2012 1969 2418 2040 quodammodo
2477 1969 2533 2023 in
2589 1969 2807 2038 pascuis
2845 1969 3026 2034 bonis,
3075 1975 3132 2022 et
3160 1967 3357 2021 inloco
3383 1966 3597 2036 pingui,

2013 2077 2077 2117 ac
2105 2062 2273 2118 veluti
2303 2062 2358 2116 in
2381 2061 2789 2116 ﬂoridissimam
2814 2061 3041 2114 herbam
3065 2059 3360 2124 deducere,
3387 2074 3597 2114 sacram

2013 2153 2273 2208 nimirum
2337 2152 2701 2224 Seripturam.
2766 2151 3053 2208 Sufficiens
3107 2152 3256 2207 enim
3315 2152 3383 2206 ad
3428 2153 3598 2207 vitam

2015 2247 2208 2300 anima:
2243 2246 2400 2301 cibus
2454 2254 2539 2300 est
2577 2245 2807 2300 verbum
2844 2241 2960 2299 Dei.
3023 2244 3239 2299 Dictum
3289 2243 3474 2314 itaque
3529 2244 3601 2298 sit

2013 2339 2326 2408 pastoribus
2372 2339 2716 2409 spiritalibus
2746 2357 2759 2393 :
2790 2337 2990 2394 Curam
3017 2352 3143 2409 gere
3175 2337 3370 2392 viridis
3398 2336 3598 2406 campi,

2013 2440 2068 2488 et
2118 2442 2292 2488 metes
2327 2433 2577 2498 herbam,
2624 2442 2680 2488 et
2722 2433 2916 2503 collige
2958 2431 3146 2486 fenum
3189 2429 3598 2500 tempestivum,

2012 2534 2075 2579 ut
2100 2524 2304 2579 habeas
2322 2540 2454 2580 oves
2476 2526 2532 2579 in
2561 2525 2846 2581 vestitum.
2873 2524 3146 2580 Cancrum
3181 2524 3408 2578 fuerunt
3433 2521 3600 2577 etiam

2014 2616 2118 2671 alia
2164 2618 2377 2672 ratione
2417 2625 2601 2687 patres
2623 2618 2867 2688 gentium
2902 2617 3076 2672 sancti
3103 2613 3380 2686 discipuli,
3411 2615 3603 2684 longe-

2012 2726 2118 2780 que
2148 2711 2526 2781 prmstantiore
2569 2725 2632 2764 ac
2674 2710 2894 2765 veriore
2941 2708 3191 2763 doctrina
3241 2722 3337 2762 eos
3386 2707 3602 2760 imbue-

2015 2809 2164 2865 runt,
2198 2817 2361 2871 quam
2398 2802 2645 2872 ipsorum
2677 2808 2946 2871 pastores,
2978 2795 3086 2854 hoc
3102 2807 3205 2863 est,
3243 2799 3521 2868 sapientes
3547 2809 3606 2853 et

2015 2891 2280 2963 magistri.
2322 2892 2481 2958 Quod
2519 2907 2653 2948 vero
2696 2893 2905 2962 majore
2938 2891 3112 2946 multo
3139 2889 3338 2945 robore
3369 2904 3433 2944 ac
3460 2905 3603 2960 prte-

2015 2984 2214 3038 stantia
2269 2985 2427 3054 122
2469 2984 2683 3055 ρτωᾱίιί
2738 2983 2946 3039 fuerint
2997 2983 3256 3053 discipuli
3301 2998 3464 3053 quam
3500 2981 3602 3046 illi,

2017 3071 2175 3127 facile
2227 3073 2354 3143 quis
2412 3075 2704 3145 intelligat,
2758 3074 2893 3128 illud
2946 3073 3410 3128 animadvertens.
3441 3071 3608 3143 Lapis

2019 3160 2167 3214 enim
2195 3159 2449 3216 immensi
2482 3162 2746 3232 ponderis
2765 3172 2932 3233 puteo
2964 3163 3256 3234 impositus
3277 3171 3414 3229 erat,
3441 3177 3606 3234 quem

2017 3252 2238 3322 quidem
2299 3261 2548 3323 pastores
2596 3256 2904 3326 conjunctis
2957 3257 3170 3311 viribus
3201 3271 3345 3328 aegre
3377 3255 3606 3311 amolie-

2017 3331 2234 3398 bantur.
2277 3344 2539 3400 Prtestitit
2573 3352 2756 3400 autem
2807 3346 2913 3402 hoc
2938 3347 3087 3402 solus
3109 3346 3300 3402 Jacob.
3334 3345 3608 3414 Quidnam

2016 3433 2183 3505 igitur
2209 3446 2429 3506 puteus,
2458 3435 2592 3506 quid
2619 3451 2815 3491 rursus
2855 3437 2997 3508 lapis
3024 3437 3314 3508 signiﬁcet,
3371 3451 3468 3508 age
3505 3451 3609 3507 pro

2025 3525 2174 3580 virili
2206 3527 2473 3582 dicamus.
2507 3527 2586 3581 Ita
2613 3527 2760 3581 enim
2787 3535 3068 3598 pastorum
3100 3527 3315 3598 roboris
3343 3527 3608 3582 dlll'eren-

2027 3616 2157 3672 tiam
2189 3618 2524 3687 exploratam
2563 3618 2911 3684 habebimus,
2950 3627 3328 3689 quantumque
3352 3616 3608 3688 discipuli

2028 3708 2328 3763 Salvatoris
2356 3709 2666 3779 cognitione
2703 3709 3084 3775 excelluerint,
3118 3709 3464 3764 manifestum
3494 3707 3606 3761 ﬁet.

319 3803 396 3866 ὡς
447 3804 552 3858 ἔνι.
583 3801 864 3872 Εἰσόμεθα
909 3800 1016 3872 γὰρ
1045 3799 1162 3865 ὡδὶ,
1213 3801 1307 3853 καὶ
1354 3799 1454 3868 τῆς
1492 3798 1602 3852 τῶν
1648 3798 1922 3869 ποιμένων
1965 3797 2147 3869 ἰσχύος
2173 3801 2273 3873 τὴν
2301 3800 2588 3871 διαφοράν,
2633 3801 2730 3854 καὶ
2767 3799 2828 3854 τὸ
2896 3800 2954 3852 ὲν
2999 3800 3214 3853 συνέσει
3255 3795 3490 3869 προῦχόν
3549 3813 3610 3850 τε

323 3898 420 3950 καὶ
458 3894 888 3968 ὑπερκείμενον,
913 3891 1020 3944 τῶν
1059 3891 1316 3964 μαθητῶν
1347 3891 1442 3943 τοῦ
1470 3891 1744 3963 Σωτῆρος.

395 3989 462 4043 ὃ.
497 3989 699 4041 "rem
755 3985 934 4040 τοίνυν
974 3983 1272 4055 ἀφομοιοῦν
1301 3982 1420 4047 ἔθος
1471 3986 1540 4055 τῇ
1580 3984 1793 4056 Γραφῇ,
1819 3984 1918 4056 τὴν

326 4081 464 4153 περὶ
493 4077 631 4132 Θεοῦ
663 4077 888 4146 γνῶσιν.
923 4076 1047 4129 ’Ὁτι
1084 4075 1192 4146 γὰρ
1220 4070 1288 4145 ἦν
1321 4073 1606 4138 ζωοποιὸς,
1637 4075 1922 4145 μεμαρτύο

330 4187 505 4242 ρηκεν
530 4170 557 4221 6
581 4168 796 4238 Σωτὴρ,
821 4166 959 4237 πρὸς
990 4165 1082 4218 τὸν
1109 4167 1167 4217 ὲν
1194 4164 1445 4234 οὐρανοῖς
1472 4163 1694 4233 Πατέρα
1724 4163 1917 4231 λέγων·

334 4279 353 4313 ι
377 4260 533 4330 Αὕτη
548 4259 608 4312 δέ
640 4259 789 4310 ἐστιν
817 4259 850 4328 ἡ
885 4254 1101 4319 αἰώνιος
1132 4254 1268 4327 ζωὴ.
1296 4253 1383 4309 ἵνα
1411 4253 1721 4317 γινώσκωσί
1747 4271 1805 4307 σε
1833 4254 1926 4306 τὸν

2085 3985 2139 4039 4.
2169 3983 2348 4040 Sacra:
2383 3982 2552 4052 igitur
2577 3981 2873 4051 Scriptum
2921 3979 3264 4036 consuetudo
3296 3988 3383 4035 est
3421 3979 3608 4050 cogni-

2021 4078 2225 4131 tionem
2260 4075 2328 4130 de
2362 4076 2474 4129 Deo
2506 4089 2662 4144 aqua:
2704 4088 3045 4144 comparare.
3072 4071 3229 4140 Quod
3256 4073 3403 4128 enim
3427 4071 3609 4128 viviti-

2020 4183 2152 4224 cans
2188 4168 2279 4232 sit,
2320 4175 2556 4223 testatur
2587 4166 2837 4242 Salvator
2866 4166 2934 4221 ad
2963 4167 3180 4221 Patrem
3215 4166 3494 4221 caelestem
3521 4166 3610 4220 di—

2022 4275 2192 4316 cens:
2236 4279 2254 4311 ι
2288 4259 2414 4315 llaec
2438 4269 2622 4314 autem
2670 4269 2756 4314 est
2784 4259 2894 4314 vita
2925 4267 3154 4324 aeterna,
3183 4265 3244 4312 ut
3277 4267 3610 4330 cognoscant

331 4351 502 4419 μόνον
553 4347 808 4419 ἀληθινὸν
859 4345 1026 4413 Θεὸν,
1073 4346 1168 4398 καὶ
1212 4344 1270 4398 ὃν
1324 4342 1650 4407 ἀπέστειλας
1715 4340 1918 4413 Ἰησοῦν

2028 4358 2081 4406 te
2122 4352 2306 4407 solum
2357 4352 2530 4406 Deum
2580 4368 2795 4416 verum,
2835 4361 2891 4406 et
2941 4366 3103 4420 quem
3153 4350 3374 4414 misisti,
3423 4349 3612 4404 Jesum

331 4413 598 4513 Xptcn6v.
646 4413 675 4491 ν»
728 4436 1058 4510 Προσελάλει
1103 4436 1159 4490 δὲ
1212 4435 1305 4490 καὶ
1355 4434 1564 4506 γυναίῳ
1593 4432 1670 4504 τῷ
1724 4434 1788 4486 ἐκ
1824 4433 1918 4503 τῆς

2026 4442 2306 4498 Christum
2347 4443 2390 4496 ³.
2431 4461 2450 4494 ι
2491 4443 2776 4497 Mulierem
2805 4458 2937 4496 vero
2967 4423 3364 4496 Safnaritanam
3405 4440 3478 4494 ita
3512 4441 3614 4496 ali-

331 4531 663 4603 Σαμαρείας
709 4529 852 4600 φημί
905 4541 1066 4581 ποτε·
1107 4545 1126 4579 ι
1172 4526 1235 4580 Εἰ
1277 4524 1427 4596 ᾔδεις
1461 4524 1562 4596 τὴν
1599 4521 1806 4595 δωρεὰν
1829 4520 1925 4574 τοῦ

330 4621 520 4686 θεοῦ,“
544 4621 642 4674 καὶ
669 4621 752 4684 τίς
782 4621 930 4672 ἐστιν
954 4620 982 4671 6
1006 4619 1181 4687 λέγων
1215 4634 1299 4670 σοι
1329 4616 1418 4680 δός
1451 4633 1542 4684 μοι
1574 4616 1740 4679 πιεῖν,
1771 4613 1834 4666 σὺ
1860 4612 1927 4666 ἂν

327 4713 551 4782 ᾔτησας
587 4709 775 4775 αὑτὸν,
817 4711 912 4763 καὶ
938 4708 1142 4761 ἔδωκεν
1165 4707 1232 4762 ἀν
1256 4724 1338 4760 σοι
1363 4704 1506 4777 ὕδωρ
1539 4705 1666 4770 ζῶν.
1711 4723 1732 4756 ι
1760 4700 1926 4775 Οἶμαί

333 4821 446 4856 που
474 4803 566 4857 τὸν
611 4801 741 4872 παρ’
767 4799 958 4854 ἑαυτοῦ
997 4799 1158 4868 λόγον
1201 4799 1296 4853 καί
1337 4797 1619 4851 παίδευσιν
1641 4795 1927 4866 ὀνομάζων

331 4893 630 4958 ζωοποιόν.
663 4889 1014 4961 Προσεφώνει
1049 4891 1106 4944 δὲ
1140 4891 1236 4944 καὶ
1273 4892 1301 4944 6
1334 4888 1636 4958 Δεσπότης
1677 4907 1696 4940 ι
1740 4887 1810 4942 Εἴ
1843 4905 1927 4951 τις

327 4985 497 5055 διψᾷ,
534 4984 781 5056 ὲρχέσθω
815 4983 955 5054 πρός
991 4999 1078 5054 με,
1109 4983 1203 5037 καὶ
1233 4981 1458 5036 πινέτω.
1501 4999 1519 5032 ›
1552 4981 1662 5034 Καὶ
1694 4980 1802 5052 μὴν
1833 4981 1928 5034 καὶ

326 5075 429 5127 διὰ
460 5074 562 5144 τῆς
591 5073 688 5128 τοῦ
718 5075 1000 5146 προφήτου
1029 5075 1244 5152 φωνῆς,⁸
1267 5071 1580 5127 ἐπαιτιᾶταί
1607 5088 1761 5136 τινας
1786 5073 1928 5142 ἀμα-

329 5165 457 5228 θῶς
495 5164 908 5229 ἀπονεύσαντας
957 5168 1038 5230 εἰς
1079 5165 1142 5219 τὸ
1178 5167 1291 5220 δεῖν
1341 5165 1563 5237 ἑτέρους
1605 5164 1930 5236 προσίεσθαι

325 5255 701 5321 διδασκάλους
732 5255 872 5327 μετά
910 5257 1007 5330 τὴν
1033 5260 1090 5312 ὲν
1111 5257 1262 5329 νόμῳ
1287 5258 1569 5312 παίδευσιν
1589 5297 1608 5322 ,
1645 5259 1740 5312 και
1773 5259 1933 5311 ἐκκε-

327 5348 608 5412 κλικότας
637 5351 718 5412 εἰς
750 5349 1100 5413 διδασκαλίας
1135 5350 1227 5403 καὶ
1253 5349 1565 5421 ἐντάλματα
1604 5348 1929 5421 ἀνθρώπων.

323 5436 502 5511 “Et”,
529 5438 583 5494 δὲ
613 5439 811 5505 οὕτως’
854 5459 872 5493 ι
919 5439 1143 5513 Ἐξέστη
1167 5442 1196 5494 6
1229 5441 1456 5512 οὐρανὸς
1487 5441 1581 5494 ἐπὶ
1606 5440 1805 5512 τούτῳ,
1838 5443 1932 5496 καὶ

423 5607 450 5636 ⁸
472 5613 606 5672 Gen.
633 5631 787 5682 uix,
813 5615 866 5672 7.
940 5616 960 5648 "
985 5615 1007 5670 ι
1035 5616 1183 5672 Petr.
1207 5633 1261 5684 ν,
1303 5619 1357 5687 1,
1380 5619 1434 5674 2.
1513 5617 1533 5648 ⁸
1554 5618 1712 5675 Joan.
1742 5636 1870 5688 xvn,
1899 5621 1952 5676 3.

2025 4535 2153 4590 cubi
2193 4535 2493 4604 alloquitur
2517 4552 2529 4588 :
2573 4555 2590 4586 ι
2623 4533 2678 4589 Si
2713 4549 2906 4590 nosses
2933 4533 3138 4591 donum
3162 4534 3283 4598 Dei,
3308 4535 3508 4607 etquis
3529 4545 3612 4592 est

2025 4627 2120 4697 qui
2163 4626 2299 4682 dicit
2340 4627 2437 4682 tibi
2462 4669 2476 4691 ,
2505 4628 2584 4681 Da
2610 4626 2744 4681 mihi
2772 4634 2985 4696 potum,
3018 4636 3075 4682 tu
3105 4627 3329 4700 quidem
3379 4627 3616 4699 petisses

2025 4720 2094 4775 ab
2141 4735 2230 4786 eo,
2279 4729 2332 4775 et
2360 4719 2604 4776 dedisset
2647 4719 2744 4774 tibi
2773 4735 2974 4790 aquam
2996 4719 3123 4775 vita:
3151 4719 3196 4777 ’.
3238 4739 3256 4772 ›
3285 4720 3496 4789 Aquam
3531 4720 3618 4773 ni-

2025 4810 2225 4864 mirum
2268 4810 2415 4874 vitae,
2473 4825 2784 4864 sermonem
2819 4809 2886 4864 de
2911 4826 2988 4876 se,
3023 4819 3080 4866 et
3121 4810 3492 4866 viviﬁcantem
3510 4810 3612 4864 do-

2034 4902 2266 4955 ctrinam
2307 4900 2610 4969 appellans.
2662 4899 2868 4955 Judaeis
2927 4908 3112 4954 autem
3159 4900 3234 4954 ita
3282 4900 3459 4954 dixit:
3508 4918 3525 4950 ι
3555 4898 3611 4953 Si

2033 4989 2160 5060 quis
2206 4990 2344 5055 sitit,
2389 4991 2576 5046 veniat
2601 4991 2670 5046 ad
2699 5007 2809 5057 me,
2837 5001 2896 5046 et
2928 4991 3082 5046 bibat
3120 4991 3181 5043 ".
3225 5009 3243 5044 ›
3279 4989 3422 5056 Quin
3445 4991 3610 5045 etiam

2032 5097 2132 5153 per
2180 5096 2372 5136 vocem
2427 5083 2727 5155 prephetae,
2771 5083 3016 5152 increpat
3060 5079 3322 5151 quosdam
3361 5080 3455 5151 qui
3489 5093 3614 5152 post

2030 5180 2310 5242 acceptam
2358 5173 2592 5244 legalem
2645 5173 2988 5244 disciplinam
3028 5173 3097 5227 ad
3142 5172 3281 5228 alios
3323 5173 3617 5252 magistros

2033 5264 2288 5334 imperite
2338 5264 2701 5331 deﬂexerunt,
2736 5273 2793 5321 et
2821 5265 2887 5321 ad
2931 5264 3212 5323 doctrinas
3250 5273 3307 5322 et
3343 5274 3613 5339 pmcepta

2031 5355 2316 5410 hominum
2340 5371 2458 5411 sese
2493 5357 2867 5412 contulerunt.
2899 5357 2979 5412 Ita
3007 5357 3158 5414 enim
3192 5358 3271 5414 ait
3302 5375 3316 5412 :
3359 5377 3378 5410 ι
3409 5356 3614 5414 Obstu-

2033 5447 2151 5518 puit
2184 5448 2384 5503 ccelum
2413 5463 2579 5518 super
2612 5449 2735 5514 hoc,
2772 5457 2829 5504 et
2862 5451 3086 5507 tremuit
3122 5451 3304 5519 valde,
3337 5450 3473 5507 dicit
3502 5449 3618 5511 Do-

2027 5624 2046 5655 ’
2075 5622 2230 5679 Joan.
2264 5638 2337 5690 iv,
2368 5623 2451 5676 to.
2521 5625 2561 5655 ¹⁰
2585 5624 2738 5681 Joan.
2768 5641 2860 5694 vn,
2899 5626 2989 5687 '57.
