4004 6204
359 225 369 233 .
419 180 527 240 199
1440 178 1499 237 S.
1538 179 1815 239 CYRILLl
1850 178 2321 238 ALEXANDRINI
2360 170 2677 234 ARClill-LP.
2946 212 2963 224 ε
3201 202 3205 206 η
3571 172 3679 233 9.00

416 297 601 360 minus
632 314 646 351 :
690 296 820 366 quia
850 295 961 351 duo
993 294 1134 351 mala
1156 292 1287 351 fecit
1310 297 1546 368 populus
1578 314 1754 353 meus.
1786 298 1869 353 Me
1897 296 1980 353 de-

2101 296 2319 367 ἔφριξεν
2368 295 2461 348 ἐπὶ
2500 294 2713 356 πλεῖον,
2752 290 2898 361 λέγει
2941 284 3147 364 Κύριος
3172 307 3185 322 ·
3221 289 3304 344 ὅτι
3341 287 3436 344 δύο
3464 291 3679 371 πονηρὰ

416 388 761 458 reliquerunt
780 387 985 443 fontem
1007 403 1162 458 aqua:
1181 388 1337 453 vim,
1366 397 1423 444 et
1444 388 1700 444 foderunt
1731 389 1836 444 sibi
1866 390 1980 460 ipsi:

2101 385 2357 455 ἐποίησεν
2388 386 2416 437 6
2447 383 2574 445 λαός
2607 400 2731 452 μου.
2770 383 2900 452 Ἐμὲ
2939 380 3297 449 ἐγκατέλιπον
3336 378 3519 452 πηγὴν
3554 380 3680 434 ὓδα-

415 480 568 537 lacus
577 481 863 546 contritus,
881 480 976 550 qui
988 496 1101 535 non
1114 489 1376 551 poterunt
1389 482 1673 538 continere
1684 498 1881 551 aquam
1898 482 1980 543 “,1

2096 495 2190 541 τος
2216 477 2438 544 ζῶντος,
2466 478 2560 532 καὶ
2586 476 2799 548 ὤρυξαν
2830 477 3042 540 ἑαυτοῖς
3081 475 3319 539 λάκκους
3352 480 3676 548 συντετριμ-

414 571 583 641 Aqua
608 571 771 642 igitur
810 567 1114 636 viviﬁcans,
1136 571 1359 627 divinus
1385 581 1471 628 est
1493 588 1695 629 sermo.
1726 573 1980 629 Caeterun

2102 562 2419 641 μένους,οἳ
2452 571 2510 623 οὗ
2555 570 2878 639 δυνήσονται
2928 568 3073 641 ὕδωρ
3106 568 3369 638 συνέχειν.
3424 586 3443 619 ι
3491 569 3677 639 ’Ύδωρ

417 661 474 715 in
508 661 782 731 profundo
807 662 1104 717 admodum
1129 671 1215 718 est
1251 664 1376 730 sita,
1413 681 1594 736 neque
1622 667 1894 738 quispiam
1928 667 1998 721 il-

416 753 527 809 lam
579 754 787 823 absque
838 753 1039 810 sudore
1085 765 1486 826 consequatur;
1538 774 1650 813 non
1706 760 1853 815 enim
1904 776 1999 831 pa-

417 853 536 899 rata
577 857 664 902 est
698 846 765 899 iis
803 846 900 916 qui
938 847 1133 901 volunt
1181 847 1526 918 simpliciter.
1566 850 1841 906 Incumbit
1867 867 1999 907 vero

415 936 468 991 ei
524 936 665 1006 lapis
722 938 1101 1007 gravissimus,
1162 939 1366 1009 quique
1420 943 1701 1011 aegerrime
1755 944 1998 999 amoveri

298 1042 305 1051 '
416 1025 610 1094 possit,
660 1025 950 1082 ditlicultas
994 1028 1256 1082 nimirum
1287 1029 1599 1087 intellectus
1627 1032 1801 1088 nostri
1827 1034 2000 1090 imbe-

418 1117 697 1173 cillitatem
737 1134 1025 1189 superans,
1070 1128 1128 1175 et
1169 1137 1394 1178 necesse
1429 1125 1588 1194 plane
1623 1133 1683 1180 ut
1721 1140 1997 1181 summum

414 1208 661 1265 laborem
692 1211 1010 1277 adhibeant,
1045 1214 1142 1282 qui
1182 1216 1458 1285 spiritales
1479 1232 1609 1273 oves
1640 1227 1891 1287 pascunt,
1928 1218 1998 1273 ad

415 1298 558 1355 hanc
584 1300 957 1358 diﬂicultatem
981 1304 1342 1361 amoliendam
1365 1317 1528 1378 atque
1552 1310 1619 1365 ad
1641 1309 1998 1364 hauriendam

415 1409 635 1464 aquam,
670 1410 735 1450 ac
757 1397 929 1450 veluti
957 1413 1023 1453 ex
1068 1399 1342 1469 profundo
1378 1400 1740 1467 educendum,
1778 1401 1997 1456 audito-

2096 659 2159 732 δὴ
2192 656 2286 714 οὖν
2329 661 2391 714 τὸ
2426 661 2723 726 ζωοποιὺν,
2768 661 2796 713 6
2842 660 2983 723 θεῖος
3020 659 3085 713 ἂν
3113 661 3196 731 εἴη
3224 659 3401 728 λόγος.
3438 659 3585 732 Πλὴν
3618 662 3678 716 ιν

2100 752 2253 822 βάθει
2277 756 2453 807 κεῖται
2484 753 2682 823 πολλῷ,
2714 753 2808 805 καὶ¹
2861 755 2963 817 οὐκ
3002 752 3067 806 ἂν
3091 748 3244 823 οἶμαί
3278 770 3361 816 τις
3390 754 3551 807 αὑτὸν
3581 755 3677 808 ἀνί

2100 845 2287 917 ιδρωτὶ
2318 845 2607 917 πορίσαιτό
2658 862 2808 900 ποτε.
2846 845 2920 898 Οὐ
2964 844 3073 915 γὰρ
3121 845 3337 915 ἕτοιμος
3384 846 3524 898 ἑλεῖν
3563 849 3675 908 τοῖς

2097 934 2371 987 ἐθέλουσιν
2399 934 2606 997 ἀπλῶς,
2658 932 3027 1003 Ἑπωματίζει
3053 934 3109 988 δὲ
3143 932 3333 1006 ῶσπερ
3354 935 3500 999 λίθος
3524 935 3675 1005 αὐτῴ

2099 1026 2270 1097 βαρὺς
2310 1026 2407 1079 καὶ
2452 1025 2984 1095 δυσπαρακόμιστος,
3011 1027 3044 1094 ἡ
3075 1026 3204 1096 περὶ
3237 1026 3397 1079 αὑτὸν
3436 1027 3673 1095 ἀσάφεια

2095 1118 2193 1186 τῆς
2233 1119 2292 1170 ὲν
2321 1119 2451 1188 ἡμῖν
2488 1117 2727 1181 διανοίας
2764 1117 2969 1171 νικῶσα
2995 1119 3054 1170 τὸ
3078 1117 3325 1189 ἀδρανὲς.
3358 1117 3470 1172 Καὶ
3498 1119 3565 1189 δὴ
3594 1118 3675 1171 δεῖ

2098 1208 2261 1262 πόνου
2306 1208 2402 1262 καὶ
2436 1208 2657 1279 ἱδρῶτος
2706 1208 2917 1280 μακροῦ
2969 1212 3081 1271 τοῖς
3136 1208 3206 1261 τὰ
3247 1208 3415 1279 νοητὰ
3444 1211 3674 1262 κατανῦ

2099 1318 2259 1372 μουσι
2298 1300 2590 1371 θρέμματα
2640 1300 2777 1372 πρὸς
2813 1300 2874 1353 τὸ
2918 1298 3225 1365 ἀπαλλάξαι
3258 1302 3356 1371 μὲν
3398 1301 3497 1371 τῆς
3536 1280 3673 1355 ἀσα-

2098 1393 2256 1461 φείας
2314 1393 2405 1445 τὸν
2446 1391 2624 1460 λόγον,
2687 1390 2993 1464 ἀρύσασθαί
3044 1408 3104 1443 τε
3151 1390 3293 1445 οὕτω
3336 1391 3518 1445 λοιπὸν
3574 1392 3672 1446 καὶ

415 1484 571 1539 ribus
608 1484 665 1538 in
705 1501 865 1541 usum
908 1488 1033 1544 vita:
1070 1491 1547 1561 suppeditandam.
1597 1493 1770 1547 Porro
1817 1501 1980 1562 pasto-

2095 1484 2260 1539 οίονεί
2293 1501 2410 1547 πως
2463 1484 2529 1538 ὲκ
2575 1483 2774 1553 βάθους
2828 1485 2907 1545 εἰς
2954 1481 3044 1535 τὸν
3075 1482 3186 1536 ἀνω
3216 1498 3276 1534 τε
3314 1481 3407 1534 καὶ
3430 1482 3671 1552 ἐμφανὲς

413 1590 506 1631 res
529 1577 795 1646 gentium,
833 1579 940 1633 hoc
975 1590 1062 1635 est
1105 1582 1200 1651 qui
1226 1582 1369 1652 apud
1395 1599 1490 1638 eos
1519 1584 1769 1655 plerique
1791 1584 1998 1641 haben-

2097 1577 2358 1644 ὲνεγκεῖν,
2384 1573 2705 1645 παραθεῖναι
2745 1590 2804 1627 τε
2843 1573 3028 1642 σαφῶς
3050 1574 3128 1635 είς
3161 1572 3460 1627 ἀπόλαυσιν
3491 1572 3671 1642 ζωαρ-

414 1677 506 1721 tur
536 1669 833 1738 sapientes,
870 1671 1137 1728 varietate
1165 1673 1483 1744 dogmatum
1538 1675 1606 1730 de
1656 1676 1789 1741 Deo,
1843 1675 1980 1732 veri-

2096 1669 2162 1737 κῆ
2217 1669 2331 1730 τοῖς
2383 1665 2809 1736 ἐντευξομένοις.
2860 1665 2998 1718 Ἀλλ’
3049 1666 3099 1717 οἱ
3142 1664 3242 1735 μὲν
3289 1665 3419 1735 παρ’
3443 1656 3669 1735 Ἕλλησι

416 1766 584 1814 tatem
626 1760 1035 1829 quodammodo
1074 1763 1421 1819 subvertunt.
1487 1765 1644 1835 123
1695 1765 1813 1819 Non
1844 1766 1992 1821 enim

413 1857 564 1904 recte
615 1850 684 1905 de
720 1866 788 1905 eo
837 1852 1124 1907 sentiunt:
1162 1854 1488 1910 conﬁtentes
1514 1855 1739 1925 quidem
1770 1856 1868 1911 Dei
1890 1871 1992 1910 na-

414 1946 614 2007 turam,
675 1943 982 2001 tribuentes
1029 1960 1163 2000 vero
1214 1946 1446 2001 Deitatis
1499 1949 1749 2017 gloriam,
1791 1948 1992 2018 quibus

412 2033 548 2103 ipsis
598 2024 775 2090 visum
826 2036 1010 2092 fuerit.
1050 2038 1262 2094 Sufﬁcit
1305 2050 1488 2095 autem
1517 2049 1573 2095 et
1600 2040 1821 2109 quidem
1850 2056 1993 2096 unus

409 2124 564 2179 solus
593 2134 875 2194 pastorum
898 2128 955 2183 in
978 2128 1200 2185 Christo
1224 2130 1292 2185 ad
1316 2130 1707 2186 dimovendum
1736 2146 1768 2186 a
1801 2140 1987 2201 puteo,

411 2218 765 2286 quantumvis
803 2235 966 2290 grave
1020 2237 1234 2288 saxum,
1279 2222 1384 2277 hoc
1426 2230 1529 2285 est,
1563 2223 1987 2294 operimentum,

409 2314 468 2362 et
508 2307 906 2376 difﬁcultatem,
957 2313 1159 2381 quibus
1191 2313 1478 2369 sententiae
1498 2313 1565 2368 de
1588 2314 1700 2368 Deo
1730 2323 1860 2370 sunt
1887 2315 1989 2369 ob-

406 2399 604 2455 lectat:
665 2401 811 2456 unde
862 2404 1207 2459 manifestam
1259 2405 1516 2475 gentibus
1551 2404 1813 2461 hauriunt
1848 2406 1991 2461 veri-

410 2495 600 2557 tatem,
629 2500 795 2561 atque
826 2508 997 2548 unum
1035 2495 1361 2550 naturaliter
1396 2510 1460 2550 ac
1496 2510 1625 2551 vere
1652 2496 1825 2551 Deum
1856 2496 1989 2568 ipsis

408 2590 746 2650 proponunt.
795 2582 1066 2649 Quocirca
1115 2586 1310 2640 beatus
1357 2587 1559 2642 Paulus
1591 2602 1716 2641 cum
1748 2586 1989 2643 Athenas

409 2671 674 2738 venisset,
704 2674 1047 2743 sapientibus
1078 2679 1199 2747 ejus
1221 2677 1460 2733 civitatis
1485 2694 1683 2749 aquam
1712 2679 1987 2735 viventem

404 2764 681 2834 apposuit,
700 2764 920 2821 dicens:
946 2786 964 2819 ι
1000 2768 1115 2823 Vir’i
1138 2768 1526 2835 Athenienses,
1553 2756 1651 2840 per
1671 2771 1854 2824 omnia
1872 2770 1987 2827 fere

403 2868 504 2908 vos
515 2855 1010 2926 superstitiosiores
1033 2857 1215 2913 video.
1240 2859 1567 2915 Prteteriens
1593 2861 1760 2928 enim,
1787 2861 1982 2933 inquit,

403 2952 462 3000 et
489 2948 869 3017 contemplans
913 2948 1208 3005 simulacra
1254 2959 1460 3017 vestra,
1512 2950 1696 3006 inveni
1731 2959 1787 3005 et
1827 2967 1983 3007 aram

403 3036 495 3092 cui
543 3037 869 3109 inscriptum
913 3050 1069 3095 erat:
1104 3041 1294 3112 Ignoto
1321 3044 1451 3097 Deo.
1474 3041 1645 3108 Quem
1674 3058 1805 3112 ergo
1833 3043 1985 3112 igno-

403 3136 591 3184 rantes
625 3130 826 3197 colitis,
852 3131 1002 3186 hunc
1035 3147 1136 3200 ego
1157 3132 1424 3186 annuntio
1444 3132 1602 3187 vobis
1634 3135 1697 3187 ¹².
1726 3152 1744 3185 ι
1772 3134 1984 3191 Videtis

403 3219 549 3273 enim
575 3235 685 3288 quo
717 3228 898 3289 pacto,
924 3221 1139 3275 etiamsi
1166 3222 1495 3291 pupulorum
1517 3223 1978 3293 przefectiessent,

401 3316 780 3378 pastoresque,
825 3317 882 3365 et
927 3311 1115 3377 duces,
1159 3313 1383 3368 vixdum
1434 3315 1703 3370 tantillum
1728 3316 1983 3387 gravissi-

400 3410 557 3451 mum
589 3392 827 3468 lapidem
851 3415 882 3454 a
918 3407 1085 3470 puteo
1112 3399 1413 3468 dimovent,
1442 3403 1530 3473 pie
1568 3404 1789 3475 quidem
1818 3420 1980 3476 agere

398 3503 461 3547 se
509 3488 909 3556 existimantes,
958 3489 1105 3560 quod
1138 3492 1309 3548 Deum
1341 3503 1747 3561 revererentur,
1772 3504 1827 3549 at
1845 3511 1979 3551 vero

399 3577 560 3651 longe
604 3580 889 3636 averitate
934 3582 1271 3639 aberrantes.
1308 3585 1596 3640 Exstructo
1615 3586 1761 3639 enim
1793 3585 1973 3653 altari,

400 3665 624 3726 titulum
664 3671 1067 3742 imposuerunt,
1114 3674 1302 3746 Ignoto
1344 3675 1472 3740 Deo,
1518 3675 1623 3732 hoc
1662 3684 1764 3757 est,
1810 3677 1975 3732 etiam

397 3778 511 3819 non
553 3765 770 3837 cognito
812 3765 1067 3822 daemoni.
1110 3765 1385 3822 Caeterum
1420 3767 1498 3822 illi
1528 3768 1747 3838 quidem
1771 3769 1974 3839 optime

396 3868 457 3911 se
483 3853 551 3909 de
586 3856 699 3910 Deo
729 3849 936 3911 sentire
962 3856 1246 3926 putabant.
1276 3857 1506 3911 Damnat
1538 3866 1720 3914 autem
1748 3874 1868 3913 eam
1890 3859 1976 3913 in-

395 3944 756 4016 scriptionem
801 3946 1021 4001 divinus
1061 3946 1262 4002 Paulus
1287 3987 1303 4013 ,
1344 3948 1743 4019 artiﬁcioseque
1786 3948 1975 4004 admo-

396 4030 530 4086 dum
584 4033 653 4088 ad
697 4033 752 4087 id
798 4034 945 4104 quod
972 4036 1193 4105 expedit
1233 4035 1475 4102 deducit,
1531 4036 1809 4094 Christum
1851 4055 1972 4095 esse

395 4121 588 4176 dicens
632 4124 805 4177 Deum
847 4124 981 4193 ipsis
1029 4126 1294 4197 ignotum.
1333 4147 1352 4179 ι
1376 4128 1547 4193 Quem
1572 4129 1719 4184 enim
1742 4147 1860 4196 vos,
1889 4133 1972 4187 in-

394 4213 536 4281 quit,
563 4213 875 4284 ignorautes
897 4215 1098 4281 colitis,
1133 4217 1279 4271 hunc
1309 4232 1409 4288 ego
1436 4220 1701 4275 annuntio
1734 4222 1909 4278 vobis.
1943 4243 1961 4275 ι

393 4302 561 4360 Vides
596 4320 706 4374 quo
738 4314 897 4376 pacto
931 4308 1133 4362 retexit
1175 4316 1422 4378 puteum,
1459 4311 1800 4381 removitque
1829 4313 1968 4383 lapi-

393 4396 542 4467 dem,
601 4407 659 4453 et
707 4398 1072 4455 viviﬁcantem
1124 4400 1489 4472 cognitionem
1535 4401 1667 4473 ipsis
1710 4405 1966 4460 ostendit.

393 4486 842 4557 lncomparabilis
882 4488 1050 4559 igitur
1078 4500 1162 4544 est
1195 4498 1474 4560 pastorum
1504 4490 1787 4545 industriae
1809 4491 1969 4546 ditl'e-

393 4577 590 4632 rentia.
636 4576 720 4632 Illi
762 4579 930 4642 enim,
975 4579 1193 4634 etiamsi
1238 4581 1393 4634 multi
1443 4580 1737 4635 admodum
1760 4589 1966 4646 essent,

390 4682 576 4722 veram
600 4667 667 4722 de
688 4664 801 4723 Deo
826 4671 1155 4725 sententiam
1183 4670 1419 4726 assecuti
1444 4688 1553 4726 non
1579 4681 1726 4739 sunt,
1769 4680 1826 4728 et
1863 4673 1966 4729 do-

388 4763 631 4828 gmatum
678 4755 1015 4814 obscuritate
1037 4758 1191 4826 victi,
1226 4759 1294 4814 ad
1330 4759 1385 4813 id
1417 4760 1564 4830 quod
1586 4760 1721 4830 ipsis
1744 4761 1966 4818 videba—

388 4854 497 4915 tur,
545 4845 712 4904 delati
753 4857 901 4905 sunt.
927 4850 1029 4907 llic
1065 4866 1198 4905 vero
1222 4851 1326 4907 etsi
1349 4851 1498 4906 solus
1522 4852 1809 4919 exsistens,
1835 4870 1961 4924 pro-

385 4941 570 5010 p’osuit
602 4941 914 4998 veritatem.
952 4942 1226 4999 Amolitus
1254 4944 1399 4999 enim
1437 4952 1521 5000 est
1546 4944 1779 5015 lapidem
1811 4946 1960 5002 solus

388 5024 572 5096 lacob,
596 5037 676 5091 ,ει
725 5033 980 5088 Rachelis
1017 5048 1147 5089 oves
1189 5032 1497 5104 adaquavit.
1530 5034 1703 5088 Porro
1740 5034 1958 5105 dignam

382 5121 570 5185 etiam,
609 5140 730 5191 qua:
759 5134 1057 5191 amaretur,
1084 5126 1302 5181 censuit
1328 5125 1585 5196 puellam.
1621 5144 1640 5179 ¢
1667 5124 1958 5182 Osculatus

2095 1756 2371 1827 ποιμένες,
2396 1756 2693 1819 τουτέστιν,
2729 1755 2780 1806 οἱ
2817 1754 2950 1823 παρ’
2983 1754 3167 1817 αὐτοῖς
3201 1754 3355 1823 σοφοὶ
3386 1754 3480 1807 καὶ⁵
3507 1752 3672 1822 λογά-

2091 1849 2181 1913 δες
2229 1847 2416 1902 πολλοὶ
2460 1846 2555 1901 καὶ
2592 1845 2733 1900 κατὰ
2773 1846 2985 1916 πληθὺν
3022 1844 3334 1908 συνθέοντες
3373 1844 3483 1898 τῶν
3540 1831 3669 1913 περί

2093 1938 2226 1994 Θεοῦ
2251 1940 2536 2011 δογμάτων
2559 1938 2724 1992 οἱονεὶ
2745 1937 2806 1991 τὸ
2836 1936 3037 2008 ἀληθὲς
3064 1934 3448 2007 παροχλίζουσι
3471 1952 3485 1965 ·
3520 1934 3668 1999 δοξά-

2093 2031 2244 2097 ζουσι
2263 2031 2370 2102 γὰρ
2387 2031 2487 2084 οὐκ
2515 2030 2651 2103 ὀρθὰ
2674 2031 2802 2102 περὶ
2838 2029 3027 2095 αὑτοῦ,
3055 2028 3189 2082 Θεοῦ
3224 2028 3322 2100 μὲν
3337 2027 3667 2099 ὁμολογοῦν-ί

2090 2140 2181 2186 τες
2219 2122 2415 2192 φύσιν,
2454 2122 2804 2192 διανέμοντες
2841 2120 2897 2175 δὲ
2934 2121 3034 2191 τὴν
3063 2121 3162 2191 τῆς
3200 2120 3451 2191 θεότητος
3486 2119 3665 2184 δόξαν,

2090 2211 2172 2278 οἷς
2205 2215 2270 2269 ἂν
2304 2214 2508 2268 ἕλοιντο
2536 2214 2718 2285 τυχόν.
2759 2213 3013 2286 Ἐξαρκεῖ
3036 2213 3091 2266 δὲ
3122 2214 3216 2267 καὶ
3260 2214 3419 2284 μόνος
3442 2209 3523 2277 εἷς
3556 2211 3669 2267 τῶν

2090 2304 2149 2359 ὲν
2176 2303 2398 2376 Χριστῷ
2417 2305 2693 2374 ποιμένων
2720 2303 3051 2374 ἀποκινῆσαι
3075 2302 3168 2356 τοῦ
3196 2302 3449 2374 φρέατος,
3484 2304 3669 2355 καίτοι

2090 2396 2283 2467 κομιδῇ
2322 2394 2772 2465 δυσδιακόμιστον
2797 2393 2927 2448 ὄντα
2949 2393 3037 2447 τὸν
3063 2393 3211 2448 λίθον
3231 2409 3247 2427 ο
3276 2382 3542 2457 τουτέστι,
3565 2392 3667 2463 τὴν

2090 2486 2505 2559 ὲπερῤιμμένην
2532 2488 2652 2549 ταῖς
2690 2484 2820 2557 περὶ
2859 2484 2993 2538 Θεοῦ
3020 2485 3198 2549 δόξαις
3242 2483 3565 2553 ὲπικάλυψίν
3603 2500 3667 2536 τε

2089 2579 2188 2632 καὶ
2237 2578 2543 2648 ἀσάφειανί
2575 2576 2698 2630 ὅθεν
2747 2575 2953 2648 ἐναργῆ
2998 2579 3110 2639 τοῖς
3152 2575 3327 2629 ἔθνεσι
3360 2572 3663 2627 καθιστῶσι

2086 2669 2186 2742 τὴν
2242 2668 2520 2740 ἀλήθειαν,
2567 2667 2662 2722 καὶ
2697 2666 2790 2721 τὸν
2822 2667 2919 2720 ἕνα
2963 2667 3059 2719 καὶ
3098 2664 3255 2735 φύσει
3301 2663 3395 2718 ml.
3445 2662 3662 2733 ἀληθῶς

2089 2758 2550 2833 παραδεικνύντες
2594 2759 2748 2822 Θεὸν,
2779 2758 2840 2812 οὐ
2874 2756 3261 2811 διαλελοίπασι.
3293 2756 3410 2810 Καὶ
3461 2753 3594 2825 γοῦν
3630 2744 3661 2807 6

2092 2852 2363 2924 μακάριος
2389 2851 2602 2915 Παῦλος
2645 2850 2930 2921 Ἀθήνῃσιν
2962 2847 3151 2913 ἐλθὼν,
3177 2851 3287 2911 τοῖς
3312 2846 3437 2919 τῇδε
3467 2845 3658 2914 λογάσι

2086 2943 2146 2995 τὸ
2182 2942 2327 3014 ὕδωρ
2355 2942 2416 2995 τὸ
2446 2941 2553 3005 ζῶν
2602 2940 2901 3012 παρετίθει,
2946 2939 3138 3008 λέγων’
3173 2959 3191 2992 ι
3227 2939 3459 3010 ’Λνδρες
3499 2937 3661 3008 ’Λθηο

2010 3013 2052 3071 (ἶ
2085 3034 2263 3111 ναῖοι,
2318 3032 2457 3083 κατὰ
2519 3030 2696 3083 πάντα
2753 3030 2828 3094 ὡς
2881 3029 3466 3101 δεισιδαιμονεστέρους
3511 3028 3661 3098 ὑμᾶς

2085 3122 2293 3193 θεωρῶ.
2342 3122 2701 3194 Διερχόμενος
2730 3122 2837 3193 γὰρ
2859 3161 2875 3186 ,
2910 3120 3064 3191 φησι,
3100 3121 3193 3173 καὶ
3233 3117 3557 3191 ἀναθεωρῶν
3587 3119 3662 3173 τὰ·

2085 3212 2403 3284 σεϐάσματα
2456 3214 2631 3282 ὑμῶν,
2678 3207 2833 3285 εὗρον
2873 3215 2967 3267 καὶ
3000 3213 3203 3284 βωμὸν,
3242 3213 3299 3265 ὲν
3331 3204 3379 3278 ᾦ
3421 3212 3660 3282 ἐπεγρά-

2082 3321 2212 3374 φετο
2234 3318 2249 3333 θ
2300 3300 2584 3375 Ἀγνώστῳ
2604 3303 2741 3376 Θεῷ.
2765 3307 2860 3361 “Ov
2881 3302 2974 3359 οῦν
3001 3303 3323 3374 ἀγνοοῦντες
3355 3302 3657 3368 εὐσεϐεῖτε,

2078 3393 2266 3448 τοῦτον
2309 3394 2419 3463 ἐγὼ
2461 3396 2814 3465 καταγγέλλω
2854 3397 3005 3467 ὑμῖν.
3039 3415 3058 3449 ι
3092 3396 3331 3449 Βλέπετε
3364 3395 3473 3465 γὰρ
3504 3394 3656 3459 ὅπως

2079 3484 2255 3539 καίτοι
2279 3485 2423 3540 λαῶν
2466 3486 2618 3550 ὅντες
2659 3487 2972 3558 ἡγούμενοι,
3024 3488 3119 3541 καὶ
3156 3478 3265 3540 τῶν
3305 3486 3457 3558 παρά
3499 3492 3659 3554 σφιτις

2078 3577 2332 3648 ποιμένες
2371 3578 2463 3631 καὶ
2512 3578 2842 3650 καθηγηταί,
2882 3579 3030 3651 μόλις
3068 3579 3161 3633 τοῦ
3202 3580 3431 3652 φρέατος
3475 3579 3655 3651 βραχὺ

2032 3667 2051 3687 '
2078 3669 2482 3739 παροχλίζουσι,
2505 3669 2594 3723 τὸν
2616 3670 2854 3741 δυσαχθῆ
2878 3670 3045 3735 λίθον,
3069 3672 3310 3725 εὐσεϐεῖν
3349 3671 3447 3741 μὲν
3467 3671 3653 3740 οἰόμε-

2076 3777 2177 3821 νοι,
2209 3759 2296 3813 διά
2322 3776 2385 3827 γε
2424 3760 2524 3830 τῆς
2548 3762 2626 3823 εἰς
2658 3760 2719 3814 τὸ
2745 3761 2886 3815 θεῖον
2912 3761 3111 3825 αἰδοῦς,
3148 3761 3278 3815 πολὺ
3306 3761 3363 3814 δὲ
3394 3762 3492 3832 τῆς
3516 3760 3652 3834 ἀληε

2078 3850 2227 3915 θείας
2285 3850 2714 3922 ἀπεσφαλμένοι.
2777 3853 2969 3924 Βωμὸν
3019 3850 3129 3924 γὰρ
3178 3853 3598 3925 ἀναδειμάμενοι
3628 3893 3647 3920 ,

2077 3941 2297 4013 γραφὴν
2327 3942 2711 4006 ὲνεκόλαπτον,
2753 3943 3053 4012 Ἅγνὼστῳ
3087 3943 3226 4009 Θεῷ,
3255 3945 3520 4007 τουτέστι,
3552 3933 3650 3998 καὶ

2074 4032 2152 4102 τῷ
2185 4032 2262 4103 μὴ
2289 4033 2587 4108 γνωσθέντι
2615 4034 2851 4103 δαίμονι.
2894 4034 3032 4088 Ἀλλ’
3067 4036 3263 4089 ἐκεῖνοι
3296 4035 3397 4106 μὲν
3416 4035 3648 4108 ἀρίστην

2073 4124 2319 4196 ἐνόμιζον
2364 4104 2459 4178 ιτὲι
2508 4124 2626 4195 Θεῷ
2663 4125 2760 4196 τὴν
2798 4126 2955 4192 δόξαν
2998 4120 3158 4181 ἑλεῖν.
3205 4104 3648 4197 Κατασοφίζεται

2070 4215 2126 4269 δὲ
2165 4215 2264 4288 τὴν
2302 4214 2520 4288 γραφὴν
2572 4218 2601 4270 6
2642 4216 2930 4281 θεσπέσιος
2969 4217 3213 4285 Παῦλος,
3265 4216 3359 4297 καῖ
3401 4218 3535 4271 πολὺ
3577 4218 3650 4289 δὴ

2004 4345 2045 4398 D
2070 4305 2186 4359 λίαν
2214 4306 2479 4377 εὐτέχνως
2507 4308 2629 4376 ἄγει
2660 4309 2793 4380 πρὸς
2828 4309 2887 4361 τὸ
2910 4303 3202 4380 χρήσιμον,
3224 4309 3315 4362 τὸν
3353 4309 3452 4363 οὐκ
3474 4309 3648 4377 ἐγνω-

2073 4396 2268 4467 σμένον
2307 4398 2487 4463 αὺτοῖς
2523 4399 2676 4463 Θεὸν,
2700 4401 2931 4471 Χριστὸν
2954 4397 3088 4455 εἶναι
3118 4401 3311 4471 λέγων.
3346 4419 3365 4453 ι
3407 4403 3503 4456 Ὃν
3532 4400 3647 4472 γὰρ

2070 4490 2248 4560 ὑμεῖς,
2270 4490 2457 4559 φησὶν,
2484 4490 2804 4557 ἀγνοοῦντες
2820 4490 3118 4555 εὐσεϐεῖτε,
3153 4490 3340 4545 τοῦτον
3368 4492 3478 4560 ἐγὼ
3507 4509 3642 4545 κατ-

2067 4579 2314 4650 αγγέλλω
2347 4580 2499 4651 ὑμῖν.
2534 4598 2552 4631 ι
2600 4582 2762 4651 Ὀρᾷς
2801 4582 2947 4643 ὅπως
2980 4582 3296 4652 ἀπεκάλυψε
3336 4581 3399 4636 τὸ
3439 4581 3637 4653 φρέαρ,

2067 4670 2362 4725 ἀπεκύλισε
2397 4671 2487 4725 τὸν
2521 4670 2688 4733 λίθον,
2720 4672 2817 4744 τὴν
2841 4670 3105 4737 ζωοποιὸν
3130 4674 3315 4738 αὐτοῖς
3353 4674 3643 4745 παρέδειξε

2014 4777 2021 4783 '
2065 4760 2284 4831 γνῶσιν.
2321 4760 2677 4834 Ἀσύγκριτος
2707 4763 2881 4816 τοίνυν
2911 4764 3009 4835 τῆς
3035 4764 3142 4817 τῶν
3174 4764 3444 4834 ποιμένων
3476 4765 3642 4834 ἀγχιε

2063 4854 2212 4918 νοίας
2244 4856 2297 4931 ’ἡ
2339 4854 2589 4928 διαφορά.
2636 4857 2699 4909 υἱ
2751 4856 2849 4927 μὲν
2901 4856 3042 4931 γὰρ.
3088 4859 3266 4912 καίτοι
3312 4858 3431 4912 λίαν
3480 4858 3637 4920 ὄντες

2066 4928 2273 5012 πολλοί
2309 4946 2407 5016 τῆς
2433 4946 2666 5018 ἀληθοῦς
2688 4947 2816 5017 περὶ
2850 4928 2992 5002 Θεοῦ.
3017 4949 3174 5019 δόξης
3210 4951 3439 5004 κατόπιν
3464 4949 3639 5020 ⁴ᾔεσαν

2064 5037 2159 5091 καὶ
2193 5037 2293 5109 τῆς
2336 5037 2445 5090 τῶν
2487 5037 2772 5109 δογμάτων
2804 5039 3069 5108 ἀσαφείας
3110 5040 3431 5112 ἡττώμενοι,
3462 5058 3639 5113 παρεει

2063 5127 2294 5199 φέροντο
2332 5128 2468 5200 πρὸς
2492 5129 2554 5183 τὸ
2572 5129 2781 5185 δοκοῦν.
2807 5132 2865 5184 Ὀ
2898 5124 2955 5184 δὲ
2980 5132 3156 5187 καίτοι
3187 5133 3346 5203 μόνος
3366 5133 3442 5187 ὢν
3470 5151 3641 5204 napa-

382 5208 530 5265 enim
576 5218 678 5275 est,
740 5215 936 5285 inquit,
978 5216 1203 5282 Rachel,
1249 5225 1304 5272 et
1334 5216 1586 5287 cognitus
1625 5216 1845 5286 quidem
1871 5225 1956 5274 est

2077 5221 2198 5275 τίθει
2224 5221 2324 5291 τὴν
2355 5221 2628 5292 ἀλήθειαν.
2684 5223 3002 5278 Ἀπεκύλισε
3034 5224 3142 5297 γὰρ
3177 5226 3269 5281 τὸν
3294 5226 3439 5280 λίθον
3471 5225 3639 5296 μόνος

382 5295 564 5354 statim
607 5316 637 5354 a
670 5301 856 5357 Laban
902 5303 967 5369 ³³,
1003 5323 1021 5355 ι
1065 5306 1159 5375 qui
1186 5305 1350 5360 domo
1371 5319 1469 5360 sua
1501 5303 1760 5376 deinceps
1792 5322 1952 5362 cxce-

382 5387 482 5457 pit,
504 5406 800 5462 amoreque
822 5398 877 5449 et
900 5394 1243 5466 amplexibus
1269 5397 1525 5470 dignatus
1546 5406 1631 5454 est
1654 5399 1840 5455 fratris
1867 5400 1952 5455 sui

452 5573 491 5604 “
516 5572 718 5627 .lcrem.
756 5594 812 5644 ιε,
848 5577 926 5641 l2,
966 5579 1045 5631 ιδ.
1125 5581 1164 5612 ¹⁹
1199 5582 1315 5636 Act.
1348 5598 1475 5649 xvu,
1510 5582 1600 5651 2‘2,
1636 5581 1722 5635 95.

2060 5314 2088 5365 6
2127 5310 2341 5375 Ἰακὼϐ,
2378 5312 2471 5366 καὶ
2507 5312 2576 5400 τρι
2605 5313 2709 5366 ὑπὸ
2735 5314 2835 5386 τὴν
2875 5315 3079 5388 Ῥαχὴλ
3113 5316 3320 5381 ποτίζει
3359 5316 3636 5388 πρόϐατα.

2061 5401 2169 5456 Καί
2198 5401 2298 5471 μέν
2317 5418 2395 5454 τοι
2426 5401 2743 5474 ἀξιέραστον
2766 5406 2949 5475 ἡγεῖτο
2978 5404 3076 5475 τὴν
3104 5406 3290 5479 κόρην.
3318 5426 3336 5461 ι
3373 5406 3631 5479 Ὲφίλιλσε

1804 5584 1845 5613 ’³
1875 5583 2011 5639 Ceu.
2049 5600 2191 5651 xxix,
2233 5584 2314 5638 ll.
