4032 6198
516 224 638 281 ωτι

1564 226 1618 280 S.
1660 224 1934 283 CYRILLI
1975 228 2443 291 ALEXANDle
2484 231 2799 289 ARCHIEP.

3679 234 3784 296 ιω

537 352 767 416 septem,
793 350 848 399 et
870 351 1025 397 erant
1049 357 1232 397 coram
1264 356 1331 396 eo
1360 343 1512 413 quasi
1538 344 1654 400 dies
1679 347 1858 417 pauci,
1881 363 1947 402 eo
1968 365 2096 418 quo:

2218 351 2410 421 ἑτέρῳ.
2443 353 2678 420 υίκησον
2732 355 2850 423 μετ’
2875 352 3031 424 ἐμοῦ.
3083 354 3193 409 Καὶ
3241 353 3554 413 ἐδούλευσεν
3597 357 3794 415 Ἰακὼῦ

536 435 789 506 diligeret
819 433 935 503 ipse
965 449 1104 489 eam.
1135 434 1277 489 Dixit
1308 444 1490 489 autem
1512 435 1680 492 Jacob
1699 439 1768 492 ad
1794 438 1979 502 Laban
2001 441 2110 497 :Da

524 523 672 579 mihi
706 537 931 596 uxorem
963 538 1171 590 meam,
1204 524 1414 597 impleti
1442 536 1570 580 sunt
1602 526 1750 582 enim
1780 528 1898 603 dies
1921 541 1982 597 ut
2023 531 2111 591 in-

528 612 753 684 grediar
796 613 866 667 ad
905 628 1047 668 eam.
1090 612 1452 685 Congregavit
1481 624 1665 670 autem
1702 616 1887 691 Laban
1922 636 2112 679 omnes

538 709 681 764 viros
709 707 836 772 loci,
862 716 920 761 et
952 706 1081 762 fecit
1110 708 1352 778 nuptias,
1391 718 1447 763 et
1485 708 1627 771 facta
1662 720 1747 767 est
1783 728 2028 786 vespera,
2056 698 2113 767 et

528 800 808 869 accipiens
842 797 993 852 Liam
1025 797 1189 853 tiliam
1217 815 1369 853 suam
1405 800 1708 855 introduxit
1735 802 1809 865 ad
1833 803 2020 859 Jacob.
2045 805 2112 859 Et

537 892 814 961 ingressus
839 897 923 944 est
946 888 1016 943 ad
1045 904 1163 944 eam
1191 889 1381 945 Jacob.
1405 891 1564 945 Dedit
1585 902 1767 947 autem
1792 892 1976 949 Laban
2000 893 2111 949 Lia:

530 981 657 1047 tilia:
680 997 794 1037 suae
826 981 1086 1052 Zelpham
1119 982 1372 1037 ancillam
1400 998 1554 1038 suam
1593 984 1672 1038 illi
1703 985 1979 1051 ancillam.
2004 985 2109 1039 Fa«

530 1078 681 1127 ctam
705 1079 790 1127 est
813 1080 997 1126 autem
1023 1087 1203 1138 mane,
1231 1081 1288 1127 et
1307 1088 1437 1129 ecce
1462 1083 1581 1129 erat
1606 1075 1723 1130 Lia.
1758 1076 1903 1130 Dixit
1927 1085 2108 1135 autem

523 1163 698 1218 Jacob
732 1162 801 1218 ad
828 1162 1015 1218 Laban
1049 1180 1062 1217 :
1094 1162 1234 1233 Quid
1269 1163 1373 1220 hoc
1402 1165 1579 1221 fecisti
1604 1166 1773 1221 mihi?
1795 1167 1989 1223 Nonne
2009 1184 2110 1238 pro

528 1256 736 1329 Rachel
758 1255 958 1311 servivi
985 1255 1118 1309 tibi?
1142 1256 1211 1310 Et
1233 1271 1404 1328 quare
1430 1257 1694 1328 decepisti
1720 1258 1841 1313 me?
1863 1259 2110 1329 Respon-

527 1348 612 1403 dit
642 1348 828 1404 Laban
856 1368 869 1403 :
894 1349 1014 1405 Non
1049 1350 1129 1405 sic
1155 1360 1241 1407 est
1276 1352 1450 1420 moris
1487 1351 1543 1406 in
1567 1352 1689 1406 loco
1714 1351 1840 1417 isto,
1864 1352 1993 1407 dare
2014 1354 2107 1424 ju-

524 1442 740 1523 niorem
771 1449 1064 1513 antequam
1088 1443 1383 1499 seniorem.
1411 1444 1577 1514 Imple
1603 1460 1734 1515 ergo
1756 1451 1981 1523 septena
2002 1445 2107 1499 hu-

520 1533 632 1605 jus,
656 1518 887 1590 et‘dabo
918 1532 1017 1588 tibi
1053 1542 1110 1588 et
1151 1532 1312 1601 hanc,
1338 1551 1438 1604 pro
1480 1551 1646 1606 opere
1673 1518 2109 1607 quod'operatus

523 1624 698 1698 fueris
740 1624 887 1698 apud
932 1640 1020 1680 me
1057 1640 1231 1695 annos
1272 1635 1483 1694 septem
1525 1627 1682 1681 alios.
1730 1622 1884 1681 Fecit
1922 1638 2104 1687 autem

2214 444 2342 512 περὶ
2378 444 2580 514 Ῥαχὴλ
2612 444 2705 515 ἔτη
2737 445 2896 498 ἑπτά.
2910 446 3019 498 Καὶ
3031 440 3173 515 ἦσαν
3198 447 3436 501 ἐναντίον
3465 447 3632 501 αὐτοῦ
3658 448 3793 502 ὡσεὶ

2213 534 2417 605 ἡμέραι
2450 536 2649 603 ὀλίγαι,
2683 538 2833 607 παρὰ
2866 536 2925 589 τὸ
2965 537 3186 608 ἀγαπᾷν
3233 536 3395 590 αὑτὸν
3424 538 3617 608 αὐτήν.
3653 535 3789 592 Εῐπι

2210 624 2268 678 δὲ
2314 625 2506 680 Ἰακὼὸ
2536 626 2615 698 τῷ
2637 627 2840 687 Δάὸαψ
2873 628 2972 691 Δός
3006 645 3095 698 μοι
3131 629 3230 700 τὴν
3262 630 3497 697 γυναῖκά
3538 647 3659 700 μου.
3684 630 3789 684 Πεο

2213 715 2529 785 πλήρωνται
2573 716 2681 789 γὰρ
2720 719 2779 769 al
2811 719 3014 789 ἡμέραι
3042 735 3165 788 μου,
3204 718 3353 782 ὅπως
3389 718 3613 772 εἰσέλθω
3649 722 3788 790 πρὸς

2211 809 2400 878 αὐτὴν.
2435 808 2717 878 Συνήγαγε
2746 808 2803 862 δὲ
2842 807 3025 863 Λάϐαν
3052 809 3261 872 πάντας
3301 811 3427 870 τοὺς
3461 809 3661 879 ἄνδρας
3692 814 3788 864 τοῦ

2210 900 2396 961 τόπου,
2426 900 2518 952 καὶ
2540 900 2762 968 ἐποίησε
2789 900 2987 969 γάμον.
3021 901 3132 953 Καὶ
3169 901 3390 970 ἐγένετο
3419 904 3643 975 ἑσπέρα.
3678 904 3787 957 Καὶ

2209 990 2389 1044 λαϐὼν
2431 992 2615 1045 Λάὸαν
2652 991 2817 1044 Λείαν
2850 991 2947 1062 τὴν
2981 992 3257 1062 θυγατέρα
3292 993 3492 1059 αὐτοῦ,
3526 996 3785 1065 εἰσήγαγε

2209 1079 2379 1150 αὐτὴν
2402 1079 2537 1149 πρὸς
2568 1077 2780 1133 Ἰακώϐ.
2814 1081 2924 1135 Καὶ
2954 1079 3171 1149 εἰσῆλθε
3201 1082 3336 1152 πρὸς
3367 1082 3538 1153 αὐτὴν
3570 1083 3782 1136 Ἰακώϐ.

2212 1170 2421 1228 Ἔδωκε
2452 1169 2509 1223 δὲ
2541 1170 2725 1227 Λάϐαν
2752 1170 2964 1240 Ζελφάν
2995 1172 3095 1243 τὴν
3130 1171 3419 1243 παιδίσκην
3448 1173 3789 1248 αὐτοῦ,Δείᾳ

2207 1264 2272 1333 τῇ
2303 1261 2534 1334 Θυγατρὶ
2556 1261 2722 1316 αὐτοῦ
2754 1263 3062 1331 παιδίσκην.
3113 1262 3359 1330 Ἐγένετο
3396 1263 3453 1316 δὲ
3493 1263 3656 1335 πρωῒ,
3696 1265 3791 1319 καὶ

2211 1354 2324 1409 ἰδοὺ
2367 1349 2436 1425 ἦν
2480 1352 2631 1407 Λεία.
2680 1349 2812 1407 Eius
2845 1352 2904 1406 δὲ
2952 1352 3144 1406 Ἰακὼὸ
3177 1353 3256 1424 τῷ
3287 1353 3501 1408 Λάϐανο
3532 1354 3599 1409 τι
3630 1355 3793 1410 τοῦτο

2207 1442 2469 1513 ἐποίησάς
2499 1458 2627 1513 μοι;
2658 1443 2718 1494 οὐ
2764 1443 2894 1512 περὶ
2928 1442 3132 1513 Ῥαχὴλ
3170 1442 3461 1496 ἐδούλευσα
3485 1444 3637 1515 παρὰ
3670 1445 3788 1513 σοις

2206 1533 2317 1585 Καὶ
2342 1534 2427 1586 ἴνα
2456 1533 2510 1585 τί
2542 1532 2885 1602 παρελογίσω
2913 1549 3005 1603 με;
3030 1529 3168 1586 Eine
3190 1533 3474 1601 δεΛάὸαν·
3495 1537 3610 1588 Οὐκ
3638 1536 3730 1588 ἔστ
3743 1548 3793 1586 ιν

2205 1622 2378 1687 οὕτως
2408 1625 2465 1676 ὲν
2487 1624 2565 1694 τῷ
2587 1624 2738 1695 τόπῳ
2764 1624 2942 1695 ἡμῶν,
2975 1624 3159 1679 δοῦναι
3180 1626 3278 1696 τὴν
3311 1626 3585 1698 νεωτέραν
3618 1626 3795 1697 apud;

523 1717 694 1773 Jacob
732 1716 831 1782 sic,
862 1726 920 1772 et
962 1715 1209 1786 implevit
1247 1717 1647 1771 hebdomadam
1685 1718 1822 1789 ejus,
1861 1728 1917 1773 et
1947 1719 2096 1775 dedit

2199 1717 2295 1789 τὴν
2317 1715 2693 1787 πρεσϐυτέραν
2723 1731 2738 1746 ·
2784 1715 3098 1770 συντέλεσον
3153 1712 3247 1770 οὖν
3293 1718 3363 1771 τὰ
3405 1716 3609 1789 ἒὸεομα
3656 1718 3793 1772 ταύ-

527 1810 605 1866 illi
630 1809 816 1865 Laban
846 1808 1048 1863 Rachel
1082 1807 1248 1862 tiliam
1279 1823 1433 1861 suam
1460 1823 1707 1863 uxorem.
1734 1808 1892 1865 Dedit
1919 1819 2103 1864 autem

528 1902 712 1957 Laban
754 1899 956 1956 Rachel
981 1897 1105 1952 ﬁlia;
1150 1913 1262 1953 sua:
1305 1898 1511 1952 Ballam
1543 1898 1793 1953 ancillam
1833 1915 1987 1955 suam
2026 1902 2105 1955 illi

525 1994 801 2051 ancillam.
833 1992 901 2048 Et
926 1993 1205 2064 ingressus
1228 1999 1315 2045 est
1345 1980 1412 2045 ad
1438 1990 1663 2045 Rachel.
1692 1991 1891 2047 Dilexit
1918 2001 2102 2048 autem

524 2087 730 2143 llachel
773 2084 947 2156 magis
992 2069 1156 2153 quam
1201 2080 1353 2135 Liam
1392 2090 1506 2160 :et‘
1531 2080 1758 2159 servivit
1797 2082 1851 2136 ei
1889 2092 2099 2153 septem

524 2164 697 2233 annos
719 2177 857 2232 alios
884 2177 953 2230 ἰ.
984 2193 1003 2225 ι
1060 2162 1063 2165 ’

2204 1825 2324 1879 της,
2377 1809 2470 1861 καὶ
2515 1806 2671 1861 δώσω
2709 1825 2794 1861 σοι
2844 1809 2937 1861 καὶ
2969 1807 3174 1878 ταύτην
3217 1808 3341 1863 ἀντὶ
3371 1808 3473 1878 τῆς
3502 1810 3790 1881 ἐργασίας.

2203 1901 2271 1977 ἦς
2292 1905 2430 1975 ὲργᾴ
2448 1904 2577 1972 παρ’
2595 1903 2717 1973 ἐμοὶ
2744 1903 2882 1956 έπτά
2918 1903 3010 1973 ἔτη
3040 1903 3235 1975 έτερα’
3263 1903 3487 1972 ἐποίησε
3510 1903 3567 1955 δὲ
3593 1901 3793 1956 Ἰακὼό

2202 1994 2392 2060 οὕτως,
2429 1994 2524 2048 καλ⁸
2555 1994 2909 2065 ἀνεπλήρωσε
2943 1994 3013 2046 τά
3033 1992 3237 2063 ἓϐδομα
3258 1992 3481 2063 ταύτης.
3516 1991 3629 2046 Καὶ
3658 1992 3791 2045 ἔδω·-

2203 2103 2295 2141 κεν
2338 2087 2488 2158 αὐτῷ
2534 2087 2713 2142 Λάόαν
2757 2086 2958 2157 Ῥαχὴλ
2991 2085 3089 2155 τὴν
3127 2082 3400 2155 θυγατέρα
3442 2080 3608 2135 αὐτοῦ
3639 2080 3796 2152 αὐτῷ

2200 2181 2452 2245 γυναῖκα.
2491 2179 2697 2233 Ἔδωκε
2726 2177 2781 2230 δὲ
2808 2175 2993 2230 Λάὄαν
3036 2174 3235 2245 Ῥαχὴλ
3263 2177 3330 2245 τῇ
3350 2172 3583 2245 θυγατρὶ
3621 2170 3792 2226 αὑτοῦ

520 2272 745 2335 Βάλλαν,
776 2273 872 2344 τὴν
923 2270 1214 2347 παιδίσκην
1253 2268 1418 2324 αὑτοῦ
1457 2268 1596 2340 αὐτῇ
1642 2267 1952 2339 παιδίσκην,
1997 2269 2090 2322 καὶ
2128 2271 2345 2342 εἰσῆλθε
2382 2273 2522 2344 πρὸς
2571 2272 2791 2343 Ῥαχὴλ.
2844 2270 3125 2342 Ἢγάπησε
3160 2270 3216 2322 δὲ
3269 2267 3469 2340 Ῥαχὴλ
3521 2265 3791 2337 μᾶλλονῆ

522 2369 708 2427 Λείαν.
737 2372 830 2423 καὶ
858 2366 1167 2441 ἐδούλευσεν
1197 2367 1262 2421 αὑ
1277 2366 1346 2437 τῷ
1370 2366 1510 2419 ἑπτὰ
1542 2364 1635 2437 ἔτη
1678 2366 1862 2437 ἕτερα.
1898 2384 1918 2417 ι

591 2464 644 2520 ϐ.
684 2463 811 2518 Hac
834 2461 1001 2534 igitur
1022 2475 1092 2515 ex
1114 2458 1260 2514 nuda
1290 2456 1519 2513 historia
1551 2457 1721 2528 petita
1744 2457 1894 2512 nulla
1927 2457 2101 2514 inter-

521 2555 825 2627 pretatione
864 2550 1130 2623 indigent.
1168 2547 1317 2605 Nihil
1349 2547 1499 2603 enim
1528 2547 1751 2601 omnino
1783 2549 1838 2602 in
1873 2563 1932 2603 se
1958 2546 2102 2602 diﬂi-

519 2646 740 2702 eultatis
778 2643 1001 2700 habent.
1043 2641 1339 2705 Caeterum,
1379 2639 1423 2694 si
1464 2638 1590 2709 quis
1625 2653 1820 2693 eorum
1858 2639 1953 2709 qui
1985 2639 2102 2699 haec

504 2730 1183 2810 accuratiusexpendunt
1206 2770 1222 2798 ,
1257 2729 1406 2785 dicat
1439 2737 1597 2801 turpe
1640 2729 1913 2799 imprimis
1956 2728 2100 2799 apud

520 2841 623 2881 nos
664 2825 879 2893 haberi,
917 2823 1162 2897 geminas
1206 2822 1429 2893 nuptias
1463 2820 1815 2888 contrahere,
1856 2820 2102 2891 duasque

517 2917 623 2973 sibi
666 2932 871 2974 uxores
912 2915 1190 2987 copulare,
1238 2923 1404 2986 atque
1451 2927 1547 2969 eas
1584 2912 1808 2984 quidem
1854 2927 2093 2977 sorores,

516 3010 603 3065 bis
644 3007 1042 3083 respondemus
1088 3006 1236 3078 quod
1304 3005 1587 3063 veteribus
1632 3005 1772 3060 nihil
1824 3006 1996 3075 magis
2036 3004 2096 3060 in

517 3100 658 3156 vutls
696 3100 866 3156 fuerit
900 3113 1064 3169 quam
1105 3097 1387 3154 abundare
1419 3095 1633 3159 liberis,
1670 3096 1836 3165 idque
1868 3110 2095 3151 summa:

516 3190 792 3246 felicitatis
841 3189 1141 3254 ducebant,
1171 3188 1521 3257 liberumque
1565 3194 1685 3242 erat
1731 3185 1940 3256 absque
1984 3186 2095 3242 ulla

517 3278 944 3348 reprehensione
974 3292 1086 3333 nou
1123 3276 1341 3331 duabus
1375 3276 1573 3342 solum,
1598 3275 1693 3350 sed
1723 3276 1889 3331 etiam
1923 3276 2096 3346 pluri-

519 3372 620 3423 bus
653 3368 921 3423 uxoribus
962 3368 1242 3439 copulari,
1278 3384 1401 3437 quae
1444 3382 1628 3439 genus
1668 3368 1726 3423 in
1769 3368 2094 3424 immensam

515 3452 924 3516 multitudinem
961 3468 1348 3531 propagarent.
1387 3459 1532 3526 Quin
1555 3459 1722 3515 etiam
1752 3459 2092 3515 benedictio-

514 3551 616 3608 nis.
636 3550 759 3607 loco
802 3550 1249 3622 prepagationem
1288 3551 1589 3606 liberorum
1630 3566 1663 3605 a
1706 3549 1819 3606 Deo
1861 3550 2095 3621 accipie-

516 3642 666 3698 bant.
701 3641 959 3699 Promisit
980 3651 1162 3697 autem
1187 3641 1350 3696 etiam
1382 3641 1547 3711 126
1569 3643 1684 3715 ipse
1710 3640 2091 3699 universorum

515 3734 779 3790 Dominus
818 3722 1015 3804 priscis
1072 3733 1236 3788 etiam
1274 3730 1386 3788 illis
1422 3733 1517 3803 qui
1549 3732 1751 3805 Mosem
1793 3747 2089 3802 praecesse-

514 3835 664 3899 runt,
690 3826 895 3882 sanctis
919 3824 973 3880 id
1005 3823 1257 3880 beneﬁcii
1290 3838 1348 3878 se
1374 3824 1700 3879 collaturum
1727 3863 1742 3887 ,
1764 3840 1866 3877 nec
1888 3838 1997 3878 non
2025 3822 2091 3877 iis

512 3919 607 3990 qui
638 3917 775 3990 legis
803 3916 1147 3989 disciplinam
1177 3923 1561 3986 susceperunt.
1585 3914 1678 3970 Ait
1700 3915 1846 3970 enim
1877 3932 1890 3967 :
1925 3935 1945 3966 σ
1971 3914 2090 3970 Non

509 4009 616 4065 erit
645 4008 868 4076 sterilis,
902 4024 1080 4080 neque
1121 4006 1288 4062 vidua
1329 4008 1384 4061 in
1420 4006 1549 4062 ﬁliis
1590 4005 1755 4061 Israel
1778 4007 1843 4061 ".
1874 4024 1892 4057 ›
1921 4005 2086 4075 Atqui

511 4117 620 4171 non
654 4102 827 4156 instar
858 4101 994 4171 legis
1012 4101 1127 4155 hmo
1151 4116 1254 4154 vox
1273 4098 1524 4153 habenda
1545 4107 1646 4163 est,
1670 4106 1727 4151 at
1756 4098 1939 4168 potius
1958 4112 2089 4167 pro-

511 4184 828 4247 missionem
850 4204 970 4243 esse
994 4188 1249 4242 dicimus.
1287 4187 1637 4255 Quaecunque
1667 4188 1815 4241 enim
1844 4189 1897 4242 in
1928 4188 2090 4244 nobis

2276 2453 2366 2521 εἷ’.
2398 2452 2477 2507 Τὰ
2509 2455 2606 2524 μὲν
2632 2449 2726 2508 οὖν
2750 2456 2814 2507 ἐκ
2843 2457 2943 2526 τῆς
2985 2453 3244 2527 ἱστορίας,
3275 2452 3490 2517 οὐδενὸς
3519 2453 3586 2509 ἂν
3615 2455 3801 2511 δέοιτο

2202 2544 2360 2613 λόγου
2398 2545 2532 2616 πρὸς
2561 2546 2916 2616 διασάφησιν·
2946 2547 3173 2608 ἄναντες
3201 2544 3308 2616 γὰρ
3338 2544 3398 2598 ὲν
3437 2544 3624 2609 αὐτοῖς
3657 2566 3793 2602 atav-

2200 2635 2369 2707 τελῶς
2398 2635 2738 2708 οὖδέν.ῐιλὴν
2769 2638 2822 2690 εί
2849 2654 2934 2702 τις
2978 2638 3155 2690 έκεῖνο
3183 2636 3334 2704 λέγοι
3367 2635 3476 2691 τῶν
3507 2638 3575 2692 τά
3601 2640 3787 2694 τοιάδε

2199 2729 2527 2800 φιλοκρινεῖν
2554 2726 2824 2782 εἰωθότων
2843 2742 2857 2757 ’
2897 2728 2973 2797 Οὐ
3001 2729 3109 2798 γὰρ
3155 2727 3267 2780 τῶν
3297 2727 3438 2797 άγαν
3469 2730 3793 2801 ἀπηχεστάι

2199 2836 2310 2874 των
2338 2818 2644 2887 λελόγισται
2691 2819 2822 2890 παρ’
2858 2820 3011 2890 ἡμῖν,
3040 2819 3103 2872 τὸ
3138 2818 3284 2872 δυοῖν
3329 2819 3492 2884 εὐθὺς
3521 2821 3797 2893 ὁμιλῆσαι

2198 2910 2419 2980 γάμοιν,
2454 2910 2551 2967 καὶ
2579 2909 2643 2979 δὴ
2666 2911 2762 2964 καὶ
2792 2909 3032 2979 γυναίων
3064 2909 3461 2963 είσοικίσασθαι
3490 2909 3789 2982 ξυνωρίδα,

2197 3000 2288 3052 καὶ
2312 2998 2473 3052 τοῦτο
2501 2998 2746 3070 ἀδελφῶν
2768 3015 2787 3030 θ
2829 3000 2963 3072 πρὸς
2999 2999 3157 3054 τοῦτό
3184 3017 3386 3071 φαμεν,
3417 3001 3500 3055 ὅτι
3532 3004 3648 3067 τοῖς
3682 3003 3787 3075 άρο

2196 3087 2498 3160 χαιοτέροις
2541 3088 2661 3151 ὅλος
2799 3090 2828 3142 ό
2856 3089 2951 3143 τοῦ
2993 3090 3111 3160 βίου
3160 3090 3363 3154 σκοπὸς
3394 3093 3477 3155 είς
3508 3091 3786 3148 πολυπαι·

2193 3182 2336 3236 δίαν·
2370 3183 2465 3240 καὶ
2488 3182 2552 3255 δὴ
2586 3184 2681 3238 κα)⁸
2721 3185 2780 3237 ὲν
2807 3185 2974 3256 μοίρᾳ
3006 3185 3108 3255 τῆς
3145 3184 3408 3238 ἀνωτάτω
3462 3181 3659 3237 πασῶν
3691 3185 3786 3237 εὑ-

2193 3274 2428 3346 ημερίας
2456 3275 2518 3328 τὸ
2539 3276 2730 3347 χρῆμα
2761 3275 3063 3344 λελόγιστο.
3099 3275 3441 3345 ’Δπήλλακτο
3465 3273 3523 3327 δὲ
3545 3273 3641 3329 καὶ
3670 3273 3785 3345 μώ-

2197 3384 2300 3437 μου
2336 3365 2539 3430 παντὸς
2560 3367 2622 3420 τὸ
2649 3369 2712 3421 οὐ
2750 3368 2940 3437 μόναις
2968 3367 3140 3433 δυσὶν,
3171 3367 3305 3421 ἀλλά
3328 3366 3422 3420 καὶ
3449 3365 3532 3419 ἔτι
3558 3365 3789 3421 πλείοσι

2196 3456 2726 3525 συγκατευνάζεσθαι
2749 3459 3018 3527 γυναιξὶν,
3042 3460 3123 3522 είς
3146 3458 3350 3528 πλῆθος
3379 3458 3702 3529 ἀμέτρητον
3727 3460 3793 3512 τὸ

2192 3550 2349 3619 γένος
2378 3550 2741 3613 ἐκτείνοντας.
2777 3550 2887 3602 Καὶ
2919 3549 3049 3618 γοῦν
3076 3550 3134 3602 ὲν
3168 3548 3421 3617 εὐλογίας
3440 3548 3591 3614 τάξει
3626 3550 3789 3622 παρά

2192 3639 2328 3693 Θεοῦ
2372 3640 2469 3711 τὴν
2508 3639 2856 3709 τεκνογονίαν
2906 3634 3168 3710 ἐδέχοντο.
3202 3639 3705 3709 Κατεπηγγέλλετο
3731 3641 3790 3693 δὲ

2194 3733 2287 3785 καὶ
2321 3730 2482 3795 αὐτὸς
2516 3733 2544 3784 ό
2569 3730 2678 3783 τῶν
2711 3730 2846 3784 ὅλων
2871 3732 3150 3801 Δεσπότης
3174 3732 3269 3784 καὶ
3297 3732 3413 3793 τοῖς
3440 3731 3651 3784 ἀνωθεν
3688 3734 3787 3786 καὶ

2192 3823 2298 3894 πρὸ
2331 3822 2574 3885 Μωσέως
2606 3822 2782 3891 ἁγίοις
2816 3821 3124 3891 χαριεῖσθαι
3153 3822 3214 3874 τὸ
3241 3821 3436 3892 δῶρον,
3464 3823 3560 3875 καὶ
3589 3822 3786 3883 αὐτοῖς

2190 3915 2245 3968 δὲ
2281 3917 2391 3979 τοῖς
2436 3913 2661 3985 λαχοῦσι
2701 3916 2800 3984 τὴν
2846 3913 2933 3967 διά
2980 3914 3145 3984 νόμου
3188 3914 3587 3983 παιδαγωγίαν.
3626 3915 3781 3984 Ἔφη

2191 4007 2320 4079 γὰρ,
2359 4008 2441 4061 ὅτι
2497 4007 2650 4060 «Dine
2726 4006 2878 4060 ἔσται
2927 4007 3121 4074 ἄγονος
3162 4006 3283 4059 οὐδὲ
3335 4007 3481 4078 χήρα
3533 4008 3593 4059 ὲν
3638 4008 3785 4070 uici;

2203 4098 2440 4171 Ἰσραήλ.
2465 4117 2482 4149 ι
2510 4099 2619 4153 Καὶ
2646 4099 2745 4152 οὐκ
2772 4100 2829 4152 έν
2861 4098 3014 4165 τάξει
3042 4096 3658 4170 νόμουπαραδεξόμεθα
3682 4099 3785 4169 τὴν

2192 4186 2397 4255 φωνὴν,
2428 4185 2761 4254 ἐπαγγελίαν
2794 4185 2851 4238 δὲ
2882 4186 3081 4255 μᾶλλον
3125 4182 3265 4240 εἷναί
3309 4204 3509 4257 φαμεν.
3546 4187 3630 4240 Τά
3678 4188 3782 4259 μὲν

509 4287 656 4347 sunt,
695 4268 990 4346 nostraque
1030 4285 1321 4347 potestate,
1360 4275 1575 4345 legibus
1611 4276 2000 4344 subjiciuntur,
2033 4288 2090 4332 et

2199 4276 2300 4347 γάρ
2343 4278 2445 4329 ὅσα
2492 4277 2638 4330 ἐστὶν
2684 4276 2948 4347 ὲφ⁹ἡμῖν,
2994 4276 3217 4348 θεσμοῖς
3251 4277 3612 4350 ὑποφέρεται,
3664 4280 3769 4333 καὶ

510 4358 655 4425 recte
688 4366 1015 4433 admodum;
1050 4382 1391 4438 quaecunque
1416 4382 1548 4421 vero
1584 4382 1672 4421 res
1694 4383 1804 4422 non
1827 4368 1881 4422 in
1901 4370 2082 4434 nobis,

508 4446 603 4516 sed
645 4456 700 4516 in
739 4469 949 4516 natura:
992 4458 1207 4530 legibus
1249 4458 1503 4513 eil‘ectum
1542 4459 1868 4524 sortiuntur,
1909 4461 2083 4529 legem

510 4540 914 4621 przec‘eptricem
948 4566 1058 4604 non
1099 4549 1323 4602 habent.
1364 4548 1708 4603 Manifestum
1746 4548 1949 4617 itaque,
1988 4565 2085 4604 ne-

507 4655 613 4709 que
654 4636 911 4706 cuiquam
964 4638 1189 4692 omnino
1243 4636 1475 4690 dubium
1522 4645 1633 4699 est,
1679 4636 1824 4704 quod
1872 4652 2080 4706 nequa-

506 4711 667 4784 “tam
692 4727 954 4801 praecepit
985 4728 1132 4781 Deus
1175 4736 1236 4780 ut
1258 4735 1535 4789 nonesset
1562 4726 1726 4781 vidua
1758 4735 1852 4781 aut
1878 4728 2082 4782 sterilis

523 4835 560 4873 τι
586 4818 714 4874 {iiiis
736 4818 932 4883 Israel;
974 4818 1068 4873 sed
1110 4819 1155 4873 si
1184 4803 1388 4879 fuerint
1415 4817 1549 4888 legis
1577 4818 1977 4881 observatores,
2006 4818 2083 4872 fe-

516 4898 715 4967 rundos
751 4925 847 4966 eos
877 4909 1203 4964 effecturum
1243 4925 1322 4974 se,
1352 4916 1412 4963 ut
1449 4909 1594 4964 Deus
1623 4909 1930 4979 pollicetur.
1967 4909 2080 4963 Ma-

513 5020 624 5069 ;nze
665 5000 848 5073 itaque
895 5017 1044 5057 cura:
1086 5001 1189 5057 fuit
1227 5001 1526 5064 veteribus,
1563 5016 1896 5071 summaeque
1931 5000 2079 5055 laudi

508 5094 811 5149 habebatur
842 5091 1140 5150 liberorum
1174 5092 1483 5147 multitudo.
1526 5092 1794 5146 Translati
1831 5106 1964 5147 vero
1991 5108 2083 5147 su-

508 5199 630 5238 mus
657 5184 837 5238 nos‘in
866 5183 1084 5239 Christo
1121 5183 1188 5239 ad
1218 5181 1608 5238 fecunditatem
1638 5182 1693 5236 in
1721 5181 1937 5251 spiritu,
1969 5198 2080 5236 non

507 5273 729 5345 quidem
761 5277 980 5346 nuptias
1017 5284 1451 5339 contemnentes,
1497 5283 1551 5329 at
1593 5275 1777 5345 potius
1820 5277 2084 5348 eligentes

2194 4366 2341 4435 μάλα
2390 4365 2592 4436 ὀρθῶςο
2638 4365 2707 4418 τὰ
2747 4364 2804 4419 δὲ
2842 4367 2942 4420 ὅσα
2992 4366 3103 4420 τῶν
3143 4368 3488 4438 πραγμάτων
3536 4368 3641 4421 οὐκ
3684 4368 3777 4436 ἐφ’

2188 4459 2340 4527 ἡμῖν,
2376 4456 2490 4508 ἀλλ’
2512 4459 2568 4507 ἐν
2602 4458 2715 4518 τοῖς
2754 4456 2853 4525 τῆς
2882 4456 3097 4525 φύσεως
3126 4458 3311 4528 νόμοις
3340 4459 3452 4529 ἔχει
3481 4458 3543 4511 τὸ
3574 4458 3777 4512 ἀποτέ-

2187 4548 2386 4616 λεσμα,
2427 4547 2588 4616 νόμον
2610 4548 2710 4600 οὐκ
2736 4547 2848 4616 ἔχει
2882 4548 2973 4601 τόν
3009 4548 3337 4620 βραϐευτήν.
3371 4549 3645 4619 Πρόδηλον
3675 4546 3779 4603 οὖν

2188 4640 2316 4707 ἄρα,
2359 4637 2450 4711 καὶ
2502 4637 2679 4690 οὐδενὶ
2724 4638 2834 4691 τῶν
2868 4639 3039 4693 ὄντων
3070 4642 3411 4711 ἀσυμφανὲς,
3443 4639 3518 4703 ὡς
3563 4641 3665 4693 οὐκ
3704 4639 3778 4695 ἂν

2188 4727 2557 4799 προστέταχεν
2579 4732 2607 4782 ό
2625 4731 2967 4802 Δημιουργὸς
2997 4732 3070 4803 μὴ
3091 4728 3231 4786 εἶναι
3261 4735 3477 4802 στεῖραν
3506 4731 3538 4802 ἢ
3574 4731 3774 4799 ἄγονον

2184 4820 2242 4872 ὲν
2266 4820 2400 4883 υίοῖς
2441 4818 2675 4891 Ἰσραήλ.
2723 4820 2861 4874 Ἀλλ’
2895 4824 2942 4874 εί
2978 4823 3217 4890 γένοιντο
3253 4821 3350 4875 τοῦ
3389 4824 3556 4892 νόμου
3591 4821 3772 4891 φύλα-

2182 4927 2296 4975 κες,
2327 4915 2709 4980 καρποφόρους
2751 4911 3072 4979 ἀποφαίνειν
3104 4912 3183 4975 ὡς
3216 4912 3350 4975 Θεὸς
3374 4910 3768 4981 ἐπηγγέλλετο.

2182 4999 2390 5053 Οὐκοῦν
2423 5000 2481 5051 ὲν
2511 5001 2711 5072 σπουδῇ
2751 5002 2848 5072 μὲν
2875 5006 2985 5065 τοῖς
3015 5003 3390 5074 ἀρχαιοτέροις
3436 5003 3529 5056 καὶ
3575 5004 3635 5053 ὲν
3679 5002 3775 5053 εὐ-

2182 5091 2366 5154 κλείας
2408 5091 2560 5158 τάξει
2606 5093 2884 5161 λελόγιστο
2930 5094 3030 5164 τῆς
3070 5094 3430 5158 πολυπαιδίας
3459 5094 3522 5146 τὸ
3550 5094 3765 5164 χρῆμα.

2180 5185 2597 5256 Μετατιθέμεοα
2635 5185 2691 5239 δὲ
2731 5189 2891 5257 ἡμεῖς
2933 5189 2991 5240 ὲν
3024 5187 3269 5258 Χριστῷ,
3305 5186 3443 5257 πρὸς
3472 5186 3534 5239 τδ
3561 5184 3767 5254 χρῆναι

2182 5277 2380 5347 μᾶλλον
2420 5281 2787 5348 καρποφορεῖν
2836 5280 2894 5331 ὲν
2952 5279 3247 5349 πνεύματιο
3295 5278 3386 5332 τὸν
3436 5279 3553 5347 μὲν,
3578 5276 3765 5347 γάμον

505 5366 651 5437 quod
685 5367 767 5421 his
796 5368 1144 5437 praestantius
1176 5376 1280 5431 est,
1311 5352 1566 5438 quodque
1596 5382 1808 5422 summa
1838 5369 1996 5424 laude
2028 5370 2083 5422 in

2199 5368 2281 5423 δῦκ
2315 5369 2692 5439 ἀτιμάζοντες,
2720 5369 3034 5440 αἱρούμενοι
3080 5370 3137 5424 δὲ
3169 5372 3229 5425 τό
3256 5372 3400 5441 ὑπὲρ
3430 5369 3592 5425 τοῦτο
3639 5365 3779 5434 λίαν

504 5449 674 5513 sacris
706 5455 926 5513 Litteris
956 5457 1288 5523 celebratur,
1306 5456 1598 5520 indivulse,
1619 5456 1863 5528 inquam,
1901 5458 2084 5519 adlim-

580 5635 617 5666 ⁸³
647 5633 782 5688 Gen.
818 5651 960 5704 χχιχ,
1001 5637 1184 5693 lii-50.
1280 5642 1323 5671 "
1351 5642 1511 5697 Deut.
1543 5658 1633 5707 vn,
1661 5642 1748 5696 14.

2182 5459 2278 5513 καί⁸
2305 5459 2477 5539 ψήφῳ.
2511 5462 2579 5531 τῇ
2615 5461 2894 5532 ὑπερτάτῃ
2929 5463 3361 5535 στεφανούμενον
3406 5460 3657 5532 παρά-τε
3686 5458 3763 5529 τῇ

3679 5721 3734 5751 fl
