4032 6198
536 159 636 216 2H

1567 164 1623 219 S.
1666 162 1942 220 CYRILLI
1974 158 2446 217 ALEXANDRINI
2484 156 2805 213 ARCHIEP.

3693 158 3801 215 τις

536 275 833 346 piternum.
869 274 1006 329 illud
1037 290 1170 331 vero
1197 275 1345 347 quod
1373 276 1449 332 ait
1480 296 1493 332 :
1530 277 1659 333 Mihi
1685 279 1807 350 ipsi,
1838 279 2104 349 intelliga-

2216 273 2445 345 ὲμίανας
2482 273 2581 346 τὴν
2609 275 2712 343 γῆν
2751 275 2808 326 ἐν
2851 273 2971 334 ταῖς
3014 270 3291 341 πορνείαις
3323 287 3442 336 σου,
3471 272 3567 327 καὶ
3597 274 3660 329 ἐν
3682 278 3801 338 ταῖς

537 378 627 423 tur
649 380 887 438 quonam
906 367 1111 439 modo.
1145 367 1312 425 Duxit
1331 370 1479 424 enim
1526 370 1845 428 Iudaeorum
1869 370 2113 442 Synago-

535 469 680 527 gain,
712 454 808 510 sed
840 470 939 525 per
964 450 1320 512 mediatorem
1351 458 1574 518 Moscm.
1599 459 1899 531 Copulatus
1930 471 2113 516 autem

534 555 618 601 est
639 545 1044 616 quodammodo
1072 548 1330 605 Ecclesiae
1355 551 1620 621 gentium,
1654 567 1752 607 sua
1773 567 1908 608 voce
1941 551 2115 614 ipsam

535 633 600 688 ad
626 634 679 689 id
703 651 925 701 vocans,
957 644 1013 690 et
1044 637 1187 693 sicut
1220 654 1364 694 unus
1384 626 1573 696 eorum
1607 641 1700 711 qui
1724 642 1779 696 in
1804 641 1973 697 terris
2015 641 2115 697 de-

534 731 668 793 gunt
719 725 870 779 visus
919 725 1103 781 homo.
1143 725 1343 783 Annuit
1372 730 1522 785 enim
1558 746 1773 800 sponsa:
1803 730 2059 787 clamanti
2099 749 2112 784 :

541 835 558 865 ι
597 814 836 871 Ostende
868 816 1004 871 mihi
1034 817 1229 874 faciem
1257 829 1425 887 tuam,
1463 832 1621 879 sonet
1648 838 1752 878 vox
1792 831 1887 878 tua
1916 823 1971 877 in
2012 839 2114 879 au-

533 906 691 961 ribus
709 907 845 961 meis
882 906 947 987 “,
983 927 1001 959 ι
1050 907 1361 966 Audierunt
1401 912 1551 967 enim
1578 913 1744 968 etiam
1778 921 1994 968 veteres
2026 912 2111 983 ip-

532 1013 655 1054 sum
683 999 999 1069 loquentem
1024 1019 1037 1055 :
1061 1010 1322 1057 caeterum
1344 1020 1443 1074 per
1475 1004 1680 1060 Mosem
1702 1012 1759 1059 et
1785 1005 2107 1075 prophetas.

531 1086 591 1142 In
619 1085 826 1141 ultimis
853 1096 1035 1143 autem
1066 1090 1249 1146 saeculi
1282 1092 1652 1162 temporibus,
1682 1093 1797 1164 ipse
1825 1093 1985 1148 nobis
2014 1110 2112 1171 per

530 1175 771 1245 scipsum
830 1177 1049 1235 locutus
1072 1188 1157 1235 est
1192 1180 1397 1245 Filius,
1432 1183 1892 1251 quemadmodum
1942 1183 2110 1240 etiam

529 1264 749 1334 sapiens
782 1266 984 1323 Paulus
1017 1277 1250 1325 testatus
1277 1279 1362 1326 est
1390 1272 1452 1330 δ’.

529 1358 610 1421 τίς
637 1358 794 1412 τοῦτο
819 1361 1020 1428 καλῶν,
1057 1364 1151 1416 καὶ
1171 1364 1292 1417 καθ’
1322 1365 1419 1420 ἕνα
1455 1366 1564 1419 τῶν
1595 1369 1689 1421 ἐπὶ
1738 1368 1835 1439 τῆς

2213 363 2435 424 κακίαις
2468 378 2583 425 σου,
2634 360 2729 414 καὶ
2760 359 2916 430 ἔσχες
2952 361 3220 430 ποιμένας
3248 360 3476 425 πολλοὺς
3507 362 3588 425 εἰς
3620 364 3792 433 πρόες

2213 469 2403 524 κομμα
2444 454 2632 523 σαυτῇ.
2674 452 2837 521 Ὄψις
2893 451 3100 522 πόρνης
3140 450 3359 520 ἐγένετό
3401 469 3504 507 σοι.
3553 454 3791 527 ἀπηναι-

2215 544 2523 616 σχύντησας
2566 542 2703 615 πρὸς
2748 543 2976 605 πάντας.
3015 543 3131 613 Οὐχ
3160 543 3238 608 ὡς
3265 543 3465 598 οἰκεῖόν
3500 562 3566 614 με
3595 546 3796 601 ἐκάλε-

2217 652 2315 699 σας
2372 637 2465 689 καὶ
2501 635 2716 706 πατέρα
2762 634 2858 687 καὶ
2900 634 3142 705 ἀρχηγὸν
3174 634 3273 705 τῆς
3323 636 3621 708 παρθενίας
3658 654 3797 703 σους

2227 725 2301 797 μὴ
2341 726 2584 797 διαμενεῖ
2613 726 2694 789 είς
2746 726 2836 779 τὸν
2884 725 3092 789 αἰῶνας
3118 744 3136 777 ι
3179 726 3318 781 ⁹Δλλ’
3350 728 3410 780 ὲν
3447 728 3659 793 τούτοις
3698 731 3803 800 μὲν

2221 819 2254 890 ἡ
2287 817 2659 894 πρεσβυτέραο
2702 817 2904 887 Ῥαχὴλ
2931 817 2989 869 δὲ
3033 815 3131 887 τὴν
3184 817 3475 889 νεωτέραν,
3528 822 3796 893 τουτέστι,

2210 911 2308 983 τὴν
2342 908 2400 976 ἐξ
2432 908 2601 965 ἐθνῶν
2655 908 3003 978 Ἐκκλησίαν,
3051 908 3230 980 ἑαυτῷ
3284 911 3666 980 μνηστεύεται,
3706 916 3804 969 καὶ

2211 1002 2371 1056 τοῦτο
2403 999 2685 1070 διηνεκῶς.
2719 1001 2791 1053 Τὸ
2818 999 2874 1053 δὲ
2902 999 3158 1070 ἐμαυτῷ.
3200 996 3429 1055 νοείσθω
3458 1003 3600 1058 κατὰ
3626 1007 3805 1059 ros!”-

2208 1093 2267 1146 δε
2318 1092 2541 1163 τρόπον.
2582 1092 3021 1162 Ἐμνηστεύσατο
3083 1092 3184 1163 μὲν
3235 1092 3342 1164 γὰρ
3392 1093 3494 1164 τὴν
3530 1095 3804 1150 Ἰουδαίων

2210 1183 2561 1251 Συναγωγὴν,
2592 1180 2729 1235 ἀλλὰ
2758 1180 2844 1237 διὸ.
2886 1181 3108 1252 μεσίτου
3156 1183 3422 1247 Μωσέως.
3462 1185 3720 1256 Συνήφθη
3745 1187 3802 1241 δὲ

2209 1273 2399 1346 ὥσπερ
2437 1277 2501 1345 τῇ
2543 1272 2603 1340 ὲξ
2628 1273 2798 1328 ἐθνῶν
2842 1273 3184 1346 Ἐκκλησία,
3207 1278 3414 1343 φωναῖς
3441 1275 3601 1342 ἰδίαις
3629 1279 3803 1351 αὐτὴν

1898 1368 2001 1437 γῆς
2030 1368 2307 1440 ὁρώμενος
2349 1368 2657 1440 ἄνθρωπος.
2729 1369 3004 1425 Κατένευε
3054 1370 3163 1442 γὰρ
3214 1370 3516 1443 τῇννύμφῃ
3583 1372 3798 1449 gown.

535 1451 753 1516 «Δείξόν
810 1470 898 1522 μοι
951 1454 1050 1527 τὴν
1095 1456 1218 1527 ὄψιν
1268 1475 1384 1522 σου,
1419 1460 1512 1513 καὶ
1560 1459 1847 1513 ἀκούτισόν
1880 1476 1969 1530 μοι
1994 1460 2094 1532 τὴν
2134 1463 2317 1532 φωνήν
2347 1478 2462 1514 σου.
2487 1481 2505 1514 ι
2547 1461 2783 1515 Ἤκουον
2817 1460 2917 1530 μὲν
2948 1459 3056 1531 γὰρ
3087 1461 3184 1514 καὶ
3242 1462 3291 1514 οἱ
3352 1461 3517 1515 πάλαι
3550 1462 3792 1517 λαλοῦν-

527 1563 621 1612 τος
669 1548 856 1611 αὑτοῦ,
909 1549 1047 1623 πλὴν
1092 1552 1180 1608 διὰ
1231 1554 1478 1618 Μωσέως
1529 1554 1562 1625 ἢ
1612 1554 1932 1626 προφητῶν.

2012 1556 2100 1608 Ἐν
2138 1556 2388 1626 ἐσχάτοις
2424 1555 2479 1610 δὲ
2502 1555 2611 1609 ’τοῦ
2678 1555 2875 1618 αἰῶνος
2938 1557 3173 1626 καιροῖς,
3203 1555 3367 1621 αὐτὸς
3396 1559 3530 1629 ἡμῖν
3557 1558 3627 1612 δι’
3660 1559 3795 1616 tau-

525 1639 621 1696 τοῦ
650 1642 945 1715 λελάληκεν
970 1646 997 1698 ὁ
1031 1647 1178 1711 Υἱὸς,
1198 1648 1343 1702 καθὰ
1369 1650 1462 1704 καὶ
1491 1651 1520 1703 ὁ
1555 1650 1718 1719 σοφὸς
1747 1651 2144 1723 μεμαρτύρηκε
2164 1652 2415 1716 Παῦλος.’

596 1734 649 1789 8.
668 1734 860 1806 Operae
874 1738 1112 1808 pretium
1137 1757 1270 1797 vero
1281 1742 1450 1799 fuerit
1473 1753 1737 1815 praeterea
1757 1744 1993 1801 ﬁliorum
2011 1745 2104 1816 qui

2278 1752 2347 1816 η’.
2384 1746 2570 1812 ’Ἄξιον
2590 1746 2647 1800 δὲ
2679 1746 2816 1818 προς
2854 1747 3085 1812 τούτοις,
3118 1747 3214 1801 καὶ
3236 1747 3337 1819 τὴν
3367 1746 3474 1799 τῶν
3496 1747 3557 1813 ἐξ
3584 1748 3792 1802 Ἰακὼϐ

525 1845 594 1885 ex
620 1828 788 1886 Jacob
816 1831 930 1888 nati
966 1841 1097 1888 sunt
1123 1834 1532 1906 generationem
1560 1835 1841 1906 inquirere
1863 1876 1877 1901 ,
1898 1844 1955 1892 et
1974 1846 2111 1905 quot

526 1934 593 1975 ac
608 1933 639 1974 e
660 1918 862 1989 quibus
878 1920 983 1976 orti
998 1923 1111 1979 sint
1127 1924 1335 1979 videre.
1351 1924 1572 1995 Peperit
1595 1925 1764 1996 igitur
1781 1925 1957 1995 prima
1981 1925 2109 1996 qui-

525 2010 651 2071 dem
679 2011 776 2066 Lia
807 2021 1064 2083 quatuor,
1098 2015 1314 2083 Ruben,
1346 2014 1590 2080 Simeon,
1630 2015 1763 2071 Levi
1801 2023 1858 2071 et
1887 2016 2106 2073 Judam.

525 2103 666 2158 Dum
698 2119 830 2159 vero
873 2106 1079 2161 Sterilis
1129 2116 1310 2172 esset,
1360 2122 1541 2189 neque
1575 2108 1757 2162 adhuc
1804 2108 2111 2180 peperisset

526 2192 752 2257 Rachel,
776 2202 970 2248 mmsta
1001 2194 1299 2250 admodum
1333 2204 1389 2250 et
1415 2195 1630 2251 consilii
1661 2197 1838 2266 inops,
1882 2196 2108 2251 orbitati

526 2297 640 2338 sum
656 2284 912 2339 consulit.
956 2284 1163 2341 Suadet
1192 2285 1342 2341 enim
1391 2286 1581 2351 Jacob,
1616 2285 1809 2343 dicens
1843 2304 1856 2339 :
1907 2305 1924 2337 ι
1967 2286 2108 2343 Ecce

525 2372 724 2430 ancilla
751 2388 872 2428 mea
884 2374 1030 2429 Bala.
1061 2374 1353 2446 Ingredere
1375 2375 1441 2430 ad
1468 2391 1588 2450 eam
1614 2417 1628 2440 ,
1660 2384 1716 2431 ct
1744 2376 1920 2446 pariet
1942 2392 2110 2446 super

525 2478 703 2532 genua
735 2479 876 2531 mea,
915 2473 973 2520 et
1006 2465 1221 2521 habebo
1243 2466 1384 2522 ﬁlios
1415 2483 1481 2522 ex
1513 2483 1579 2522 ea
1602 2467 1667 2522 ".
1699 2488 1716 2519 ›
1744 2466 1863 2538 Quo
1888 2467 2108 2523 tandem

526 2561 766 2626 peracto,
790 2556 898 2611 duo
919 2556 1032 2612 nati
1050 2566 1177 2614 sunt
1193 2556 1363 2613 Jacob
1378 2557 1494 2623 ﬁlii,
1514 2558 1628 2614 Dan
1658 2568 1716 2617 et
1734 2558 2104 2632 Nephthalim.

524 2646 697 2706 Porro
724 2646 823 2702 Lia
845 2648 1105 2719 Zelpham
1139 2649 1391 2705 ancillam
1428 2666 1581 2723 suam
1610 2650 1712 2721 ipsi
1746 2651 2028 2720 copulans,
2049 2659 2111 2706 ut

523 2735 763 2791 duorum
812 2738 1049 2792 aliorum
1083 2737 1326 2793 ﬁliorum
1357 2747 1513 2811 pater
1545 2737 1723 2803 ﬁeret,
1780 2736 1962 2792 cll'eeit
1994 2736 2109 2792 Gad

520 2827 782 2886 nimirum
802 2838 859 2883 et
887 2828 1043 2884 Aser.
1076 2828 1218 2896 Quid
1242 2843 1374 2883 vero
1396 2828 1701 2899 deinceps?
1746 2847 1764 2880 ι
1794 2827 1947 2883 Abiit
2007 2843 2110 2883 au-

524 2926 656 2983 tem,
686 2939 704 2970 ι
728 2919 928 2990 inquit,
948 2921 1142 2976 Ruben
1168 2939 1191 2999 ἰ
1217 2920 1275 2974 in
1290 2919 1379 2975 die
1401 2920 1596 2976 messis
1617 2919 1807 2984 tritici,
1823 2929 1880 2975 et
1899 2918 2111 2974 invenit

521 3027 681 3086 poma
712 3012 1088 3084 mandragorze
1120 3013 1175 3067 in
1201 3029 1350 3085 agro,
1378 3020 1434 3067 et
1465 3013 1647 3067 attulit
1678 3011 1743 3066 ad
1782 3010 1934 3066 Liam
1989 3027 2106 3066 ma-

2215 1838 2515 1905 γεγονότων
2550 1838 2683 1890 υἱῶν
2732 1837 3262 1908 πολυπραγμονῆσαι
3315 1836 3560 1905 γένεσιν⁸
3604 1839 3804 1894 ὁπόσοι

2211 1946 2291 1994 τε,
2325 1930 2417 1982 καὶ
2457 1929 2618 1983 τίνων
2649 1927 2935 1999 ἐξέφυσαν
2960 1928 3108 1981 ίδεῖν.
3134 1928 3336 1983 Τέτοκε
3378 1929 3560 1983 τοίνυν
3603 1930 3803 2000 πρώτη

2215 2020 2314 2089 μὲν
2347 2020 2379 2090 ἡ
2409 2020 2543 2073 Λεία
2572 2018 2879 2090 τέσσαρας
2928 2018 3203 2088 Ῥουσεὶμ,
3239 2017 3486 2088 Συμεὼν,
3522 2019 3659 2072 Λειῖ
3703 2021 3806 2073 καὶ

2224 2111 2440 2166 Ἰούδαν.
2460 2110 2677 2183 Ἐπειδὴ
2702 2112 2759 2166 δὲ
2778 2107 2847 2182 ἦν
2879 2112 3068 2181 στεῖρα
3093 2110 3188 2164 καὶ
3215 2111 3440 2172 ἄτεκνος
3459 2108 3539 2162 ἔτι
3572 2109 3801 2180 Ῥαχὴλ,

2211 2203 2449 2255 ἀλύουσα
2492 2201 2695 2274 σφόδρα
2750 2203 2845 2255 καὶ
2896 2200 3275 2272 ἀπορουμένη,
3313 2200 3377 2254 τὸ
3403 2199 3506 2270 τῆς
3540 2200 3807 2263 ἀπαιδίας

2211 2293 2637 2362 κατασοφίζεται
2665 2294 2877 2365 χρῆμα.
2907 2291 3092 2346 Πείθει
3121 2290 3231 2363 γὰρ
3257 2291 3350 2345 τδν
3384 2289 3580 2345 Ἰακὼό
3606 2290 3810 2359 λέγον.

2213 2399 2311 2437 σα’
2371 2402 2390 2436 ι
2422 2382 2554 2439 Ἰδοὺ
2609 2385 2643 2453 ἡ
2691 2381 2973 2453 παιδίσκη·
3011 2399 3114 2453 μου
3154 2380 3358 2436 Βάλλα.
3392 2379 3616 2434 Εἴσελθε
3662 2381 3806 2451 πρὸς

2210 2476 2403 2545 αὐτὴν,
2443 2473 2536 2529 καὶ
2565 2472 2781 2538 τέξεται
2808 2473 2901 2531 {ut
2923 2472 3033 2527 τῶν
3062 2473 3306 2542 γονάτων
3327 2488 3459 2542 μου,
3488 2471 3584 2524 καὶ
3608 2487 3807 2524 τεκνον

2210 2566 2512 2635 ποιήσομαι
2546 2563 2702 2631 κάγὼ
2730 2564 2789 2630 ἐξ
2819 2562 3010 2630 αὐτῆς.
3037 2581 3057 2614 ι
3092 2557 3168 2620 Οὗ
3211 2564 3310 2617 καὶ
3349 2564 3430 2627 είς
3494 2564 3671 2633 πέρας
3710 2561 3805 2625 ἐξ-

2212 2655 2595 2727 ενηνεγμένου,
2621 2656 2713 2714 δύο
2738 2654 3077 2726 [ὲ]γενέσθην
3106 2654 3185 2726 τῷ
3230 2654 3426 2709 Ἰακὼὸ
3445 2655 3570 2718 υἱοὶ,
3600 2656 3706 2706 Δάν
3735 2670 3803 2710 τι

2212 2743 2307 2795 καὶ
2350 2741 2685 2812 Νεφθαλείμ.
2716 2743 2848 2796 Λεία
2878 2758 2941 2811 γε
2979 2744 3087 2813 μὴν
3135 2743 3345 2812 Ζελφὰν
3374 2744 3473 2813 τὴν
3499 2745 3807 2813 ἑαυτῆςοοίο

2211 2831 2439 2904 κὸτριὸα
2485 2831 2900 2903 παρευνάζουσα
2945 2832 3088 2886 δυοῖν
3136 2834 3345 2905 ἑτέροιν
3394 2833 3608 2904 πατέρα
3645 2832 3804 2901 γενέ·

2217 2924 2341 2977 σθαι
2393 2926 2556 2988 ποιεῖ,
2612 2924 2717 2978 Γὰδ
2779 2925 2873 2978 καὶ
2906 2925 3095 2995 Ἀσήρ.
3136 2925 3246 2977 Καὶ
3307 2925 3365 2979 τί
3415 2925 3556 2995 μετὰ
3596 2923 3803 2989 τοῦτοί

2217 3032 2237 3064 ‹
2271 3012 2571 3085 Ἐπορεύθη
2606 3013 2681 3080 δὲ,
2716 3032 2734 3065 ι
2767 3015 2949 3086 φησὶν,
2980 3034 3004 3076 ⁴ι
3062 3016 3320 3085 Ῥουὸεὶμ
3349 3018 3408 3068 ὲν
3434 3017 3671 3086 ἡμέραις
3706 3015 3806 3067 θεν

522 3116 663 3158 trem
692 3121 867 3163 suam.
902 3106 1248 3161 Dixitautem
1279 3105 1482 3159 Rachel
1509 3104 1620 3157 Lian
1652 3102 1830 3158 sorori
1849 3118 1960 3156 sua:
1988 3120 2001 3157 :
2028 3103 2102 3157 Da

2210 3106 2405 3178 ρισμοῦ
2464 3107 2675 3177 πυρῶν,
2716 3108 2811 3161 καὶ
2870 3099 2993 3177 εὗρε
3036 3107 3182 3179 μῆλα
3219 3107 3594 3179 μανδραγόρου
3628 3109 3688 3160 ὲν
3719 3106 3809 3176 τῷ

521 3196 656 3251 mihi
677 3197 745 3251 de
772 3196 1149 3267 mandragoris
1187 3195 1284 3252 ﬁlii
1305 3195 1405 3251 tui.
1424 3181 1582 3249 Dixit
1610 3202 1793 3249 autem
1821 3193 1917 3248 Lia
1941 3211 1954 3248 :
1980 3194 2101 3251 Non

521 3288 654 3342 satis
680 3286 779 3341 tibi
806 3288 952 3357 quod
969 3286 1229 3357 accepisti
1264 3285 1443 3340 virum
1469 3286 1692 3341 meum?
1728 3284 1998 3355 numquid
2047 3295 2104 3342 et

522 3378 913 3450 mandragoras
963 3378 1059 3433 ﬁlii
1090 3379 1197 3434 mei
1250 3378 1524 3448 accipies?
1562 3378 1714 3449 131
1743 3377 1889 3432 Dixit
1917 3386 2102 3433 autem

524 3471 766 3527 Rachel:
796 3472 916 3525 Non
953 3471 1069 3539 sic;
1122 3471 1362 3526 dormiat
1406 3478 1589 3525 tecum
1624 3479 1785 3525 nocte
1842 3471 1946 3526 ista
2001 3486 2102 3541 pro

523 3560 901 3633 mandragoris
921 3560 1018 3616 ﬁlii
1042 3562 1140 3616 tui.
1173 3562 1460 3634 Ingressus
1483 3569 1573 3618 est
1599 3572 1785 3617 autem
1830 3561 1999 3618 Iacob
2035 3578 2103 3617 ex

526 3665 658 3717 agro
686 3664 935 3720 vespere,
958 3658 1016 3705 et
1045 3666 1265 3722 egressa
1286 3662 1371 3707 est
1393 3651 1489 3706 Lia
1528 3652 1585 3706 in
1607 3668 1901 3707 occursum
1925 3653 1997 3717 ei,
2046 3661 2103 3707 et

519 3742 597 3801 ait
626 3759 639 3795 :
672 3740 754 3801 Ad
800 3758 887 3798 me
918 3742 1244 3816 ingredieris
1272 3743 1459 3799 hodie.
1508 3745 1647 3800 Nam
1678 3744 1933 3801 mercede
1966 3762 2100 3800 con-

519 3833 650 3889 duxi
676 3842 730 3890 te
754 3849 856 3906 pro
877 3835 1255 3908 mandragoris
1283 3835 1382 3890 ﬁlii
1411 3835 1540 3891 mei.
1564 3834 1683 3903 Quo
1716 3836 1860 3892 facto
1887 3837 2102 3909 peperit

519 3943 739 3984 rursum
763 3926 861 3982 Lia
900 3927 1140 3994 lsachar,
1173 3935 1229 3985 et
1256 3936 1379 3999 post
1408 3929 1556 3984 hunc
1602 3928 1870 3988 Zabulon.
1916 3948 1934 3981 »
1963 3928 2101 4001 cum

517 4019 704 4088 itaque
738 4017 807 4073 ad
855 4018 1005 4074 hunc
1030 4035 1324 4076 numerum
1376 4021 1632 4077 lsraelita:
1670 4021 2050 4093 pervenissent
2082 4038 2095 4077 :

528 4110 900 4187 fRecordatns
918 4120 1053 4176 est,»
1081 4112 1277 4182 inquit,
1309 4131 1325 4160 ι
1353 4114 1497 4168 Deus
1512 4113 1739 4179 Rachel,
1754 4124 1810 4171 et
1825 4113 2103 4171 exaudivit

514 4214 636 4255 eam
659 4198 946 4265 Dominus,
980 4208 1034 4255 et
1076 4203 1430 4271 aperuitejus
1471 4203 1713 4267 vulvam,
1758 4206 2102 4275 concipiens-

518 4304 624 4358 (μω
653 4289 866 4361 peperit
886 4289 1056 4345 ﬁlium
1085 4291 1308 4347 Jacobo.
1334 4292 1482 4347 Dixit
1505 4302 1686 4348 autem
1713 4296 2102 4353 Raclielebs-

518 4381 646 4439 tulit
678 4397 710 4438 a
760 4398 845 4437 me
870 4384 1013 4438 Deus
1050 4400 1207 4440 meus
1241 4385 1635 4456 opprobrium;
1665 4394 1722 4441 et
1745 4388 1962 4455 vocavit
2001 4405 2100 4445 no~

2211 3197 2387 3268 ἀγρῷ,
2420 3199 2518 3252 καὶ
2561 3198 2792 3270 ἤνεγκεν
2842 3198 2987 3258 αὐτὰ
3033 3199 3170 3271 πρδς
3224 3200 3388 3253 Λείαν
3443 3200 3542 3270 τὴν
3581 3198 3805 3270 μητέρα

2211 3289 2398 3343 αὑτοῦ.
2442 3286 2575 3342 Eine
2621 3290 2677 3343 δὲ
2707 3290 2908 3361 Ῥαχὴλ
2953 3292 3020 3361 τῇ
3062 3291 3198 3361 Λεία
3228 3293 3293 3360 τῇ
3331 3290 3533 3360 ἀδελφῇ
3582 3290 3791 3359 αὐτῆς·

2210 3382 2308 3446 Δίς
2338 3399 2427 3453 μοι
2448 3381 2558 3437 τῶν
2581 3381 2974 3454 μανδραγορῶν
3004 3384 3097 3437 τοῦ
3121 3382 3238 3440 υἱοῦ
3269 3398 3383 3438 σου·
3409 3379 3528 3438 εἷπε
3557 3382 3615 3436 δὲ
3635 3381 3799 3437 Λεία·

2210 3476 2323 3545 Οὐχ
2360 3474 2540 3528 ἱκανόν
2580 3492 2662 3530 σοι
2703 3476 2785 3528 ὅτι
2819 3474 3011 3539 ἔλαϐες
3051 3474 3142 3531 τὸν
3194 3474 3362 3546 ἄνδρα
3407 3492 3530 3546 μου,
3573 3475 3650 3555 ui}
3700 3476 3804 3533 καὶ

2208 3567 2332 3628 τοὺς
2357 3565 2733 3638 μανδραγόρας
2770 3564 2864 3621 τοῦ
2896 3564 3013 3620 υἱοῦ
3048 3584 3150 3637 μου
3173 3567 3352 3640 λήψεις
3387 3563 3518 3621 Εἷπε
3558 3567 3615 3620 δὲ
3667 3567 3797 3621 Ῥα-

2209 3655 2332 3726 χήλ,
2373 3656 2485 3726 Οὐχ
2534 3655 2728 3721 οὕτως*
2780 3656 3103 3728 κοιμηθήτω
3153 3659 3287 3726 μετὰ
3338 3656 3432 3711 σοῦ
3486 3656 3582 3728 τὴν
3619 3656 3806 3711 νύκτα

2208 3747 2414 3816 ταύτην
2442 3747 2562 3799 ἀντὶ
2583 3746 2693 3800 τῶν
2714 3747 3105 3819 μανδραγορῶν
3136 3746 3229 3802 τοῦ
3261 3746 3378 3799 υἱοῦ
3408 3764 3527 3801 σου.
3559 3747 3800 3817 Εἰσῆλθε

2208 3838 2265 3890 δὲ
2308 3837 2500 3892 Ἰακὼὸ
2552 3839 2611 3902 ἐξ
2654 3839 2830 3912 ἀγροῦ
2870 3839 3131 3911 ἑσπέρας,
3166 3841 3262 3893 καὶ
3312 3837 3503 3909 ἐξῆλθε
3546 3838 3681 3894 Λεία
3710 3843 3807 3906 είς

2211 3932 2535 4003 συνάντησιν
2591 3932 2763 4003 αὐτῷ,
2789 3933 2884 3986 καὶ
2913 3927 3054 3986 εἴτε
3097 3932 3239 4003 Πρός
3273 3950 3340 4002 με
3378 3932 3663 4006 είσελεύσῃ
3697 3935 3813 4005 σήν

2212 4041 2398 4098 μερον.
2429 4024 2801 4096 Μεμίσθωμαι
2836 4024 2946 4095 γάρ
2975 4041 3034 4077 σε
3084 4024 3205 4077 ἀντὶ
3237 4024 3345 4077 τῶν
3394 4023 3801 4095 μανδραγορῶν

2207 4118 2301 4173 τοῦ
2336 4116 2454 4171 υἱοῦ
2490 4134 2613 4189 μου.
2653 4108 2731 4171 Οῦ
2769 4116 2833 4189 δὴ
2879 4115 3196 4185 γεγονότος,
3247 4117 3434 4169 τέτοκε
3465 4115 3626 4170 πάλιν
3656 4115 3798 4170 Λεία

2207 4210 2301 4265 τόν
2328 4210 2571 4281 Ἰσάχαρ,
2620 4208 2709 4262 ἐπ’
2740 4206 2898 4279 Δαὐτῷ
2936 4207 2993 4262 δὲ
3033 4208 3128 4261 καὶ
3184 4205 3494 4262 Ζαϐουλὼν.
3524 4225 3561 4258 ι-
3598 4205 3802 4285 Ἰζκόν-

2207 4318 2317 4354 των
2345 4300 2402 4354 δὲ
2420 4300 2519 4371 ἤδη
2536 4301 2671 4375 πρὸς
2696 4298 2854 4354 τοῦτο
2874 4298 3060 4354 λοιπὸν
3079 4296 3315 4370 ἀριθμοῦ
3325 4297 3433 4351 τῶν
3459 4296 3518 4362 ἐξ
3551 4294 3796 4367 Ἰσραὴλ,

2215 4409 2233 4441 ι
2256 4390 2554 4461 Ἐμνήσθη,
2574 4409 2592 4441 ι
2621 4389 2804 4461 φησιν,
2820 4407 2837 4439 ι
2865 4391 2892 4442 ὁ
2921 4388 3050 4452 Θεὸς
3070 4388 3169 4456 τῆς
3202 4387 3423 4458 Ῥαχὴλ,
3448 4388 3541 4440 καὶ
3555 4386 3802 4456 ἐπήκου-

514 4491 642 4531 men
673 4475 794 4546 ejus
813 4475 1035 4546 Joseph,
1067 4477 1259 4533 dicens
1286 4476 1545 4541 :Addidit
1572 4476 1704 4533 mihi
1740 4478 1885 4534 Dens
1924 4478 2098 4534 ﬁlium

2210 4497 2295 4534 σεν
2330 4481 2502 4549 αὐτῆς
2552 4478 2774 4548 Κύριος,
2820 4479 2916 4532 καὶ
2954 4479 3187 4549 ἀνέῳξεν
3225 4478 3395 4550 αὐτῆς
3426 4477 3524 4548 τὴν
3551 4478 3796 4548 μήτραν,

513 4569 751 4631 alterum
775 4568 839 4623 δ”.
873 4588 891 4620 ι
922 4568 1143 4637 Peperit
1164 4578 1351 4626 autem
1376 4568 1738 4638 praeterhunc
1764 4569 1930 4624 etiam
1951 4570 2096 4626 Ben-

509 4660 705 4730 jamin.
756 4659 834 4714 ita
858 4674 989 4712 vero
1028 4659 1096 4713 de
1137 4673 1202 4714 ea
1246 4674 1464 4715 rursum
1505 4658 1768 4728 scriptum
1808 4661 2046 4717 habetur
2078 4680 2093 4717 :

522 4770 540 4799 ‹
581 4748 804 4803 Factum
826 4756 912 4803 est
939 4756 1121 4802 autem
1159 4763 1284 4803 cum
1323 4747 1787 4819 appropinquaret
1823 4748 2097 4807 Chabrata

512 4850 574 4897 ut
596 4842 701 4897 iret
729 4841 784 4896 in
807 4848 1005 4895 terram
1024 4840 1283 4911 Ephrata,
1304 4840 1577 4897 laboriose
1600 4842 1815 4912 peperit
1837 4841 1890 4897 in
1912 4853 2096 4913 partu.

438 4966 441 4971 ι
511 4933 738 4989 Factum
779 4940 863 4987 est
886 4940 1070 4987 autem
1113 4947 1239 4987 cum
1268 4931 1561 4989 diﬁiculter
1600 4942 1839 5004 pareret,
1863 4934 2004 4990 dixit
2045 4935 2099 4991 ei

513 5025 782 5082 obstetrix
810 5043 824 5080 :
851 5025 1002 5080 Bono
1031 5024 1215 5081 animo
1235 5026 1330 5084 sis.
1350 5026 1566 5095 Etenim
1578 5027 1673 5083 hic
1698 5028 1795 5085 tibi
1819 5036 1905 5099 est
1921 5029 2087 5087 ﬁlius.

474 5129 487 5134 ‘
515 5117 738 5172 Factum
766 5125 852 5172 est
875 5127 1081 5182 autem,
1113 5132 1240 5185 cum
1258 5117 1542 5173 exhalaret
1562 5119 1801 5176 animam
1852 5120 2091 5193 (mortua

509 5208 662 5262 enim
687 5208 818 5275 est),
850 5210 1069 5266 vocavit
1104 5224 1306 5275 nomen
1327 5210 1446 5279 ejus
1473 5227 1486 5262 :
1528 5210 1698 5267 Filius
1729 5212 1935 5269 doloris
1960 5213 2088 5268 mei.

516 5301 673 5355 Pater
695 5316 830 5355 vero
851 5302 1065 5357 vocavit
1084 5317 1210 5357 eum
1236 5302 1518 5373 Beniamin
1547 5302 1613 5355 ⁸⁸.
1655 5322 1672 5354 ι
1695 5302 1855 5374 Aigre
1872 5305 2093 5375 pariens

516 5392 696 5463 itaque
720 5393 924 5449 Rachel
946 5403 1181 5460 mortua,
1216 5393 1500 5453 doloribus
1526 5393 1810 5457 nobiscum
1850 5411 2095 5453 commu~

591 5567 607 5597 ³
657 5570 814 5630 Cant.
847 5591 903 5637 ιι,
936 5575 1020 5631 Η.
1102 5577 1139 5607 δ’
1174 5575 1340 5634 Hebr.
1372 5594 1409 5642 ι,
1432 5578 1483 5631 2.

2205 4573 2300 4625 καὶ
2325 4570 2662 4625 συλλαϐοῦσα
2689 4570 2841 4625 ἔτεκε
2864 4571 2941 4642 τῷ
2986 4568 3181 4626 Ἰακὼϐ
3221 4570 3356 4626 uio").
3398 4565 3534 4623 Εἶπε
3562 4569 3631 4625 δὲ.
3663 4568 3797 4623 Ῥα-

2203 4663 2326 4734 χὴλ·
2355 4662 2597 4732 ’Δφεῖλεν
2631 4662 2728 4715 ἀπ’
2765 4661 2900 4732 ἐμοῦ
2944 4664 2973 4716 ὁ
3023 4662 3155 4726 Θεὸς
3195 4680 3296 4733 μου
3329 4662 3389 4717 τὺ
3425 4661 3644 4725 δνειδοςο
3691 4663 3798 4715 καὶ

2204 4754 2433 4810 ἐκάλεσε
2478 4753 2541 4808 τὸ
2576 4753 2748 4824 ὄνομα
2784 4753 2947 4807 αὐτοῦ
2991 4754 3211 4823 Ἰωσὴφ,
3284 4753 3550 4821 λέγουσα’
3606 4752 3795 4824 Προσ-

2206 4848 2364 4901 tea-:6
2392 4863 2484 4918 μοι
2506 4847 2534 4899 ὁ
2557 4847 2689 4910 Θεὸς
2706 4847 2821 4899 υἱὸν
2842 4846 3049 4919 ἕτερον.
3073 4864 3092 4897 ι
3114 4846 3320 4899 Tit-exs
3349 4844 3404 4897 δὲ
3437 4843 3575 4919 πρὸς
3609 4842 3798 4913 τούτῳ

2207 4939 2492 5009 Βενιαμίν.
2514 4940 2666 5008 Ἔχει
2688 4938 2743 4992 δὲ
2779 4938 2921 4992 οὕτω
2950 4938 3111 4992 πάλιν
3143 4937 3212 4991 τὰ
3248 4938 3337 4991 ἐπ’
3357 4936 3495 5006 αὐτῇ
3536 4951 3797 5005 γεγραμν

2206 5031 2361 5102 μέναο
2390 5051 2409 5085 ι
2445 5031 2695 5100 Ἐγένετο
2754 5031 2843 5095 δὲ,
2901 5030 3065 5101 ἡνίκα
3117 5031 3312 5100 ἧγγισε
3371 5028 3636 5099 Χαϐραθὰ
3688 5028 3799 5083 τοῦ

2201 5123 2376 5176 ἐλθεῖν
2406 5126 2487 5187 είς
2514 5124 2617 5195 γῆν
2666 5121 2931 5194 Ἐφραθᾶ,
2968 5122 3145 5177 ἔτικτε
3183 5121 3403 5195 Ῥαχὴλ.
3434 5123 3545 5177 Καὶ
3564 5122 3796 5179 ἑδυστόα

2202 5229 2370 5284 κησεν
2393 5215 2450 5266 ἐν
2488 5213 2565 5281 τῷ
2593 5211 2802 5282 τοκετῷ
2822 5228 2834 5240 ·
2863 5211 3084 5279 ἐγένετο
3121 5210 3200 5281 δὲ,
3228 5211 3286 5265 ἐν
3307 5211 3384 5282 τῷ
3418 5212 3679 5283 σκληρῶς.
3697 5216 3801 5269 αὑ-

2200 5306 2298 5377 τὴν
2327 5305 2554 5370 τίκτειν,
2603 5300 2755 5358 εἶπεν
2811 5304 2948 5374 αὐτῇ
3015 5304 3047 5373 ὴ
3082 5304 3240 5373 μαίαο
3271 5302 3497 5376 Θάρσειε
3541 5308 3635 5359 καὶ
3678 5305 3799 5377 γὰρ

2202 5390 2354 5462 οὗτός
2384 5397 2466 5454 σοί
2497 5397 2646 5450 ἐστιν
2671 5396 2804 5459 υἱός.
2844 5394 3093 5465 Ἐγένετο
3127 5395 3283 5461 δὲ,ὲν
3315 5396 3392 5468 τῷ
3430 5396 3652 5464 ἀφιέναι
3684 5399 3795 5452 αὔ-

1566 5579 1608 5610 θ’
1648 5579 1782 5635 Gen.
1813 5596 1936 5647 xxx,
1961 5579 2014 5633 3.
2094 5579 2134 5611 “
2159 5577 2295 5637 Gen.
2325 5596 2449 5646 xxx,
2484 5582 2673 5636 M-il.
2753 5581 2793 5612 "‘
2821 5580 2954 5637 Gen.
2983 5595 3138 5642 xx“,
3173 5577 3353 5633 iii-19.
