4032 6198
168 315 260 375 ξιτ

1152 316 1671 387 τιΑΡιιπιοηυω
1712 328 1777 383 IN
1818 329 2115 386 GENESIM
2176 296 2303 387 uti.
2347 297 2433 386 iv.

3322 326 3424 388 9η

170 434 253 503 *ἢν
287 432 389 505 τὴν
418 431 597 503 ψυχὴν
638 402 972 508 (ἀπίδνησκι
1006 435 1165 514 γὰρ),
1204 445 1431 500 ἐκάλεσε
1474 446 1535 499 τὸ
1571 446 1741 517 δνομα

1855 444 2012 503 nibus
2033 444 2267 501 liberata
2301 454 2409 501 est.
2443 446 2618 515 Atque
2643 444 2731 499 ιη’
2758 440 2980 513 quidem
2997 441 3174 497 habet
3197 456 3426 512 genera-

172 522 345 588 ιῦτοῦ,
367 524 481 589 υίὸς
516 524 712 595 ὀδύνης
736 545 858 597 μου.
906 528 965 586 Ὀ
989 531 1045 586 δὲ
1070 533 1255 607 πατὴρ
1291 536 1549 591 ἐκάλεσεν
1573 536 1739 592 αὑτὸν

171 615 453 685 Βενιαμίν.
477 632 497 665 ι
536 617 930 688 Δυστοκήσασα
975 622 1156 679 τοίνυν
1186 627 1277 679 ἐπὶ
1320 627 1462 680 τέλει
1513 628 1737 698 Ῥαχὴλ,

169 707 243 759 ιτς*
272 706 471 771 αὐταῖς
508 707 669 761 ὠδῖσι
697 709 806 764 τῶν
842 711 963 765 καθ’
999 715 1147 785 ἡμᾶς
1181 717 1575 790 ἀπηλλάττετο.
1610 713 1739 771 Ὧδε

169 798 256 868 μὲν
300 793 397 852 οὖν
428 797 543 869 εχει
572 800 681 853 τῶν
714 801 773 869 ἐξ
826 804 1071 879 Ἰακὼὸή
1108 808 1357 876 γένεσις·
1389 810 1523 867 ἀλλὰ
1558 812 1641 875 τίς
1675 812 1741 866 ἂν

166 887 241 958 εἴη
272 888 387 942 τῶν
423 893 831 962 γεγραμμένων
861 897 889 949 ό
925 897 1185 953 ἐσωτάτω
1214 899 1359 965 νοῦς,
1411 902 1585 973 εἰδείη
1639 904 1740 971 μὲν

167 979 222 1033 ἂν
244 980 415 1045 αὐτὸς
446 984 478 1035 ὁ
501 982 681 1037 πάντα
719 976 896 1049 εἰδὼς,
937 1007 956 1040 ι
989 990 1079 1042 Ἑν
1108 985 1153 1059 ᾧ
1182 992 1382 1057 πάντες
1410 996 1548 1049 εἰσὶν
1586 996 1744 1065 οίθη-

170 1072 351 1142 σαυροὶ
383 1074 485 1143 τῆς
524 1076 740 1144 σοφίας.
790 1080 886 1131 καὶ
924 1081 1025 1152 τῆς
1054 1081 1310 1149 γνώσεως
1357 1085 1689 1157 ἀπόκρυφοι,
1720 1107 1738 1137 ι
1768 1119 1791 1137 ς

169 1163 298 1215 κατὰ
317 1163 387 1215 τὸ
412 1168 819 1236 γεγραμμένον.
851 1172 1082 1237 Λεπτοίς
1109 1172 1165 1227 δὲ
1197 1174 1358 1245 ἡμεῖς
1380 1176 1745 1249 καταθρήσω-

169 1269 255 1319 μεν
293 1253 620 1327 ὀφθαλμοῖς,
656 1260 752 1312 καὶ
787 1260 883 1330 τῆς
943 1262 1000 1315 ὲν
1036 1265 1219 1329 αὐτοῖς
1256 1267 1453 1337 ἀχλύος
1485 1268 1546 1321 τὸ
1576 1270 1747 1339 πάχος

165 1346 484 1415 κατισχνοῶι
515 1348 590 1412 ὡς
608 1347 709 1414 ἔνι,
743 1352 1092 1424 πειρώμενοι,
1136 1356 1214 1426 τῷ
1242 1357 1492 1427 σοφοῦντι
1517 1360 1748 1427 τυρλοὺς

164 1437 332 1488 ἐκεῖνο
414 1437 696 1509 λέγωμενο
760 1459 779 1492 ι
832 1443 1211 1514 ’Λποκάλυιᾴον
1263 1448 1389 1511 τοὺς
1432 1447 1749 1519 ὀφθαλμούς

168 1543 279 1593 μου,
308 1528 407 1579 καὶ
436 1531 760 1600 κατανοήσω
788 1533 858 1586 τά
889 1534 1169 1605 θαυμάσια
1198 1538 1263 1589 ἐκ
1284 1536 1377 1590 τοῦ
1402 1538 1567 1608 νόμου
1596 1556 1741 1592 σου.»

162 1618 369 1671 οὐκοῦν
405 1622 693 1694 (ἐπανήξω
716 1623 825 1697 γάρ
839 1626 921 1689 είς
949 1627 1010 1680 τὸ
1042 1627 1100 1681 ἐν
1138 1628 1358 1699 ἀρχαῖς.
1383 1632 1478 1683 καὶ
1508 1632 1749 1701 ἀναμνή-

165 1726 232 1762 σω
269 1710 438 1765 πάλιν
475 1707 553 1768 ῶν
589 1714 773 1786 ἔφην),
801 1718 967 1772 Λείαν
997 1720 1093 1788 μὲν
1113 1718 1211 1791 τὴν
1246 1721 1648 1793 πρεσϐυτέραν,
1677 1725 1744 1792 τῇ

1846 536 1922 590 tio
1954 535 2194 591 ﬁliorum
2219 536 2408 593 Jacob.
2440 535 2711 592 Caterum
2734 533 2985 605 quisnam
3007 533 3079 589 sit
3102 547 3294 589 eorum
3308 548 3430 605 quae

1844 629 2047 707 scripta
2098 638 2228 684 sunt
2284 628 2515 684 interior
2562 644 2776 693 sensus,
2831 628 3048 683 noverit
3100 625 3323 697 quidem
3385 627 3431 682 is

1843 719 1937 789 qui
1962 720 2145 775 omnia
2186 721 2359 783 novit,
2383 721 2438 774 in
2473 735 2583 791 quo
2608 732 2801 775 omnes
2831 728 2961 775 sunt
2999 738 3017 769 ι
3059 719 3308 774 thesauri
3338 734 3427 774 δα·
3530 774 3539 781 κ

1845 809 2067 879 pientiae
2104 820 2162 866 et
2192 810 2523 882 cognitionis
2542 808 2873 874 absconditi,
2901 828 2920 860 ι
2954 807 3098 863 sicut
3160 807 3430 878 scriptum

1844 911 1929 957 est
1960 902 2023 957 “.
2051 903 2164 960 Nos
2214 919 2346 959 vero
2380 904 2679 959 subtilibus
2717 902 2895 959 oculis
2921 902 3039 956 haec
3090 900 3427 963 intueamur.

1846 996 2227 1067 caliginisque,
2263 1012 2372 1067 qua
2400 996 2578 1052 obsita
2607 1005 2755 1061 sunt,
2776 995 3106 1050 densitatem
3139 992 3427 1063 dissipare.

1847 1085 2027 1156 quoad
2052 1085 2171 1141 ﬁeri
2202 1094 2402 1156 potest,
2439 1094 2723 1150 conantes,
2762 1085 2813 1141 ei
2838 1084 2933 1154 qui
2965 1083 3305 1139 intellectum
3339 1081 3433 1136 dat

1848 1177 2027 1241 caecis,
2059 1175 2193 1231 illud
2216 1176 2463 1245 dicamus
2493 1194 2507 1230 :
2547 1194 2565 1227 ‹
2602 1175 2804 1231 Revela
2823 1174 3010 1231 oculos
3045 1186 3219 1237 meos,
3266 1178 3324 1226 et
3342 1169 3429 1224 in-

1849 1265 2088 1336 telligam
2127 1266 2400 1321 mirabilia
2424 1282 2492 1321 ex
2522 1267 2648 1337 lege
2681 1274 2772 1320 tua
2803 1266 2869 1317 ".
2910 1284 2928 1315 ι
2964 1262 3232 1330 Quocirca
3263 1261 3430 1333 (refev

1849 1372 1965 1411 ram
1997 1359 2143 1413 enim
2162 1375 2192 1413 a
2214 1359 2392 1430 capite
2423 1365 2826 1421 sermonem,et
2861 1356 3007 1427 quod
3022 1355 3137 1410 dixi
3166 1354 3430 1425 repetam)

1850 1448 2003 1503 Liam
2036 1451 2258 1520 quidem
2296 1451 2568 1506 seniorem
2606 1450 2901 1522 Synagogae
2932 1447 3247 1503 Iudaeorum
3279 1458 3432 1501 com—

1852 1538 2409 1609 parandam;Raeliel
2450 1556 2583 1596 vero
2622 1541 2796 1610 ipsam
2825 1538 3070 1609 gentium
3129 1535 3432 1592 Ecclesiam

1850 1645 1970 1687 esse
2003 1632 2459 1689 existimabimus.
2496 1632 2935 1688 Fundamentum
2956 1628 3138 1698 itaque
3169 1626 3434 1698 quodam-

1853 1723 2018 1778 modo
2041 1723 2314 1778 sermonis
2336 1724 2605 1795 iacientes
2626 1723 2821 1777 harum
2850 1736 3034 1775 rerum
3065 1719 3249 1783 ﬁdem,
3301 1718 3433 1773 reli-

159 1799 259 1852 τῶν
297 1802 578 1858 Ἰουδαίων
635 1807 938 1881 Συναγωγῇ
995 1813 1401 1883 παρεικαστέον
1460 1808 1520 1866 εὖ
1568 1813 1746 1884 μάλα·

1855 1830 1960 1885 qua
1985 1824 2448 1885 superstruamus.

173 1892 367 1964 Ῥαχὴλ
410 1894 467 1948 δὲ
507 1896 705 1967 αὑτὴν.
742 1898 851 1951 τῶν
888 1899 1058 1953 ἐθνῶν
1117 1901 1446 1971 Ἐκκλησίαν
1479 1904 1747 1975 ὑπάρχειν
1786 1904 2192 1977 ὑποληψόμεθα.
2256 1908 2515 1977 Κρηπίδα
2547 1907 2604 1961 δὲ
2637 1907 2828 1978 ὥσπερ
2888 1904 3286 1977 προῦποθὲντες
3326 1900 3434 1956 τῶν

162 1981 330 2051 λόγων
361 1983 465 2055 τὴν
498 1987 594 2039 ἐπὶ
618 1986 754 2058 τῷδε
788 1988 993 2055 πίστιν,
1021 1994 1089 2047 τὰ
1135 1992 1299 2048 λοιπά
1339 1998 1825 2067 προσποιήσωμεν.

223 2075 288 2128 θ’.
341 2077 549 2132 Τέτοκε
604 2080 840 2155 τοίνυνή
882 2084 1015 2137 Λεία
1048 2085 1239 2157 πρώτη
1288 2087 1584 2157 τέσσαρας,
1627 2084 1751 2142 εἶτα

167 2170 363 2237 μεταξὺ
423 2171 721 2240 γεγόνασιν
751 2175 817 2228 ὲκ
860 2175 1007 2230 δυοῖν
1039 2176 1396 2249 θεραπαίναιν
1430 2178 1643 2244 Βάλλας
1688 2198 1750 2234 τε

166 2262 250 2316 καὶ
306 2262 550 2333 Ζελφᾶς,
609 2264 789 2337 ἕτεροι
844 2266 1134 2340 τέσσαρες.
1186 2270 1406 2343 Ἐπειδὴ
1446 2271 1504 2325 δὲ
1537 2273 1663 2336 τοὺς
1693 2272 1751 2326 ἐν

165 2355 347 2425 (mea;
408 2356 752 2428 εὐρημένους
815 2359 970 2432 παρὰ
1029 2360 1288 2433 Ῥουδεὶμ
1366 2363 1752 2437 μανδραγόρας

164 2445 504 2519 διενείμαντο
529 2447 664 2522 πρὸς
692 2449 929 2521 ἀλλήλας
960 2453 1095 2508 Λεία
1114 2471 1171 2509 τε
1202 2456 1298 2510 καὶ
1337 2455 1558 2530 Ῥαχὴλ,
1584 2458 1753 2530 ἄμφω

170 2536 422 2605 γεγόνασι
454 2541 713 2612 μητέρεςσ
740 2542 837 2596 καὶ
873 2543 1045 2598 τίκτει
1077 2546 1175 2617 μὲν
1198 2544 1331 2600 Λεία
1356 2549 1491 2621 πρὸς
1519 2551 1753 2616 ἐκείνοις

168 2630 267 2692 τοῖς
302 2628 573 2701 τέσσαρσι
602 2631 695 2685 τὸν
722 2632 968 2707 Ἰσάχαρ,
1001 2637 1030 2690 ὃ
1063 2638 1183 2691 ἐστι
1206 2639 1449 2708 μισθός·
1495 2635 1615 2695 εἶτα
1658 2641 1747 2698 τὸν

173 2717 467 2783 Ζαϐουλὼν,
496 2720 528 2774 ὃ
561 2722 819 2792 σημαίνει
847 2725 1009 2780 πάλιν
1034 2728 1472 2801 ἑρμηνευόμενον
1503 2733 1754 2805 εὐλογία

169 2826 218 2863 τε
244 2813 340 2865 καὶ
367 2814 600 2871 seodio.
631 2815 833 2870 Τέτοκε
862 2817 920 2871 δὲ
946 2818 1039 2872 καὶ
1093 2819 1293 2894 Ῥαχὴλ
1323 2818 1415 2877 τὸν
1462 2822 1685 2895 Ἰωσὴφ,
1721 2825 1752 2880 ὃ

166 2904 278 2956 tm
324 2906 653 2974 προσθήκη
692 2906 865 2962 Θεοῦ.
899 2909 1009 2963 Καὶ
1047 2911 1165 2980 μετ’
1201 2912 1364 2967 αὐτὸν
1406 2916 1463 2968 ὲν
1493 2913 1636 2968 τέλει
1662 2915 1755 2970 τὸν

164 2994 350 3048 Βενονὶ
398 2996 502 3078 Η),
549 2996 578 3049 δ
608 2997 725 3049 ἐστι
762 2997 894 3064 υιὸς
941 2999 1181 3068 ὀδύνης.
1238 3003 1437 3075 Πρώτη
1499 3005 1597 3074 μὲν
1645 3008 1755 3080 γὰρ

162 3085 436 3140 ἐτέκνωσε
476 3076 563 3158 τῷ
612 3082 745 3159 8εῷ
775 3089 878 3160 τὴν
937 3089 1046 3144 τῶν
1077 3093 1346 3148 Ἰουδαίων
1377 3095 1586 3169 πληθὺν
1631 3101 1663 3170 ἡ
1697 3076 1754 3153 ἐν
1790 3076 1797 3083 Ἰ

157 3182 338 3253 χρόνῳ
368 3182 744 3253 πρεσϐυτέρα,
768 3185 1073 3253 τουτέστιν,
1107 3188 1141 3259 ἡ
1186 3189 1508 3263 Συναγωγή.
1549 3193 1673 3246 ’Ότι
1698 3193 1755 3247 δὲ

157 3274 281 3337 τοὺς
306 3275 371 3340 ἐξ
414 3275 587 3346 αὐτῆς
614 3277 927 3346 γεγονότας,
959 3279 1109 3343 υίοὺς
1134 3280 1317 3335 ἐκάλει
1332 3282 1485 3348 Θεὸς,
1506 3285 1757 3355 συνήσεις

1918 2089 1973 2146 9.
2003 2091 2226 2163 Peperit
2256 2092 2424 2164 igitur
2452 2092 2550 2147 Lia
2582 2094 2731 2164 prior
2759 2104 2997 2163 quatuor
3021 2093 3180 2148 ﬁlios.
3210 2086 3436 2146 Interim

1849 2185 1966 2240 nati
2019 2195 2145 2241 sunt
2191 2201 2260 2241 ex
2306 2186 2523 2242 duabus
2554 2185 2771 2242 ancillis
2814 2186 2963 2241 Balla
2982 2194 3039 2240 et
3087 2183 3290 2254 Zelpha
3342 2183 3435 2239 alii

1850 2285 2106 2348 quatuor.
2141 2277 2435 2349 Postquam
2470 2293 2603 2334 vero
2623 2280 2874 2335 inventas
2913 2294 2945 2334 a
2980 2277 3177 2333 Ruben
3216 2277 3272 2332 in
3294 2275 3440 2347 agris

1850 2367 2241 2440 mandragoras
2270 2369 2414 2425 inter
2441 2385 2502 2426 se
2556 2371 2774 2441 partitae.
2823 2377 2950 2425 sunt
2987 2369 3084 2425 Lia
3124 2376 3180 2424 et
3210 2366 3435 2430 Rachel.

1852 2468 2084 2531 utraque
2121 2460 2265 2516 facta
2301 2469 2387 2516 est
2415 2470 2592 2516 mater
2625 2470 2717 2516 :et
2739 2460 2886 2531 parit
2917 2459 3143 2531 quidem
3170 2458 3267 2514 Lia
3297 2473 3437 2529 pra-

1854 2561 1938 2608 ter
1989 2563 2229 2629 quatuor
2273 2553 2397 2609 illos
2441 2554 2681 2619 lsachar,
2726 2553 2823 2624 qui
2868 2551 3143 2623 signiﬁcat
3193 2567 3439 2615 merces;

1854 2639 2014 2711 1-32
2052 2640 2252 2697 deinde
2290 2639 2562 2707 Zabulon,
2599 2642 2747 2711 quod
2775 2656 2992 2697 rursum
3027 2641 3073 2696 si
3104 2640 3436 2710 interprete-

1854 2730 1951 2786 ris.
1993 2730 2262 2802 signiﬁcat
2294 2732 2600 2795 benedictio,
2631 2742 2688 2787 et
2705 2733 2942 2788 suavitas
2975 2732 3172 2786 odoris.
3217 2731 3438 2801 Peperit

1853 2835 2037 2877 autem
2076 2822 2241 2877 etiam
2266 2822 2471 2878 Rachel
2489 2823 2713 2892 Ioseph,
2745 2823 2892 2892 quod
2914 2822 3187 2894 significat
3212 2822 3438 2876 accretio

1855 2911 1973 2976 Dei,
1994 2919 2050 2966 et
2078 2920 2202 2982 post
2230 2912 2380 2967 hunc
2412 2913 2480 2969 ad
2503 2920 2809 2968 extremum
2843 2912 3147 2983 Beniamin,
3182 2910 3331 2982 quod
3360 2909 3438 2965 si—

1855 3003 2078 3074 gniﬁcat
2101 3004 2245 3073 ﬁlius
2274 3003 2491 3059 doloris.
2523 3004 2706 3060 Prima
2744 3004 2893 3059 enim
2932 3002 3074 3058 ﬁlios
3096 3001 3314 3073 peperit
3328 3001 3441 3056 Deo

1854 3095 2170 3153 Iudaeorum
2200 3096 2611 3152 multitudinem
2648 3095 2835 3150 senior
2888 3103 3155 3165 tempore,
3179 3093 3285 3149 hoc
3335 3102 3438 3158 est.

1858 3188 2158 3260 Synagoga.
2199 3187 2355 3255 Quod
2387 3202 2520 3243 vero
2548 3202 2644 3243 eos
2669 3186 2763 3257 qui
2785 3202 2852 3242 ex
2885 3187 3001 3257 ipsa
3023 3185 3282 3250 ortisunt,
3301 3184 3444 3240 ﬁlios

1856 3280 2069 3337 vocarit
2102 3282 2268 3340 Deus.
2290 3280 2496 3351 optime
2519 3279 2808 3350 intelliges,
2847 3277 3067 3333 dicente
3093 3277 3211 3347 ipso
3234 3276 3303 3331 a‘d
3326 3275 3441 3331 Mo-

154 3360 212 3418 εὗ
238 3366 399 3437 μάλα
416 3407 431 3431 ,
467 3367 609 3441 πρὸς
631 3369 839 3423 Μωσέα
868 3371 966 3441 μὲν
990 3370 1258 3441 λέγοντος·
1295 3392 1312 3425 ι
1332 3373 1457 3437 Υἱὸς
1484 3375 1756 3449 πρωτότο-

1863 3388 1978 3429 sem
2010 3389 2024 3425 :
2049 3392 2067 3425 ι
2093 3372 2264 3427 Filius
2291 3372 2691 3443 primogenitns
2709 3386 2865 3426 meus
2883 3369 3051 3426 Israel
3078 3370 3145 3424 ⁸³.
3174 3388 3192 3421 ι
3217 3368 3441 3424 Necnon

152 3459 249 3524 2'3;
285 3478 398 3533 μου
420 3460 660 3533 Ἰσραήλ.
684 3480 717 3513 “›
753 3462 852 3517 Διά
887 3480 947 3531 γε
980 3464 1164 3535 φωνῆς
1202 3465 1445 3520 ’Πσαῖουο
1482 3487 1501 3519 ι
1535 3470 1755 3534 Ἀκουε,

151 3552 383 3621 οὐρανὲ,
445 3554 538 3606 καὶ
571 3551 850 3619 ὲνωτίζου,
886 3555 919 3624 ἡ
955 3554 1050 3624 γῆ’
1101 3556 1182 3609 ὅτι
1216 3557 1419 3628 Κύριος
1469 3559 1756 3632 ἐλάλησεν·

155 3643 331 3707 Tisia;
371 3643 648 3715 ἐγέννησα
675 3645 771 3698 καὶ
802 3644 1013 3715 ὕψωσα·
1050 3647 1204 3700 αὐτοὶ
1227 3647 1285 3701 δέ
1310 3665 1378 3719 με
1402 3648 1697 3722 ἠθέτησαν.
1732 3671 1752 3705 ι

154 3736 315 3807 Πλὴν
335 3738 427 3792 ὅτι
451 3738 812 3808 γεγέννηνται
840 3739 940 3809 μὲν
971 3739 1030 3806 ἐξ
1058 3738 1359 3813 ἐλευθέρων
1387 3742 1474 3796 διὰ
1490 3746 1615 3809 τοὺς
1649 3762 1757 3799 πα-

149 3829 350 3898 τέρας,
390 3825 474 3894 οἷς
506 3831 607 3885 οὐκ
653 3830 953 3904 ὲπέρῤιπτε
984 3833 1076 3887 τὸν
1106 3835 1171 3887 ὲκ
1229 3833 1394 3904 νόμου
1440 3833 1625 3906 ζυγόν·
1656 3837 1758 3910 τὴν

143 3921 263 3990 γάρ
294 3938 385 3974 τοι
416 3921 525 3975 τῶν
552 3923 807 3994 πατέρων
856 3924 1173 3997 ἐλευθερίαν
1223 3927 1318 3980 καὶ
1357 3927 1519 3993 αὐτὸς
1559 3931 1691 4002 ἡμῖν
1729 3932 1758 3984 ὁ

147 4012 461 4077 θεσπέσιος
480 4012 696 4079 Παῦλος
728 4016 1037 4088 παρέδειξε,
1078 4017 1272 4088 λέγων-
1313 4037 1331 4069 ι
1367 4017 1512 4088 Ἐγὼ
1537 4020 1593 4074 δὲ
1619 4021 1756 4086 ἕξων

147 4104 335 4174 χωρὶς
389 4104 554 4176 νόμου
601 4105 754 4158 ποτέ.
787 4125 807 4158 ι
866 4106 960 4173 Τὸ,
995 4107 1130 4177 ἐγὼ,
1174 4111 1241 4181 τῇ
1290 4109 1414 4183 ῥίζῃ
1440 4108 1533 4164 τοῦ
1568 4111 1758 4179 γένους

148 4195 471 4261 ἀνατιθεὶς,
506 4197 600 4251 καὶ
623 4200 745 4261 ταῖς
781 4197 890 4252 τῶν
911 4199 1162 4271 πατέρων
1190 4200 1447 4255 ἀνάπτων
1468 4202 1753 4271 κεφαλαῖς.

148 4289 278 4344 Ὅτι
304 4290 375 4343 δὲ
397 4288 645 4360 ἔμελλον,
675 4290 780 4344 κᾶν
803 4292 853 4345 εί
881 4291 1170 4361 γεγόνασιν
1189 4292 1250 4359 ἐξ
1299 4293 1622 4367 ἐλευθέρων,
1660 4294 1754 4349 τὸν

138 4381 249 4451 τῆς
280 4381 442 4435 κατὰ
470 4383 637 4453 νόμον
662 4382 908 4448 δουλείας
947 4384 1379 4455 ὑποδραμεῖσθαι
1428 4386 1614 4456 ζυγὸν,
1647 4402 1753 4439 πα-

138 4473 469 4542 ραδείξειεν
498 4473 566 4529 ἂν
588 4476 722 4547 ημῖν
753 4475 1168 4547 αἰνιγματωδῶς
1199 4477 1233 4547 ἡ
1261 4477 1642 4546 γειτονεύουσα
1660 4477 1754 4531 καὶ

1860 3479 1961 3534 per
1978 3478 2172 3518 vocem
2191 3463 2343 3519 Isaiae
2367 3480 2382 3518 :
2415 3481 2434 3514 ί
2459 3462 2856 3527 Audi,c(elum,
2877 3469 2933 3518 et
2948 3460 3179 3516 auribus
3195 3460 3441 3531 percipe,

1863 3565 2028 3619 terra,
2047 3554 2178 3625 quia
2188 3553 2456 3609 Dominus
2473 3552 2693 3609 locutus
2716 3560 2819 3608 est.
2842 3551 3009 3607 Filios
3027 3552 3194 3622 genui
3217 3560 3276 3607 et
3289 3553 3443 3608 exal-

1861 3646 1993 3712 tavi,
2029 3647 2132 3718 ipsi
2161 3655 2346 3703 autem
2380 3653 2708 3717 spreverunt
2724 3660 2811 3701 me
2848 3644 2915 3701 δ’.
2954 3664 2973 3697 ι
3009 3645 3280 3701 Praeterea
3313 3647 3441 3717 quia

1859 3740 2029 3813 geniti
2053 3748 2182 3796 sunt
2200 3756 2269 3797 ex
2282 3740 2494 3806 liberis,
2515 3739 2642 3795 ideo
2660 3738 2808 3809 quod
2829 3737 3080 3809 patribus
3095 3737 3341 3808 ipsorum
3363 3738 3442 3794 le-

1860 3834 1943 3905 gis
1964 3834 2156 3905 iugum
2182 3833 2499 3904 impositum
2536 3848 2650 3887 non
2672 3838 2856 3886 esset:
2886 3830 3095 3899 idcirco
3122 3838 3342 3899 patrum
3370 3829 3442 3886 lio

1860 3911 2128 3982 bertatem
2142 3925 2307 3982 etiam
2333 3924 2449 3995 ipse
2470 3923 2633 3978 nobis
2654 3921 2877 3976 divinus
2897 3920 3099 3977 Paulus
3118 3920 3440 3987 declaravit,

1859 4019 2082 4075 dicens:
2115 4035 2134 4069 ι
2156 4016 2270 4087 Ego
2289 4022 2473 4069 autem
2492 4014 2743 4069 vivebam
2761 4013 2880 4068 sine
2902 4012 3021 4083 lege
3036 4012 3437 4083 aliquando'h

1858 4111 1997 4167 illud
2022 4126 2136 4181 ego,
2160 4107 2227 4164 ad
2253 4106 2492 4162 radicem
2515 4104 2730 4177 generis
2750 4103 2835 4160 sui
2857 4103 3123 4170 referens,
3147 4113 3202 4161 et
3220 4105 3444 4178 majori-

1859 4204 1963 4259 bus
1974 4198 2563 4267 suisascribens.Quod
2584 4206 2766 4254 autem
2786 4197 3002 4253 etiamsi
3025 4214 3093 4254 ex
3114 4198 3308 4255 liberis
3327 4202 3439 4257 nati

1856 4303 2064 4361 essent,
2087 4294 2279 4366 legalis
2306 4292 2590 4349 servitutis
2610 4292 2802 4362 iugum
2821 4291 3064 4347 subituri
3087 4291 3438 4363 essent,ﬁgu-

1857 4394 1974 4441 rate
2000 4384 2162 4440 nobis
2186 4384 2458 4456 signiﬁcat
2485 4380 2700 4436 vicinus
2724 4388 2883 4435 ortus
2918 4380 3153 4435 aliorum
3179 4389 3443 4450 quatuor,

1856 4478 1951 4550 qui
1969 4478 2082 4535 nati
2100 4487 2232 4534 sunt
2250 4491 2317 4530 ex
2336 4473 2570 4530 ancillis.
2596 4471 2867 4528 Caeterum
2889 4472 3024 4527 latet
3043 4470 3254 4541 aliquid
3275 4471 3330 4525 in
3350 4472 3447 4528 bis.

136 4556 590 4638 παρεζευγμένη
622 4568 836 4636 γένεσις
865 4567 973 4622 τῶν
997 4569 1302 4641 τεσσάρων,
1325 4569 1374 4623 οἳ
1415 4569 1510 4624 καὶ
1531 4571 1757 4639 γεγόνα-

135 4675 235 4712 σιν
277 4660 358 4714 ἐκ
388 4658 755 4730 θεραπαινῶν.
787 4661 932 4716 Ἀλλ’
972 4661 1088 4715 ἐστι
1131 4679 1186 4716 τι
1220 4662 1314 4718 καὶ
1345 4664 1404 4719 ἐν
1436 4664 1618 4726 αὐτοῖς
1650 4680 1755 4734 μυ-

134 4755 417 4824 στήριον.
444 4754 505 4806 Οἱ
544 4754 644 4824 μὲν
664 4752 773 4824 γὰρ
815 4757 878 4809 ὲκ
915 4754 1147 4821 Βάλλας,
1180 4756 1288 4810 Δάν
1316 4773 1377 4810 τε
1410 4755 1503 4810 καὶ
1532 4756 1751 4825 Νεφθα-

130 4847 296 4917 ἳεὶμ,
343 4847 731 4918 ἐπεγράφοντο
768 4852 835 4922 τῇ
876 4851 1096 4924 Ῥαχήλ⁸
1126 4853 1176 4906 oi
1220 4852 1278 4907 δέ
1315 4869 1378 4922 γε
1404 4852 1504 4919 τῆς
1529 4852 1758 4922 Ζελφᾶς,

130 4940 251 4993 Γὰδ
293 4938 643 5010 καθιἊσὴρ,
671 4940 1045 5013 ἐπεγράφοντο
1092 4947 1160 5015 τῇ
1214 4944 1369 5016 Λείᾳ,
1414 4943 1642 4999 καὶτῶν
1698 4946 1763 5000 ἐκ

130 5031 376 5095 Βάλλας
404 5025 548 5101 ἦσαν
568 5031 988 5104 ὀψιγενέστεροι.
1018 5032 1351 5107 Ἀλλ’,οἷμαί
1384 5054 1510 5100 που,
1546 5037 1763 5101 πάντως

128 5124 580 5193 ἑπαπορήσειεν
622 5122 688 5178 άν
717 5141 825 5188 τις,
875 5126 970 5180 καὶ
1000 5127 1143 5198 μάλα
1168 5129 1429 5195 εἰκότως,
1459 5128 1576 5192 πῶς
1605 5129 1670 5183 ἂν
1710 5130 1760 5185 οἱ

128 5214 196 5265 ἐκ
216 5213 468 5282 δούλης,
513 5212 663 5283 φημὶ
708 5214 806 5283 τῆς
840 5212 1069 5282 Βάλλας,
1107 5220 1499 5290 ὲπιγράφοιντο
1518 5221 1583 5290 τῇ
1634 5219 1761 5272 Ῥα-

122 5306 259 5374 ﬁt
318 5302 521 5359 καίτοι
572 5302 672 5372 τῆς
708 5299 768 5367 ἐξ
810 5303 979 5359 ἐθνῶν
1011 5306 1339 5378 Ἐκκλησίας
1383 5308 1763 5381 ἁποπληροῦσι

126 5402 223 5451 τὶν
258 5398 484 5450 τύπον.
514 5396 581 5448 Τί
609 5391 703 5450 οὖν
730 5397 869 5468 πρὸς
889 5398 1046 5454 τοῦτό
1069 5417 1286 5471 φαμεν;
1326 5403 1446 5456 ’Ότι
1477 5402 1763 5468 γεγόνασιν

128 5493 185 5540 εν
222 5490 467 5561 ἀρχαῖς
515 5488 565 5539 οἱ
614 5488 879 5560 μακάριοι
928 5492 1206 5563 προφῆται
1242 5493 1763 5565 ,καταριθμούμενοι

200 5608 431 5662 “Col.
458 5623 514 5667 ιι,
542 5606 595 5662 3.
672 5605 716 5641 δ’
753 5609 895 5665 Psal.
934 5627 1123 5678 cxvm,
1166 5613 1215 5668 8.
1297 5613 1340 5644 “
1376 5613 1545 5669 Exod.
1590 5630 1658 5675 IV,
1701 5611 1789 5664 29..

1857 4570 2125 4644 mysterii.
2195 4567 2320 4623 Filii
2374 4566 2524 4622 enim
2579 4563 2743 4619 Balla:
2791 4564 2908 4620 Dan
2956 4570 3014 4619 et
3084 4562 3445 4635 Nepb‘thalim-

1861 4662 2084 4734 ascripti
2127 4669 2258 4719 sunt
2291 4658 2547 4725 Racheli;
2581 4657 2801 4728 Zelphaa
2857 4671 2990 4713 vero
3027 4656 3144 4714 Gad
3203 4664 3260 4714 et
3299 4657 3441 4714 Aser

1860 4755 2085 4826 ascripti
2126 4753 2255 4808 Μαι.
2286 4752 2356 4807 Et
2387 4766 2454 4806 ex
2485 4750 2633 4807 Balla
2655 4756 2815 4805 erant
2843 4749 3055 4806 tardius
3083 4750 3269 4820 geniti.
3305 4749 3433 4815 Sed,

1856 4847 2077 4917 opinor,
2128 4848 2340 4914 quaerat
2361 4841 2506 4910 quis,
2565 4854 2672 4894 nec
2695 4839 2915 4910 iniuria,
2939 4838 3216 4908 quomodo
3234 4854 3265 4893 e
3289 4839 3435 4896 Balla

1859 4937 2057 4992 ancilla
2085 4934 2199 4989 nati
2229 4929 2455 4987 Racheli
2503 4928 2870 4995 ascribantur,
2911 4937 2968 4984 et
2987 4928 3215 4998 implere
3234 4941 3437 4997 queant

1860 5036 2048 5101 typum
2083 5022 2343 5080 Ecclesia:
2370 5037 2438 5077 ex
2459 5020 2755 5091 gentibus?
2790 5019 2933 5087 Quid
2993 5020 3160 5089 igitur
3210 5019 3279 5079 ad
3334 5020 3439 5075 hoc

1861 5120 2108 5175 dicemus
2132 5115 2155 5168 ?
2175 5112 2331 5182 Quod
2352 5112 2560 5167 fuerint
2584 5111 2744 5167 initio
2773 5110 2922 5166 beati
2949 5109 3231 5180 propheta:
3257 5125 3437 5166 annu-

1860 5190 2054 5265 merati
2097 5204 2324 5278 quidem
2378 5204 2523 5259 inter
2578 5203 2720 5257 ﬁlios
2769 5216 2939 5256 servae
2964 5199 3307 5267 Jerusalem;
3342 5200 3436 5255 ﬁlii

1859 5312 2041 5358 autem
2063 5308 2214 5355 certo
2238 5297 2401 5353 modo
2423 5303 2583 5352 erant
2611 5293 2869 5350 Ecclesiae
2905 5308 2973 5348 ex
3019 5293 3293 5364 gentibus.
3331 5292 3437 5349 Co—

1859 5391 2106 5464 gitabant
2125 5387 2271 5445 enim
2299 5401 2421 5457 quae
2442 5385 2562 5457 eius
2580 5392 2728 5448 sunt,
2751 5382 2997 5438 dicentes
3023 5382 3437 5439 monstrandtm

1859 5502 2003 5550 esse,
2050 5495 2212 5553 atque
2253 5479 2583 5536 cﬁulsurum
2632 5492 2887 5533 successu
2945 5477 3205 5550 tempdris
3232 5474 3459 5539 Christi

1788 4705 1831 4757 D

1863 5609 1906 5639 "
1940 5607 2045 5662 lsa.
2071 5621 2111 5671 ι,
2134 5603 2189 5660 2.
2266 5600 2309 5632 ⁵⁵
2336 5601 2492 5655 Rom.
2528 5613 2619 5661 vn,
2646 5595 2699 5650 ὓ.

201 5772 289 5847 (1)
330 5767 674 5838 Legendum
724 5767 946 5825 videtur
990 5768 1270 5846 Βενιαμίν,
1311 5782 1370 5829 ut
1408 5773 1547 5829 inira
1573 5788 1626 5844 p.
1670 5768 1772 5841 15‘8
1808 5776 1865 5823 et
1902 5766 2182 5839 interpres
2222 5764 2402 5823 vertit.
2434 5764 2583 5820 Em.
