4032 6198
406 220 511 277 217

1395 210 1921 274 σιλνιιῑιιοιιυιι
1958 209 2033 266 ΙΝ
2064 210 2372 270 GENESIM
2434 215 2562 272 LIB.
2604 217 2693 273 iV.

3555 220 3663 277 2l8

364 368 367 371 -
407 341 502 412 θὴς
537 333 609 401 εί,
641 338 735 393 καὶ
765 338 828 391 ού
856 336 1007 409 μέλει
1038 354 1121 391 σοι
1144 340 1271 409 περὶ
1288 339 1522 402 οὐδενόςο
1548 322 1743 408 οὐγὰρ
1770 334 1966 406 {sum

2090 337 2240 391 enim
2267 338 2498 408 respicis
2515 351 2806 409 personam
2826 336 3134 403 hominum,
3159 337 3255 393 sed
3278 338 3420 393 viam
3443 339 3665 398 Domini

407 436 486 496 είς
509 431 802 501 πρόσωπον
839 428 1165 501 ἀνθρώπων,
1198 430 1317 485 ἀλλ’
1344 433 1431 485 ἐπ’
1454 429 1712 501 ἀληθείας
1741 428 1840 499 τὴν
1865 427 1984 481 ὁδὸν

400 521 498 577 τοῦ
527 520 665 575 Θεοῦ
696 516 989 583 διδάσκεις·
1017 519 1195 586 ἔξεστι
1229 520 1410 576 δοῦναι
1433 522 1630 593 κῆνσον
1654 519 1913 587 Καίσαρι,
1947 517 1980 587 η

404 613 496 680 06;
550 634 569 666 ι
598 612 920 685 Προσῄεσαν
956 611 1015 665 δὲ
1045 612 1421 686 πειράζοντες,
1462 614 1549 666 ῖνα
1584 611 1984 681 παγιδεύσωσιν

403 708 584 762 αὐτόν.
632 705 1045 778 Μεμαρτύρηκε
1072 705 1181 776 γὰρ
1212 706 1384 770 οὕτως
1420 707 1450 759 ὁ
1499 704 1783 766 θεσπέσιος
1815 703 1987 771 εὐαγς

402 797 676 869 γελιστής.
704 798 767 850 0i
805 796 864 849 δὲ
897 796 1205 867 λημμάτων
1232 788 1393 850 ἕνεκα
1426 795 1522 850 καὶ
1554 793 1894 864 φιλοκερδίας
1919 792 1980 845 ού

403 886 1001 960 παρεδέχοντοτδνυίόν.
1020 906 1039 939 ι
1064 887 1315 958 Ἐφησαν
1340 888 1471 957 γὰρ,
1491 906 1512 939 ι
1542 887 1727 957 φησιν,
1759 888 1845 938 «ὲν
1857 886 1984 937 ἑαυ-

401 983 536 1043 τοῖς·
561 974 732 1041 Οὗτός
752 979 901 1031 ἐστιν
927 979 957 1031 ό
973 978 1331 1049 κληρονόμος,
1370 977 1544 1041 δεῦτε,
1572 976 1982 1046 ἀποκτείνωμεν

403 1071 582 1135 αὐτὸν,
625 1071 711 1123 ἶνα
741 1069 900 1142 ἡμῶν
948 1072 982 1141 ἡ
1043 1070 1370 1142 κληρονομία
1403 1070 1647 1141 γένηται.
1702 1087 1723 1121 ι
1772 1068 1896 1121 Ὀτι
1922 1066 1983 1120 δὲ

406 1162 746 1232 φιλόπλουτοι
777 1163 874 1216 καὶ
901 1162 1235 1233 φιλοκερδεῖς
1263 1162 1403 1229 ἄγαν
1436 1163 1487 1215 ot
1520 1162 1801 1232 Φαρισαῖοι
1819 1158 1980 1228 γεγό-

399 1272 541 1316 νασι,
568 1257 662 1309 καὶ
679 1255 743 1308 τὸ
770 1254 878 1307 τῶν
896 1255 1276 1325 Γραμματέων
1308 1253 1519 1306 ἀνόσιον
1547 1253 1752 1319 στῖφος,
1771 1248 1978 1304 κατίδοι

398 1363 482 1411 τις
515 1347 604 1412 ἀν,
635 1348 730 1400 καὶ
752 1346 877 1400 λίαν
900 1347 1151 1415 ἑτοίμως,
1179 1347 1293 1409 τοῖς
1321 1345 1447 1415 περὶ
1469 1342 1646 1396 αὐτῶν
1662 1340 1980 1411 γεγραμμέ-

398 1455 509 1501 νοις
531 1439 625 1492 τὸν
648 1438 774 1492 νοῦν
799 1436 981 1501 ὲνιείς,
1011 1437 1071 1489 ’0
1105 1436 1204 1507 μὲν
1223 1435 1330 1506 γὰρ
1351 1434 1554 1505 Κύριος
1585 1435 1617 1504 ἡ
1628 1431 1744 1503 μῶν
1773 1431 1979 1502 Ἰησοῦς

398 1528 652 1593 Χριστὸς,
706 1525 1094 1598 ἀπεμπολῆσαι
1173 1526 1283 1578 δεῖν
1346 1524 1550 1593 ἔφασκε
1594 1524 1688 1576 τὸν
1736 1525 1979 1591 ἐπίγειον

393 1619 625 1673 πλοῦτον
678 1623 793 1684 τοῖς
837 1618 909 1671 τά
944 1618 1059 1671 άνω
1086 1618 1304 1688 φρονεῖν
1331 1616 1652 1686 ᾑρημένοις,
1679 1614 1773 1667 καὶ
1803 1612 1981 1667 διανέ-

2087 424 2143 479 in
2182 426 2417 482 veritate
2463 426 2629 483 doces
2648 443 2684 496 ,ε
2721 426 2853 483 licet
2892 426 3026 482 dare
3068 441 3295 482 censum
3330 426 3552 493 Caesari,
3590 445 3659 484 an

2085 518 2272 571 non"?
2294 543 2312 570 ι
2334 521 2693 575 Accesserant
2706 527 2890 576 autem
2910 527 3204 585 tentantes,
3222 528 3286 574 ut
3304 519 3665 590 illaquearent

2088 607 2286 679 ipsum.
2313 610 2391 666 ita
2419 612 2567 667 enim
2602 620 2833 668 testatus
2858 620 2941 667 est
2969 611 3192 667 divinus
3215 611 3569 682 evangelista.
3592 612 3661 666 Hi

2082 714 2221 754 vero
2252 709 2495 769 quaastus
2547 702 2631 756 sui
2680 716 2844 758 causa
2890 717 3001 758 non
3048 712 3415 772 susceperunt
3462 703 3657 759 filium.

2092 811 2111 845 ι
2143 793 2411 849 Dixerunt
2435 795 2604 859 enim,
2632 795 2831 865 inquit,
2859 796 2915 850 in
2956 796 3151 867 seipsis
3179 813 3192 849 :
3224 796 3324 850 Hic
3356 796 3531 852 haeres
3554 808 3657 862 est,

2088 884 2252 954 agite,
2277 884 2595 940 occidamus
2618 901 2766 950 eum,
2792 894 2855 941 ut
2881 895 3069 942 nostra
3094 886 3189 941 ﬂat
3213 887 3507 942 haereditas
3538 889 3606 943 ".
3633 907 3650 941 ι

2085 975 2243 1041 Quod
2280 992 2414 1031 vero
2452 977 2645 1032 attenti
2682 977 2750 1033 ad
2778 994 2896 1047 rem
2929 987 2985 1033 et
3013 989 3254 1049 quastus
3296 980 3529 1035 studiosi
3560 981 3655 1037 ad-

2086 1066 2310 1119 modum
2368 1066 2577 1137 fuerint
2635 1068 2935 1135 Pharisaei,
2986 1069 3297 1140 impiusque
3338 1070 3666 1126 Scribarum

2085 1164 2282 1222 cattus,
2320 1156 2478 1213 facile
2504 1160 2629 1229 quis
2650 1168 2927 1229 agnoscat,
2951 1175 3015 1214 ea
3053 1175 3176 1230 quae
3203 1160 3270 1216 de
3298 1161 3431 1233 ipsis
3456 1164 3659 1233 scripta

2079 1257 2212 1303 sunt
2284 1248 2751 1305 animadvertens.
2810 1250 3094 1321 Siquidem
3155 1251 3421 1309 Dominus
3469 1263 3659 1309 noster

2077 1337 2239 1393 Jesus
2271 1338 2526 1395 Christus
2573 1349 2821 1395 terrenas
2865 1341 3088 1396 divitias
3128 1343 3365 1397 vendere
3403 1352 3657 1414 oportere

2079 1428 2219 1483 dixit
2248 1444 2344 1485 eos
2380 1431 2475 1499 qui
2515 1445 2752 1501 superna
2779 1432 3025 1501 cogitare
3053 1432 3245 1497 velint,
3276 1441 3332 1487 et
3371 1433 3657 1490 facultates

2077 1520 2414 1589 pauperibus
2452 1521 2696 1593 elargiri,
2732 1523 3083 1578 utcmlestem
3126 1524 3445 1579 thesaurum
3484 1526 3654 1581 lucri-

2077 1610 2301 1666 faciant.
2329 1612 2556 1678 Verum,
2594 1621 2656 1668 ut
2684 1614 2764 1668 ait
2820 1616 3173 1686 evangelista,
3209 1617 3505 1673 audierunt
3538 1618 3655 1675 haec

393 1726 516 1778 μειν
551 1710 623 1762 τὰ
652 1673 789 1763 ὄντα
805 1710 1061 1779 πτωχοῖς,
1082 1673 1168 1761 tua
1188 1707 1279 1761 τὸν
1303 1673 1736 1777 ’κερδάνωσι
1764 1705 1966 1776 θησαυ-

2078 1700 2288 1757 Scribte
2310 1712 2367 1759 et
2398 1704 2657 1761 Pharisai
2692 1707 2941 1776 pecuniae
2961 1673 3237 1774 “studiosi,
3277 1716 3333 1763 et
3363 1709 3654 1766 irriserunt

390 1804 504 1872 ρόν.
552 1801 723 1865 Ἀλλ’,
743 1800 821 1864 ὥς
848 1818 1015 1872 φησιν
1039 1801 1069 1852 ό
1105 1797 1515 1869 εὐαγγελιστὴς.
1549 1798 1744 1870 ἢκουον
1798 1796 1972 1850 ταῦτα

385 1893 815 1962 οίκΓραμματεῖς
836 1895 929 1945 καὶ
958 1894 1008 1945 οἱ
1029 1893 1310 1961 Φαρισαῖοι
1339 1891 1663 1961 φιλάργυροι
1688 1889 1858 1953 ὄντες,
1876 1888 1971 1941 καὶ

385 1982 817 2054 ἑξεμυκτήριζον
841 1983 1025 2037 αὐτόν.
1078 1983 1202 2035 Ὀτι
1235 1982 1295 2036 δὲ
1345 1984 1441 2035 καὶ
1472 1982 1632 2052 μέχρι
1680 1980 1790 2034 τῶν
1829 1980 1970 2050 ἄγαν

383 2074 784 2145 εὐτελεστέρων
817 2073 1252 2144 καθικνούμενοι,
1289 2074 1425 2143 μετά
1456 2073 1658 2145 πολλῆς
1686 2071 1971 2143 ἀκριϐείας

381 2166 760 2235 λεπτολογίαις
790 2165 1139 2231 ἐσπούδαζον,
1189 2165 1311 2219 οὐδὲ
1347 2165 1410 2219 τὸ
1464 2164 1638 2237 βραχὺ
1686 2164 1969 2236 μεθιέντες

380 2263 494 2322 τοῖς
527 2258 604 2329 μὴ
626 2258 964 2329 προσάγουσι
991 2256 1129 2311 κατά
1175 2256 1340 2326 νόμον
1384 2255 1486 2319 τὰς
1511 2255 1847 2326 τεταγμένας
1885 2254 1973 2308 δεο

379 2351 583 2413 κὰτας,
619 2350 799 2403 καίτοι
844 2348 941 2402 τοῦ
966 2349 1131 2418 νόμου
1172 2346 1592 2417 πεφροντικότες
1622 2345 1799 2414 ὀλίγα,
1827 2361 1967 2399 παν-

376 2439 548 2503 τελῶς
570 2439 758 2500 αὐτοῖς
782 2438 1028 2508 διεσάφει
1057 2437 1232 2506 λέγων
1255 2436 1284 2487 ὁ
1323 2435 1547 2507 Κύριοςο
1582 2452 1603 2486 ι
1641 2435 1777 2488 Οὐαὶ
1800 2435 1959 2502 ὑμῖν,

378 2531 739 2602 Γραμματεῖς
778 2529 876 2582 καὶ
911 2530 1193 2601 ⁴Ιιαρισαῖοι
1230 2527 1544 2599 ὑποκριταὶ,
1581 2527 1663 2579 ὅτι
1693 2525 1966 2578 ἀποδεκα-

379 2623 540 2676 τοῦτε
588 2622 652 2675 τὸ
682 2620 974 2693 ἡδύοσμον,
1015 2621 1190 2675 καὶτὸ
1227 2620 1446 2691 ἄνηθον,
1480 2618 1665 2673 καὶτὸ
1711 2617 1959 2687 κύμινον⁸

375 2715 476 2768 καὶ
511 2714 760 2784 ἀφήκατε
794 2713 863 2766 τά
922 2711 1198 2787 βαρύτερα
1244 2711 1339 2765 τοῦ
1385 2710 1576 2781 νόμου,
1628 2708 1728 2779 τὴν
1761 2707 1959 2778 κρίσιν,

375 2809 472 2865 καὶ
507 2808 600 2861 τὸν
624 2808 797 2872 ἔλεον,
825 2809 920 2861 καὶ
962 2789 1061 2877 τὴν
1088 2788 1290 2860 πίστιν.
1331 2824 1351 2857 ι
1404 2803 1615 2858 Οὐκοῦν
1651 2804 1680 2856 ό
1723 2801 1822 2873 μὲν
1855 2799 1963 2853 Γὰδ

374 2898 787 2969 πειρατήριον,
818 2898 1081 2965 πλοῦτος
1106 2898 1407 2970 δὲόΓΛσήρ.
1431 2898 1542 2951 Kal
1576 2896 1745 2966 άμφω
1787 2891 1961 2965 [ske-

2076 1808 2225 1847 cum.
2261 1792 2418 1860 Quod
2453 1811 2588 1851 vero
2622 1797 2692 1851 ad
2720 1798 2986 1853 vilissima
3027 1815 3257 1870 quaeque
3293 1817 3358 1865 ac
3396 1801 3653 1858 facillima

2075 1895 2270 1956 paratu
2301 1887 2686 1957 procedentes,
2710 1904 2924 1944 summa
2946 1890 3238 1946 severitate
3263 1892 3489 1950 minima
3519 1911 3653 1950 con-

2071 1984 2368 2043 sectantes,
2395 1984 2453 2034 et
2478 1993 2509 2033 e
2547 1979 2713 2034 rebus
2738 1980 2966 2035 minutis
2992 1981 3189 2052 rigide,
3224 1984 3327 2038 etsi
3355 2000 3547 2055 parum
3582 1987 3651 2042 de

2068 2065 2189 2136 lege
2216 2066 2460 2133 solliciti,
2484 2067 2728 2123 decimas
2749 2070 3050 2125 secundum
3083 2071 3258 2142 legem
3284 2082 3517 2130 statutas
3538 2078 3652 2133 exi-

2069 2161 2556 2230 gerent,Dominus
2575 2162 2708 2233 ipsis
2725 2163 3052 2235 signiﬁcavit
3075 2163 3266 2221 dicens
3288 2183 3300 2219 :
3328 2167 3446 2222 «Va:
3468 2168 3647 2235 vobis,

2071 2251 2278 2309 Scriba:
2306 2262 2365 2309 et
2378 2254 2642 2311 Pharisaei
2670 2255 2989 2328 hypocrita},
3022 2257 3151 2328 quia
3186 2257 3474 2313 decimatis
3497 2276 3651 2316 men-

2065 2345 2239 2410 tham,
2257 2354 2315 2401 et
2330 2347 2615 2413 anethum,
2635 2358 2693 2404 et
2712 2350 2994 2425 cuminum
3014 2367 3029 2418 ;
3055 2359 3111 2406 et
3126 2352 3380 2408 omittitis
3396 2354 3648 2426 graviora

2032 2480 2035 2487 .
2066 2436 2229 2507 legis,
2243 2438 2540 2509 judicium,
2562 2448 2618 2496 et
2642 2424 3097 2510 misericordiam,
3122 2454 3179 2500 et
3204 2444 3369 2501 fidem
3394 2424 3458 2501 ἡ.
3484 2466 3503 2499 ι
3532 2446 3646 2503 Gad

2065 2527 2256 2598 itaque
2300 2532 2559 2598 tentatio;
2586 2531 2726 2591 Aser
2748 2542 2932 2590 autem
2970 2537 3183 2593 divitia.
3214 2537 3339 2593 Nati
3364 2554 3496 2594 vero
3521 2544 3651 2601 sunt

2063 2617 2228 2673 ambo
2238 2633 2306 2673 ex
2317 2621 2512 2676 ancilla
2528 2622 2753 2694 Zelpha,
2780 2634 2903 2696 post
2918 2628 3034 2682 Dan
3060 2629 3483 2705 etNephtbalim
3507 2630 3647 2689 filios

2066 2708 2249 2763 Ballaa.
2278 2710 2551 2766 Caeterum
2578 2713 2635 2767 in
2672 2714 2759 2769 his
2792 2716 3040 2785 quidem,
3074 2718 3236 2773 nobis
3268 2725 3485 2789 tempus
3521 2730 3650 2777 ante

2064 2799 2362 2856 adventum
2399 2805 2576 2859 nostri
2619 2805 2920 2862 Salvatoris
2958 2808 3294 2879 descriptum
3327 2810 3419 2875 sit,
3446 2812 3503 2865 in
3536 2828 3646 2882 quo

2066 2894 2274 2949 sterilis
2308 2894 2491 2949 adhuc
2515 2903 2637 2949 erat
2657 2896 2882 2963 Rachel,
2907 2898 3014 2953 hoc
3034 2906 3139 2963 est,
3164 2898 3410 2955 Ecclesia
3429 2917 3496 2956 ex
3516 2918 3648 2973 gen-

373 2992 576 3062 νέσθην
599 2993 664 3044 ὲκ
687 2990 1022 3061 θεραπαίνης
1058 2991 1156 3060 τῆς
1193 2990 1423 3059 Ζελφᾶς,
1467 2987 1605 3059 μετὰ
1639 2986 1731 3040 τὸν
1764 2986 1871 3038 Δάν
1898 3001 1958 3037 τε

2069 2984 2235 3050 tibus,
2259 3000 2382 3055 quae
2404 2985 2554 3056 quod
2576 2987 2779 3042 multos
2801 2996 2947 3044 esset
2966 2989 3229 3060 paritura,
3246 2998 3302 3046 et
3330 2991 3646 3047 innumera-

372 3085 471 3137 καὶ
490 3083 834 3153 Νεφθαλείμ,
866 3083 914 3136 οἳ
952 3078 1093 3153 ἦσαν
1131 3085 1195 3136 ὲκ
1231 3082 1457 3145 Βάλλας.
1490 3080 1631 3134 Ἀλλ’
1663 3082 1721 3132 ὲν
1746 3077 1958 3141 τούτοις

374 3178 500 3245 μὲν,
529 3178 662 3247 ἡμῖν
685 3178 715 3228 ὁ
753 3176 859 3246 πρδ
898 3177 998 3247 τῆς
1035 3174 1129 3228 τοῦ
1184 3174 1434 3243 Σωτῆρος
1459 3171 1616 3243 ἡμῶν
1663 3169 1958 3241 ἐπιδημίας

370 3267 567 3334 καιρὸς
589 3267 909 3338 γεγράφθω·
937 3266 1058 3319 καθ’
1075 3265 1135 3319 ὃν
1149 3262 1217 3335 ἦν
1234 3264 1315 3318 ἔτι
1340 3267 1526 3333 στεῖρα
1555 3261 1776 3333 Ῥαχὴλ,
1793 3278 1953 3314 τουτ-

370 3361 545 3425 έστιν,
581 3361 615 3430 ἠ
656 3359 718 3424 ἐξ
740 3358 914 3412 ἐθνῶν
950 3358 1261 3428 Ἐκκλησία·
1299 3357 1437 3427 ἢὸτι
1462 3354 1675 3419 τέξεται
1710 3352 1953 3415 πολλοὺς,

368 3453 468 3506 καὶ
505 3450 899 3523 ἀναριθμήτων
930 3449 1084 3502 ἔσται
1120 3449 1338 3520 τροφὸς,
1373 3445 1826 3519 προανακέκραγε
1856 3442 1956 3513 μὲν

378 3544 613 3606 Ἡσαΐας
638 3543 834 3612 λέγων’
872 3541 1265 3613 «Εὐφράνθητι,
1289 3542 1493 3612 στεῖρα,
1520 3541 1553 3610 ὴ
1585 3537 1645 3591 ού
1675 3537 1951 3593 τίκτουσα.

392 3636 577 3707 Ρῆξον
607 3637 702 3689 καὶ
756 3634 973 3706 βόησον,
1005 3637 1038 3705 ἡ
1076 3634 1177 3686 οὐκ
1207 3632 1469 3685 ὠδίνουσα
1500 3647 1515 3664 ·
1548 3633 1629 3685 ὅτι
1675 3629 1847 3683 πολλά
1884 3629 1952 3683 τά

367 3727 536 3779 τέκνα
563 3726 667 3796 τῆς
689 3726 897 3795 ἐρήμου
941 3724 1142 3793 μᾶλλον
1165 3722 1198 3793 ἢ
1228 3721 1329 3792 τῆς
1354 3721 1585 3791 ἐχούσης
1606 3721 1698 3774 τὸν
1726 3720 1913 3791 ἄνδρα.
1929 3740 1955 3772 ι

368 3819 630 3885 Διεσάφει
652 3817 710 3870 δὲ
736 3816 832 3869 καὶ
870 3816 1032 3880 αὐτὸς
1070 3818 1100 3870 ό
1132 3814 1421 3877 θεσπέσιος
1449 3813 1613 3866 Δασὶδ
1642 3813 1773 3885 περὶ
1818 3813 1957 3867 Θεοῦ

368 3909 567 3977 λέγων’
608 3926 628 3960 ι
675 3908 735 3961 '0
763 3906 1084 3970 κατοικίζων
1118 3909 1339 3976 στεῖραν
1361 3908 1417 3958 ὲν
1445 3905 1599 3976 οἴκῳ,
1639 3905 1845 3977 μητέρα
1863 3906 1955 3959 ἐπὶ

369 3995 584 4057 τέκνοις
638 3994 1092 4066 εύφραινομένην.
1124 4012 1143 4045 ι
1173 3995 1318 4065 Ἔφη
1367 3993 1424 4046 δέ
1456 4011 1555 4047 που
1605 3994 1743 4065 πρὸς
1787 3994 1954 4065 αὐτὴν

372 4084 470 4139 καὶ
497 4088 527 4139 ὁ
551 4086 667 4139 τῶν
691 4086 830 4139 ὅλων
858 4087 1133 4157 Δεσπότης
1172 4085 1266 4139 καὶ
1301 4085 1454 4149 θεόςο
1514 4104 1531 4137 ι
1560 4080 1731 4156 *Λρον
1769 4085 1955 4157 κύκλῳ

371 4179 502 4241 τοὺς
536 4178 853 4249 ὀφθαλμούς
883 4195 1000 4242 σου,
1035 4179 1128 4231 καὶ
1173 4177 1248 4231 ῑδε
1298 4178 1527 4240 πάντας.
1574 4196 1593 4228 ι
1635 4177 1746 4231 Καὶ
1773 4177 1952 4241 πάλιν·

380 4287 401 4323 σ
438 4269 576 4323 Ἰδοὺ
613 4262 762 4323 οὗτοι
806 4268 1088 4340 πόρρωθεν
1128 4267 1400 4339 ἔρχονται,
1445 4260 1720 4321 οὖτοιὰπδ
1758 4266 1951 4340 βορρᾶ,

2065 3094 2189 3133 rum
2218 3078 2464 3149 gentium
2500 3078 2687 3132 nutrix
2709 3077 2916 3145 futura,
2942 3081 3196 3150 pmdixit
3221 3082 3443 3151 quidem
3478 3082 3648 3143 Isaias

2063 3170 2295 3226 dicens:
2328 3192 2347 3222 ι
2376 3170 2609 3236 Laetare,
2646 3171 2870 3237 sterilis,
2912 3188 3035 3241 qua:
3067 3187 3178 3227 non
3204 3173 3465 3243 parturis,
3515 3175 3643 3245 quia

2064 3263 2223 3319 multi
2260 3262 2358 3317 ﬁlii
2383 3262 2615 3325 desertae
2644 3262 2818 3334 magis
2866 3278 3030 3332 quam
3062 3264 3182 3334 ejus
3212 3280 3333 3335 qua:
3365 3265 3644 3339 habet'vi-

2063 3372 2189 3411 rum
2213 3358 2281 3412 ".
2314 3376 2332 3408 ι
2355 3355 2663 3413 Declaravit
2687 3364 2868 3410 autem
2894 3356 3061 3411 etiam
3092 3357 3207 3427 ipse
3234 3357 3455 3412 divinus
3475 3358 3644 3414 David

2064 3450 2133 3504 de
2157 3464 2225 3504 eo
2257 3448 2483 3504 dicens:
2515 3467 2533 3499 ι
2552 3447 2657 3514 Qui
2680 3448 2931 3503 habitare
2956 3446 3086 3504 facit
3109 3449 3353 3503 sterilem
3381 3450 3435 3504 in
3459 3450 3641 3516 domo,

2065 3549 2302 3595 matrem
2325 3555 2496 3611 super
2525 3539 2654 3594 filiis
2675 3540 2949 3597 laetantem
2972 3539 3036 3594 “.
3061 3559 3080 3592 ι
3110 3539 3199 3597 Ait
3227 3548 3409 3595 autem
3443 3541 3643 3597 alicubi

2062 3635 2131 3690 ad
2176 3634 2351 3704 ipsam
2388 3632 2557 3687 etiam
2595 3631 2984 3686 universorum
3027 3631 3296 3686 Dominus
3326 3634 3402 3687 'ac
3447 3633 3591 3688 Deus
3628 3652 3640 3691 :

2070 3748 2089 3779 ι
2115 3728 2269 3782 Tolle
2293 3726 2347 3780 in
2372 3724 2607 3780 circuitu
2634 3724 2824 3778 oculos
2859 3731 3002 3787 tuos,
3025 3731 3081 3777 et
3101 3722 3227 3777 vide
3246 3738 3439 3777 omnes
3458 3724 3553 3778 Μ.»
3577 3725 3646 3780 Et

2061 3832 2294 3874 rursus:
2324 3804 2345 3867 “‹
2373 3816 2514 3870 Ecce
2540 3814 2599 3868 hi
2625 3814 2694 3868 de
2722 3814 2882 3884 longe
2923 3814 3173 3879 veniunt,
3201 3813 3259 3866 hi
3287 3812 3356 3866 ab
3386 3813 3645 3884 aquilone

2060 3914 2118 3966 et
2147 3908 2205 3962 hi
2254 3923 2285 3963 a
2324 3907 2488 3970 mari,
2522 3904 2615 3959 alii
2652 3919 2786 3959 vero
2815 3920 2846 3959 e
2885 3912 3029 3958 terra
3065 3903 3361 3957 Persarum
3389 3903 3454 3958 ⁶².
3487 3924 3505 3955 ι
3532 3904 3643 3975 Age

2061 4003 2269 4070 itaque,
2317 3996 2474 4067 135
2515 3995 2560 4050 si
2596 3995 2796 4066 placet,
2825 3993 3127 4060 videamus,
3163 3995 3384 4064 quando
3412 4005 3464 4051 et
3501 4012 3640 4067 quo-

2061 4092 2227 4148 modo
2251 4089 2457 4146 sterilis
2486 4086 2721 4159 peperit.
2752 4087 2883 4141 Post
2906 4087 3031 4142 illos
3064 4087 3231 4159 igitur
3252 4088 3346 4158 qui
3376 4088 3490 4145 nati
3516 4099 3646 4149 sunt

2061 4201 2128 4241 ex
2163 4181 2398 4246 ancillis,
2426 4178 2821 4248 mandragoras
2840 4179 2898 4232 in
2919 4193 3051 4249 agro
3077 4178 3289 4234 invenit
3316 4180 3512 4238 Ruben
3536 4182 3646 4254 pri-

2061 4273 2377 4348 mogenitus
2425 4287 2495 4328 ex
2532 4271 2723 4337 Jacob,
2769 4270 3055 4341 defertque
3090 4271 3159 4326 ad
3203 4281 3438 4329 matrem
3490 4288 3643 4329 suam

375 4362 470 4416 καὶ
490 4354 639 4416 οὗτοι
658 4362 767 4414 ἀπὸ
789 4360 1085 4431 θαλάσσης,
1116 4361 1271 4415 -ἀλλοι
1306 4357 1363 4414 δὲ
1392 4364 1456 4415 ὲκ
1491 4360 1596 4430 γῆς
1633 4360 1877 4433 Περσῶν.
1926 4381 1945 4414 ι

2069 4372 2233 4426 Liam.
2261 4367 2359 4422 Illa
2387 4378 2520 4419 vero
2546 4363 2755 4434 petenti
2780 4358 3006 4417 Racheii
3034 4362 3146 4428 dat,
3168 4369 3225 4417 et
3253 4365 3396 4433 parit
3422 4365 3645 4433 quidem

374 4452 509 4523 “ps
533 4452 599 4521 δὴ
632 4448 748 4516 οὖν,
782 4452 831 4504 εἰ
852 4451 1018 4515 δοκεῖ,
1045 4451 1407 4523 καταθρῶμεν
1424 4452 1659 4521 ὁπηνίκα
1693 4452 1789 4505 καὶ
1816 4452 1963 4518 ὅπως

374 4543 596 4597 τέτοκεν
624 4543 659 4613 ἡ
693 4546 904 4614 στεῖρα.
956 4541 1166 4596 Οὐκοῦν
1210 4544 1327 4612 μετ’
1358 4544 1600 4607 ἐκείνους
1630 4543 1681 4597 οἳ
1725 4543 1959 4612 γεγόνα-

378 4651 462 4689 σιν
483 4635 548 4687 ὲκ
573 4634 939 4705 θεραπαινῶν,
975 4635 1101 4699 τοὺς
1133 4636 1191 4687 ὲν
1216 4634 1371 4706 ἀγρῷ
1395 4635 1779 4708 μανδραγόρας
1809 4636 1963 4707 εὑρί-

379 4744 497 4781 σκει
537 4727 817 4796 Ῥουϐεὶμ,
839 4729 867 4780 ὁ
888 4727 948 4791 ὲξ
980 4726 1177 4781 Ἰακὼϐ
1207 4729 1574 4799 πρωτότοκος
1606 4728 1963 4801 προσκομίξει

375 4819 432 4872 δὲ
459 4818 596 4890 Λείᾳ
619 4821 685 4889 τῇ
726 4818 831 4889 ἰδίᾳ
861 4819 1047 4890 μητρί.
1095 4820 1159 4872 Ἦ
1179 4819 1237 4873 δὲ
1272 4821 1338 4890 τῇ
1383 4818 1581 4890 Ῥαχὴλ
1613 4819 1853 4893 ζητούσῃ
1881 4819 1963 4873 δί-

376 4909 527 4963 δωσι.
557 4910 668 4963 Καὶ
686 4908 861 4962 τίκτει
892 4910 990 4980 μὲν
1022 4910 1176 4975 Λεία,
1222 4909 1465 4963 λαϐοῦσα
1505 4913 1632 4974 τοὺς
1659 4911 1965 4983 μανδραγό-

2060 4463 2156 4531 Lia
2174 4459 2415 4530 acceptis
2438 4455 2821 4525 mandragoris
2839 4453 2981 4509 duos
3004 4470 3226 4509 rursum
3252 4454 3413 4520 filios,
3428 4455 3642 4510 lsachar

2061 4540 2349 4615 nimirum,
2379 4560 2437 4605 et
2478 4547 2748 4611 Zabulon.
2785 4544 2995 4601 Deinde
3027 4544 3350 4600 recordatus
3377 4554 3461 4600 est
3501 4544 3659 4605 Deus.

2060 4644 2344 4715 Rachelis,
2381 4649 2682 4721 apertaque
2708 4639 2831 4711 ejus
2859 4638 3044 4704 vulva,
3082 4637 3298 4715 peperit
3333 4636 3498 4693 etiam
3528 4637 3646 4707 ipsa

2058 4737 2283 4808 Ioseph,
2331 4742 2389 4790 et
2426 4741 2676 4797 extremo
2721 4732 3009 4802 Beujamin
3036 4732 3104 4786 ”.
3137 4729 3295 4796 Quod
3341 4730 3508 4801 igitur
3548 4728 3645 4792 Lia

2060 4829 2378 4886 Iudaeorum
2413 4824 2758 4896 Synagogam
2804 4823 3103 4894 signiﬁcet;
3132 4822 3345 4881 Rachel
3369 4836 3501 4875 vero
3539 4821 3645 4875 Εςη

2067 4917 2291 4974 clesiam
2317 4932 2385 4972 ex
2404 4915 2681 4987 gentibus,
2710 4914 2910 4984 saepius
2929 4915 3039 4985 jam
3071 4928 3101 4975 τι
3126 4912 3284 4965 nobis
3305 4911 3514 4970 dictum
3537 4920 3643 4975 est,

380 5018 502 5069 ρας,
528 5002 625 5054 δύο
651 5001 816 5055 πάλιν
838 5002 1005 5067 υἱοὺς,
1048 5002 1141 5057 τόν
1181 5018 1239 5056 τε
1264 5001 1487 5073 Ἰσάχαρ
1518 5002 1612 5056 καὶ
1648 5002 1833 5072 μέντοι
1873 5003 1966 5055 καὶ

2069 5008 2560 5066 Ριιωιοι-ωἰιιοιιιεε
2593 5006 2799 5076 itaque,
2826 5013 2885 5059 ut
2917 5018 3399 5075 supervacaneam,
3420 5018 3647 5057 eorum-

376 5090 470 5146 τδν
505 5092 808 5148 Ζαϐουλὼν.
839 5090 969 5149 Εἶτα
994 5096 1267 5167 μέμνηται
1295 5094 1428 5158 Θεὸς
1464 5094 1562 5165 τῆς
1608 5093 1832 5164 Ῥαχὴλ,
1873 5095 1966 5147 καὶ¹

2069 5105 2189 5160 dem
2220 5100 2626 5173 repetitionem,
2660 5098 3005 5153 declaremus
3047 5094 3309 5164 deinceps
3364 5095 3522 5165 cujus
3562 5092 3642 5149 rei

376 5184 776 5258 διανοιχθείσης
806 5188 946 5258 αὐτῇ
986 5188 1084 5257 τῆς
1111 5188 1345 5260 μήτρας,
1381 5186 1474 5240 καὶ
1502 5184 1641 5259 αὐτὴ
1662 5188 1850 5240 τέτοκε
1868 5187 1961 5240 τὸν

2069 5206 2230 5267 typus
2271 5193 2383 5249 sint
2432 5192 2825 5261 mandragorm,
2864 5203 2894 5242 a
2929 5185 3293 5274 primogenita
3332 5185 3527 5241 Ruben
3557 5185 3644 5240 in.

378 5276 598 5351 Ἰωσὴφ,
653 5279 747 5333 καὶ
771 5279 1081 5334 τελευτῶσα
1130 5280 1218 5334 τὸν
1250 5279 1525 5349 Βενιαμίν.
1557 5277 1692 5333 Λεία
1730 5280 1828 5348 μὲν
1868 5276 1960 5333 οὖν

2069 5297 2246 5341 venue
2277 5304 2289 5339 :
2323 5284 2455 5356 quid
2493 5282 2659 5338 etiam
2700 5281 2806 5335 sibi
2854 5279 3006 5344 velit,
3051 5293 3242 5334 earum
3281 5278 3337 5332 in
3384 5285 3645 5346 utrosque

380 5369 463 5422 ὅτι
486 5370 585 5436 τὴν
612 5370 724 5423 τῶν
742 5369 1011 5424 Ἰουδαίων
1042 5370 1371 5441 Συναγωγὴν
1399 5370 1792 5435 ύπαινίττεται,
1833 5372 1958 5425 Ῥα-

2069 5377 2294 5448 aequalis
2318 5375 2547 5432 fortasse
2576 5370 2912 5425 distributio.
2938 5370 3095 5425 Dedit
3118 5370 3264 5423 enim
3282 5368 3377 5427 Lia
3395 5365 3640 5426 Rachcli.

1248 5572 1291 5602 ⁸⁷
1325 5570 1514 5627 Matth.
1546 5588 1655 5633 xxi.
1685 5573 1782 5635 58;
1834 5574 1966 5629 Mart

2069 5591 2134 5635 τι,
2173 5574 2232 5633 7;
2272 5571 2407 5625 Luc.
2437 5586 2522 5628 xx.
2566 5568 2648 5622 Η.
2751 5568 2797 5600 ⁸⁸
2834 5568 3022 5624 Matth.
3053 5584 3201 5629 xxut,
3264 5569 3355 5623 23.
3432 5571 3475 5601 "
3538 5570 3646 5627 lea.

456 5568 497 5598 ”
531 5567 717 5625 Matth.
759 5587 888 5634 xxii,
935 5571 995 5626 l6
1021 5586 1172 5642 seqq.
1248 5572 1291 5602 ⁸⁷
1325 5570 1514 5627 Matth.
1546 5588 1655 5633 xxi.
1685 5573 1782 5635 58;
1834 5574 1966 5629 Mart

456 5655 490 5703 ι’,
531 5639 590 5706 l;
628 5640 804 5696 Galat.
844 5643 1025 5706 H327.
1108 5642 1151 5673 ⁶⁹
1192 5642 1331 5705 Psal.
1364 5658 1489 5706 cxn,
1518 5642 1572 5698 9.
1650 5642 1814 5706 “[53.
1843 5661 1962 5700 ms

2069 5591 2134 5635 τι,
2173 5574 2232 5633 7;
2272 5571 2407 5625 Luc.
2437 5586 2522 5628 xx.
2566 5568 2648 5622 Η.
2751 5568 2797 5600 ⁸⁸
2834 5568 3022 5624 Matth.
3053 5584 3201 5629 xxut,
3264 5569 3355 5623 23.
3432 5571 3461 5601 ’τ

2079 5647 2141 5706 8;
2184 5658 2269 5706 ωε,
2298 5642 2347 5701 i.
2427 5642 2469 5670 θ’
2498 5640 2598 5697 lsa.
2630 5655 2769 5706 xux,
2800 5639 2881 5695 i2.
2978 5640 3019 5669 ⁸³
3055 5638 3191 5699 Gen.
3220 5655 3345 5706 xxx,
3370 5638 3461 5701 τι,

384 5652 490 5703 Liv,
531 5639 590 5706 l;
628 5640 804 5696 Galat.
844 5643 1025 5708 H327.
1102 5639 1151 5673 δ’
1192 5642 1331 5705 Psal.
1364 5658 1489 5709 cxn,
1518 5642 1572 5698 9.
1650 5642 1814 5708 “[53.
1843 5661 1987 5712 ms,
2048 5645 2141 5712 t8;
2184 5658 2269 5709 ιιι,
2298 5642 2347 5701 i.
