4032 6198
413 267 523 324 225
1440 262 1498 319 S.
1537 260 1819 321 CYRILLI
1856 256 2328 313 ALEXANDRINI
2366 256 2688 312 ARCHIEP.
3570 258 3685 319 ﬁt

404 388 483 441 ὀι
507 383 784 458 gentibus.
808 383 1021 439 ldcirco
1044 376 1211 437 etiam
1233 379 1487 437 Christus
1509 380 1651 436 dixit
1676 399 1688 435 :
1724 398 1743 430 ι
1772 379 1840 433 Et
1862 376 1998 431 alias

2126 373 2337 445 [ριστοῦ
2385 374 2686 444 μυστήριον
2743 372 2832 427 διὰ
2871 371 2980 426 τῶν
3027 372 3200 442 ἀγίων
3244 369 3575 437 ἀποστόλων,
3601 374 3685 436 ὡς

412 492 546 530 oves
580 476 755 531 habeo
800 491 922 546 qua“:
946 490 1055 529 non
1079 483 1209 529 sunt
1229 472 1296 528 de
1324 473 1430 528 hoc
1451 471 1616 539 ovili;
1646 470 1808 540 138
1828 466 1993 523 etiam

2126 462 2375 536 ,ξ’ὀμοίας
2401 464 2501 535 μὲν
2519 463 2753 535 ἀδελφῆς
2774 462 2874 533 τῆς
2895 462 3006 516 τῶν
3038 462 3311 518 Ἰουδαίων
3329 463 3676 532 Συναγωγῆς.

415 567 536 625 illas
560 574 781 637 oportet
806 581 893 621 me
918 564 1211 627 adducere,
1239 575 1295 620 et
1316 579 1506 619 vocem
1531 576 1707 618 meam
1731 559 1992 626 audient;

2126 554 2289 627 ιήτηρ
2331 555 2539 625 πέφηνε
2569 554 2699 608 λαοῦ
2732 552 2825 609 τοῦ
2862 555 2921 610 ἐν
2962 554 3305 626 προσθήκαις
3337 553 3447 616 ἀεὶ,
3478 554 3570 607 καλ⁵
3601 555 3686 617 είς

414 666 472 713 et
495 656 586 710 fiet
624 671 795 712 unum
820 656 987 720 ovile,
1015 670 1159 710 unus
1192 660 1377 725 pastor
1399 653 1468 708 '°.
1500 673 1519 705 ι
1550 652 1785 707 Additus
1808 649 1994 719 itaque

2126 645 2311 716 ιληθῦν
2339 644 2509 709 ἰόντος
2538 646 2601 700 ού
2637 645 3078 717 μεμετρημένην’
3110 643 3546 717 (διερμηνεύεται
3576 644 3687 716 γὰρ

414 758 499 803 est
522 748 765 818 gentium
789 762 941 817 grex.
971 754 1032 801 ut
1053 745 1216 800 modo
1252 744 1386 810 dixi,
1411 744 1696 800 veteribus
1734 740 1992 805 ovilibus,

2126 734 2331 804 ῐωσὴφ,
2378 734 2695 803 προσθήκη
2747 734 2941 806 Θεοῦσ)
2964 733 3347 805 προστέθειται
3384 733 3441 786 δέ
3478 735 3595 793 ταῖς
3625 733 3689 800 ἐξ

416 846 853 915 perpetuumque
899 835 1065 891 habet
1117 836 1283 891 etiam
1346 850 1493 890 nunc
1543 834 1949 889 incrementum
1977 870 1993 895 ,

2126 822 2331 894 Ἰσραὴλ
2367 824 2593 892 ἀγέλαις
2634 826 2669 895 ἡ
2710 824 2769 890 ἐξ
2797 823 2968 877 ἐθνῶν
3010 823 3330 893 Ἐκκλησία.
3400 823 3689 895 Τοιγάρτοι

417 912 595 985 donec
655 930 821 983 etiam
866 927 983 999 ipse
1029 928 1200 983 veluti
1249 928 1308 982 in
1352 926 1615 983 extremis
1659 922 2000 994 temporibus

2126 912 2200 967 ιαὶ
2229 912 2469 998 ἔφασκεν
2502 915 2531 967 6
2555 913 2822 986 Χριστόςο
2855 934 2873 966 ι
2902 914 3012 968 Καὶ
3036 913 3171 968 ἄλλα
3202 913 3451 988 πρόϐατα
3487 912 3613 984 ἔχω,
3653 912 3689 967 ἀ

417 1014 703 1084 Benjamin
763 1022 1055 1081 nascatur,
1116 1014 1223 1071 hoc
1278 1021 1397 1081 est,
1443 1014 1591 1089 ﬁlius
1649 1011 1849 1068 doloris
1894 1026 1998 1081 po-

2126 1001 2203 1055 ιύκ
2243 1001 2389 1059 ἐστιν
2416 1004 2481 1057 ἐκ
2507 1004 2609 1075 τῆς
2638 1004 2808 1076 αὐλῆς
2830 1002 3055 1075 ταύτης,
3096 1002 3324 1057 κάκεῖνά
3356 1003 3533 1073 μεδεῖ
3556 1003 3693 1069 ἀγαο

421 1106 605 1175 pulus,
2106 1094 2245 1163 γεῖν,
2286 1094 2375 1147 καὶ
2408 1095 2505 1167 τῆς
2552 1094 2739 1165 φωνῆς
2773 1112 2873 1167 μου
2911 1094 3254 1158 ἀκούσουσιν,
3286 1095 3382 1149 καὶ
3406 1095 3693 1165 γενήσεται

2110 1183 2210 1252 μία
2248 1184 2475 1256 ποίμνη.
2513 1180 2594 1249 εἷς
2622 1188 2845 1257 ποιμήν.
2891 1204 2910 1239 ι
2945 1186 3333 1258 Προστέθειται
3358 1187 3539 1240 τοίνυν
3567 1187 3603 1256 ὴ
3636 1186 3696 1253 ἐξ

421 1278 592 1334 ἐθνῶν
636 1280 825 1351 ἀγέλη,
861 1279 1112 1351 καθάπερ
1148 1279 1284 1351 έςρην
1318 1280 1540 1352 ἀρτίως,
1570 1281 1679 1342 τοῖς
1711 1275 2087 1349 ἀρχαιοτέροις
2130 1275 2423 1346 ποιμνίοις,
2473 1278 2568 1329 καὶ
2611 1277 2990 1351 ἀκατάληκτον
3049 1278 3163 1349 ἔχει
3184 1278 3284 1347 τὴν
3344 1279 3425 1340 είς
3481 1277 3544 1332 τὸ
3607 1276 3694 1331 ἔτι

422 1389 480 1425 τε
514 1373 601 1425 καὶ
626 1373 706 1426 ἔτι
732 1371 989 1426 πλουσίαν
1029 1375 1266 1429 ἐπίδοσιν
1286 1392 1300 1407 ·
1334 1376 1493 1446 ἄχρις
1523 1374 1589 1429 ἂν
1619 1374 1714 1427 καὶ
1737 1371 1899 1435 αὐτὸς
1935 1371 1992 1423 ὲν
2029 1368 2359 1436 τελευταίοις
2386 1370 2578 1442 ὥσπερ
2613 1374 2825 1445 καιροῖς
2886 1375 2915 1427 6
2951 1373 3213 1445 Βενιαμὶν
3238 1374 3498 1445 γεννηθῇ,
3534 1390 3694 1429 τουτ-

424 1461 591 1526 έστιν,
626 1466 653 1515 ὁ
686 1464 817 1529 υἱὸς
849 1465 1073 1532 ὀδύνης
1101 1465 1249 1530 λαός.

495 1552 582 1606 12.
622 1553 692 1608 At
714 1555 965 1624 quisnam
1005 1556 1098 1611 hic
1134 1564 1220 1611 est
1278 1557 1435 1627 cujus
1473 1565 1635 1627 partu
1674 1564 1850 1611 mater
1889 1554 2007 1624 ipsa

2185 1551 2277 1623 ιβ’.
2297 1553 2407 1606 Καὶ
2436 1554 2518 1617 τίς
2544 1554 2609 1625 δὴ
2639 1549 2793 1620 οὗτός
2822 1556 2992 1622 ἐστιν,
3023 1556 3108 1625 ἐφ’
3136 1556 3198 1611 δν
3219 1556 3312 1610 καὶ
3343 1555 3483 1627 αὑτὴ
3507 1555 3701 1610 λοιπὸν

425 1642 695 1699 moritura
722 1652 826 1709 est,
849 1654 904 1699 et
925 1646 991 1700 ad
1017 1647 1178 1701 aliam
1202 1647 1373 1701 veluti
1402 1647 1572 1700 vitam
1607 1644 2008 1701 transferetur?

2126 1642 2147 1713 ἡ
2182 1641 2415 1696 τεκοῦσα
2466 1644 2757 1703 παύσεται.
2802 1644 2897 1698 καὶ
2928 1646 3008 1709 εἰς
3035 1645 3229 1717 ἐτέραν
3271 1645 3463 1718 ὥσπερ
3515 1663 3703 1716 μετοι-

424 1732 575 1788 Obiit
596 1736 741 1789 enim
761 1737 963 1819 llachel
989 1739 1042 1793 in
1068 1739 1187 1809 ipso
1210 1745 1371 1808 partu
1385 1737 1685 1809 Beniamin.
1704 1737 2006 1797 Perfectam

2126 1735 2339 1804 χήσεται
2368 1736 2545 1807 ζωήν;
2569 1736 2939 1808 Τετελεύτηκε
2963 1737 3071 1809 γὰρ
3090 1739 3124 1808 ὴ
3162 1738 3362 1809 Ῥαχὴλ
3382 1738 3472 1792 ἐπ’
3501 1739 3703 1802 αὐταῖς

429 1821 614 1891 itaque
641 1810 1009 1896 omnibusque
1040 1827 1287 1881 numeris
1329 1827 1634 1886 absolutam
1676 1826 1876 1887 horum
1912 1842 2007 1895 00-;

428 1912 730 1981 gnitionem
768 1915 882 1970 Deo
923 1919 1254 1987 tribuamus,
1298 1921 1476 1991 iisque
1510 1921 1605 1993 qui
1646 1935 1747 1977 nos
1805 1920 2010 1990 ingenii

427 2004 683 2063 acumine
763 2019 1045 2078 superant.
1112 2012 1261 2067 Nihil
1304 2028 1436 2067 vero
1498 2013 1655 2069 obest
1717 2013 2013 2082 quominus

429 2091 575 2161 quod
604 2095 765 2149 nobis
790 2097 849 2150 in
874 2108 1111 2154 mentem
1139 2102 1354 2159 venerit
1399 2102 1666 2161 dicamus.
1686 2102 1802 2158 Mea
1828 2103 2013 2173 itaque

430 2186 729 2251 sententia,
753 2186 900 2255 ﬁlius
927 2190 1126 2246 doloris
1151 2194 1349 2248 merito
1392 2194 1622 2264 intelligi
1649 2194 1843 2263 possit,
1869 2195 2012 2248 mul-

432 2273 613 2329 titudo
658 2278 1001 2334 credentium
1053 2283 1108 2336 in
1166 2284 1375 2339 ultimis
1417 2283 1600 2339 saeculi
1649 2285 2010 2355 temporibus.

433 2364 569 2419 Nam
592 2367 701 2423 illis
724 2372 1064 2440 temporibus
1088 2374 1195 2428 erit
1219 2374 1363 2429 ﬁlius
1387 2374 1712 2444 iniquitatis,
1743 2393 1763 2426 ι
1790 2375 1886 2445 qui
1914 2375 2014 2431 ad-

432 2467 685 2512 versatur
707 2468 763 2513 et
786 2462 1069 2518 extollitur
1085 2481 1251 2535 supra
1276 2482 1438 2523 omne
1454 2469 1602 2538 quod
1619 2469 1825 2525 dicitur
1846 2470 2012 2535 Deus,

435 2553 530 2599 aut
581 2548 670 2602 cui
716 2552 998 2607 veneratio
1042 2553 1277 2610 debetur
1316 2575 1329 2609 :
1370 2557 1445 2613 ita
1480 2568 1543 2613 ut
1586 2561 1640 2614 in
1679 2560 1882 2631 templo
1917 2561 2015 2617 Dei

435 2637 646 2702 sedeat,
665 2641 953 2699 declarans
967 2661 1026 2700 se
1053 2654 1312 2718 tanquam
1327 2651 1400 2706 sit
1420 2652 1565 2707 Deus
1583 2653 1648 2707 ⁸ί.
1662 2672 1680 2704 ι
1706 2653 1806 2713 Hic
1826 2661 2018 2709 contra

434 2739 655 2787 sanctos
700 2734 876 2788 aciem
914 2736 1134 2804 educet,
1169 2749 1226 2795 et
1264 2741 1404 2798 nihil
1446 2744 1516 2802 ab
1560 2744 1845 2805 indomitis
1884 2746 2019 2803 feris

436 2817 677 2886 diﬁ‘eret,
722 2823 1195 2891 Quemadmodum
1241 2834 1389 2890 enim
1436 2835 1552 2905 ipse
1595 2835 1845 2892 Salvator
1880 2839 1958 2893 ait
2001 2857 2014 2892 :

444 2929 463 2963 ι
490 2910 609 2969 Erit
651 2916 939 2979 tribulatio
975 2936 1198 2993 magna,
1238 2925 1418 2995 qualis
1454 2942 1566 2983 non
1607 2927 1713 2985 fuit
1749 2929 1819 2983 ab
1860 2929 2019 2985 initio

437 3004 629 3060 mundi
664 3023 840 3078 usque
876 3010 947 3065 ad
984 3011 1091 3068 hoc
1117 3021 1353 3085 tempus,
1382 3033 1562 3089 neque
1599 3019 1777 3074 ﬁet".
1810 3039 1828 3071 ι
1859 3019 2016 3087 Quod

2113 1825 2267 1880 ὠδῖσι
2295 1825 2392 1883 τοῦ
2427 1828 2707 1897 Βενιαμίν.
2749 1828 2822 1880 Τὸ
2858 1828 2956 1899 μὲν
3000 1824 3092 1882 οῦν
3119 1828 3258 1898 ἄγαν
3297 1828 3701 1901 ὴκριϐωμένως

2112 1917 2313 1971 ειδέναι
2359 1919 2535 1986 ταυτὶ,
2566 1919 2688 1989 Θεῷ
2720 1918 2784 1989 δὴ
2833 1918 2996 1973 πάλιν
3038 1919 3403 1991 ἀναθήσομεν,
3453 1920 3550 1973 καί
3581 1922 3704 1984 τοῖς

2112 2009 2417 2079 νουνεχέσιν
2466 2008 2499 2081 ἢ
2543 2009 2665 2063 καθ’
2703 2011 2870 2080 ἡμᾶς·
2904 2010 3067 2063 λυπεῖ
3095 2010 3152 2064 δὲ
3196 2011 3374 2074 οὐδὲν.
3410 2011 3471 2065 τό
3504 2029 3569 2079 γε
3614 2015 3703 2076 είς

2113 2102 2239 2155 νοῦν
2271 2097 2405 2172 ἧκον
2437 2102 2632 2155 είπεῖν.
2667 2097 2833 2173 Οἶμαι
2861 2101 2925 2174 δὴ
2957 2100 3049 2156 οὖν
3081 2104 3162 2157 ὅτι
3189 2105 3345 2157 νοοῖτ⁹
3378 2103 3444 2158 ἂν
3468 2104 3702 2168 είκότως

2113 2190 2243 2256 υίὸς
2290 2188 2513 2257 ὀδύνης
2539 2190 2669 2254 λαὸς
2695 2192 2728 2261 ἠ
2764 2193 2821 2243 ἐν
2860 2190 3108 2259 ἐσχάτοις
3138 2190 3233 2244 τοῦ
3259 2190 3453 2255 αίῶνος
3482 2193 3701 2262 καιροῖς

2113 2280 2223 2332 τῶν
2255 2280 2616 2333 πιστευόντων
2651 2278 2878 2351 πληθύς.
2913 2282 3047 2335 Κατ’
3070 2282 3246 2335 ἐκεῖνο
3274 2279 3383 2351 γὰρ
3412 2280 3567 2335 ἐσται
3598 2282 3699 2335 τοῦ

2116 2369 2309 2442 καιροῦ
2339 2371 2432 2428 καὶ
2451 2371 2478 2423 6
2500 2371 2597 2441 τῆς
2621 2369 2849 2441 ἀνομίας
2873 2371 3007 2435 υἱὸς,
3047 2390 3065 2424 ι
3110 2370 3169 2424 '0
3189 2372 3582 2441 ἀντικείμενος,
3601 2375 3703 2428 καὶ

2117 2462 2548 2535 ὑπεραιρόμενος
2575 2463 2666 2516 ἐπὶ
2689 2463 2863 2518 πάντα
2891 2463 3180 2535 λεγόμενον
3204 2463 3336 2517 Θεὸν
3362 2464 3395 2533 ἢ
3419 2464 3697 2534 σέϐασμαο

2117 2553 2259 2607 ὥστε
2315 2553 2478 2608 αὑτὸν
2510 2556 2589 2617 είς
2612 2554 2706 2607 τὸν
2734 2555 2862 2607 ναὸν
2891 2554 2985 2608 τοῦ
3019 2554 3153 2608 Θεοῦ
3179 2554 3253 2617 ὡς
3283 2554 3415 2607 Θεὸν
3445 2553 3699 2613 καθίσαι.

2117 2643 2507 2697 ἀποδεικνύντα
2563 2643 2753 2697 ἐαυτὸν
2806 2644 2888 2697 ὄτι
2944 2644 3062 2697 ἐστὶ⁵
3115 2643 3269 2708 Θεός.
3301 2663 3320 2695 ι
3358 2639 3529 2707 Οὗτος
3581 2648 3700 2706 τοῖς

2118 2735 2295 2803 ἁγίοις
2337 2734 2703 2800 ἀντιτάξεται.
2734 2734 2828 2789 καὶ
2853 2734 3160 2789 ἀτιθάσσων
3196 2735 3348 2789 οὐδὲν
3376 2735 3569 2788 διοίσει
3593 2735 3699 2806 θη-

2124 2828 2272 2899 ρίων.
2320 2828 2407 2891 Ὠς
2444 2827 2553 2898 γὰρ
2598 2826 2758 2891 αὐτὸς
2791 2828 3012 2899 εἴρηκεν
3044 2830 3071 2880 6
3118 2828 3329 2899 Σωτὴρ,
3370 2827 3524 2881 ἔσται
3571 2828 3704 2883 τότε

2121 2919 2298 2989 θλίψις
2345 2919 2579 2989 μεγάλη,
2629 2919 2718 2972 οἵα
2766 2919 2826 2971 ού
2874 2919 3097 2988 γέγονεν
3128 2919 3221 2977 ἀπ’
3256 2918 3429 2991 ἀρχῆς
3462 2919 3704 2989 κόσμου,

2121 3010 2226 3063 οὐδ’
2254 3009 2314 3062 ού
2349 3008 2423 3080 μὴ
2456 3009 2703 3081 γένηται.
2741 3009 2864 3063 Ὀτι
2896 3009 2951 3063 δέ
2980 3010 3077 3080 οὐχ
3112 3009 3319 3081 ἑτέροις
3351 3009 3550 3080 μᾶλλον
3582 3010 3709 3064 ἀλλ’

437 3110 573 3151 vero
597 3114 706 3152 non
730 3100 869 3157 alios
891 3119 1055 3173 quam
1081 3116 1304 3161 sanctos
1342 3109 1462 3178 ejus
1507 3110 1819 3164 immanitas
1856 3118 2021 3181 atque

2129 3100 2162 3172 ἢ
2210 3102 2322 3163 τοῖς
2370 3100 2545 3169 ἀγίσις
2591 3101 3001 3171 ἐγκατασκήψει
3050 3104 3119 3157 τὰ
3159 3102 3256 3171 τῆς
3311 3103 3439 3173 παρ’
3488 3103 3710 3157 ἐκείνου

439 3185 739 3242 crudelitas
760 3190 833 3244 sit
853 3191 1133 3257 invasura,
1151 3194 1480 3264 signiﬁcavit
1504 3212 1721 3275 rursum
1745 3199 2023 3265 Christus,

441 3274 520 3329 ita
554 3277 863 3345 adjiciens:
897 3300 915 3331 ι
945 3281 1012 3335 Et
1041 3282 1148 3337 nisi
1187 3283 1458 3339 decuriati
1490 3286 1721 3341 fuissent
1759 3288 1880 3344 dies
1922 3290 2023 3355 illi,

440 3378 556 3418 non
598 3364 755 3420 ﬁeret
794 3368 943 3422 salva
991 3371 1173 3431 omnis
1213 3384 1363 3435 caro,
1410 3374 1506 3428 sed
1551 3384 1779 3447 propter
1825 3378 2029 3434 eiectos

442 3453 884 3513 decurtabuntur
903 3460 1023 3515 dies
1046 3462 1124 3515 illi
1150 3462 1213 3517 ⁸³.
1242 3482 1260 3514 ι
1288 3462 1423 3519 Cum
1448 3466 1596 3520 enim
1624 3471 1935 3536 persecutio
1957 3471 2029 3526 sit

447 3545 631 3600 mtura
665 3546 932 3605 adversus
967 3566 1159 3609 omnes
1189 3553 1399 3609 electos
1444 3570 1510 3609 ac
1544 3556 1759 3613 sincere
1792 3558 1980 3615 ﬁdeles
2010 3578 2024 3614 :

445 3650 682 3707 cumque
705 3641 888 3709 gravis
909 3650 965 3696 et
988 3641 1355 3699 intolerabilis
1382 3648 1626 3716 tyrannis
1647 3657 1811 3719 atque
1832 3667 2031 3706 aerum-

447 3743 532 3783 ηαξ
573 3730 640 3785 iis
684 3730 1073 3802 impendeant;
1119 3738 1482 3792 contrahetur
1524 3740 1749 3797 omnino
1788 3751 2027 3811 tempus,

445 3835 926 3882 commensnrante
972 3835 1444 3900 temperanteque,
1492 3839 1556 3885 nt
1605 3833 1866 3900 arbitror,
1915 3835 2028 3889 Deo

449 3913 807 3971 tentationem
850 3934 953 3988 pro
1001 3919 1327 3976 aiﬂictorum
1370 3922 1605 3976 viribus.
1654 3923 1809 3991 Quod
1861 3926 2028 3981 etiam

448 4002 610 4063 nobis
663 4009 958 4076 persuadet
1001 4008 1440 4081 sapientissimus
1483 4013 1723 4080 Paulus,
1770 4014 1961 4071 dicens
2012 4034 2025 4070 :

455 4112 476 4145 α
505 4095 709 4152 Fidelis
729 4108 913 4154 autem
937 4102 1103 4166 Deus,
1122 4104 1215 4173 qui
1238 4120 1349 4160 non
1374 4106 1519 4161 sinet
1540 4122 1638 4162 vos
1663 4109 1862 4163 tentari
1889 4109 2031 4164 ultra

450 4184 502 4239 id
529 4186 678 4255 quod
715 4191 946 4258 potestis
984 4208 996 4243 :
1041 4190 1152 4247 imo
1197 4193 1362 4248 faciet
1406 4210 1513 4248 una
1555 4210 1679 4249 cum
1728 4199 2031 4269 tentatione

448 4285 800 4349 proventum,
851 4289 913 4336 ut
934 4281 1158 4350 possitis
1195 4282 1428 4343 suﬁ‘erre
1454 4283 1519 4344 ".
1553 4303 1572 4336 ι
1638 4285 1780 4342 Nato
1844 4289 2030 4360 itaque

448 4365 753 4438 Benjamin,
807 4371 912 4427 hoc
960 4382 1065 4437 est,
1119 4374 1323 4443 populo
1370 4373 1427 4428 in
1475 4373 1582 4429 ﬁne
1624 4385 1680 4431 et
1720 4375 2024 4445 doloribus,

450 4458 665 4518 desinet
710 4463 933 4520 Rachel.
983 4465 1369 4523 Transferetur
1408 4468 1556 4524 enim
1594 4469 2021 4540 quodammodo,

444 4558 504 4604 ut
567 4554 732 4609 modo
789 4557 937 4623 dixi,
981 4558 1036 4612 in
1111 4559 1270 4614 aliam
1347 4561 1514 4615 vitam
1579 4561 1858 4629 Ecclesia,
1922 4565 2027 4622 hoc

450 4650 556 4706 est,
579 4658 700 4707 nos,
729 4647 824 4714 qui
853 4662 953 4716 per
976 4648 1137 4707 ﬁdem
1177 4650 1233 4704 in
1272 4649 1554 4705 Christum
1593 4651 1859 4708 unitatem
1902 4671 2026 4716 cum

452 4733 564 4794 Deo
593 4749 692 4804 per
711 4735 976 4805 Spiritum
1001 4741 1146 4794 nacti
1170 4756 1379 4797 sumus.
1407 4741 1596 4812 Neque
1621 4758 1753 4798 vero
1783 4744 2024 4814 mireris,

456 4822 616 4899 139
637 4824 682 4879 si
716 4840 865 4882 mors
892 4828 1094 4884 Rachel
1117 4845 1147 4883 a
1172 4830 1342 4886 rebus
1364 4831 1529 4903 hujus
1559 4833 1685 4889 vitae
1726 4838 2026 4895 transtulit.

454 4917 719 4978 Percellct
761 4920 910 4975 enim
955 4935 1351 4992 nonnunquam
1396 4923 1452 4977 id
1495 4922 1762 4994 quosdam
1802 4941 1867 4981 ea
1908 4943 2030 4997 qua:

450 5009 581 5066 olim
610 5012 945 5093 acciderunt,
970 5014 1423 5085 contemplantes.
1449 5016 1603 5072 Dicat
1624 5026 1807 5073 autem
1834 5019 2030 5090 aliquis

452 5100 682 5159 fortasse
736 5114 898 5176 atque
954 5105 1029 5162 ita
1077 5120 1264 5162 secum
1322 5107 1565 5177 cogitet:
1599 5108 1851 5165 Cessabit
1900 5127 2031 5183 ergo

456 5194 698 5250 Ecclesia
727 5214 985 5254 successu
1021 5199 1304 5270 temporis,
1330 5206 1387 5253 et
1417 5210 1593 5255 morte
1622 5201 2029 5273 quodammodo

450 5287 828 5358 cxstingnctur
846 5308 858 5342 :
877 5297 1041 5358 atque
1057 5292 1162 5351 hoc
1175 5299 1260 5347 est
1280 5291 1559 5347 transferri
1579 5292 1645 5347 ad
1663 5294 1910 5351 meliora.
1931 5297 2025 5351 [iis

456 5378 848 5447 respondemus
872 5399 885 5434 :
907 5381 1044 5436 Cum
1067 5384 1224 5439 audis
1250 5384 1522 5440 nominari
1548 5384 1865 5451 Ecclesium,
1897 5404 2022 5443 san-

452 5476 593 5523 ctam
631 5471 975 5526 credentium
1022 5474 1430 5534 multitudinem
1480 5475 1711 5548 intelligi
1749 5479 2022 5542 existima,

2131 3190 2447 3261 σκαιότητος
2489 3192 2582 3244 καὶ
2623 3192 3035 3262 ἀπανθρωπίας,
3090 3192 3466 3263 διαμεμὴνυκε
3532 3196 3712 3253 πάλιν

2128 3280 2439 3349 ἐπενεγκὼν
2457 3281 2619 3344 αὐτὸς
2633 3283 2660 3336 6
2678 3282 2931 3351 Χριστός·
2944 3301 2963 3333 ι
2998 3282 3106 3335 Καὶ
3123 3285 3170 3336 εί
3195 3282 3269 3354 μὴ
3291 3283 3713 3356 ἐκολοϐώθησαν

2127 3374 2183 3427 ai
2211 3373 2414 3445 ἡμέραι
2449 3373 2673 3437 ἐκεῖναι,
2704 3373 2804 3425 οὐκ
2830 3371 2895 3427 ἀν
2926 3372 3102 3445 ἐσώθη
3146 3375 3294 3427 πᾶσα
3327 3374 3483 3446 σάρξ.
3514 3378 3616 3429 Διά
3644 3378 3710 3431 δὲ

2126 3468 2252 3529 τοὺς
2282 3466 2568 3529 ἐκλεκτοὺς
2602 3464 3066 3535 κολοϐωθήσονται
3104 3468 3158 3519 αί
3192 3465 3394 3537 ἡμέραι
3418 3469 3647 3523 ἐκεῖναι.
3684 3490 3707 3521 ι

2141 3556 2226 3621 Ὠς
2249 3555 2358 3627 γὰρ
2397 3556 2630 3621 διώξεως
2671 3555 2936 3627 ἐσομένης
2965 3557 3106 3611 κατά
3145 3558 3347 3621 παντὸς
3401 3558 3714 3614 ἀπολέκτου

2129 3650 2224 3702 καὶ
2251 3648 2474 3719 γνησίου
2517 3648 2615 3720 τὴν
2658 3649 2860 3714 πίστιν,
2921 3648 2997 3712 ὡς
3057 3648 3239 3720 δεινῆς
3286 3651 3377 3703 καὶ
3424 3650 3713 3722 ἀφορήτου

2129 3740 2460 3808 πλεονεξίας,
2505 3741 2599 3794 καὶ
2633 3740 2816 3812 μέντοι
2856 3740 2951 3792 καὶ
3009 3740 3201 3797 αἰκιῶν
3230 3740 3717 3813 ἐποισθησομένων

2128 3834 2303 3887 τισίνο
2358 3831 2512 3885 ἔσται
2560 3849 2661 3902 μου
2716 3832 2931 3895 πάντως
2985 3833 3042 3885 ἐν
3092 3833 3374 3897 συστολαῖς
3426 3836 3455 3888 6
3492 3835 3715 3906 καιρὸς,

2132 3920 2793 3995 συμμετροῦντος,οἷμαι,
2823 3923 2918 3977 τοῦ
2964 3924 3402 3997 φιλοικτίρμονος
3452 3926 3589 3980 Θεοῦ
3638 3932 3715 4001 τῇ

2128 4016 2238 4070 τῶν
2277 4017 2594 4087 καμνόντων
2631 4015 2776 4085 ίσχύῖ
2819 4016 2909 4068 τὸν
2949 4017 3272 4088 πειρασμόν.
3304 4018 3457 4072 Οθτω
3488 4022 3717 4091 φρονεῖν

2130 4108 2413 4165 ἀναπείθει
2457 4110 2554 4163 καὶ
2599 4111 2628 4163 6
2675 4106 2986 4178 σοφώτατος
3012 4108 3223 4172 Παῦλος
3247 4126 3259 4139 ·
3303 4128 3323 4161 ‹
3360 4110 3555 4174 Πιστὸς
3593 4110 3650 4163 δὲ
3686 4115 3718 4167 6

2130 4202 2262 4266 Θεὸς
2291 4203 2349 4266 ὃς
2375 4202 2474 4256 οὐκ
2493 4202 2643 4256 ἐάσει
2666 4202 2809 4273 ὑμᾶς
2830 4201 3192 4271 πειρασθῆναι
3216 4202 3357 4272 ύπέρ
3392 4202 3421 4256 6
3451 4202 3712 4267 δύνασθε,

2131 4291 2266 4345 ἀλλά
2324 4291 2542 4361 ποιήσει
2583 4291 2680 4343 σὺν
2724 4288 2803 4359 τῷ
2857 4286 3150 4361 πειρασμῷ
3199 4287 3294 4342 καὶ¹
3337 4287 3437 4360 τὴν
3485 4287 3714 4343 ἔκϐασιν

2131 4379 2224 4433 τοῦ
2257 4379 2514 4434 δύνασθαι
2553 4382 2895 4448 ὑπενεγκεῖν.
2936 4399 2955 4432 ι
3006 4378 3363 4450 Γεννηθέντος
3390 4378 3569 4433 τοίνυν
3613 4380 3712 4435 τοῦ

2134 4468 2410 4539 Βενιαμὶν,
2457 4467 2721 4531 τουτέστι,
2769 4467 2864 4521 τοῦ
2896 4469 2952 4521 ἐν
2980 4468 3123 4522 τέλει
3157 4484 3214 4520 τε
3248 4469 3341 4522 καὶ
3384 4469 3441 4521 ἐν
3469 4466 3689 4535 ὀδύναις

2133 4558 2286 4623 λαοῦ,
2332 4558 2671 4612 πεπαύσεται
2727 4559 2819 4612 καὶ
2880 4558 3099 4631 Ῥαχήλ.
3138 4561 3537 4631 Μετοιχήσεται
3576 4560 3711 4630 γὰρ,

2134 4649 2324 4720 ὥσπερ
2356 4647 2491 4721 ἔφην
2532 4648 2756 4718 ἀρτίως,
2804 4651 2885 4713 είς
2922 4650 3118 4721 ἑτέραν
3149 4650 3344 4722 ζωὴνή
3387 4650 3710 4724 Ἐκκλησία,
3798 4668 3807 4669 ί

2134 4742 2409 4796 τουτέστιν
2440 4740 2620 4815 ἡμεῖς,
2666 4741 2713 4793 οἱ
2745 4739 2833 4792 διὰ
2862 4739 3099 4800 πίστεως
3124 4744 3222 4813 τῆς
3247 4744 3326 4806 είς
3349 4741 3582 4814 Χριστὸν
3608 4743 3713 4814 τὴν

2134 4833 2221 4887 διὰ
2251 4830 2568 4902 Πνεύματος
2596 4830 2789 4883 ἕνωσιν
2830 4830 2964 4903 πρὸς
2988 4830 3122 4884 Θεὸν
3152 4833 3570 4903 πλουτήσαντες.
3599 4834 3713 4891 Καὶ

2135 4926 2211 4993 μή
2237 4940 2316 4976 τοι
2343 4921 2631 4997 θαυμάσῃς
2661 4920 2708 4972 εί
2733 4919 2961 4984 θάνατος
2986 4921 3085 4994 τὴν
3130 4922 3331 4994 Ῥαχὴλ
3352 4923 3460 4979 τῶν
3488 4926 3543 4981 ἐν
3571 4923 3709 4994 τῷδε

2130 5014 2209 5085 τῷ
2248 5014 2437 5085 κόσμῳ
2495 5012 2765 5089 μετέθηκε
2815 5014 3179 5083 πραγμάτων.
3231 5015 3538 5086 Θορυϐήσει
3599 5016 3711 5084 γὰρ

2132 5106 2242 5159 ἔσθ’
2269 5108 2357 5162 ὅτε
2385 5104 2445 5157 τὸ
2481 5104 2672 5175 χρῆμά
2707 5121 2879 5170 τινας,
2916 5105 3310 5176 ἐνηνεγμένους
3342 5108 3423 5171 είς
3474 5107 3710 5177 θεωρίαν

2128 5197 2222 5251 τοῦ
2245 5196 2410 5249 πάλαι
2444 5193 2867 5265 συμϐεϐηκότος·
2898 5194 3245 5250 Πεπαύσεται
3278 5196 3341 5267 δὴ
3370 5191 3463 5251 οὖν
3498 5199 3532 5268 ἡ
3581 5198 3710 5251 Ἐκ-

2134 5287 2331 5359 κλησία
2376 5287 2519 5343 κατᾶ
2549 5276 2795 5357 καιροὺς,
2828 5286 2924 5340 καὶ
2958 5287 3316 5359 σϐεσθήσεται
3342 5288 3559 5361 θανάτῳ
3583 5291 3707 5362 τρό-

2133 5401 2233 5435 πον
2254 5382 2398 5435 τινά·
2456 5380 2553 5434 καὶ
2601 5377 2760 5431 τοῦτό
2785 5381 2933 5431 ἐστιν
2958 5381 2990 5450 ὴ
3030 5381 3167 5452 πρὸς
3196 5381 3265 5435 τὰ
3295 5382 3501 5453 ἀμείνω
3536 5384 3706 5452 μετά-

2136 5456 2321 5536 στασις
2350 5490 2363 5538 ;
2401 5470 2544 5542 Πρὸς
2568 5470 2632 5541 δὴ
2652 5471 2720 5523 τὰ.
2754 5469 2928 5525 τοιάδε
2968 5472 3148 5542 φαμέν
3171 5490 3183 5505 ο
3225 5472 3550 5544 Ἐκκλησίαν
3576 5473 3706 5528 ὅταν

526 5666 569 5699 ⁸⁸
597 5666 751 5731 han.
785 5685 840 5735 κ,
877 5669 955 5727 16,
1031 5654 1073 5702 λ’
1107 5670 1148 5729 il
1181 5669 1369 5738 Thess.
1404 5674 1547 5740 11,4,
1572 5675 1625 5739 5,
1700 5671 1744 5706 "
1774 5672 1965 5737 Matth.
2000 5690 2021 5726 ι

2128 5714 2141 5739 ,
2176 5673 2269 5735 2i,
2346 5671 2389 5702 ⁸³
2420 5670 2558 5730 ibid.
2618 5670 2710 5733 ‘22.,
2781 5668 2824 5699 "‘
2859 5669 3026 5726 lCor.
3069 5686 3120 5733 κ.
3158 5670 3242 5734 13.
