4032 6198
447 229 552 286 225

1458 222 1973 281 GLAPIIYRORUM
2014 225 2080 280 IN
2117 224 2417 281 GENESIM
2454 222 2581 280 LIB.
2622 223 2685 280 V.

3588 204 3693 276 226

422 338 687 409 ἀκούσῃς,
734 336 837 407 τὴν
877 335 984 389 τῶν
1011 337 1375 388 πιστευόντων
1430 332 1591 404 ἁγίαν
1637 335 1850 407 πληθὺν
1906 335 2011 389 rae:

2117 338 2273 406 cujus
2300 344 2466 399 mors,
2492 337 2645 406 juxta
2678 334 2946 389 rationem
2968 333 3096 389 vitae
3118 333 3173 389 in
3196 335 3401 389 mundo
3423 342 3479 390 et
3501 350 3694 391 carna-

424 446 505 484 τοι
529 428 715 496 λέγειν
734 442 749 457 ο
839 425 901 478 τὸ
931 424 1250 479 ὲκτεθνάναι
1279 424 1421 478 κατὰ
1450 425 1615 477 τόπον
1645 424 1793 493 ζωῆς
1825 425 1922 495 τῆς
1951 425 2008 477 ἐν

424 518 613 588 κόσμῳ
664 516 760 568 καὶ
822 515 1114 585 σαρκικῆς,
1156 515 1275 576 ὁδός
1312 517 1429 566 εστι
1468 514 1603 584 πρὸς
1632 513 1870 567 ἐπίδοσιν
1910 515 2010 582 τῆς

425 615 481 668 tv
537 610 767 682 Χριστῷ
817 607 1097 670 πολιτείας
1139 609 1238 661 καὶ
1286 606 1435 675 ζωῆς
1477 608 1571 660 καὶ
1626 606 2008 677 μεταστάσεως

428 703 627 773 τρόπος
672 703 756 764 είς
803 699 873 752 τὰ
908 685 1123 769 ἀμείνω
1168 698 1265 751 καὶ
1301 698 1691 768 ὑπερκείμενα.
1726 696 1826 750 Διά
1851 696 2011 751 τοῦτο

427 796 519 847 καὶ
544 796 574 847 ὁ
609 792 885 863 μακάριος
919 790 1151 855 Παῦλος,
1182 789 1571 861 ραγδαιοτέραν
1590 788 1732 842 τισὶν
1757 788 2010 858 ἐπιφέρει

426 885 523 955 τὴν
554 882 850 953 ἐπίπληξιν
876 882 1101 951 λέγων’.
1122 901 1141 933 ι
1182 882 1245 936 Ei
1270 881 1570 935 ἀπεθάνετε
1599 881 1705 934 ἀπὸ
1730 881 1836 933 τῶν
1870 897 2013 933 στοι-

426 974 591 1046 χείων
624 974 719 1027 τοῦ
761 974 991 1044 κόσμου,
1030 973 1083 1028 τί
1124 974 1200 1036 ὡς
1228 976 1287 1026 ἐν
1314 973 1502 1043 κόσμῳ
1533 971 1736 1036 ζῶντες
1755 971 2012 1041 δογματί-

430 1064 623 1130 ζεσθες
672 1083 693 1116 ι
741 1064 1079 1118 Ἐπιστέλλει
1133 1063 1191 1117 δὲ
1239 1063 1403 1117 πάλιν
1452 1065 1567 1126 τοῖς
1593 1063 1693 1134 τὴν
1742 1063 2011 1133 σαρκικὴν

433 1156 527 1209 καὶ
578 1156 862 1223 φιλήδονον
911 1155 1326 1226 ἀποσειομένοις
1379 1153 1548 1225 ζωήν·
1605 1173 1623 1204 ι
1682 1149 2011 1206 Ἀπεθάνετε

430 1248 561 1320 γὰρ,
592 1250 692 1303 καὶ
730 1250 765 1320 ἡ
798 1248 915 1319 ζωὴ
945 1247 1100 1319 ὑμῶν
1145 1248 1452 1317 κέκρυπται
1485 1246 1582 1299 σὺν
1606 1244 1683 1316 τῷ
1708 1244 1926 1317 Χριστῷ
1955 1248 2012 1297 ὲν

427 1338 507 1411 τῷ
566 1338 709 1409 Θεῷ.
774 1341 946 1393 Ὅταν
997 1334 1091 1393 οὖν
1135 1340 1163 1392 ὁ
1207 1338 1441 1409 Χριστὸς
1484 1336 1859 1407 φανερωθῇ,ή
1899 1336 2012 1407 ζωὴ

430 1430 621 1501 ὑμῶν,
665 1430 785 1483 τότε
831 1430 925 1483 καὶ
955 1431 1115 1500 ⁸θμεῖς
1152 1430 1250 1483 σὺν
1296 1429 1445 1499 αὐτῷ
1472 1427 1926 1499 φανερωθήσεσθε
1955 1428 2013 1479 ὲν

427 1522 575 1594 δόξῃ.
623 1540 642 1573 ι
684 1520 932 1591 Νεκροῦν
980 1521 1036 1575 δὲ
1082 1523 1235 1592 ἡμᾶς
1262 1520 1357 1572 καὶ
1405 1518 1474 1572 τὰ
1510 1519 1646 1589 μέλη
1688 1518 1756 1572 τὰ
1792 1520 1889 1570 ἐπὶ
1916 1518 2014 1589 τῆς

429 1614 532 1684 γῆς
557 1612 668 1666 δεῖν
697 1613 801 1683 ἔφη
828 1612 1035 1681 σαφῶς,
1070 1611 1329 1683 πορνείαν
1355 1610 1419 1680 δὴ
1453 1610 1627 1678 λέγων
1651 1610 1745 1662 καὶ
1774 1607 2014 1678 ἀκαθαρ-

431 1705 574 1766 σίαν,
617 1704 715 1757 καὶ
755 1703 826 1756 τὰ
868 1702 1075 1765 τούτοις
1120 1700 1345 1768 ἀδελφά.
1374 1699 1583 1754 Οὐκοῦν
1613 1702 1642 1753 ὁ
1671 1702 1771 1772 τῆς
1812 1701 2014 1771 Ῥαχὴλ

428 1792 658 1855 θάνατος
694 1791 951 1862 σημαίνει
993 1807 1096 1843 που
1126 1791 1344 1852 πάντως
1373 1788 1475 1859 τῆς
1506 1788 1620 1842 τῶν
1650 1791 2012 1844 πιστευόντων
2060 1776 2065 1785 “

2114 426 2201 489 lis,
2243 428 2328 481 via
2364 435 2450 482 est
2491 426 2559 482 ad
2613 425 3016 481 incrementum
3058 423 3187 478 vitae
3230 422 3289 479 in
3341 422 3583 489 Christo,
3633 431 3692 478 et

2116 518 2313 573 modus
2368 516 2743 571 translationis
2791 515 2859 569 ad
2906 515 3137 569 meliora
3180 530 3246 570 ac
3284 515 3686 585 praestantiora.

2110 609 2322 664 Idcirco
2346 608 2515 663 etiam
2555 608 2751 662 beatus
2777 606 2980 662 Paulus
3014 605 3199 660 acrius
3219 606 3485 675 quosdam
3510 606 3690 661 incre-

2109 707 2223 769 pat,
2249 699 2477 754 dicens:
2514 717 2532 750 ι
2562 697 2618 752 Si
2648 695 2852 751 mortui
2886 696 3021 750 estis
3056 710 3183 750 cum
3208 693 3426 750 Christo
3462 694 3531 749 ab
3572 695 3689 750 ele-

2111 790 2309 844 mentis
2327 788 2541 853 mundi,
2568 787 2724 857 quid,
2739 787 2894 857 quasi
2915 785 3094 841 adhuc
3116 786 3365 841 viventes
3384 786 3438 839 in
3461 787 3690 851 mundo,

2110 881 2410 955 decernitis
2423 882 2542 935 "1':
2568 880 2773 936 Scribit
2800 887 2983 934 autem
3006 893 3223 933 rursum
3252 878 3340 941 iis,
3358 878 3451 947 qui
3468 894 3690 933 carnem

2110 980 2164 1027 et
2196 973 2600 1042 voluptuariam
2639 971 2808 1027 vitam
2846 970 3206 1039 abiecerunt:
3242 987 3259 1018 ι
3288 968 3488 1023 Mortui
3536 970 3686 1024 enim

2111 1063 2265 1127 estis,
2289 1069 2346 1117 et
2373 1063 2485 1117 vita
2521 1071 2702 1118 vestra
2732 1060 3054 1116 abscondita
3096 1066 3181 1114 est
3214 1074 3340 1113 cum
3378 1058 3598 1113 Christo
3634 1060 3688 1116 in

2110 1150 2245 1205 Deo.
2293 1150 2524 1217 Quando
2573 1153 2741 1223 igitur
2780 1150 3035 1207 Christus
3079 1148 3461 1203 manifestatus
3500 1149 3688 1211 fuerit,

2110 1243 2225 1297 vita
2246 1251 2451 1307 vestra,
2479 1252 2611 1298 tunc
2639 1254 2695 1299 et
2715 1258 2812 1298 vos
2834 1257 2959 1297 cum
2996 1241 3092 1295 illo
3122 1240 3607 1297 manifestabimini
3635 1244 3691 1298 in

2112 1335 2288 1405 gloria
2330 1336 2396 1390 “.
2429 1355 2447 1387 ι
2499 1335 2830 1391 Mortiﬁcate
2878 1334 3045 1405 igitur
3089 1332 3255 1386 etiam
3298 1346 3400 1388 nos
3446 1335 3693 1389 membra

2113 1438 2302 1481 nostra
2340 1435 2561 1481 terrena
2599 1426 2803 1481 debere
2844 1424 3130 1479 manifeste
3172 1424 3269 1489 ait,
3303 1432 3554 1493 stuprum
3602 1423 3691 1478 in-

2114 1514 2331 1583 quiens,
2376 1523 2433 1569 et
2468 1514 2895 1579 immunditiem,
2943 1521 3000 1568 et
3043 1515 3131 1570 his
3168 1513 3350 1568 aﬂinia
3385 1514 3451 1566 ".
3483 1532 3502 1565 ι
3548 1513 3694 1568 Mors

2115 1605 2300 1675 itaque
2324 1605 2527 1659 Rachel
2577 1604 2848 1675 signiﬁcat
2870 1606 3094 1660 omnino
3116 1605 3295 1676 gregis
3328 1604 3689 1671 credentihm,

2116 1695 2223 1750 hoc
2251 1704 2339 1750 est
2375 1696 2654 1760 Ecclesia,
2685 1704 2918 1751 mortem
2952 1696 3008 1750 in
3031 1696 3251 1752 Christo
3273 1695 3603 1751 intellectam
3637 1695 3693 1750 in

2116 1789 2279 1844 aliam
2328 1788 2733 1858 quodammodo
2780 1788 2947 1843 vitam
2992 1804 3094 1843 nos
3141 1788 3596 1855 transferentem;
3646 1789 3692 1843 si

427 1882 658 1954 ἀγέλης,
713 1883 984 1946 τουτέστι,
1028 1882 1130 1950 τῆς
1185 1879 1536 1949 Ἐκκλησίας,
1576 1880 1666 1934 τὸν
1706 1882 1765 1935 ὲν
1798 1882 2011 1954 Χριστῷ

2119 1880 2283 1935 modo
2310 1895 2500 1934 verum
2525 1887 2609 1934 est
2639 1879 2786 1949 quod
2825 1888 3014 1935 nostra
3045 1880 3445 1936 transferentur
3474 1893 3541 1934 ex
3566 1894 3691 1934 cor-

429 1968 739 2045 νοούμενον
769 1973 1020 2037 θάνατον,
1068 1974 1149 2035 είς
1199 1972 1394 2043 ἑτέραν
1438 1972 1626 2045 ὥσπερ
1675 1976 2017 2044 ἀποφέροντα

430 2067 580 2137 ζωήν
604 2082 619 2097 ο
668 2067 829 2136 εἴπερ
870 2066 1019 2118 ἐστὶν
1058 2063 1279 2135 ἀληθὲς,
1307 2065 1389 2119 ὅτι
1417 2064 1485 2118 τὰ
1519 2064 1642 2118 καθ’
1668 2065 1813 2136 ἡμᾶς
1851 2084 2017 2136 μετα-

432 2159 691 2228 στήσεται
715 2159 781 2211 ὲκ
808 2157 1016 2229 φθορᾶς
1053 2157 1133 2220 είς
1158 2155 1491 2226 ἀφθαρσίαν,
1518 2157 1583 2208 ὲκ
1620 2154 1852 2209 θανάτου
1881 2158 2018 2229 πρὸς

433 2248 600 2320 ζωὴν,
633 2248 695 2314 ἐξ
720 2247 1006 2311 ἀσθενείας
1023 2250 1103 2311 είς
1124 2245 1377 2318 δύναμιν,
1398 2245 1460 2310 ἐξ
1483 2246 1706 2316 ἀτιμίας
1734 2248 1811 2310 είς
1836 2248 2015 2314 δόξαν,

433 2340 496 2391 ἐκ
525 2338 961 2411 μεμετρημένων
988 2335 1196 2409 καιρῶν
1219 2338 1299 2400 είς
1327 2336 1655 2407 μακραίωνα
1687 2335 1821 2406 βίον.
1854 2336 2016 2392 Οὕτω

434 2430 565 2501 γὶρ,
599 2428 744 2483 οὕτω
770 2431 867 2484 καὶ
894 2428 1045 2500 αὑτῷ
1074 2428 1365 2491 διαπαντὸς
1394 2425 1735 2496 συνεσόμεθα
1771 2427 1849 2498 τῷ
1883 2429 2015 2499 Χρι-

437 2520 567 2592 στῷ·
598 2521 667 2575 δι’
693 2515 756 2576 οὗ
796 2521 892 2576 καὶ
932 2520 1050 2592 μεθ’
1095 2511 1157 2574 οὗ
1208 2518 1287 2590 τῷ
1318 2517 1438 2588 Θεῷ
1489 2516 1583 2570 καὶ
1623 2517 1797 2589 Πατρὶ
1826 2520 1859 2590 ἠ
1891 2518 2018 2585 δόξα

437 2618 529 2666 καὶ
561 2614 622 2666 τὸ
648 2613 853 2683 κράτος
895 2614 992 2665 σὺν
1028 2610 1168 2682 ἁγίῳ
1222 2609 1499 2679 Πνεῦματι
1536 2607 1616 2670 είς
1645 2609 1769 2671 τοὺς
1815 2607 2018 2673 αἰῶνας

444 2705 545 2759 τῶν
566 2705 801 2760 αἰώνων.
843 2701 1037 2776 Ἀμήν.

518 2855 562 2888 ’⁸
592 2859 713 2918 Col.
755 2876 816 2925 tt,
846 2859 934 2915 20.
996 2858 1041 2889 "
1068 2858 1184 2914 Col.
1216 2875 1291 2925 ιιι,
1317 2860 1370 2926 3,
1408 2861 1461 2915 4.
1545 2857 1591 2891 ⁸⁷
1619 2857 1759 2914 Ibid.
1810 2854 1862 2913 5.

457 3051 1934 3086 ψ

1857 3066 1930 3081 ﬁ

1973 3050 2054 3063 α..

2114 1972 2371 2041 ruptiono
2411 1971 2466 2025 in
2503 1971 2999 2041 incorruptionem,
3032 1986 3099 2025 ex
3128 1978 3303 2027 morte
3331 1971 3384 2025 in
3408 1972 3599 2037 vitam,
3623 1985 3692 2027 ex

2114 2061 2431 2118 infirmitate
2461 2063 2517 2118 in
2555 2065 2876 2133 potentiam,
2901 2079 2968 2118 ex
3008 2062 3306 2134 ignominia
3343 2064 3398 2118 in
3436 2062 3687 2135 gloriam,

2112 2169 2178 2208 ex
2212 2162 2531 2209 mensurato
2569 2168 2634 2209 ac
2664 2152 2892 2208 deﬁnito
2926 2162 3171 2222 tempore
3201 2152 3258 2207 in
3299 2153 3689 2224 sempiternam

2112 2243 2302 2297 vitam.
2328 2243 2407 2298 Ita
2438 2243 2589 2298 enim
2623 2243 2788 2297 etiam
2833 2256 2958 2296 cum
2998 2241 3120 2312 ipso
3160 2239 3380 2296 Christo
3424 2252 3691 2312 perpetuo

2113 2334 2325 2389 erimus
2350 2352 2363 2388 :
2390 2350 2490 2404 per
2515 2349 2701 2405 quem,
2727 2343 2930 2390 etcum
2952 2348 3083 2403 quo,
3109 2333 3222 2388 Deo
3244 2348 3308 2388 ac
3345 2332 3492 2388 Patri
3519 2333 3687 2404 gloria

2112 2435 2170 2481 et
2188 2426 2483 2498 imperium
2510 2441 2635 2482 cum
2666 2432 2855 2482 sancto
2888 2424 3096 2496 Spiritu
3142 2425 3197 2481 in
3235 2426 3431 2482 saecula
3468 2425 3689 2482 saeculo--
3796 2426 3807 2437 ’

2115 2534 2258 2573 rum.
2296 2516 2490 2575 Amen.
3164 2534 3165 2537 ‘

1974 3046 2859 3081 “Wﬁu
2863 3056 3005 3082 τε,
3198 3050 3229 3084 ,ε
3304 3052 3395 3084 ,Η
3512 3052 3517 3086 ε
3612 3051 3661 3088 τε,

977 3211 1769 3334 ΓΛΑΦΥΡΩΝ
1844 3219 2087 3332 ΕΙΣ
2138 3199 2478 3357 ΤΗΝ
2542 3219 3185 3336 ΓΕΝΕΣΙΝ

1750 3442 2188 3531 ΒΙΒΛΙΟΝ
2257 3434 2375 3531 Ε’.

666 3679 1584 3774 GLAPHYRORUM
1645 3684 1768 3773 IN
1841 3688 2363 3838 ςΕΙκς-ΕΞΙΜ
2447 3690 2797 3813 LIBER
2865 3692 3462 3795 QUINTUS.

943 3927 1083 3997 Περὶ
1119 3929 1227 3984 τοῦ
1273 3928 1500 3984 Ἰακώϐ.

505 4066 577 4116 α’.
613 4056 951 4130 Πολυμερῶς
1014 4059 1108 4113 καὶ
1164 4059 1519 4131 πολυτρόπως
1564 4063 1597 4133 ἡ
1654 4061 2011 4131 Θεόπνευστος

443 4147 626 4223 Γραφὴ
649 4151 753 4221 τῆς
788 4150 878 4204 διὰ
898 4149 1136 4221 Χριστοῦ
1170 4152 1444 4222 σωτηρίας
1473 4160 1857 4224 προαναφωνεῖ
1882 4160 2010 4223 τοὺς

442 4244 668 4307 τύπους,
715 4243 778 4297 οὐ
836 4241 1064 4312 μετρίαν
1129 4241 1378 4297 ἐντεῦθεν
1442 4246 1555 4308 τοῖς
1607 4245 2009 4318 ἐντευξομένοις

440 4330 648 4385 τιθεῖσα
678 4331 781 4402 τὴν
831 4331 1038 4400 ὀνησιν.
1087 4329 1296 4400 Ὀνπερ
1339 4331 1449 4403 γὰρ
1490 4333 1692 4405 τρόπον
1732 4336 1781 4387 οἱ
1821 4337 1918 4409 τὴν
1951 4340 2007 4392 ὲν

439 4423 645 4489 πίναξιν
688 4423 1002 4492 ἐπιστήμην
1039 4421 1118 4484 είς
1154 4419 1300 4474 ἅπαν
1339 4421 1724 4495 ἐξησκημένοι,
1743 4431 1864 4493 ταῖς
1899 4429 2007 4483 τῶν

438 4514 737 4585 χρωμάτων
765 4512 1069 4565 πολυειδέσι
1098 4514 1332 4582 μορφαῖς
1377 4515 1875 4584 καταποικίλλουσι,
1910 4520 2008 4585 τὰς

441 4606 589 4666 σκιὰς
626 4608 707 4669 είς
750 4604 1172 4674 ἐμφανεστέραν
1205 4603 1431 4672 ἄγοντες
1461 4604 1602 4673 ὄψιν,
1640 4609 1734 4661 καὶ
1775 4609 1907 4662 πολὺ
1949 4612 2009 4664 τὸ

436 4694 652 4767 ἐπίχαρι
681 4695 1046 4765 καταχέοντες
1075 4696 1172 4764 τῆς
1202 4696 1425 4766 γραφῆς
1447 4713 1460 4726 ο
1494 4696 1634 4750 οὕτω
1657 4700 1750 4752 καὶ
1788 4701 1821 4770 ή
1852 4700 2005 4754 τοῦδε

439 4786 526 4840 τοῦ
554 4790 753 4851 παντὸς
784 4790 1020 4858 τεχνῖτις
1046 4788 1227 4856 σοφία,
1252 4787 1499 4840 τουτέστι
1533 4789 1685 4856 Θεὸς,
1712 4788 1801 4843 διὰ
1827 4792 2006 4845 ποικί-

440 4875 539 4931 λων
578 4879 720 4930 ὅσων
780 4877 1117 4947 αὐχημάτων
1178 4879 1573 4948 προαναφαίνει
1641 4879 1855 4943 λεπτῶς
1913 4881 2006 4936 τοῦ

440 4969 732 5043 μνστηρίου
754 4970 815 5022 τὸ
841 4969 1057 5033 κάλλος,
1095 4969 1180 5022 ἵνα
1208 4969 1481 5033 συνιέντες
1510 4969 1584 5034 ὡς
1609 4969 1667 5022 ὲν
1696 4968 2005 5042 αἰνίγμασι,

444 5057 526 5111 καὶ
572 5059 858 5129 μονονουχὶ
905 5062 1318 5131 προκατήχησιν
1365 5062 1460 5116 καὶ
1505 5061 1860 5133 προεισόολὴν
1922 5066 2004 5128 εἰς

438 5146 649 5201 σύνεσιν
680 5149 742 5202 τὸ
773 5152 1005 5221 πρᾶγμα
1045 5151 1391 5222 ποιούμενοι,
1424 5152 1562 5224 πρὸς
1603 5151 1702 5223 τὴν
1735 5153 1837 5223 τῆς
1877 5154 2006 5225 ἀλης

436 5233 578 5301 θείας
605 5237 938 5308 παραδοχὴν,
971 5239 1307 5310 ὲταιμότεροί
1334 5258 1450 5304 πως
1493 5236 1604 5293 εἷεν
1634 5242 1682 5295 ot
1715 5259 2007 5313 μυσταγω-

434 5326 709 5398 γούμενοι.
756 5328 1116 5400 Διατρίὸομεν
1150 5332 1334 5386 τοίνυν
1383 5332 1441 5385 ἐν
1485 5332 1621 5403 τῷδε
1662 5331 1741 5404 τῷ
1791 5333 2000 5405 κόσμῳ,

438 5417 627 5488 μικρὸν
652 5416 1001 5489 διαφέροντες
1021 5458 1036 5481 ,
1062 5419 1097 5489 ἦ
1125 5421 1265 5491 τάχα
1301 5438 1404 5475 που
1436 5423 1530 5476 καὶ
1561 5421 1866 5492 ἡττώμενοι
1896 5424 2004 5477 τῶν

433 5510 639 5577 ἀλόγων
672 5509 830 5574 ζώων
851 5550 867 5576 ,
896 5510 1056 5584 εἴπερ
1087 5511 1260 5585 ἀληθῆ
1306 5513 1406 5585 τὴν
1446 5512 1738 5583 ἐπίπληξιν
1769 5515 2004 5568 ἐποιεῖτο

498 5662 541 5700 ⁶⁴
572 5667 744 5724 Ilebr.
771 5684 810 5739 ι,
844 5670 867 5726 ι
903 5686 1059 5742 seqq.

2652 3936 2811 4008 140
2835 3936 2915 3990 De
2931 3934 3116 3991 Iacob.

2185 4054 2236 4107 l.
2268 4051 2431 4107 Varie
2469 4065 2533 4105 ac
2567 4050 2922 4106 multifariam
2949 4063 3105 4106 sacra
3155 4052 3440 4121 Scriptura
3491 4050 3684 4109 salutis

2110 4160 2211 4215 per
2241 4143 2524 4199 Christum
2555 4151 2711 4214 typos
2741 4142 3015 4214 praedicit,
3045 4157 3156 4197 non
3189 4142 3522 4201 mediocrem
3554 4144 3684 4201 inde

2108 4236 2230 4306 ejus
2254 4235 2518 4290 studiosis
2565 4236 2862 4290 utilitatem
2917 4233 3160 4289 afl‘erens
3197 4232 3268 4288 ".
3314 4233 3685 4303 Quemadmo-

2109 4327 2240 4383 dum
2267 4328 2413 4383 enim
2455 4327 2703 4398 pictoris:
2729 4327 2868 4381 artis
2921 4326 3167 4397 magistri
3218 4326 3398 4383 varias
3440 4328 3683 4385 colorum

2109 4415 2313 4487 ﬁguras
2335 4415 2548 4470 umbris
2568 4415 2910 4475 inducentes,
2936 4414 3001 4468 ad
3018 4414 3371 4489 amceniorem
3404 4426 3684 4484 aspectum

2107 4520 2203 4559 eas
2223 4505 2557 4575 perducunt,
2601 4507 2944 4574 multumque
2981 4506 3171 4576 gratia:
3227 4519 3291 4559 ac
3338 4504 3556 4561 decoris
3592 4510 3689 4575 pi-

2108 4604 2280 4652 cturae
2306 4598 2638 4664 conciliant;
2678 4597 2752 4650 ita
2774 4596 2939 4650 etiam
2976 4596 3145 4650 totius
3202 4595 3445 4650 universi
3501 4597 3689 4667 0pil'cx

2109 4689 2401 4761 sapientia,
2433 4690 2580 4744 Deus
2604 4687 2891 4751 nimirum,
2928 4687 3349 4757 quamplurimis
3375 4688 3515 4760 typis
3543 4705 3684 4760 .my-

2110 4781 2265 4836 sterii
2301 4779 2771 4850 pulchritudinem
2831 4777 3111 4833 subtiliter
3164 4787 3583 4847 praemonstrat,
3624 4786 3684 4832 ut

2110 4873 2480 4943 intelligentes
2505 4869 2678 4926 veluti
2719 4870 2776 4924 in
2807 4869 3016 4939 figuris,
3047 4876 3210 4937 atque
3245 4869 3313 4921 iis
3338 4867 3504 4921 veluti
3545 4882 3685 4936 prm—

2108 4962 2276 5015 ludiis
2310 4976 2406 5014 seu
2451 4958 3017 5029 praeexercitamentis
3065 4957 3132 5009 ad
3169 4956 3517 5025 prudentiam
3573 4957 3679 5022 usi,

2108 5052 2174 5105 ad
2207 5051 2498 5106 veritatem
2524 5049 2925 5119 suscipiendam
2952 5045 3253 5116 paratiores
3278 5044 3683 5113 quodammodo

2109 5156 2274 5195 sacrae
2300 5140 2604 5211 disciplina:
2626 5139 2903 5195 candidati
2928 5127 3474 5191 eﬂiciantttr.Versati
3498 5135 3684 5205 itaque

2110 5247 2301 5286 sumus
2335 5234 2390 5286 in
2421 5231 2527 5285 hoc
2558 5229 2767 5284 mundo
2799 5242 2991 5297 parum
3046 5240 3077 5279 a
3112 5225 3293 5280 brutis
3341 5220 3680 5287 differentes,

2112 5326 2221 5379 imo
2280 5323 2572 5378 inferiores
2634 5320 2748 5374 fere
2792 5318 2971 5372 brutis
3014 5316 3364 5378 animalibus,
3422 5315 3469 5369 si
3519 5315 3683 5369 modo

2109 5417 2255 5471 Deus
2280 5429 2409 5470 vere
2458 5410 2735 5468 lsraelitas
2775 5408 3103 5478 increpavit,
3158 5408 3233 5462 ita
3271 5407 3496 5463 dicens:
3535 5407 3681 5463 «Co-

2109 5506 2417 5583 gnovitbos
2448 5518 2822 5579 possessorem
2860 5516 3044 5566 suum,
3082 5507 3139 5555 et
3187 5500 3376 5557 asinus
3437 5515 3686 5572 praesepe
