4032 6198
372 295 479 354 ρετ

1400 290 1456 351 s.
1496 268 1771 351 ereum
1811 286 2276 347 ALEXANDBINI
2316 240 2632 347 Asculea.
2732 352 2739 355 τ

3514 294 3629 355 2‘28

374 386 587 469 domini
620 408 743 481 sui:
769 409 937 479 Israel
973 417 1157 477 autem
1180 425 1268 467 me
1304 424 1422 486 non
1469 409 1745 480 cognovit,
1775 417 1833 461 et
1852 421 1942 476 po-

2051 403 2183 469 Θεὸς
2230 404 2371 460 κατά
2416 404 2524 458 τῶν
2569 402 2628 470 ἐξ
2672 402 2915 474 Ἰσραὴλ.
2945 401 3086 456 οὕτω
3134 403 3330 471 λέγωνε
3369 423 3387 456 ι
3440 408 3630 476 Ἔγνω

377 503 542 572 pulus
567 515 725 571 meus
747 515 861 555 non
901 500 1171 567 intellexit
1206 499 1280 567 β’,
1308 518 1327 551 ›
1368 500 1427 554 Si
1456 514 1590 554 vero
1634 500 1809 568 legem
1849 497 1949 551 ha-

376 591 573 647 bentes
608 589 959 662 paedagogum
991 588 1307 660 Iudaeorum
1347 588 1559 660 populi,
1586 587 1725 643 adeo
1770 586 1951 658 gravis

375 681 704 754 ignorantiae
724 679 968 736 accusati
997 688 1148 746 sunt,
1178 695 1428 751 quamam
1468 695 1497 733 a
1525 678 1782 750 gentibus
1810 678 1952 733 ratio

378 768 649 841 exigenda
701 767 892 833 fuerit,
933 766 1279 840 densissimis
1336 767 1585 839 tenebris
1617 766 1828 839 erroris
1881 765 1951 820 de

378 859 610 933 deorum
646 859 964 931 pluralitate
1002 860 1315 917 immersis?
1336 862 1607 931 Deorsum
1625 862 1777 917 enim
1807 876 1951 932 quo-

380 949 673 1006 dammodo
704 964 922 1019 semper
942 958 1250 1021 vergentes,
1283 960 1341 1006 et
1384 950 1672 1023 desideriis
1698 950 1948 1016 involuti,

378 1043 618 1115 terrenis
664 1051 878 1115 tantum
924 1042 1349 1114 cogitationibus
1394 1043 1681 1113 vacabant,
1714 1056 1784 1113 ne
1827 1050 1949 1096 tan-

376 1135 559 1189 {illum
583 1133 1045 1204 quidemmentis
1089 1133 1311 1199 oculum
1371 1133 1439 1188 ad
1496 1132 1719 1202 pietatis
1758 1132 1950 1202 Splen-

374 1225 577 1279 dorem
612 1225 828 1295 erigere
853 1224 1117 1279 valentes.
1158 1223 1371 1293 Idcirco
1425 1223 1777 1295 deplorantes
1825 1236 1947 1288 nos,

373 1324 436 1371 et
465 1322 678 1387 tantum
705 1330 819 1389 non.
833 1313 1147 1385 jacentibus
1165 1314 1568 1385 illacrymantes
1590 1314 1783 1380 beatos
1817 1328 1950 1383 pro-

284 1418 291 1429 ‘
376 1404 578 1475 pbetas
609 1404 815 1476 passim
854 1404 1115 1473 reperias.
1150 1402 1349 1458 Beatus
1385 1402 1534 1457 enim
1574 1402 1774 1457 Isaias:
1817 1420 1835 1452 ι
1861 1400 1953 1455 Di-

378 1493 589 1567 latavit,
616 1514 636 1567 ρ
668 1476 864 1569 inquit,
888 1512 915 1565 ο(
942 1493 1438 1549 infernusanimam
1465 1507 1642 1556 suam,
1660 1500 1716 1547 et
1736 1491 1952 1562 aperuit

378 1601 441 1642 os
471 1603 655 1653 suum,
679 1602 749 1643 ne
776 1594 1032 1661 cessaret
1064 1584 1135 1638 ’°.
1159 1604 1177 1636 ι
1205 1585 1394 1656 Neque
1424 1584 1572 1639 enim
1602 1584 1951 1640 declinabant

2054 494 2180 566 βοῦς
2209 496 2301 549 τὸν
2335 494 2714 565 κτησάμενον,
2746 495 2842 547 καὶ
2866 493 2984 556 ὄνος
3017 493 3115 565 τὴν
3153 495 3367 565 φάτνην
3398 496 3485 550 τοῦ
3529 513 3633 551 κυ-

2055 588 2172 660 ρίου
2201 586 2387 642 αὐτοῦ·
2426 586 2644 658 Ἰσραὴλ
2669 586 2726 639 δέ
2758 603 2828 658 με
2866 587 2967 640 οὐκ
2993 586 3154 655 ἔγνω,
3180 589 3277 641 καὶ
3311 593 3339 642 ὁ
3360 588 3490 654 λαός
3518 606 3628 661 μου

2051 676 2114 730 οὐ
2150 679 2407 746 συνῆκεν.
2441 694 2460 728 ι
2502 675 2566 728 El
2593 674 2651 728 δὲ
2677 674 2840 746 νόμον
2867 674 3084 746 ἔχοντες
3120 673 3212 729 τὸν
3253 677 3628 747 παιδαγωγὸν,

2052 767 2144 820 ἐπὶ
2165 768 2284 830 ταῖς
2309 766 2451 819 οὕτω
2477 765 2682 830 δειναῖς
2709 764 2975 835 ἀμαθίαις
3000 767 3051 819 al
3079 766 3207 831 raw,
3227 766 3501 821 Ἰουδαίων
3528 769 3628 839 δῆ-

2055 876 2147 930 μοι
2189 858 2655 927 καταγινώσκοντο
2674 897 2689 921 ,
2719 856 2803 922 τίς
2831 855 2898 910 ἂν
2933 856 3147 925 γένοιτο
3187 856 3374 910 λοιπὸν
3402 856 3564 925 λόγος
3602 860 3633 909 ὁ

2054 946 2384 1018 ζητούμενος
2428 948 2557 1018 περὶ
2582 947 2688 1000 τῶν
2718 945 2912 1010 ιθνῶν,
2958 939 3039 1009 οἷς
3069 945 3169 1015 τῆς
3200 946 3466 1000 πολυθέου
3491 946 3632 1000 πλα-

2052 1056 2150 1111 νης
2200 1041 2230 1093 ὁ
2273 1039 2442 1109 βαθὺς
2502 1036 2771 1107 ἐνέσκηψε
2805 1035 3024 1103 σκότος;
3075 1034 3241 1088 nam
3286 1035 3396 1103 γὰρ
3432 1034 3634 1104 ὥσπερ

2050 1127 2454 1191 διανενευκότες
2490 1127 2612 1191 ἀεὶ,
2642 1128 2734 1180 καὶ
2779 1125 2902 1189 ταῖς
2929 1124 3031 1193 τῆς
3076 1122 3276 1192 σαρκὸς
3307 1121 3635 1192 ἐπιθυμίαις

2051 1216 2489 1289 ὲνειλημ[μ]ένοι
2507 1256 2522 1278 ,
2561 1217 2697 1288 μόνα
2724 1217 2939 1286 φρονεῖν
2960 1213 3290 1277 ἐσπούδαζον
3320 1213 3389 1266 τὰ
3410 1213 3502 1266 ἐπὶ
3530 1213 3634 1282 τῆς

2050 1309 2177 1380 γῆς,
2200 1308 2307 1363 οὐδ’
2335 1309 2457 1362 ὅσον
2484 1310 2660 1361 εἰπεῖν
2688 1307 2778 1360 τὸν
2802 1306 2900 1375 τῆς
2923 1305 3161 1368 διανοίας
3190 1302 3470 1373 ὀφθαλμὸν
3498 1304 3637 1356 ἀνα-

2050 1402 2246 1454 τείνειν
2279 1399 2551 1471 ἰσχύοντες
2604 1400 2686 1462 εἰς
2732 1398 2802 1452 τὰ
2845 1398 2945 1469 τῆς
2982 1396 3259 1466 φιλοθειας
3302 1396 3631 1467 αὐχήματα.

2063 1490 2342 1544 Ἐντεῦθεν
2376 1491 2507 1560 ἡμῖν
2533 1487 2935 1560 ὲποιμώζοντες
2969 1490 3065 1541 καὶ
3104 1486 3387 1557 μονονουχὶ
3429 1487 3635 1555 κειμέο

2050 1601 2160 1648 νοις
2207 1581 2628 1653 ὲπιδακρύοντες
2657 1582 2706 1634 oi
2749 1580 3012 1652 μακάριοι
3046 1578 3356 1649 προφῆται,
3396 1576 3633 1648 μυρίους

372 1692 411 1731 a
436 1679 615 1745 malo;
643 1678 977 1751 intolerabili
1032 1691 1165 1732 vero
1215 1675 1622 1747 quodammodo
1654 1674 1942 1747 tyrannide

2048 1677 2206 1739 ὅσους
2256 1671 2913 1744 δεδαπανήκασιλόγους.
2953 1671 3011 1723 Ὀ
3058 1670 3305 1740 μὲνγὰρ
3350 1670 3633 1739 μακάριος

379 1768 537 1851 14],
566 1748 789 1824 δαισιιώ
822 1749 1022 1845 ἰοριιοδ
1065 1767 1376 1839 grassantis
1420 1766 1694 1838 Oppressi,
1724 1765 1942 1821 descen-

2064 1766 2313 1829 Ἠσαῒας,
2335 1785 2355 1818 ι
2377 1765 2724 1830 Ἐπ>.ἀτυνε,ι
2755 1763 2977 1833 φησὶνμ,
2998 1762 3027 1814 ὁ
3047 1760 3179 1833 ᾷδης
3205 1760 3303 1831 τὴν
3331 1760 3512 1830 ψυχὴν
3526 1759 3630 1812 αῦ-

374 1856 582 1933 derunt
603 1857 827 1927 quidem
860 1856 915 1910 in
945 1856 1221 1912 infernum
1248 1855 1459 1920 miseri,
1500 1864 1794 1926 postquam
1821 1851 1949 1907 inde

378 1930 599 2011 liberati
630 1954 835 2011 essent,
887 1944 1223 2017 deglutieute
1274 1956 1473 2011 morte,
1516 1960 1582 1999 ac
1622 1944 1951 2014 depascente

376 2020 783 2119 quodammodo
820 2021 933 2093 nos
965 2038 1176 2108 peccati
1225 2037 1534 2092 inventore.
1589 2036 1777 2106 Neque
1819 2050 1952 2089 vero

375 2126 588 2195 absque
618 2126 896 2197 lacrymis,
919 2137 983 2181 ut
1006 2125 1174 2181 modo
1202 2125 1339 2191 dixi,
1382 2125 1762 2196 hujuscemodi
1802 2124 1949 2182 cala-

380 2216 592 2272 mitatis
612 2216 865 2272 meminit
893 2217 1059 2273 etiam
1087 2216 1311 2272 divinus
1347 2217 1541 2272 David.
1581 2215 1660 2273 Ita
1703 2216 1853 2271 enim
1881 2216 1950 2272 de

379 2307 539 2362 nobis
572 2306 669 2371 ait,
704 2306 907 2361 alicubi
933 2306 1192 2377 quidem:
1231 2326 1248 2358 ι
1285 2304 1441 2361 Sicut
1468 2320 1600 2361 oves
1632 2304 1689 2360 in
1722 2304 1946 2360 inferno

377 2398 543 2469 positi
574 2407 724 2464 sunt,
766 2413 917 2455 mors
964 2397 1220 2468 depascet
1265 2412 1363 2453 eos
1396 2398 1482 2464 ";
1523 2416 1542 2449 ι
1577 2397 1779 2454 alicubi
1817 2413 1950 2452 vero

378 2505 634 2545 rursum:
679 2490 825 2557 «Qui
857 2490 1037 2561 pascis
1063 2489 1253 2555 Israel,
1312 2490 1558 2556 intende,
1604 2490 1697 2561 qui
1723 2491 1952 2547 deducis

376 2579 528 2634 velut
544 2594 702 2635 ovem
723 2579 946 2650 Ioseph.
974 2578 1079 2647 Qui
1105 2580 1264 2637 sedes
1283 2596 1451 2651 super
1468 2568 1789 2648 Cherubim,
1828 2598 1948 2639 ma-

377 2670 666 2726 nifestare.
705 2670 898 2725 Excita
929 2672 1230 2741 potentiam
1272 2681 1446 2739 tuam,
1483 2681 1540 2729 et
1568 2673 1715 2739 veni,
1747 2683 1810 2730 ut
1839 2673 1948 2729 sal-

377 2775 476 2816 vos
498 2760 666 2815 facias
687 2774 788 2816 nos
814 2760 880 2814 “.
907 2779 926 2812 ι
958 2760 1171 2815 Idcirco
1202 2761 1369 2816 etiam
1400 2776 1511 2816 non
1544 2760 1598 2816 in
1619 2748 1949 2834 perpetuum

374 2849 481 2906 sub
527 2858 703 2906 morte
765 2849 1085 2906 mansimus.
1135 2850 1283 2908 Misit
1314 2852 1464 2908 enim
1510 2852 1674 2909 nobis
1696 2868 1767 2910 ex
1809 2856 1950 2911 caelo

374 2940 521 2996 Deus
551 2954 617 2994 ac
648 2940 811 2997 Pater
842 2949 1116 3012 pastorem
1136 2940 1343 2997 bonum
1365 2942 1658 3001 Dominum
1695 2951 1948 2999 nostrum

372 3031 566 3089 Iesum
599 3029 902 3096 Christum.
928 3047 1040 3088 non
1064 3032 1122 3088 in
1160 3032 1440 3089 infernum
1484 3040 1803 3103 pascentem
1851 3048 1949 3089 eos

372 3120 474 3192 qui
501 3120 604 3176 sub
628 3121 748 3191 ipso
773 3129 924 3186 sunt,
950 3121 1049 3176 sed
1070 3121 1141 3176 ad
1163 3121 1634 3191 incorruptionem
1671 3137 1738 3177 ac
1776 3123 1944 3179 vitam

370 3210 760 3267 deducentem.
788 3209 969 3265 Pascit
993 3209 1144 3264 enim
1175 3228 1196 3261 ι
1218 3209 1363 3287 inter
1390 3210 1526 3279 lilia,
1552 3211 1698 3268 etin
1726 3214 1949 3282 pascuis

374 3300 558 3366 bonis,
587 3309 646 3356 et
674 3298 732 3354 in
761 3300 885 3354 loco
917 3299 1129 3371 pingui,
1156 3318 1176 3352 ι
1215 3300 1362 3356 sicut
1421 3302 1689 3372 scriptum
1747 3311 1832 3358 est
1859 3303 1941 3358 ἐξ

371 3389 605 3446 herbam
628 3389 791 3445 nobis
821 3390 1033 3460 praebet
1069 3390 1434 3461 spiritualem,
1476 3394 1840 3466 supernisque
1877 3411 1944 3453 ac

370 3480 691 3537 coelestibus
711 3480 933 3536 ﬂuentis
960 3480 1218 3552 irrigans,
1267 3491 1326 3539 et
1370 3482 1639 3540 fecundos
1677 3485 1940 3554 eiliciens,

370 3574 431 3626 in
471 3571 794 3625 immensam
844 3580 1110 3642 praeterea
1155 3574 1486 3643 populorum
1530 3577 1942 3634 multitudinem

367 3661 581 3717 dilatat.
610 3660 783 3717 Porro
806 3661 991 3718 videat
1033 3663 1260 3734 quisid
1297 3664 1447 3737 quod
1488 3666 1624 3733 dixi,
1667 3669 1841 3725 veluti
1883 3670 1941 3724 in

368 3751 582 3809 umbris
608 3752 1005 3825 signiﬁcaan
1052 3753 1304 3811 divinum
1352 3755 1541 3822 Iacob,
1587 3772 1817 3828 quaeque
1869 3758 1940 3815 de

366 3858 437 3897 eo
466 3844 672 3913 scripta
694 3853 841 3909 sunt,
871 3850 931 3899 et
955 3844 1105 3915 quod
1141 3846 1199 3901 in
1250 3844 1478 3901 historia
1511 3845 1803 3903 obscurius
1850 3848 1935 3905 vi-

364 3935 612 4001 debitur,
633 3935 815 4005 quoad
846 3935 970 4006 ejus
992 3935 1112 3992 ﬁeri
1136 3937 1362 4008 poterit,
1397 3938 1816 4008 explicabimus.
1856 3939 1937 3997 Ita

365 4024 539 4097 igitur
574 4025 840 4094 scriptum
861 4033 978 4078 est:
1008 4043 1026 4075 ι
1054 4025 1279 4081 Factum
1302 4034 1387 4081 est
1406 4035 1591 4080 autem
1617 4033 1678 4081 ut
1719 4029 1939 4099 peperit

366 4116 571 4197 Rachel
601 4114 824 4183 Ioseph,
860 4114 999 4168 dixit
1021 4114 1190 4169 Iacob
1215 4116 1285 4169 ad
1319 4116 1538 4169 Laban:
1566 4117 1790 4173 Dimitte
1823 4135 1959 4188 me,

368 4213 432 4257 ut
457 4208 702 4256 revertar
731 4201 785 4255 in
838 4199 1020 4255 locum
1071 4215 1256 4257 meum
1301 4211 1357 4257 et
1398 4203 1691 4257 interram
1733 4220 1931 4260 meam.

369 4290 557 4349 Redde
594 4290 729 4345 mihi
768 4305 965 4347 uxores
996 4282 1147 4349 meas
1184 4300 1240 4347 et
1276 4292 1416 4351 ﬁlios
1461 4308 1634 4358 meos,
1672 4308 1774 4363 pro
1804 4295 1932 4363 qui-

2051 1856 2145 1910 τοῦ
2167 1897 2183 1922 ,
2214 1857 2311 1912 καὶ
2341 1855 2573 1929 διήνοιξε
2612 1855 2674 1908 τὸ
2711 1855 2884 1925 στόμα
2927 1853 3119 1917 αὑτοῦ,
3140 1852 3247 1924 μὴ.
3269 1852 3569 1906 διαλιπεῖν.
3606 1870 3627 1906 ι

2052 1948 2125 2001 υῦ
2153 1946 2264 2018 γὰρ
2293 1942 2363 2019 ἦν
2385 1947 2679 2013 ἀπόνευσις
2706 1945 2801 2000 τοῦ
2833 1944 3029 2000 κακοῦο
3058 1945 3314 2015 ἀφορήτῳ
3337 1943 3394 1997 δὲ
3430 1942 3632 2013 ὥσπερ
3704 2011 3719 2033 Ι

2052 2038 2335 2111 πλεονεξίᾳ
2370 2037 2799 2108 κατηχθισμένοι
2824 2039 2890 2108 τῇ
2925 2035 3020 2090 τοῦ
3066 2037 3188 2091 καθ’
3223 2034 3380 2106 ἡμῶν
3421 2049 3629 2105 τυραν-

2051 2127 2312 2193 νήσαντος
2361 2124 2614 2190 Σατανᾶ,
2651 2124 2971 2179 κατέϐαινον
3018 2124 3116 2194 μὲν
3163 2126 3240 2187 είς
3282 2123 3447 2195 ᾅδου,
3479 2124 3633 2177 κα.τά

2051 2213 2149 2283 τὴν
2177 2213 2427 2268 ἐντεῦθεν
2456 2214 2777 2286 ἀπαλλαγὴν
2808 2215 2858 2268 οί
2897 2213 3154 2278 δείλαιοι,
3182 2213 3376 2283 χανδὸν
3403 2213 3497 2267 τοῦ
3526 2212 3632 2266 θα-

2051 2304 2216 2359 νάτου
2263 2305 2693 2372 καταπίνοντος,
2729 2305 2823 2360 καὶ
2870 2305 3395 2375 καταποιμαίνοντος
3433 2304 3633 2376 ὥσπερ

2052 2396 2199 2465 ἡμᾶς
2226 2398 2305 2460 είς
2332 2397 2493 2450 τοῦτο
2519 2397 2619 2468 τῆς
2644 2398 2917 2469 ἁμαρτίας
2947 2398 3192 2468 εὑρετοῦ.
3219 2399 3330 2451 Kal.
3363 2398 3493 2467 γοῦν
3524 2400 3630 2454 οὐκ

2050 2483 2353 2556 ἀδακρυτὶ,
2389 2485 2641 2557 καθάπερ
2667 2486 2803 2558 ἔφην
2832 2486 3066 2558 ἀρτίως,
3089 2487 3189 2557 τῆς
3224 2487 3440 2541 τοιᾶσδε
3476 2504 3627 2557 συμ·

2052 2574 2222 2644 φορᾶς
2248 2573 2578 2646 διεμέμνητο
2597 2575 2691 2628 καὶ
2715 2575 2879 2640 αὐτὸς
2901 2577 2929 2628 ὁ
2950 2574 3238 2639 θεσπέσιος
3260 2576 3447 2631 Δαϐίδ.
3474 2577 3630 2648 Ἔφη

2049 2666 2105 2719 δὲ
2152 2664 2297 2719 οὕτω
2326 2666 2454 2739 περὶ
2493 2667 2685 2739 ἡμῶν,
2728 2668 2859 2722 ποτὲ
2904 2668 3040 2739 μέν·
3088 2686 3108 2719 ι
3159 2668 3247 2733 Ὧς
3279 2668 3535 2739 πρὸὁατα
3570 2670 3629 2722 ὲν

2051 2756 2153 2831 ᾅδῃ
2180 2757 2382 2821 ἔθεντο,
2416 2759 2645 2823 θάνατος
2672 2761 2927 2830 ποιμανεῖ
2950 2760 3146 2822 αὐτούς
3183 2778 3194 2791 ·
3233 2776 3253 2812 ι
3290 2759 3379 2814 ὁτὲ
3431 2760 3489 2814 δὲ
3515 2761 3630 2815 πά,-

2049 2849 2153 2902 λιν’
2184 2868 2205 2901 ι
2226 2850 2285 2903 ’0
2315 2850 2619 2920 ποιμαίνων
2645 2850 2737 2903 τὸν
2776 2849 2995 2921 Ἰσραὴλ
3025 2853 3321 2923 πρόσσχες,
3349 2855 3378 2906 ὀ
3407 2852 3628 2924 ὁδηγῶν

2048 2938 2181 2992 ὡσεὶ
2208 2938 2479 3010 πρόϐατον
2509 2939 2601 2993 τὸν
2645 2938 2862 3011 Ἰωσήφ·
2900 2943 2929 2995 ὀ
2954 2940 3264 3014 καθήμενος
3296 2942 3388 2995 ἐπὶ
3410 2942 3482 2996 τὰ
3516 2943 3628 2997 Xs-

1974 3066 2016 3124 ϐ
2053 3028 2272 3124 ρουσὶμ,
2308 3029 2608 3124 ἐμφάνηθιο
2639 3031 3044 3124 εξέγειρονέτὴν
3058 3032 3508 3124 δυναστείανσου,
3527 3034 3628 3088 καὶ

2048 3118 2169 3173 ne:
2212 3121 2292 3183 είς
2328 3119 2391 3174 τὸ
2423 3119 2595 3175 σῶσαι
2648 3122 2817 3193 ἡμᾶς.
2853 3140 2872 3174 ι
2917 3121 3185 3197 Ταύτῃτοι
3222 3123 3315 3177 καὶ
3339 3123 3401 3176 οὐ
3455 3124 3626 3195 μέχρι

2046 3209 2248 3273 παντὸς
2281 3210 2391 3269 ὑπὸ
2423 3208 2501 3283 τῷ
2526 3211 2743 3285 θανάτῳ
2774 3215 3185 3285 μεμενήκαμεν.
3219 3211 3483 3283 Πέπομφε
3510 3214 3629 3288 γὰρ

2046 3302 2179 3373 ἡμῖν
2210 3301 2271 3366 ἐξ
2293 3301 2524 3373 οὐρανοῦ
2550 3304 2579 3357 ό
2602 3303 2736 3367 Θεὸς
2766 3306 2858 3358 καὶ
2877 3290 3071 3378 ﬂat-iw
3094 3307 3330 3378 ποιμένα
3362 3306 3454 3361 τὸν
3487 3308 3627 3376 ἀγα·

2046 3392 2136 3451 θὸν
2160 3392 2363 3465 Κύριον
2400 3388 2558 3465 ἡμῶν
2595 3396 2801 3466 Ἰησοῦν
2823 3394 3081 3468 Χριστόν·
3102 3398 3204 3452 οὑκ
3234 3399 3315 3462 είς
3343 3397 3471 3469 ᾇδου
3504 3415 3630 3454 ποι-

2047 3485 2308 3555 μαίνοντα
2327 3485 2458 3549 τοὺς
2485 3486 2577 3539 ὑπ’
2605 3484 2768 3541 αὐτὸν
2791 3486 3135 3559 γενομένους,
3161 3486 3278 3542 ἀλλ’
3304 3491 3385 3553 είς
3406 3488 3627 3562 ἀφθαρ-

2045 3575 2167 3630 σίαν
2218 3574 2316 3629 καὶ
2359 3574 2504 3647 ζωὴν
2549 3576 2914 3648 ἀποφέροντα.
2966 3577 3277 3648 Κατανέμει
3326 3578 3431 3650 γὰρ
3480 3595 3502 3631 ι
3557 3580 3621 3634 ιν

2042 3667 2273 3739 κρίνοις,
2312 3666 2408 3720 καὶ
2445 3668 2504 3720 ὲν
2532 3669 2670 3738 νομῇ
2690 3666 2882 3738 ἀγαθῇ
2905 3706 2922 3734 ,
2967 3667 3062 3720 καὶ
3104 3668 3163 3721 ὲν
3204 3667 3355 3739 τόπῳ
3383 3668 3550 3735 πίονι,
3594 3685 3613 3721 ο

2041 3758 2184 3814 κατά
2227 3757 2289 3812 τὸ
2340 3759 2747 3830 γεγραμμένονο
2796 3759 2937 3812 πόαν
2974 3760 3105 3829 ἡμῖν
3148 3760 3477 3831 παρατιθεὶς
3513 3762 3620 3833 τὴν

2040 3850 2437 3922 πνευματικὴν,
2466 3851 2560 3904 καὶ
2587 3853 2700 3913 τοῖς
2739 3843 2948 3905 ἄνωθεν
2974 3850 3150 3917 καὶ¹ὲξ
3181 3850 3413 3923 οὐρανοῦ
3440 3869 3619 3907 καταο

2040 3943 2330 4015 μεθύσκων
2374 3942 2580 4013 νάμασι
2605 3982 2620 4007 ,
2654 3941 2750 3995 καὶ
2793 3942 3108 4012 ὲγκάρπους
3153 3941 3465 4009 ἀποτελῶν,
3514 3946 3618 3999 καὶ

2038 4035 2176 4106 πρός
2211 4051 2274 4103 γε
2302 4034 2367 4103 δὴ
2412 4032 2643 4100 τούτοις,
2671 4033 2752 4097 είς
2798 4031 3010 4105 πληθὺν
3054 4032 3368 4105 ἀμέτρητον
3411 4051 3615 4089 κατευ-

2040 4128 2187 4200 ρύνει
2216 4127 2381 4182 λαῶν.
2415 4126 2523 4182 Καί
2557 4143 2647 4196 μοι
2675 4125 2838 4180 πάλιν
2869 4124 2946 4189 ὡς
2987 4127 3046 4179 ὲν
3077 4128 3257 4190 σκιαῖς
3284 4128 3491 4180 κατίδοι
3518 4144 3609 4192 τις

2037 4220 2103 4272 ἂν
2124 4258 2138 4282 ,
2168 4220 2307 4288 ὅπερ
2347 4216 2504 4287 ἔφην,
2538 4216 2633 4270 τὸν
2675 4215 2964 4277 θεσπέσιον
3010 4213 3204 4269 Ἰακὼϐ
3225 4258 3241 4281 ,
3279 4216 3374 4270 καὶ
3405 4216 3474 4270 τὰ
3519 4218 3612 4271 ἐπ’

2034 4308 2184 4379 αὐτῷ
2214 4309 2575 4379 γεγραμμένα
2620 4307 3011 4379 παρατιθέντος
3049 4307 3141 4362 τοῦ
3182 4306 3363 4377 λόγου,
3392 4308 3485 4362 καὶ
3507 4312 3611 4381 τῆς

366 4382 473 4438 bus
504 4381 703 4444 servivi
730 4380 850 4446 tibi,
878 4391 941 4438 ut
969 4382 1181 4437 abeam.
1218 4382 1301 4439 Tu
1328 4382 1477 4438 enim
1547 4383 1654 4439 scis
1694 4385 1934 4440 servitu-

2042 4400 2283 4473 ἱστορίας
2310 4399 2370 4452 τὸ
2397 4398 2586 4452 δοκοῦν
2608 4392 2750 4451 εἷναί
2779 4416 2894 4463 πως
2936 4400 3256 4470 ἀσυμφανὲς
3288 4398 3365 4463 ὡς
3407 4402 3485 4455 ενι
3508 4380 3612 4455 κά.

367 4484 479 4530 tem
506 4488 670 4543 quam
701 4473 901 4528 servivi
929 4473 1051 4538 tibi,
1078 4484 1134 4530 et
1163 4481 1372 4544 quanta
1416 4481 1574 4543 erant
1615 4490 1813 4544 pecora
1840 4484 1935 4531 tua

366 4577 604 4619 mecum.
626 4563 802 4616 Parva
849 4562 995 4615 enim
1042 4574 1202 4641 erant
1255 4578 1598 4632 quaecunque
1644 4564 1743 4618 tibi
1774 4572 1932 4619 erant

362 4669 552 4711 coram
593 4668 702 4715 me,
730 4660 785 4708 et
807 4662 965 4707 aucta
1001 4663 1130 4708 sunt
1175 4654 1231 4711 in
1278 4655 1725 4710 multitudinem:
1754 4663 1811 4710 et
1838 4656 1934 4712 be-

362 4730 577 4817 nedixit
599 4739 931 4796 teDominus
956 4739 1010 4794 in
1046 4738 1186 4808 pede
1222 4755 1362 4794 meo.
1398 4740 1556 4795 Nunc
1583 4757 1715 4813 ergo
1754 4758 1931 4812 quan-

362 4824 435 4888 do
485 4826 682 4895 faciam
707 4837 764 4897 et
782 4842 881 4898 ego
920 4827 1057 4881 mihi
1099 4826 1202 4898 ipsi
1223 4826 1486 4898 domum?
1530 4829 1598 4882 Et
1649 4828 1789 4898 dixit
1826 4829 1931 4883 La-

365 4921 470 4977 ban
501 4922 609 4975 illi:
645 4917 787 4987 Quid
809 4916 950 4972 dabo
987 4916 1132 4974 tibi?
1155 4917 1246 4972 Ait
1268 4926 1450 4971 autem
1478 4918 1555 4972 illi
1584 4918 1785 4974 Iacob:
1808 4918 1928 4974 Non

359 5010 519 5068 dabis
541 5011 677 5067 mihi
704 5009 1024 5093 quidquam.
1050 5007 1106 5063 Si
1127 5007 1324 5083 feceris
1361 5009 1495 5063 mihi
1536 5009 1765 5065 verbum
1799 5011 1924 5079 hoc,

365 5102 564 5159 iterum
603 5116 823 5173 pascam
863 5114 994 5154 oves
1021 5107 1162 5163 tuas,
1191 5097 1928 5163 etcustodiam..Transeant

360 5208 552 5247 omnes
569 5205 699 5245 oves
725 5200 833 5245 tua:
858 5189 1042 5256 hodie,
1073 5198 1129 5263 et
1152 5204 1341 5259 separa
1365 5187 1491 5263 inde
1516 5203 1750 5259 omnem
1770 5206 1928 5245 ovem

361 5266 530 5336 variis
556 5268 1153 5347 maculis'distinctam,
1174 5289 1234 5343 et
1273 5296 1492 5355 omnem
1518 5296 1690 5355 ovem
1719 5280 1927 5351 fuscam

360 5374 416 5427 in
439 5362 615 5442 agnis,
643 5383 697 5427 et
717 5387 880 5427 omne
932 5358 1221 5427 subalbum
1256 5381 1313 5447 et
1365 5358 1615 5443 sparsum
1658 5372 1930 5443 inlcapris

355 5461 464 5516 erit
487 5461 622 5516 mihi
660 5450 893 5527 merces,
938 5469 995 5515 et
1027 5462 1283 5517 exaudiet
1332 5479 1417 5519 me
1455 5466 1668 5535 iustitia
1706 5482 1825 5521 mea
1871 5466 1924 5519 in

427 5660 471 5692 "
504 5658 605 5715 Isa.
651 5674 689 5726 ι,
732 5659 783 5713 3.
878 5660 924 5692 ’°
953 5660 1055 5714 Isa.
1100 5678 1150 5727 v,
1181 5662 1268 5715 25.
1344 5665 1384 5695 "
1420 5664 1562 5718 Psal.
1599 5679 1782 5729 xum,
1820 5663 1901 5716 I55.

2037 4488 2498 4550 ταλευκαίνοντος.
2528 4487 2845 4559 Γέγραπται
2860 4487 3039 4542 τοίνυν
3068 4488 3182 4541 ὡδί·
3209 4507 3227 4540 ι
3254 4489 3497 4557 Ἐγένετο
3526 4489 3608 4554 δὲ,

2036 4580 2111 4644 ὡς
2145 4579 2301 4632 ἔτεκε
2341 4577 2541 4646 Ῥαχὴλ
2579 4577 2669 4629 τὸν
2716 4577 2945 4649 Ἰωσὴφ,
2970 4576 3123 4632 εἶπεν
3165 4578 3356 4632 Ἰακὼῦ
3383 4578 3462 4650 τῷ
3493 4579 3609 4633 Λά-

2037 4671 2157 4725 σαν·
2196 4668 2544 4726 Ἀπόστειλον
2577 4686 2643 4739 με
2683 4669 2769 4722 ἵνα
2793 4669 3012 4723 ἀπέλθω
3046 4672 3126 4734 είς
3152 4671 3242 4725 τὸν
3268 4672 3439 4729 τόπον
3477 4688 3606 4740 μου,

2036 4764 2130 4815 καὶ
2158 4762 2238 4824 εἰς
2262 4759 2361 4832 τὴν
2394 4760 2495 4830 γῆν
2527 4777 2649 4830 μουσ
2683 4760 2881 4824 ἀπόδος
2923 4777 3012 4831 μοι
3048 4762 3148 4824 τὰς
3176 4761 3439 4829 γυναῖκάς
3478 4777 3602 4832 μου,

2035 4855 2130 4908 καὶ
2178 4851 2247 4905 τὰ
2294 4850 2480 4904 παιδία
2532 4868 2631 4922 μου
2656 4890 2670 4915 ,
2713 4851 2841 4920 περὶ
2885 4844 2962 4905 ὧν
2997 4850 3321 4906 δεδούλευκά
3355 4853 3606 4917 σοι,’ῖνα

2034 4943 2273 4998 ἀπέλθω.
2321 4943 2395 5017 Σῦ
2432 4941 2541 5012 γὰρ
2573 4938 2866 5025 γινώσκεις
2892 4942 2989 5013 τὴν
3026 4943 3292 5009 δουλείαν,
3318 4944 3387 5015 ἢν
3417 4944 3605 4998 δεδού-

2033 5033 2202 5087 λευκά
2232 5049 2333 5085 σοι·
2367 5032 2462 5087 καὶ
2502 5032 2601 5084 ὅσα
2628 5026 2696 5101 ἦν
2733 5033 2901 5102 κτήνη
2934 5049 3027 5086 σου
3066 5034 3181 5103 μετ’
3214 5034 3371 5104 ἐμοῦ.
3412 5035 3602 5106 Μικρά

2033 5122 2140 5192 γὰρ
2177 5116 2245 5192 ἦν
2286 5121 2387 5184 ὅσα
2421 5136 2504 5173 σοι
2544 5114 2612 5190 ἦν
2644 5119 2898 5173 ,ἐναντίον
2941 5138 3043 5190 μου
3069 5165 3084 5186 ,
3125 5124 3219 5175 καὶ
3262 5122 3473 5194 ηὐξήθη
3523 5127 3604 5188 εις

2032 5212 2256 5283 πλῆθος.
2304 5209 2416 5264 Καὶ
2452 5208 2725 5281 ηὐλόγησέ
2753 5227 2814 5262 σε
2855 5210 3056 5281 Κύριος
3084 5213 3176 5265 ἐπὶ
3206 5212 3287 5283 τῷ
3318 5215 3438 5267 ποδί
3468 5232 3597 5286 μου,

2031 5303 2144 5356 Νῦν
2180 5298 2282 5365 οῦν,
2304 5301 2433 5363 πότε
2484 5304 2698 5370 ποιήσω
2740 5300 2895 5369 κάγὼ
2925 5302 3150 5373 ἐμαυτῷ
3184 5299 3357 5367 οἷκον;
3384 5306 3493 5359 Καὶ
3523 5300 3603 5358 εἷο

2032 5393 2304 5470 πενοαῦτῷ
2338 5392 2544 5457 Λάϐαν·
2575 5392 2640 5445 Τί
2665 5409 2746 5445 σοι
2778 5391 2964 5454 6ὠσω;
2994 5396 3102 5446 Καὶ
3135 5393 3287 5453 εἶπεν
3310 5396 3462 5467 αὐτῷ
3499 5396 3601 5450 Ἰα-

2030 5484 2176 5538 κώϐ·
2220 5487 2293 5540 Οὐ
2344 5484 2534 5547 δώσεις
2586 5500 2676 5554 μοι
2725 5483 2898 5537 οὐδέν.
2955 5486 3081 5539 Ἐὰν
3129 5487 3363 5559 ποιήσῃς
3406 5504 3499 5556 μοι
3541 5488 3599 5540 τὸ

2000 5665 2045 5696 "
2069 5666 2209 5719 Psal.
2235 5682 2412 5730 LXXIX,
2441 5665 2495 5727 ‘2,
2524 5666 2576 5719 5.
2705 5666 2750 5698 ’³
2771 5665 2927 5721 Canl.
2961 5682 3019 5735 ll,
3056 5669 3154 5735 l6;
3187 5671 3327 5727 Paul.
3380 5687 3508 5738 xm,
3536 5672 3591 5726 2.
