4032 6198
375 293 481 350 ast
1394 267 1453 329 ‘s.
1495 266 1773 331 CYRILLI
1810 260 1987 334 ALEit

2088 258 2286 327 LDRlNl
2322 251 2648 325 meum.
3366 268 3367 271 ‘
3531 251 3643 317 ’σε

373 390 538 457 Patre
563 413 665 472 per
698 393 1108 455 multitudinem
1141 392 1296 463 panis
1332 406 1395 446 ac
1422 391 1536 446 vini
1573 410 1586 446 :
1614 391 1715 462 ipsi
1748 392 1951 447 servie-
1981 441 1987 458 ι

2088 389 2265 461 [ατρὸς
2288 388 2376 441 διὰ
2405 385 2642 457 πλήθους
2674 384 2821 437 σίτου
2854 382 2948 438 καὶ
2977 383 3140 435 οῐνου.
3177 378 3339 452 Αὐτῷ
3364 381 3646 436 δεδουλεύ-

374 501 509 549 runt
528 471 741 561 gentes,
762 496 820 544 ct
840 489 1209 543 adoraverunt
1240 484 1516 555 principes
1534 523 1550 549 ,
1588 492 1645 539 et
1677 503 1694 536 ι
1724 482 1955 539 maledi-

2088 498 2219 535 εασιν
2244 479 2396 550 ἔθνη,
2425 478 2519 531 καὶ
2546 474 3056 547 προσκεκυνήκασιν
3091 471 3375 544 ἄρχοντες.
3412 490 3433 525 ο
3465 473 3579 527 Καὶ
3616 477 3646 526 6

377 598 511 639 cens
551 582 603 636 ei
640 588 725 637 est
766 578 1129 642 maledictus,
1178 576 1514 631 benedicens
1555 591 1687 631 vero
1733 574 1963 631 benedi-

2088 570 2453 642 ιαταρώμενος
2477 567 2642 621 αὐτὸν
2678 566 3079 636 ὲπικατάρατος
3098 582 3111 596 ·
3142 566 3172 618 6
3198 565 3257 617 δὲ
3285 563 3522 632 εὐλογῶν
3550 564 3646 618 εὑ-

381 682 506 730 οιυε
561 673 641 735 ’⁸,
699 692 719 726 ι
776 673 930 743 juxta
988 668 1436 725 benedictionem
1489 667 1659 722 Isaac.
1719 667 1842 736 lpse
1896 666 1961 722 ad

2088 662 2393 733 ,ογημένος,
2445 679 2464 712 ι
2507 657 2651 712 κατὰ
2694 657 2793 728 τὴν
2839 656 3093 721 εὐλογίαν
3140 655 3347 710 Ἰσαάκ.
3404 656 3574 719 Αὐτὸς
3617 659 3647 710 6

382 765 801 821 'similitudinem
837 763 1006 820 Jacob
1046 761 1216 817 veluti
1257 769 1548 831 paternam
1591 759 1815 815 domum
1840 768 1965 813 tan-

2088 754 2187 809 ιαθ’
2227 752 2521 823 ὁμοιότητα
2550 750 2648 820 τὴν
2703 746 2898 802 Ἰακὼὸ
2927 747 3182 817 καθάπερ
3219 746 3346 799 τινὰ
3384 745 3647 818 πατρῴαν
3676 775 3692 786 -

387 868 507 913 tum
548 874 657 913 non
689 857 950 913 deserens
1001 855 1201 910 caelum
1238 854 1305 908 ad
1349 852 1536 907 Lahan
1595 867 1654 906 se
1711 851 1964 915 contulit,

2088 846 2253 900 ιστίαν
2287 844 2570 916 μονονουχὶ
2594 839 2967 903 ἀπολελοιπὼς
2988 840 3081 894 τὸν
3113 838 3365 912 οὐρανὸν,
3390 839 3486 892 καὶ
3510 838 3650 909 πρὸς

382 950 479 1021 qui
538 948 745 1004 mundo
796 945 1201 1018 comparandus
1259 953 1345 999 est
1393 942 1658 998 nescienti
1706 942 1834 1013 quis
1876 957 1969 996 es-

2088 938 2253 993 t66av
2274 936 2597 1007 ἀφιγμένος,
2620 933 2679 987 ὃν
2697 932 2776 1003 τῷ
2804 933 2996 1003 κόσμῳ
3012 931 3440 1003 παρεικαστέον,
3464 929 3544 1000 τῷ
3572 929 3650 1021 μὴ

383 1017 467 1095 set
517 1039 844 1096 naturaliter
886 1039 1065 1104 Deus;
1119 1044 1177 1092 et
1219 1035 1405 1105 potius
1462 1034 1825 1089 vehementer
1877 1047 1969 1087 er-

2088 1028 2231 1081 ;ίδότι
2282 1026 2413 1080 ποτὲ
2462 1024 2546 1087 τίς
2586 1026 2615 1077 6
2664 1022 2823 1092 φύσει
2869 1021 3023 1086 Θεὸς,
3070 1019 3557 1092 κατηρρωστηκότι
3593 1017 3652 1073 δὲ

388 1138 512 1188 rore
579 1131 648 1187 de
706 1131 1018 1202 pluralitate
1072 1129 1306 1183 deorum
1372 1125 1668 1181 laboranti.
1734 1124 1970 1179 Idolola-

2088 1118 2259 1189 ὒσπερ
2296 1118 2434 1186 άγαν
2473 1114 2572 1187 τὴν
2620 1113 2883 1168 πολύθεον
2922 1113 3208 1183 πλάνησιν
3261 1110 3654 1179 εἰδωλολάτρης

387 1224 470 1278 ira
505 1222 656 1278 enim
699 1199 866 1276 etiam
909 1230 1032 1276 erat
1071 1219 1279 1274 Laban.
1331 1217 1596 1289 Proprius
1641 1215 1809 1287 igitur
1853 1224 1975 1270 erat

2088 1209 2180 1280 (ἀρ
2208 1209 2302 1262 καὶ
2326 1211 2355 1262 6
2385 1205 2791 1289 A66av."l6t0;
2837 1204 2936 1275 μὲν
2962 1199 3054 1257 οὖν
3085 1205 3179 1257 καὶ
3211 1203 3242 1256 6
3283 1203 3485 1270 κόσμος
3520 1201 3655 1272 Χριι

1394 267 1453 329 ‘s.
1495 266 1773 331 CYRILLI
1810 258 2286 334 ALEXANDRlNl
2322 249 2648 325 meum.

386 1312 554 1368 etiam
606 1311 846 1365 mundus
910 1308 1139 1373 Christi,
1192 1316 1459 1377 quantum
1504 1305 1831 1361 naturaliter
1887 1304 1977 1358 in-

386 1403 652 1474 telligitur
698 1404 866 1466 Deus,
904 1410 961 1459 et
1008 1401 1180 1455 totius
1211 1399 1455 1453 universi
1496 1398 1763 1453 Dominus
1809 1409 1977 1466 atque

389 1493 589 1564 opifex.
615 1492 734 1547 Non
780 1491 1037 1562 proprius
1065 1497 1248 1545 autem
1280 1504 1473 1544 rursus
1494 1489 1565 1543 ob
1589 1488 1975 1568 defectionem,

389 1587 445 1636 et
459 1580 586 1652 quia
605 1580 825 1635 videtur
844 1580 1074 1635 alterius
1093 1593 1213 1633 esse
1233 1577 1409 1633 factus
1426 1586 1649 1648 propter
1670 1586 1975 1647 peccatum.

393 1672 655 1727 Satanam
703 1671 851 1726 enim
905 1684 1090 1741 regem
1132 1669 1390 1724 habebat.
1439 1669 1737 1724 Descendit
1796 1669 1980 1739 itaque

2073 1299 2221 1365 στοῦ,
2257 1298 2388 1352 καθὸ
2407 1298 2502 1351 καὶ
2524 1285 2686 1366 φύσει
2714 1298 2918 1349 νοεῖται
2942 1294 3093 1359 Θεὸς,
3121 1292 3342 1346 καὶτῶν
3365 1291 3506 1345 ὅλων
3536 1290 3654 1344 Κύ-

2077 1410 2190 1464 ριος
2237 1393 2333 1446 καὶ
2378 1389 2735 1461 δημιουργὸς,
2777 1391 2880 1443 οὐκ
2937 1388 3068 1450 ἴδιος
3123 1387 3180 1439 δὲ
3225 1386 3387 1439 πάλιν
3425 1385 3516 1438 διὰ
3552 1383 3655 1455 τὴν

2081 1485 2402 1547 ἀπόστασιν,
2441 1486 2535 1536 καὶ
2566 1482 2627 1536 τὸ
2661 1482 2765 1553 ἤδη
2802 1498 2918 1545 πως
2958 1480 3135 1533 δοκεῖν
3176 1479 3364 1549 ἑτέρου
3399 1476 3658 1547 γενέσθαι

2077 1576 2168 1629 διὰ
2208 1574 2310 1647 τὴν
2358 1573 2654 1645 ἁμαρτίαν.
2712 1571 3088 1642 Ἐπεγράφστο
3133 1571 3243 1643 γὰρ
3290 1570 3515 1641 βασιλέα
3564 1569 3659 1623 τὸν

2082 1670 2346 1722 Σατανᾶν.
2378 1664 2590 1720 Οὐκοῦν
2617 1663 2997 1731 ηταδέὅηκεν
3031 1663 3061 1714 6
3099 1661 3270 1731 Λόγος
3301 1659 3361 1726 ἐξ
3389 1656 3620 1732 οὐρανοῦ
3641 1688 3658 1722 δ

392 1762 635 1817 Verbum
678 1775 711 1815 e
752 1761 923 1826 caelo,
955 1768 1179 1831 paterna
1223 1759 1628 1830 quodammodo
1670 1759 1835 1815 domo
1892 1774 1978 1814 re-

2088 1761 2178 1833 τὴν
2222 1756 2478 1829 πατρῴαν
2508 1752 2722 1826 ’ὥσπερ
2769 1751 3174 1815 καταλελοιπὼς
3221 1753 3428 1806 ἑστίαν.
3488 1751 3663 1805 Τοῦτο

395 1852 523 1908 licta
551 1854 677 1925 (hoc
711 1853 859 1908 enim
913 1844 1077 1908 modo
1104 1847 1261 1925 dixi),
1306 1862 1534 1924 eratque
1579 1853 1750 1908 veluti
1780 1853 1979 1922 hospes

398 1943 453 1998 iu
481 1943 699 2015 proprio
732 1954 795 1998 ac
832 1959 932 1998 suo
963 1944 1169 1998 mundo
1188 1987 1202 2011 ,
1225 1937 1372 2015 quod
1403 1953 1459 2000 et
1498 1936 1717 2014 sapiens
1743 1936 1980 1999 Joannes

400 2034 706 2097 testabitur,
732 2032 923 2088 dicens
951 2051 964 2087 :
1000 2053 1017 2084 ι
1045 2034 1106 2088 In
1139 2033 1347 2089 mundo
1375 2040 1514 2099 erat,
1541 2043 1598 2088 et
1619 2033 1859 2088 mundus
1881 2048 1979 2103 per

399 2128 578 2197 ipsum
602 2126 778 2181 factus
803 2134 907 2191 est,
941 2130 999 2182 et
1021 2126 1261 2182 mundus
1279 2142 1405 2182 eum
1429 2142 1539 2181 non
1570 2125 1914 2197 cognovit".
1953 2143 1971 2177 ι

401 2218 508 2274 Sed
533 2218 649 2273 haec
671 2214 902 2272 fortasse
937 2217 1267 2272 conveniant
1289 2210 1462 2287 ipsius
1478 2216 1746 2271 adventus
1774 2223 1982 2286 tempo-

400 2308 575 2363 ribus.
602 2307 758 2375 Quod
778 2322 911 2363 vero
941 2307 1107 2362 etiam
1155 2317 1283 2363 ante
1307 2306 1740 2362 incarnationem
1765 2305 1821 2360 in
1849 2321 1980 2376 pro.

402 2397 539 2469 priis
564 2405 704 2463 erat,
748 2407 811 2452 ut
833 2398 979 2454 Deus
1014 2416 1028 2452 :
1063 2397 1284 2468 ignotus
1318 2407 1503 2453 autem
1540 2397 1767 2464 mundo,
1808 2397 1982 2453 nostri

401 2500 589 2541 curam
634 2485 894 2541 habuerit
914 2502 983 2542 ex
1012 2487 1200 2542 innata
1249 2487 1354 2558 ipsi
1385 2487 1655 2555 bonitate,
1691 2488 1984 2558 divinaque

402 2577 758 2649 benignitate,
787 2578 956 2634 Jacob
979 2578 1034 2633 in
1050 2594 1109 2635 se
1132 2580 1303 2635 veluti
1323 2580 1380 2635 in
1397 2588 1523 2653 typo
1544 2580 1703 2636 nobis
1722 2580 1981 2636 declarat.

403 2667 560 2724 Pavit
599 2669 746 2724 enim
779 2684 910 2725 oves
964 2668 1186 2737 Laban,
1234 2672 1442 2726 nullam
1484 2672 1711 2727 omnino
1742 2671 1812 2727 ab
1866 2672 1985 2742 ipso

403 2760 715 2820 mercedem
739 2761 1014 2831 accipiens
1032 2801 1048 2826 ,
1078 2777 1173 2833 spe
1198 2778 1329 2817 vero
1351 2764 1467 2818 sola
1506 2762 1575 2819 ad
1591 2760 1696 2820 hoc
1717 2763 1988 2819 adductus

402 2854 550 2926 quod
574 2856 787 2913 duabus
809 2858 928 2928 ejus
955 2853 1173 2911 ﬁliabus
1211 2854 1587 2926 conjugandus
1623 2862 1790 2921 esset,
1824 2856 1881 2909 et
1912 2855 1989 2911 led

404 2948 722 3019 gitimorum
751 2948 989 3004 ﬁliorum
1044 2955 1202 3019 pater
1243 2945 1623 3004 declarandus.
1651 2936 1752 3001 Lia
1803 2946 1987 3003 autem

403 3048 561 3094 erant
587 3047 643 3094 et
666 3039 892 3094 Rachel.
917 3040 1064 3094 Deus
1095 3038 1243 3094 enim
1276 3029 1543 3093 exsistens
1565 3039 1863 3093 secundum
1886 3054 1985 3092 na-
2013 3073 2058 3131 ο

411 3139 591 3187 turam
627 3131 797 3186 Filius
822 3132 880 3186 in
921 3130 1127 3186 mundo
1157 3139 1279 3184 erat
1317 3130 1446 3200 (hoc
1461 3131 1609 3184 enim
1636 3138 1720 3184 est
1754 3128 1983 3200 Laban),

405 3231 462 3278 et
499 3223 649 3293 pavit
669 3222 1103 3291 quodammodo,
1129 3220 1452 3290 impartiens
1493 3231 1553 3276 ut
1579 3221 1726 3275 Deus
1765 3235 1887 3289 quae
1918 3220 1986 3274 ad

408 3312 575 3367 vitam
606 3310 1015 3365 sustentandam
1048 3316 1179 3364 sunt
1230 3308 1565 3374 necessaria,
1611 3308 1822 3364 donans
1869 3309 1986 3364 fru-

410 3411 533 3457 ctus
560 3410 739 3467 terrm,
769 3401 1029 3456 emittens
1057 3400 1236 3455 fontes
1259 3416 1547 3470 aquarum,
1602 3409 1659 3457 et
1699 3400 1987 3455 ﬂuminum

409 3501 622 3554 Cursus,
664 3509 683 3541 ι
734 3492 906 3547 solem
946 3505 1107 3545 suum
1142 3489 1277 3543 oriri
1316 3491 1547 3555 faciens,
1587 3511 1605 3543 ι
1662 3492 1806 3546 sicut
1852 3491 1987 3546 scri-

410 3587 561 3650 ptum
596 3580 769 3644 cst",
819 3578 978 3652 144.
1022 3579 1237 3649 pluvias
1277 3580 1592 3646 dcmittens,
1651 3580 1849 3637 indens
1882 3582 1984 3636 hu-

412 3683 586 3724 manze
614 3650 828 3724 natura:
862 3650 1103 3723 innatam
1150 3668 1517 3738 prudentiam.
1569 3670 1689 3740 Ipse
1728 3673 1874 3725 enim
1908 3678 1991 3726 est

410 3774 599 3818 verum
648 3761 855 3827 lumen,
887 3780 905 3812 ε
933 3761 1083 3831 quod
1129 3760 1403 3817 illuminat
1442 3777 1661 3816 omnem
1711 3762 1990 3816 hominem

413 3853 727 3910 Venientem
782 3854 840 3909 in
881 3852 1150 3909 mundum
1179 3854 1247 3909 ".
1282 3874 1300 3906 ο
1340 3854 1590 3925 Implevit
1639 3862 1821 3909 autem
1876 3854 1992 3910 hmo

411 3944 595 3999 omnia
634 3953 857 4016 propter
882 3945 1075 4009 solam,
1104 3952 1166 3999 ut
1190 3944 1323 4009 dixi,
1347 3945 1588 4001 innatam
1614 3945 1716 4016 ipsi
1740 3945 1992 4017 benigni-

414 4044 577 4091 tatem
602 4074 617 4099 ,
656 4044 713 4090 et
743 4037 1050 4091 mercedem
1081 4036 1300 4106 quidem
1337 4038 1543 4092 nullam
1586 4038 1655 4092 ab
1693 4038 1761 4094 iis
1795 4038 1889 4110 qui
1937 4040 1993 4094 in

412 4125 619 4180 mundo
661 4134 791 4179 sunt
834 4125 1143 4194 accipiens,
1186 4142 1297 4180 non
1341 4127 1793 4196 gloriﬁcationem
1824 4171 1838 4196 ,
1883 4146 1992 4185 non

415 4215 817 4280 adorationem,
867 4230 978 4268 non
1023 4222 1230 4268 rectam
1261 4217 1600 4285 Opinionem,
1650 4230 1744 4274 aut
1788 4222 1995 4277 erroris

411 4308 691 4376 expertem
737 4300 807 4358 de
837 4315 904 4359 eo
948 4304 1311 4369 sententiam;
1349 4306 1643 4375 praescieus
1680 4324 1810 4363 vero
1848 4306 1992 4380 quod

2079 1850 2188 1922 γὰρ
2212 1849 2347 1920 ἔφην
2367 1847 2591 1919 ἀρτίως.
2621 1846 2731 1899 Καὶ
2756 1841 2824 1917 ἦν
2849 1845 2923 1907 ὡς
2948 1844 3097 1910 ξένος
3124 1845 3183 1897 ἐν
3208 1843 3322 1915 ἰδίῳ
3343 1841 3422 1915 τῷ
3447 1842 3658 1914 κόσμῳ.

2081 1944 2188 1997 Καὶ
2219 1940 2566 2012 μαρτυρήσει
2591 1938 2764 2007 λέγων
2796 1939 2826 1990 ὁ
2854 1935 3016 2003 σοφὸς
3058 1935 3310 2006 Ἰωάννης
3329 1950 3344 1964 ο
3391 1953 3410 1986 ι
3462 1933 3555 1988 Ἑν
3579 1934 3665 2002 τῷ

2060 2035 2271 2105 ,κόσμῳ
2310 2028 2411 2102 ἦν,
2455 2031 2571 2086 καὶ·
2594 2032 2624 2084 6
2665 2029 2869 2100 κόσμος
2898 2028 2965 2082 δι’
3002 2027 3167 2083 αὐτοῦ
3207 2027 3454 2095 ἐγένετο,
3496 2028 3592 2080 καὶ
3634 2028 3665 2079 6

2083 2126 2285 2194 κόσμος
2334 2123 2498 2177 αὑτὸν
2540 2123 2640 2175 οὐκ
2688 2122 2848 2191 ἔγνω.
2900 2138 2920 2171 ι
2975 2119 3136 2173 Ἀλλὰ
3182 2120 3337 2174 ταυτὶ
3386 2120 3486 2191 μὲν
3530 2120 3666 2182 τσως

2083 2216 2375 2288 άρμόσειεν
2419 2212 2485 2267 ἂν
2517 2213 2742 2277 εἰκότως
2781 2214 2894 2275 τοῖς
2937 2210 3037 2281 τῆς
3080 2211 3375 2283 ἐπιδημίας
3425 2212 3663 2283 καιροῖς.

2084 2310 2210 2363 Ὀτι
2241 2308 2300 2361 δὲ
2329 2307 2425 2360 καὶ
2451 2305 2556 2377 πρὸ
2583 2305 2682 2374 τῆς
2717 2304 3181 2375 ὲνανθρωπήσεως
3212 2304 3268 2358 ἐν
3298 2302 3448 2366 ἰδίοις
3475 2298 3544 2375 ἦν
3585 2302 3667 2365 ὡς

2084 2399 2249 2464 Θεός·
2305 2399 2667 2469 ἀγνοούμενος
2716 2396 2771 2449 δὲ
2819 2395 2898 2466 τῷ
2948 2395 3154 2466 κόσμῳ,
3184 2395 3293 2449 τῶν
3346 2394 3469 2449 καθ’
3514 2396 3667 2466 ἡμᾶς

2085 2492 2322 2546 ἐποιεῖτο
2367 2492 2652 2564 πρόνοιαν,
2697 2489 2759 2554 ἐξ
2807 2488 3049 2560 ἐμφύτου
3114 2487 3517 2557 καλοκάγαθίας
3567 2487 3670 2540 καὶ

2087 2582 2428 2656 θεοπρεποῦς
2472 2567 3245 2653 ἡμερότητος,παραδείξειεν
3294 2570 3362 2632 ἃν
3418 2577 3579 2640 εὐθὺς
3638 2579 3668 2631 6

2088 2675 2375 2740 θεσπέσιος
2413 2667 2606 2728 Ἰακὼὸ
2626 2674 2700 2737 ὠς
2727 2674 2786 2726 ὲν
2804 2672 2960 2743 τύπῳ
2989 2671 3067 2743 τῷ
3088 2670 3209 2725 καθ’
3236 2669 3446 2725 ἑαυτόν.
3487 2667 3669 2723 Ἐποί-

2092 2774 2250 2840 μάινε
2278 2766 2389 2836 γάρ
2430 2758 2499 2819 τά
2528 2764 2777 2836 πρόὸατα
2819 2763 3042 2827 Λάϐαν,
3089 2761 3269 2816 καίτοι
3301 2760 3493 2832 μισθὸν
3526 2759 3668 2831 ἔχων

2089 2857 2221 2929 παρ’
2257 2855 2422 2912 αὐτοῦ
2455 2853 2516 2908 16
2565 2854 2785 2925 σύμπαν
2812 2853 3000 2908 οὐδένα
3025 2871 3039 2885 ·
3070 2852 3244 2907 ἑλπίδι
3281 2852 3339 2905 δὲ
3381 2852 3516 2923 μόνῃ
3536 2890 3551 2916 ,
3583 2853 3670 2913 εἰς

2087 2947 2247 3002 τοῦτο
2287 2945 2527 3017 ἠγμένος
2560 2947 2680 2998 ταῖν
2723 2944 2867 2999 δυοῖν
2905 2943 3069 2998 αὐτοῦ
3103 2942 3468 2998 συνάπτεσθαι
3501 2942 3670 3010 θυγα-

2089 3040 2297 3111 τέραιν,
2331 3036 2426 3089 καὶ
2451 3036 2658 3090 τέκνων
2686 3037 2925 3108 γνησίων
2951 3032 3433 3111 άναδειχθῄσεσθαι
3460 3036 3667 3106 πατήρ.

2089 3109 2223 3182 Λεία
2244 3127 2301 3180 δὲ
2335 3127 2505 3199 ἧστην
2541 3130 2637 3181 καὶ
2670 3127 2891 3197 Ῥαχὴλ.
2925 3118 3056 3191 Θεὸς
3081 3126 3188 3198 γὰρ
3216 3109 3293 3182 ὧν
3336 3128 3478 3180 κατὰ
3505 3126 3671 3197 φύσιν

2087 3220 2116 3271 6
2145 3217 2296 3282 Υἱὸς,
2331 3217 2387 3269 ἐν
2420 3217 2497 3288 τῷ
2530 3218 2721 3288 κόσμῳ
2751 3213 2848 3287 ἦν·
2884 3217 3042 3271 τοῦτο
3074 3217 3181 3290 γὰρ
3228 3219 3256 3270 6
3305 3216 3511 3272 Λάϐαν.
3556 3217 3669 3270 Καὶ

2090 3312 2481 3382 κατεποίμαινε
2517 3307 2574 3361 δέ
2614 3314 2737 3361 τινα
2774 3298 2976 3379 τρόπον
3004 3306 3303 3378 οἰκονομῶν
3328 3308 3403 3371 ὼς
3430 3307 3560 3372 Θεὸς
3600 3309 3672 3362 τὰ

2092 3400 2316 3472 ζωαρκῆ
2339 3442 2352 3462 ,
2386 3398 2727 3471 δωρούμενος
2756 3401 2881 3462 τοὺς
2911 3398 3018 3452 ἀπὸ
3050 3402 3154 3471 γῆς
3184 3403 3429 3472 καρποὺς
3450 3444 3465 3467 ,
3497 3403 3673 3465 ἀνιεὶς

2092 3494 2272 3561 πηγὰς
2305 3492 2551 3556 ὑδάτων,
2585 3491 2682 3546 καὶ
2719 3491 2978 3563 ποταμῶν
3018 3488 3257 3562 νάματα,
3315 3511 3336 3545 ι
3385 3493 3474 3547 τὸν
3519 3493 3673 3565 ἥλιον

2092 3581 2257 3634 αὐτοῦ
2296 3579 2622 3642 ἀνατέλλων,
2672 3597 2690 3629 ι
2732 3578 2875 3632 κατὰ
2918 3578 2979 3631 16
3022 3581 3439 3651 γεγραμμένον,
3481 3581 3673 3645 ὑετοὶς

2093 3672 2337 3738 καθιεὶς,
2380 3672 2608 3734 ἐντιθεὶς
2650 3673 2716 3741 τῇ
2767 3655 3077 3741 ἀνθρώπου’
3097 3670 3253 3737 φύσει
3290 3672 3389 3743 τὴν
3433 3671 3677 3741 ἔμφυτον

2093 3762 2374 3834 φρόνησιν.
2407 3761 2579 3824 A616;
2604 3761 2714 3831 γάρ
2761 3761 2878 3813 ἐστι
2906 3779 2924 3811 ι
2964 3761 3036 3813 T6
3065 3761 3179 3829 φῶς
3208 3762 3269 3815 16
3314 3761 3592 3831 ἀληθινὸν,
3644 3754 3675 3815 ὃ

2094 3852 2319 3923 φωτίζει
2340 3852 2513 3904 πάντα
2540 3850 2825 3921 ἄνθρωπον
2856 3851 3151 3922 ἐρχόμενον
3177 3854 3253 3916 εἰς
3275 3852 3365 3905 16v
3386 3848 3611 3922 κόσμον.
3647 3874 3666 3904 ο

2106 3942 2376 4014 Ἑπλήρου
2410 3941 2468 3995 δὲ
2495 3939 2668 3995 ταῦτα
2694 3941 2783 3995 διὰ
2822 3941 3013 4014 μόνην,
3045 3943 3120 4007 ὼς
3146 3942 3302 4014 ἔφην,
3341 3944 3439 4012 τὴν
3471 3938 3677 4015 ἡμερόδ

2093 4052 2232 4105 τητα
2254 4033 2350 4104 τὴν
2371 4032 2633 4104 ἔμφυτον⁸
2653 4033 2748 4085 καὶ
2768 4032 2958 4103 μισθὸν
2984 4034 3080 4104 μὲν
3099 4034 3249 4088 ὥσπε
3258 4052 3290 4106 ρ
3307 4036 3492 4089 οὐδένα
3521 4040 3676 4102 παρὰ

2095 4126 2202 4178 τῶν
2230 4126 2288 4178 ἐν
2315 4124 2506 4196 κόσμῳ
2533 4122 2785 4193 τηνικάδε
2817 4123 3124 4194 δεχόμενος,
3156 4125 3218 4178 οὐ
3250 4121 3573 4192 δοξολογίαν,
3609 4129 3673 4181 06

2098 4217 2489 4291 προσκύνησιν,
2519 4215 2581 4268 06
2617 4215 2774 4282 δόξαν
2805 4215 3004 4287 ὀρθὴν,
3042 4216 3138 4270 καὶ
3179 4217 3394 4288 ἀπλανῆ
3420 4206 3677 4287 διάληψιν

2096 4309 2194 4378 τὴν
2225 4308 2353 4378 περὶ
2374 4306 2561 4360 αὐτοῦ·
2594 4304 3032 4378 προεγνωκὼςδὲ
3053 4307 3135 4360 ὃτι
3161 4307 3254 4361 δύο
3282 4312 3543 4377 γυναῖκας
3562 4311 3678 4375 ἕξει

413 4396 551 4450 duas
584 4410 841 4451 successu
865 4395 1128 4466 temporis
1147 4404 1347 4450 uxores
1368 4404 1515 4451 esset
1542 4396 1851 4464 habiturus,
1877 4412 1987 4470 qua

2100 4396 2237 4450 κατὰ
2276 4397 2531 4468 καιροὺς,
2569 4393 2627 4447 αἳ
2656 4395 2896 4463 γνησίων
2924 4394 3073 4465 αὐτῷ
3095 4395 3297 4449 τέκνων
3326 4390 3537 4450 ἔσονται
3560 4416 3677 4469 μη-

414 4486 517 4556 ipsi
573 4486 941 4557 legitimorum
978 4486 1213 4541 ﬁliorum
1260 4496 1464 4543 matres
1516 4497 1702 4544 essent
1753 4488 1986 4556 futurze,

415 4577 776 4646 spiritualiter
821 4578 1120 4646 parientes.
1166 4576 1427 4643 Quamam
1489 4594 1622 4632 vero
1666 4579 1791 4634 hee?
1834 4581 1990 4635 Prior

419 4665 640 4735 quidem
677 4674 809 4720 natu
853 4666 1132 4735 grandior,
1172 4667 1279 4720 hoc
1304 4676 1408 4731 est,
1442 4666 1561 4731 Lia,
1604 4677 1791 4738 typum
1824 4669 1994 4742 Syna-

417 4770 567 4826 goga:
595 4754 908 4810 Iudaeorum
943 4771 1055 4825 pra:
1103 4772 1161 4811 se
1201 4757 1323 4812 fert.
1369 4757 1551 4813 Altera
1568 4775 1720 4823 vero,
1752 4762 1857 4815 hoc
1883 4770 1988 4827 est,

417 4846 655 4901 sccunda
701 4854 865 4925 atque
909 4846 1057 4900 illam
1095 4855 1341 4916 tempore
1386 4849 1697 4913 subsecuta,
1747 4850 1993 4920 impense

416 4944 612 5000 amata,
641 4936 828 5007 junior
850 4943 933 4990 est
958 4936 1182 5000 Rachel,
1210 4938 1315 4992 hoc
1336 4946 1439 5003 est,
1465 4938 1709 4994 Ecclesia
1731 4956 1797 4995 ex
1815 4943 1993 5012 genti-

418 5027 540 5092 hUS,
563 5043 684 5098 qum
706 5026 872 5083 etiam
920 5027 1137 5097 peperit
1172 5027 1407 5107 Joseph,‘
1444 5030 1538 5100 qui
1576 5032 1990 5103 interpretatur,

2093 4487 2567 4557 τέρες,τίκτουσαι
2591 4484 2817 4556 νοητῶς.
2837 4487 2993 4539 Ποῖαι
3026 4486 3082 4540 δὲ
3121 4482 3313 4562 αὗται,
3348 4479 3543 4559 Πρώτη
3575 4479 3680 4559 μὲν

2094 4583 2128 4650 ἡ
2150 4577 2519 4649 πρεσϐυτέρα.
2540 4576 2810 4643 τουτέστι,
2836 4578 2989 4645 Λεία,
3021 4580 3405 4650 τῆςΊουδαίων
3428 4571 3681 4651 Συναγωέ

2098 4669 2201 4738 γῆς
2229 4668 2320 4720 τὸν
2362 4664 2530 4719 τύπον
2562 4665 3290 4741 άποπεραίνουσαίΔευ-εέρα
3327 4670 3381 4723 (ῖὲ
3421 4665 3514 4726 καὶ
3556 4676 3676 4742 μετ’

2100 4760 2160 4811 o6
2203 4758 2335 4813 πολὺ
2384 4760 2477 4812 καὶ
2524 4758 2883 4830 τριπόθητος,
2925 4761 2959 4830 ἡ
2984 4762 3224 4834 νεωτέρα
3273 4758 3492 4833 Ῥαχὴλ,
3520 4782 3679 4819 τουτ-

2092 4852 2260 4916 έστιν,
2317 4853 2351 4921 ἡ
2395 4849 2456 4915 ἐξ
2495 4850 2664 4904 ἐθνῶν
2712 4844 3048 4923 Ἐκκλησία,
3109 4856 3144 4926 ἢ
3198 4856 3293 4911 καὶ
3346 4854 3537 4910 τέτοκε
3584 4860 3679 4911 τὶν

2104 4944 2330 5016 Ἰωσὴφ,
2363 4944 2511 4998 Θεοῦ
2552 4944 2914 5014 προσθήκην
2952 4947 3403 5018 ἑρμηνευόμενον.
3440 4950 3670 5021 Προστέσ

2092 5037 2265 5091 θειται
2301 5037 2398 5108 μὲν
2433 5037 2542 5108 γάρ
2570 5040 2684 5100 τοῖς
2732 5038 2793 5102 ἐξ
2849 5039 3069 5110 Ἰσραὴλ
3113 5039 3232 5111 ήὲξ
3266 5040 3437 5095 ἐθνῶν
3479 5032 3673 5115 άγὲληῖ

417 5120 616 5173 additio
670 5117 786 5171 Dei.
836 5118 1069 5174 Additus
1111 5119 1259 5174 enim
1294 5130 1379 5175 est
1425 5122 1686 5179 lsraelitis
1748 5126 1987 5197 gentium

2091 5131 2310 5183 Νοεῖται
2353 5128 2411 5182 δὲ
2454 5132 2549 5183 καὶ
2578 5129 2804 5198 ἑτέρως,
2852 5133 2973 5194 ταῖς
3018 5134 3160 5185 κατὰ
3198 5133 3388 5205 καιρὸν
3432 5136 3538 5188 τῶν
3581 5152 3678 5188 πι-

416 5220 567 5277 grex.
596 5206 923 5277 lntelligitur
959 5214 1092 5263 Vero
1119 5208 1284 5264 etiam
1321 5209 1481 5263 aliter
1519 5212 1863 5269 credentium
1897 5232 1987 5287 per

2102 5221 2399 5275 στευόντων
2428 5221 2765 5293 προσθήκαις
2791 5225 2871 5285 εἰς
2905 5222 3115 5294 πληθὺν
3148 5225 3456 5297 ἀμέτρητον
3495 5226 3671 5281 ἰοῦσα.

419 5306 633 5367 tempus
654 5299 935 5354 additione
954 5340 969 5365 ,
997 5300 1052 5354 in
1089 5301 1409 5356 immensam
1438 5303 1847 5361 multitudinem
1869 5323 1987 5363 cre-

2100 5311 2247 5380 Πλὴν
2302 5313 2404 5383 ὅρα
2452 5313 2549 5385 τὴν
2602 5315 2952 5386 ὲπιτήρησιν.
3005 5314 3243 5387 Ὀνίνησι
3293 5315 3399 5390 γὰρ
3451 5316 3567 5372 λίαν
3612 5320 3675 5374 16

419 5390 579 5446 visse.
601 5390 872 5446 Caeterum
907 5392 1280 5448 animadverte
1313 5396 1602 5461 rationem,
1622 5399 1987 5468 juveritenim

2097 5402 2324 5474 ἀκριϐὲς
2362 5406 2419 5458 ὲν
2449 5404 2681 5470 τούτοις·
2714 5406 3044 5477 Γεγέννηκεν
3081 5408 3109 5479 η
3144 5407 3277 5461 Λεία
3306 5409 3412 5480 πρὸ
3452 5404 3653 5480 Ῥαχὴλ

419 5479 775 5535 vehementer
817 5480 1015 5535 horum
1067 5494 1257 5539 exacta
1306 5485 1563 5557 cognitio.
1616 5487 1837 5559 Peperit
1892 5491 1987 5548 Lia

2096 5471 2213 5548 εἶτα
2237 5495 2440 5565 μεταξὺ
2470 5496 2751 5550 παιδίσκαι
2773 5471 2865 5553 δύο
2885 5471 3065 5554 Βάλλα
3091 5471 3149 5554 τε
3175 5501 3271 5556 δια)⁸
3299 5471 3499 5573 Ζὲλφά.
3682 5471 3695 5494 ’

489 5652 538 5687 ⁹⁶
562 5655 696 5711 Gen.
729 5675 892 5727 xxm,
940 5664 1025 5719 29.
1129 5668 1174 5699 ’7
1207 5668 1364 5722 Joan.
1394 5685 1431 5734 l,
1470 5669 1553 5723 10.
1649 5670 1695 5703 ⁸⁸
1727 5672 1919 5730 Matth.
1950 5691 1981 5727 v

2089 5678 2141 5733 δέ
2220 5679 2265 5711 ⁹⁹
2287 5679 2445 5735 Joau.
2483 5696 2520 5747 ι,
2546 5679 2602 5734 9.
