4032 6198
324 205 432 263 935

1345 205 1865 264 GLAPllYRORUM
1904 207 1972 262 IN
2009 205 2308 263 CENESIM
2347 206 2476 262 LIB.
2519 207 2582 262 ν.

3495 208 3601 265 9.55

323 322 528 392 ὴρέμει
575 319 714 383 τέώς
774 314 998 372 Ἰακώϐ·
1053 319 1183 374 ἴδιον
1236 321 1298 376 δὲ
1357 318 1504 377 οἶκον
1551 322 1704 377 οῦπω
1752 325 1907 377 ποιεῖη

2026 323 2179 392 prius
2215 336 2378 392 quam
2430 320 2632 376 Rachel
2667 337 2677 374 ;
2716 319 2915 375 deinde
2963 321 3174 375 ancillae
3215 321 3336 377 duae
3359 321 3506 377 Balla
3544 335 3601 380 et

323 413 643 465 ἐσκέπτετο.
681 411 916 464 Τέτοκεν
947 413 979 484 ή
1018 411 1216 484 Ῥαχὴλ
1253 413 1344 467 τὸν
1391 413 1611 485 Ἰωσὴφ,
1641 416 1736 468 καὶ
1769 411 1916 468 οἶκον

323 502 510 555 λοιπὸν
559 503 663 572 ἐρᾷ
695 517 708 528 ·
761 520 782 554 ι
824 502 960 554 Πότε
1017 503 1159 576 γὰρ,
1216 505 1381 575 φησὶ,
1435 507 1646 578 ποιήσω
1694 505 1917 578 ἐμαυτῷ

323 587 504 656 οἴκον;
544 610 562 643 ι
599 591 801 644 Τέτοκε
839 593 938 664 μὲν
971 593 1080 666 γὰρ
1103 596 1136 664 ή
1170 595 1280 649 τῶν
1319 595 1588 650 Ἰουδαίων
1618 597 1916 668 Συναγωγή

320 685 450 747 τοῦς
479 687 557 749 είς
583 685 832 739 δουλείαν
859 685 958 757 τὴν
986 687 1090 739 ὑπὸ
1115 687 1302 757 νόμον.
1341 688 1480 742 Ἀλλ’
1509 687 1662 741 οῦπω
1684 688 1917 760 Χριστὸς

326 779 460 832 ῐδιον
485 773 636 831 οἷκον
663 778 810 847 ἔχειν
836 777 1103 849 ὡμολόγει
1134 781 1340 848 σαφῶς.
1377 779 1452 832 Οὐ
1486 779 1594 850 γὰρ
1621 781 1916 852 ἀπεδέχετο

318 870 442 925 λίαν
473 870 566 923 τὸν
597 872 662 923 ἐκ
689 869 854 923 λίθων
887 870 1032 935 ναὸν,
1063 871 1122 924 ὃν
1153 870 1405 941 Σολομὼν
1438 873 1774 944 ἀνεδείματο.
1807 875 1917 926 Καὶ

323 961 454 1032 γοῦν
507 961 782 1014 Ἰουδαίων
814 961 1267 1034 ἐξωφρυωμένοις
1303 964 1443 1032 ἄγαν
1487 965 1580 1018 ἐπὶ
1613 964 1750 1036 τῷδέ
1784 983 1916 1018 ποτε

323 1051 612 1122 μονονουχὶ
636 1051 730 1104 καὶ
761 1052 1082 1122 ἐπιπλήττει
1125 1051 1296 1122 λέγων
1323 1068 1336 1083 °
1389 1074 1408 1106 ι
1474 1055 1531 1108 '0
1559 1056 1786 1127 οὐρανός
1823 1073 1914 1126 μοι

321 1145 534 1214 θρόνος,
573 1145 607 1214 ή
653 1144 710 1198 δέ
753 1147 825 1216 γῆ
861 1145 1152 1198 ὑποπόδιον
1197 1146 1305 1199 τῶν
1350 1146 1527 1200 ποδῶν
1581 1165 1704 1219 μου.
1757 1149 1914 1202 Ποῖον

321 1231 475 1290 οἷκον
512 1236 897 1308 οἰκοδομήσετέ
931 1255 1050 1309 μοι,
1086 1239 1232 1307 λέγει
1273 1239 1510 1312 Κύριος’
1546 1241 1580 1312 ἢ
1624 1241 1706 1304 τίς
1751 1242 1914 1306 τόπος

320 1327 425 1398 τῆς
455 1327 856 1391 καταπαύσεώς
899 1347 1031 1399 μους
1081 1349 1100 1382 ι
1148 1330 1288 1384 Ἀλλ’
1325 1331 1446 1384 ούδέ
1475 1329 1622 1395 οἶκος
1654 1331 1789 1385 Θεοῦ
1817 1333 1912 1400 γέ-

319 1437 452 1490 γονε
481 1421 670 1492 νοητὸς
698 1421 726 1473 6
765 1421 1004 1492 Ἰσραήλ.
1036 1423 1112 1476 Οὐ
1137 1423 1246 1494 γὰρ
1273 1422 1594 1494 κατῴκηκεν
1621 1425 1678 1478 ἐν
1705 1425 1910 1488 αὐτοῖς.

333 1513 561 1585 Ἐπειδὴ
589 1514 645 1567 δέ
675 1514 896 1568 τέτοκεν
922 1516 955 1586 ή
985 1514 1042 1579 ἐξ
1073 1514 1242 1568 ἐθνῶν
1277 1516 1574 1587 Ἐκκλησία
1600 1517 1692 1570 τὸν
1715 1517 1833 1571 νέον
1852 1535 1914 1573 τε

317 1609 419 1664 καὶ
448 1611 508 1661 ἐν
549 1609 892 1679 προσθήκαις
930 1609 1088 1672 λαὸν,
1120 1604 1268 1662 οἷκον
1300 1609 1430 1662 ίδιον
1467 1609 1647 1680 ἑαυτῷ
1676 1609 1860 1664 λοιπὸν
1885 1612 1913 1664 6

2023 414 2247 484 Zelpha.
2268 413 2432 483 Atqui
2452 413 2694 482 quietem
2737 411 2946 466 interea
2969 412 3078 482 agit
3105 412 3294 478 Iacob,
3322 430 3500 484 neque
3535 417 3604 470 do

2023 503 2272 558 facienda
2293 503 2518 574 propria
2535 503 2704 558 domo
2726 502 2958 558 laborat.
2993 503 3288 572 Postquam
3327 519 3458 558 vero
3494 505 3604 558 Ra-

2023 595 2145 649 chel
2182 594 2397 664 peperit
2445 593 2682 663 Joseph,
2717 593 3004 663 propriam
3061 593 3324 663 deinceps
3379 593 3604 648 domum

2022 687 2192 758 cupit.
2227 705 2244 738 ι
2288 687 2517 753 Quando
2543 687 2712 750 enim,
2754 685 2950 756 inquit,
2985 685 3179 740 faciam
3219 685 3355 740 mihi
3380 686 3482 756 ipsi
3510 686 3607 740 do-

2023 795 2172 833 mum
2201 779 2216 810 ¹
2239 779 2263 832 ?
2286 780 2506 850 Peperit
2526 780 2673 834 enim
2695 778 2974 850 Synagoga
2993 778 3310 833 Judaadrum
3353 779 3607 848 Subleges

2022 872 2078 927 in
2097 870 2438 926 servitutem.
2472 869 2744 926 Caeterum
2766 870 3011 924 nondum
3045 868 3298 924 Christus
3327 869 3601 940 propriam

2022 964 2246 1019 domum
2278 961 2482 1016 habere
2532 969 2719 1032 aperte
2759 961 3040 1031 professus
3079 970 3184 1016 est.
3225 961 3413 1031 Neque
3454 960 3603 1015 enin.

2021 1055 2250 1110 charum
2275 1053 2784 1108 habuitadmodum
2821 1053 3086 1122 templum
3124 1051 3422 1122 lapideum,
3455 1053 3603 1122 quod

2022 1147 2278 1202 Salomon
2303 1145 2592 1201 exstruxit.
2615 1145 2826 1200 Idcirco
2853 1144 3071 1200 Judzeos
3094 1143 3329 1197 maxime
3359 1159 3524 1214 super
3539 1160 3606 1198 eo

2019 1237 2318 1309 gloriantes
2367 1245 2576 1291 tantum
2623 1251 2733 1290 non
2780 1235 3032 1306 objurgat
3065 1234 3256 1289 dicens
3297 1253 3310 1286 :
3345 1252 3362 1285 ι
3392 1234 3604 1290 leum
3677 1296 3682 1304 ι

2020 1330 2156 1384 mihi
2187 1329 2438 1394 thronus,
2468 1337 2617 1384 terra
2637 1343 2768 1383 vero
2791 1327 3088 1382 scabellum
3114 1325 3316 1396 pedum
3334 1341 3602 1380 meorum.

2019 1420 2243 1489 Qualem
2282 1422 2505 1476 domum
2534 1421 2880 1476 :edificabitis
2915 1421 3050 1474 mihi
3071 1461 3086 1485 ,
3125 1419 3261 1474 dicit
3292 1419 3556 1474 Dominus
3589 1439 3602 1473 :

2017 1520 2113 1567 aut
2153 1514 2276 1583 quis
2321 1513 2478 1569 locus
2520 1513 2877 1568 habitationis
2927 1512 3204 1567 meaz'?»
3267 1511 3374 1567 Sed
3425 1527 3606 1582 neque

2019 1606 2279 1676 spiritalis
2306 1607 2401 1662 Dei
2434 1605 2631 1661 domus
2657 1606 2760 1661 fuit
2779 1605 2964 1660 Israel.
2991 1605 3182 1675 Neque
3213 1605 3362 1660 enim
3386 1604 3604 1658 habita-

317 1700 518 1772 Σωτὴρ
538 1699 991 1765 κατεσκευάζετο.
1015 1699 1125 1754 Καὶ
1145 1699 1227 1764 τίς
1248 1699 1312 1772 δὴ
1335 1695 1487 1764 οῦτός
1508 1701 1654 1754 ἐστιν
1674 1719 1689 1768 ;
1727 1701 1907 1772 Ἡμεῖς

2021 1698 2100 1752 vit
2129 1697 2182 1750 in
2211 1697 2312 1752 eis.
2336 1698 2636 1768 Postquam
2659 1713 2791 1752 vero
2817 1697 3035 1768 peperit
3069 1697 3316 1752 Ecclesia
3339 1712 3405 1750 ex
3425 1695 3604 1767 genti-

316 1795 376 1846 οἱ
415 1792 842 1857 πιστεύσαντες,
894 1785 1142 1864 περὶῶν
1182 1808 1316 1862 φησι
1363 1792 1456 1846 καὶ
1501 1792 1590 1847 διὰ
1639 1793 1918 1865 προφήτου

319 1885 533 1955 φωνῆς·
582 1902 601 1936 ι
635 1884 826 1947 Διδοῦς
852 1884 1051 1954 νόμους
1090 1899 1192 1954 μου
1217 1884 1296 1946 εἰς
1319 1884 1419 1954 τὴν
1447 1883 1684 1940 διάνοιαν
1712 1886 1914 1952 αὐτῶν,

320 1978 421 2032 καί
465 1977 558 2029 ἐπὶ
592 1977 821 2046 καρδίας
859 1976 1039 2030 αὐτῶν
1070 1977 1361 2048 ἐπιγράψω
1397 1977 1614 2042 αὐτούς.
1656 1980 1765 2032 Καὶ
1799 1979 1918 2033 ἐσο-

319 2086 426 2138 μαι
454 2069 638 2130 αὐτοῖς
664 2069 743 2130 είς
767 2067 921 2130 Θεὸν,
951 2067 1044 2120 κα)⁸
1071 2067 1228 2120 αὐτοὶ
1251 2067 1464 2122 ἔσονταί
1495 2085 1584 2137 μοι
1607 2070 1686 2132 εἰς
1704 2069 1851 2122 λαόν.
1891 2087 1909 2118 ι

317 2162 594 2214 Κατοικεῖ
621 2161 680 2212 ἐν
703 2161 837 2230 ἡμῖν
859 2159 947 2212 διὰ
966 2159 1059 2213 τοῦ
1083 2158 1422 2228 Πνεύματος,
1439 2160 1688 2232 καθάπερ
1713 2160 1915 2232 ἀρτίως

317 2252 464 2322 ἔφην
483 2292 498 2316 ,
529 2253 588 2304 οὐ
619 2253 956 2322 κατοικήσας
983 2252 1040 2305 ἐν
1085 2250 1323 2323 Ἰσραήλ.
1363 2251 1486 2304 Ὀτι
1515 2251 1624 2322 γὰρ
1657 2252 1913 2322 ἁμέτοχοι

315 2345 420 2398 τοῦ
451 2344 803 2415 Πνεύματος,
829 2343 904 2406 ὡς
936 2343 993 2396 ἐν
1022 2341 1178 2414 τύπῳ
1214 2342 1358 2412 λέγω
1385 2341 1463 2414 τῷ
1499 2343 1620 2396 καθ’
1645 2345 1820 2414 ἡμᾶς,
1862 2347 1911 2399 ot

318 2437 433 2507 πρὸ
475 2436 572 2508 τῆς
615 2435 947 2506 ἐπιδημίας,
1002 2437 1256 2506 σαφηνιεῖ
1309 2435 1484 2503 λέγων
1527 2435 1556 2488 6
1603 2435 1912 2504 σοφώτατος

333 2529 593 2598 Ἰωάννης
610 2543 622 2553 ·
645 2546 664 2579 ι
689 2526 855 2580 Οῦπω
874 2526 983 2598 γὰρ
1011 2523 1078 2598 ἦν
1100 2525 1345 2597 Πνεῦμα,
1363 2527 1444 2580 ὅτι
1467 2525 1676 2597 Ἰησοῦς
1701 2528 1912 2582 οὐδέπω

315 2618 610 2689 ἐδοξάσθη.
635 2638 652 2669 ι
695 2618 1102 2690 Ἐγηγερμένος
1121 2618 1231 2686 γὰρ
1255 2619 1320 2671 ἐκ
1348 2619 1576 2690 νεκρῶν,
1607 2619 1703 2673 καὶ
1731 2621 1812 2684 είς
1836 2622 1912 2673 εί-

317 2712 459 2764 κόνα
506 2712 604 2782 τὴν
650 2711 803 2764 θείαν
850 2709 949 2782 τὴν
991 2709 1281 2782 ἀνθρώπου
1325 2709 1489 2778 φύσιν
1539 2710 1906 2781 ἁναμορφῶν,

315 2801 566 2873 πρώτοις
594 2801 896 2874 ἐνεφύσησε
940 2804 1054 2866 τοῖς
1089 2802 1265 2871 ἁγίοις
1305 2802 1658 2867 ἀποστόλοις,
1702 2801 1904 2870 λέγων·

322 2914 346 2946 ι
385 2895 592 2950 Λάδετε
623 2894 847 2966 Πνεῦμα
878 2895 1054 2964 ἆγιον.
1081 2913 1100 2947 ι
1126 2895 1270 2965 Ἔφη
1307 2893 1364 2948 δέ
1393 2911 1496 2947 που
1529 2895 1622 2949 καὶ
1649 2894 1678 2946 6
1711 2893 1910 2948 θεσπέ-

316 3004 439 3050 σιος
489 2987 719 3050 Παῦλοςο
773 3005 791 3038 ι
839 2986 914 3040 Οὐ
962 2986 1070 3058 γὰρ
1121 2986 1342 3041 ἐλάϐετε
1399 2984 1622 3057 Πνεῦμα
1667 2985 1908 3049 δουλείας

316 3079 489 3134 πάλιν
521 3081 598 3144 είς
630 3079 817 3148 φόϐον,
857 3079 972 3134 ἀλλ’
1011 3078 1232 3133 ἐλάὸετε
1268 3079 1493 3150 Πνεῦμα
1524 3077 1818 3142 υἱοθεσίας,
1851 3078 1910 3130 ἐν

309 3167 367 3242 ᾧ
396 3173 671 3244 κράζομεν
702 3184 719 3200 ο
764 3171 956 3237 Ἀ66ᾶ,
983 3174 1012 3226 6
1046 3172 1290 3242 Πατήρ.ι
1320 3169 1528 3224 Οὐκοῦν
1558 3168 1783 3240 Πνεῦμα
1815 3168 1913 3240 μέν

310 3265 566 3330 δουλείας
593 3260 660 3336 ἦν
686 3267 746 3319 ἐν
784 3263 1002 3336 Ἰσραήλ
1023 3279 1037 3295 ⁸
1064 3264 1124 3317 ἐν
1158 3264 1288 3334 ήμῖν
1316 3263 1374 3316 δὲ
1403 3264 1514 3326 τοῖς
1540 3261 1648 3315 ἀπὸ
1685 3258 1908 3332 Ῥαχὴλ,

312 3356 602 3422 τουτέστι,
638 3357 738 3426 τῆς
778 3354 840 3420 ἐξ
880 3353 1051 3408 ἐθνῶν
1111 3353 1472 3424 Ἐκκλησίας,
1515 3352 1740 3424 Πνεῦμα
1773 3351 1909 3406 Θεοῦ

314 3450 462 3522 πρὸς
495 3449 788 3514 υἱοθεσίαν,
815 3445 963 3501 οἶκον
987 3448 1136 3519 ἡμᾶς
1164 3445 1461 3501 ἀποτελοῦν
1490 3447 1580 3500 τὸν
1610 3463 1909 3517 πνευματι-

309 3545 437 3598 κόν.
484 3542 787 3612 Ἐλεύθεροι
817 3540 926 3611 γάρ
962 3541 1012 3593 οἱ
1051 3539 1164 3594 ἀπὸ
1199 3539 1435 3610 Ῥαχὴλ,
1461 3535 1530 3613 ἧς
1567 3539 1616 3592 οἱ
1641 3538 1910 3610 ὀφθαλμοὶ

315 3634 478 3688 καλοὶ
505 3635 599 3688 καὶ
631 3634 844 3706 ὡραῖοι,
873 3632 1051 3687 καίτοι
1078 3633 1179 3704 τῆς
1206 3632 1370 3696 Λείας
1399 3633 1497 3703 οὐχ
1525 3625 1628 3686 ὦδε
1653 3631 1903 3702 ἐχούσης.

327 3725 468 3796 Ὀρᾷ
493 3725 601 3796 γάρ
632 3725 730 3795 οὐχ
755 3723 925 3793 ὑγιῶς
951 3723 985 3794 ή
1007 3723 1117 3776 τῶν
1152 3722 1419 3777 Ἰουδαίων
1448 3722 1768 3792 Συναγωγή.
1797 3721 1907 3774 Καὶ

316 3817 664 3887 μαρτυρήσει
690 3816 864 3884 λέγων
887 3816 916 3868 6
943 3813 1254 3883 σοφώτατος
1277 3812 1488 3876 Παῦλος
1509 3829 1522 3843 ·
1558 3830 1576 3863 ‹
1614 3812 1774 3882 Ἀχρι
1798 3810 1906 3881 γὰρ

313 3907 420 3976 τῆς
448 3909 690 3978 σήμερον
729 3907 946 3978 ἡμέρας
981 3906 1046 3960 τὸ
1091 3906 1222 3962 αὐτὸ
1250 3907 1514 3978 κάλυμμα
1550 3906 1643 3958 ἐπὶ
1672 3909 1738 3976 τῇ
1769 3907 1903 3960 ἀνα·-

311 3999 514 4068 γνώσει
546 3999 646 4070 τῆς
693 3999 936 4064 Παλαιᾶς
969 3999 1246 4073 Διαθήκης
1291 4001 1478 4071 μένει,
1517 3999 1592 4072 μὴ
1633 4001 1905 4056 ἁνακαλυ·

313 4090 622 4159 πτόμενον,
670 4089 699 4142 6
735 4106 791 4142 τι
821 4089 880 4142 ἐν
916 4089 1137 4160 Χριστῷ
1180 4093 1558 4162 καταργεῖται.
1617 4089 1756 4143 Ἀλλ’
1799 4090 1903 4153 ἕως

313 4184 560 4252 σήμερον
587 4179 750 4252 ήνίκα
783 4180 1217 4251 ἀναγινώσκεται
1245 4181 1452 4252 Μωσῆς
1471 4223 1485 4245 ,
1520 4181 1784 4252 κάλυμμα
1811 4182 1902 4236 ἐπὶ

308 4272 411 4342 τὴν
438 4272 668 4342 καρδίαν
697 4272 877 4326 αὐτῶν
903 4275 1100 4328 κεῖται.
1149 4273 1338 4328 Ἠνίκα
1375 4274 1431 4327 δέ
1469 4274 1564 4329 ἐὰν
1595 4276 1899 4350 ἐπιστρέψῃ

2020 1789 2125 1844 bus
2152 1805 2354 1844 novum
2382 1798 2440 1845 et
2472 1789 2786 1844 addititium
2811 1790 3072 1860 populum
3099 1831 3113 1854 ,
3139 1791 3418 1860 prapriam
3446 1789 3605 1844 dein-

2018 1899 2148 1955 ceps
2193 1884 2298 1940 sibi
2329 1885 2432 1955 ipsi
2461 1883 2685 1938 domum
2722 1883 2970 1938 Salvator
3009 1883 3321 1938 aadificavit.
3344 1882 3604 1949 Qumnam

2017 1992 2150 2032 vero
2173 1991 2237 2031 ca
2269 1976 2394 2031 est?
2416 1974 2547 2040 Nos,
2577 1975 2671 2044 qui
2698 1974 2862 2030 ﬁdem
2894 1975 3128 2045 amplexi
3151 1989 3360 2039 sumus,
3389 1973 3456 2028 de
3477 1974 3603 2044 qui-

2016 2069 2122 2124 bus
2164 2069 2333 2125 etiam
2382 2084 2484 2138 per
2514 2083 2708 2124 vocem
2753 2065 3040 2138 propheta:
3065 2067 3142 2122 ait
3179 2085 3191 2120 :
3231 2086 3249 2118 (
3279 2067 3425 2121 Dans
3456 2065 3606 2136 leges

2016 2177 2168 2217 meas
2188 2161 2243 2216 in
2273 2172 2456 2218 mente
2483 2176 2697 2226 eorum,
2731 2167 2788 2216 et
2810 2161 2867 2214 in
2900 2159 3160 2216 cordibus
3181 2174 3373 2214 eorum
3404 2158 3602 2213 inscri-

2016 2254 2141 2310 bam
2175 2271 2268 2310 eas
2295 2273 2308 2309 :
2337 2261 2394 2310 et
2415 2270 2512 2310 ero
2538 2253 2674 2325 ipsis
2694 2252 2752 2308 in
2778 2254 2974 2318 Deum,
3010 2251 3115 2322 ipsi
3133 2265 3264 2306 vero
3278 2257 3442 2304 erunt
3466 2250 3603 2304 mihi

2013 2346 2068 2402 in
2084 2348 2348 2418 populum
2369 2348 2409 2402 ⁸.
2424 2367 2440 2398 ›
2461 2347 2682 2402 Habitat
2697 2345 2843 2402 enim
2863 2347 2919 2401 in
2936 2344 3098 2400 nobis
3120 2360 3218 2415 per
3234 2343 3522 2414 Spiritum,
3541 2352 3603 2396 ut

2013 2450 2140 2497 ante
2168 2441 2301 2506 dixi,
2327 2457 2438 2497 non
2451 2440 2776 2498 habitansin
2790 2439 2978 2496 Israel.
2995 2437 3151 2504 Quod
3175 2437 3322 2492 enim
3351 2446 3604 2507 expertes

2012 2534 2221 2590 fuerint
2249 2535 2496 2606 spiritus,
2520 2544 2582 2588 ut
2605 2533 2659 2587 in
2688 2543 2834 2604 typo,
2857 2530 3102 2600 inquam,
3116 2530 3268 2600 juxta
3294 2543 3416 2594 nos,
3440 2529 3477 2583 ii
3505 2528 3600 2598 qui

2012 2635 2138 2681 ante
2168 2627 2465 2682 adventum
2498 2625 2657 2696 145
2681 2623 2886 2680 Christi
2928 2622 3288 2686 exstiterunt,
3315 2620 3602 2691 sapientis-

2011 2720 2184 2773 simus
2212 2718 2451 2773 Joannes
2495 2717 2760 2780 declarat,
2811 2715 3002 2770 dicens
3036 2731 3049 2766 :
3091 2731 3110 2764 ι
3156 2712 3411 2767 Nondum
3447 2709 3597 2764 enim

2009 2819 2126 2865 erat
2151 2809 2388 2880 Spiritus
2409 2815 2651 2872 sanctus,
2677 2807 2805 2877 quia
2823 2807 2982 2862 Jesus
3000 2805 3243 2859 nondum
3265 2802 3600 2873 gloriﬁcatus

2008 2912 2127 2959 erat
2149 2910 2190 2956 ⁵.
2224 2920 2242 2954 ›
2271 2901 2577 2956 Suscitatus
2601 2901 2749 2955 enim
2789 2915 2820 2954 a
2858 2897 3108 2959 mortuis,
3144 2904 3308 2966 atque
3343 2894 3411 2949 ad
3453 2895 3596 2949 divi-

2009 3009 2134 3048 nam
2154 2993 2446 3064 imaginem
2475 2992 2717 3048 hominis
2740 2998 2994 3046 naturam
3039 2987 3364 3053 rcformans,
3401 2988 3598 3058 primis

2017 3086 2225 3141 sanctis
2273 3085 2540 3156 apostolis
2581 3083 2915 3148 insumavit,
2969 3081 3160 3136 dicens
3215 3098 3227 3134 :
3282 3100 3300 3132 ι
3348 3080 3595 3150 Accipite

2015 3177 2283 3248 Spiritum
2307 3187 2560 3232 sanctum
2582 3176 2624 3230 '.
2660 3195 2677 3226 ι
2702 3175 2795 3230 Ait
2811 3189 2942 3230 vero
2965 3173 3167 3228 alicubi
3189 3172 3352 3228 etiam
3373 3172 3596 3227 divinus

2013 3271 2253 3327 Paulus:
2291 3288 2309 3322 ι
2343 3269 2465 3326 Non
2484 3268 2632 3325 enim
2667 3269 2956 3339 accepistis
3005 3267 3261 3338 spiritum
3312 3266 3596 3321 servitutis

2012 3377 2235 3416 rursum
2277 3361 2332 3415 in
2376 3359 2634 3416 timorem
2660 3399 2676 3426 ,
2717 3359 2815 3415 sed
2866 3358 3160 3429 accepistis
3199 3357 3455 3428 spiritum
3491 3355 3592 3411 ad-

2010 3455 2268 3524 optionis,
2302 3453 2359 3508 in
2388 3469 2499 3524 quo
2513 3453 2834 3517 clamamus,
2859 3452 3032 3515 Abba,
3060 3452 3220 3507 Pater
3238 3452 3279 3504 ⁶.
3300 3469 3319 3502 ι
3357 3449 3594 3520 Spiritus

2011 3548 2179 3620 igitur
2201 3549 2484 3604 servitutis
2509 3557 2630 3604 erat
2670 3547 2727 3601 in
2764 3547 2952 3602 Israel.
2983 3546 3043 3600 In
3085 3544 3248 3600 nobis
3277 3557 3430 3606 vero,
3465 3541 3595 3597 ﬁliis

2009 3640 2236 3705 Rachel,
2264 3639 2371 3694 hoc
2409 3650 2513 3706 est,
2556 3638 2814 3694 Ecclesiae
2841 3637 3108 3709 gentium,
3138 3635 3375 3706 Spiritus
3397 3635 3493 3689 Dei
3522 3633 3590 3689 ad

2007 3731 2352 3796 filiationem,
2387 3731 2695 3801 spiritalem
2723 3730 2948 3786 domum
2975 3743 3078 3784 nos
3101 3727 3362 3782 elliciens.
3403 3725 3590 3780 Liberi

2007 3822 2153 3877 enim
2183 3821 2278 3876 filii
2298 3821 2524 3886 Rachel,
2547 3822 2705 3892 cujus
2734 3820 2881 3875 oculi
2910 3819 3095 3874 decori
3121 3833 3187 3872 ac
3203 3815 3450 3887 pulchri;
3479 3815 3590 3870 Lia:

2005 3929 2138 3969 vero
2157 3930 2270 3969 non
2295 3915 2446 3968 item.
2476 3914 2665 3982 Neque
2695 3911 2844 3968 enim
2872 3911 3088 3980 integro
3113 3910 3232 3963 visu
3258 3907 3485 3978 praedita
3504 3919 3590 3964 est

2003 4007 2316 4062 Judmorum
2348 4005 2626 4076 Synagoga
2665 4022 2678 4057 :
2715 4003 2862 4073 quod
2904 4010 2960 4057 et
2988 4001 3191 4055 Paulus
3225 4008 3478 4065 testatur,
3505 3999 3588 4054 di-

2004 4113 2136 4154 cens
2162 4115 2174 4151 :
2209 4117 2228 4150 ι
2268 4097 2404 4151 Nam
2428 4111 2603 4165 usque
2627 4095 2682 4149 in
2713 4093 3044 4150 hodiernum
3079 4092 3225 4148 diem
3253 4093 3502 4147 velamen
3529 4092 3584 4147 in

2003 4189 2239 4245 lectione
2259 4188 2469 4244 Veteris
2497 4185 2833 4242 Testamenti
2857 4192 3044 4239 manet
3074 4201 3087 4238 :
3124 4197 3228 4239 nec
3257 4183 3467 4239 tollitur
3487 4198 3584 4239 ve-

2001 4280 2137 4344 lum,
2162 4278 2311 4349 quod
2341 4294 2440 4349 per
2459 4277 2736 4334 Christum
2763 4275 3033 4332 aboletur.
3093 4275 3199 4332 Sed
3226 4275 3294 4330 ad
3320 4275 3468 4331 hunc
3498 4293 3588 4332 us-

315 4366 454 4434 πρδς
484 4362 710 4434 Κύριον,
743 4369 1109 4456 περιαιρεῖται
1132 4366 1193 4420 τὸ
1219 4366 1502 4438 κάλυμμα.
1540 4367 1598 4421 Ὀ
1617 4367 1674 4422 δέ
1695 4367 1896 4439 Κύριος

2011 4387 2108 4442 que
2133 4372 2278 4427 diem
2294 4386 2419 4426 cum
2439 4369 2638 4440 legitur
2656 4369 2889 4440 Moyses,
2913 4369 3162 4422 velamen
3186 4367 3446 4422 cordibus
3467 4369 3585 4423 illo-

309 4455 370 4508 τὸ
422 4454 653 4526 Πνεῦμα
700 4458 870 4513 ἐστιν.
919 4450 996 4512 Οῦ
1040 4457 1098 4511 δέ
1143 4457 1204 4513 τὸ
1250 4459 1475 4530 Πνεῦμα
1499 4461 1742 4532 Κυρίου,
1783 4462 1901 4515 ἐκεῖ

2011 4480 2127 4519 rum
2157 4461 2472 4533 impositum
2501 4469 2605 4516 est.
2629 4459 2700 4514 At
2723 4459 2816 4513 ubi
2845 4457 3094 4513 conversi
3128 4456 3334 4511 fuerint
3367 4457 3435 4511 ad
3471 4457 3581 4512 Do-

311 4544 612 4616 ἐλευθερία.
653 4546 791 4599 Ἀλλ’
813 4548 977 4618 ήμείς
1010 4548 1268 4613 ἅπαντες,
1292 4548 1368 4613 ὡς
1397 4550 1500 4620 ἐφη
1531 4551 1692 4604 πάλιν
1715 4551 1897 4619 αὐτὸς,

311 4637 824 4709 ἀνακεκαλυμμένῳ
864 4639 1142 4711 προσώπῳ
1187 4639 1285 4709 τὴν
1320 4640 1478 4706 δόξαν
1515 4642 1722 4712 Κυρίου
1769 4660 1899 4696 κατ-

309 4730 719 4801 οπτριζόμενοι,
741 4731 841 4802 τὴν
867 4731 1038 4803 αὐτὴν
1065 4733 1250 4786 εἰκόνα
1271 4734 1767 4804 μεταμορφούμεθα
1787 4735 1896 4790 ἀπὸ

305 4819 466 4888 δόξης
489 4821 569 4884 είς
599 4819 779 4885 δόξαν,
813 4820 1064 4893 καθάπερ
1102 4823 1212 4877 ἀπὸ
1250 4823 1455 4895 Κυρίου
1489 4825 1825 4895 Πνεύματος.
1866 4845 1886 4880 ι

308 4910 500 4979 Συνίης
557 4911 641 4962 ὄτι
683 4911 868 4974 καλοῖς
908 4911 1207 4983 ὀφθαλμοῖς
1254 4915 1348 4968 καὶ
1387 4915 1891 4989 ἀνακεκαλυμμένῳ

304 5001 588 5070 προσώπῳ
616 5000 714 5072 τὴν
747 5000 904 5067 δόξαν
944 5004 1152 5074 Κυρίου
1182 5006 1694 5078 κατοπτριζόμεθα;
1737 5010 1891 5081 Λαμ-

303 5093 436 5163 προ“ι
480 5093 590 5164 γάρ
627 5095 677 5146 οἱ
733 5094 830 5164 τῆς
863 5095 1066 5167 Ῥαχὴλ
1114 5097 1408 5170 ὀφθαλμοὶ,
1451 5100 1703 5173 καθάπερ
1754 5101 1891 5172 ἔφην

297 5181 528 5254 ἀρτίως.
571 5182 790 5255 Ἐπειδὴ
814 5187 993 5240 τοίνυν
1016 5191 1049 5260 ή
1073 5191 1315 5262 νεωτάτη
1351 5192 1549 5264 Ῥαχὴλ
1570 5194 1660 5248 τὸν
1693 5195 1890 5266 Ἰωσὴφ

296 5274 614 5335 ἐκτέτοκεν.
676 5276 855 5330 οῐκαδε
915 5279 1016 5348 μὲν
1074 5279 1209 5334 ἰέναι
1265 5282 1576 5336 διασπεύδει
1631 5285 1821 5340 λοιπὸν
1862 5287 1892 5339 6

295 5365 592 5430 θεσπέσιος
634 5365 846 5423 Ἰακώϐ.
875 5369 1271 5426 Μεταποιεῖται
1299 5371 1356 5425 δέ
1383 5372 1589 5441 Λάὸαν,
1619 5375 1711 5428 καὶ
1742 5377 1891 5430 εὐλο-

369 5569 388 5600 ¹
425 5566 562 5623 Gen.
592 5586 718 5633 xxx,
753 5569 841 5625 '50.
919 5573 938 5604 ¹
971 5571 1070 5626 lsa.
1126 5571 1226 5637 66,
1282 5574 1334 5630 1.

295 5638 315 5665 ⁸
348 5639 513 5695 Rom.
555 5656 666 5704 vm,
693 5641 782 5697 15.
857 5642 877 5672 ⁷
904 5642 945 5697 Il
974 5641 1098 5698 Cor.
1130 5658 1204 5707 In,
1226 5643 1413 5702 11-18.

626 5733 900 5794 PATROL.
947 5733 1063 5795 Gn.
1109 5735 1310 5802 LXIX.

2003 4558 2237 4620 minum,
2269 4554 2493 4610 tolletur
2526 4553 2798 4608 velamen.
2831 4550 3099 4605 Dominus
3142 4560 3326 4605 autem
3356 4550 3584 4620 spiritus

1997 4655 2102 4704 est.
2141 4647 2312 4702 Porro
2330 4645 2424 4701 ubi
2453 4644 2692 4716 Spiritus
2716 4643 2952 4707 Domini,
2982 4643 3057 4697 ibi
3079 4643 3320 4698 libertas.
3349 4641 3455 4698 Sed
3480 4657 3584 4700 nos

1996 4755 2189 4795 omnes
2242 4736 2748 4810 (quemadmodum
2797 4752 2991 4792 rursus
3021 4735 3136 4810 ait)
3182 4743 3386 4793 retecta
3443 4735 3580 4792 facie

1997 4831 2226 4902 gloriam
2249 4829 2466 4885 Domini
2489 4830 2542 4884 in
2579 4829 2802 4900 speculo
2828 4838 3304 4901 repraesentantes,
3333 4829 3400 4885 ad
3431 4844 3581 4886 eam-

1998 4923 2122 4978 dem
2156 4921 2449 4992 imaginem
2473 4919 2928 4974 transformamur
2970 4935 3001 4974 a
3025 4920 3201 4990 gloria
3236 4919 3290 4973 in
3322 4917 3574 4988 gloriam,

1999 5020 2258 5080 tanquam
2286 5024 2319 5064 a
2361 5009 2575 5064 Domini
2604 5008 2814 5078 Spiritu
2835 5010 2876 5067 '.
2909 5027 2927 5060 ι
2972 5008 3236 5078 lntelligis
3263 5007 3408 5078 quod
3450 5007 3576 5078 pul-

1995 5101 2144 5157 chris
2190 5101 2386 5165 oculis,
2437 5106 2494 5155 et
2546 5100 2786 5156 revelata
2815 5098 2952 5154 facie
3000 5098 3228 5170 gloriam
3265 5098 3362 5153 Dei
3392 5099 3575 5154 intue-

1997 5193 2150 5248 mur?
2179 5192 2484 5264 Splendidi‘
2515 5194 2665 5249 enim
2707 5201 2836 5248 sunt
2864 5191 3007 5246 oculi
3051 5191 3278 5257 Rachel,
3305 5199 3367 5246 ut
3411 5191 3576 5246 modo

1995 5285 2129 5340 dixi.
2146 5285 2504 5356 Posteaquam
2530 5285 2698 5357 igitur
2722 5284 2910 5354 iunior
2936 5283 3140 5339 Rachel
3167 5284 3575 5354 Josephumpe-

1997 5377 2161 5448 perit,
2194 5377 2363 5433 Jacoh
2397 5377 2582 5432 statim
2607 5376 2830 5432 domum
2863 5374 3040 5432 redire
3074 5376 3376 5431 contendit.
3409 5375 3576 5430 Reni-

1415 5576 1663 5634 ‘Jerem.
1733 5595 1854 5634 xxxi
1886 5620 1899 5645 ,
1941 5579 2042 5648 '55;
2096 5579 2261 5636 flebr.
2296 5596 2358 5647 χ,
2396 5579 2482 5636 16.
2562 5580 2582 5612 ⁸
2610 5580 2767 5638 Joan.
2800 5597 2904 5650 vn,
2955 5579 3042 5636 39.
3101 5579 3299 5636 'Joan.
3344 5593 3448 5645 κε,
3476 5575 3566 5634 ‘22.

3176 5718 3213 5775 3
