4004 6204
464 242 584 299 ’235
1472 242 1532 298 S.
1574 242 1848 299 CYRILLI
1885 236 2353 297 ALEXANDle
2393 237 2713 296 ARCHIEP.
3623 240 3729 295 236

474 365 607 422 titur
637 372 823 418 autem
858 363 909 419 ei
942 362 1148 426 Laban,
1175 373 1230 418 et
1273 362 1698 418 benedictumse
1724 363 1820 428 ait,
1845 377 2047 433 propa-

2152 361 2365 431 γεῖσθαί
2387 379 2552 432 φησιν
2595 362 2673 426 είς
2699 361 2906 433 πληθὺν
2948 360 3116 433 ἀρδην
3153 362 3250 433 τῆς
3280 360 3481 432 ἀγέλης
3509 363 3731 432 εὐρυνο-

472 465 596 526 gate
630 454 735 524 ipsi
766 453 820 508 in
854 469 1102 525 magnam
1155 454 1563 509 multitudinem
1599 471 1782 525 grege.
1833 454 2043 523 lndiget

469 546 618 600 enim
644 544 1000 600 vehementer
1029 544 1267 601 mundus
1298 545 1429 611 Deo,
1469 545 1571 600 etsi
1617 562 1727 600 non
1755 545 1902 600 dicat
1928 544 2041 599 for-

475 649 639 703 tasse,
686 637 789 691 scit
844 643 1024 691 tamen
1052 651 1116 691 ac
1150 634 1452 692 'conﬁtetur
1493 637 1642 709 quod
1695 637 1880 692 omnia
1922 651 2045 707 qua:

471 725 577 798 ipsi
605 727 672 782 ad
714 729 883 782 vitam
940 736 1071 782 sunt
1109 727 1420 798 bonamque
1475 728 1927 785 constitutionem
1949 743 2046 782 ne-

469 817 726 881 cessaria,
761 832 790 871 a
815 817 925 872 Deo
947 819 1074 873 sint.
1106 818 1284 890 Exigit
1307 827 1489 874 autem
1523 820 1830 876 mercedem
1854 819 2049 874 beatus

471 908 659 973 Jacob,
694 924 870 979 neque
915 909 1016 980 ipsi
1042 911 1276 980 amplius
1294 912 1461 982 gratis
1486 913 1710 969 subesse
1746 917 1882 971 vult.
1915 914 2047 968 Erat

472 1010 653 1056 autem
685 1017 894 1057 merces
914 1002 1019 1071 ipsi
1047 1002 1191 1057 haud
1216 1002 1407 1074 parum
1436 1013 1641 1075 optata,
1670 1020 1801 1060 oves
1819 1006 2048 1062 maculis

475 1108 675 1164 Sparsa:
698 1103 753 1149 et
772 1094 1125 1169 subcin‘ericii
1154 1096 1373 1151 coloris.
1409 1096 1802 1168 Superioribus
1822 1099 2047 1170 quidem

474 1204 541 1242 ac
570 1188 865 1258 praeteritis
897 1189 1240 1259 temporibus
1279 1189 1467 1245 innata
1506 1190 1844 1262 benignitate
1883 1207 2047 1246 mun-

474 1281 606 1335 dum
630 1281 964 1351 gubernans,
993 1294 1094 1350 per
1113 1295 1277 1350 quem
1310 1283 1494 1336 omnia
1511 1281 1651 1337 facta
1684 1291 1813 1337 sunt
1828 1283 1869 1348 ⁸,
1902 1283 2050 1338 Deus

398 1432 405 1439 ,
474 1369 735 1435 Verbum,
761 1370 1127 1440 permisiteos
1153 1370 1249 1441 qui
1279 1370 1333 1425 in
1360 1371 1477 1442 ipso
1502 1379 1659 1427 erant
1703 1392 1721 1424 ι
1768 1373 2050 1428 ambulare

472 1460 531 1519 in
564 1461 669 1515 viis
697 1461 833 1526 suis,
868 1480 887 1513 ι
927 1461 1071 1517 sicut
1104 1463 1369 1533 scriptum
1396 1465 1542 1519 est’.
1572 1463 1730 1537 146
1754 1466 2050 1536 Postquam

472 1567 601 1607 vero
617 1552 829 1623 peperit
856 1553 1098 1609 Ecclesia
1123 1571 1325 1610 novum
1347 1571 1671 1626 semperque
1715 1567 2051 1613 crescentem

470 1644 733 1715 populum
756 1685 771 1709 ,
803 1645 910 1700 hoc
947 1654 1066 1712 est,
1102 1662 1198 1702 eos
1228 1649 1321 1719 qui
1346 1664 1445 1719 per
1474 1648 1635 1705 ﬁdem
1667 1650 1968 1727 spiritalem
1996 1651 2052 1706 in

2152 456 2341 527 μένης.
2379 456 2560 507 Δεῖται
2592 454 2702 526 γὰρ
2739 453 2859 508 λίαν
2901 455 2930 507 6
2975 454 3178 525 κόσμος
3225 453 3390 520 Θεοῦ,
3421 452 3526 508 κᾶν
3565 456 3615 508 εἰ
3660 456 3737 528 μὴ

2149 545 2294 615 λέγει
2333 546 2517 616 τυχὸν,
2566 546 2683 600 ἀλλ’
2731 540 2826 600 οὖν
2870 545 2950 617 τῷ
2981 546 3177 600 εἰδέναι
3212 546 3307 600 καλ⁸
3344 544 3624 615 ὁμολογεῖν
3654 547 3737 602 ὅτι

2150 636 2328 690 πάντα
2357 634 2505 706 αὐτῷ
2537 635 2607 689 τά
2631 651 2691 688 τε
2718 634 2962 708 ζωαρκῆ,
2999 635 3092 689 καὶ
3121 634 3190 689 τὰ
3218 637 3297 699 είς
3329 631 3387 690 εὖ
3413 631 3552 690 εἶναι
3583 637 3738 709 παρά

2150 728 2306 783 Θεοῦ.
2370 727 2604 793 Ἐξαιτετ
2629 727 2685 782 δέ
2732 727 2923 799 μισθὸν
2962 728 2991 780 ό
3038 727 3309 800 μακάριος
3370 727 3563 782 Ἰακὼὸ
3610 730 3736 800 εικῆ

2152 820 2411 889 παρεῖναι
2450 818 2524 890 μὴ
2572 818 2892 889 ἐνεχόμενος
2937 816 3037 871 ἔτι.
3080 818 3192 872 Καὶ
3231 814 3299 890 ἦν
3341 820 3370 873 6
3404 818 3596 889 μισθὸς
3637 819 3739 872 οὐκ

2151 909 2474 980 ἀνεθέλητος
2504 910 2686 981 αὐτῷ,
2727 908 2796 963 τά
2837 909 3272 981 κατερραμμένα
3312 910 3381 964 τὰ
3428 909 3734 980 σποδοειδῆ.

2152 1001 2311 1055 Κατὰ
2340 1002 2438 1072 μὲν
2461 997 2554 1055 οὖν
2581 1002 2709 1066 τοὺς
2738 1000 2945 1056 ἄνωθεν
2971 1001 3051 1055 ἔτι
3072 1001 3166 1054 καὶ
3195 1000 3593 1072 παρῳχηκότας
3617 1018 3738 1054 και-

2156 1093 2303 1164 ροὺς.
2323 1093 2500 1148 καίτοι
2529 1093 2749 1148 διοικῶν
2781 1094 2875 1148 τὸν
2920 1095 3123 1165 κόσμον
3163 1092 3225 1159 ἐξ
3262 1093 3600 1165 ἡμερότητος
3636 1094 3739 1165 τῆς

2154 1185 2399 1257 ἐμφύτου
2420 1187 2515 1241 καὶ
2546 1186 2910 1260 θεοπρεποῦς,
2945 1189 2974 1241 6
3002 1187 3069 1243 δι’
3093 1178 3154 1241 οὗ
3183 1188 3250 1240 τὰ
3278 1189 3454 1241 πάντα
3478 1186 3609 1251 Θεὸς
3637 1187 3738 1240 Λό-

2154 1291 2271 1344 γος,
2310 1276 2460 1345 ἠφίει
2490 1278 2615 1339 τοὺς
2641 1278 2700 1330 ἐν
2721 1276 2871 1349 αὐτῷ
2907 1298 2927 1329 ι
2969 1276 3298 1349 πορεύεσθαι
3320 1279 3440 1340 ταῖς
3470 1276 3609 1341 ὁδοῖς
3635 1278 3738 1329 αὖ·

2154 1367 2286 1433 τῶν,
2321 1386 2340 1419 ι
2379 1366 2522 1422 κατά
2554 1367 2615 1420 τὸ
2646 1371 3051 1441 γεγραμμένον.
3097 1366 3317 1439 Ἐπειδὴ
3347 1368 3406 1421 δὲ
3447 1368 3669 1422 τέτοκεν
3701 1369 3736 1439 ή

2170 1457 2487 1530 Ἐκκλησία,
2532 1457 2625 1513 τὸν
2670 1460 2729 1512 ὲν
2769 1459 3109 1530 προσθήκαις
3153 1458 3240 1513 ἀεὶ
3284 1457 3378 1513 καὶ
3422 1458 3541 1513 νέον
3587 1458 3737 1521 λαὸν.

2155 1550 2421 1612 τουτέστι,
2448 1538 2574 1614 τοῦς
2598 1549 2686 1605 διὰ
2711 1551 2946 1616 πίστεως
2972 1551 3071 1621 τῆς
3100 1554 3180 1614 είς
3203 1550 3364 1605 αὐτὸν
3383 1550 3740 1622 ἀναγέννησιν

2158 1642 2257 1714 ἤδη
2285 1641 2550 1712 λαχόντας
2581 1643 2680 1714 τὴν
2709 1643 3087 1714 πνευματικὴν
3105 1684 3118 1705 ,
3154 1645 3376 1699 ἀπαιτεῖ
3406 1644 3498 1698 τὸν
3532 1644 3739 1715 κόσμον

473 1736 654 1807 ipsum
707 1739 1182 1808 regenerationem
1244 1748 1374 1795 sunt
1426 1741 1747 1806 consecuti,
1817 1743 1988 1814 exigit
2021 1760 2049 1799 a

2157 1734 2347 1805 μισθὸν
2368 1734 2557 1805 ὥσπερ
2588 1735 2710 1789 τινὰ
2735 1736 2835 1806 τῆς
2863 1735 3004 1809 ὑπὲρ
3031 1734 3198 1790 αὑτοῦ
3228 1736 3486 1807 προνοίας
3509 1738 3637 1799 τοὺς
3658 1737 3741 1801 είς

471 1826 679 1881 mundo
707 1827 876 1881 veluti
907 1828 1219 1884 mercedem
1241 1832 1531 1901 quamdam
1557 1849 1673 1889 sum
1699 1834 1767 1889 de
1787 1850 1853 1889 eo
1883 1852 2049 1903 curae,

471 1918 733 1974 nimirum
766 1919 835 1974 ad
866 1920 1026 1975 ﬁdem
1048 1923 1442 1992 promptiores,
1461 1940 1695 1995 quorum
1727 1926 1948 1997 quidem
1972 1936 2055 1999 ty-

472 2026 577 2081 pus
599 2020 727 2066 sunt
756 2013 1030 2067 maculosa
1052 2023 1108 2069 et
1150 2014 1428 2087 einericia.
1459 2015 1601 2082 Quid
1634 2033 1768 2072 vero
1795 2019 1899 2074 hoc
1947 2020 2052 2074 sibi

471 2102 629 2155 vult?
663 2100 891 2171 Semper
929 2101 1045 2157 fere
1078 2102 1135 2157 in
1159 2103 1344 2157 ovium
1375 2112 1431 2160 et
1469 2120 1757 2175 caprarum
1797 2108 2053 2180 gregibus

475 2208 595 2265 quae
647 2193 814 2247 unius
843 2193 1045 2249 coloris
1082 2203 1232 2261 sunt,
1258 2196 1575 2266 pastoribus
1621 2198 1863 2269 gratiora
1892 2211 2050 2269 sunt;

470 2283 620 2339 varia
644 2292 827 2339 autem
848 2293 905 2338 et
930 2284 1208 2339 maculosa
1235 2285 1539 2341 secundum
1567 2287 1748 2343 locum
1777 2289 2050 2358 obtinent,

471 2392 652 2447 neque
675 2377 1026 2444 eodemeum
1062 2377 1187 2432 aliis
1210 2378 1262 2431 in
1285 2379 1470 2449 pretio
1494 2388 1642 2435 sunt.
1659 2380 1807 2435 Lana
1825 2382 1973 2437 enim
1996 2382 2053 2438 in

354 2472 355 2475 “
471 2468 540 2523 iis
570 2484 679 2523 non
704 2476 787 2524 est
815 2468 1123 2534 uniformis,
1163 2468 1258 2524 sed
1283 2469 1556 2542 variegata
1605 2473 1858 2528 nonnihil
1882 2483 1939 2530 et
1965 2474 2052 2529 di-

471 2557 773 2613 versieolor
807 2572 872 2613 ac
899 2559 1071 2615 veluti
1124 2558 1374 2615 confusa.
1409 2561 1625 2632 Accipit
1662 2561 1850 2632 itaque
1890 2562 2053 2619 Chri-

471 2658 591 2705 stus
611 2666 641 2705 a
661 2650 887 2715 mundo,
911 2666 1023 2706 non
1060 2667 1183 2723 qua:
1204 2653 1429 2708 omnino
1451 2653 1506 2707 in
1541 2668 1609 2709 eo
1631 2663 1760 2710 sunt
1790 2655 2050 2725 pretiosa,

470 2732 626 2798 etab
664 2742 983 2798 hominibus
1026 2744 1222 2799 selecta
1249 2784 1263 2809 ,
1313 2745 1409 2800 sed
1452 2745 1638 2816 potius
1676 2761 1798 2816 quae
1828 2745 2054 2801 inferio-
2086 2768 2089 2771 λ

476 2849 535 2889 ra
558 2833 883 2905 minoreque
917 2835 973 2890 in
1008 2837 1184 2907 pretio
1214 2837 1358 2907 apud
1397 2853 1493 2893 eos
1514 2837 1806 2895 habentur.
1838 2838 2053 2894 Conﬁr-

471 2936 585 2982 mat
600 2935 781 2984 autem
812 2929 918 2984 hoc
944 2928 1166 2984 divinus
1185 2931 1408 2998 Paulus,
1441 2931 1518 2986 ita
1544 2932 1901 2987 credentibus
1922 2932 2057 2988 seri-

472 3017 649 3074 heus:
681 3038 699 3071 ι
736 3020 929 3076 Videte
974 3022 1122 3076 enim
1150 3023 1496 3078 vocationem
1540 3033 1803 3087 vestram,
1829 3023 2052 3087 fratres,

471 3113 730 3182 quianon
777 3114 938 3171 multi
964 3115 1239 3184 sapientes
1290 3114 1596 3169 secundum
1640 3127 1903 3178 carnem,
1942 3128 2050 3167 non

472 3206 630 3260 multi
666 3213 941 3276 potentes,
973 3221 1083 3260 non
1129 3205 1287 3259 multi
1317 3206 1532 3259 nobiles
1556 3222 1569 3257 :
1593 3204 1690 3259 sed
1736 3218 1857 3274 quae
1886 3205 2053 3260 stulta

472 3302 603 3350 sunt
631 3295 821 3349 mundi
842 3295 1007 3365 elegit
1038 3295 1185 3350 Deus
1203 3335 1217 3359 ,
1262 3305 1323 3349 ut
1346 3293 1648 3350 confundat
1676 3294 1970 3366 sapientes,
1997 3305 2053 3351 et

471 3385 688 3443 inﬁrma
718 3387 908 3442 mundi
939 3388 1104 3458 elegit
1135 3389 1299 3454 Deus,
1330 3397 1393 3443 ut
1417 3388 1720 3443 confundat
1744 3382 1903 3443 fortia
1928 3389 1991 3443 ιθ.
2024 3409 2042 3442 ›

469 3478 645 3535 Porro
665 3479 771 3534 alia
804 3480 969 3535 etiam
1000 3479 1215 3536 ratione
1242 3479 1472 3551 intelligi
1504 3488 1706 3550 potest,
1725 3480 1771 3534 si
1792 3480 1917 3551 quis
1934 3481 2051 3536 batc

469 3570 791 3641 diligentius
813 3570 1096 3640 inquirere
1145 3571 1301 3636 velit,
1350 3571 1656 3626 cineratum
1687 3571 2047 3627 maculosum.

467 3660 574 3729 Qui
608 3661 757 3716 enim
784 3662 840 3717 in
867 3660 1086 3718 Christo
1125 3662 1367 3734 insignes
1408 3670 1557 3728 sunt,
1582 3663 1753 3718 veluti
1785 3663 2049 3720 varietate

468 3751 527 3808 in
554 3752 815 3823 operibus
841 3762 898 3809 et
926 3754 1111 3810 verbis
1148 3754 1364 3825 praediti
1394 3754 1869 3811 sunt:obscurum
1900 3756 2049 3811 enim

467 3852 526 3900 et
546 3846 765 3917 nigrum
795 3846 967 3918 ﬁgura
998 3855 1082 3902 est
1107 3856 1272 3918 atque
1311 3847 1508 3903 umbra
1535 3848 1783 3920 mysterii
1818 3847 2046 3915 Christi,

469 3936 932 4009 tenebrosumque
953 3946 1009 3994 et
1040 3938 1337 3994 obscurum
1358 3938 1522 4009 vulgo
1543 3937 1612 3993 de
1647 3952 1714 3993 eo
1736 3953 2047 3995 sermonem

465 4044 588 4087 esse
610 4030 920 4102 signiﬁcat:
959 4031 1037 4086 ait
1068 4032 1217 4088 enim
1243 4029 1448 4087 alicubi
1490 4031 1658 4089 etiam
1690 4030 1910 4086 divinus
1940 4031 2047 4085 Da-

464 4121 559 4177 vid
604 4125 662 4177 in
693 4122 836 4177 libro
868 4123 1209 4179 Psalmorum
1244 4140 1257 4176 :
1311 4141 1330 4174 ι
1377 4122 1568 4178 Posuit
1610 4123 1868 4179 tenebras
1926 4123 2049 4179 lati-

466 4210 659 4265 bulum
683 4226 868 4273 suum,
908 4211 966 4265 in
995 4212 1229 4268 circuitu
1249 4212 1372 4283 ejus
1404 4212 1820 4268 tabernaculum
1850 4213 2045 4285 ipsius.

466 4302 782 4359 Tenebrosa
809 4318 949 4373 aqua
995 4302 1053 4358 in
1087 4302 1332 4359 nubibus
1368 4303 1588 4369 aeris",
1626 4321 1645 4354 ι
1672 4303 2048 4359 diﬁicultatem

2152 1825 2215 1879 τὸ
2252 1823 2527 1879 πιστεύειν
2552 1827 2953 1898 ἑτοιμοτέρους,
2982 1820 3058 1880 ὧν
3090 1826 3156 1881 ἂν
3186 1829 3268 1891 είς
3303 1827 3474 1881 τύπον
3505 1829 3573 1882 τά
3609 1846 3741 1882 σπο-

2151 1921 2324 1992 δοειδῆ
2355 1922 2447 1976 καὶ
2470 1921 2660 1992 ραντά.
2686 1921 2752 1975 Τί
2775 1921 2841 1993 δὴ
2866 1920 3022 1975 τοῦτό
3054 1922 3232 1987 ἐστιν;
3273 1921 3382 1973 Ἀεί
3406 1938 3510 1992 περ
3533 1922 3591 1975 ἐν
3618 1925 3742 1988 ταῖς

2152 2012 2278 2066 όῖων
2318 2029 2378 2066 τε
2401 2012 2496 2067 καὶ
2524 2012 2701 2082 αἰγῶν
2733 2013 2957 2081 ἀγέλαις
2995 2012 3064 2066 τά
3096 2012 3338 2083 μονοειδῆ
3364 2014 3476 2076 τοῖς
3508 2013 3742 2086 τρέφου-

2155 2121 2241 2159 σιν
2275 2105 2644 2177 αἱρετώτερα·
2677 2103 2748 2158 τὰ
2784 2104 2840 2159 δέ
2870 2104 3041 2177 ραντά
3072 2104 3165 2158 καὶ
3197 2105 3603 2176 κατεστιγμένα
3640 2106 3740 2160 τά-

2155 2196 2235 2262 ξιν
2263 2197 2377 2269 ἔχει
2413 2196 2700 2268 δευτέραν,
2732 2197 2826 2251 καὶ
2857 2197 2959 2251 ούκ
2992 2199 3049 2252 ἐν
3081 2198 3180 2268 ίσῳ
3206 2197 3349 2267 λόγῳ
3390 2201 3503 2263 τοῖς
3533 2199 3738 2262 ἄλλοις.

2157 2289 2344 2361 Ἐριον
2371 2289 2481 2361 γὰρ
2524 2290 2582 2343 ἐν
2629 2286 2921 2353 αύταῖςόὐ
2970 2290 3265 2360 μονοειδὲς,
3312 2289 3427 2344 ἀλλ’
3465 2292 3524 2344 ἐν
3560 2290 3739 2362 βραχὺ

2152 2379 2459 2452 παραλλὰξ,
2505 2378 2829 2452 ἐτερόχρουν
2867 2377 2925 2432 δέ
2977 2379 3125 2432 ἐστιν
3165 2380 3262 2433 καὶ
3297 2380 3462 2434 οἱονεὶ
3504 2396 3740 2451 περιπε-

2155 2471 2454 2542 φυρμένον.
2494 2470 2719 2541 Δέχεται
2742 2454 2922 2524 τοίνυν
2955 2470 3063 2524 ἀπὸ
3093 2469 3187 2524 τοῦ
3232 2470 3437 2542 κόσμου
3480 2471 3739 2543 Χριστὸς,

2153 2562 2273 2631 οὐχὶ
2292 2560 2354 2631 δή
2387 2577 2489 2614 που
2520 2561 2739 2623 πάντως
2759 2560 2827 2614 τὰ
2853 2561 2910 2613 ἐν
2936 2552 3087 2631 αὐτῷ
3113 2560 3294 2629 τίμια,
3317 2560 3413 2614 καὶ
3439 2562 3496 2613 ἐν
3521 2560 3739 2633 ἀνθρὼσ

2155 2670 2281 2717 ποις
2310 2653 2609 2717 ἀπόλεκτα,
2639 2650 2753 2706 ἀλλ’
2793 2652 2893 2705 ὅσα
2923 2651 3123 2722 μᾶλλον
3148 2654 3206 2705 ὲν
3237 2652 3421 2713 αὐτοῖς
3455 2652 3514 2705 ἐν
3546 2652 3741 2723 ὑφέσει

2153 2763 2211 2800 τε
2246 2741 2385 2799 εῖναι
2417 2745 2581 2811 δοκεῖ,
2621 2745 2716 2799 καὶ
2747 2746 2847 2798 ούκ
2892 2745 2949 2797 ἐν
2987 2743 3075 2815 ῐσῃ
3113 2743 3260 2817 δόξῃ.
3302 2743 3644 2799 Πιστὼσεται
3678 2746 3739 2800 δέ

2154 2839 2244 2893 τὸν
2276 2838 2434 2908 λόγον
2468 2839 2559 2892 καὶ
2584 2839 2612 2891 6
2653 2836 2939 2900 θεσπέσιος
2972 2836 3217 2902 Παῦλος,
3258 2836 3586 2891 ἐπιστέλλων
3624 2840 3743 2902 τοῖς

2155 2929 2544 2984 πεπιστευκόσι
2563 2945 2579 2961 ο
2613 2947 2632 2979 ι
2661 2928 2895 2995 Βλέπετε
2924 2927 3035 2998 γὰρ
3056 2928 3157 3000 τὴν
3177 2928 3365 2998 κλῆσιν
3391 2927 3563 2997 ὑμῶν,
3588 2927 3742 2982 ἀδελ·

2157 3023 2269 3091 φοί,
2306 3023 2386 3074 ὄτι
2415 3021 2476 3075 ού
2517 3020 2699 3073 πολλοὶ
2741 3018 2896 3089 σοφοὶ
2922 3019 3068 3073 κατά
3101 3020 3309 3091 σάρκα,
3336 3021 3398 3074 οὐ
3431 3019 3616 3073 πολλοὶ
3647 3019 3743 3073 δυο

2160 3113 2328 3179 νατοὶ,
2348 3113 2410 3166 οὐ
2439 3112 2622 3166 πολλοὶ
2652 3113 2923 3182 εὐγενεῖς·
2954 3112 3091 3166 ἀλλά
3114 3113 3184 3166 τὰ
3212 3111 3372 3185 μωρὰ
3398 3114 3493 3166 τοῦ
3528 3112 3741 3184 κόσμου

2154 3204 2436 3270 ἐξελέξατο
2479 3207 2507 3259 6
2532 3205 2684 3272 Θεὸς,
2727 3205 2815 3258 ἴνα
2843 3204 3184 3277 καταισχύνῃ
3213 3206 3341 3269 τοὺς
3379 3207 3577 3273 σοφοὺς
3595 3247 3611 3271 ,
3641 3207 3741 3261 καὶ

2151 3296 2219 3350 τά
2262 3296 2460 3367 ἀσθενῆ
2490 3295 2587 3349 τοῦ
2625 3296 2828 3369 κόσμου
2858 3295 3138 3362 ἐξελέξατο
3168 3296 3198 3347 6
3234 3294 3388 3358 Θεὸς,
3420 3294 3506 3347 ἴνα
3545 3311 3743 3348 καται-

2155 3388 2322 3461 σχύνῃ
2355 3388 2423 3441 τὰ
2460 3388 2675 3459 ἰσχυρά.
2704 3406 2732 3440 τ
2760 3386 2996 3458 Νοηθείη
3028 3388 3073 3440 δ’
3103 3387 3169 3441 ἂν
3198 3388 3292 3441 καὶ
3316 3387 3539 3458 ἐτέρως,
3576 3385 3742 3457 εἴπερ

2154 3480 2395 3552 βούλοιτό
2442 3498 2526 3544 τις
2565 3480 2887 3551 ἐξακριϐοῦν
2919 3480 2987 3534 τὰ
3024 3480 3225 3542 τοιάδε,
3262 3479 3570 3543 σποδοειδὲς
3603 3482 3738 3550 ραν-

2151 3572 2264 3626 τόν.
2313 3571 2563 3626 Ποικίλον
2605 3571 2715 3643 γάρ
2754 3589 2871 3636 πως
2901 3574 2953 3625 οί
2999 3573 3057 3626 ἐν
3100 3571 3321 3644 Χριστῷ
3360 3573 3420 3625 τὸ
3462 3573 3741 3645 εὐπρεπὲς

2152 3661 2369 3733 ἔχοντες
2397 3661 2473 3724 ὡς
2495 3662 2552 3714 ὲν
2577 3660 2761 3732 ἔργοις
2784 3678 2842 3714 τε
2873 3662 2969 3715 καὶ
2995 3660 3193 3730 λόγοις.
3227 3661 3299 3714 Ἰὸ
3331 3661 3428 3733 μὲν
3447 3662 3554 3731 γὰρ
3579 3662 3741 3731 φαιόν

2152 3770 2212 3807 τε
2253 3752 2349 3806 καὶ
2387 3752 2554 3822 μέλαν
2598 3750 3015 3822 καταλογισθείη
3050 3754 3131 3815 είς
3177 3752 3406 3821 αίνιγμα
3440 3751 3536 3804 καὶ
3575 3752 3739 3805 σκιάν

2150 3843 2246 3898 τοῦ
2276 3843 2419 3897 κατά
2447 3841 2679 3913 Χριστὸν
2715 3841 3035 3912 μυστηρίου,
3067 3841 3162 3894 καὶ
3190 3842 3282 3895 τὸν
3313 3842 3398 3895 ἐπ’
3431 3840 3579 3910 αὐτῷ
3611 3856 3739 3894 σκο-

2151 3933 2328 3987 τεινὸν
2382 3933 2676 4002 ἀσυμφανῆ
2705 3933 2819 3994 τοῖς
2887 3931 3104 3995 πολλοῖς
3159 3931 3503 4002 καταγράψοι
3552 3929 3733 3998 λόγον.

2156 4026 2299 4096 Ἔφη
2333 4025 2441 4095 γάρ
2470 4040 2573 4077 που
2603 4023 2696 4077 καὶ
2724 4023 2753 4075 ό
2780 4023 3065 4086 Θεσπέσιος
3093 4022 3256 4077 Δαόὶδ
3282 4025 3341 4076 ὲν
3373 4022 3564 4094 βιϐλίῳ
3582 4022 3738 4077 Ψαλ-

2155 4114 2293 4187 μῶν,
2342 4115 2424 4168 ὅτι
2463 4132 2481 4165 ι
2510 4112 2704 4167 Ἕθετο
2736 4113 2927 4176 σκότος
2948 4111 3273 4184 ἀποκρυφὴν
3309 4112 3474 4167 αὐτοῦ
3496 4153 3511 4177 ,
3546 4111 3737 4183 κύκλῳ

2151 4205 2316 4262 αὑτοῦ
2359 4206 2395 4278 ἡ
2439 4203 2614 4277 σκηνὴ
2658 4203 2844 4258 αὑτοῦ.
2886 4204 3170 4258 Σκοτεινὸν
3210 4203 3355 4274 ὕδωρ
3395 4205 3453 4257 ἐν
3482 4203 3736 4271 νεφέλαις

2152 4299 2333 4370 ἀέρων
2354 4315 2369 4329 ·
2409 4317 2428 4350 ι
2476 4296 2538 4350 τὸ
2578 4298 2745 4351 οἱονεὶ
2784 4295 3229 4367 δυσκατάληπτον
3273 4294 3384 4350 τῶν
3428 4295 3559 4367 περὶ
3595 4294 3736 4349 Θεοῦ

465 4396 785 4468 dogmatum
826 4395 893 4452 de
919 4396 1034 4452 Deo
1065 4411 1193 4452 cum
1233 4395 1587 4451 tabernaculo
1610 4409 1954 4466 comparans,
1990 4402 2049 4450 et

2154 4389 2443 4462 δογμάτων
2468 4392 2642 4463 σκηνῇ
2668 4389 3042 4460 παρεικάζων,
3076 4389 3170 4442 καὶ
3191 4388 3472 4459 ὀνομάζων
3491 4387 3584 4441 τὸν
3608 4387 3739 4440 σκό-

467 4489 724 4545 tenebras
742 4488 1044 4561 appellans,
1074 4495 1132 4544 et
1177 4506 1196 4540 ι
1231 4503 1427 4558 aquam
1458 4487 1809 4543 tenebrosam
1840 4487 1897 4543 in
1935 4501 2043 4541 nu-

464 4576 631 4634 bibus
680 4580 842 4634 aeris.
889 4598 907 4630 ›
945 4578 1039 4633 Ait
1068 4593 1200 4633 vero
1237 4578 1404 4633 etiam
1434 4576 1713 4647 Sapientia
1739 4578 1803 4643 “,
1854 4575 2046 4632 datum

467 4685 588 4726 esse
613 4670 894 4725 nonnullis
918 4669 1159 4735 abunde,
1199 4685 1360 4740 posse
1393 4668 1701 4740 intelligere
1733 4666 2042 4738 parabolas,

465 4770 523 4813 et
555 4759 1266 4825 tenebrosumsermonem,
1321 4760 1576 4830 dictaque
1631 4759 1941 4830 sapientum
1989 4768 2047 4814 et

465 4849 770 4921 enigmata.
800 4849 1235 4907 Profunditatem
1256 4851 1440 4923 itaque
1469 4866 1532 4907 ac
1546 4850 1887 4921 nigredinem
1916 4849 2050 4918 dog-

466 4949 673 4997 matum
731 4942 799 4998 de
838 4942 1059 4998 Christo
1106 4941 1294 4998 fuscus
1352 4942 1506 4997 color
1544 4941 1705 4997 nobis
1751 4939 2042 5012 signiﬁcat.

466 5035 824 5099 Splendidum
847 5050 978 5092 vero
994 5050 1126 5091 esse
1151 5051 1215 5091 ac
1237 5036 1390 5107 quasi
1418 5037 1790 5106 perspicuum,
1828 5034 1885 5088 in
1917 5049 2047 5104 ope-

466 5126 645 5192 ribus,
677 5128 923 5199 inquam,
947 5127 1189 5199 pietatis,
1211 5142 1310 5200 per
1324 5127 1581 5192 alterum,
1600 5126 1706 5181 hoc
1724 5133 1810 5181 est
1832 5124 2041 5188 album,

466 5218 822 5290 signiﬁcatur.
848 5222 1060 5277 Idcirco
1082 5222 1249 5278 etiam
1283 5220 1528 5276 omnium
1562 5219 1826 5275 Dominus
1852 5216 2047 5289 puriﬁ-

466 5312 737 5368 cationem
768 5328 868 5383 per
909 5311 1072 5368 ﬁdem
1117 5314 1174 5369 in
1209 5313 1491 5370 Christum
1538 5310 1918 5383 praeindicavit
1962 5311 2047 5366 di-

466 5416 597 5458 cens
638 5419 738 5475 per
767 5420 957 5460 vocem
1011 5405 1292 5476 prophetae
1331 5423 1345 5460 :
1378 5425 1397 5457 ι
1437 5404 1642 5460 Discite
1684 5401 2042 5467 benefacere,

466 5497 694 5564 quaerite
721 5498 1012 5571 judicium,
1045 5500 1333 5556 subvenite
1366 5513 1651 5571 oppresso,
1688 5495 1845 5569 14³1
1899 5496 2046 5568 judi-

2151 4498 2267 4550 τον,
2319 4484 2415 4537 καὶ
2465 4500 2485 4535 ι
2518 4481 2663 4553 ὕδωρ
2727 4481 3001 4536 σκοτεινὸν
3042 4482 3100 4535 ἐν
3153 4479 3404 4550 νεφέλαις
3448 4478 3651 4548 ἀέρων.
3709 4494 3731 4528 ι

2147 4575 2661 4646 Κατεπαγγέλλεται
2715 4575 2774 4630 δὲ
2822 4576 2917 4630 καὶ
2962 4576 2996 4646 ἠ
3048 4573 3218 4642 Σοφία
3260 4569 3373 4623 τισὶ
3420 4565 3733 4639 χαριεῖσθαι

2150 4669 2420 4732 πλουσίως
2445 4669 2506 4723 τὸ
2534 4670 2675 4722 νοεῖν
2694 4666 2953 4722 δύνασθαι
2986 4663 3307 4736 παραϐολὰς
3329 4659 3423 4714 καὶ
3453 4656 3732 4711 σκοτεινὸν

2148 4758 2337 4829 λόγον,
2371 4760 2560 4830 ῥήσεις
2599 4774 2660 4811 τε
2704 4757 2883 4827 σοφῶν
2923 4755 3019 4811 καὶ
3056 4754 3374 4826 αἰνίγματα.
3423 4750 3634 4805 Οὐκοῦν
3672 4749 3738 4803 τὸ

2152 4850 2288 4922 βαθὺ
2313 4850 2408 4905 καὶ
2431 4850 2594 4904 οίονεὶ
2627 4849 2796 4921 μέλαν
2820 4847 2928 4903 τῶν
2952 4847 3046 4900 ἐπὶ
3072 4845 3310 4918 Χριστοῦ
3341 4843 3647 4914 δογμάτων,
3674 4840 3740 4895 τὸ

2150 4944 2309 5014 φαιὸν
2332 4946 2465 5016 ἡμῖν
2501 4943 2870 4997 ὑπαινίττεται
2897 4940 3117 5012 χρῶμα.
3168 4937 3243 4993 Τὸ
3291 4937 3350 4990 δέ
3382 4952 3445 5005 γε
3479 4932 3739 5005 λαμπρὸν

2150 5038 2245 5093 καὶ
2284 5037 2558 5108 οἱονείπερ
2591 5035 2881 5105 διαφανὲς,
2911 5033 2972 5087 τὸ
3002 5032 3077 5096 ὼς
3106 5033 3167 5087 ἐν
3209 5029 3393 5102 ἔργοις
3428 5027 3571 5100 φημὶ
3619 5032 3739 5092 τοῖς

2150 5130 2269 5183 κατ’
2313 5128 2593 5182 εύσέὄειαν
2623 5124 2951 5197 ,παραθήσει
2993 5122 3056 5177 τὸ
3093 5123 3314 5192 ἕτερον,
3354 5120 3635 5183 τουτέστι,
3673 5118 3742 5172 τὸ

2149 5219 2362 5274 λευκόν.
2411 5217 2700 5289 Τοιγάρτοι
2740 5216 2836 5269 καὶ
2882 5217 2911 5269 6
2950 5215 3165 5271 πάντων
3201 5212 3480 5283 Δεσπότης
3524 5210 3625 5279 τὴν
3676 5213 3742 5264 ὲν

2149 5308 2371 5381 Χριστῷ
2430 5307 2667 5371 πίστεως
2723 5306 2992 5378 κάθαρσιν
3046 5304 3499 5377 προκαταμηνύει
3555 5301 3742 5370 λέγων

2149 5401 2238 5456 διὰ
2283 5401 2383 5470 τῆς
2440 5399 2534 5453 τοῦ
2587 5401 2868 5471 προφήτου
2928 5400 3145 5468 φωνῆς·
3205 5416 3225 5449 ι
3290 5395 3509 5451 Μάθετε
3566 5393 3743 5447 καλὸν

2149 5495 2363 5559 ποιεῖν,
2406 5492 2747 5564 ἐκζητήσατε
2792 5490 3012 5563 κρίσιν,
3053 5487 3292 5561 ῥύσασθε
3340 5484 3737 5558 ἀδικούμενον,

540 5675 565 5708 ⁹¹
587 5676 740 5735 Joan.
769 5678 874 5745 1,3.
949 5679 971 5711 '
999 5676 1163 5734 Zach.
1182 5693 1261 5746 ιιι,
1295 5679 1348 5731 7.
1429 5676 1473 5710 ³ο
1497 5676 1519 5731 l
1547 5675 1674 5732 Cor.
1714 5690 1751 5736 ι.
1774 5672 1864 5732 26,
1888 5672 1977 5728 27.

2152 5667 2268 5725 ’sal.
2332 5682 2462 5734 xvn,
2508 5667 2595 5722 12.
2674 5667 2716 5701 ⁸¹
2737 5665 2908 5724 Eccli.
2939 5663 3177 5730 mtx,l
3213 5675 3368 5734 seqq.
