4032 6198
374 198 481 255 ’37

1384 174 1907 240 GLAPIIXRORUM
1945 179 2011 236 IN
2052 178 2355 235 GENESIM
2395 179 2523 234 LIB.
2566 178 2629 234 Υ.

3538 191 3648 249 258

375 319 598 390 κρίνατε
624 311 848 386 ὀρφανῷ
870 352 886 376 ,
921 309 1015 364 καὶ
1047 305 1368 361 δικαιώσατε
1399 307 1594 378 χήραν,
1649 303 1756 390 καί
1769 299 1923 356 δεῦτε
1942 342 1959 368 ,

2063 310 2182 356 cate
2216 300 2444 371 pupillo,
2502 308 2558 355 et
2591 297 2886 371 justiﬁeate
2939 297 3179 368 viduam,
3233 312 3289 359 et
3336 309 3540 377 venite,
3589 322 3647 366 ct

376 385 469 459 καὶ
502 385 906 473 διαλεχθῶμεν,
959 398 1109 466 λέγει
1159 396 1385 469 Κύριος.
1436 395 1546 449 Kal
1588 393 1685 447 ἐὰν
1724 385 1858 447 ὦσιν
1905 392 1960 444 αἱ

376 498 646 567 ἁμαρτίαι
696 490 852 563 ὑμῶν
900 491 977 556 ὡς
1024 489 1325 561 φοινικοῦν,
1370 488 1445 552 ὼς
1495 486 1647 558 χιόνα
1692 483 1957 538 λευκανῶ.

346 596 360 669 ρ
389 587 512 641 Ἐὰν
531 583 576 637 δ’
604 577 740 638 ὦσιν
765 583 843 646 ὡς
862 582 1135 645 κόκκινον,
1160 580 1236 645 ὡς
1261 581 1408 653 ἔριον
1431 576 1696 632 λευκανῶ.
1731 594 1750 627 ι
1801 572 1962 627 Ἀπό-

375 678 554 733 λεκτοι
584 675 764 731 τοίνυν
789 676 886 729 καὶ
916 676 974 727 tv
994 674 1138 746 λόγῳ
1168 671 1246 744 τῷ
1271 670 1563 744 προῦχοντι
1598 666 1753 740 παρά
1786 684 1850 737 γε
1882 664 1963 738 τῷ

374 773 596 827 πάντων
628 769 845 840 Σωτῆρι
873 758 1095 838 Χριστῷ
1126 766 1176 819 ot
1211 762 1468 835 δευτέραν
1510 762 1609 833 μὲν
1651 759 1868 831 ἔχοντες
1905 761 1962 812 tv

373 863 452 935 τῷ
481 862 675 934 κόσμῳ
705 860 882 926 τάξιν.
932 856 1249 927 Τεθειμένοι
1277 854 1335 908 δὲ
1361 852 1551 925 ὥσπερ
1592 851 1724 923 παρ’
1769 849 1963 933 ἄλλους

372 955 431 1008 tv
465 952 702 1025 μείοσιν,
730 952 826 1006 καὶ
854 952 913 1003 tv
952 948 1076 1020 δόξῃ
1111 944 1621 1016 πλεονεκτούμενοι,
1651 943 1963 1015 κατερῥαμ-

378 1041 531 1112 μένοι
556 1040 615 1093 δὲ
636 1037 827 1109 ὥσπερ
852 1038 945 1091 καὶ
969 1036 1029 1089 τὸ
1059 1033 1299 1088 ποικίλον
1321 1032 1538 1103 ἔχοντες
1566 1030 1771 1102 νοητῶς
1798 1029 1873 1092 ὼς
1903 1029 1963 1081 tv

380 1132 535 1204 βάθει
564 1131 853 1201 δογμάτων
882 1129 991 1183 τῶν
1021 1128 1149 1200 περὶ
1177 1125 1313 1181 Θεοῦ
1336 1165 1351 1190 ,
1386 1125 1481 1180 καὶ
1512 1124 1603 1179 τὸν
1634 1126 1749 1187 τοῖς
1780 1123 1963 1185 ἄλλοις

377 1224 673 1294 ἀσυμφανῆ
706 1218 1206 1282 καταπλουτοῦντες
1236 1216 1417 1286 λόγον,
1450 1213 1771 1287 φαιδρότητί
1804 1231 1862 1267 τε
1892 1214 1959 1285 τῇ

375 1316 499 1371 κατ’
531 1315 816 1369 εὐσέϐειαν
846 1308 906 1367 εὖ
941 1313 1085 1385 μάλα
1114 1312 1462 1383 διαπρεπεῖς.
1498 1306 1707 1364 Μισθόν
1744 1307 1842 1380 μὲν
1869 1303 1964 1365 οὖν

386 1406 584 1462 Ἰακὼϐ
612 1406 680 1461 τὰ
713 1405 1165 1478 κατερραμμένα.
1199 1404 1334 1458 Τίνα
1361 1402 1417 1456 δὲ
1445 1402 1647 1474 τρόπον
1673 1399 1964 1470 κατεσοφί-

373 1496 499 1561 (tto
540 1500 641 1571 μὲν
683 1497 777 1552 τὸν
823 1496 1035 1561 Λάϐαν,
1087 1494 1318 1549 πλεῖστα
1344 1493 1399 1547 δὲ
1430 1493 1531 1546 ὅσα
1564 1490 1635 1544 τὰ
1674 1489 1963 1562 αἱρεθέντα

374 1593 538 1655 ποιεῖ,
568 1585 1138 1657 πολυπραγμονῶμεν,
1168 1585 1217 1637 εί
1243 1582 1409 1647 δοκεῖ,
1436 1582 1529 1635 καὶ
1559 1581 1620 1645 ἐξ
1640 1579 1819 1633 αὐτῶν
1839 1578 1963 1631 ava-

374 1650 639 1753 μάθωμεν
670 1650 781 1734 τῶν
814 1650 973 1751 ἱερῶν
1017 1650 1387 1750 Ῠραμμάτων.
1425 1675 1578 1745 Ἔχει
1609 1672 1720 1744 γὰρ
1748 1670 1955 1735 οὔτωςο
1992 1650 2034 1708 Β

377 1792 397 1825 ι
437 1772 639 1827 Ἕλαϐε
676 1772 734 1826 δὲ
775 1769 957 1839 ἑαυτῷ
1002 1767 1198 1823 Ἰακὼϐ
1220 1766 1431 1839 ’ῥάϐδον
1464 1765 1794 1838 στυρακίνην
1819 1764 1958 1836 χλω-

375 1861 493 1933 ράν.
520 1861 615 1914 καὶ
635 1862 925 1930 καρυῖνην,
960 1862 1053 1911 xal
1088 1857 1391 1911 πλατάνου.
1431 1855 1543 1909 Kal
1576 1855 1828 1909 ὲλὲπισεν
1862 1855 1958 1908 αὐ-

370 1952 470 2015 τὰς
506 1951 705 2007 Ἰακὼϐ
733 1952 1043 2019 λεπίσματα
1067 1950 1257 2014 λευκὰ,
1289 1949 1604 2022 περισύρων
1630 1948 1692 2002 τὸ
1724 1948 1954 2019 χλωρόν.

382 2039 669 2111 Ἑφαίνετο
694 2041 751 2096 δὲ
798 2042 892 2095 ἐπὶ
918 2043 1038 2104 ταῖς
1072 2039 1291 2112 ῥάϐδοις
1334 2040 1396 2093 τὸ
1426 2040 1641 2103 λευκὸν,
1670 2039 1699 2093 ὃ
1738 2038 1957 2093 ἐλέπισε

372 2133 636 2187 ποικίλον.
672 2133 784 2187 Καὶ
811 2133 1097 2204 παρέθηκε
1142 2132 1242 2197 τὰς
1291 2131 1541 2204 ῥάϐδους,
1577 2130 1645 2197 ἃς
1685 2130 1956 2196 ὲλέπισεν,

372 2226 429 2277 tv
452 2224 572 2288 ταῖς
601 2223 785 2294 ληνοῖς
823 2221 934 2276 τῶν
966 2221 1334 2293 ποτιστηρίων
1376 2220 1470 2275 τοῦ
1500 2221 1724 2287 ὓδατος,
1748 2221 1859 2284 ἵνα,
1881 2219 1958 2285 ὡς

375 2312 439 2367 ἂν
484 2312 683 2367 ἔλθωσι
724 2312 793 2366 τὰ
844 2311 1094 2383 πρόϐατα
1124 2314 1292 2376 πιεῖν,
1323 2311 1555 2364 ἐνώπιον
1593 2308 1703 2364 τῶν
1747 2308 1958 2381 ῥάϐδων

374 2405 635 2459 ἐλθόντων
674 2403 854 2457 αὐτῶν
893 2403 976 2466 είς
1004 2403 1067 2456 τὸ
1098 2406 1265 2467 πιεῖν,
1296 2403 1670 2473 ἐγκισσήσωσι
1715 2401 1786 2456 τά
1825 2401 1959 2474 πρό-

372 2496 509 2550 ϐατα
542 2499 625 2560 είς
660 2497 759 2560 τάς
790 2495 1039 2567 ῥάϐδους.
1074 2495 1185 2549 Καὶ
1211 2495 1422 2549 ἔτικτον
1454 2494 1526 2548 τὰ
1560 2495 1807 2566 πρόϐατα
1837 2494 1958 2549 διά-

371 2592 535 2646 λευκα
559 2633 577 2659 ,
612 2593 707 2646 καὶ
738 2591 982 2655 ποικίλα,
1026 2590 1122 2644 καὶ
1166 2589 1447 2660 σποδοειδῆ
1489 2589 1681 2661 ῥαντά.
1723 2589 1862 2653 Τοὺς
1899 2588 1959 2643 δὲ

370 2686 576 2757 άμνοὺς
602 2683 897 2737 διέστειλεν
950 2681 1174 2747 Ἰακὼϐ,
1206 2682 1302 2736 καὶ
1331 2681 1527 2751 έθηκεν
1576 2681 1818 2735 ἐναντίον
1848 2679 1959 2733 τῶν

370 2773 661 2844 προϐάτων
695 2772 849 2843 κριὸν
877 2769 1179 2833 διάλευκον,
1211 2771 1306 2824 καὶ
1345 2772 1453 2824 πᾶν
1482 2770 1721 2823 ποικίλον
1758 2771 1815 2821 tv
1845 2772 1959 2832 τοῖς

368 2866 580 2935 άμνοῖς.
620 2865 729 2917 Kal
754 2863 1067 2935 διεχώρισεν
1105 2861 1285 2933 ἑαυτῷ
1320 2861 1551 2931 ποίμνια
1576 2859 1700 2914 καθ’
1738 2860 1956 2927 ἑαυτὸν,

2063 390 2455 469 disceptemus,
2483 391 2617 447 dicit
2640 391 2922 447 Dominus.
2957 391 3014 447 Si
3036 408 3167 449 vero
3193 394 3400 453 fuerint
3421 411 3646 469 peccata

2061 494 2245 540 vestra
2274 466 2336 539 ut
2378 484 2687 550 coccinum,
2709 488 2866 557 quasi
2895 486 2990 543 nix
3027 466 3441 547 dealbabuntur
3468 509 3481 545 :
3517 497 3645 551 etsi

2062 574 2270 629 fuerint
2322 575 2488 631 rubra
2537 576 2696 647 quasi
2735 578 3094 643 vermiculus,
3142 580 3294 637 velut
3342 583 3467 639 alba
3522 586 3647 643 lana

2061 676 2225 722 erunt
2245 666 2306 723 ¹³.
2346 687 2364 719 ι
2404 666 2612 723 Delecti
2656 669 2826 745 igitur
2865 670 3174 742 maiorique
3204 672 3263 729 in
3301 674 3480 745 pretio
3519 687 3649 733 sunt

2062 758 2205 829 apud
2229 760 2478 815 omnium
2504 759 2846 818 Salvatorem
2868 762 3174 830 Christum,
3191 765 3287 837 qui
3313 767 3647 826 deteriorem

2062 852 2121 907 in
2157 851 2366 907 mundo
2413 852 2597 909 locum
2627 854 2902 921 obtinent,
2959 857 3101 913 etin
3157 857 3407 916 inferiori
3451 862 3648 919 Ordine
3722 922 3729 935 ,

2007 990 2019 1005 .
2062 960 2175 1016 ιιι-ιε
2215 945 2339 1001 aliis
2398 946 2675 1014 collocati,
2730 948 3015 1020 gloriaque
3052 951 3333 1022 superati;
3382 956 3646 1012 maculosi

2061 1052 2197 1092 vero
2234 1038 2661 1107 quodammodo,
2686 1048 2743 1097 et
2764 1042 3123 1112 spiritualiter
3146 1045 3407 1118 variegati
3429 1046 3485 1102 in
3514 1064 3645 1119 pro-

2062 1126 2332 1185 funditate
2359 1132 2675 1203 dogmatum
2705 1132 2773 1189 de
2797 1134 2931 1201 Deo,
2957 1150 3327 1207 sermoneque
3347 1138 3468 1196 aliis
3490 1139 3646 1195 inco-

2063 1222 2216 1294 gnito
2252 1224 2591 1295 locupletati,
2633 1233 2686 1281 et
2721 1226 3014 1297 splendore
3062 1228 3286 1298 pietatis
3335 1230 3642 1302 conspicui.

2065 1313 2274 1371 Merces
2303 1315 2487 1386 itaque
2501 1316 2673 1372 Jacob
2704 1317 2856 1373 varia
2877 1328 2934 1375 et
2976 1320 3274 1376 maculosa.
3300 1319 3422 1388 Quo
3458 1332 3647 1379 autem

2062 1413 2223 1477 pacto
2246 1407 2526 1478 deceperit
2571 1407 2781 1476 Laban,
2828 1410 3123 1482 omniaque
3156 1426 3280 1483 qua:
3294 1414 3535 1471 voluerit
3563 1415 3645 1472 fe-

2060 1497 2220 1564 cerit,
2252 1498 2615 1569 inquiramus,
2645 1499 2690 1555 si
2716 1501 2912 1572 placet.
2962 1512 3128 1573 atque
3173 1519 3245 1559 ex
3294 1505 3432 1577 ipsis
3472 1509 3648 1565 sacris

2062 1588 2288 1646 Litteris
2307 1590 2603 1648 discamus.
2627 1593 2707 1649 Ita
2735 1594 2884 1649 enim
2909 1595 3145 1650 habent:
3174 1616 3193 1648 ι
3216 1597 3443 1670 Accepit
3459 1609 3643 1656 autem

2061 1679 2231 1736 Jacob
2258 1681 2466 1753 virgam
2486 1684 2778 1754 populeam
2802 1685 3057 1753 viridem,
3088 1695 3144 1742 et
3178 1703 3431 1757 nuceam,
3451 1699 3509 1746 et
3525 1692 3644 1762 pla-

2063 1772 2200 1838 tani,
2240 1779 2298 1828 et
2331 1773 2692 1831 decorticavit
2729 1777 2812 1832 eis
2851 1778 3022 1835 Iacob
3053 1780 3287 1836 cortices
3337 1783 3511 1850 albas,
3539 1784 3650 1840 cir-

2062 1866 2402 1921 cumvellens
2422 1866 2619 1923 viride.
2647 1866 2917 1938 Apparuit
2944 1879 3128 1927 autem
3151 1872 3209 1928 in
3232 1873 3400 1945 virgis
3434 1874 3643 1943 album,

2061 1958 2211 2026 quod
2249 1958 2642 2026 decorticavit,
2680 1962 2916 2027 varium,
2967 1972 3023 2017 et
3042 1966 3229 2035 posuit
3289 1967 3474 2039 virgas
3508 1983 3650 2040 quas

2063 2048 2461 2118 decorticavit,
2511 2051 2569 2106 in
2608 2053 2894 2109 canalibus
2942 2057 3278 2114 concharum
3306 2074 3500 2131 aquae,
3552 2070 3644 2127 ut,

2064 2157 2191 2197 cum
2239 2145 2495 2201 venirent
2545 2161 2677 2202 oves
2727 2148 2795 2203 ad
2840 2148 3181 2214 bibendum,
3240 2152 3298 2207 in
3346 2163 3647 2224 conspectu

2062 2232 2339 2304 virgarum
2371 2236 2721 2291 venientibus
2755 2236 2886 2308 ipsis
2924 2238 2992 2293 ad
3018 2238 3348 2309 bibendum,
3394 2243 3651 2315 concipe~

2063 2333 2340 2383 rentoves
2361 2328 2430 2383 ad
2453 2328 2653 2400 virgas.
2683 2329 2752 2385 Et
2772 2338 3108 2401 pepererunt
3137 2347 3269 2388 oves
3300 2333 3560 2391 subalbas
3591 2344 3650 2391 et

2062 2417 2264 2482 varias,
2293 2419 2638 2476 etcineratas
2668 2436 2902 2492 sparsas.
2934 2422 3004 2476 At
3031 2438 3200 2495 agnos
3237 2427 3513 2495 separavit
3553 2427 3648 2484 Ja-

2063 2509 2188 2589 cob,
2219 2519 2276 2566 et
2296 2512 2480 2581 posuit
2506 2527 2692 2567 coram
2730 2512 2928 2568 ovibus
2956 2515 3183 2570 arietem
3208 2516 3500 2572 subalbum
3523 2559 3537 2582 ,
3592 2528 3650 2576 et

2064 2614 2227 2656 omne
2254 2603 2468 2656 varium
2493 2602 2549 2656 in
2583 2603 2757 2674 agnis.
2796 2604 2865 2660 Et
2891 2608 3166 2675 separavit
3203 2608 3308 2662 sibi
3332 2625 3523 2681 greges
3551 2628 3651 2682 per

2064 2691 2326 2761 seipsum,
2359 2701 2416 2748 et
2438 2710 2547 2748 non
2575 2695 2801 2750 miscuit
2820 2710 2916 2751 eos
2932 2712 3058 2751 eum
3079 2699 3278 2754 ovibus
3302 2700 3510 2756 Lahan.
3541 2703 3646 2758 Fa-

2063 2786 2214 2834 ctum
2248 2789 2332 2835 est
2350 2790 2538 2837 autem
2566 2782 2619 2837 in
2670 2793 2917 2854 tempore
2959 2801 3071 2855 quo
3093 2797 3469 2858 conccperunt
3515 2806 3649 2850 oves

2064 2872 2120 2926 in
2149 2881 2306 2928 utero
2338 2874 2691 2944 accipientes,
2717 2876 2902 2946 posuit
2921 2877 3092 2933 Iacob
3119 2880 3300 2950 virgas
3322 2895 3507 2937 coram
3532 2885 3652 2940 ovi-

368 2959 459 3011 καὶ
502 2958 606 3009 οὐκ
655 2956 843 3028 ἔμιξεν
890 2956 1028 3010 αὐτὰ
1062 2957 1140 3019 εἰς
1185 2954 1255 3008 τά
1306 2955 1554 3025 πρόϐατα
1602 2952 1697 3009 τοῦ
1747 2953 1955 3010 Λάϐαν.

381 3052 434 3060 ...
488 3051 500 3060 .
652 3050 692 3060 -.
740 3053 752 3060 .
868 3048 892 3060 -
1074 3048 1099 3060 ..
1136 3041 1163 3060 τ
1208 3049 1220 3060 .
1339 3046 1351 3060 ,
1566 3045 1577 3060 .
1714 3045 1763 3060 ,ρ
1905 3048 1917 3060 .

2066 2963 2169 3018 bus
2199 2964 2254 3018 in
2283 2966 2585 3031 canalibus,
2604 2968 3033 3037 utconciperent
3056 2968 3187 3041 ipse
3208 2973 3511 3030 secundum
3532 2977 3648 3032 vir-

381 3051 627 3120 Ἐγὲνετο
648 3050 705 3102 δὲ
736 3053 793 3103 tv
826 3048 902 3120 τῷ
934 3048 1111 3120 καιρῷ
1129 3041 1173 3117 ᾧ
1204 3046 1498 3103 ὲνεκίσσων
1524 3045 1591 3100 τὰ
1622 3045 1869 3117 πρόϐατα
1903 3048 1958 3097 ἐν

2066 3068 2179 3123 gas.
2213 3052 2444 3120 Quando
2481 3062 2664 3133 autem
2713 3056 3003 3127 pariebant
3036 3074 3189 3125 oves,
3243 3076 3354 3115 non
3386 3061 3646 3133 ponebat.

368 3145 571 3215 γαστρὶ
591 3142 963 3212 λαμϐάνοντα,
990 3142 1184 3213 ἔθηκεν
1222 3138 1416 3195 Ἰακὼϐ
1438 3138 1536 3202 τὰς
1558 3139 1786 3210 ῥάϐδους
1809 3139 1960 3194 tvav-

368 3237 481 3289 τίον
519 3235 625 3288 τῶν
655 3235 943 3307 προϐάτων
988 3237 1046 3288 tv
1092 3234 1212 3296 ταῖς
1248 3232 1450 3303 ληνοῖς,
1489 3230 1582 3284 τοῦ
1629 3230 1957 3301 ἐγκισσῆσαι

369 3328 507 3383 αὐτὰ
536 3329 683 3382 κατὰ
716 3326 814 3389 τὰς
848 3325 1098 3397 ῥάϐδους.
1141 3324 1336 3379 Ἦνίκα
1357 3324 1414 3378 δὲ
1442 3322 1507 3377 ἂν
1542 3322 1695 3376 ἔτεκε
1729 3321 1797 3376 τὰ
1826 3322 1957 3394 πρό-

369 3419 509 3475 ϐατα
529 3462 545 3486 ,
578 3421 684 3474 οὐκ
706 3417 895 3472 ἐτίθει.
936 3419 1182 3486 Ἐγένετο
1206 3416 1263 3471 δὲ
1287 3415 1357 3469 τὰ
1385 3414 1577 3486 ἄσημα
1613 3412 1707 3466 τοῦ
1746 3413 1953 3476 Λάϐαν,

366 3509 440 3567 τά
471 3509 529 3565 δὲ
563 3508 814 3580 ἐπίσημα
842 3505 935 3561 τοῦ
977 3505 1191 3562 Ἰακώϐ³
1221 3505 1316 3560 καὶ
1343 3504 1676 3574 ὲπλούτησεν
1700 3506 1728 3558 ὁ
1753 3503 1959 3576 ἄνθρω-

368 3619 467 3666 πος
498 3600 707 3672 σςόδρα
732 3599 958 3672 σφόδρα.
997 3617 1016 3651 ι
1044 3598 1375 3669 Ποιμενικῆς
1403 3597 1498 3669 μὲν
1527 3593 1619 3651 οὖν
1647 3596 1957 3667 ἐπιστήμης

368 3694 428 3750 τὸ
455 3694 660 3750 εἰδέναι
686 3694 888 3764 φαμὲν,
916 3693 999 3748 ὅτι
1024 3692 1137 3756 τοῖς
1159 3691 1456 3767 ὁρωμένοις
1476 3689 1544 3744 τά
1576 3687 1790 3762 ἐμφερῆ
1819 3688 1956 3743 πάν-

367 3804 473 3841 των
499 3803 562 3840 τε
591 3785 691 3840 καὶ
720 3786 938 3850 πάντως
969 3784 1288 3839 ἁποτὲκοιεν
1323 3782 1390 3837 ἂν
1426 3782 1536 3846 ὄϊες
1566 3798 1625 3836 τε
1655 3783 1747 3835 καὶ
1779 3774 1953 3848 αἶγες,

370 3878 461 3933 καὶ
506 3880 624 3941 τοῖς
673 3876 782 3931 τῶν
831 3875 1294 3949 παραπιπτόντων
1346 3873 1603 3945 χρώμασι
1645 3872 1839 3942 γένοιτ’
1889 3871 1955 3924 ἂν

369 3969 592 4041 ὁμοειδῆ
612 3968 685 4023 τά
706 3968 768 4032 ἐξ
784 3968 986 4035 αὐτῶν,
1003 3969 1052 4022 εί
1081 3969 1139 4021 ὲν
1162 3966 1242 4039 τῷ
1266 3967 1456 4038 κιττᾷν
1477 3965 1750 4020 θεάσαιτο.
1770 3961 1955 4017 Ἕοικε

366 4060 422 4115 δέ
450 4079 571 4125 πως
598 4063 714 4124 τοῖς
745 4060 885 4115 κατὰ
915 4058 1077 4130 φύσιν
1108 4059 1171 4113 τὸ
1209 4059 1400 4131 χρῆμα
1438 4054 1833 4128 κατορθοῦσθαι
1869 4056 1955 4110 νό-

370 4169 511 4225 μοις.
562 4153 818 4226 Ἀῥρητα
853 4151 911 4205 δὲ
957 4151 1025 4205 τὰ
1071 4149 1295 4205 τοιαῦτα
1338 4146 1620 4212 παντελῶς
1642 4186 1658 4211 ,
1697 4146 1793 4199 καὶ
1835 4147 1956 4208 ταῖς

368 4245 670 4317 ἡμετέραις
712 4244 943 4307 ἐννοίαις
986 4241 1206 4313 ἀστιϐῆ.
1269 4238 1570 4294 ’Δπόλεκτα
1608 4238 1668 4292 δὲ
1714 4237 1783 4291 τὰ
1820 4253 1953 4290 σπο-

2065 3145 2230 3202 Facta
2261 3155 2391 3201 sunt
2413 3155 2597 3201 autem
2632 3163 2742 3202 non
2762 3148 2974 3219 signata
2998 3149 3207 3216 Laban,
3237 3160 3293 3207 at
3321 3152 3529 3224 signata
3553 3154 3649 3211 Ja-

2063 3235 2187 3293 cob.
2215 3236 2284 3292 EI.
2317 3237 2522 3293 ditatus
2544 3248 2629 3294 est
2659 3239 2825 3295 homo
2852 3239 3011 3295 valde
3053 3240 3223 3298 nimis
3246 3241 3310 3298 “.
3346 3262 3364 3295 I
3399 3244 3645 3300 Pastori~

2067 3326 2157 3381 tiae
2183 3326 2351 3397 igitur
2397 3327 2638 3383 scientia:
2665 3338 2751 3385 est
2779 3330 2946 3390 scire,
2970 3329 3217 3401 inquam,
3258 3333 3404 3403 quod
3429 3350 3561 3391 oves
3587 3343 3649 3392 et

2063 3433 2240 3490 caprae
2263 3418 2471 3475 similes
2495 3420 2655 3491 plane
2688 3420 2836 3476 fetus
2867 3420 2937 3476 iis
2969 3422 3136 3477 rebus
3173 3438 3313 3494 quas
3352 3424 3642 3494 vidissent,

2064 3518 2362 3581 parerent,
2417 3521 2474 3567 et
2509 3511 2853 3583 obiectorum
2903 3528 3025 3583 qua:
3064 3530 3256 3570 earum
3299 3517 3475 3584 visui,
3513 3519 3645 3576 dum

2063 3601 2438 3672 conciperent,
2486 3612 2878 3668 occurrerent,
2908 3604 3123 3661 colores
3154 3620 3268 3679 pra:
3310 3622 3370 3663 se
3411 3607 3644 3666 ferrent.

2062 3692 2294 3748 Videtur
2325 3701 2510 3748 autem
2552 3693 2607 3748 id
2636 3694 2873 3772 naturali
2893 3695 3130 3764 quadam
3154 3697 3272 3769 lege
3303 3699 3646 3772 contingere.

2060 3784 2131 3840 At
2148 3800 2279 3840 vero
2303 3784 2617 3856 huiusmodi
2648 3768 2818 3840 nullis
2843 3786 3028 3841 verbis
3082 3768 3347 3856 explicari
3391 3768 3643 3859 possunt,

2066 3892 2247 3947 neque
2272 3877 2471 3933 mentis
2496 3883 2696 3935 nostra:
2724 3876 2872 3932 acies
2900 3892 2969 3931 eo
2995 3877 3275 3948 pertingit.
3307 3878 3478 3936 Jacoh
3510 3897 3647 3939 vero

2059 3969 2283 4025 divinus
2306 3983 2498 4023 rursus
2529 3967 2773 4047 cinerata
2833 3974 2891 4022 et
2916 3982 3138 4039 aspersa
3171 3969 3325 4040 juxta
3374 3972 3643 4033 visionem

2061 4062 2303 4117 divinam
2330 4059 2552 4131 delegit.
2590 4058 2751 4132 ιω
2793 4058 2941 4114 Dixit
2972 4058 3122 4116 enim
3149 4061 3351 4118 alicubi
3379 4063 3447 4120 ad
3483 4064 3642 4126 Liam

2059 4161 2117 4209 et
2154 4153 2362 4209 Rachel
2392 4171 2405 4208 :
2447 4172 2465 4206 ι
2518 4152 2589 4209 Et
2641 4152 2846 4208 factum
2886 4161 2992 4220 est,
3023 4155 3244 4225 quando
3268 4171 3645 4230 conceperunt

2062 4253 2222 4301 utero
2263 4259 2414 4310 oves,
2443 4250 2501 4301 et
2538 4244 2651 4300 vidi
2679 4243 2852 4300 oculis
2880 4245 3021 4301 meis
3074 4245 3131 4301 in
3161 4262 3387 4314 somno,
3417 4257 3474 4305 et
3512 4266 3643 4308 ecce

370 4336 547 4407 δοειδῆ
573 4336 671 4390 xal
696 4333 1129 4408 κατερῥαμμένα
1158 4330 1300 4387 κατὰ
1334 4329 1484 4386 θείαν
1512 4329 1696 4403 ὀμφὴν
1719 4331 1956 4384 ἐποιεῖτο

2061 4335 2200 4392 hirci
2227 4344 2284 4391 et
2314 4335 2518 4390 arietes
2541 4341 2701 4390 erant
2735 4334 3097 4391 ascendentes
3122 4351 3290 4406 super
3323 4354 3456 4394 oves
3469 4347 3527 4395 et
3552 4357 3645 4397 ca-
3680 4344 3686 4353 '

372 4425 533 4480 πάλιν
556 4426 585 4478 ὁ
615 4425 901 4488 θεσπέσιος
933 4421 1151 4478 Ἰακώϐ.
1184 4422 1327 4493 Ἔφη
1354 4421 1462 4492 γάρ
1492 4435 1595 4473 που
1625 4417 1762 4490 πρὸς
1792 4419 1955 4473 Λείαν

372 4534 429 4571 τε
454 4519 550 4572 καὶ
586 4517 797 4588 Ραχήλ·
830 4535 849 4570 ι
866 4516 977 4570 Kal
995 4515 1213 4585 ἐγένετο
1232 4514 1392 4587 ἡνίκα
1420 4512 1714 4567 ὲνεκίσσων
1739 4511 1808 4566 τὸ.
1821 4512 1956 4574 πρό-

376 4609 512 4663 ϐατα
540 4610 600 4662 tv
625 4608 829 4680 γαστρὶ
869 4606 1252 4679 λαμϐάνοντα,
1291 4603 1388 4659 καί.
1426 4598 1565 4659 εἶδον
1600 4604 1716 4666 τοῖς
1749 4601 1957 4673 ὀφθαλ-

377 4703 494 4770 μοῖς
528 4718 631 4772 μου
653 4703 712 4754 tv
736 4700 814 4771 τῷ
838 4698 1011 4772 ὕπνῳ.
1043 4697 1154 4752 Kal
1180 4697 1288 4751 ίδοὺ
1318 4697 1367 4750 ol
1395 4695 1588 4768 τράγοι
1616 4693 1713 4749 καὶ⁵
1737 4695 1787 4748 οί
1811 4694 1958 4767 κριοὶ

374 4791 756 4856 ἀναϐαίνοντες
801 4787 943 4865 ἦσαν
975 4792 1068 4846 ἐπὶ
1108 4790 1208 4856 τάς
1239 4785 1403 4858 αἶγας
1440 4787 1631 4842 καὶτὰ
1673 4786 1953 4859 πρόϐατα,

374 4883 641 4941 διάλευκοι
669 4887 764 4940 καὶ
801 4886 1070 4952 ποικίλοι,
1101 4884 1197 4939 καὶ
1232 4881 1555 4946 σποδοειδεῖς
1590 4878 1793 4953 ῥαντοί.
1848 4880 1956 4935 Kal

377 4969 493 5030 εἶπέ
538 4995 633 5048 μοι
664 4979 694 5031 ὁ
743 4976 973 5046 ἄγγελος
1014 4974 1110 5030 τοῦ
1154 4973 1288 5029 Θεοῦ
1333 4972 1453 5027 καθ’
1495 4972 1695 5026 ὖπνον’
1735 4970 1951 5027 Ἰακώϐ.

2060 4442 2207 4500 pras,
2225 4426 2439 4483 subalbi
2467 4435 2523 4481 et
2540 4425 2699 4490 varii,
2718 4425 3057 4497 cineratique
3068 4434 3125 4482 et
3147 4428 3403 4500 respersi;
3425 4439 3483 4485 et
3505 4430 3646 4492 dixit

2061 4518 2196 4572 mihi
2225 4516 2453 4587 angelus
2493 4515 2592 4570 Dei
2646 4515 2704 4570 in
2742 4529 2937 4570 somno
2977 4514 3210 4571 :Jacob.
3239 4516 3310 4572 Et
3357 4519 3639 4588 respondi,

2061 4607 2204 4675 Quid
2251 4606 2474 4663 estlEt
2496 4605 2635 4661 dixit
2657 4604 2794 4660 mihi
2833 4621 2846 4659 :
2883 4604 3114 4679 Respice
3161 4607 3339 4665 oculis
3385 4608 3534 4676 tuis,
3583 4617 3643 4666 et

2063 4698 2191 4754 vide
2218 4696 2405 4752 hircos
2429 4704 2484 4752 et
2515 4695 2720 4752 arietes
2740 4696 3102 4755 ascendentes
3123 4712 3288 4772 super
3309 4714 3443 4759 oves
3463 4706 3521 4755 et
3543 4715 3639 4756 ca-

2064 4807 2214 4862 pras,
2239 4789 2518 4854 subalbos,
2540 4789 2744 4852 varios,
2762 4786 3039 4846 cineratos
3066 4798 3124 4846 et
3144 4805 3365 4863 sparsos
3389 4793 3452 4848 “.
3474 4811 3492 4845 ι
3514 4792 3642 4852 Haec

2061 4882 2229 4954 igitur
2249 4881 2323 4936 ait
2338 4895 2490 4936 sacra
2506 4878 2812 4952 Scriptura.
2845 4878 3114 4936 Caeterum
3129 4896 3249 4952 age,
3271 4883 3640 4954 praetermisso

2061 4972 2260 5027 humili
2284 4971 2529 5027 historiae
2559 4986 2748 5037 sensu,
2780 4969 2849 5026 ad
2867 4969 3137 5043 spiritalia
3171 4971 3636 5034 conscendamus.

388 5060 524 5135 Ἐγὼ
550 5068 610 5122 δὲ
639 5065 803 5123 εἶπαν
835 5068 901 5122 Τί
930 5069 1078 5134 tam;
1118 5066 1232 5120 Kal
1278 5061 1449 5120 εἶπεν·
1492 5062 1819 5135 Ἀνάϐλεψον
1848 5067 1960 5129 τοῖς
1997 5062 2296 5134 ὀφθαλμοῖς
2351 5077 2469 5126 σου,
2490 5062 2584 5118 καὶ
2621 5062 2696 5119 ἰδὲ
2733 5061 2861 5126 τοὺς
2887 5061 3148 5133 τράγους,
3174 5061 3270 5117 καὶ
3302 5063 3428 5128 τοὺς
3451 5065 3639 5136 κριοὺς

380 5159 763 5223 ἀναϐαίνοντας
797 5158 890 5213 ἐπὶ
917 5158 985 5212 τὰ
1011 5156 1263 5230 πρόϐατα
1294 5158 1391 5212 καὶ
1432 5157 1533 5221 τὰς
1558 5153 1719 5227 αῐγας
1744 5157 2083 5223 διαλεύκους,
2111 5157 2207 5211 καὶ
2258 5155 2568 5221 ποικίλους,
2612 5155 2706 5209 καὶ
2743 5153 3072 5220 σποδοειδεῖς
3114 5157 3364 5228 ῥαντούς.
3399 5178 3420 5214 ι
3463 5161 3636 5219 Ταυτὶ

382 5253 480 5323 μὲν
503 5247 599 5304 οὖν
625 5265 763 5320 φησι
792 5246 856 5301 τδ
881 5246 1124 5319 Γράμμα
1154 5245 1217 5300 τδ
1243 5246 1405 5318 ιεράν,
1442 5244 1606 5301 Ἀλλά
1645 5247 1777 5321 φέρε
1809 5247 1909 5311 τῆς
1955 5244 2194 5318 ἱστορίας
2223 5245 2284 5301 τὸ
2311 5242 2590 5318 χθαμαλὸν
2651 5241 3045 5315 ὑποτρέχοντες
3065 5282 3081 5310 ,
3131 5245 3511 5324 ἁναϐαίνωμιν
3542 5252 3637 5313 ἐπὶ

380 5345 450 5398 τά
486 5338 863 5412 πνευματικά.

452 5437 516 5490 δ’.
544 5432 771 5495 Ῥάϐδος
788 5432 919 5501 ἡμῖν
937 5427 1353 5502 αἰνιγματωδῶς
1376 5428 1675 5501 ἐπιγράφει
1702 5428 1867 5484 πάλιν
1887 5428 1959 5483 τοι

2119 5430 2174 5484 ι.
2209 5427 2371 5499 Virga
2402 5427 2561 5483 nobis
2581 5426 2809 5500 ﬁgurate
2836 5429 3184 5490 adumbravit
3206 5433 3390 5490 denuo
3412 5434 3637 5492 Emma-

397 5522 763 5598 Ἐμμανουήλ.
796 5521 1120 5593 Ὠνόμασται
1153 5521 1263 5594 γὰρ
1283 5522 1381 5576 ὡδὶ
1415 5520 1564 5594 παρὰ
1609 5522 1676 5593 τῇ
1715 5520 1959 5575 θεοπνεύ-

2061 5519 2286 5576 iuelcm.
2307 5518 2387 5575 lta
2405 5517 2553 5573 enim
2575 5517 2635 5576 in
2655 5517 2955 5592 Scripturis
2968 5533 3199 5583 vocatus
3216 5532 3321 5584 est.
3347 5544 3366 5578 ι
3393 5525 3463 5586 Et
3482 5541 3638 5601 egra.

460 5639 507 5674 ⁸³
529 5639 698 5707 lsa.r,
738 5636 942 5703 17,18.
1128 5638 1170 5670 ⁸³
1203 5635 1485 5701 Gen.xxx,
1541 5634 1630 5701 37,
1675 5633 1763 5690 45.
1841 5634 1882 5665 ¹³
1937 5633 2276 5701 Gen..xxxr,
2322 5630 2506 5689 10-12.
