4004 6204
1957 130 1984 140 ν·-

417 253 521 307 239

1447 250 1503 305 S.
1545 250 1820 308 CYRILLI
1862 246 2340 305 ALEXANDRINI
2378 243 2695 301 ARClllEP.

3584 237 3691 293 5-60

418 368 602 423 dictur
617 366 820 440 virga,»
849 366 1023 436 inquit
1052 362 1271 421 divinus
1289 365 1476 433 Isaias,
1506 385 1524 417 ι
1546 381 1612 421 ex
1626 365 1808 421 radice
1826 365 2001 430 Iesse,

2108 397 2219 451 στῳ
2244 379 2455 450 Γραφῇ.
2492 376 2721 440 Ἡσαΐας
2750 375 2849 447 μὲν
2878 374 2986 446 γὰρ
3009 374 3037 426 6
3069 369 3382 434 θεσπέσιοςο
3419 388 3437 421 ι
3462 370 3572 423 Καὶ
3607 369 3691 434 ἐξ·

417 465 474 510 et
496 458 596 512 llos
626 456 694 511 de
720 455 904 511 radice
934 454 1146 510 orietur
1175 455 1238 507 “.
1276 474 1296 507 ι
1326 453 1408 510 Ad
1438 455 1717 510 cwlestem
1740 469 1874 509 vero
1895 454 1999 509 Pa-

420 556 560 601 trem
586 563 650 603 ac
684 548 878 610 Deum,
912 547 1101 602 induta
1127 560 1361 617 persona
1390 545 1754 612 credentium,
1780 544 2002 601 divinus

418 637 590 693 David
624 639 891 693 exclamat
932 655 945 691 :
980 657 998 690 ι
1028 638 1192 708 Virga
1223 646 1317 691 tua
1356 645 1414 692 et
1444 636 1675 692 baculus
1715 649 1846 691 tuus
1888 636 2005 707 ipsa

420 745 507 784 me
531 731 809 784 consolata
831 738 960 784 sunt
986 730 1046 782 "'.
1074 748 1099 781 ν
1131 728 1398 783 Solatium
1423 728 1570 783 enim
1594 729 1777 799 adepti
1815 743 2006 783 sumus

418 821 476 875 in
491 818 731 884 Christo,
756 829 814 873 et
834 819 1014 889 ipsum
1036 819 1289 874 columen
1318 830 1563 873 nostrum
1586 819 1834 875 fecimus.
1862 818 2006 874 Scri-

417 919 573 982 ptum
599 920 686 965 est
713 912 861 966 enim
888 928 900 964 :
935 929 953 962 ι
996 910 1357 967 Conﬁrmabit
1380 912 1557 983 justos
1587 912 1851 967 Dominus
1883 911 1946 965 η.
1978 927 1996 962 ι

336 993 346 998 ’
416 1003 590 1061 Nobis
605 1004 791 1073 itaque
812 1003 995 1073 capris
1011 1004 1370 1059 rationalibus
1388 1005 1646 1075 gregibus
1662 1021 1759 1074 per
1780 1004 2005 1059 univer-

416 1110 541 1152 sum
581 1095 769 1150 orbem
803 1104 1096 1161 terrarum,
1121 1103 1286 1165 atque
1317 1094 1373 1149 in
1402 1103 1516 1150 toto
1547 1095 1773 1161 mundo,
1795 1096 2004 1167 virgam

423 1186 832 1258 quodammodo
857 1187 1151 1256 quamdam
1172 1186 1427 1242 Christus
1457 1187 1697 1257 seipsum
1724 1186 2001 1257 proponit.

420 1279 640 1350 Virgam
662 1287 845 1333 autem
869 1294 979 1333 non
1006 1279 1347 1349 simpliciter,
1370 1279 1467 1333 sed
1488 1279 1800 1350 populeam,
1825 1286 1881 1332 et
1903 1294 2006 1332 nu-

411 1386 593 1435 ceam,
622 1386 685 1425 ac
725 1371 895 1425 veluti
931 1384 1000 1424 ex
1025 1371 1264 1440 platano.
1302 1371 1484 1426 Arbor
1512 1387 1645 1426 vero
1674 1371 1792 1426 hate
1820 1371 1875 1425 in
1915 1387 2002 1426 re-

416 1463 705 1518 ctitudinis
727 1463 1100 1518 testimonium
1126 1464 1369 1534 ponitur.
1403 1464 1643 1535 Populea
1673 1479 1807 1521 vero
1851 1479 2003 1519 mor-

416 1554 489 1609 tis
511 1555 726 1625 signum
749 1563 852 1609 est.
878 1554 1232 1610 Aromatibus
1252 1556 1401 1610 enim
1435 1565 1779 1611 mortuorum
1807 1572 2005 1626 corpus

412 1654 673 1711 curatur;
710 1645 1096 1700 suavissimum
1139 1655 1321 1700 autem
1355 1655 1664 1701 aromatum
1707 1655 1793 1701 est
1827 1655 2003 1718 styra-

2105 469 2384 522 ελεύσεται
2399 468 2614 540 ῥάϐδος,
2632 466 2815 536 φησιν,
2831 465 2895 517 ἐκ
2905 464 3004 533 τῆς
3023 461 3179 534 ῥίζης
3192 460 3410 524 Ἰεσσαὶ,
3429 459 3522 511 καὶ
3532 458 3693 521 ἄνθος

2108 562 2172 614 ἐκ
2199 563 2297 630 τῆς
2333 559 2488 631 ῥίζης
2518 557 2869 628 ἀναϐήσεται.
2906 574 2924 607 ι
2959 552 3105 623 Πρὸς
3140 551 3197 604 δέ
3226 568 3288 620 γε
3326 548 3418 602 τδν
3446 550 3502 601 ἐν
3527 548 3694 615 οὑρα-

2105 654 2216 716 νοῖς
2263 652 2482 722 Πατέρα
2513 651 2610 705 καὶ
2641 650 2798 715 Θεδν,
2849 647 2910 700 τὸ
2953 645 3063 700 τῶν
3118 642 3486 699 πιστευόντων
3519 642 3694 712 πρόσ-

2110 760 2258 798 ωπον
2288 744 2487 807 ὑποδὺς
2538 744 2566 795 6
2612 740 2898 804 θεσπέσιος
2944 739 3077 810 ἡμῖν
3125 732 3441 808 άνεφώνησε
3486 732 3690 787 Δαὸίδ·

2115 854 2134 887 ‹
2174 836 2242 889 Ἥ
2261 834 2453 907 ῥάϐδος
2486 851 2580 887 σου
2609 833 2704 886 καὶ
2733 833 2767 903 ἡ
2794 829 3064 901 βακτηρία
3096 845 3190 881 σου
3216 866 3230 888 .
3257 820 3417 879 αὗταί
3451 843 3515 895 με
3544 842 3692 896 παρα

2104 927 2391 984 εκάλεσαν.
2442 944 2461 976 ι
2517 921 2989 995 Παρακεκλήμεθα
3030 920 3140 991 γὰρ
3173 920 3232 971 ἐν
3279 914 3540 989 Χριστῷ,
3594 915 3693 969 καὶ

2105 1020 2267 1073 αὑτὸν
2334 1018 2568 1090 ἔρεισμα
2615 1012 2984 1086 πεποιήμεθα.
3036 1013 3355 1082 Γέγραπται
3409 1009 3559 1081 γὰρ,
3607 1008 3692 1061 ὃτι

2112 1128 2131 1161 ι
2199 1108 2614 1181 ’Υπερστερίσει
2650 1105 2778 1167 τοὺς
2827 1100 3068 1165 δικαίους
3098 1102 3127 1153 6
3173 1102 3396 1171 Κύριος.
3444 1115 3464 1149 ι
3527 1097 3693 1168 Ἡμῖν

2104 1196 2197 1256 οὖν
2225 1202 2450 1271 τράγοις
2480 1200 2717 1267 λογικοῖς
2756 1195 3037 1266 θρέμμασι
3079 1195 3192 1257 τοῖς
3226 1191 3331 1246 ἀνά
3367 1191 3554 1244 πᾶσαν
3592 1190 3693 1261 τὴν

2104 1291 2454 1363 οίκουμένην,
2491 1292 2586 1343 καὶ
2630 1291 2689 1342 ὲν
2724 1288 2832 1358 ὅλῳ
2880 1286 2959 1358 τῷ
3002 1285 3226 1354 κόσμῳ,
3262 1282 3456 1352 ῥάϐδον
3501 1281 3690 1354 ὥσπερ

2104 1386 2226 1439 τινὰ
2272 1384 2608 1456 παρατίθησι
2647 1381 2836 1435 ἐαυτὸν
2865 1381 2894 1433 6
2924 1378 3177 1450 Χριστός.
3236 1375 3456 1431 Ῥάϐδον
3493 1375 3549 1427 δὲ
3589 1376 3692 1444 οὑχ

2106 1476 2315 1545 ἁπλῶς,
2344 1476 2480 1530 ἀλλὰ
2525 1474 2879 1546 στυρακίνην,
2912 1473 3008 1526 καὶ
3037 1471 3326 1542 καρυῖνην,
3368 1468 3465 1521 καὶ
3503 1466 3578 1529 ὡς
3626 1468 3694 1520 ἐκ

2106 1570 2409 1624 πλατάνου.
2444 1567 2616 1621 Φυτὸν
2645 1567 2701 1619 δὲ
2722 1566 2816 1618 καὶ
2848 1563 3005 1617 τοῦτο
3037 1562 3147 1616 τῶν
3175 1563 3255 1626 είς
3285 1560 3555 1632 ὀρθότητα
3591 1575 3693 1630 με·

2108 1661 2577 1736 μαρτυρημένων·
2618 1658 2711 1713 καὶ
2756 1658 2986 1711 θανάτου
3027 1656 3125 1727 μὲν
3173 1657 3207 1724 ἡ
3248 1652 3542 1724 στυρακίνη
3596 1669 3694 1723 ση-

415 1735 625 1789 cinum.
659 1735 906 1789 Mortuus
942 1751 1074 1789 vero
1106 1744 1190 1790 est
1230 1744 1457 1806 propter
1494 1752 1596 1791 nos
1631 1734 1903 1804 Christus,
1944 1746 2001 1792 et

2107 1758 2276 1827 μεῖον.
2313 1752 2589 1825 Ἀρώμασι
2614 1752 2723 1822 γάρ
2748 1750 2808 1803 τὸ
2830 1748 3090 1818 τεθνηκὸς
3121 1745 3482 1817 θεραπεύεται
3508 1744 3689 1815 σῶμα,

414 1828 685 1896 sepultus,
709 1826 864 1897 juxta
891 1825 1205 1897 Seripturas
1230 1828 1294 1882 ".
1316 1828 1481 1899 Virga
1499 1843 1634 1883 vero
1660 1844 1836 1883 nucea
1860 1829 2000 1900 vigi-

416 1918 599 1974 lantia:
620 1926 703 1974 est
726 1919 961 1989 signum.
988 1918 1118 1975 Tale
1143 1920 1289 1975 enim
1314 1920 1446 1990 quid
1470 1921 1793 1977 naturaliter
1816 1921 1872 1975 in
1896 1936 1999 1976 no-

413 2009 504 2065 his
531 2017 809 2078 operatur.
836 2009 1117 2065 Excitatus
1149 2020 1334 2066 autem
1377 2028 1478 2082 pro
1514 2013 1676 2068 nobis
1706 2012 1997 2068 Christus:

414 2115 595 2169 neque
642 2099 790 2154 enim
838 2101 1013 2170 portis
1057 2101 1255 2157 inferni
1294 2102 1533 2158 detineri
1567 2105 1778 2174 potuit,
1821 2120 2001 2175 neque

415 2203 549 2242 vero
592 2188 646 2241 in
683 2188 1003 2243 universum
1040 2190 1235 2245 mortis
1276 2191 1511 2246 vinculis
1542 2191 1647 2247 fuit
1680 2193 1998 2248 obstrictus.

416 2278 589 2333 Porro
618 2279 771 2349 virga
804 2295 869 2334 ex
892 2280 1113 2349 platano
1136 2296 1356 2335 cursum
1382 2281 1439 2336 in
1472 2283 1643 2337 altum
1679 2299 1744 2340 ac
1767 2285 2002 2340 sublime

415 2369 709 2439 signiticat,
748 2370 852 2425 hoc
886 2378 989 2435 est,
1025 2372 1229 2427 Christi
1273 2372 1328 2427 in
1367 2373 1569 2429 caelum
1599 2375 1998 2431 ascensionem.

417 2460 652 2515 Proecra
689 2461 834 2515 enim
870 2461 925 2516 in
967 2462 1160 2532 primis
1201 2464 1367 2518 arbor
1397 2471 1562 2535 atque
1587 2466 1695 2520 alta
1717 2475 1801 2521 est
1827 2468 2001 2537 plata-

417 2567 541 2605 nus.
570 2551 853 2606 Exaltatus
882 2561 1066 2607 autem
1093 2561 1172 2608 cst
1205 2569 1235 2607 a
1261 2554 1420 2608 Patre
1441 2554 1631 2609 Filius.
1656 2554 1747 2610 Sic
1765 2556 1912 2610 enim
1933 2555 2001 2610 de

419 2640 540 2711 ipso
569 2636 806 2696 Petrus:
840 2660 857 2693 ι
892 2642 1089 2697 Dextra
1129 2643 1297 2714 igitur
1332 2644 1430 2700 Dei
1457 2645 1727 2701 exaltatus
1748 2646 1812 2700 '°.
1846 2665 1865 2696 ι
1891 2646 2005 2702 Nec

417 2748 532 2789 non
573 2734 775 2789 Paulus
810 2752 829 2786 ι
859 2735 1327 2805 superexaltatum
1374 2736 1552 2807 ipsum
1585 2737 1693 2803 ait,
1744 2745 1801 2792 et
1847 2753 2005 2793 acce-

413 2828 564 2897 pisse
598 2841 799 2881 nomen
829 2825 976 2896 quod
1013 2834 1098 2883 est
1125 2843 1292 2898 super
1322 2842 1485 2883 omne
1514 2842 1715 2882 nomen
1746 2828 1825 2894 ²¹;
1870 2847 1888 2880 ι
1922 2828 2006 2882 id-

419 2932 527 2987 que
558 2925 617 2971 ut
652 2918 723 2973 ab
751 2918 1010 2973 omnibus
1045 2919 1324 2974 adoretur.
1369 2918 1427 2974 Si
1469 2920 1592 2989 quis
1624 2930 1806 2975 autem
1850 2916 2001 2985 velit,

425 3008 585 3081 149
612 3011 781 3066 alium
800 3012 967 3066 etiam
1002 3026 1225 3067 sensum
1257 3012 1388 3067 huic
1411 3013 1596 3067 arbori
1621 3012 1886 3073 tribuere,
1908 3026 2006 3080 po-

421 3110 547 3156 test.
575 3101 892 3168 Quomodo?
914 3102 1027 3173 Qui
1047 3103 1195 3158 enim
1227 3103 1513 3159 nominum
1538 3101 1893 3173 etymologias
1911 3116 2006 3155 cu-

423 3193 568 3249 riose
598 3196 906 3265 inquirunt,
932 3194 1213 3265 platanum
1236 3210 1268 3249 a
1295 3194 1586 3249 latitudine
1613 3193 1872 3247 foliorum
1895 3191 2005 3247 dici

422 3287 634 3339 volunt.
682 3285 983 3339 Dilatamur
1027 3293 1210 3339 autem
1256 3283 1424 3338 etiam
1471 3298 1573 3339 nos
1603 3299 1704 3354 per
1747 3283 1911 3338 ﬁdem
1950 3292 2008 3339 et

421 3390 688 3440 amorem,
719 3382 930 3429 tantum
963 3389 1075 3430 non
1116 3374 1460 3430 adhaerentes
1490 3373 1732 3430 Christo.
1764 3375 2008 3447 Angusta

422 3466 570 3521 enim
617 3466 705 3520 lex
752 3465 1049 3521 admodum
1103 3474 1217 3531 est,
1265 3474 1320 3521 et
1359 3466 1549 3522 stricta
1594 3466 2007 3525 idololatrarum

424 3575 599 3615 mens.
635 3559 846 3614 Idcirco
878 3560 1045 3613 etiam
1082 3559 1230 3630 gregi
1266 3575 1335 3615 ex
1364 3560 1620 3629 gentibus
1657 3559 1802 3615 Deus
1832 3560 2007 3618 inela-

423 3650 595 3706 mavit
637 3665 737 3721 per
769 3664 958 3704 vocem
986 3651 1307 3721 prephetaa:
1343 3671 1361 3703 ι
1400 3652 1603 3709 Discite
1654 3654 1866 3721 audire,
1907 3670 2008 3711 an-

425 3741 649 3814 gustiati
681 3743 746 3797 ²¹.
782 3761 800 3794 ι
827 3742 1031 3798 Paulus
1054 3759 1186 3799 vero
1221 3744 1525 3801 Corinthiis
1552 3747 1621 3802 ad
1652 3756 1893 3803 veterem
1917 3764 2008 3804 er-

422 3822 609 3890 rorem
639 3833 822 3891 redire
845 3835 1160 3892 volentibus
1179 3845 1302 3907 post
1330 3836 1455 3893 ﬁdei
1479 3838 1848 3905 latitudinem,
1875 3840 2011 3896 scri-

427 3927 510 3982 bit
540 3927 764 3983 dicens:
797 3947 816 3979 ι
842 3927 917 3984 Os
946 3938 1197 3984 nostrum
1220 3939 1471 4000 apertum
1495 3940 1579 3986 est
1609 3931 1677 3987 ad
1701 3948 1816 3998 vos,
1849 3948 1883 3987 ο
1908 3932 2007 3989 Co-

426 4020 619 4077 rinthii
655 4039 668 4075 :
695 4036 791 4076 cor
813 4030 1065 4077 nostrum
1093 4020 1402 4077 dilatatam.
1427 4023 1506 4078 Nc
1529 4024 1918 4095 angustiamini
1953 4025 2010 4080 in

427 4114 589 4171 nobis
630 4132 642 4168 :
684 4114 1070 4184 angustiamini
1109 4122 1293 4168 autem
1332 4115 1389 4170 in
1446 4116 1753 4173 visceribus
1789 4118 2007 4173 vestris.

429 4205 692 4261 Eamdem
712 4212 896 4258 autem
922 4204 1191 4259 habentes
1210 4207 1709 4285 remunerationem
1730 4209 2009 4280 (tanquam

428 4299 560 4355 ﬁliis
597 4298 764 4370 dico),
794 4297 1099 4354 dilatamini
1131 4306 1189 4354 et
1217 4314 1333 4353 vos.
1368 4299 1548 4355 Nolite
1579 4301 1772 4371 jugum
1808 4302 2011 4357 ducere

428 4407 556 4446 eum
580 4390 915 4446 inﬁdelibus.
946 4389 1077 4458 Quae
1104 4389 1250 4445 enim
1274 4390 1862 4462 participatiojustitiaz
1884 4405 2010 4444 eum

424 4482 754 4553 iniquitate?
777 4491 872 4537 aut
906 4498 1027 4553 qua:
1068 4482 1302 4538 societas
1335 4482 1445 4537 luci
1486 4482 1552 4537 ad
1581 4482 1865 4538 tenebras?
1890 4496 2011 4551 qua:

431 4582 617 4628 autem
651 4573 944 4627 conventio
972 4571 1177 4627 Christi
1207 4573 1274 4627 ad
1311 4572 1478 4627 Belial
1504 4572 1586 4625 "?
1619 4592 1637 4623 ι
1668 4572 1839 4627 Ροιϊο
1859 4573 2012 4627 Psal—

424 4665 593 4721 mista
609 4663 811 4717 alicubi
829 4662 897 4716 ad
924 4663 1100 4732 ipsum
1123 4663 1534 4718 Emmanuelem
1557 4664 1694 4734 legis
1708 4664 2012 4735 angustiam

435 4764 627 4809 taxans
657 4751 733 4806 ait
764 4768 776 4804 :
809 4770 826 4801 ι
861 4751 1058 4805 Latum
1085 4750 1403 4804 mandatum
1434 4759 1588 4805 tuum
1615 4752 1779 4806 nimis
1802 4753 1868 4804 ".
1901 4771 1918 4803 ι
1947 4752 2016 4806 Et

432 4861 657 4900 rursus:
682 4864 699 4895 ι
721 4843 875 4899 Viam
894 4843 1274 4898 mandatorum
1293 4851 1512 4898 tuorum
1536 4845 1775 4909 cucurri,
1795 4846 2015 4915 quando

422 4936 674 4993 dilatasti
696 4951 791 4991 cor
812 4949 994 4989 meum
1010 4934 1077 4987 “.
1104 4953 1121 4985 ι
1147 4934 1413 4989 Praeterea
1439 4951 1483 4987 τι
1506 4935 1572 4989 Ει
1596 4935 1873 5005 ingressus
1891 4951 2011 4991 sum

434 5028 493 5083 in
511 5027 822 5092 latitudine,
848 5024 977 5097 quia
1000 5023 1420 5097 iustiﬁcationes
1453 5033 1574 5080 tuas
1603 5025 1873 5096 exquisivi
1891 5021 1957 5080 ²⁸ζ
1988 5045 2006 5077 ι

424 5138 590 5207 Quod
624 5154 756 5195 vero
780 5140 930 5210 virga
948 5151 1143 5202 nueca,
1166 5145 1227 5191 ut
1252 5135 1415 5190 modo
1444 5136 1578 5202 dixi,
1605 5136 1902 5208 vigilantiae
1924 5153 2020 5191 na-

437 5229 690 5285 turaliter
721 5229 791 5283 sit
834 5243 1018 5293 causa,
1064 5236 1121 5282 et
1159 5241 1412 5281 somnum
1451 5234 1681 5291 avertat,
1727 5227 1872 5281 Deus
1903 5227 2020 5297 ipse

437 5330 671 5377 testatur
695 5320 760 5375 ad
788 5322 1107 5390 prephetam
1133 5318 1447 5382 Jeremiam,
1475 5316 1661 5372 dicens
1688 5334 1701 5370 :
1737 5337 1755 5368 ι
1783 5316 1926 5384 Quid
1960 5328 2018 5371 tu

437 5414 610 5482 vides,
631 5413 905 5470 Jeremia?
934 5413 999 5468 Et
1024 5411 1156 5477 dixi,
1189 5411 1388 5483 inquit,
1414 5409 1634 5482 Virgam
1670 5424 1923 5464 noceam.
1948 5409 2019 5465 Et

2101 1847 2411 1918 ἀρωμάτων
2455 1844 2511 1897 δέ
2554 1843 2775 1915 ἥδιστον
2828 1842 2856 1895 ὁ
2908 1837 3133 1912 στύραξ.
3186 1838 3480 1892 Ἀπέθανεν
3526 1838 3584 1891 δὲ
3622 1838 3693 1890 δι’

2101 1939 2249 2008 ἡμᾶς
2283 1937 2311 1989 6
2344 1934 2599 2007 Χριστὸς,
2635 1933 2727 1987 καὶ
2760 1932 2954 2000 ἐτάφη,
2995 1929 3141 1983 κατὰ
3166 1928 3266 1992 τὰς
3292 1929 3332 1982 Γ
3337 1930 3545 2001 ραφάς·
3592 1945 3693 1980 κα-

2103 2029 2262 2101 ρυῖνη
2291 2027 2368 2093 δὲ,
2396 2023 2778 2098 ἐγρηγόρσεως
2805 2040 2865 2076 τε
2895 2023 2986 2076 καὶ
3015 2021 3266 2083 άῦπνίας.
3310 2021 3553 2091 Ἐνεργεῖ
3580 2019 3691 2091 γὰρ

2100 2120 2160 2172 ἐν
2188 2120 2319 2189 ἡμῖν
2351 2116 2422 2171 τά
2449 2117 2623 2170 τοιάδε
2648 2114 2882 2185 φύσεως.
2927 2114 3256 2185 Ἐγηγερται
3284 2112 3342 2165 δὲ
3372 2113 3509 2183 ὑπὲρ
3529 2111 3691 2183 ἡμῶν

2100 2213 2129 2264 ὁ
2162 2209 2413 2281 Χριστός.
2438 2210 2510 2262 Οὑ
2538 2207 2645 2281 γὰρ
2674 2208 2865 2277 γέγονε
2896 2205 3127 2276 κάτοχος
3155 2207 3276 2268 ταῖς
3312 2204 3437 2276 ᾅδου
3469 2204 3688 2273 πύλαις,

2101 2301 2223 2355 οὑτε
2262 2302 2358 2371 μὲν
2386 2302 2466 2363 είς
2496 2300 2643 2354 ἆπαν
2675 2300 2789 2370 ἥλω
2819 2301 2930 2361 τοῖς
2958 2298 3052 2352 τοῦ
3084 2297 3314 2352 θανάτου
3337 2297 3577 2366 δεσμοῖς.
3624 2296 3693 2349 Ἦ

2102 2394 2165 2446 ἐκ
2193 2391 2463 2445 πλατάνου
2492 2390 2549 2443 δὲ
2580 2390 2739 2443 πάλιν
2764 2388 3125 2459 ὑπεμφαίνειν
3151 2386 3294 2441 ἔοικε
3319 2387 3413 2439 τὸν
3443 2389 3524 2449 είς
3556 2385 3697 2456 ὕψος

2101 2500 2161 2536 τε
2194 2485 2286 2536 καὶ
2329 2481 2461 2552 πρὸς
2488 2481 2578 2534 τὸν
2611 2482 2723 2535 ἄνω
2756 2480 2974 2552 δρόμον,
3008 2478 3310 2546 τουτέστιν,
3340 2478 3437 2548 τὴν
3470 2479 3550 2541 είς
3593 2479 3694 2530 οὑ-

2107 2574 2301 2645 ρανοὺς
2322 2572 2587 2626 ἀνάϐασιν
2615 2570 2709 2624 τοῦ
2741 2569 3000 2642 Χριστοῦ.
3030 2568 3244 2638 Εὑφυές
3277 2568 3386 2639 γὰρ
3418 2567 3572 2633 ξύλον
3596 2569 3697 2622 καὶ

2101 2665 2212 2718 τῶν
2266 2665 2404 2734 ἄγαν
2461 2661 2890 2734 εὑμηκεστάτων
2924 2662 2958 2732 ἡ
3014 2661 3301 2724 πλάτανος.
3365 2659 3585 2732 ’Υψώθη
3633 2661 3698 2714 δὲ

2104 2757 2256 2828 παρὰ
2282 2755 2376 2810 τοῦ
2402 2755 2617 2828 Πατρὸς
2642 2756 2670 2807 6
2723 2754 2877 2817 Υἱός.
2927 2753 3076 2824 Ἔφη
3109 2753 3218 2824 γὰρ
3259 2755 3288 2807 6
3325 2752 3527 2824 Πέτρος
3561 2754 3697 2824 περὶ

2103 2848 2269 2903 αὑτοῦ
2294 2864 2307 2879 ·
2354 2867 2372 2900 ι
2412 2849 2490 2919 Τῇ
2524 2847 2673 2918 δεξιᾷ
2702 2841 2796 2899 οῦν
2839 2844 2935 2897 τοῦ
2983 2845 3117 2898 Θεοῦ
3155 2844 3406 2914 ὑψωθεὶς.
3449 2863 3467 2895 ι
3515 2846 3625 2898 Καὶ
3667 2847 3700 2899 6

2105 2938 2340 3002 Παῦλος,
2391 2935 2798 3010 ὑπερυςῖνοῦσθαί
2842 2951 3006 3006 φησιν
3057 2935 3242 3002 αὑτὸν,
3271 2936 3365 2988 καὶ
3398 2934 3586 2988 λαϐεῖν
3631 2934 3699 2989 τὸ

2106 3031 2276 3100 ὄνομα
2318 3029 2380 3083 τὸ
2424 3029 2564 3099 ὑπὲρ
2612 3029 2720 3081 πᾶν
2764 3027 2973 3098 ὄνομα,
3009 3027 3106 3080 καὶ
3142 3026 3243 3099 τὴν
3282 3025 3430 3098 παρὰ
3474 3026 3699 3080 πάντων

2107 3120 2497 3193 προσκύνησιν.
2526 3120 2590 3173 Εἰ
2613 3117 2671 3171 δέ
2689 3135 2771 3181 τις
2803 3117 3061 3188 βούλοιτο,
3094 3118 3189 3171 καὶ
3217 3116 3337 3170 καθ’
3361 3116 3544 3187 ἕτερόν
3571 3134 3701 3170 τινα.

2106 3214 2232 3268 νοῦν
2263 3211 2560 3285 ἐκλήψεται
2593 3211 2655 3263 τὸ
2688 3211 2874 3279 φυτόν.
2915 3211 3020 3262 Kal.
3046 3209 3128 3273 τίς
3152 3210 3180 3262 6
3207 3209 3440 3279 τρόπος;
3473 3209 3535 3261 Ol
3564 3202 3721 3281 περϊ

2105 3306 2206 3369 τὰς
2249 3304 2358 3358 τῶν
2417 3303 2699 3374 ὀνομάτων
2737 3300 3095 3373 ἐτυμολογίας
3130 3299 3466 3372 περιέργως,
3512 3299 3600 3354 διὰ
3634 3301 3704 3353 τὸ

2106 3396 2227 3450 λίαν
2255 3394 2577 3467 εὑρύνεσθαι
2616 3392 2694 3464 τῷ
2727 3391 2869 3462 ξύλῳ
2896 3391 2958 3444 τὸ
3002 3390 3255 3454 πέταλον,
3295 3390 3553 3463 ταύτῃτοι
3598 3391 3703 3443 καὶ

2106 3488 2422 3542 πλάτανον
2451 3484 2769 3556 ὠνομάσθαι
2804 3484 2989 3553 φασίν.
3038 3483 3422 3554 Πλατυνόμεθα
3453 3482 3565 3554 γὰρ
3597 3484 3703 3539 καὶ

2108 3583 2271 3653 ἡμεῖς
2297 3580 2386 3633 διὰ
2423 3579 2658 3640 πίστεως
2691 3578 2785 3630 καὶ
2827 3575 3079 3645 ἀγάπης,
3124 3576 3406 3646 μονονουχὶ
3434 3575 3703 3648 περιφῦν-

2106 3690 2198 3736 τες
2222 3671 2462 3743 Χριστῷ.
2488 3669 2678 3731 Στενδς
2706 3667 2815 3739 γὰρ
2843 3669 2871 3720 6
2894 3666 3056 3737 νόμος
3077 3666 3197 3719 λίαν
3224 3666 3316 3720 καὶ
3338 3666 3706 3737 τεθλιμμένος

2108 3764 2216 3817 τῶν
2247 3760 2777 3833 είδοιλολατρούντων
2802 3762 2830 3814 6
2868 3759 3010 3824 νοῦς.
3055 3759 3164 3813 Kal.
3191 3758 3323 3826 γοῦν
3347 3761 3468 3822 ταῖς
3499 3762 3598 3830 μὲν
3632 3759 3703 3824 ἐξ

2109 3856 2279 3909 ἐθνῶν
2312 3853 2532 3925 ἀγέλαις
2570 3852 2838 3923 ἐπεφώνει
2869 3853 3001 3916 Θεὸς
3033 3851 3122 3905 διὰ
3158 3852 3438 3923 προφήτου
3470 3852 3654 3923 φωνῆς
3680 3867 3699 3883 “

2116 3967 2136 4001 ι
2195 3947 2409 4001 Μάθετε
2460 3946 2680 4000 ἀκούειν
2735 3943 3273 4016 στενοχωρούμενοι·
3310 3962 3329 3995 ι
3385 3942 3702 4014 Κορινθίοις

2109 4041 2165 4095 δέ
2206 4043 2234 4094 6
2271 4039 2477 4103 Παῦλος
2517 4040 2830 4093 ὑπονοστεῖν
2870 4039 3145 4109 ἑλομένοις
3177 4038 3268 4091 ἐπὶ
3313 4038 3413 4110 τὴν
3458 4036 3700 4109 ἀρχαίαν

2112 4132 2379 4203 πλάνησιν
2402 4130 2541 4202 μετὰ
2564 4130 2623 4184 τὸ
2654 4133 2711 4184 ἐν
2738 4131 2917 4185 πίστει
2943 4131 3142 4194 πλάτος
3164 4130 3467 4183 ἐπιστέλλει
3492 4130 3696 4198 λέγων·

2118 4248 2136 4281 ι
2173 4228 2245 4281 Τὸ
2284 4226 2460 4297 στόμα
2488 4224 2644 4298 ἡμῶν
2675 4224 2881 4295 ἀνέῳγε
2917 4224 3053 4295 πρδς
3090 4223 3234 4295 ὑμᾶς
3256 4267 3269 4287 ,
3306 4223 3619 4293 Κορίνθιοι,
3658 4225 3698 4296 ἠ

2112 4319 2309 4390 καρδία
2342 4317 2498 4388 ἡμῶν
2524 4316 2906 4373 πεπλάτυνται.
2925 4316 3001 4369 Οὑ
3024 4314 3440 4388 στενοχωρεῖσθε
3465 4316 3521 4368 ἐν
3539 4316 3699 4385 ἡμῖν,

2045 4427 2086 4481 υ
2117 4408 2536 4480 στενοχωρεῖσθε
2569 4406 2626 4460 δὲ
2654 4408 2710 4459 ἐν
2739 4406 3068 4476 σπλάγχνοις
3097 4405 3269 4475 ὑμῶν.
3304 4404 3415 4475 Τὴν
3442 4404 3496 4456 δὲ
3522 4405 3701 4475 αὑτὴν

2114 4499 2482 4570 ἀντιμισθίαν,
2507 4498 2582 4560 ὡς
2605 4497 2815 4560 τέκνοις
2842 4498 3006 4566 λέγω,
3040 4494 3380 4565 πλατύνθητε
3401 4496 3495 4549 καὶ
3512 4496 3699 4566 ὑμεῖς,

2118 4593 2193 4664 μὴ
2229 4589 2443 4661 γίνεσθε
2485 4587 2933 4658 ἑτεροζυγοῦντες
2973 4587 3242 4651 ἀπίστοις.
3291 4588 3386 4650 Τίς
3417 4588 3526 4657 γὰρ
3562 4604 3703 4658 μετ-

2113 4681 2212 4752 οχὴ
2257 4677 2571 4748 δικαιοσύνῃ
2611 4678 2704 4730 καὶ
2751 4674 2986 4749 ἁνομίξη
3030 4676 3124 4730 καὶ
3159 4677 3240 4740 τίς
3269 4676 3523 4731 κοινωνία
3555 4678 3705 4745 φωτὶ

2116 4774 2252 4844 πρὸς
2293 4772 2518 4835 σκότος;
2567 4768 2750 4834 τίςδὲ
2783 4768 3139 4840 συμφώνησις
3169 4768 3389 4840 Χριστῷ
3429 4768 3566 4839 πρὸς
3600 4769 3704 4821 Bs-

2117 4864 2267 4931 λίαλ;
2299 4884 2317 4916 ι
2353 4863 2461 4916 Kal.
2490 4862 2594 4933 μὴν
2621 4862 2649 4913 ὁ
2674 4860 2975 4930 Ψαλμῳδὸς
2997 4862 3130 4931 πρὸς
3154 4863 3315 4913 αὑτὸν
3344 4862 3400 4913 ἐν
3422 4859 3705 4929 πνεύματί

2120 4955 2223 5010 πού
2261 4971 2393 5026 φησι
2425 4954 2516 5007 τὸν
2558 4951 2925 5023 Ἐμμανουὴλ,
2953 4950 3052 5022 τὴν
3080 4952 3172 5004 τοῦ
3205 4952 3371 5022 νόμου
3405 4951 3703 5021 στενότητα

2119 5045 2410 5115 διασύρων*
2473 5042 2754 5094 «Πλατεῖα
2786 5042 2819 5107 ἡ
2866 5041 3052 5113 ἐντολή
3103 5056 3198 5093 σου
3252 5039 3475 5110 σφόδρα.
3525 5057 3543 5091 ι
3586 5041 3704 5093 Kal.

2118 5134 2302 5188 πάλιν
2348 5156 2366 5185 ι
2390 5134 2537 5188 Ὀδὸν
2569 5131 2798 5186 ἐντολῶν
2830 5149 2924 5186 σου
2957 5133 3213 5203 ἔδραμον,
3240 5132 3367 5185 ὃταν
3391 5130 3705 5195 ὲπλάτυνας

2116 5226 2218 5297 τὴν
2254 5224 2479 5294 καρδίαν
2520 5244 2643 5295 μου.
2684 5245 2703 5279 ι
2733 5225 2878 5298 Πρὸς
2905 5224 3078 5294 τούτῳ
3101 5223 3203 5277 ἔτι’
3243 5242 3261 5276 ι
3303 5224 3415 5278 Kal
3447 5224 3708 5292 ἑπορευό·

2123 5335 2230 5388 μην
2257 5318 2314 5370 ἐν
2365 5316 2700 5389 πλατυσμῷ,
2750 5318 2832 5371 ὅτι
2877 5316 2945 5369 τὰ
2986 5314 3334 5386 δικαιώματά
3373 5331 3466 5368 σου
3508 5313 3706 5385 ἐξεζή-

2118 5426 2279 5478 τησα.
2319 5428 2339 5462 ι
2377 5410 2497 5463 Ὅτι
2531 5411 2588 5464 δὲ
2631 5411 2725 5464 καὶ
2765 5412 2798 5482 ἡ
2840 5408 3035 5480 ῥάϐδος
3080 5410 3372 5481 ήκαρυῖνη
3397 5450 3412 5475 ,
3444 5407 3706 5480 καθάπερ

514 5615 559 5647 ¹⁰
599 5614 698 5669 isa.
725 5614 880 5681 xr,l;
917 5616 1036 5669 Act.
1077 5631 1191 5679 xm,
1224 5613 1313 5668 28.
1392 5613 1436 5645 ⁸⁷
1466 5612 1608 5669 Psal.
1650 5627 1779 5674 χχιι,
1825 5611 1893 5681 4η
1919 5678 1930 5681 _
1959 5606 2000 5681 ’θ

2107 5608 2365 5673 ιιςχχπνι,
2400 5610 2486 5664 n.
2566 5611 2607 5642 ιο
2654 5608 2956 5681 πριιιιδο
2986 5618 3041 5681 (ιι
3067 5608 3218 5664 alibi.
3279 5608 3342 5681 1°
3370 5608 3489 5663 Aet.
3518 5624 3575 5675 ιι,
3606 5576 3741 5668 σε(

440 5685 697 5757 “Philip.
729 5700 787 5752 ιι,
810 5678 874 5740 9.
937 5684 1105 5739 “lsa.
1130 5678 1416 5751 xtvmﬁO.
1487 5681 1742 5737 "llCor.
1775 5678 2055 5745 v1‘,ll-l5.
2141 5681 2349 5736 “Psal.
2382 5697 2559 5747 cxvm,
2586 5683 2671 5737 96.
2748 5682 2794 5712 ’⁸
2811 5679 2945 5734 ibid.
2982 5680 3069 5733 5-2.
3144 5681 3191 5713 ⁸ο
3217 5678 3352 5734 ibid.
