4032 6198
282 375 385 435 III

1296 371 1818 430 GLAPIIYRORUM
1854 373 1923 428 IN
1960 372 2263 431 GENESIM
2300 373 2432 429 LIB.
2477 376 2555 430 γ(

3458 383 3568 442 2⁵32

282 493 510 558 ιναγχος
553 487 715 558 ἔφην,
749 481 984 551 ἀῦπνίας
1020 487 1169 542 ιστὶν
1196 488 1528 562 ἐμποιητικὴ
1559 490 1743 559 φύσις,
1788 490 1879 545 λέ-

1984 490 2122 546 dixit
2160 492 2422 549 Dominus
2449 494 2517 549 ad
2553 508 2639 549 me
2679 511 2692 547 :
2730 494 2896 549 Recte
2928 493 3148 559 vidisti,
3189 496 3316 567 quia
3349 497 3570 568 vigilavi

279 599 469 652 γοντος
500 581 639 635 Θεοῦ
679 581 819 652 πρὸς
847 580 939 633 τὸν
969 581 1256 652 προφήτην
1309 582 1611 652 Ἱερεμίαν·
1649 601 1669 635 ι
1711 583 1776 636 Τί
1807 584 1871 637 σὺ

281 674 434 744 δρᾷς,
495 671 778 743 Ἱερεμίας
806 671 916 725 Καὶ
951 668 1102 736 εἶπα,
1133 673 1289 743 φησι,
1331 671 1643 745 Βακτηρίαν
1681 676 1873 747 καρυῖο

281 781 401 833 νην.
448 762 562 816 Καὶ
597 758 753 817 εἶπεν
796 761 1000 833 Κύριος
1024 763 1162 834 πρός
1205 780 1272 834 με
1294 781 1310 795 υ
1343 763 1542 829 Καλῶς
1597 763 1872 836 ἑώρακας,

282 854 418 907 διότι
460 854 743 926 ὲγρήγορα
770 852 881 920 ἐγὼ
908 854 1000 907 ἐπὶ
1024 856 1150 918 τοὺς
1171 853 1364 923 λόγους
1392 872 1494 926 μου
1527 855 1620 910 τοῦ
1650 856 1874 927 ποιῆσαι

285 946 505 1009 αὐτούς,
549 965 569 997 ι
623 945 836 999 Οὐκοῦν
865 944 941 1009 ὡς
973 949 1032 999 ὲν
1063 947 1195 1000 εῖδει
1224 948 1325 1017 τῆς
1357 947 1552 1018 ῥάϐδου
1587 948 1876 1019 νοούμενος

286 1039 481 1093 ἑαυτὸν
520 1040 651 1111 ἡμῖν
682 1037 874 1109 ὥσπερ
905 1039 1274 1109 παρατίθησιν
1306 1041 1336 1092 6
1380 1040 1647 1111 Χριστὸς,
1679 1040 1754 1103 ὡς
1782 1058 1876 1093 τε·

287 1130 530 1195 θνεῶτα,
565 1131 660 1184 καὶ
686 1129 1077 1201 ἐγηγερμένον,
1111 1131 1208 1184 καὶ
1238 1132 1318 1194 είς
1346 1132 1607 1202 οὐρανοὺς
1640 1131 1879 1200 ὑψούμε-

287 1242 400 1282 νον.
433 1222 840 1293 κατευρύνοντά
868 1239 929 1275 τε
957 1222 1046 1275 διὰ
1073 1220 1167 1275 τοῦ
1198 1220 1515 1291 Πνεύματος
1545 1221 1751 1291 νοητῶς
1780 1222 1879 1284 τὰς

291 1316 400 1370 τῶν
424 1315 728 1384 δεχομένων
750 1315 912 1367 αὑτὸν
936 1313 1182 1384 καρδίας.
1221 1312 1381 1366 Ἀλλὰ
1405 1312 1508 1365 ποῦ
1530 1312 1627 1376 τάς
1650 1313 1877 1383 ῥάϐδους

289 1409 537 1462 τέθεικεν
560 1408 590 1459 6
619 1405 849 1473 ’1ακὼϐ;
892 1408 979 1459 Ἐν
1005 1407 1125 1469 ταῖς
1152 1406 1335 1475 ληνοῖς
1351 1405 1459 1457 τῶν
1487 1406 1875 1476 ποτιστηρίων.

288 1499 511 1552 Νοοίντο
544 1499 589 1551 δ’
617 1497 683 1552 ἂν
713 1498 874 1551 πάλιν
897 1498 1050 1569 ληνοί
1076 1514 1135 1549 τε
1173 1498 1270 1549 καὶ
1302 1498 1530 1567 ποτιστή
1542 1514 1632 1568 ρια
1661 1498 1761 1566 τῆς
1788 1497 1877 1549 λο-

289 1593 455 1660 γικῆς
483 1590 719 1659 ἀγέλης,
747 1590 1029 1643 τουτέστιν
1061 1590 1243 1661 ἡμῶν,
1278 1591 1570 1661 συγγραφὴ
1601 1589 1876 1656 Μωσέως,

233 1674 247 1699 ⁸
290 1682 385 1734 καὶ
403 1681 474 1734 τὰ
501 1681 818 1751 προφητικᾶ
857 1681 1191 1753 κηρύγματα
1210 1725 1225 1748 ,
1252 1684 1344 1736 τὸν
1379 1683 1587 1737 ἄνωθεν
1615 1685 1749 1754 ἡμῖν
1784 1682 1879 1737 καὶ

290 1772 445 1843 παρὰ
464 1772 601 1825 Θεοῦ
636 1774 918 1843 μονονουχὶ
951 1773 1183 1843 βρύοντα
1202 1774 1379 1843 λόγον.
1407 1776 1720 1846 Γέγραπται
1746 1773 1876 1845 γὰρ,

1971 597 2074 654 ego
2096 598 2264 654 super
2288 584 2455 640 verba
2484 599 2625 649 mea,
2659 593 2719 638 ut
2739 584 2932 639 faciam
2963 600 3029 639 ea
3054 585 3120 638 ’7.
3160 604 3177 637 ι
3215 586 3426 641 Idcirco
3457 590 3571 642 vcl-

1974 674 2055 728 uti
2100 674 2155 729 in
2199 675 2383 745 specie
2417 676 2583 746 virgae
2624 676 2967 741 intellectus,
3012 676 3252 747 scipsum
3296 678 3566 747 quodam-

1975 765 2138 820 modo
2176 767 2337 823 nobis
2373 768 2627 839 proponit
2656 768 2930 834 Christus,
2965 778 3025 823 ut
3052 780 3332 825 mortuum
3359 778 3416 824 et
3441 786 3566 825 sus-

1975 856 2224 923 citatum,
2262 868 2426 929 atque
2476 860 2532 915 in
2578 861 2747 915 cmlos
2787 860 3108 927 exaltatum,
3143 869 3199 917 et
3243 862 3567 919 dilatantcm

1977 949 2300 1019 spiritaliter
2333 966 2526 1007 eorum
2558 952 2653 1022 qui
2690 953 2868 1023 ipsum
2911 954 3223 1024 suscipiunt
3246 954 3568 1012 cor.Crcte-

1981 1053 2104 1091 rum
2139 1038 2362 1094 ubinam
2391 1041 2577 1111 posuit
2601 1041 2782 1111 virgas
2804 1042 3007 1097 Jacob?
3033 1044 3092 1098 In
3118 1045 3406 1100 canalibus
3431 1060 3568 1100 con-

1976 1129 2206 1185 charum
2247 1146 2422 1201 aquae.
2449 1132 2678 1190 Canales
2713 1150 2849 1191 vero
2881 1153 3122 1203 rursum,
3151 1138 3208 1193 in
3236 1139 3438 1207 quibus
3474 1140 3569 1195 ad-

1977 1228 2213 1288 aquatur
2247 1222 2531 1278 rationalis
2561 1238 2711 1294 grex,
2745 1225 2849 1280 hoc
2880 1235 2995 1292 est,
3027 1243 3157 1293 nos,
3191 1228 3568 1300 intelligantur

1977 1313 2179 1383 scripta
2196 1314 2413 1386 Moysis,
2432 1325 2490 1371 et
2516 1318 2852 1387 prophetica:
2874 1321 3311 1391 prmdicationcs,
3326 1338 3447 1392 quae
3469 1338 3568 1378 no-

1978 1401 2065 1457 bis
2096 1418 2395 1473 supernum
2439 1415 2602 1476 atque
2636 1423 2668 1462 a
2694 1408 2805 1463 Deo
2848 1425 3160 1464 sermonem
3202 1418 3415 1466 tantum
3454 1428 3566 1466 non

1979 1496 2306 1551 scaturiunt.
2344 1496 2620 1568 Scriptum
2659 1508 2744 1554 est
2778 1499 2963 1554 enim:
2995 1520 3013 1552 ι
3058 1501 3335 1556 Ilaurietis
3365 1517 3566 1572 aquam

1980 1601 2105 1641 cum
2134 1588 2333 1658 gaudio
2359 1589 2427 1644 de
2452 1589 2696 1645 fontibus
2723 1590 3024 1647 Salvatoris
3051 1591 3118 1646 ³⁸.
3154 1613 3171 1644 ι
3202 1592 3316 1648 Illic
3342 1593 3564 1648 Emma-

1979 1679 2579 1749 nuelem‘reperiemus
2625 1681 2831 1751 virgam
2870 1682 3148 1752 potentiae,
3190 1693 3247 1737 et
3294 1683 3466 1738 veluti
3509 1683 3567 1738 in

1981 1778 2159 1825 morte
2180 1778 2404 1840 propter
2421 1786 2541 1837 nos,
2563 1778 2727 1842 atque
2746 1772 3171 1845 primogenitum
3192 1788 3223 1829 e
3243 1773 3477 1828 mortuis
3497 1774 3567 1841 ”,

287 1866 371 1918 δτι
406 1884 427 1915 c
476 1866 590 1919 Καὶ
632 1865 928 1935 ἀντλήσετε
961 1864 1107 1936 ὕδωρ
1141 1866 1256 1934 μετ’
1293 1866 1633 1937 εὐφροσύνης
1676 1867 1741 1920 ἐκ
1767 1866 1876 1919 τῶν

1983 1860 2142 1931 150
2172 1868 2230 1916 et
2252 1862 2550 1917 exaltatum
2584 1862 2640 1916 in
2665 1863 2859 1933 gloria,
2885 1880 2949 1920 ac
2977 1865 3299 1921 dilatantem
3333 1864 3566 1920 creden-

293 1952 486 2022 πηγῶν
512 1953 609 2005 τοῦ
638 1952 930 2024 σωτηρίου.
965 1972 985 2007 ι
1032 1956 1179 2007 Ἐκεῖ
1208 1956 1295 2008 τὸν
1336 1956 1686 2027 Ἐμμανουήλ
1712 1955 1877 2027 εὑρή-

291 2060 459 2113 σομεν
484 2044 605 2115 rip;
625 2045 726 2114 τῆς
756 2045 1039 2114 δυνάμεως
1082 2045 1299 2117 ῥάϐδον,
1340 2049 1435 2101 καὶ
1456 2047 1532 2112 ὼς
1570 2049 1629 2101 ὲν
1668 2047 1879 2120 θανάτῳ

286 2136 352 2189 δι’
381 2136 557 2206 ἡμᾶς,
590 2137 685 2188 καὶ
713 2137 1056 2207 πρωτότοκον
1087 2140 1150 2191 ἐκ
1184 2139 1421 2210 νεκρῶν,
1452 2140 1547 2193 καὶ
1576 2137 1879 2209 ὑψούμενον

288 2229 345 2279 ἐν
364 2226 496 2297 δόξῃ
513 2267 527 2289 ,
558 2226 655 2279 καὶ
687 2225 1025 2281 πλατύνοντα
1047 2228 1172 2290 τοὺς
1198 2227 1634 2290 πεπιστευκότας
1654 2266 1670 2291 ,
1702 2226 1879 2281 mea.

289 2334 395 2390 περ
422 2319 563 2388 ἔφην
610 2319 833 2389 ἀρτίως.
884 2319 1113 2390 Σύμπας
1157 2320 1267 2391 γάρ
1313 2320 1504 2391 ὥσπερ
1551 2320 1662 2374 τῶν
1706 2321 1880 2390 ἁγίων

292 2409 596 2480 προφητῶν
637 2412 666 2464 6
694 2410 852 2480 λόγος
869 2452 884 2476 ,
914 2412 1007 2467 καὶ
1033 2412 1132 2483 μέν
1163 2429 1247 2466 τοι
1273 2414 1516 2476 Μωσέως
1540 2413 1880 2469 διανένευκεν

286 2502 380 2553 ἐπὶ
405 2500 471 2554 τὸ
490 2502 727 2571 Χριστοῦ
757 2504 1075 2574 μυστήριον.
1105 2503 1394 2576 Τοιγάρτοι
1417 2504 1510 2558 καὶ
1528 2506 1560 2558 6
1589 2506 1752 2575 σοφὸς
1776 2505 1878 2579 ἔφη

288 2594 523 2657 Παῦλος,
559 2596 641 2648 ὅτι
670 2614 687 2646 ι
717 2594 884 2658 Τέλος
906 2596 1071 2666 νόμου
1094 2594 1189 2649 καὶ
1208 2594 1504 2665 προφητῶν
1523 2596 1552 2648 6
1570 2596 1824 2665 Χριστός.
1854 2615 1875 2649 ι

288 2686 439 2758 Πλὴν
468 2687 718 2742 ὲλέπισεν
753 2687 947 2741 Ἰακὼϐ
979 2688 1076 2752 τὰς
1107 2687 1331 2759 ῥάϐδους
1355 2677 1666 2769 λεπίσματα
1689 2687 1879 2752 λευκὰ,

288 2776 609 2848 περισύρων
633 2777 695 2830 τὸ
722 2776 931 2849 χλωρόν
950 2794 964 2806 ·
1005 2777 1234 2830 ὲκίττων
1265 2793 1326 2830 τε
1354 2775 1530 2840 οὔτως
1561 2776 1651 2829 ἐπ’
1691 2777 1882 2840 αὐταῖς

288 2869 349 2923 τὸ
381 2869 636 2923 ποικίλον
672 2869 749 2923 τὰ.
778 2869 1092 2941 Θρέμματα.
1123 2867 1419 2941 Περισύρει
1465 2867 1577 2940 γὰρ
1618 2868 1807 2941 ὥσπερ
1852 2868 1881 2920 6

287 2960 526 3032 Χριστὸς
552 2961 655 3032 τὴν
681 2960 775 3013 τοῦ
806 2961 970 3030 νόμον
1016 2960 1195 3025 σκιὰν,
1221 2961 1315 3015 καὶ
1352 2960 1708 3033 προφητικῶν
1747 2977 1883 3030 συγ-

286 3051 640 3123 γραμμάτων
671 3050 732 3104 τδ
770 3052 934 3104 οἱονεὶ
977 3051 1419 3121 κατακάλυμμα,
1453 3050 1883 3122 λελευκασμένον

284 3142 340 3195 δὲ
370 3142 523 3195 οὕτω
564 3142 663 3195 καὶ
690 3142 1023 3197 εὐκάτοπτον
1055 3142 1251 3213 κομιδῇ
1297 3142 1390 3196 τὸν
1434 3143 1494 3198 έν
1523 3143 1709 3208 αὐτοῖς
1749 3141 1882 3213 ἡμῖν

284 3235 617 3303 ἀποφαίνων
667 3235 846 3304 λόγον,
895 3235 1112 3307 ἐπῳδὴν
1156 3235 1421 3305 ἀναφέρει
1467 3235 1874 3305 πνευματικήν·

288 3331 455 3395 μόνον
493 3330 555 3384 δὲ
596 3329 718 3400 οὐχὶ
761 3329 855 3382 καὶ
896 3328 1184 3382 ἀναπείθει
1240 3329 1432 3399 κιττᾷν
1471 3326 1552 3397 τῷ
1598 3326 1878 3379 ὲκποικίλ-

292 3420 475 3474 (εσθαι
510 3420 668 3474 θέλον
712 3421 792 3484 είς
833 3418 1056 3491 ἀρετὴν,
1096 3418 1263 3487 διφυᾶ
1309 3435 1426 3481 πως
1470 3417 1640 3489 αὐτὴν
1689 3418 1881 3488 ἐπιτη-

283 3511 568 3574 δεύοντας,
595 3509 764 3581 ἐργῳ,
785 3524 846 3563 τε
872 3508 1041 3580 φημὶ,
1084 3508 1180 3561 καὶ
1210 3505 1374 3577 λόγῳ.
1416 3505 1525 3559 Καὶ
1554 3504 1687 3574 γοῦν
1717 3506 1766 3557 οἱ
1796 3503 1881 3556 θε-

286 3605 507 3656 σπέσιοι
560 3602 838 3672 προφῆται
880 3599 991 3654 τῶν
1021 3600 1080 3653 ἐν
1122 3599 1303 3654 πίστει
1347 3596 1786 3667 δεδικαιωμένων
1820 3594 1881 3648 τὸ

285 3696 590 3767 πρόσωπον
654 3692 1046 3764 ὑποτρέχοντες
1101 3690 1545 3761 ἀνακεκράγασιν
1593 3687 1839 3760 ἐναργῶς
1862 3703 1878 3720 ο

291 3808 311 3839 c
345 3789 451 3841 Διὰ
477 3787 572 3840 τὸν
601 3786 771 3855 φόϐον
797 3802 917 3851 σου,
940 3784 1134 3855 Κύριε,
1161 3785 1219 3838 ὲν
1246 3782 1442 3853 γαστρὶ
1468 3780 1755 3853 ἐλάϐομεν,
1786 3781 1881 3834 καὶ

286 3880 664 3950 ὠδινήσαμεν,
696 3880 789 3933 καὶ
820 3879 1083 3949 ὲτέκομεν
1126 3877 1342 3948 πνεῦμα
1387 3875 1660 3947 σωτηρίας
1694 3892 1810 3928 σου.
1855 3894 1874 3928 ι

292 3973 442 4042 Ἔφη
488 3971 552 4024 δέ
591 3987 696 4024 που
748 3971 843 4023 καὶ¹
898 3970 1059 4024 πάλιν
1116 3969 1262 4033 ἰδίως
1320 3969 1350 4021 6
1403 3968 1565 4032 αὐτὸς
1612 3967 1882 4038 μακάριος

300 4062 571 4125 Ἡσαΐας·
611 4080 631 4113 ι
666 4060 968 4131 ’ἰσχύσαι-δε,
996 4062 1179 4132 χεῖρες
1206 4058 1509 4129 ἁνειμέναι,
1547 4059 1643 4111 καὶ
1679 4058 1881 4127 γόνατα

289 4152 743 4224 παραλελυμένοι.
813 4150 1262 4223 Παρακαλέσατε,
1315 4150 1365 4202 οἱ
1433 4148 1748 4219 ὁλιγόψυχοι
1812 4150 1880 4220 τῇ

288 4244 526 4316 διανοίᾳ,
566 4242 856 4313 ἰσχύσατε,
900 4244 974 4315 μὴ
1011 4243 1282 4313 φοϐεῖσθε.
1332 4242 1465 4295 ἰὀοὺ
1497 4242 1526 4294 6
1563 4240 1695 4304 Θεὸς
1724 4239 1882 4312 ήμῶν

289 4339 480 4409 κρίσιν
526 4335 921 4392 ἀνταποδίδωσι
942 4377 957 4401 ,
984 4337 1078 4391 καὶ⁹
1121 4333 1512 4390 ἁνταποδώσει.
1550 4352 1572 4388 ι
1623 4333 1736 4388 Καὶ
1779 4333 1882 4388 πά-

290 4431 396 4485 λιν*
428 4450 450 4485 ο
500 4431 659 4495 Ἰδοὺ,
683 4428 886 4499 Κύριος
914 4429 1053 4500 μετὰ
1084 4429 1266 4500 ἰσχύος
1305 4428 1546 4499 ἔρχεται,
1580 4428 1674 4481 καὶ
1700 4429 1728 4481 6
1759 4426 1885 4498 βρα-

288 4524 429 4593 χίων
479 4522 651 4578 αὐτοῦ
700 4523 840 4592 μετὰ
888 4521 1117 4593 κυρίας,
1154 4522 1229 4585 ὡς
1286 4522 1490 4592 ποιμὴν
1519 4523 1777 4592 ποιμανεῖ
1822 4521 1884 4574 τὸ

295 4614 555 4684 ποίμνιον
571 4612 760 4677 αὑτοῦ,
784 4613 880 4667 καὶ
892 4611 970 4683 τῷ
996 4612 1240 4683 βραχίονι
1257 4610 1424 4666 αὑτοῦ
1448 4613 1666 4679 συνάξει
1692 4613 1883 4683 ἄρνας,

292 4708 390 4761 καὶ
418 4708 521 4770 τὰς
550 4708 608 4761 ὲν
631 4708 831 4778 γαστρὶ
862 4706 1091 4777 ἐχούσας
1136 4704 1532 4776 παρακαλέσει,
1564 4723 1583 4755 ι
1613 4704 1882 4768 τουτέστι,

294 4797 653 4867 παράκλησις
693 4795 846 4849 ἔσται
900 4795 1241 4865 πνευματικὴ
1287 4797 1398 4859 τοῖς
1451 4794 1552 4867 1ιτιδη
1608 4795 1700 4848 τὸν
1743 4795 1885 4849 θεῖον

290 4891 555 4943 ὠδίνουσι
586 4888 766 4957 λόγον,
813 4887 889 4953 ὡς
932 4890 1230 4959 ὲγκάρποις
1272 4887 1580 4956 ἐσομένοις,
1626 4887 1721 4940 καὶ
1761 4887 1885 4940 ὅσον

289 4984 518 5037 οὐδέπω
555 4982 812 5054 μέλλουσι
844 4985 1021 5035 τεκεῖν
1061 4982 1159 5053 τῆς
1202 4979 1567 5049 εύαγγελικῆς
1609 4979 1887 5044 πολιτείας

288 5076 361 5129 τά
396 5076 726 5146 αὐχήματα.
752 5074 983 5146 Καρπὸς
1024 5074 1132 5146 γὰρ
1175 5065 1330 5137 οὗτος
1368 5074 1520 5137 ὁσίας
1546 5090 1606 5126 τε
1641 5073 1734 5125 καὶ
1765 5073 1889 5126 ἀκι-

290 5167 507 5237 δδηλου
544 5166 742 5237 ψυχῆς.
787 5165 929 5219 Ἀλλ’
963 5167 1185 5237 εποίησε
1208 5205 1221 5228 ,
1252 5164 1387 5235 φησι
1409 5204 1425 5229 ,
1482 5162 1677 5218 Ἰακὼϐ
1712 5162 1889 5233 ἐαυτῷ

288 5260 537 5329 ποίμνια
558 5257 892 5329 καταμόνας,
920 5257 1016 5310 καὶ
1043 5258 1145 5311 οὐκ
1179 5256 1363 5327 ἔμιξεν
1388 5255 1528 5309 αὐτὰ
1554 5257 1635 5318 εἰς
1659 5254 1729 5309 τὰ
1756 5255 1893 5325 πρό·

288 5353 445 5407 ϐατα
494 5352 703 5406 Λάϐαν.
754 5351 1092 5422 ’Δσύμϐατον
1118 5352 1226 5422 γὰρ
1262 5350 1340 5421 τῷ
1369 5349 1511 5420 ἁγίῳ
1543 5349 1604 5403 τὸ
1639 5348 1884 5419 βέϐηλον

288 5444 373 5515 τῷ
395 5443 637 5516 καθαρῷ
661 5444 726 5497 τὸ
756 5444 982 5515 ρυποῦν.
1009 5442 1341 5513 Καταμόνας
1370 5442 1428 5495 δὲ
1453 5444 1503 5495 οἱ
1522 5441 1618 5496 τοῦ
1650 5439 1888 5512 Χριστοῦ

286 5537 353 5589 τὸ
380 5535 868 5608 συναναφύρεσθαι
891 5537 1005 5599 τοῖς
1031 5536 1089 5597 ἐν
1107 5534 1296 5605 κόσμῳ
1318 5533 1766 5606 παραιτούμενοι,
1795 5534 1893 5588 καὶ⁵

289 5627 664 5698 φιλοταρκίας
698 5628 918 5699 ἁπάσης
951 5627 1386 5699 ἀπηλλαγμένοι,
1429 5628 1525 5681 καὶ
1553 5627 1654 5680 οὐκ
1686 5625 1893 5699 ἄσημοι

1976 1960 2080 2019 tes,
2112 1962 2174 2009 ut
2204 1954 2368 2010 modo
2401 1954 2534 2009 dixi.
2570 1953 2763 2010 Omnis
2795 1956 2944 2012 enim
2974 1965 3290 2012 sanctorum
3322 1956 3566 2027 prophe—

1977 2052 2158 2099 tarum
2180 2059 2384 2110 sermo,
2404 2060 2507 2100 nec
2521 2061 2632 2100 non
2646 2046 2867 2117 Moysis,
2889 2045 3095 2102 Christi
3126 2047 3453 2118 mysterium
3477 2044 3565 2100 iu-

1976 2144 2174 2192 nuunt.
2208 2137 2417 2193 Idcirco
2448 2146 2507 2194 et
2546 2138 2766 2209 sapiens
2795 2139 2998 2194 Paulus
3036 2139 3114 2194 ait
3156 2156 3169 2192 :
3201 2157 3219 2191 ι
3254 2138 3407 2194 Finis
3436 2155 3568 2210 pro-

1976 2228 2269 2298 phetarum
2302 2246 2366 2285 ac
2394 2230 2531 2302 legis
2552 2230 2806 2288 Christus
2828 2232 2894 2286 “.
2926 2252 2944 2285 ι
2974 2230 3246 2288 Caeterum
3268 2232 3571 2288 decortica-

1976 2319 2057 2374 vit
2073 2319 2242 2375 Jacob
2264 2321 2445 2393 virgas
2466 2322 2702 2377 cortices
2724 2322 2897 2388 albas,
2920 2323 3340 2379 circumvellens
3359 2321 3570 2388 viride;

1978 2418 2143 2481 atque
2172 2412 2246 2467 ita
2272 2422 2647 2482 conceperunt
2670 2414 2825 2484 juxta
2853 2414 2976 2469 illas
2999 2429 3130 2469 oves
3161 2414 3469 2485 variegatos
3491 2411 3573 2471 fe-

1979 2510 2088 2559 tus.
2120 2503 2319 2559 Avellit
2357 2504 2506 2560 enim
2540 2505 2946 2577 quodammodo
2976 2505 3231 2562 Christus
3269 2506 3404 2581 legis
3447 2520 3569 2561 um.-

1979 2596 2159 2661 bram,
2188 2605 2245 2652 et
2268 2597 2720 2667 propheticorum
2746 2597 3085 2667 scriptorum
3101 2598 3272 2652 veluti
3296 2596 3568 2658 velamen,

1979 2699 2145 2759 atque
2179 2691 2254 2744 ita
2283 2691 2471 2745 album
2503 2690 2908 2761 pulchrumque
2941 2697 3165 2759 aspectu
3196 2688 3251 2742 in
3290 2687 3424 2758 ipsis
3451 2703 3571 2741 ser-

1980 2795 2201 2834 monem
2234 2780 2554 2844 ostendens,
2588 2780 2658 2835 ad
2694 2780 2997 2851 spiritalem
3035 2777 3292 2833 transfert
3324 2785 3568 2840 cantum,

1981 2886 2047 2927 ac
2088 2879 2301 2926 tantum
2346 2887 2459 2926 non
2496 2879 2559 2925 ut
2601 2872 2738 2943 picae
2781 2871 2945 2926 modo
2984 2868 3253 2940 variegari
3299 2868 3472 2922 velint
3501 2868 3572 2923 ad

1983 2963 2250 3018 virtutem
2301 2963 2625 3034 persuadet,
2687 2964 2962 3034 duplicem
3013 2962 3162 3016 illam
3214 2973 3568 3026 exercentes,

1983 3072 2171 3127 opere,
2194 3057 2437 3126 inquam,
2453 3066 2509 3112 et
2530 3072 2801 3112 sermone.
2822 3055 3033 3111 Idcirco
3051 3064 3108 3109 et
3132 3052 3306 3109 divini
3330 3053 3572 3123 prophe-

1986 3158 2055 3205 tae
2076 3164 2273 3205 eorum
2303 3148 2400 3219 qui
2424 3148 2481 3202 in
2514 3147 2919 3219 fidejustificati
2949 3155 3078 3203 sunt
3109 3144 3338 3216 ﬁguram
3366 3159 3478 3214 pne
3511 3158 3572 3200 se

1983 3243 2225 3299 ferentes
2254 3251 2443 3313 aperte
2474 3242 2712 3297 clamant
2740 3258 2754 3294 :
2789 3259 2806 3292 ι
2844 3240 3078 3310 Propter
3108 3238 3363 3293 timorem
3391 3245 3571 3301 tuum,

1984 3334 2236 3398 Domine,
2260 3332 2317 3386 in
2336 3340 2494 3388 utero
2517 3331 2851 3402 accepimus,
2876 3336 2932 3385 et
2956 3329 3372 3401 parturivimus,
3395 3338 3452 3384 et
3471 3343 3572 3399 pe-

1984 3428 2231 3497 perimus
2261 3426 2515 3496 spiritum
2542 3423 2735 3480 salutis
2766 3430 2873 3478 tua!
2909 3423 2972 3475 ³¹.
3006 3441 3023 3474 ι
3050 3421 3202 3476 Idem
3237 3421 3403 3476 etiam
3440 3418 3572 3474 bea-

1988 3527 2078 3574 tus
2100 3518 2269 3573 Isaias
2299 3517 2503 3572 alicubi
2535 3531 2753 3571 rursum
2794 3514 3017 3585 proprie
3056 3514 3172 3569 ait:
3200 3531 3219 3565 ι
3258 3511 3576 3568 Confortato

1985 3626 2182 3665 manus
2228 3609 2519 3674 remissas,
2549 3618 2607 3665 et
2633 3623 2811 3681 genua
2848 3607 3150 3675 dissoluta;
3191 3605 3572 3671 consolamini,

1985 3701 2367 3773 pusillanimes
2396 3709 2581 3757 mente
2616 3719 2629 3755 :
2665 3700 2992 3764 confortate,
3028 3716 3097 3755 ne
3134 3698 3393 3753 timentis.
3434 3699 3577 3755 Ecce

1985 3796 2132 3849 Deus
2166 3802 2354 3849 noster
2381 3793 2651 3863 judicium
2679 3792 2957 3857 retribuit,
2985 3800 3041 3846 et
3065 3791 3335 3845 retribuet
3362 3792 3426 3843 ³².
3457 3809 3475 3841 i
3507 3790 3593 3855 Et»

1988 3899 2210 3938 rursum
2236 3900 2249 3937 :
2281 3901 2299 3933 ι
2329 3882 2469 3937 Ecce
2490 3883 2635 3936 Deus
2653 3896 2779 3936 cum
2800 3878 2998 3933 robore
3018 3876 3189 3942 venit,
3209 3884 3264 3930 et
3284 3875 3575 3939 brachium

1987 3972 2161 4042 ipsius
2193 3988 2317 4027 cum
2342 3969 2735 4031 dominatione,
2759 3973 2821 4021 ut
2854 3972 3042 4034 pastor
3071 3961 3403 4032 gubernabit
3429 3960 3577 4015 ovile

1987 4078 2171 4126 suum,
2212 4069 2269 4116 et
2311 4059 2540 4114 brachio
2572 4074 2673 4113 suo
2702 4058 2759 4112 in
2801 4072 2973 4112 unum
3011 4055 3250 4112 adducet
3294 4066 3483 4123 agnos,
3517 4059 3577 4106 et

1986 4162 2332 4225 praignantes
2351 4151 2726 4207 consolabitur
2748 4150 2824 4217 ³³;
2855 4169 2874 4202 ι
2900 4149 3008 4204 hoc
3027 4156 3130 4213 est,
3153 4144 3416 4225 spiritalis
3444 4160 3574 4199 con-

1987 4247 2181 4304 solatio
2212 4246 2321 4302 erit
2356 4245 2443 4310 iis,
2482 4245 2575 4316 qui
2612 4246 2726 4315 jam
2757 4244 3004 4300 divinum
3042 4256 3351 4298 sermonem
3383 4247 3574 4310 partu-

1988 4341 2158 4403 riunt,
2193 4345 2384 4409 utpote
2421 4336 2673 4392 fecundis
2718 4335 2939 4401 futuris,
2975 4342 3031 4390 et
3065 4333 3284 4405 jamjam
3314 4330 3575 4401 parituris

1987 4429 2314 4500 evangelicze
2346 4427 2474 4481 vitae
2505 4426 2879 4497 gloriationes.
2919 4424 3021 4478 llic
3055 4423 3204 4478 enim
3239 4421 3450 4482 fructus
3489 4429 3575 4475 est

1989 4530 2189 4577 sanctae
2216 4520 2654 4589 incorruptisque
2686 4515 2899 4575 animae.
2936 4515 3218 4574 Caeterum
3245 4513 3439 4575 fecisse
3482 4527 3574 4569 re-

1990 4615 2098 4670 fert
2124 4614 2228 4669 sibi
2257 4613 2424 4669 Jacob
2463 4612 2627 4667 ovilia
2669 4611 2923 4676 seorsim,
2951 4618 3008 4667 et
3042 4626 3156 4668 non
3184 4608 3469 4665 miscuisse
3508 4624 3576 4664 ea

1991 4724 2118 4764 cum
2150 4708 2346 4763 ovibus
2377 4707 2582 4768 Laban.
2616 4706 2776 4763 Nulla
2816 4706 2964 4765 enim
3004 4713 3090 4765 est
3122 4705 3356 4763 societas
3383 4711 3576 4760 sancto

1992 4818 2119 4857 cum
2149 4801 2401 4872 profano,
2445 4814 2586 4870 puro
2623 4814 2750 4855 cum
2793 4799 3018 4863 sordido
3059 4799 3131 4865 ἐς
3174 4796 3410 4869 separati
3441 4811 3576 4850 vero

1951 4934 1957 4941 .
1992 4906 2123 4951 sunt
2144 4895 2180 4950 ii
2210 4896 2306 4965 qui
2338 4893 2544 4950 Christi
2571 4900 2720 4958 sunt,
2747 4901 3067 4952 recusantes
3103 4891 3324 4946 misceri
3350 4904 3475 4944 cum
3506 4888 3576 4944 iis

1987 4986 2084 5056 qui
2126 4986 2183 5040 in
2224 4984 2431 5040 mundo
2474 4993 2625 5049 sunt,
2665 4994 2831 5056 atque
2873 4985 2942 5040 ab
2975 4982 3233 5039 omnibus
3260 4978 3576 5036 carnalibus

1989 5079 2287 5135 desideriis
2305 5078 2462 5136 liberi
2486 5086 2615 5132 sunt
2638 5096 2652 5133 :
2676 5093 2932 5139 nec._vcro
2960 5091 3069 5131 non
3091 5073 3288 5145 signati
3317 5071 3440 5127 vitae
3460 5087 3575 5131 sua

1989 5173 2222 5233 ratione,
2248 5178 2304 5225 at
2328 5170 2512 5241 potius
2532 5169 2739 5229 vir-tute
2765 5177 2895 5223 sunt
2916 5164 3179 5236 insigniti.
3209 5184 3228 5217 ι
3258 5163 3420 5219 Facta
3444 5171 3574 5219 sunt

1989 5263 2160 5328 enim,
2194 5261 2393 5331 inquit,
2425 5275 2641 5329 eaquae
2670 5259 2880 5329 signata
2898 5270 3017 5315 ,non
3041 5260 3220 5318 erant,
3248 5252 3467 5316 Laban;
3495 5251 3573 5306 si-

1993 5364 2156 5425 gnata
2182 5368 2314 5408 vero
2347 5350 2534 5408 Jacobi
2561 5351 2625 5405 ³⁵.
2669 5369 2687 5401 ι
2716 5347 2880 5419 Atqui
2911 5362 3019 5401 non
3046 5345 3223 5401 caruit
3250 5342 3454 5399 invidia
3480 5340 3573 5397 Ja-

1994 5448 2130 5512 cob;
2159 5453 2444 5517 postquam
2470 5445 2618 5499 enim
2654 5457 2782 5496 eum
2819 5440 3005 5503 ditari,
3030 5448 3084 5493 et
3107 5436 3386 5508 prosperis
3407 5434 3575 5490 rebus

1997 5539 2078 5594 uti
2102 5538 2381 5603 viderunt,
2406 5535 2723 5590 inviderunt
2745 5533 2797 5588 ei
2831 5532 3186 5588 vehementer
3213 5528 3309 5583 ﬁlii
3340 5527 3525 5583 Laban
3555 5544 3571 5583 :

1998 5640 2335 5702 quapropter
2364 5630 2528 5684 etiam
2553 5625 2837 5681 discedere
2866 5622 3159 5696 cogitabat,
3187 5628 3353 5691 atque
3387 5618 3442 5673 in
3476 5633 3574 5689 pa-

371 5745 425 5777 "
459 5743 663 5801 Jerem.
701 5763 740 5810 ι,
770 5746 855 5798 11.
931 5744 976 5779 ’⁸
1006 5745 1106 5801 Isa.
1149 5761 1241 5810 xu,
1266 5745 1319 5799 '5.
1392 5745 1435 5775 ’³
1465 5742 1583 5798 Col.
1619 5759 1657 5805 ι,
1692 5742 1776 5798 18.
1850 5745 1880 5776 ³⁴

1982 5763 2073 5803 un.
2119 5765 2173 5809 κ,
2220 5746 2265 5803 1.
2349 5745 2388 5777 ³¹
2427 5744 2530 5799 Isa.
2563 5757 2707 5807 xxvi,
2734 5740 2818 5797 18.
2862 5740 3008 5796 "Isa
3074 5754 3233 5803 xxxv.
3263 5735 3320 5797 ὅ.
3391 5734 3435 5767 ³³
3468 5730 3570 5789 ιω.

291 5832 389 5877 ιι..
436 5814 530 5868 10.
602 5818 644 5849 ³⁵
676 5815 719 5872 11
741 5816 867 5872 Cor.
902 5833 973 5884 vt,
1012 5817 1092 5884 H,
1119 5816 1199 5872 15.
1278 5814 1471 5870 παθη.
1504 5829 1626 5880 nx,
1658 5814 1741 5868 uti.

1282 5956 1323 5998 ο
