4004 6204
464 325 571 384 245

1455 323 1512 379 S.
1550 324 1825 382 CYRILLI
1865 327 2337 388 ALEXANDRINI
2374 333 2692 391 ARCHIEP.

3621 339 3727 398 2M

466 452 677 497 ternam
708 439 908 494 reverti
940 436 1186 494 domum.
1224 436 1378 507 151
1411 435 1692 508 Scriptum
1730 449 1816 495 est
1851 440 1998 494 enim
2027 460 2030 494 :

2149 443 2293 497 κατά
2334 444 2427 498 τὸν
2459 445 2594 516 βίον,
2634 446 3052 518 γνωριμώτατοι
3090 448 3146 502 δὲ
3187 446 3389 518 μᾶλλον
3422 447 3482 514 ἐξ
3515 449 3736 523 ἀρετῆς.

471 551 488 584 ι
519 531 586 586 Et
626 529 834 585 ditatus
858 538 944 585 est
979 529 1146 583 homo
1176 528 1356 593 valde,
1381 527 1715 600 fueruntque
1753 531 1802 586 ei
1845 547 2045 601 pecora

463 623 654 688 multa,
687 630 744 677 et
774 621 963 684 boves,
998 629 1054 674 et
1081 620 1246 684 servi,
1287 628 1343 676 et
1385 619 1616 685 ancillze,
1657 630 1714 675 et
1749 621 1964 687 cameli,
1990 633 2046 678 et

460 716 623 781 asini,
649 724 705 770 et
744 715 900 769 muli.
943 712 1168 768 Audivit
1203 713 1368 768 etiam
1408 712 1575 767 Jacob
1601 712 1770 767 verba
1805 712 2044 768 filiorum

457 807 666 872 Laban,
692 805 994 860 dicentium
1040 823 1052 858 :
1095 805 1242 859 Tulit
1279 805 1448 860 Jacob
1488 807 1671 861 omnia
1709 821 1832 877 qua:
1873 808 2046 876 patris

459 898 653 963 nostri,
677 906 735 952 et
753 897 820 952 de
842 897 907 952 iis
927 913 1048 967 qua
1069 898 1242 967 patris
1268 897 1464 962 nostri,
1491 897 1622 952 fecit
1647 913 1866 953 onmem
1902 899 2044 956 hanc

456 990 706 1060 gloriam.
739 989 806 1044 Et
841 989 978 1044 vidit
1021 989 1188 1044 Jacob
1222 989 1415 1044 faciem
1448 989 1654 1055 Laban,
1684 999 1741 1045 et
1774 1007 1903 1046 ecce
1930 1007 2042 1050 non

455 1091 577 1138 erat
607 1099 733 1153 erga
756 1098 882 1137 eum
911 1083 1054 1137 sicut
1080 1082 1200 1137 heri
1227 1089 1283 1137 et
1313 1083 1516 1138 nudius
1541 1084 1754 1138 tertius.
1783 1085 1927 1138 Dixit
1947 1100 2044 1139 au-

455 1185 565 1230 tem
597 1175 864 1230 Dominus
895 1175 960 1230 ad
985 1176 1152 1231 Jacob
1175 1194 1187 1230 :
1213 1177 1509 1231 Revertere
1540 1177 1596 1231 in
1634 1185 1835 1231 terram
1872 1177 2043 1246 patris

456 1271 558 1335 tui,
573 1269 702 1324 etad
718 1269 1122 1340 generationem
1139 1279 1307 1336 tuam,
1322 1278 1484 1325 etero
1499 1278 1699 1325 tecum.
1715 1269 1933 1325 Mittens
1946 1287 2043 1324 au-

455 1362 748 1418 tchacob
764 1361 1145 1417 vocavitLiam
1161 1362 1428 1417 etBachel
1463 1363 1516 1416 in
1549 1378 1740 1434 agrum
1768 1362 1862 1416 ubi
1883 1371 2040 1418 erant

452 1470 673 1526 greges,
698 1462 754 1509 et
789 1454 866 1508 ait
895 1454 1041 1508 illis:
1068 1454 1241 1512 Video
1278 1469 1379 1526 ego
1405 1454 1598 1508 faciem
1629 1454 1802 1524 patris
1839 1454 2035 1520 vestri,

451 1548 600 1618 quod
634 1563 743 1602 non
771 1556 854 1602 est
877 1564 1006 1617 erga
1033 1563 1140 1612 me,
1173 1548 1316 1602 sicut
1343 1547 1462 1602 heri
1487 1556 1542 1602 ct
1566 1548 1770 1607 nudius
1799 1548 1996 1604 tertius
2022 1564 2035 1602 :

451 1642 597 1697 Deus
622 1649 805 1696 autem
834 1642 1008 1712 patris
1038 1642 1145 1696 mei
1173 1641 1276 1695 fuit
1299 1656 1535 1696 mecum.
1564 1640 1673 1696 Vos
1697 1649 1880 1696 autem
1909 1642 2039 1712 ipsa:

449 1734 626 1798 scitis,
653 1735 798 1804 quod
842 1735 898 1788 in
938 1733 1196 1802 omnibus
1219 1733 1434 1788 viribus
1471 1733 1610 1788 meis
1650 1733 1850 1788 servivi
1893 1734 2034 1804 patri

451 1836 656 1892 vestro,
679 1837 734 1882 at
771 1837 927 1896 pater
963 1835 1149 1882 vester
1170 1827 1388 1897 decepit
1419 1842 1528 1892 me,
1554 1834 1610 1881 et
1635 1827 1868 1880 mutavit
1890 1843 2037 1880 mer-

450 1919 640 1975 cedem
669 1919 860 1973 decem
899 1934 1184 1990 agnorum.
1239 1937 1256 1970 ι
1302 1918 1508 1974 Deinde
1544 1919 1621 1972 ait
1667 1937 1678 1972 :
1731 1938 1750 1969 ι
1797 1919 2040 1974 Abstulit

448 2012 596 2067 Deus
611 2013 792 2067 omnia
810 2029 1007 2083 pecora
1031 2012 1204 2083 patris
1223 2012 1414 2076 vestri,
1433 2021 1488 2065 et
1505 2009 1658 2066 dedit
1673 2011 1805 2066 mihi
1826 2012 1915 2066 illa
1933 2011 1997 2065 ³⁸.
2012 2030 2030 2063 ι

450 2105 661 2160 Revera
703 2105 850 2159 enim
893 2103 1088 2160 ditavit
1128 2121 1230 2159 nos
1267 2105 1532 2159 Dominus
1564 2110 1752 2158 noster
1785 2103 2037 2159 Christus

445 2201 625 2263 Jesus,
671 2199 726 2253 in
769 2199 1093 2254 immensam
1133 2197 1568 2261 multitudinem,
1610 2211 1947 2266 congregans
1981 2196 2034 2251 in

446 2291 654 2346 mundo
676 2305 808 2345 suos
833 2290 1074 2345 cultores
1100 2306 1112 2342 :
1139 2288 1234 2358 qui
1257 2288 1422 2342 etiam
1451 2287 1800 2358 splendidum
1837 2288 2037 2344 mentis

443 2384 603 2438 home
619 2381 909 2437 donarium
933 2379 1216 2436 servitutis
1237 2395 1349 2434 suae
1369 2380 1472 2434 sub
1497 2379 1616 2449 ipso
1633 2379 2034 2434 confessionem

442 2475 671 2539 faciunt,
687 2475 934 2530 dicentes
950 2492 962 2527 :
978 2493 994 2524 ‹
1016 2473 1126 2528 Nos
1143 2479 1324 2527 autem
1343 2472 1578 2542 populus
1593 2487 1810 2542 pascua:
1825 2473 1964 2544 ejus,
1980 2480 2036 2527 et

441 2583 574 2622 oves
600 2583 794 2621 manus
812 2567 931 2637 ejus
948 2567 1012 2620 ³⁷.
1040 2585 1056 2617 ›
1087 2565 1360 2621 Caeterum
1384 2564 1479 2619 filii
1503 2565 1692 2620 mundi
1725 2566 1831 2621 hoc
1851 2565 2035 2620 animo

442 2659 630 2728 quieto
665 2673 775 2713 non
800 2657 1094 2712 sustinent.
1131 2655 1436 2726 Spoliatum
1468 2671 1602 2710 vero
1628 2655 2035 2727 quodammodo

437 2752 692 2807 videntes
708 2767 868 2806 suum
890 2760 1122 2822 patrem,
1137 2759 1193 2806 et
1211 2749 1337 2805 boni
1356 2750 1590 2820 pastoris
1607 2766 1829 2804 manum
1847 2750 2033 2806 subire

439 2845 684 2917 insignes
700 2845 973 2916 przecipue
991 2859 1143 2908 oves,
1174 2843 1589 2913 variegatosque
1609 2843 1902 2913 multiplici
1923 2843 2035 2898 vir-

440 2945 620 2993 tutum
642 2953 841 3008 genere
857 2953 952 2992 cos
971 2936 1113 3007 quia
1130 2936 1350 2992 Christo
1369 2937 1537 3007 geniti
1557 2936 2033 3000 sunt,obmurmu-

440 3039 565 3085 rant
589 3031 836 3086 dicentes
864 3047 875 3084 :
911 3049 929 3080 ι
957 3029 1182 3100 Accepit
1200 3029 1366 3084 Jacob
1385 3028 1567 3082 omnia
1596 3044 1716 3096 qua:
1737 3029 1911 3097 patris
1933 3043 2032 3082 no-

2154 553 2173 587 ι
2223 536 2470 605 Ἐγένετο
2507 539 2646 610 γὰρ,
2678 539 2846 608 φησὶ,
2875 539 2945 594 τὰ
2977 541 3168 611 ἄσημα
3207 540 3302 594 τοῦ
3329 539 3538 601 Λάϐαν·
3567 541 3637 596 τὰ
3681 542 3736 596 δὲ

2147 629 2392 700 ἐπίσημα
2417 630 2513 685 τοῦ
2561 631 2774 687 Ἰακώϐ.
2817 651 2836 683 ι
2879 632 3024 703 Πλὴν
3057 632 3159 686 οὐκ
3192 632 3495 703 ἀφθόνητος
3520 627 3590 704 ἦν
3629 634 3735 687 Ἰα-

2147 721 2284 779 κώϐ.
2345 723 2563 794 Ἐπειδὴ
2609 723 2666 776 δὲ
2715 723 3053 782 πλουτοῦντά
3099 741 3159 778 τε
3205 725 3302 779 καὶ
3358 724 3736 796 εὐημεροῦντα

2145 811 2446 878 τεθέανται,
2472 816 2865 870 κατεδάκνοντο
2885 817 3004 870 λίαν
3019 817 3069 870 oi
3092 816 3283 870 τούτου
3301 817 3425 870 υἱοί.
3445 817 3736 888 Τοιγάρτοι

2146 905 2239 958 καὶ
2267 906 2566 978 ἀποδημεῖν
2589 908 2906 974 ἐσκέπτετο,
2923 908 3020 961 καὶ
3044 909 3124 971 είς
3147 907 3245 978 τὴν
3267 908 3527 978 πατρῴαν
3548 910 3736 962 ἑστίαν

2145 993 2301 1062 αὖθις
2341 999 2666 1072 ἁποφοιτᾷν.
2697 1001 3016 1072 Γέγραπται
3053 999 3186 1071 γὰρ,
3215 999 3298 1052 ὅτι
3334 1018 3353 1051 ι
3395 1000 3506 1054 Καὶ
3531 999 3731 1052 ἐπλού-

2142 1107 2309 1161 τησεν
2338 1093 2366 1144 ὁ
2398 1091 2685 1162 ἄνθρωπος
2708 1092 2934 1164 σφόδρα.
2960 1091 3072 1145 Καὶ
3104 1091 3354 1161 ἐγένοντο
3381 1091 3531 1163 αὐτῷ
3561 1094 3732 1164 κτήνη

2144 1181 2335 1248 πολλὰ,
2369 1182 2464 1236 καὶ
2494 1182 2636 1253 βόες,
2669 1183 2765 1238 καὶ
2805 1185 3019 1250 παῖδες,
3054 1184 3149 1238 καὶ
3178 1184 3486 1248 παιδίσκαι,
3513 1186 3609 1239 καὶ
3635 1187 3734 1240 κά-

2145 1275 2327 1347 μηλοι,
2359 1278 2450 1330 καὶ
2492 1276 2624 1342 ὄνοι,
2666 1278 2761 1330 καὶ
2800 1277 3032 1348 ἡμίονοι.
3069 1278 3310 1330 Ἤκουσε
3334 1279 3390 1331 δὲ
3434 1278 3630 1332 Ἰακὼϐ
3668 1279 3733 1332 τὰ

2144 1371 2364 1442 ῥήματα
2395 1369 2506 1424 τῶν
2540 1370 2674 1424 υἱῶν
2694 1370 2880 1424 Λάϐαν
2914 1370 3184 1439 λεγόντων
3209 1387 3223 1402 ·
3248 1371 3488 1441 Εῖληφεν
3534 1370 3731 1425 Ἰακὼϐ

2141 1463 2320 1516 πάντα
2351 1461 2420 1515 τὰ
2443 1462 2538 1514 τοῦ
2569 1462 2776 1533 πατρὸς
2814 1461 2992 1532 ήμῶν,
3025 1463 3121 1516 καὶ
3147 1463 3212 1516 ὲκ
3249 1461 3358 1516 τῶν
3394 1461 3486 1516 τοῦ
3523 1461 3731 1532 πατρὸς

2141 1555 2298 1626 ἡμῶν
2327 1555 2598 1625 πεποίηκε
2639 1556 2820 1608 πᾶσαν
2851 1554 2949 1626 τὴν
2977 1554 3136 1619 δόξαν
3175 1553 3400 1625 ταύτην.
3438 1553 3547 1606 Ka‘t
3589 1549 3731 1608 εἶδεν

2152 1645 2346 1700 Ἰακὼϐ
2373 1647 2434 1700 τὸ
2462 1647 2753 1718 πρόσωπον
2784 1646 2973 1700 Λάϐαν
2999 1686 3015 1712 ,
3061 1648 3157 1700 καὶ
3189 1647 3300 1700 ἰδοὺ
3331 1647 3431 1698 οὐκ
3475 1641 3544 1716 ἦν
3591 1645 3732 1716 πρὸς

2140 1738 2301 1792 αὐτὸν
2329 1737 2405 1802 ὼς
2443 1739 2572 1810 χθὲς
2612 1738 2706 1792 καὶ
2738 1738 2928 1809 τρίτην
2960 1739 3197 1809 ἡμέραν.
3248 1733 3383 1791 Εἷπε
3423 1737 3480 1791 δὲ
3523 1737 3731 1808 Κύριος

2140 1831 2281 1903 πρὸς
2323 1831 2522 1886 Ἰακώϐ
2545 1849 2560 1863 ο
2609 1832 2983 1903 Ἀποστρέφου
3015 1833 3095 1896 εἰς
3123 1832 3224 1902 τὴν
3252 1832 3359 1902 γῆν
3384 1831 3477 1884 τοῦ
3520 1831 3733 1902 πατρός

2141 1941 2258 1989 σου,
2307 1925 2402 1978 καὶ¹
2440 1926 2519 1990 είς
2551 1923 2649 1997 τὴν
2687 1925 2882 1993 γενεάν
2918 1941 3035 1988 σου,
3067 1924 3163 1978 καὶ
3193 1923 3390 1994 έσομαι
3429 1923 3569 1994 μετά
3604 1923 3729 1979 σοῦ.

2151 2016 2500 2080 ’Λποστείλας
2523 2017 2581 2070 δὲ
2623 2015 2819 2070 Ἰακὼϐ
2847 2015 3072 2070 ἐκάλεσε
3113 2015 3314 2086 Ῥαχὴλ
3335 2016 3429 2069 καὶ
3457 2015 3624 2069 Λείαν
3646 2016 3732 2079 εἰς

2135 2111 2196 2164 τὸ
2227 2109 2430 2172 πεδίον,
2473 2104 2534 2164 οὐ
2554 2104 2623 2181 ἦν
2636 2111 2700 2165 τὰ
2714 2109 2962 2180 ποίμνια.
2987 2109 3098 2162 Kal.
3125 2104 3280 2162 εἶπεν
3314 2107 3508 2171 αὐταῖς
3527 2124 3542 2138 ·
3576 2106 3732 2178 Ὀρῶ

2137 2202 2245 2272 ἐγὼ
2263 2203 2323 2257 τὸ
2340 2203 2634 2274 πρόσωπον
2658 2203 2752 2257 τοῦ
2774 2203 2981 2274 πατρὸς
3001 2200 3176 2273 ὐμῶν,
3201 2202 3284 2254 ὅτι
3317 2201 3418 2254 οὐκ
3451 2200 3565 2253 ἔστι
3587 2199 3731 2272 πρὸς

2136 2296 2236 2366 ἐμὲ
2273 2295 2348 2359 ὡς
2372 2295 2501 2366 χθὲς
2529 2296 2624 2348 καὶ
2656 2295 2848 2366 τρίτην
2885 2294 3121 2366 ἡμέραν.
3163 2293 3222 2346 '0
3249 2292 3305 2346 δὲ
3335 2292 3465 2354 Θεὸς
3493 2291 3588 2344 τοῦ
3613 2308 3729 2345 πα-

2133 2388 2262 2460 τρός
2296 2405 2397 2458 μου
2425 2383 2494 2459 ἦν
2533 2388 2650 2458 μετ’
2686 2387 2845 2460 ὲμοῦ.
2892 2387 3004 2440 Kal.
3037 2385 3201 2438 αὐταὶ
3230 2385 3288 2439 δὲ
3332 2384 3510 2438 οἴδατε
3551 2385 3635 2436 ὃτι
3663 2383 3728 2436 ὲν

2135 2483 2285 2554 πάσῃ
2325 2485 2392 2554 τῇ
2427 2481 2573 2552 ίσχύῖ
2611 2499 2714 2553 μου
2755 2480 3080 2534 δεδούλευκα
3109 2478 3190 2550 τῷ
3229 2478 3400 2551 πατρὶ
3434 2477 3610 2548 ὐμῶν.
3663 2476 3727 2531 '0

2132 2578 2190 2632 δὲ
2241 2577 2421 2650 πατὴρ
2455 2576 2610 2646 ὐμῶν
2655 2571 3074 2646 παρεκρούσατο
3118 2588 3206 2641 με,
3257 2570 3353 2623 καὶ
3384 2569 3580 2641 ἤλλαξε
3628 2566 3726 2623 τὸν

2137 2671 2326 2743 μισθόν
2361 2688 2462 2740 μου
2483 2670 2594 2723 τῶν
2615 2668 2746 2722 δέκα
2763 2666 3035 2738 ἀμνάδων.
3070 2683 3087 2715 ι
3118 2659 3252 2716 Εἶτά
3276 2678 3430 2732 φησι,
3458 2662 3538 2715 ὅτι
3569 2679 3588 2713 ι
3608 2659 3727 2714 Καὶ

2132 2765 2386 2834 ἀφείλετο
2416 2766 2444 2818 ὁ
2477 2763 2613 2826 Θεὸς
2653 2761 2830 2816 πάντα
2856 2760 2925 2814 τά
2962 2759 3133 2830 κτήνη
3171 2757 3266 2810 τοῦ
3306 2754 3511 2826 πατρὸς
3538 2753 3725 2824 ὐμῶν,

2132 2861 2226 2912 καὶ
2258 2857 2424 2912 ἔδωκέ
2457 2875 2547 2927 μοι
2583 2855 2743 2910 αὐτά.
2782 2874 2800 2906 ι
2847 2851 3200 2919 Πεπλούτηκε
3242 2849 3342 2921 μὲν
3367 2848 3475 2918 γὰρ
3501 2846 3727 2918 ἀληθῶς

2131 2947 2160 2999 ὁ
2188 2947 2392 3016 Κύριος
2421 2943 2577 3014 ἡμῶν
2620 2941 2831 3014 Ἰησοῦς
2858 2941 3117 3012 Χριστὸς,
3137 2941 3214 3004 είς
3246 2937 3458 3010 πληθὺν
3476 2937 3728 3007 ἀμέτρηο

2129 3053 2243 3099 τον,
2279 3036 2620 3107 συναγείρων
2646 3036 2703 3088 ὲν
2729 3034 2921 3105 κόσμῳ
2942 3033 3069 3096 τούς
3096 3032 3258 3095 ἰδίους
3293 3028 3687 3102 προσκυνητάς
3710 3044 3724 3058 ο

441 3122 562 3187 stri,
583 3131 746 3192 atque
776 3138 843 3176 ex
873 3121 1048 3190 patris
1071 3122 1244 3174 nostri
1279 3119 1628 3174 facultatibus
1657 3119 1788 3173 fecit
1809 3134 2027 3173 omnem

2134 3129 2182 3182 οἳ
2216 3128 2312 3181 καὶ
2348 3128 2586 3191 διανοίας
2627 3126 2838 3198 ἀγαθῆς
2881 3125 3140 3196 ἀνάθημα
3179 3121 3432 3194 λαμπρὸν
3479 3121 3578 3190 τῆς
3629 3120 3726 3173 ὐπ’

439 3216 582 3270 hanc
624 3216 854 3286 gloriam
899 3213 964 3267 ³⁸.
1011 3233 1028 3265 ι
1067 3213 1254 3283 Neque
1293 3227 1426 3266 vero
1463 3211 1824 3264 mentiuntur.
1852 3213 2028 3267 Verus

438 3306 586 3361 enim
620 3314 706 3361 est
731 3321 932 3362 sermo.
961 3305 1204 3360 Adduxit
1239 3303 1386 3358 enim
1419 3301 1676 3358 Christus
1710 3318 1902 3356 omnes
1933 3303 2028 3372 qui

440 3398 495 3452 in
527 3397 733 3453 mundo
777 3406 904 3453 sunt
934 3397 1001 3452 ad
1029 3414 1109 3461 se,
1139 3396 1489 3467 propriisque
1516 3395 1632 3450 suis
1665 3395 1905 3449 ovilibus
1941 3395 2028 3448 iu-

438 3492 667 3547 cludcus
700 3491 1045 3547 credentium
1073 3506 1284 3562 greges,
1309 3489 1530 3543 divitias
1567 3487 1734 3542 habet
1759 3489 1871 3542 Deo
1893 3503 2027 3542 con-

437 3586 745 3650 venientes,
769 3593 825 3640 et
864 3583 1091 3656 gloriam
1117 3582 1602 3653 praeminentem;
1630 3579 1706 3634 ait
1740 3579 1887 3633 enim
1925 3577 2028 3632 ali-

436 3681 566 3736 cubi
590 3689 643 3736 et
669 3681 783 3751 ipse
809 3679 877 3734 ad
903 3679 1122 3733 Patrem
1146 3686 1202 3732 et
1224 3676 1397 3731 Deum
1425 3677 1704 3730 caelestem
1733 3691 1745 3726 :
1783 3693 1800 3724 ι
1832 3672 2027 3728 Omnia

436 3789 558 3829 mea
576 3782 667 3828 tua
684 3780 832 3836 sunt,
847 3779 902 3826 et
919 3779 1010 3825 tua
1027 3785 1168 3834 mea,
1186 3776 1241 3823 et
1257 3764 1593 3838 glorificatus
1609 3779 1731 3818 sum
1750 3763 1804 3817 in
1821 3763 1900 3817 eis
1916 3763 1978 3815 ”.
2001 3781 2019 3813 ι

435 3865 734 3921 Videamus
753 3873 935 3919 autem
957 3870 1013 3917 et
1038 3859 1347 3917 mercedem
1363 3854 1567 3914 Jacobo
1590 3856 1771 3910 datam
1795 3873 1807 3908 :
1843 3875 1860 3905 ι
1889 3854 2028 3910 Fuc-

436 3966 566 4014 runt
589 3958 661 4022 ci,
681 3959 778 4022 ait,
797 3971 995 4026 pecora
1020 3955 1212 4016 multa,
1237 3960 1292 4007 et
1315 3951 1514 4015 boves;
1543 3949 1688 4004 servi
1717 3956 1772 4002 et
1791 3948 2022 4012 ancillae,

434 4049 630 4104 cameli
669 4055 725 4102 et
765 4047 906 4102 asini
950 4046 1017 4100 ⁸ο.
1067 4065 1086 4098 ι
1123 4045 1419 4100 Videamus
1461 4042 1811 4112 colligentem
1856 4041 2024 4095 etiam

432 4141 717 4196 Christum
741 4154 809 4192 ex
832 4137 981 4192 omni
1007 4152 1232 4208 genere,
1256 4144 1317 4189 ut
1339 4127 1606 4203 scriptum
1627 4142 1712 4188 est
1737 4151 1750 4187 :
1787 4153 1805 4185 ι
1835 4133 2026 4189 Simile

433 4240 518 4290 est
542 4246 772 4304 regnum
811 4231 1078 4286 caelorum
1117 4228 1273 4299 152
1313 4243 1527 4298 sugente
1564 4227 1745 4282 missae
1769 4226 1823 4280 in
1852 4241 2022 4289 mare,

432 4337 489 4386 ct
509 4343 577 4383 ex
601 4325 750 4382 omni
785 4341 986 4396 genere
1014 4323 1248 4394 piscium
1276 4320 1625 4393 congreganti
1657 4319 1722 4374 “.
1760 4340 1777 4371 ι
1809 4320 2022 4374 Admit-

431 4423 499 4478 tit
536 4420 684 4477 enim
725 4434 969 4482 servum,
1008 4425 1068 4471 ut
1093 4431 1219 4471 eum
1250 4413 1524 4470 libertatis
1552 4412 1722 4484 gloria
1751 4412 2020 4467 illustrem

2131 3219 2295 3274 αὐτὸν
2334 3219 2578 3283 δουλείας
2611 3218 2894 3272 ποιοῦνται
2933 3217 3033 3288 τὴν
3075 3215 3386 3288 ὁμολογίαν,
3425 3214 3722 3283 λέγοντες·

2137 3331 2156 3363 ι
2200 3313 2392 3384 Ἡμεῖς
2417 3313 2471 3365 δὲ
2505 3293 2632 3376 λαὸς
2665 3313 2836 3383 νομῆς
2874 3309 3067 3374 αὐτοῦ,
3103 3308 3198 3362 καὶ
3244 3307 3493 3380 πρόϐατα
3535 3305 3728 3379 χειρὸς

2131 3404 2318 3460 αὐτοῦ.
2357 3425 2376 3457 ι
2427 3405 2567 3457 Ἀλλ’
2595 3406 2828 3476 ἠρεμεῖν
2861 3402 2956 3456 ἐπὶ
2983 3401 3195 3464 τούτοις
3215 3401 3317 3454 οὐκ
3340 3400 3630 3471 ἀνέχονται
3656 3398 3729 3453 τὰ

2129 3496 2223 3549 τοῦ
2255 3495 2462 3567 κόσμου
2495 3495 2684 3550 τέκνα.
2713 3493 3030 3565 Συλώμενον
3059 3493 3115 3546 δὲ
3143 3491 3334 3565 ὥσπερ
3363 3491 3601 3564 ὁρῶντες
3630 3493 3729 3548 τὸν

2131 3588 2342 3642 ἑαυτῶν
2373 3587 2609 3660 πατέρα,
2646 3585 2740 3639 καὶ
2764 3585 2866 3656 τὴν
2898 3585 2992 3638 τοῦ
3033 3583 3244 3654 ἀγαθοῦ
3285 3585 3544 3654 ποιμένος
3584 3583 3729 3638 ὑπο-

2128 3681 2390 3753 τρέχοντα
2423 3683 2585 3750 χεῖρα
2619 3677 2689 3732 τὰ
2713 3677 2822 3731 τῶν
2858 3677 3154 3748 προϐάτων
3185 3677 3596 3748 ἐπισημότατα·
3628 3675 3730 3730 καὶ

2129 3771 2578 3843 ποικιλλομένους
2617 3773 2742 3834 ταῖς
2788 3770 3133 3824 πολυειδέσιν
3169 3769 3394 3840 ἀρεταῖς
3436 3769 3564 3831 τούς
3614 3768 3730 3822 ὑπὸ

2129 3861 2351 3936 Χριστῷ
2389 3861 2789 3931 γεννωμένους,
2819 3859 3206 3932 τονθορύζουσι
3245 3859 3526 3928 λέγοντες·
3569 3878 3590 3911 ι
3631 3860 3732 3914 Εἴ-

2127 3955 2299 4026 ληφεν
2341 3951 2534 4007 Ἰακὼϐ
2569 3953 2750 4006 πάντα
2789 3951 2860 4004 τὰ
2907 3949 3002 4005 τοῦ
3051 3951 3258 4022 πατρὸς
3290 3950 3468 4021 ἡμῶν,
3510 3952 3607 4005 καὶ
3662 3955 3730 4006 ἐκ

2127 4048 2235 4102 τῶν
2289 4045 2384 4101 τοῦ
2430 4045 2638 4115 πατρὸς
2679 4043 2841 4115 ἡμῶν
2871 4043 3140 4114 πεποίηκε
3186 4046 3368 4098 πᾶσαν
3413 4045 3516 4114 τὴν
3560 4044 3732 4113 δόξαν

2127 4142 2353 4214 ταύτην.
2397 4159 2416 4193 ι
2461 4140 2570 4194 Καὶ
2609 4137 3000 4210 ψευδοεποῦσιν
3028 4137 3302 4209 οὐδαμῶς.
3346 4137 3581 4208 Ἀληθὴς
3610 4141 3730 4212 γὰρ

2127 4238 2156 4290 ὁ
2184 4236 2362 4305 λόγος.
2389 4233 2722 4304 Συνεκόμισε
2749 4232 2860 4305 γὰρ
2895 4231 3144 4294 ἅπαντας
3177 4233 3257 4294 είς
3290 4231 3477 4286 ἑαυτὸν
3507 4233 3644 4298 τοὺς
3668 4237 3731 4288 ὲν

2099 4329 2102 4332 ’
2129 4330 2318 4398 κόσμῳ
2345 4327 2600 4400 Χριστὸς,
2631 4324 3080 4396 ὲνσηκασάμενός
3099 4342 3157 4377 τε
3187 4326 3306 4388 ταῖς
3335 4323 3495 4387 ίδίαις
3523 4325 3730 4389 αὐλαῖς

2127 4419 2226 4482 τὰς
2259 4417 2368 4470 τῶν
2399 4416 2810 4470 πιστευσάντων
2831 4415 3054 4484 ἀγέλας,
3075 4414 3306 4468 πλοῦτον
3336 4415 3448 4486 ἔχει
3470 4414 3564 4468 τὸν
3602 4415 3732 4470 θεο-

432 4514 646 4569 reddat.
689 4509 943 4566 Admittit
969 4525 1066 4565 eos
1090 4507 1185 4579 qui
1224 4507 1328 4562 sub
1365 4506 1484 4576 lege
1518 4513 1668 4568 sunt,
1695 4505 1864 4558 veluti
1893 4520 2021 4559 san-

2134 4511 2313 4581 πρεπῆ
2339 4510 2431 4563 καὶ
2463 4508 2622 4573 δόξαν
2649 4507 3016 4580 ὲξῃρημένην.
3056 4508 3201 4578 Ἔφη
3232 4507 3340 4580 γάρ
3367 4523 3470 4560 που
3505 4508 3603 4560 καὶ
3623 4509 3733 4563 αὐ·

432 4616 552 4661 ctos
576 4606 685 4676 jam
723 4614 778 4657 et
813 4602 879 4657 ad
905 4601 1150 4672 spiritale
1178 4609 1335 4670 aptos
1371 4597 1725 4661 sacrificium,
1751 4596 1898 4667 quod
1927 4613 2025 4667 per

433 4715 577 4753 ovem
617 4706 665 4750 et
701 4696 878 4749 bovem
911 4691 1270 4764 significatur,
1320 4697 1380 4744 ut
1427 4689 1495 4743 ad
1531 4689 1860 4761 evangelica:
1897 4689 2024 4745 vitae

434 4789 774 4846 transferens
796 4785 1166 4858 splendorem,
1191 4782 1386 4838 reddat
1418 4782 1738 4838 sanctiores.
1766 4781 2023 4838 Admittit

431 4892 694 4956 prastcrea
720 4879 1008 4951 profanum
1033 4883 1199 4947 atque
1224 4875 1503 4946 impurum
1531 4890 1724 4946 genus,
1751 4875 1898 4946 quod
1923 4890 2022 4946 per

430 4975 700 5040 camelum
724 4981 780 5028 et
807 4972 1022 5027 asinum
1047 4967 1410 5041 significatur,
1432 4976 1494 5022 ut
1511 4967 1770 5023 sordibus
1793 4967 2019 5023 absum-

428 5067 539 5139 ptis
566 5065 771 5122 erroris
796 5064 864 5119 de
889 5061 1200 5134 pluralitate
1223 5058 1455 5114 deorum
1482 5075 1653 5130 puros
1675 5060 2019 5130 mundosque

430 5168 746 5220 sanctorum
773 5156 939 5213 coetui
983 5154 1297 5226 conjungat.
1336 5152 1497 5208 Motis
1539 5151 1723 5223 itaque
1761 5153 1830 5207 ad
1875 5153 2018 5208 invi-

429 5251 576 5310 diam
617 5250 743 5306 ﬁliis
773 5249 982 5313 Laban,
1021 5256 1187 5318 atque
1216 5245 1356 5304 adeo
1389 5246 1509 5316 ipso
1533 5244 1742 5310 Laban,
1773 5255 2018 5301 torvum-

429 5355 537 5410 que
558 5354 659 5396 nec
683 5337 888 5394 invidia
908 5337 1148 5391 liberum
1161 5335 1373 5392 vultum
1391 5351 1502 5406 pra:
1523 5350 1582 5390 se
1598 5334 1808 5392 ferente
1830 5353 1876 5390 τι
1897 5336 2018 5392 Non

429 5433 575 5488 enim
600 5439 738 5498 erat,
763 5431 961 5502 inquit,
984 5429 1152 5486 facies
1169 5430 1289 5502 ejus
1311 5429 1454 5485 sicut
1474 5428 1594 5484 heri
1612 5435 1669 5484 et
1691 5429 1894 5499 nudius
1913 5437 2020 5485 ter-

432 5524 542 5578 tius
565 5525 608 5556 "
635 5541 646 5576 :
681 5543 698 5576 ι
726 5524 872 5580 Deus
895 5522 1084 5588 Jacob,
1111 5528 1175 5576 ut
1212 5521 1269 5576 in
1290 5530 1493 5578 terram
1516 5537 1668 5578 suam
1707 5529 2015 5577 revertere-

515 5715 554 5745 "
587 5714 723 5770 Gen.
751 5733 876 5777 xxx,
906 5717 1002 5783 13;
1044 5735 1200 5776 xxxi.
1239 5718 1355 5771 l-7.

1434 5719 1670 5790 "T531.
1710 5738 1847 5790 xcrv,
1875 5723 1924 5777 7.

433 5786 476 5819 “
513 5785 704 5844 Matth.
732 5803 844 5856 xm,
887 5789 974 5849 L7.

1068 5790 1109 5821 δ’
1139 5789 1277 5845 Gen.
1309 5804 1452 5856 xxxi,
1489 5789 1522 5842 2

2010 5721 2054 5756 ⁸⁸
2078 5720 2220 5782 Gen.
2251 5736 2373 5776 xxxi
2393 5761 2406 5782 ,
2440 5719 2486 5773 l.

2127 4603 2216 4668 τὸς
2250 4601 2385 4674 πρὸς
2411 4601 2502 4656 τὸν
2527 4603 2583 4654 ὲν
2613 4602 2724 4664 τοῖς
2761 4600 3015 4672 οὐρανοῖς
3053 4599 3272 4670 Πατέρα
3299 4599 3394 4653 καὶ
3425 4599 3556 4652 Θεὸν
3577 4638 3594 4663 ,
3639 4600 3732 4654 ὃτι

2134 4713 2152 4747 ι
2191 4693 2376 4747 Πάντα
2423 4691 2493 4744 τά
2527 4691 2637 4761 ἐμὰ
2681 4689 2752 4742 σά
2778 4691 2916 4752 ἐστι,
2959 4689 3058 4743 καὶ⁸
3091 4689 3159 4744 τὰ
3184 4688 3254 4741 σά
3281 4689 3412 4758 ἐμὰ,
3449 4688 3543 4741 καὶ
3573 4688 3734 4742 δεδό-

2127 4783 2331 4854 ξασμαι
2362 4783 2420 4836 ὲν
2449 4781 2651 4844 αὐτοῖς.
2685 4797 2704 4831 ι
2733 4779 2963 4848 Ἵδωμεν
2992 4777 3051 4832 δὲ
3079 4777 3175 4832 καὶ
3197 4778 3358 4832 αὐτὸν
3387 4776 3482 4831 τοῦ
3519 4777 3732 4833 Ἰακὼϐ

2125 4879 2216 4932 τὸν
2245 4877 2456 4949 μισθόν,
2489 4895 2507 4928 ι
2548 4875 2828 4945 Ἐγένοντο
2846 4873 2904 4928 δὲ
2928 4874 3099 4945 αὐτῷ,
3132 4873 3288 4944 φησὶ,
3314 4874 3486 4942 κτήνη
3517 4870 3730 4936 πολλὰ,

2128 4970 2222 5022 καὶ
2276 4968 2430 5039 βόες.
2471 4965 2660 5030 παῖδές
2694 4982 2756 5018 τε
2801 4967 2896 5019 καὶ
2935 4965 3258 5028 παιδίσκαι,
3313 4962 3553 5032 κάμηλοι
3621 4961 3733 5016 καὶ

2127 5063 2258 5116 δνοι.
2300 5079 2319 5112 ι
2372 5059 2535 5132 ὐρᾷς
2565 5057 2954 5130 συναγείροντα
2977 5056 3072 5110 καὶ
3096 5055 3188 5108 τὸν
3217 5054 3454 5125 Χριστὸν
3478 5057 3542 5108 ὲκ
3572 5070 3734 5106 παν-

2127 5133 2220 5216 τὸς
2256 5151 2472 5220 γένους⁹
2505 5149 2646 5203 κατά
2678 5149 2738 5202 τὸ
2764 5147 3154 5220 γεγραμμένον
3178 5163 3192 5177 ·
3224 5167 3242 5198 ι
3278 5145 3473 5217 Ὁμοία
3502 5144 3667 5198 ἐστὶν
3693 5147 3730 5216 ἡ

2128 5241 2375 5313 βασιλεία
2392 5242 2499 5294 τῶν
2513 5240 2760 5308 οὐρανῶν
2774 5240 2984 5310 σαγήνῃ
3005 5238 3264 5311 βληθείσῃ
3281 5239 3339 5292 ὲν
3354 5240 3420 5308 τῇ
3439 5235 3759 5313 θαλάσσῃᾏ

2126 5310 2220 5388 καὶ
2247 5335 2310 5386 ὲκ
2346 5331 2547 5396 παντὸς
2574 5332 2768 5401 γένους
2812 5330 3219 5403 συναγαγούσῃ.
3255 5310 3302 5382 γ»
3329 5330 3558 5400 Δέχεται
3602 5310 3751 5401 γὰρ’

2123 5427 2217 5480 τὸν
2256 5425 2465 5488 δοῦλον,
2498 5425 2585 5483 ἶνα
2611 5427 2723 5487 τοῖς
2757 5425 2836 5488 είς
2881 5421 3196 5495 ἐλευθερίαν
3229 5421 3544 5492 αὐχήμασιν
3572 5419 3737 5475 ἀπο.

2127 5522 2272 5593 φήνῃ
2301 5517 2573 5590 λαμπρόν.
2621 5515 2848 5588 Δέχεται
2893 5515 3022 5580 τούς
3071 5514 3178 5569 ὐπὸ
3209 5514 3374 5584 νόμον
3415 5511 3489 5576 ὡς
3529 5511 3738 5584 ἱεροὺς

2568 5717 2608 5750 ³⁸
2638 5717 2794 5774 Joan.
2832 5733 2939 5772 xvu
2966 5758 2979 5782 ,
3005 5714 3087 5770 lo.
3168 5713 3212 5747 ⁸ο
3245 5710 3384 5770 Gen.
3426 5721 3568 5773 xxx,
3628 5712 3734 5769 .13.
