4032 6198
254 366 370 425 245

1262 373 1784 435 GLAPIIYBORUM
1822 378 1890 434 IN
1928 377 2229 435 GENESIM
2269 376 2397 432 LIB.
2438 374 2501 430 V.

3409 370 3520 434 118

168 522 209 554 ι.
259 483 367 555 ήδη
415 481 514 535 καὶ
554 482 638 544 είς
688 480 880 535 θυσίαν
922 483 1259 555 ἐπιτηδείως
1295 488 1396 558 τὴν
1437 491 1836 562 πνευματικὴν,

1953 499 2054 553 tur,
2086 490 2376 561 praecepit;
2406 489 2502 559 qui
2526 486 2815 543 accersivit
2840 499 3042 541 uxores
3062 500 3211 550 suas,
3240 484 3392 541 Liam
3433 492 3522 543 nt-

262 575 340 639 ὡς
391 576 451 628 ὲν
501 573 619 639 οἰός
675 573 824 638 τάξει
862 574 960 628 καὶ
1004 576 1192 643 ,βοόςο
1234 578 1321 632 ίνα
1378 582 1723 653 μεταστήσας
1762 584 1840 648 εἰς

265 665 607 736 φαιδρότητα
623 664 900 729 πολιτείας
924 667 1311 740 εὐαφγελικῆς,
1337 671 1661 744 ἱερωτέρους
1674 654 1845 745 ἔργά.

266 775 451 830 σηται.
489 758 717 829 Δέχεται
745 759 803 812 δὲ
823 759 961 831 πρὸς
987 760 1198 827 τούτοις
1223 764 1316 817 καὶ
1344 763 1405 818 τὸ
1433 764 1647 837 ἀνίερόν
1670 783 1729 820 τε
1751 768 1844 821 καὶ

265 848 583 920 ἀκάθαρτον
614 848 771 927 γένος
791 865 806 880 ·
836 849 910 913 ὡς
939 851 997 903 ὲν
1029 851 1182 918 τάξει
1231 852 1479 924 καμήλου
1519 854 1613 908 καὶ
1659 854 1844 927 μέντοι

273 939 373 994 καὶ
401 938 547 1003 ὄνου,
579 940 668 994 ἵνα
693 922 803 1010 τῆς
835 939 1099 993 πολυθέου
1130 922 1339 1014 πλάνης
1366 922 1457 996 τὸν
1485 922 1848 1017 ῥύποννὲκτή-

272 1030 393 1097 ξας.
439 1030 719 1101 καθαρούς
744 1047 805 1084 τε
842 1031 939 1084 καὶ
978 1031 1337 1103 ἡγνισμένους
1377 1036 1491 1097 τοῖς
1522 1033 1632 1088 τῶν
1673 1036 1849 1104 ἁγίων

270 1124 486 1194 συνάψῃ
513 1125 715 1194 χοροῖς.
760 1125 1154 1193 Κεκινημένων
1186 1123 1251 1194 δὴ
1289 1120 1382 1179 οὖν
1414 1125 1491 1188 είς
1522 1124 1714 1195 φθόνον
1740 1126 1848 1181 τῶν

269 1216 456 1271 Λάϐαν
478 1216 632 1281 υἱῶν,
660 1214 754 1269 καὶ
781 1216 944 1269 αὐτοῦ
968 1215 1024 1269 δὲ
1053 1214 1146 1269 τοῦ
1176 1216 1385 1281 Λάὄαν,
1425 1218 1622 1288 ἀμειδῆ
1657 1236 1718 1272 τε
1755 1220 1849 1274 καὶ

273 1305 785 1377 σκυθρωπάζουσαν
822 1306 917 1360 καὶ
955 1305 1260 1377 βασκανίας
1300 1309 1402 1361 οὐκ
1426 1309 1716 1381 ἐλευθέραν
1748 1311 1848 1379 τὴν

269 1400 444 1470 ὀφρὺν
466 1397 861 1466 ἀποφαίνοντος
880 1413 892 1425 °
906 1417 922 1449 ι
948 1398 1026 1451 Οὐ
1054 1397 1164 1470 γὰρ
1181 1395 1249 1470 ἦν
1267 1400 1329 1453 τὸ
1347 1400 1635 1472 πρόσωπον
1659 1402 1846 1466 αὐτοῦ,

272 1489 406 1558 φησὶ
427 1528 443 1549 ,
492 1487 674 1552 καθὼς
705 1488 834 1558 χθὲς
862 1489 956 1542 καὶ
988 1489 1179 1560 τρίτην
1208 1491 1453 1562 ἡμέρανο
1499 1510 1518 1544 ι
1553 1494 1849 1565 ἐπανήκειν

270 1583 350 1644 είς
398 1578 472 1633 τὰ
500 1582 675 1633 οἰκεῖα
713 1579 793 1650 τῷ
846 1580 1038 1635 Ἰακὼϐ
1080 1583 1388 1637 ἐνετέλλετο
1411 1584 1563 1647 Θεός.
1610 1585 1667 1639 '0
1696 1587 1754 1640 δὲ
1781 1586 1851 1640 τά

203 1662 219 1688 ¹
271 1670 469 1739 γύναια
505 1673 910 1743 μετεπέμπετο,
939 1674 1105 1726 Λείαν
1129 1674 1188 1728 τέ
1215 1691 1357 1744 φημι
1386 1676 1480 1729 καὶ
1520 1675 1737 1748 Ῥαχὴλ,
1756 1679 1851 1732 καὶ

272 1761 368 1832 τὴν
395 1763 498 1833 μὲν
537 1763 631 1817 τοῦ
665 1766 868 1833 πατρὸς
899 1765 1111 1819 ἀδικίαν
1147 1766 1412 1837 ἀφηγεῖτο
1437 1768 1642 1844 σαφῶς.
1675 1772 1846 1843 Προσ-

1946 584 2146 638 mirum
2168 591 2225 638 et
2243 582 2468 646 Rachel,
2486 595 2549 635 ac
2563 579 2734 651 patris
2748 577 2974 649 quidem
2996 577 3225 649 injurias
3245 577 3314 633 iis
3333 588 3523 648 aperte

1944 675 2199 745 explicat.
2224 673 2437 745 Adjecit
2458 688 2622 728 vero:
2649 691 2666 724 ι
2691 671 2931 729 Abstulit
2954 671 3098 725 Deus
3115 669 3297 724 omnia
3322 684 3519 740 pecora

1946 769 2118 839 patris
2140 767 2328 832 vestri,
2351 774 2407 821 et
2429 765 2650 819 mihiea
2673 762 2842 819 dedit.
2868 762 3388 833 Rcspondentesque
3417 761 3523 817 Ra-

1946 861 2066 915 chel
2107 869 2163 915 et
2193 859 2309 922 Lia,
2336 859 2594 914 dixerunt
2626 857 2678 912 ei
2703 877 2717 911 :
2740 855 3000 927 Nunquid
3036 863 3122 910 est
3147 855 3308 910 nobis
3342 855 3523 911 adhuc

1948 968 2075 1023 pars
2098 951 2436 1007 haereditatis
2459 951 2515 1006 in
2538 951 2702 1006 domo
2725 950 2897 1021 patris
2924 949 3132 1006 nostri?
3155 964 3335 1006 nonne
3363 949 3523 1018 quasi

1948 1044 2140 1100 alienae
2167 1051 2428 1114 reputatae
2449 1059 2640 1098 sumus
2660 1043 2749 1098 ei?
2773 1042 3020 1097 vendidit
3039 1042 3187 1097 enim
3208 1057 3329 1106 nos,
3352 1050 3411 1098 et
3429 1042 3517 1098 de-

1946 1136 2162 1190 voravit
2202 1136 2559 1191 devoratione
2584 1142 2871 1207 argentum
2906 1143 3175 1189 nostrum.
3200 1127 3402 1190 Omnes
3434 1134 3523 1190 di-

1948 1224 2112 1280 vitias
2170 1234 2226 1281 et
2248 1226 2474 1298 gloriam
2497 1240 2661 1295 quam
2697 1224 2923 1280 abstulit
2946 1224 3090 1278 Deus
3125 1224 3296 1293 patris
3316 1224 3525 1290 nostri,

1948 1318 2110 1373 nobis
2130 1319 2236 1372 erit
2262 1328 2318 1373 et
2352 1317 2547 1373 liberis
2583 1316 2808 1371 nostris.
2847 1315 3001 1370 Nunc
3033 1330 3162 1386 ergo
3184 1329 3526 1386 quaecunque

1949 1409 2087 1464 dixit
2112 1410 2210 1465 tibi
2241 1411 2386 1465 Deus
2410 1418 2555 1474 tuus,
2584 1409 2729 1479 agito
2766 1407 2832 1463 ".
2864 1426 2882 1458 ι
2914 1406 3105 1462 Μωεῑο
3142 1407 3290 1462 enim
3319 1407 3527 1463 mundo

1949 1501 2115 1570 su'per
2132 1500 2349 1556 Christo
2364 1501 2593 1571 ejusque
2610 1498 2758 1564 (iliis,
2777 1497 3078 1554 consolatio
3101 1502 3337 1567 superne
3359 1505 3528 1568 atque

1950 1607 2017 1646 ex
2055 1593 2195 1648 cmlo
2236 1592 2363 1666 (hoc
2396 1601 2481 1648 est
2504 1608 2534 1647 a
2567 1590 2750 1662 Patre)
2774 1590 2899 1646 data
2931 1597 3016 1647 est
3037 1589 3253 1660 sponsis
3277 1588 3527 1645 Salvato-

1951 1683 2049 1747 ris,
2084 1682 2139 1737 id
2167 1691 2273 1748 est,
2314 1684 2593 1739 Ecclesiis.
2630 1681 2902 1738 Caeterum
2943 1680 3246 1736 consolatio
3285 1679 3391 1735 fuit
3428 1695 3529 1751 per

1951 1771 2150 1826 Filium
2176 1773 2618 1828 transvehentem
2638 1772 2798 1828 nobis
2817 1770 3219 1842 quodammodo
3244 1785 3531 1827 sermones

272 1855 440 1909 ετίθει
461 1856 540 1918 δὲ,
566 1857 651 1910 ὅτι
683 1875 704 1909 ι
739 1857 1011 1926 Ἀφείλετο
1037 1857 1215 1921 όΘεδς
1245 1859 1423 1913 πάντα
1451 1860 1519 1914 τά
1546 1863 1716 1932 κτήνη
1750 1864 1846 1918 τοῦ

1953 1879 1983 1917 a
2010 1864 2190 1917 Patre.
2215 1861 2389 1929 Quem
2415 1863 2564 1918 enim
2595 1864 2739 1918 Deus
2774 1862 2925 1917 misit
2944 1860 3114 1916 verba
3140 1860 3238 1917 Dei
3263 1859 3529 1931 loquitur,

274 1947 480 2017 πατρὸς
512 1947 691 2017 1δμῶν,
719 1949 815 2001 καὶ
844 1948 1011 2002 ἔδωκέ
1040 1965 1131 2019 μοι
1165 1949 1322 2004 αὑτά.
1356 1952 1466 2005 Καὶ
1487 1952 1848 2024 ἀποκριθεῖσα

284 2038 482 2109 Ῥαχὴλ
506 2039 603 2093 καὶ
628 2038 789 2102 Λεία,
818 2035 971 2094 εἷπον
1000 2039 1151 2110 αὑτῷ
1170 2057 1185 2072 ·
1225 2042 1317 2113 Μὴ
1355 2042 1470 2097 ἔστι
1496 2046 1654 2116 μερὶς
1689 2048 1845 2117 ἡμῖν,

270 2132 301 2201 ἢ
334 2131 674 2202 κληρονομία
698 2134 757 2186 ἐν
781 2133 859 2203 τῷ
884 2135 1017 2204 οῐκῳ
1048 2133 1143 2187 τοῦ
1184 2135 1390 2205 πατρὸς
1414 2137 1603 2208 ήμῶνς
1632 2140 1744 2209 Οὐχ
1772 2139 1848 2204 ὡς

270 2223 323 2276 αἱ
355 2222 639 2294 ἀλλότριαι
673 2223 1032 2295 λελογίσμεθα
1053 2225 1233 2296 αὐτῷ;
1265 2228 1520 2298 πέπρακε
1541 2230 1649 2301 γάρ
1676 2231 1845 2301 ἡμᾶς,

270 2316 358 2368 καὶ
381 2316 665 2384 κατέφαγε
703 2315 1045 2388 καταδρώσει
1074 2318 1137 2370 τὸ
1160 2318 1423 2391 ἀργύριον
1455 2321 1631 2391 ἡμῶν.
1662 2322 1849 2378 Πάντα

268 2409 358 2461 τὸν
405 2407 642 2463 πλοῦτον
678 2410 775 2464 καὶ
810 2410 911 2481 τὴν
936 2410 1097 2476 δόξαν
1125 2412 1193 2483 ἢν
1224 2413 1480 2482 ἀφείλετο
1517 2415 1547 2467 6
1577 2414 1710 2479 Θεὸς
1749 2414 1845 2470 τοῦ

269 2501 476 2572 πατρὸς
509 2501 709 2571 ἡμῶν,
764 2504 899 2573 ἡμῖν
936 2503 1088 2558 ἔσται
1126 2505 1220 2559 καὶ
1264 2508 1379 2569 τοῖς
1410 2505 1622 2571 τέκνοις
1663 2507 1844 2578 ἡμῶν.

271 2592 381 2646 Νῦν
409 2589 505 2647 οὖν
533 2595 638 2649 ὅσα
666 2594 857 2667 εἴρηκέ
894 2613 978 2650 σοι
1019 2599 1048 2651 6
1089 2597 1223 2662 Θεός
1249 2615 1367 2663 σου,
1406 2599 1566 2656 ποίει.
1608 2618 1628 2652 ι
1662 2602 1847 2655 Κατα-

273 2684 666 2753 στυτνάζοντος
689 2686 800 2757 γὰρ
836 2688 928 2741 ἐπὶ
957 2689 1180 2761 Χριστῷ
1209 2690 1304 2744 τοῦ
1336 2691 1565 2762 κόσμου,
1607 2693 1701 2747 καὶ
1736 2693 1847 2749 τῶν

273 2776 433 2830 αὐτοῦ
464 2778 696 2842 τέκνων,
729 2779 1076 2851 παράκλησις
1108 2780 1312 2836 ἄνωθεν
1342 2782 1435 2836 καὶ
1475 2782 1535 2849 ἐξ
1577 2784 1806 2855 οὐρανοῦ
1828 2825 1845 2851 ,

274 2868 536 2933 τουτέστι,
588 2870 742 2940 παρά
778 2869 1015 2941 Πατρδς,
1060 2874 1182 2935 ταῖς
1220 2872 1315 2925 τοῦ
1355 2873 1606 2946 Σωτῆρος
1646 2875 1848 2931 δίδοται

273 2958 534 3029 νύμφαις,
576 2961 722 3030 φημί
760 2960 825 3032 δὴ
853 2963 973 3024 ταῖς
1017 2961 1385 3033 Ἑκκλησίαις.
1422 2963 1570 3034 Πλὴν
1600 2966 1633 3036 ἡ
1667 2966 1848 3037 παρά-

276 3049 482 3120 κλησις,
505 3049 574 3102 δι’
606 3050 735 3103 Υίοῦ
761 3052 1321 3123 παραπορῡμεύοντος
1343 3052 1532 3127 ὥσπερ
1560 3056 1691 3127 ἡμῖν
1721 3058 1850 3120 τοὺς

276 3142 422 3212 παρά
453 3143 671 3214 Πατρὸς
694 3143 903 3212 λόγους.
936 3146 1031 3199 Ὃν
1060 3145 1171 3215 γὰρ
1206 3145 1523 3209 ἀπέστειλεν
1542 3149 1570 3200 6
1597 3148 1752 3215 Θεὸς,
1780 3148 1850 3202 τὰ

278 3232 495 3301 ῥήματα
534 3232 628 3285 τοῦ
658 3232 793 3286 Θεοῦ
838 3233 1009 3300 λαλεῖ,
1048 3235 1191 3289 κατά
1222 3235 1325 3305 τὴν
1366 3236 1609 3292 Ἰωάννου
1640 3240 1845 3310 φωνήν.

279 3324 463 3395 ’Δθρει
493 3324 606 3396 γὰρ
630 3324 779 3390 ὅπως
816 3326 1136 3399 προσελάλει
1177 3329 1277 3400 μὲν
1301 3331 1331 3383 6
1350 3330 1483 3394 Θεὸς
1510 3331 1588 3401 τῷ
1633 3331 1848 3398 Ἰακὼϐ,

275 3418 303 3469 6
332 3415 387 3467 δὲ
420 3418 548 3478 ταῖς
573 3415 742 3470 αὐτοῦ
768 3417 1028 3488 νύμφαις,
1042 3419 1177 3492 Λείᾳ
1196 3438 1279 3488 τε,
1301 3422 1466 3493 φημὶ,
1500 3424 1596 3477 καὶ
1628 3422 1849 3495 Ῥαχὴλ.

288 3508 342 3564 '0
370 3509 428 3562 δὲ
454 3508 561 3578 τῆς
598 3510 1001 3582 παρακλήσεως
1039 3511 1197 3580 λόγος
1229 3507 1321 3584 ἦν,
1364 3513 1426 3567 τὸ
1457 3513 1567 3567 δεῖν
1594 3514 1851 3587 ἀπαίρειν

276 3602 435 3665 αὐτὰς
468 3601 590 3672 ἅμα
623 3602 701 3672 τῷ
737 3602 851 3672 ἰδίῳ
887 3603 1109 3674 νυμφίῳ
1144 3605 1244 3674 τῆς
1270 3605 1365 3658 τοῦ
1408 3606 1613 3679 πατρὸς
1643 3607 1848 3671 ἑστίας.

278 3691 427 3744 Οῦτω
456 3692 553 3745 καὶ
584 3694 613 3745 6
642 3692 909 3764 μακάριος
957 3693 1261 3765 Ψαλμῳδὸς
1299 3695 1359 3749 ὲν
1399 3696 1671 3767 πνεύματι
1715 3699 1851 3767 πρὸς

274 3784 366 3854 τὴν
408 3782 741 3852 Ἐκκλησίαν
775 3784 928 3855 φησί·
965 3803 984 3837 ι
1024 3786 1312 3852 Ἄκουσον,
1342 3785 1601 3859 θύγατερ,
1624 3789 1719 3842 καὶ
1749 3789 1847 3855 ἴδε,

277 3876 366 3929 καὶ
398 3876 584 3929 κλῖνον
622 3875 685 3928 τὸ
719 3872 812 3940 οὖς
841 3893 960 3938 σου,
993 3878 1088 3931 καὶ
1132 3877 1389 3932 ἐπιλάθου
1418 3879 1515 3933 τοῦ
1558 3880 1690 3936 λαοῦ
1733 3899 1849 3947 σου,

278 3970 493 4023 καὶτοῦ
536 3968 690 4024 οἴκου
734 3968 830 4024 τοῦ
869 3971 1077 4043 πατρός
1124 3989 1241 4027 σου.
1273 3973 1392 4026 ’Ὁτι
1426 3972 1776 4047 ἐπεθύμησεν
1821 3976 1852 4029 6

281 4063 528 4133 βασιλεὺς
567 4062 664 4117 τοῦ
696 4062 925 4129 κάλλους
970 4080 1085 4119 σου.
1126 4066 1251 4119 Ὀτι
1279 4065 1444 4131 αὑτός
1488 4067 1607 4121 ἐστι
1648 4066 1853 4139 Κύριός

281 4170 390 4220 σου,
417 4155 514 4208 καὶ
545 4154 948 4225 προσκυνήσεις
972 4153 1142 4226 αὐτῷ.
1168 4174 1190 4204 ι
1213 4156 1426 4211 οὐκοῦν
1451 4156 1521 4211 τὰ
1546 4156 1698 4229 παρά
1714 4156 1850 4211 Θεοῦ

279 4247 390 4309 ταῖς
414 4245 581 4300 αὑτοῦ
613 4243 852 4316 νύμφαις
892 4243 1189 4317 λελάληκεν
1225 4247 1254 4299 6
1290 4244 1505 4302 Ἰακώϐ.
1534 4248 1644 4300 Kal.
1670 4247 1754 4312 τίς
1783 4243 1853 4320 ἦν

282 4338 308 4389 6
328 4338 513 4406 λόγοςς
552 4337 761 4409 μέμψις
789 4337 931 4393 κατά
955 4337 1048 4392 τοῦ
1070 4338 1255 4393 Λάσαν
1273 4353 1288 4369 ’
1319 4338 1396 4403 ὡς
1415 4338 1502 4412 είη
1537 4338 1640 4409 μὲν
1668 4339 1853 4403 ἄδικός

284 4446 339 4482 τε
357 4431 449 4485 καὶ
479 4430 740 4502 πονηρὸς,
767 4430 862 4484 καὶ
901 4430 1103 4503 βραδὺς
1139 4431 1220 4494 είς
1252 4428 1487 4497 ἔκτισιν,
1530 4424 1606 4485 ὧν
1645 4429 1713 4484 ἂν
1760 4432 1852 4486 ἐπ-

1948 1954 2102 2024 juxta
2144 1954 2369 2010 Joannis
2403 1970 2613 2010 vocem.
2651 1954 3037 2010 Animadverte
3061 1954 3212 2010 enim
3236 1969 3348 2030 quo
3370 1961 3533 2025 pacto

1954 2046 2225 2101 allocutus
2246 2046 2468 2116 quidem
2494 2046 2567 2101 sit
2590 2047 2736 2111 Deus
2756 2046 3020 2102 Iacobum
3052 2064 3065 2100 :
3093 2046 3184 2104 ille
3205 2061 3341 2102 vero
3361 2060 3531 2116 spon-

1953 2153 2042 2193 sas
2071 2154 2217 2201 suas,
2240 2138 2413 2204 Li‘am,
2440 2138 2683 2208 inquam,
2707 2146 2764 2192 et
2786 2138 3100 2193 Rachelem.
3130 2136 3534 2194 Consolationis

1951 2237 2135 2284 autem
2177 2229 2317 2284 ratio
2354 2235 2503 2296 erat,
2531 2236 2786 2300 oportere
2826 2244 2920 2284 eas
2950 2227 3236 2284 discedere
3272 2243 3400 2285 cum
3430 2244 3533 2284 suo

1953 2334 2153 2389 sponso
2191 2336 2223 2376 a
2245 2321 2409 2376 domo
2447 2328 2699 2390 paterna.
2727 2319 2808 2374 Ita
2835 2319 3002 2374 etiam
3029 2319 3225 2375 beatus
3244 2318 3541 2375 Psalmista

1953 2411 2011 2467 in
2061 2413 2259 2483 spiritu
2296 2412 2365 2468 ad
2419 2412 2721 2469 Ecclesiam
2783 2402 2931 2467 οἰιί
2978 2429 2997 2463 ‹
3062 2410 3226 2477 Audi,
3267 2410 3413 2478 ﬁlia,
3483 2418 3541 2467 et

1952 2504 2078 2560 vide
2103 2545 2117 2571 ,
2154 2513 2211 2561 et
2248 2505 2451 2560 inclina
2504 2520 2694 2560 aurern
2748 2515 2937 2570 tuam,
2976 2512 3032 2559 et
3066 2502 3393 2560 obliviscere
3430 2517 3534 2572 po-

1952 2597 2068 2667 puli
2110 2598 2220 2661 tui,
2259 2606 2317 2653 et
2349 2597 2548 2652 domus
2572 2596 2744 2668 patris
2784 2596 2886 2651 tui.
2926 2596 3066 2662 Quia
3097 2593 3414 2665 concupivit
3439 2608 3533 2648 rex

1951 2689 2421 2760 pulchritudinem
2480 2697 2665 2754 tuam,
2725 2689 2986 2758 quoniam
3041 2687 3158 2758 ipse
3205 2694 3291 2743 est
3344 2685 3533 2741 Domi-

1952 2798 2058 2837 nus
2095 2790 2256 2847 tuus,
2283 2790 2340 2837 et
2375 2781 2632 2836 adorabis
2666 2796 2795 2837 eum
2824 2779 2890 2835 “.
2937 2801 2956 2834 ι
2994 2781 3165 2851 Igitur
3195 2794 3317 2849 qua:
3351 2794 3384 2834 a
3418 2777 3532 2832 Deo

1958 2872 2114 2943 153
2140 2880 2425 2943 acceperat
2459 2872 2657 2938 Jacob,
2681 2888 2747 2928 ea
2770 2872 2987 2942 sponsis
3022 2871 3138 2926 suis
3163 2871 3384 2926 locutus
3423 2877 3530 2925 est.

1953 2963 2214 3031 Quisnam
2262 2973 2446 3019 autem
2485 2971 2609 3019 erat
2651 2964 2873 3020 sermo?
2907 2962 3143 3030 Querela
3183 2961 3252 3018 de
3301 2961 3489 3017 Laban
3517 3001 3532 3025 ,

1954 3054 2103 3125 quod
2152 3055 2415 3109 nimirum
2464 3054 2688 3124 iniquus
2731 3063 2879 3109 esset
2917 3069 2981 3109 ac
3006 3054 3204 3119 malus,
3245 3061 3302 3109 et
3345 3053 3540 3109 tardus

1957 3148 2224 3204 mercedis
2249 3188 2264 3212 ,
2292 3163 2455 3218 quam
2482 3146 2738 3212 debebat,
2764 3156 3167 3218 compensator.
3199 3148 3419 3203 Incusat
3440 3163 3537 3205 au-

1953 3247 2065 3293 tem
2113 3239 2279 3294 etiam
2327 3236 2579 3293 Christus
2615 3236 2883 3292 mundum
2937 3236 3179 3308 ingentis
3219 3235 3492 3295 vecordia:
3518 3276 3548 3301 ,ε

1952 3328 2099 3398 quod
2124 3328 2354 3383 Domino
2388 3327 2592 3398 gratias
2627 3341 2728 3397 pro
2753 3325 3036 3382 beneﬁciis
3061 3325 3304 3399 acceptis
3322 3325 3544 3401 persols
3579 3362 3588 3374 .

1952 3435 2083 3474 vere
2130 3420 2337 3485 nollet,
2365 3435 2429 3475 ac
2454 3420 2625 3475 veluti
2656 3418 2909 3474 debitum
2948 3418 3064 3472 sive
3091 3417 3407 3477 mercedem
3433 3432 3559 3489 pro.

1953 3527 2118 3577 cura,
2163 3527 2328 3581 quam
2368 3510 2436 3566 de
2463 3500 2531 3566 eo
2576 3518 2855 3582 gesserat,
2900 3508 3211 3580 spiritualia
3263 3523 3541 3572 munera,

1954 3602 2115 3657 ﬁdem
2136 3644 2150 3668 ,
2177 3603 2423 3673 inquam,
2450 3612 2507 3659 et
2530 3602 2882 3659 dilectionem
2917 3600 3227 3657 retribuere
3261 3597 3541 3655 detrecta~

1953 3705 2057 3751 ret.
2103 3695 2375 3751 Casterum
2420 3697 2523 3751 sub
2567 3695 2741 3766 ipsius
2776 3700 3108 3766 potestatem
3162 3692 3346 3749 omnia
3397 3690 3538 3747 facta

1952 3796 2115 3852 sunt,
2156 3787 2472 3843 conferente
2516 3787 2572 3841 in
2601 3786 2774 3856 ipsius
2820 3799 3077 3855 sagenam
3112 3783 3225 3837 Deo
3246 3796 3311 3835 ac
3353 3780 3534 3835 Patre.

1953 3878 2044 3935 Sic
2068 3880 2216 3934 enim
2233 3879 2438 3934 alicubi
2467 3878 2534 3933 ad
2562 3894 2690 3933 eum
2723 3879 2896 3933 Filius
2920 3895 2934 3930 :
2967 3897 2985 3928 ι
3012 3874 3161 3941 Quos
3175 3871 3375 3927 dedisti
3402 3869 3537 3924 mihi

1951 3988 2018 4028 ex
2046 3973 2151 4028 hoc
2183 3972 2389 4026 mundo
2428 3970 2504 4024 tui
2529 3977 2707 4034 erant,
2732 3978 2789 4024 et
2814 3977 2871 4023 tu
2898 3967 3035 4022 mihi
3074 3978 3170 4019 eos
3193 3961 3390 4017 dedisti
3410 3961 3476 4016 “.
3512 3980 3531 4013 ι

1950 4064 2130 4134 Atque
2155 4064 2260 4119 hoc
2280 4071 2401 4118 erat
2424 4060 2559 4116 illud
2583 4079 2596 4115 :
2634 4080 2651 4113 ι
2679 4060 2921 4116 Abstulit
2956 4058 3103 4113 Deus
3124 4056 3311 4110 omnia
3336 4069 3539 4125 pecora

1953 4156 2131 4227 patris
2152 4154 2346 4219 vestri,
2373 4161 2430 4209 et
2452 4151 2606 4208 dedit
2627 4167 2693 4207 ea
2726 4150 2863 4207 mihi
2894 4149 2961 4202 “.
2994 4167 3012 4201 ι
3044 4148 3182 4220 Ipsa:
3204 4162 3335 4202 vero
3362 4146 3545 4201 hone-

1952 4255 2050 4303 sta:
2100 4246 2403 4304 Salvatoris
2445 4260 2662 4318 sponsae
2703 4253 2990 4300 secuturas
3050 4257 3109 4297 se
3168 4240 3544 4312 promittunt;

1952 4339 2206 4394 venditas
2229 4338 2380 4394 enim
2404 4353 2464 4393 se
2486 4334 2893 4407 quodammodo
2918 4332 3022 4404 ipsi
3060 4348 3091 4386 a
3114 4330 3322 4386 mundo
3361 4330 3541 4387 aiunt.

1952 4431 2205 4488 Christus
2232 4431 2381 4489 enim
2404 4430 2538 4485 emit
2569 4428 2835 4499 sanguine
2860 4441 2961 4481 suo
2998 4424 3301 4489 Ecclesias,
3322 4431 3380 4479 et
3401 4423 3549 4481 alica

285 4522 461 4595 οφλοίη
495 4522 727 4593 μισθῶν.
753 4522 1027 4593 Γράφεται
1057 4522 1113 4576 δὲ
1138 4522 1231 4577 καὶ
1255 4522 1416 4587 αὐτὸς
1439 4524 1469 4577 6
1493 4523 1726 4596 Χριστὸς
1758 4523 1850 4577 ἐπὶ

1959 4522 2073 4578 nati
2097 4530 2226 4578 sunt
2250 4536 2280 4576 a
2304 4532 2460 4591 patre
2493 4518 2667 4574 veteri
2694 4519 2758 4572 ".
2794 4517 2950 4572 Nulla
2983 4514 3256 4586 siquidem
3278 4514 3421 4571 ratio
3453 4530 3542 4571 so-

288 4613 448 4685 πολλῇ
482 4613 607 4668 λίαν
645 4613 976 4685 ἀναισθησίᾳ
1007 4613 1099 4666 τὸν
1128 4613 1353 4685 κόσμον,
1387 4614 1728 4669 ἀποτιννύειν
1754 4616 1855 4669 οὐκ

292 4703 602 4776 ἀνεχόμενον
640 4704 719 4768 ὡς
747 4705 994 4779 Δεσπότῃ
1032 4706 1102 4760 τὰ
1138 4707 1494 4779 χαριστήρια,
1528 4707 1625 4761 καὶ
1673 4708 1750 4771 ὡς
1796 4709 1856 4761 ὲν

289 4794 590 4868 ὀφλήματος
621 4796 775 4862 τάξει
814 4799 910 4852 καὶ
943 4798 1140 4871 μισθοῦ
1163 4798 1232 4853 τὰ
1263 4799 1405 4871 ὑπὲρ
1448 4802 1548 4871 τῆς
1577 4800 1858 4871 φροντίδος

295 4888 380 4958 τῆς
414 4892 493 4955 είς
516 4890 683 4946 αὐτόν
712 4890 864 4959 ξένια
897 4890 1267 4962 πνευματικὰ,
1294 4891 1480 4945 πίστιν
1507 4892 1572 4964 δὴ
1598 4892 1742 4963 λέγω
1763 4894 1858 4949 καὶ

295 4980 521 5053 ἀγάπην,
561 4982 953 5055 προσκομίζειν
980 4984 1080 5038 οὐκ
1100 4984 1373 5040 ἐθέλοντα.
1408 4984 1557 5057 Πλὴν
1590 4985 1681 5039 ὑπ’
1707 4984 1857 5058 αὐτῷ

294 5073 357 5127 τά
377 5075 543 5130 πάντα
571 5077 768 5147 γέγονε
799 5074 1191 5147 σαγηνεύοντος
1215 5075 1311 5131 τοῦ
1333 5076 1469 5131 Θεοῦ
1493 5077 1588 5131 καὶ
1617 5079 1855 5151 Πατρός.

302 5164 430 5238 ἐφη
456 5168 566 5240 γάρ
592 5185 695 5222 που
721 5168 858 5240 πρὸς
884 5167 1048 5223 αὑτὸν
1073 5170 1102 5223 6
1132 5168 1260 5233 Υίός
1283 5184 1298 5199 ·
1327 5187 1346 5221 ι
1370 5167 1479 5234 Οὒς
1499 5169 1735 5234 δέδωκάς
1764 5188 1856 5242 μοι

293 5256 348 5309 ἐκ
377 5260 464 5315 τοῦ
490 5261 702 5330 κόσμου
732 5260 816 5315 σοὶ
840 5256 1003 5333 ἦσαν,
1036 5261 1130 5315 καὶ
1157 5261 1281 5332 ἐμοὶ
1314 5262 1512 5326 αὐτοὺς
1537 5261 1796 5327 δέδωκας.
1830 5281 1850 5315 ι

297 5348 395 5405 Καὶ
421 5352 578 5407 τοῦτο
607 5348 677 5425 ἦν
714 5355 824 5423 ἆρα
851 5351 932 5419 τὸ,
970 5373 990 5406 ι
1052 5353 1296 5424 ’Δφεῖλεν
1328 5355 1358 5408 6
1398 5354 1531 5418 Θεὸς
1559 5353 1738 5408 πάντα
1790 5353 1862 5410 τὰ

296 5444 453 5514 κτήνη
475 5444 570 5499 τοῦ
596 5446 805 5516 πατρὸς
823 5446 1000 5517 ὑμῶν,
1024 5446 1120 5501 καὶ
1140 5447 1312 5501 ἔδωκὲ
1344 5464 1436 5518 μοι
1465 5447 1624 5502 αὑτά.
1666 5467 1684 5500 ι
1715 5448 1782 5501 Δί
1802 5447 1859 5501 δὲ

297 5537 473 5601 σεμναὶ
498 5533 595 5589 τοῦ
624 5535 879 5607 Σωτῆρος
905 5533 1115 5608 νύμφαι
1136 5536 1555 5592 κατακολουθεῖν
1588 5538 1687 5606 μὲν
1716 5538 1858 5592 ἑτοί-

294 5638 404 5693 μως
431 5626 884 5697 ὲπαγγίλλονταν
911 5628 1226 5701 πεπρᾶσθαι
1247 5628 1305 5683 δὲ
1324 5622 1514 5701 ὥσπερ
1539 5629 1688 5702 αὑτῷ
1708 5629 1858 5702 παρά

1955 4615 2172 4673 cietatis
2203 4623 2301 4671 aut
2318 4613 2588 4685 por-tionis
2627 4620 2711 4668 est
2746 4609 2880 4682 ipsis
2918 4625 3043 4665 cum
3086 4607 3412 4675 mundo,ex
3429 4623 3543 4681 quo

1954 4709 2134 4765 vocati
2166 4718 2340 4764 sunt:
2382 4716 2437 4763 at
2483 4722 2618 4762 vero
2669 4706 2877 4762 divitiae
2908 4706 3154 4776 ipsarum
3195 4713 3254 4760 et
3298 4703 3540 4759 ﬁliorum

1957 4802 2203 4872 ipsorum
2223 4810 2310 4857 est
2337 4800 2593 4856 Christus
2612 4799 2759 4871 ipse,
2780 4806 3021 4855 mentem
3043 4813 3263 4854 omnem
3287 4804 3344 4853 et
3370 4795 3541 4851 ratio-

1958 4907 2087 4948 nem
2130 4906 2415 4960 superans.
2462 4891 2583 4961 Ipse
2609 4906 2811 4948 earum.
2841 4890 3024 4963 portio
3067 4905 3132 4944 ac
3177 4904 3318 4952 sors,
3340 4887 3461 4941 laus
3483 4893 3543 4940 et

1961 4979 2234 5051 gloriatio,
2274 4994 2597 5048 summaque
2639 4979 2813 5034 totius
2851 4978 3134 5034 felicitatis
3165 4994 3229 5032 ac
3257 4975 3540 5046 prosperi-

1964 5071 2112 5126 tatis.
2157 5070 2470 5127 Matstitiam
2504 5071 2688 5142 itaque
2731 5072 2886 5127 vultu
2926 5086 3040 5140 pra:
3067 5084 3125 5124 se
3154 5068 3262 5125 fert
3300 5067 3542 5125 mundus

1962 5178 2087 5220 cum
2112 5162 2229 5219 suis
2259 5162 2393 5219 ﬁliis
2408 5164 2479 5219 ob
2505 5163 2809 5229 Christum,
2835 5164 3165 5234 invidiaeque
3188 5160 3404 5216 ﬂamma
3426 5161 3542 5216 uri-

1963 5269 2075 5323 tur,
2100 5256 2299 5312 videns
2329 5271 2457 5313 eum
2488 5256 2545 5311 in
2581 5265 2791 5311 tantum
2813 5254 3096 5326 dignitatis
3115 5269 3179 5309 ac
3200 5252 3387 5325 gloriae
3420 5252 3541 5308 cul-
3613 5267 3622 5275 '

1965 5357 2390 5415 menevectum,
2419 5358 2480 5404 ut
2518 5348 2836 5404 universum
2876 5346 3069 5402 orbem
3114 5355 3386 5401 terrarum
3433 5344 3539 5400 sibi

1963 5440 2238 5513 subjiciat,
2279 5441 2643 5509 omnibusque
2670 5438 2995 5493 mortalibus
3021 5437 3360 5494 dominetur.
3383 5436 3541 5515 Quod

1963 5550 2095 5591 vero
2115 5534 2289 5606 ipsius
2321 5532 2532 5588 insania
2559 5531 2701 5586 ultra
2720 5545 2780 5587 se
2811 5530 3090 5596 extendat,
3117 5529 3374 5601 quodque
3409 5545 3542 5602 per-

1964 5638 2227 5698 sequatur
2244 5636 2301 5684 et
2322 5625 2556 5692 occidat,
2581 5640 2644 5681 ac
2665 5633 2876 5681 tantum
2902 5639 3013 5681 non
3043 5624 3223 5696 reipsa
3245 5623 3542 5682 Salvatoris

361 5812 558 5870 “Gen.
603 5814 964 5884 “31,1446.
1042 5814 1253 5873 “Psal.
1281 5783 1420 5882 χειν,
1462 5815 1544 5883 ιι,
1584 5814 1665 5870 l2.
1744 5814 1844 5872 "J

1953 5855 1974 5868 ..
2004 5830 2109 5882 xvi,
2138 5815 2190 5870 6.
2261 5814 2306 5847 “
2340 5811 2479 5870 Gen.
2512 5827 2657 5880 xxxi,
2698 5812 2756 5870 9.
2827 5812 2870 5844 "
2902 5810 3021 5867 Act.
3044 5825 3132 5877 xx,
3160 5808 3250 5881 28’.
