4032 6198
469 335 577 393 217

1499 340 1554 396 S.
1596 340 1872 396 CYRlLLl
1910 340 2378 397 ALEXANDle
2420 339 2738 396 ARCHIEP.

3642 333 3748 394 2L8

470 452 659 526 gloria:
680 451 932 520 obsistat,
967 454 1342 527 Ecclesiisque
1360 498 1374 523 ,
1421 473 1545 528 quae
1569 459 1620 514 ei
1644 459 1879 514 subditae
1904 468 2053 525 sunt,

2165 462 2256 513 τοῦ
2295 457 2506 530 κόσμου
2536 457 2723 527 φασίν.
2770 453 3092 525 Ἐξεπρίατο
3137 453 3247 525 γὰρ
3285 453 3362 524 τῷ
3398 453 3514 523 ἰδίῳ
3552 452 3748 522 αἵματι

471 555 635 616 atque
657 546 776 617 ejus
800 545 960 613 ﬁliis,
1014 547 1122 603 hoc
1167 557 1255 606 est
1310 549 1657 606 credentium
1691 551 2059 617 multitudini,

474 636 863 693 infestissimus
879 637 1351 709 deprehendatur,
1379 639 1540 696 facile
1563 649 1650 696 est
1668 641 1857 697 videre
1881 642 1950 697 iis
1971 641 2066 712 qui

472 727 528 783 ἱ]
559 727 700 783 scire
739 728 952 794 velint,
1000 743 1069 784 ex
1107 729 1174 784 iis
1219 746 1342 800 quae
1385 740 1714 800 sequuntur.
1767 751 1786 784 ι
1817 731 2059 802 Surgens

472 821 642 886 enim,
681 820 880 890 inquit,
927 820 1098 876 Jacob
1143 823 1357 892 accepit
1391 838 1592 878 uxores
1634 839 1764 879 suas
1825 832 1883 879 et
1925 823 2066 877 ﬁlios

474 928 604 967 suos
643 928 810 983 super
859 913 1135 979 camelos,
1178 923 1235 970 et
1265 914 1495 969 abduxit
1538 931 1759 971 omnem
1801 915 2062 970 familiam

475 1022 652 1070 suam,
675 1021 1007 1076 omnemque
1032 1007 1434 1077 supellectilem
1458 1023 1637 1073 suam,
1661 1023 1828 1078 quam
1854 1007 1909 1061 in
1945 1007 2060 1062 Me-

475 1097 781 1168 sopotamia
821 1098 1144 1168 acquisivit,
1188 1106 1245 1154 et
1285 1099 1470 1154 omnia
1507 1115 1606 1154 sua
1633 1140 1648 1166 ,
1689 1108 1750 1154 ut
1787 1099 1969 1154 abiret
1991 1099 2059 1154 ad

475 1189 628 1245 Isaac
654 1197 866 1260 patrem
893 1206 1054 1245 suum
1091 1191 1148 1245 in
1183 1199 1385 1246 terram
1411 1191 1691 1247 Chanaan.
1732 1191 1922 1247 Laban
1960 1208 2060 1247 au-

477 1291 587 1336 tem
613 1282 750 1336 abiit
771 1281 840 1336 ad
869 1282 1204 1338 tondendum
1229 1299 1360 1339 oves
1381 1299 1526 1339 suas.
1551 1284 1751 1338 Furata
1773 1293 1857 1340 est
1878 1295 2062 1341 autem

478 1375 682 1430 Rachel
709 1376 854 1431 idola
881 1375 1055 1446 patris
1073 1375 1159 1431 sui
1189 1393 1202 1430 :
1233 1377 1522 1432 abscondit
1547 1386 1732 1432 autem
1755 1377 1924 1433 Jacob
1955 1377 2061 1433 La-

477 1469 585 1524 ban
616 1469 775 1544 154
797 1469 955 1541 Syro,
979 1486 1050 1526 ne
1077 1470 1348 1526 indicaret
1387 1470 1437 1526 ei
1476 1469 1625 1541 quod
1647 1469 1805 1540 fugit.
1835 1470 1902 1524 Et
1925 1469 2063 1540 fugit

477 1560 594 1630 ipse
620 1568 676 1615 et
697 1577 794 1615 sua
817 1561 1025 1627 omnia,
1053 1571 1110 1618 et
1150 1561 1406 1617 transivit
1430 1561 1659 1627 ﬁumen,
1692 1569 1751 1617 et
1784 1561 2064 1619 festinavit

476 1653 533 1708 in
557 1661 801 1710 montem
815 1653 1038 1710 Galaad.
1061 1654 1383 1709 Nuntiatum
1403 1663 1488 1710 est
1508 1663 1692 1709 autem
1719 1653 1901 1709 Laban
1925 1653 2063 1726 Syro

473 1745 564 1800 die
612 1746 776 1800 tertia
814 1745 961 1816 quod
1011 1745 1151 1817 fugit
1191 1745 1381 1802 Jacob.
1424 1747 1492 1802 Et
1527 1762 1814 1802 assumens
1860 1745 2063 1802 fratres

472 1853 607 1892 suos
627 1853 752 1892 cum
775 1853 874 1903 eo,
901 1846 1228 1908 persecutus
1252 1845 1338 1893 est
1380 1853 1508 1894 eum
1552 1839 1697 1894 viam
1735 1837 1949 1892 dierum
1977 1852 2063 1892 se-

474 1938 646 1998 ptem,
672 1937 727 1983 et
753 1929 1174 1999 comprehendit
1195 1945 1324 1985 eum
1352 1929 1408 1984 in
1445 1937 1631 1984 monte
1657 1927 1878 1983 Galaad.
1898 1927 2062 1983 Venit

473 2030 661 2075 autem
694 2021 838 2076 Deus
859 2021 928 2076 ad
949 2021 1136 2076 Laban
1159 2020 1358 2092 Syrum
1387 2036 1486 2092 per
1516 2033 1769 2074 somnum
1798 2027 1982 2083 nocte,
2006 2026 2063 2072 et

473 2111 613 2166 dixit
628 2112 679 2168 ei
701 2112 869 2168 :Cave
886 2129 956 2168 ne
972 2112 1112 2168 forte
1138 2112 1382 2182 loquaris
1393 2112 1460 2166 ad
1483 2111 1651 2167 Jacob
1669 2111 2064 2166 mala.Etcom-

473 2205 770 2274 prehendit
793 2205 975 2260 Laban
988 2205 1179 2270 Jacob,
1199 2205 1368 2260 Jacob
1388 2213 1574 2259 autem
1594 2203 1712 2258 ﬁxit
1737 2203 2066 2258 tabernacu-

473 2296 587 2350 lum
625 2311 787 2350 suum
827 2297 885 2350 in
917 2305 1105 2352 monte
1144 2314 1157 2351 :
1197 2297 1384 2352 Laban
1423 2305 1608 2352 autem
1639 2295 1831 2352 statuit
1861 2295 2064 2350 fratres

471 2404 603 2444 suos
645 2389 700 2442 in
746 2396 932 2444 monte
959 2387 1244 2445 Galaad“.
1276 2409 1294 2442 ι
1328 2389 1594 2445 Adoritur
1635 2389 1819 2459 itaque
1848 2387 2058 2453 Laban,

474 2482 799 2552 incusatque
826 2482 1029 2538 acriter
1051 2482 1302 2538 divinum
1330 2482 1498 2538 Jacob
1519 2524 1532 2548 ,
1560 2482 1709 2553 quod
1748 2482 2061 2538 clanculum

471 2571 725 2642 fugisset,
772 2572 987 2627 furatus
1014 2580 1227 2628 tantum
1267 2591 1378 2629 non
1421 2575 1563 2629 ﬁlias
1589 2574 1783 2644 ipsius,
1812 2588 2061 2645 quosque

472 2666 622 2721 domi
678 2665 917 2721 habebat
962 2666 1116 2722 deos.
1167 2667 1246 2722 Ita
1287 2668 1436 2723 enim
1477 2667 1554 2724 ait
1590 2687 1603 2722 :
1644 2688 1661 2721 ι
1694 2668 1854 2724 Nunc
1893 2669 2062 2740 igitur

469 2761 633 2825 vade;
671 2760 947 2816 desiderio
990 2761 1139 2816 enim
1164 2761 1492 2817 desiderasti
1519 2761 1576 2817 in
1622 2761 1850 2816 domum
1888 2762 2060 2832 patris

473 2855 554 2910 tui
571 2855 746 2910 abire.
772 2855 952 2922 Quare
977 2853 1194 2911 furatus
1215 2871 1296 2920 cs,
1347 2855 1549 2926 inquit,
1586 2855 1722 2912 deos
1748 2857 1932 2911 meos?
1950 2855 2060 2910 Nc-

471 2947 683 3003 sciebat
706 2956 910 3013 autem,
938 2947 1136 3017 inquit,
1162 2947 1354 3013 Jacob,
1379 2948 1528 3018 quod
1556 2949 1762 3004 Rachel
1781 2965 1921 3003 uxor
1941 2949 2061 3018 ejus

472 3040 652 3096 furata
697 3047 844 3096 esset
887 3055 1002 3096 eos.
1043 3040 1332 3096 Scrutatus
1385 3040 1570 3108 itaque
1613 3040 1798 3095 Laban
1834 3041 2058 3095 domum

2167 555 2266 618 τὰς
2303 549 2631 620 Ἐκκλησίας
2653 550 2682 602 ὁ
2721 545 3092 617 Ἐμμανουὴλ,
3122 545 3217 598 καὶ
3244 544 3633 616 ⁴ὴλλστρίωνται
3653 544 3748 597 τοῦ

2169 646 2337 700 πάλαι
2358 642 2590 714 πατρός.
2619 639 2793 708 Λόγος
2814 639 2923 710 γὰρ
2949 637 3139 700 αὐταῖς
3160 637 3443 700 κοινωνίας
3469 637 3501 707 ἢ
3536 635 3748 706 μερίδος

2165 736 2337 800 οὐδείς
2365 737 2480 788 ἐστι
2508 733 2644 804 πρὸς
2681 731 2906 802 κόσμον,
2938 728 2997 794 ἐξ
3017 723 3078 783 οὗ
3103 727 3199 782 καὶ
3226 728 3544 798 κέκληνται.
3574 727 3746 781 [Ιλοῦ⁹

2163 846 2257 893 τος
2285 829 2342 883 δὲ
2383 827 2584 899 μᾶλλον
2615 824 2807 888 αὐταῖς
2839 823 2933 877 καὶ
2960 824 3072 886 τοῖς
3101 821 3311 884 τέκνοις
3339 821 3522 874 αὐτῶν
3552 822 3580 874 ὁ
3609 819 3748 890 ὑπὲρ

2165 923 2290 977 νοῦν
2334 921 2430 976 καὶ
2473 920 2669 988 λόγον·
2711 917 2874 981 αὐτὸς
2907 918 2940 986 ἡ
2983 915 3143 985 μερὶς
3181 911 3334 968 καὶ’ὁ
3369 914 3589 985 κλῆρος,
3619 911 3748 976 δόξα

2163 1036 2224 1072 τε
2268 1016 2364 1071 καὶ
2395 1013 2680 1084 καύχημα,
2714 1011 2808 1064 καὶ
2848 1010 2958 1062 πᾶν
2987 1007 3164 1062 ὁτιοῦν
3194 1008 3303 1060 τῶν
3337 1005 3636 1060 τελούντων
3667 1005 3749 1068 είς

2163 1104 2526 1178 λαμπρὸτητα
2559 1102 2652 1155 καὶ
2681 1097 3007 1170 εὐημερίαν.
3045 1095 3442 1167 Σκυθρωπάζει
3474 1095 3572 1166 μὲν
3601 1090 3694 1148 οὖν
3718 1096 3749 1148 ὁ

2163 1201 2371 1270 κόσμος
2398 1195 2534 1266 ὁμοῦ
2570 1197 2683 1257 τοῖς
2725 1192 2880 1255 ίδίοις
2905 1191 3120 1253 τέκνοις
3151 1191 3244 1243 ἐπὶ
3271 1190 3511 1260 Χριστῷ.
3549 1189 3642 1241 καὶ
3670 1187 3750 1258 τῷ

2162 1291 2286 1363 τῆς⁴
2301 1288 2601 1362 βασκανίας
2630 1287 2933 1340 δαπανᾶται
2960 1283 3115 1354 πυρὶ,
3144 1282 3456 1354 προήκοντα
3484 1279 3643 1350 δόξης
3666 1280 3748 1342 είς

2161 1384 2320 1438 τοῦτο
2351 1380 2564 1453 βλέπων
2585 1379 2658 1442 ὼς
2682 1377 2810 1448 ὅλην
2839 1366 2928 1445 ὑφ⁴
2959 1373 3138 1445 ἑαυτῷ
3167 1369 3499 1444 ποιήσασθαι
3530 1372 3629 1442 τὴν
3652 1370 3750 1423 ὑπ’

2161 1474 2410 1547 οὐρανὸν,
2449 1472 2544 1526 καὶ
2569 1468 2988 1540 κατακρατῆσαι
3020 1466 3128 1520 τῶν
3154 1465 3247 1518 ἐπὶ
3267 1463 3366 1535 τῆς
3387 1463 3512 1533 γῆς.
3547 1464 3666 1516 ’Ὁτι
3687 1461 3750 1515 δὲ

2161 1563 2545 1636 τονθορυσμῶν
2575 1562 2832 1614 ἐπέκεινα
2851 1599 2866 1625 ,
2895 1561 2988 1613 καὶ
3024 1557 3302 1628 λοιδοριῶν
3329 1556 3399 1610 τὰ
3420 1556 3520 1625 τῆς
3553 1555 3752 1624 μανίας

2169 1655 2318 1728 αὐτῷ
2351 1654 2763 1727 παρατείνεται,
2808 1652 2902 1706 καὶ
2937 1649 3147 1713 διώκει,
3175 1649 3271 1702 καὶ
3313 1648 3470 1718 φονᾷ,
3507 1646 3600 1699 καὶ
3624 1646 3753 1698 ὅσον

2164 1751 2340 1803 εἰπεῖν
2369 1749 2450 1812 είς
2494 1744 2913 1817 ἐγχειρημάτων
2959 1741 3192 1812 δύναμιν
3243 1743 3311 1812 τῇ
3341 1739 3437 1794 τοῦ
3492 1738 3753 1808 Σωτῆρος

2165 1841 2499 1912 ἀναφέρεται
2521 1838 2670 1909 δόξῃ,
2721 1836 2817 1890 καὶ
2864 1835 2988 1898 ταῖς
3025 1833 3116 1887 ὑπ’
3151 1831 3317 1887 αὐτοῦ
3374 1830 3752 1900 Ἐκκλησίαις,

2163 1935 2257 1988 καί
2283 1936 2396 1997 τοῖς
2425 1930 2591 1986 αὑτοῦ
2613 1929 2844 1992 τέκνοις,
2875 1926 3142 1991 τουτέστι,
3169 1927 3236 1996 τῇ
3253 1923 3361 1978 τῶν
3382 1922 3758 1976 πιστευόντων

2164 2023 2368 2094 πληθύῖ
2414 2020 2812 2092 καταφωρᾶται
2875 2014 3308 2087 πολεμιώτατος,
3365 2012 3760 2082 ἀταλαίπωρον

2167 2117 2294 2172 ἰδεῖν
2325 2113 2486 2169 τοῦτο
2511 2113 2704 2184 μαθεῖν
2731 2111 3007 2181 ἑλομένοις
3033 2108 3122 2162 διὰ
3147 2107 3258 2161 τῶν
3279 2105 3498 2178 ἐφεξῆς·
3523 2121 3545 2156 ι
3590 2105 3762 2158 Ἀνα-

2165 2208 2297 2272 στὰς
2330 2205 2646 2280 γὰργφησὶ,
2699 2202 2920 2269 Ἰακὼϐ,
2943 2201 3102 2254 ἔλαϐε
3137 2200 3236 2263 τὰς
3263 2201 3532 2268 γυναῖκας
3557 2196 3757 2264 αὑτοῦ,

2163 2305 2257 2359 καὶ
2290 2304 2358 2356 τά
2397 2302 2586 2356 παιδία
2605 2299 2772 2355 αὑτοῦ
2803 2298 2898 2352 ἐπὶ
2921 2297 3022 2360 τὰς
3040 2295 3346 2368 καμήλους,
3374 2293 3470 2348 καὶ
3489 2292 3760 2362 ειπήγαγα

2163 2398 2342 2452 πάντα
2359 2394 2430 2449 τὰ
2447 2393 2763 2466 ὑπάρχοντα
2784 2390 2972 2458 αὐτοῦ,
2991 2389 3088 2445 καὶ
3101 2390 3285 2443 πᾶσαν
3309 2387 3409 2458 τὴν
3434 2383 3762 2456 ἀποσκευὴν

2161 2489 2351 2555 αὑτοῦ,
2393 2489 2459 2560 ἢν
2500 2487 2930 2558 περιεποιήσατο
2977 2484 3035 2538 ἑν
3067 2484 3134 2554 τῇ
3181 2477 3604 2550 Μεσοποταμίᾳ,
3652 2478 3762 2532 καὶ

2163 2583 2342 2636 πάντα
2374 2580 2444 2633 τὰ
2488 2577 2677 2645 αὑτοῦ,
2710 2579 2805 2632 καὶ
2849 2576 3064 2648 ἀπῆλθε
3110 2575 3244 2641 πρὸς
3291 2573 3478 2627 Ἰσαὰκ
3511 2571 3601 2626 τὸν
3637 2587 3762 2624 πα-

2161 2674 2296 2745 τέρα
2332 2671 2500 2728 αὑτοῦ
2529 2673 2588 2724 ὲν
2630 2673 2700 2741 γῇ
2742 2669 2984 2723 Χαναὰν.
3028 2667 3216 2723 Λάϐαν
3245 2666 3303 2719 δὲ
3340 2663 3514 2736 ῷχετο
3565 2665 3762 2733 κεῖραι

2162 2765 2232 2820 τὰ
2277 2765 2527 2836 πρόϐατα
2560 2763 2746 2818 αὐτοῦ.
2799 2762 3037 2832 Ἔκλεψε
3092 2761 3150 2814 δὲ
3199 2760 3402 2830 Ῥαχὴλ
3447 2757 3517 2812 τὰ
3554 2755 3764 2810 εἴδωλα

2161 2859 2258 2913 τοῦ
2287 2857 2494 2929 πατρὸς
2525 2857 2727 2926 αὐτῆςο
2757 2855 2963 2926 ἔκρυψε
3003 2854 3061 2908 δὲ
3099 2851 3296 2908 Ἰακὼϐ
3323 2850 3512 2906 Λάϐαν
3536 2851 3625 2903 τὸν
3645 2849 3763 2902 Σύ-

2166 2965 2258 3019 ρον
2285 2947 2378 3000 τοῦ
2409 2947 2483 3016 μὴ
2520 2945 2844 3015 ἀναγγεῖλαι
2887 2943 3060 3014 αὐτῷ,
3103 2943 3188 2998 ὅτι
3217 2943 3602 3014 ἀπεδίδρασκε.
3637 2941 3764 2995 Καὶ

2163 3040 2378 3110 ἀπέδρα
2412 3038 2596 3102 αὐτὸς,
2646 3039 2741 3092 καὶ
2778 3037 2958 3092 πάντα
3001 3035 3072 3090 τὰ
3109 3035 3297 3102 αὑτοῦ,
3336 3037 3430 3090 καὶ
3464 3034 3617 3106 διέϐη
3656 3033 3764 3087 τὸν

471 3132 605 3196 Liac,
650 3133 783 3188 deos
809 3148 938 3187 suos
972 3147 1081 3186 non
1119 3133 1358 3201 reperit,
1409 3132 1507 3186 sed
1532 3147 1712 3202 neque
1754 3131 1810 3186 in
1849 3131 2061 3186 aadibus

2166 3133 2429 3201 ποταμὸν,
2479 3131 2573 3185 καί
2604 3131 2874 3202 ,ὥρμησεν
2910 3131 2987 3195 είς
3014 3130 3076 3184 τὸ
3108 3129 3235 3203 ὅρος
3271 3129 3501 3184 Γαλαὰδ.
3557 3130 3766 3200 Ἀνηγ-

471 3225 798 3277 ancillarum
828 3222 988 3277 Ballze
1011 3230 1066 3276 et
1109 3223 1331 3292 Zelpha:
1353 3225 1418 3277 δ’.
1453 3243 1471 3275 ι
1495 3222 1634 3278 Cum
1669 3239 1805 3278 vero
1842 3231 2063 3294 putaret

472 3313 676 3368 Rachel
693 3329 788 3367 eos
814 3313 1132 3384 diligentius
1155 3313 1483 3383 quarendos
1505 3329 1536 3368 a
1561 3322 1717 3384 patre
1735 3356 1748 3379 ,
1783 3315 2064 3385 eleganter

473 3421 601 3460 cum
628 3405 865 3476 decepit.
903 3425 921 3457 ι
952 3406 1178 3478 Accepit
1215 3407 1363 3462 enim
1386 3447 1400 3472 ,
1444 3407 1654 3477 inquit,
1686 3407 1852 3474 idola,
1894 3416 1950 3463 ct
1975 3408 2062 3462 in-

467 3498 604 3570 jecit
639 3513 703 3552 ea
729 3499 786 3552 in
820 3507 1120 3555 stramenta
1165 3499 1383 3566 cameli,
1413 3509 1469 3555 et
1502 3499 1646 3554 sedit
1668 3516 1836 3571 super
1877 3501 1976 3564 eis,
2007 3510 2064 3556 et

474 3593 614 3646 dixit
658 3592 800 3661 patri
828 3606 930 3646 suo
976 3609 991 3645 :
1030 3591 1109 3647 Nc
1149 3591 1391 3662 graviter
1420 3591 1598 3660 feras,
1643 3592 1866 3647 domine
1903 3611 1915 3646 :
1949 3609 2059 3647 non

471 3692 668 3756 potero
693 3699 917 3755 surgere
941 3700 1126 3738 coram
1157 3692 1231 3750 te,
1258 3684 1388 3754 quia
1408 3686 1567 3756 juxta
1599 3685 2061 3739 consuetudinem

473 3777 804 3832 feminarum
830 3791 978 3832 nunc
1016 3777 1220 3832 accidit
1257 3778 1412 3832 mihi.
1457 3777 1748 3833 Scrutatus
1769 3786 1854 3833 est
1876 3785 2061 3832 autem

473 3870 661 3925 Laban
684 3869 739 3924 in
764 3870 912 3924 omni
938 3869 1122 3934 domo,
1152 3877 1208 3924 et
1234 3885 1344 3924 non
1375 3868 1585 3924 invenit
1607 3869 1834 3924 idola".
1869 3889 1888 3923 ›
1923 3869 2060 3926 Cum

473 3963 658 4031 itaque
688 3961 845 4031 inops
867 3969 1012 4016 esset
1033 3961 1270 4027 consilii,
1297 3969 1353 4017 et
1375 3961 1607 4017 deorum
1631 3977 1859 4017 suorum
1879 3963 2061 4032 jactu-

472 4068 624 4117 ram,
651 4060 712 4106 ut
742 4051 1042 4106 verisimile
1082 4061 1200 4118 est,
1245 4051 1588 4122 deploraret,
1634 4051 1882 4123 increpat
1933 4067 2060 4106 eum

474 4143 676 4197 merito
734 4143 929 4197 beatus
979 4143 1183 4209 Jacob,
1235 4145 1383 4215 quod
1430 4145 1637 4199 frustra
1696 4145 1877 4214 ipsum
1931 4160 2060 4215 per-

471 4243 834 4306 sequeretur,
900 4254 1026 4293 cum
1081 4237 1229 4292 nulla
1279 4237 1494 4292 ratione
1545 4237 1725 4306 ipsum
1777 4237 2061 4292 criminari

471 4336 680 4400 posset.
714 4329 922 4384 Deinde
957 4329 1025 4384 de
1048 4327 1345 4383 concordia
1368 4336 1640 4398 pactoque
1658 4326 1901 4382 ineundo
1927 4327 2061 4396 ipsis

474 4422 609 4475 moti
635 4429 764 4476 sunt
798 4437 1100 4477 sermones.
1139 4440 1155 4472 ι
1188 4421 1550 4491 Respondens
1575 4419 1724 4475 enim
1757 4419 1945 4476 Laban
1971 4419 2059 4474 di-

2165 3225 2298 3295 γέλη
2331 3223 2386 3276 δὲ
2416 3223 2603 3276 Αὰϐαν
2634 3222 2712 3293 τῷ
2755 3222 2913 3295 Σύρῳ
2941 3226 3008 3295 τῇ
3035 3223 3196 3295 τρίτῃ
3223 3223 3406 3294 ἡμέρᾳ
3430 3224 3512 3276 ὅτι
3540 3221 3764 3293 ἀπέδρα

2179 3313 2392 3367 Ἰακὼϐ.
2425 3315 2536 3367 Καὶ
2554 3312 2888 3384 παραλαϐὼν
2921 3314 3129 3378 πάντας
3145 3313 3273 3377 τοὺς
3299 3313 3564 3382 ἀδελφοὺς
3582 3311 3762 3366 αὐτοῦ

2169 3412 2288 3482 μετ’
2311 3409 2501 3473 αὑτοῦ,
2534 3409 2754 3474 ἐδίωξεν
2787 3409 2962 3463 ὀπίσω
2995 3408 3160 3462 αὑτοῦ
3194 3409 3312 3462 ὁδὸν
3333 3407 3556 3480 ἡμερῶν
3587 3407 3760 3472 ἑπτὰ,

2165 3504 2258 3556 καὶ
2293 3502 2588 3556 κατέλαϐεν
2627 3502 2792 3556 αὐτὸν
2831 3504 2887 3555 ὲν
2921 3502 2998 3572 τῷ
3036 3501 3152 3573 ὄρει
3180 3502 3413 3556 Γαλαάδ.
3446 3498 3618 3554 τΗλθε
3647 3501 3709 3555 δὲ
3734 3503 3767 3556 ὁ

2163 3595 2300 3659 Θεὸς
2343 3595 2479 3665 πρὸς
2513 3593 2702 3648 Λάδαν
2733 3595 2826 3648 τὸν
2864 3593 3036 3666 Σύρον
3066 3594 3189 3648 καθ’
3223 3593 3390 3646 ὕπνον
3418 3593 3520 3663 τὴν
3555 3593 3762 3658 νύκτα,

2164 3687 2258 3741 καὶ
2282 3683 2434 3740 εἶπεν
2450 3685 2620 3758 αὐτῷ.
2639 3684 2886 3751 Φύλαξαί
2908 3688 3134 3741 σεαυτὸν
3155 3686 3248 3740 τοῦ
3271 3687 3345 3758 μὴ
3365 3686 3593 3757 λαλῆσαι
3615 3687 3763 3756 πρὸς

2176 3778 2368 3833 Ἰακὼϐ
2389 3779 2620 3849 πονηρά.
2647 3779 2756 3832 Καὶ
2779 3779 3045 3833 κατέλαϐε
3079 3779 3367 3834 Λάϐαντδν
3397 3778 3615 3834 Ἰακώϐ.
3652 3781 3767 3834 Ἰα-

2164 3870 2281 3925 κὼϐ
2312 3871 2370 3925 δὲ
2403 3870 2573 3940 ἔπηξε
2604 3869 2702 3940 τὴν
2734 3871 2940 3943 σκηνὴν
2970 3869 3132 3924 αὐτοῦ
3176 3871 3235 3924 έν
3266 3869 3346 3941 τῷ
3391 3870 3528 3941 ὄρει.
3565 3869 3766 3923 Λάϐαν

2161 3965 2218 4020 δὲ
2253 3964 2445 4034 ἔστησε
2477 3965 2604 4028 τοὺς
2633 3963 2896 4034 ἀδελφοὺς
2931 3963 3097 4018 αὑτοῦ
3114 3965 3174 4017 έν
3202 3963 3281 4034 τῷ
3309 3962 3427 4033 δρει
3454 3960 3690 4015 Γαλαὰδ.
3737 3980 3760 4014 ι

2163 4057 2562 4130 Περιτυγχάνει
2595 4057 2694 4129 μὲν
2732 4055 2826 4110 οὖν
2869 4059 2898 4110 ὁ
2943 4057 3148 4120 Λάϐαν,
3197 4057 3511 4110 ἐπαιτιᾶται
3546 4053 3606 4107 δὲ
3634 4053 3765 4108 λίαν

2161 4149 2255 4204 τὸν
2292 4148 2578 4202 Θεσπέσιον
2620 4146 2834 4212 Ἰακὼϐ,
2865 4146 3267 4218 ὅτιλεληθότως
3295 4147 3529 4218 ἀπέδρα,
3561 4162 3765 4216 μονον-

2164 4242 2287 4312 ουχὶ
2333 4239 2618 4309 κεκλοφὼς
2655 4239 2756 4303 τὰς
2801 4239 3110 4312 θυγατέρας
3147 4237 3338 4303 αὐτοῦ,
3379 4239 3474 4292 καὶ
3519 4238 3646 4301 τοὺς
3700 4239 3766 4291 ὲν

2161 4333 2296 4403 οἴκῳ
2322 4330 2496 4395 θεούς.
2533 4331 2678 4400 Ἔφη
2706 4329 2815 4401 γὰρ
2852 4328 2947 4382 ὼδί
2976 4346 2991 4360 ο
3043 4347 3062 4380 ι
3097 4327 3211 4382 Νῦν
3239 4323 3334 4382 οῦν
3374 4327 3723 4396 πεπόρευααι
3744 4343 3763 4361 ο

2164 4424 2432 4496 ἐπιθυμίᾳ
2455 4423 2564 4495 γὰρ
2593 4421 2948 4492 ἐπεθύμησας
2977 4419 3232 4476 ἀπελθεῖν
3261 4420 3342 4482 εἰς
3365 4419 3459 4472 τὸν
3483 4414 3635 4470 οἷκον
3654 4416 3763 4472 τοῦ

473 4514 554 4568 xit
577 4513 744 4569 Jacob
774 4532 786 4566 :
812 4514 958 4569 Filia:
981 4521 1090 4568 tuae
1112 4513 1236 4568 ﬁlia:
1270 4528 1407 4568 mea:
1445 4519 1602 4578 sunt,
1631 4521 1688 4566 et
1717 4511 1814 4567 ﬁlii
1856 4513 1935 4567 tui
1962 4511 2059 4567 ﬁlii

2167 4517 2372 4588 πατρός
2403 4533 2519 4570 σου.
2549 4516 2667 4568 Ἵνα
2697 4515 2749 4568 τί
2781 4513 3038 4584 ἔκλεψας,
3079 4514 3235 4586 φησὶ,
3266 4513 3396 4576 τοὺς
3421 4511 3576 4571 θεούς
3612 4526 3762 4580 μους

473 4605 607 4671 mei,
643 4613 698 4660 et
727 4621 927 4676 pecora
970 4617 1061 4660 tua
1102 4621 1304 4675 pecora
1344 4621 1466 4660 mea
1491 4646 1504 4670 ,
1532 4614 1590 4661 et
1622 4607 1806 4660 omnia
1849 4622 1971 4676 quae
2002 4617 2060 4662 tu

473 4696 632 4751 vides
657 4712 776 4749 mea
796 4703 944 4759 sunt,
967 4703 1024 4749 et
1050 4695 1287 4749 ﬁliarum
1308 4711 1577 4750 mearum.
1603 4695 1746 4762 Quid
1775 4697 1970 4752 faciam
1995 4698 2063 4753 iis

477 4787 664 4853 hodie,
692 4796 788 4842 aut
812 4786 938 4842 ﬁliis
960 4801 1172 4850 earum,
1191 4803 1330 4857 quos
1355 4796 1692 4857 pepererunt
1713 4789 1912 4844 ?Nunc
1929 4805 2062 4860 ergo

475 4881 639 4947 veni,
667 4881 1009 4950 deponamus
1039 4878 1216 4934 fmdus
1239 4894 1340 4950 ego
1378 4887 1436 4934 et
1473 4888 1554 4944 tu,
1589 4887 1647 4935 et
1672 4880 1780 4936 erit
1813 4879 1866 4934 in
1901 4881 2059 4935 testi-

476 4976 722 5032 monium
745 4975 892 5030 inter
929 4989 1015 5028 me
1037 4980 1092 5027 et
1123 4981 1199 5028 te.
1231 4972 1376 5028 Dixit
1396 4978 1580 5026 autem
1619 4971 1669 5028 ei
1699 4989 1712 5026 :
1741 4972 1900 5038 Vide,
1931 4972 2060 5027 nul-

475 5071 562 5125 lus
588 5068 876 5124 nobiscum
903 5074 1009 5131 est,
1039 5066 1185 5120 Deus
1217 5063 1372 5134 155
1398 5065 1554 5120 testis
1593 5064 1738 5119 inter
1772 5080 1861 5119 me
1901 5071 1955 5120 el
1983 5071 2056 5119 te.

477 5161 765 5231 Accipiens
785 5169 968 5215 autem
993 5159 1164 5215 Jacob
1187 5158 1448 5228 lapidem,
1473 5157 1666 5211 statuit
1687 5171 1813 5212 eum
1842 5156 1898 5211 in
1923 5157 2060 5211 titu-

476 5255 613 5308 lum.
645 5253 791 5307 Dixit
823 5262 1006 5308 autem
1029 5251 1198 5308 Jacob
1232 5251 1496 5306 fratribus
1533 5249 1681 5305 suis:
1708 5249 1959 5321 Colligite
1983 5250 2060 5305 la-

477 5345 654 5415 pides.
681 5345 750 5400 Et
772 5344 1110 5416 collegerunt
1143 5343 1384 5414 lapides,
1433 5351 1491 5398 et
1543 5341 1793 5397 fecerunt
1828 5341 2056 5407 collem,

477 5444 534 5490 et
552 5437 917 5494 comederunt
947 5437 1060 5492 illic
1080 5451 1247 5506 super
1279 5436 1496 5492 collem.
1527 5434 1595 5489 Et
1619 5434 1757 5489 dixit
1775 5433 1827 5490 ei
1850 5433 2058 5488 Laban:

480 5528 750 5584 Tumulus
774 5529 865 5584 hic
890 5527 996 5584 erit
1021 5527 1402 5582 testimonium
1429 5527 1574 5582 inter
1593 5541 1681 5581 me
1706 5533 1762 5580 et
1806 5532 1857 5580 te
1873 5523 2058 5578 hodie.

482 5620 549 5674 Et
583 5621 802 5675 vocavit
826 5636 953 5675 cum
989 5621 1206 5682 Laban,
1237 5619 1508 5674 Tumulus
1537 5618 1871 5681 testimonii;
1897 5616 2064 5670 Jacob

481 5723 664 5769 autem
691 5727 818 5766 eum
841 5713 1075 5778 vocavit,
1101 5712 1368 5766 Tumulus
1389 5711 1544 5765 testis
1567 5711 1630 5765 ".
1669 5733 1686 5762 ι

2179 4609 2321 4663 Ἀλλ’
2374 4609 2474 4662 οὐκ
2517 4607 2655 4679 ᾔδει,
2691 4608 2875 4680 φησὶν,
2917 4607 3134 4671 Ἰακὼϐ,
3163 4609 3246 4662 ὄτι
3297 4604 3500 4677 Ῥαχὴλ
3540 4607 3572 4674 ἡ
3612 4604 3765 4676 γυνὴ

2166 4701 2332 4757 αὑτοῦ
2372 4701 2597 4773 ἔκλεψεν
2641 4701 2860 4764 αὐτούς.
2907 4702 3244 4774 Ἐρευνήσας
3289 4699 3347 4753 δὲ
3393 4698 3578 4752 Λάϐαν
3623 4698 3768 4761 τοὺς

2170 4795 2336 4860 ίδίους
2370 4795 2547 4859 θεοὺς,
2579 4795 2676 4866 οὐχ
2709 4793 2958 4866 εὑρίσκει
2987 4793 3137 4866 παρά
3180 4796 3245 4864 τῇ
3293 4792 3450 4861 Λεία,
3490 4789 3605 4843 ἀλλ’
3630 4789 3768 4844 οὐδὲ

2167 4892 2225 4943 ὲν
2263 4888 2339 4960 τῷ
2384 4890 2516 4961 οἴκῳ
2569 4886 2918 4958 θεραπαινῶν
2960 4886 3171 4949 Βάλλας
3217 4901 3277 4937 τε
3322 4884 3415 4937 καὶ
3457 4882 3696 4951 Ζελφᾶς.
3739 4900 3760 4932 ο

2181 4981 2400 5053 Ἐπειδὴ
2429 4982 2484 5035 δὲ
2529 4981 2934 5052 προσεδόκησεν
2978 4982 3010 5052 ἠ
3057 4978 3259 5050 Ῥαχὴλ
3291 4973 3767 5048 ἐρευνηθήσεσθαι

2172 5074 2321 5144 παρὰ
2357 5073 2450 5127 τοῦ
2481 5074 2708 5145 πατρὸς.
2740 5074 2840 5127 οὐκ
2868 5071 3130 5142 ἀκόμψως
3161 5069 3223 5124 τὸ
3267 5070 3420 5142 ῥῆμα
3450 5067 3770 5139 κατασοφίο

2167 5166 2336 5229 ζεται.
2377 5185 2394 5216 ι
2437 5165 2638 5218 Ἐλαϐε
2666 5164 2776 5235 γὰρ
2807 5165 2878 5218 τὰ
2921 5164 3136 5225 εἴδωλα,
3167 5161 3323 5233 φησὶ,
3374 5164 3468 5216 καὶ
3497 5161 3768 5216 ἐνέϐαλεν

2166 5258 2305 5312 αὐτά
2337 5259 2418 5321 είς
2443 5258 2510 5311 τὰ
2545 5258 2804 5328 σάγματα
2827 5258 2926 5326 τῆς
2967 5255 3240 5326 καμήλου,
3284 5256 3381 5309 καὶ
3421 5257 3766 5310 ἐπεκάθισεν

2164 5350 2367 5414 αὐτοῖς,
2400 5350 2496 5402 καὶ
2529 5344 2650 5402 εἷπε
2682 5348 2760 5419 τῷ
2795 5349 2960 5419 πατρὶ
2991 5349 3182 5420 αὐτῆς*
3209 5348 3303 5417 Μὴ
3336 5347 3546 5418 βαρέως
3590 5347 3760 5419 φέρε,

2165 5442 2344 5514 κύριε,
2377 5441 2437 5494 οὐ
2469 5440 2705 5512 δύναμαι
2748 5441 3048 5512 ἀναστῆναι
3081 5441 3312 5494 ἐνώπιόν
3354 5457 3470 5495 σου.
3511 5442 3594 5494 ὅτι
3625 5445 3763 5495 κατ’

2166 5532 2388 5602 ἐθισμὸν
2416 5533 2524 5586 τῶν
2550 5532 2826 5601 γυναικῶν
2859 5532 2949 5604 μοί
2971 5535 3109 5588 ἐστι.
3148 5531 3443 5604 Ἦρεύνησε
3467 5530 3524 5585 δὲ
3559 5531 3766 5587 Λάϐαν

2167 5625 2226 5677 ὲν
2263 5623 2370 5695 ὅλῳ
2405 5623 2484 5694 τῷ
2526 5625 2660 5694 οἴκῳ
2703 5624 2889 5689 αὐτοῦ,
2933 5624 3025 5679 καὶ
3068 5626 3164 5695 ούχ
3203 5618 3330 5696 εῦρε
3360 5623 3429 5678 τὰ
3473 5624 3688 5678 εἴδωλα.
3731 5643 3756 5679 ι

2182 5713 2552 5786 Ὶιπορηκότος
2577 5713 2756 5766 τοίνυν
2790 5715 2890 5787 ἥδη
2920 5734 3058 5781 πως,
3087 5716 3485 5788 ὀλοφυρομένου
3510 5733 3566 5770 τε
3608 5714 3764 5771 κατὰ

554 5827 599 5861 ιε
647 5826 781 5883 Gen.
812 5840 954 5895 xxxi,
1002 5825 1184 5881 17-25.
1269 5826 1308 5858 ἰε
1344 5803 1477 5881 ibid.
1516 5824 1702 5880 50-55.
1783 5824 1826 5856 δο
1876 5824 2061 5881 ibim

2165 5827 2240 5883 55.
2321 5827 2362 5860 ⁵¹
2425 5825 2560 5884 ibid.
2607 5825 2795 5882 45—48.
