  <div class='ocr_page' id='page_1' title='image "/cluster/home/n/w/nwhite01/storage/ocr_20150623/69/hvd.32044073501983/130.png"; bbox 0 0 4004 6204; ppageno 0'>
   <div class='ocr_carea' id='block_1_1' title="bbox 307 253 3562 322">
    <p class='ocr_par' dir='ltr' id='par_1_1' title="bbox 307 253 3562 322">
     <span class='ocr_line' id='line_1_1' title="bbox 307 253 3562 322; baseline 0.004 -12"><span class='ocrx_word' id='word_1_1' title='bbox 307 253 402 310; x_wconf 71' lang='grc' dir='ltr'>ιω</span> <span class='ocrx_word' id='word_1_2' title='bbox 1299 256 1828 316; x_wconf 77' lang='lat' dir='ltr'>GLAPHYRORUM</span> <span class='ocrx_word' id='word_1_3' title='bbox 1867 259 1935 314; x_wconf 86' lang='lat' dir='ltr'>IN</span> <span class='ocrx_word' id='word_1_4' title='bbox 1972 259 2273 315; x_wconf 77' lang='lat' dir='ltr'><strong>GENESIM</strong></span> <span class='ocrx_word' id='word_1_5' title='bbox 2312 258 2438 313; x_wconf 84' lang='lat' dir='ltr'><strong>LIB.</strong></span> <span class='ocrx_word' id='word_1_6' title='bbox 2481 259 2542 314; x_wconf 81' lang='lat' dir='ltr'>V.</span> <span class='ocrx_word' id='word_1_7' title='bbox 3453 263 3562 322; x_wconf 69' lang='grc'>950</span> 
     </span>
    </p>
   </div>
   <div class='ocr_carea' id='block_1_2' title="bbox 305 365 3558 445">
    <p class='ocr_par' dir='ltr' id='par_1_2' title="bbox 305 365 3558 445">
     <span class='ocr_line' id='line_1_2' title="bbox 305 365 3558 445; baseline 0.002 -23"><span class='ocrx_word' id='word_1_8' title='bbox 305 368 360 422; x_wconf 73' lang='grc' dir='ltr'>τὸ</span> <span class='ocrx_word' id='word_1_9' title='bbox 387 365 547 429; x_wconf 80' lang='grc' dir='ltr'>είκδς,</span> <span class='ocrx_word' id='word_1_10' title='bbox 573 365 686 418; x_wconf 88' lang='grc' dir='ltr'>τῶν</span> <span class='ocrx_word' id='word_1_11' title='bbox 728 366 878 421; x_wconf 75' lang='grc' dir='ltr'>ἰδίων</span> <span class='ocrx_word' id='word_1_12' title='bbox 928 367 1066 423; x_wconf 86' lang='grc' dir='ltr'>θεῶν</span> <span class='ocrx_word' id='word_1_13' title='bbox 1115 369 1214 442; x_wconf 80' lang='grc' dir='ltr'>τὴν</span> <span class='ocrx_word' id='word_1_14' title='bbox 1259 371 1560 440; x_wconf 82' lang='grc' dir='ltr'>ἀπώλειαν,</span> <span class='ocrx_word' id='word_1_15' title='bbox 1608 373 1874 445; x_wconf 80' lang='grc' dir='ltr'>ἐπῃτιᾶτο</span> <span class='ocrx_word' id='word_1_16' title='bbox 1911 374 2096 426; x_wconf 82' lang='grc' dir='ltr'>λοιπὸν</span> <span class='ocrx_word' id='word_1_17' title='bbox 2131 374 2360 438; x_wconf 82' lang='grc' dir='ltr'>εἰκότως</span> <span class='ocrx_word' id='word_1_18' title='bbox 2397 375 2426 426; x_wconf 93' lang='lat'>6</span> <span class='ocrx_word' id='word_1_19' title='bbox 2463 374 2733 444; x_wconf 84' lang='grc' dir='ltr'>μακάριος</span> <span class='ocrx_word' id='word_1_20' title='bbox 2781 371 2997 439; x_wconf 88' lang='grc' dir='ltr'>Ἰακὼϐ,</span> <span class='ocrx_word' id='word_1_21' title='bbox 3025 373 3100 436; x_wconf 85' lang='grc' dir='ltr'>ὼς</span> <span class='ocrx_word' id='word_1_22' title='bbox 3155 373 3278 444; x_wconf 71' lang='grc' dir='ltr'>είκῆ</span> <span class='ocrx_word' id='word_1_23' title='bbox 3341 374 3558 430; x_wconf 81' lang='grc' dir='ltr'>διώκειν</span> 
     </span>
    </p>
   </div>
   <div class='ocr_carea' id='block_1_3' title="bbox 304 459 3555 540">
    <p class='ocr_par' dir='ltr' id='par_1_3' title="bbox 304 459 3555 540">
     <span class='ocr_line' id='line_1_3' title="bbox 304 459 3555 540; baseline 0.003 -28"><span class='ocrx_word' id='word_1_24' title='bbox 304 459 451 512; x_wconf 77' lang='grc' dir='ltr'>αὑτὸν</span> <span class='ocrx_word' id='word_1_25' title='bbox 480 460 776 530; x_wconf 58' lang='grc' dir='ltr'>ᾑρημένον,</span> <span class='ocrx_word' id='word_1_26' title='bbox 806 463 902 515; x_wconf 77' lang='grc' dir='ltr'>καὶ</span> <span class='ocrx_word' id='word_1_27' title='bbox 949 464 1200 532; x_wconf 88' lang='grc' dir='ltr'>ἐγκαλεῖν</span> <span class='ocrx_word' id='word_1_28' title='bbox 1236 467 1336 519; x_wconf 81' lang='grc' dir='ltr'>οὐκ</span> <span class='ocrx_word' id='word_1_29' title='bbox 1365 467 1556 538; x_wconf 77' lang='grc' dir='ltr'>ἔχοντα</span> <span class='ocrx_word' id='word_1_30' title='bbox 1590 468 1872 532; x_wconf 82' lang='grc' dir='ltr'>παντελῶς</span> <span class='ocrx_word' id='word_1_31' title='bbox 1909 469 2085 522; x_wconf 78' lang='grc' dir='ltr'>οὐδέν.</span> <span class='ocrx_word' id='word_1_32' title='bbox 2106 465 2239 522; x_wconf 77' lang='grc' dir='ltr'>Εἶτα</span> <span class='ocrx_word' id='word_1_33' title='bbox 2266 471 2393 540; x_wconf 66' lang='grc' dir='ltr'>περὶ</span> <span class='ocrx_word' id='word_1_34' title='bbox 2455 468 2779 539; x_wconf 91' lang='grc' dir='ltr'>συμϐάσεως</span> <span class='ocrx_word' id='word_1_35' title='bbox 2835 469 3019 532; x_wconf 80' lang='grc' dir='ltr'>αὐτοῖς</span> <span class='ocrx_word' id='word_1_36' title='bbox 3043 468 3354 540; x_wconf 85' lang='grc' dir='ltr'>κεκίνηνται</span> <span class='ocrx_word' id='word_1_37' title='bbox 3386 470 3555 538; x_wconf 80' lang='grc' dir='ltr'><strong>λόγοι,</strong></span> 
     </span>
    </p>
   </div>
   <div class='ocr_carea' id='block_1_4' title="bbox 304 555 3554 636">
    <p class='ocr_par' dir='ltr' id='par_1_4' title="bbox 304 555 3554 636">
     <span class='ocr_line' id='line_1_4' title="bbox 304 555 3554 636; baseline 0.002 -26"><span class='ocrx_word' id='word_1_38' title='bbox 304 557 387 610; x_wconf 70' lang='lat' dir='ltr'><strong>ul.</strong></span> <span class='ocrx_word' id='word_1_39' title='bbox 429 555 644 620; x_wconf 75' lang='grc' dir='ltr'>σύνεσις</span> <span class='ocrx_word' id='word_1_40' title='bbox 690 559 820 630; x_wconf 78' lang='grc' dir='ltr'>παρ’</span> <span class='ocrx_word' id='word_1_41' title='bbox 864 560 1065 629; x_wconf 77' lang='grc' dir='ltr'>ἀμφοῖν</span> <span class='ocrx_word' id='word_1_42' title='bbox 1117 561 1196 626; x_wconf 74' lang='grc' dir='ltr'>εἰς</span> <span class='ocrx_word' id='word_1_43' title='bbox 1243 563 1467 635; x_wconf 81' lang='grc' dir='ltr'>είρήνην</span> <span class='ocrx_word' id='word_1_44' title='bbox 1516 563 1838 634; x_wconf 87' lang='grc' dir='ltr'>ἐπράττετο.</span> <span class='ocrx_word' id='word_1_45' title='bbox 1887 582 1906 616; x_wconf 83' lang='grc' dir='ltr'>ι</span> <span class='ocrx_word' id='word_1_46' title='bbox 1955 564 2298 635; x_wconf 70' lang='grc' dir='ltr'>Ἀποκριθεὶς</span> <span class='ocrx_word' id='word_1_47' title='bbox 2326 564 2435 636; x_wconf 85' lang='grc' dir='ltr'>γὰρ</span> <span class='ocrx_word' id='word_1_48' title='bbox 2469 567 2498 617; x_wconf 98' lang='lat'>6</span> <span class='ocrx_word' id='word_1_49' title='bbox 2535 564 2756 628; x_wconf 87' lang='grc' dir='ltr'>Λάϐαν,</span> <span class='ocrx_word' id='word_1_50' title='bbox 2809 565 3006 636; x_wconf 66' lang='grc' dir='ltr'>φησιν,</span> <span class='ocrx_word' id='word_1_51' title='bbox 3051 560 3169 618; x_wconf 78' lang='grc' dir='ltr'>εἷπε</span> <span class='ocrx_word' id='word_1_52' title='bbox 3202 564 3279 635; x_wconf 81' lang='grc' dir='ltr'>τῷ</span> <span class='ocrx_word' id='word_1_53' title='bbox 3329 565 3554 618; x_wconf 82' lang='grc' dir='ltr'>Ἰακώϐο</span> 
     </span>
    </p>
   </div>
   <div class='ocr_carea' id='block_1_5' title="bbox 303 645 3556 730">
    <p class='ocr_par' dir='ltr' id='par_1_5' title="bbox 303 645 3556 730">
     <span class='ocr_line' id='line_1_5' title="bbox 303 645 3556 730; baseline 0.004 -30"><span class='ocrx_word' id='word_1_54' title='bbox 303 646 361 700; x_wconf 81' lang='grc' dir='ltr'>Δί</span> <span class='ocrx_word' id='word_1_55' title='bbox 392 645 688 718; x_wconf 76' lang='grc' dir='ltr'>θυγατέρες</span> <span class='ocrx_word' id='word_1_56' title='bbox 728 667 822 704; x_wconf 91' lang='grc' dir='ltr'>σου</span> <span class='ocrx_word' id='word_1_57' title='bbox 860 650 1162 724; x_wconf 79' lang='grc' dir='ltr'>θυγατέρες</span> <span class='ocrx_word' id='word_1_58' title='bbox 1201 671 1330 726; x_wconf 91' lang='grc' dir='ltr'>μου,</span> <span class='ocrx_word' id='word_1_59' title='bbox 1360 656 1456 710; x_wconf 77' lang='grc' dir='ltr'>καὶ</span> <span class='ocrx_word' id='word_1_60' title='bbox 1495 657 1602 710; x_wconf 78' lang='grc' dir='ltr'>υἱοί</span> <span class='ocrx_word' id='word_1_61' title='bbox 1655 673 1771 719; x_wconf 90' lang='grc' dir='ltr'>σου,</span> <span class='ocrx_word' id='word_1_62' title='bbox 1806 656 1910 709; x_wconf 80' lang='grc' dir='ltr'>υἱοί</span> <span class='ocrx_word' id='word_1_63' title='bbox 1950 675 2074 728; x_wconf 90' lang='grc' dir='ltr'>μου,</span> <span class='ocrx_word' id='word_1_64' title='bbox 2109 658 2202 710; x_wconf 72' lang='grc' dir='ltr'>καὶ</span> <span class='ocrx_word' id='word_1_65' title='bbox 2259 657 2328 710; x_wconf 78' lang='grc' dir='ltr'>τὰ</span> <span class='ocrx_word' id='word_1_66' title='bbox 2355 660 2524 729; x_wconf 82' lang='grc' dir='ltr'>κτήνη</span> <span class='ocrx_word' id='word_1_67' title='bbox 2561 676 2652 711; x_wconf 84' lang='grc' dir='ltr'>σου</span> <span class='ocrx_word' id='word_1_68' title='bbox 2681 660 2852 728; x_wconf 80' lang='grc' dir='ltr'>κτήνη</span> <span class='ocrx_word' id='word_1_69' title='bbox 2879 676 3003 730; x_wconf 87' lang='grc' dir='ltr'>μου,</span> <span class='ocrx_word' id='word_1_70' title='bbox 3038 659 3130 711; x_wconf 77' lang='grc' dir='ltr'>καὶ</span> <span class='ocrx_word' id='word_1_71' title='bbox 3155 659 3330 712; x_wconf 88' lang='grc' dir='ltr'>πάντα</span> <span class='ocrx_word' id='word_1_72' title='bbox 3356 658 3457 710; x_wconf 85' lang='grc' dir='ltr'>ὃσα</span> <span class='ocrx_word' id='word_1_73' title='bbox 3491 660 3556 712; x_wconf 78' lang='grc' dir='ltr'>σὺ</span> 
     </span>
    </p>
   </div>
   <div class='ocr_carea' id='block_1_6' title="bbox 304 738 3552 821">
    <p class='ocr_par' dir='ltr' id='par_1_6' title="bbox 304 738 3552 821">
     <span class='ocr_line' id='line_1_6' title="bbox 304 738 3552 821; baseline 0.003 -31"><span class='ocrx_word' id='word_1_74' title='bbox 304 738 438 809; x_wconf 77' lang='grc' dir='ltr'>ὁρᾷς,</span> <span class='ocrx_word' id='word_1_75' title='bbox 473 741 587 809; x_wconf 86' lang='grc' dir='ltr'>ὲμά</span> <span class='ocrx_word' id='word_1_76' title='bbox 621 743 757 808; x_wconf 85' lang='grc' dir='ltr'>ἐστι,</span> <span class='ocrx_word' id='word_1_77' title='bbox 784 743 1012 798; x_wconf 76' lang='grc' dir='ltr'>καὶτῶν</span> <span class='ocrx_word' id='word_1_78' title='bbox 1054 745 1368 819; x_wconf 82' lang='grc' dir='ltr'>θυγατέρων</span> <span class='ocrx_word' id='word_1_79' title='bbox 1404 765 1530 818; x_wconf 92' lang='grc' dir='ltr'>μου.</span> <span class='ocrx_word' id='word_1_80' title='bbox 1601 749 1666 801; x_wconf 84' lang='grc' dir='ltr'>Τί</span> <span class='ocrx_word' id='word_1_81' title='bbox 1724 749 1940 820; x_wconf 80' lang='grc' dir='ltr'>ποιήσω</span> <span class='ocrx_word' id='word_1_82' title='bbox 1978 749 2204 813; x_wconf 83' lang='grc' dir='ltr'>ταύταις</span> <span class='ocrx_word' id='word_1_83' title='bbox 2241 751 2500 821; x_wconf 77' lang='grc' dir='ltr'>σήμερον,</span> <span class='ocrx_word' id='word_1_84' title='bbox 2527 751 2622 804; x_wconf 76' lang='grc' dir='ltr'>καὶ</span> <span class='ocrx_word' id='word_1_85' title='bbox 2653 753 2764 814; x_wconf 90' lang='grc' dir='ltr'>τοῖς</span> <span class='ocrx_word' id='word_1_86' title='bbox 2786 751 2994 814; x_wconf 80' lang='grc' dir='ltr'>τέκνοις</span> <span class='ocrx_word' id='word_1_87' title='bbox 3027 750 3206 803; x_wconf 79' lang='grc' dir='ltr'>αὐτῶν</span> <span class='ocrx_word' id='word_1_88' title='bbox 3227 745 3307 812; x_wconf 73' lang='grc' dir='ltr'>οἷς</span> <span class='ocrx_word' id='word_1_89' title='bbox 3335 749 3552 814; x_wconf 75' lang='grc' dir='ltr'>ἔτεκονς</span> 
     </span>
    </p>
   </div>
   <div class='ocr_carea' id='block_1_7' title="bbox 305 824 3556 914">
    <p class='ocr_par' dir='ltr' id='par_1_7' title="bbox 305 824 3556 914">
     <span class='ocr_line' id='line_1_7' title="bbox 305 824 3556 914; baseline 0.004 -34"><span class='ocrx_word' id='word_1_90' title='bbox 305 828 404 914; x_wconf 68' lang='grc' dir='ltr'>Νῦν</span> <span class='ocrx_word' id='word_1_91' title='bbox 427 824 520 881; x_wconf 75' lang='grc' dir='ltr'>οὖν</span> <span class='ocrx_word' id='word_1_92' title='bbox 551 829 732 900; x_wconf 86' lang='grc' dir='ltr'>δεῦρο,</span> <span class='ocrx_word' id='word_1_93' title='bbox 763 831 1076 903; x_wconf 76' lang='grc' dir='ltr'>διαθώμεθα</span> <span class='ocrx_word' id='word_1_94' title='bbox 1104 835 1370 907; x_wconf 78' lang='grc' dir='ltr'>διαθήκην</span> <span class='ocrx_word' id='word_1_95' title='bbox 1398 836 1510 906; x_wconf 85' lang='grc' dir='ltr'>ἐγὼ</span> <span class='ocrx_word' id='word_1_96' title='bbox 1540 837 1634 891; x_wconf 80' lang='grc' dir='ltr'>καὶ</span> <span class='ocrx_word' id='word_1_97' title='bbox 1667 838 1754 900; x_wconf 78' lang='grc' dir='ltr'>σὺ,</span> <span class='ocrx_word' id='word_1_98' title='bbox 1778 840 1873 891; x_wconf 70' lang='grc' dir='ltr'>καὶ</span> <span class='ocrx_word' id='word_1_99' title='bbox 1910 839 2064 893; x_wconf 79' lang='grc' dir='ltr'>ἔσται</span> <span class='ocrx_word' id='word_1_100' title='bbox 2098 841 2179 902; x_wconf 88' lang='grc' dir='ltr'>εἰς</span> <span class='ocrx_word' id='word_1_101' title='bbox 2248 841 2554 912; x_wconf 75' lang='grc' dir='ltr'>μαρτυρίαν</span> <span class='ocrx_word' id='word_1_102' title='bbox 2587 841 2690 894; x_wconf 77' lang='grc' dir='ltr'>ἀνα</span> <span class='ocrx_word' id='word_1_103' title='bbox 2727 841 2888 911; x_wconf 82' lang='grc' dir='ltr'>μέσον</span> <span class='ocrx_word' id='word_1_104' title='bbox 2957 840 3093 912; x_wconf 86' lang='grc' dir='ltr'>ἐμοῦ</span> <span class='ocrx_word' id='word_1_105' title='bbox 3130 842 3222 893; x_wconf 75' lang='grc' dir='ltr'>καὶ</span> <span class='ocrx_word' id='word_1_106' title='bbox 3253 839 3369 893; x_wconf 91' lang='grc' dir='ltr'>σοῦ.</span> <span class='ocrx_word' id='word_1_107' title='bbox 3418 835 3556 893; x_wconf 75' lang='grc' dir='ltr'>Εἷπε</span> 
     </span>
    </p>
   </div>
   <div class='ocr_carea' id='block_1_8' title="bbox 302 921 3582 1002">
    <p class='ocr_par' dir='ltr' id='par_1_8' title="bbox 302 921 3582 1002">
     <span class='ocr_line' id='line_1_8' title="bbox 302 921 3582 1002; baseline 0.002 -28"><span class='ocrx_word' id='word_1_108' title='bbox 302 922 349 974; x_wconf 79' lang='grc' dir='ltr'>δὲ</span> <span class='ocrx_word' id='word_1_109' title='bbox 371 921 549 992; x_wconf 78' lang='grc' dir='ltr'>αὐτῷ’</span> <span class='ocrx_word' id='word_1_110' title='bbox 591 923 722 976; x_wconf 84' lang='grc' dir='ltr'>Ἰδοὺ</span> <span class='ocrx_word' id='word_1_111' title='bbox 797 925 972 990; x_wconf 68' lang='grc' dir='ltr'>οὐδεὶς</span> <span class='ocrx_word' id='word_1_112' title='bbox 1012 927 1130 997; x_wconf 85' lang='grc' dir='ltr'>μεθ’</span> <span class='ocrx_word' id='word_1_113' title='bbox 1160 928 1316 999; x_wconf 83' lang='grc' dir='ltr'>ἡμῶν</span> <span class='ocrx_word' id='word_1_114' title='bbox 1358 930 1528 994; x_wconf 88' lang='grc' dir='ltr'>ἐστιν,</span> <span class='ocrx_word' id='word_1_115' title='bbox 1576 930 1652 983; x_wconf 82' lang='grc' dir='ltr'>ἰδὲ</span> <span class='ocrx_word' id='word_1_116' title='bbox 1692 933 1720 983; x_wconf 89' lang='lat'>6</span> <span class='ocrx_word' id='word_1_117' title='bbox 1768 931 1902 994; x_wconf 79' lang='grc' dir='ltr'>Θεὸς</span> <span class='ocrx_word' id='word_1_118' title='bbox 1943 932 2156 1002; x_wconf 84' lang='grc' dir='ltr'>μάρτυς</span> <span class='ocrx_word' id='word_1_119' title='bbox 2193 933 2296 986; x_wconf 77' lang='grc' dir='ltr'>ἀνὰ</span> <span class='ocrx_word' id='word_1_120' title='bbox 2344 933 2508 1002; x_wconf 84' lang='grc' dir='ltr'>μέσον</span> <span class='ocrx_word' id='word_1_121' title='bbox 2551 932 2686 1002; x_wconf 90' lang='grc' dir='ltr'>ἐμοῦ</span> <span class='ocrx_word' id='word_1_122' title='bbox 2721 933 2814 985; x_wconf 69' lang='grc' dir='ltr'>καὶ</span> <span class='ocrx_word' id='word_1_123' title='bbox 2847 931 2962 986; x_wconf 92' lang='grc' dir='ltr'>σοῦ.</span> <span class='ocrx_word' id='word_1_124' title='bbox 2999 930 3194 986; x_wconf 88' lang='grc' dir='ltr'>Λαϐὼν</span> <span class='ocrx_word' id='word_1_125' title='bbox 3259 931 3315 984; x_wconf 83' lang='grc' dir='ltr'>δὲ</span> <span class='ocrx_word' id='word_1_126' title='bbox 3359 929 3582 982; x_wconf 88' lang='grc' dir='ltr'>Ἰακὼϐ-</span> 
     </span>
    </p>
   </div>
   <div class='ocr_carea' id='block_1_9' title="bbox 302 1011 3555 1094">
    <p class='ocr_par' dir='ltr' id='par_1_9' title="bbox 302 1011 3555 1094">
     <span class='ocr_line' id='line_1_9' title="bbox 302 1011 3555 1094; baseline 0.004 -31"><span class='ocrx_word' id='word_1_127' title='bbox 302 1011 450 1077; x_wconf 85' lang='grc' dir='ltr'>λίθον,</span> <span class='ocrx_word' id='word_1_128' title='bbox 484 1013 713 1084; x_wconf 75' lang='grc' dir='ltr'>ἔστησεν</span> <span class='ocrx_word' id='word_1_129' title='bbox 763 1015 927 1070; x_wconf 75' lang='grc' dir='ltr'>αὑτὸν</span> <span class='ocrx_word' id='word_1_130' title='bbox 967 1019 1190 1090; x_wconf 77' lang='grc' dir='ltr'>στήλην.</span> <span class='ocrx_word' id='word_1_131' title='bbox 1240 1017 1377 1074; x_wconf 79' lang='grc' dir='ltr'>Εῖπι</span> <span class='ocrx_word' id='word_1_132' title='bbox 1453 1022 1510 1074; x_wconf 88' lang='grc' dir='ltr'>δέ</span> <span class='ocrx_word' id='word_1_133' title='bbox 1555 1021 1750 1076; x_wconf 89' lang='grc' dir='ltr'>Ἰακὼϐ</span> <span class='ocrx_word' id='word_1_134' title='bbox 1790 1027 1905 1088; x_wconf 88' lang='grc' dir='ltr'>τοῖς</span> <span class='ocrx_word' id='word_1_135' title='bbox 1981 1024 2232 1093; x_wconf 72' lang='grc' dir='ltr'>ἀδελφοῖς</span> <span class='ocrx_word' id='word_1_136' title='bbox 2279 1025 2442 1078; x_wconf 81' lang='grc' dir='ltr'>αὑτοῦ</span> <span class='ocrx_word' id='word_1_137' title='bbox 2473 1025 2808 1094; x_wconf 81' lang='grc' dir='ltr'>’Συλλέγετε</span> <span class='ocrx_word' id='word_1_138' title='bbox 2859 1024 3059 1088; x_wconf 80' lang='grc' dir='ltr'>λίθους.</span> <span class='ocrx_word' id='word_1_139' title='bbox 3111 1024 3218 1078; x_wconf 70' lang='grc' dir='ltr'>Καὶ</span> <span class='ocrx_word' id='word_1_140' title='bbox 3269 1023 3555 1088; x_wconf 83' lang='grc' dir='ltr'>συνέλεξαν</span> 
     </span>
    </p>
   </div>
   <div class='ocr_carea' id='block_1_10' title="bbox 299 1104 3553 1188">
    <p class='ocr_par' dir='ltr' id='par_1_10' title="bbox 299 1104 3553 1188">
     <span class='ocr_line' id='line_1_10' title="bbox 299 1104 3553 1188; baseline 0.002 -30"><span class='ocrx_word' id='word_1_141' title='bbox 299 1104 482 1169; x_wconf 83' lang='grc' dir='ltr'>λίθους,</span> <span class='ocrx_word' id='word_1_142' title='bbox 522 1108 617 1160; x_wconf 73' lang='grc' dir='ltr'>καὶ</span> <span class='ocrx_word' id='word_1_143' title='bbox 651 1109 916 1179; x_wconf 85' lang='grc' dir='ltr'>ἐποίησαν</span> <span class='ocrx_word' id='word_1_144' title='bbox 961 1110 1166 1180; x_wconf 80' lang='grc' dir='ltr'>βουνὸν,</span> <span class='ocrx_word' id='word_1_145' title='bbox 1215 1115 1307 1166; x_wconf 72' lang='grc' dir='ltr'>καὶ</span> <span class='ocrx_word' id='word_1_146' title='bbox 1350 1113 1553 1183; x_wconf 78' lang='grc' dir='ltr'>ἔφαγον</span> <span class='ocrx_word' id='word_1_147' title='bbox 1601 1116 1722 1169; x_wconf 85' lang='grc' dir='ltr'>ἐκεῖ</span> <span class='ocrx_word' id='word_1_148' title='bbox 1767 1116 1859 1169; x_wconf 79' lang='grc' dir='ltr'>ἐπὶ</span> <span class='ocrx_word' id='word_1_149' title='bbox 1896 1116 1990 1170; x_wconf 88' lang='grc' dir='ltr'>τοῦ</span> <span class='ocrx_word' id='word_1_150' title='bbox 2021 1117 2234 1188; x_wconf 82' lang='grc' dir='ltr'>βουνοῦ.</span> <span class='ocrx_word' id='word_1_151' title='bbox 2276 1117 2383 1170; x_wconf 77' lang='grc' dir='ltr'>Καὶ</span> <span class='ocrx_word' id='word_1_152' title='bbox 2415 1113 2568 1170; x_wconf 78' lang='grc' dir='ltr'>εἶπεν</span> <span class='ocrx_word' id='word_1_153' title='bbox 2607 1117 2754 1188; x_wconf 81' lang='grc' dir='ltr'>αὐτῷ</span> <span class='ocrx_word' id='word_1_154' title='bbox 2792 1117 2979 1171; x_wconf 87' lang='grc' dir='ltr'>Λάϐαν</span> <span class='ocrx_word' id='word_1_155' title='bbox 3010 1133 3022 1145; x_wconf 82' lang='lat'><strong><em>°</em></strong></span> <span class='ocrx_word' id='word_1_156' title='bbox 3068 1117 3127 1169; x_wconf 87' lang='lat'>&#39;0</span> <span class='ocrx_word' id='word_1_157' title='bbox 3173 1115 3358 1186; x_wconf 78' lang='grc' dir='ltr'>βουνὸς</span> <span class='ocrx_word' id='word_1_158' title='bbox 3400 1110 3553 1176; x_wconf 71' lang='grc' dir='ltr'>οὗτος</span> 
     </span>
    </p>
   </div>
   <div class='ocr_carea' id='block_1_11' title="bbox 303 1203 3550 1284">
    <p class='ocr_par' dir='ltr' id='par_1_11' title="bbox 303 1203 3550 1284">
     <span class='ocr_line' id='line_1_11' title="bbox 303 1203 3550 1284; baseline 0.003 -31"><span class='ocrx_word' id='word_1_159' title='bbox 303 1205 558 1271; x_wconf 86' lang='grc' dir='ltr'>μαρτυρεῖ</span> <span class='ocrx_word' id='word_1_160' title='bbox 583 1203 686 1254; x_wconf 81' lang='grc' dir='ltr'>ἀνὰ</span> <span class='ocrx_word' id='word_1_161' title='bbox 710 1203 877 1268; x_wconf 87' lang='grc' dir='ltr'>μέσον</span> <span class='ocrx_word' id='word_1_162' title='bbox 904 1204 1037 1276; x_wconf 82' lang='grc' dir='ltr'>ἐμοῦ</span> <span class='ocrx_word' id='word_1_163' title='bbox 1101 1206 1196 1260; x_wconf 80' lang='grc' dir='ltr'>καὶ</span> <span class='ocrx_word' id='word_1_164' title='bbox 1261 1208 1356 1262; x_wconf 89' lang='grc' dir='ltr'>σοῦ</span> <span class='ocrx_word' id='word_1_165' title='bbox 1393 1210 1656 1282; x_wconf 80' lang='grc' dir='ltr'>σήμερον.</span> <span class='ocrx_word' id='word_1_166' title='bbox 1687 1210 1799 1265; x_wconf 79' lang='grc' dir='ltr'>Καὶ</span> <span class='ocrx_word' id='word_1_167' title='bbox 1842 1212 2103 1266; x_wconf 79' lang='grc' dir='ltr'>ἐκάλεσεν</span> <span class='ocrx_word' id='word_1_168' title='bbox 2146 1213 2308 1267; x_wconf 82' lang='grc' dir='ltr'>αὑτὸν</span> <span class='ocrx_word' id='word_1_169' title='bbox 2372 1213 2577 1282; x_wconf 84' lang='grc' dir='ltr'>Λάϐαν,</span> <span class='ocrx_word' id='word_1_170' title='bbox 2615 1213 2813 1276; x_wconf 83' lang='grc' dir='ltr'>Βουνὸς</span> <span class='ocrx_word' id='word_1_171' title='bbox 2862 1213 3191 1284; x_wconf 78' lang='grc' dir='ltr'>μαρτυρίας.</span> <span class='ocrx_word' id='word_1_172' title='bbox 3253 1209 3450 1264; x_wconf 88' lang='grc' dir='ltr'>Ἰακὼϐ</span> <span class='ocrx_word' id='word_1_173' title='bbox 3496 1209 3550 1262; x_wconf 75' lang='grc' dir='ltr'>δὲ</span> 
     </span>
    </p>
   </div>
   <div class='ocr_carea' id='block_1_12' title="bbox 301 1292 1267 1369">
    <p class='ocr_par' dir='ltr' id='par_1_12' title="bbox 301 1292 1267 1369">
     <span class='ocr_line' id='line_1_12' title="bbox 301 1292 1267 1369; baseline 0.009 -25"><span class='ocrx_word' id='word_1_174' title='bbox 301 1292 544 1345; x_wconf 76' lang='grc' dir='ltr'>ἐκάλεσεν</span> <span class='ocrx_word' id='word_1_175' title='bbox 578 1295 759 1359; x_wconf 82' lang='grc' dir='ltr'>αὑτὸν,</span> <span class='ocrx_word' id='word_1_176' title='bbox 797 1295 997 1358; x_wconf 82' lang='grc' dir='ltr'>Βουνδς</span> <span class='ocrx_word' id='word_1_177' title='bbox 1034 1297 1267 1369; x_wconf 84' lang='grc' dir='ltr'>μάρτυς.</span> 
     </span>
    </p>
   </div>
   <div class='ocr_carea' id='block_1_13' title="bbox 358 1408 1856 1482">
    <p class='ocr_par' dir='ltr' id='par_1_13' title="bbox 358 1408 1856 1482">
     <span class='ocr_line' id='line_1_13' title="bbox 358 1408 1856 1482; baseline 0.007 -20"><span class='ocrx_word' id='word_1_178' title='bbox 358 1417 414 1463; x_wconf 77' lang='grc' dir='ltr'>ε’.</span> <span class='ocrx_word' id='word_1_179' title='bbox 457 1411 856 1482; x_wconf 85' lang='grc' dir='ltr'>Ἐπιτροχάδην</span> <span class='ocrx_word' id='word_1_180' title='bbox 894 1413 994 1482; x_wconf 82' lang='grc' dir='ltr'>μὲν</span> <span class='ocrx_word' id='word_1_181' title='bbox 1021 1408 1114 1467; x_wconf 86' lang='grc' dir='ltr'>οῦν</span> <span class='ocrx_word' id='word_1_182' title='bbox 1149 1415 1207 1468; x_wconf 87' lang='grc' dir='ltr'>ἐν</span> <span class='ocrx_word' id='word_1_183' title='bbox 1228 1417 1439 1482; x_wconf 79' lang='grc' dir='ltr'>τούτοις</span> <span class='ocrx_word' id='word_1_184' title='bbox 1473 1418 1569 1473; x_wconf 79' lang='grc' dir='ltr'>καὶ</span> <span class='ocrx_word' id='word_1_185' title='bbox 1609 1418 1856 1474; x_wconf 62' lang='grc' dir='ltr'>κολοϐοῦι</span> 
     </span>
    </p>
   </div>
   <div class='ocr_carea' id='block_1_14' title="bbox 1959 1408 3550 1482">
    <p class='ocr_par' dir='ltr' id='par_1_14' title="bbox 2041 1411 3550 1482">
     <span class='ocr_line' id='line_1_14' title="bbox 2041 1411 3550 1482; baseline 0.003 -13"><span class='ocrx_word' id='word_1_186' title='bbox 2041 1415 2094 1469; x_wconf 83' lang='lat'><strong>5.</strong></span> <span class='ocrx_word' id='word_1_187' title='bbox 2147 1411 2397 1467; x_wconf 74' lang='lat' dir='ltr'>Breviter</span> <span class='ocrx_word' id='word_1_188' title='bbox 2429 1412 2596 1482; x_wconf 79' lang='lat' dir='ltr'><strong>igitur</strong></span> <span class='ocrx_word' id='word_1_189' title='bbox 2635 1412 2690 1466; x_wconf 90' lang='lat' dir='ltr'>in</span> <span class='ocrx_word' id='word_1_190' title='bbox 2732 1413 2820 1467; x_wconf 90' lang='lat' dir='ltr'>his</span> <span class='ocrx_word' id='word_1_191' title='bbox 2846 1414 2920 1479; x_wconf 61' lang='lat' dir='ltr'><strong>fet</strong></span> <span class='ocrx_word' id='word_1_192' title='bbox 2948 1414 3227 1470; x_wconf 92' lang='lat' dir='ltr'><strong>succincte</strong></span> <span class='ocrx_word' id='word_1_193' title='bbox 3260 1416 3550 1481; x_wconf 77' lang='lat' dir='ltr'>historiam</span> 
     </span>
    </p>
   </div>
   <div class='ocr_carea' id='block_1_15' title="bbox 298 1501 1856 1581">
    <p class='ocr_par' dir='ltr' id='par_1_15' title="bbox 298 1501 1856 1581">
     <span class='ocr_line' id='line_1_15' title="bbox 298 1501 1856 1581; baseline 0.007 -28"><span class='ocrx_word' id='word_1_194' title='bbox 298 1501 364 1565; x_wconf 82' lang='grc' dir='ltr'>ὡς</span> <span class='ocrx_word' id='word_1_195' title='bbox 389 1501 463 1554; x_wconf 79' lang='grc' dir='ltr'>ἐνι</span> <span class='ocrx_word' id='word_1_196' title='bbox 494 1502 889 1568; x_wconf 79' lang='grc' dir='ltr'>σπουδάζοντες</span> <span class='ocrx_word' id='word_1_197' title='bbox 918 1503 986 1558; x_wconf 81' lang='grc' dir='ltr'>τά</span> <span class='ocrx_word' id='word_1_198' title='bbox 1002 1505 1101 1576; x_wconf 79' lang='grc' dir='ltr'>τῆς</span> <span class='ocrx_word' id='word_1_199' title='bbox 1134 1507 1373 1579; x_wconf 77' lang='grc' dir='ltr'>ἱστορίας</span> <span class='ocrx_word' id='word_1_200' title='bbox 1401 1510 1756 1581; x_wconf 84' lang='grc' dir='ltr'>ἀφηγήμεθα.</span> <span class='ocrx_word' id='word_1_201' title='bbox 1783 1509 1856 1564; x_wconf 88' lang='grc' dir='ltr'><em>Τὰ</em></span> 
     </span>
    </p>
   </div>
   <div class='ocr_carea' id='block_1_16' title="bbox 1959 1501 3549 1581">
    <p class='ocr_par' dir='ltr' id='par_1_16' title="bbox 1965 1505 3549 1565">
     <span class='ocr_line' id='line_1_16' title="bbox 1965 1505 3549 1565; baseline 0.003 -4"><span class='ocrx_word' id='word_1_202' title='bbox 1965 1507 2371 1562; x_wconf 86' lang='lat' dir='ltr'><strong>enarravimus.</strong></span> <span class='ocrx_word' id='word_1_203' title='bbox 2400 1505 2783 1560; x_wconf 82' lang='lat' dir='ltr'>Necessarium</span> <span class='ocrx_word' id='word_1_204' title='bbox 2816 1521 2947 1560; x_wconf 89' lang='lat' dir='ltr'><strong>vero</strong></span> <span class='ocrx_word' id='word_1_205' title='bbox 2984 1515 3068 1561; x_wconf 91' lang='lat' dir='ltr'>est</span> <span class='ocrx_word' id='word_1_206' title='bbox 3093 1507 3414 1564; x_wconf 86' lang='lat' dir='ltr'><strong>interiorem</strong></span> <span class='ocrx_word' id='word_1_207' title='bbox 3452 1527 3549 1565; x_wconf 90' lang='lat' dir='ltr'><strong>eo-</strong></span> 
     </span>
    </p>
   </div>
   <div class='ocr_carea' id='block_1_17' title="bbox 296 1593 1856 1671">
    <p class='ocr_par' dir='ltr' id='par_1_17' title="bbox 296 1593 1856 1671">
     <span class='ocr_line' id='line_1_17' title="bbox 296 1593 1856 1671; baseline 0.006 -23"><span class='ocrx_word' id='word_1_208' title='bbox 296 1593 347 1648; x_wconf 85' lang='grc' dir='ltr'>δὲ</span> <span class='ocrx_word' id='word_1_209' title='bbox 372 1595 445 1657; x_wconf 78' lang='grc' dir='ltr'>είς</span> <span class='ocrx_word' id='word_1_210' title='bbox 469 1593 598 1646; x_wconf 89' lang='grc' dir='ltr'>νοῦν</span> <span class='ocrx_word' id='word_1_211' title='bbox 624 1594 725 1666; x_wconf 65' lang='grc' dir='ltr'>ἤδη</span> <span class='ocrx_word' id='word_1_212' title='bbox 765 1594 859 1648; x_wconf 76' lang='grc' dir='ltr'>τὸν</span> <span class='ocrx_word' id='word_1_213' title='bbox 897 1596 1157 1651; x_wconf 77' lang='grc' dir='ltr'>ἐσωτάτω</span> <span class='ocrx_word' id='word_1_214' title='bbox 1184 1599 1506 1671; x_wconf 89' lang='grc' dir='ltr'>διατρανοῦν</span> <span class='ocrx_word' id='word_1_215' title='bbox 1539 1603 1856 1671; x_wconf 86' lang='grc' dir='ltr'>ἀναγκαῖον.</span> 
     </span>
    </p>
   </div>
   <div class='ocr_carea' id='block_1_18' title="bbox 1959 1593 3549 1671">
    <p class='ocr_par' dir='ltr' id='par_1_18' title="bbox 1965 1595 3549 1666">
     <span class='ocr_line' id='line_1_18' title="bbox 1965 1595 3549 1666; baseline 0.001 -14"><span class='ocrx_word' id='word_1_216' title='bbox 1965 1613 2092 1653; x_wconf 92' lang='lat' dir='ltr'>rum</span> <span class='ocrx_word' id='word_1_217' title='bbox 2121 1612 2346 1651; x_wconf 86' lang='lat' dir='ltr'><strong>sensum</strong></span> <span class='ocrx_word' id='word_1_218' title='bbox 2389 1597 2686 1666; x_wconf 78' lang='lat' dir='ltr'><strong>explicare.</strong></span> <span class='ocrx_word' id='word_1_219' title='bbox 2715 1595 2872 1663; x_wconf 85' lang='lat' dir='ltr'>Quod</span> <span class='ocrx_word' id='word_1_220' title='bbox 2903 1596 3086 1666; x_wconf 80' lang='lat' dir='ltr'><strong>itaque</strong></span> <span class='ocrx_word' id='word_1_221' title='bbox 3114 1599 3358 1654; x_wconf 79' lang='lat' dir='ltr'><strong>ofl‘ensus</strong></span> <span class='ocrx_word' id='word_1_222' title='bbox 3380 1601 3549 1656; x_wconf 86' lang='lat' dir='ltr'><strong>fuerit</strong></span> 
     </span>
    </p>
   </div>
   <div class='ocr_carea' id='block_1_19' title="bbox 297 1685 1856 1766">
    <p class='ocr_par' dir='ltr' id='par_1_19' title="bbox 297 1685 1856 1766">
     <span class='ocr_line' id='line_1_19' title="bbox 297 1685 1856 1766; baseline 0.007 -28"><span class='ocrx_word' id='word_1_223' title='bbox 297 1687 406 1739; x_wconf 83' lang='grc' dir='ltr'>Ὅτι</span> <span class='ocrx_word' id='word_1_224' title='bbox 434 1685 615 1739; x_wconf 81' lang='grc' dir='ltr'>τοίνυν</span> <span class='ocrx_word' id='word_1_225' title='bbox 639 1687 970 1757; x_wconf 83' lang='grc' dir='ltr'>ἐπεμάνισεν</span> <span class='ocrx_word' id='word_1_226' title='bbox 998 1690 1027 1742; x_wconf 95' lang='lat'>6</span> <span class='ocrx_word' id='word_1_227' title='bbox 1057 1690 1267 1760; x_wconf 87' lang='grc' dir='ltr'>κόσμος</span> <span class='ocrx_word' id='word_1_228' title='bbox 1294 1691 1615 1748; x_wconf 85' lang='grc' dir='ltr'>πλουτοῦντι</span> <span class='ocrx_word' id='word_1_229' title='bbox 1640 1694 1856 1766; x_wconf 83' lang='grc' dir='ltr'>Χριστῷ</span> 
     </span>
    </p>
   </div>
   <div class='ocr_carea' id='block_1_20' title="bbox 1959 1685 3549 1766">
    <p class='ocr_par' dir='ltr' id='par_1_20' title="bbox 1965 1687 3549 1760">
     <span class='ocr_line' id='line_1_20' title="bbox 1965 1687 3549 1760; baseline 0.006 -20"><span class='ocrx_word' id='word_1_230' title='bbox 1965 1689 2205 1742; x_wconf 89' lang='lat' dir='ltr'><strong>mundus</strong></span> <span class='ocrx_word' id='word_1_231' title='bbox 2245 1687 2488 1752; x_wconf 86' lang='lat' dir='ltr'><strong>Christo,</strong></span> <span class='ocrx_word' id='word_1_232' title='bbox 2529 1687 2876 1742; x_wconf 87' lang='lat' dir='ltr'><strong>credentium</strong></span> <span class='ocrx_word' id='word_1_233' title='bbox 2907 1705 3069 1760; x_wconf 82' lang='lat' dir='ltr'><strong>grege</strong></span> <span class='ocrx_word' id='word_1_234' title='bbox 3097 1690 3292 1754; x_wconf 91' lang='lat' dir='ltr'><strong>ditato,</strong></span> <span class='ocrx_word' id='word_1_235' title='bbox 3319 1701 3374 1746; x_wconf 91' lang='lat' dir='ltr'>et</span> <span class='ocrx_word' id='word_1_236' title='bbox 3397 1694 3549 1750; x_wconf 84' lang='lat' dir='ltr'><strong>rabie</strong></span> 
     </span>
    </p>
   </div>
   <div class='ocr_carea' id='block_1_21' title="bbox 296 1777 1856 1857">
    <p class='ocr_par' dir='ltr' id='par_1_21' title="bbox 296 1777 1856 1857">
     <span class='ocr_line' id='line_1_21' title="bbox 296 1777 1856 1857; baseline 0.004 -25"><span class='ocrx_word' id='word_1_237' title='bbox 296 1779 380 1841; x_wconf 67' lang='grc' dir='ltr'>τὰς</span> <span class='ocrx_word' id='word_1_238' title='bbox 405 1777 515 1831; x_wconf 84' lang='grc' dir='ltr'>τῶν</span> <span class='ocrx_word' id='word_1_239' title='bbox 544 1779 910 1833; x_wconf 85' lang='grc' dir='ltr'>πιστευόντων</span> <span class='ocrx_word' id='word_1_240' title='bbox 934 1781 1157 1850; x_wconf 82' lang='grc' dir='ltr'>ἀγέλας,</span> <span class='ocrx_word' id='word_1_241' title='bbox 1191 1785 1286 1837; x_wconf 79' lang='grc' dir='ltr'>καὶ</span> <span class='ocrx_word' id='word_1_242' title='bbox 1319 1785 1655 1857; x_wconf 77' lang='grc' dir='ltr'>ἐπιθρώσκει</span> <span class='ocrx_word' id='word_1_243' title='bbox 1685 1786 1856 1839; x_wconf 89' lang='grc' dir='ltr'>λελυτ-</span> 
     </span>
    </p>
   </div>
   <div class='ocr_carea' id='block_1_22' title="bbox 1959 1777 3519 1857">
    <p class='ocr_par' dir='ltr' id='par_1_22' title="bbox 1965 1780 3519 1854">
     <span class='ocr_line' id='line_1_22' title="bbox 1965 1780 3519 1854; baseline 0.003 -21"><span class='ocrx_word' id='word_1_244' title='bbox 1965 1780 2199 1850; x_wconf 89' lang='lat' dir='ltr'><strong>quadam</strong></span> <span class='ocrx_word' id='word_1_245' title='bbox 2226 1780 2468 1850; x_wconf 86' lang='lat' dir='ltr'><strong>percitus</strong></span> <span class='ocrx_word' id='word_1_246' title='bbox 2494 1781 2772 1836; x_wconf 89' lang='lat' dir='ltr'><strong>insultarit</strong></span> <span class='ocrx_word' id='word_1_247' title='bbox 2799 1821 2813 1844; x_wconf 88' lang='lat'>,</span> <span class='ocrx_word' id='word_1_248' title='bbox 2857 1796 3200 1851; x_wconf 88' lang='lat' dir='ltr'><strong>nequaquam</strong></span> <span class='ocrx_word' id='word_1_249' title='bbox 3242 1783 3405 1854; x_wconf 89' lang='lat' dir='ltr'><strong>longo</strong></span> <span class='ocrx_word' id='word_1_250' title='bbox 3428 1802 3519 1840; x_wconf 86' lang='lat' dir='ltr'>ser</span> 
     </span>
    </p>
   </div>
   <div class='ocr_carea' id='block_1_23' title="bbox 295 1857 1856 1950">
    <p class='ocr_par' dir='ltr' id='par_1_23' title="bbox 295 1870 1856 1950">
     <span class='ocr_line' id='line_1_23' title="bbox 295 1870 1856 1950; baseline 0.008 -29"><span class='ocrx_word' id='word_1_251' title='bbox 295 1870 480 1938; x_wconf 86' lang='grc' dir='ltr'>τηκὼς,</span> <span class='ocrx_word' id='word_1_252' title='bbox 512 1871 575 1923; x_wconf 85' lang='grc' dir='ltr'>οὐ</span> <span class='ocrx_word' id='word_1_253' title='bbox 612 1871 844 1942; x_wconf 85' lang='grc' dir='ltr'>μακρῶν</span> <span class='ocrx_word' id='word_1_254' title='bbox 871 1873 937 1926; x_wconf 79' lang='grc' dir='ltr'>ἂν</span> <span class='ocrx_word' id='word_1_255' title='bbox 964 1875 1138 1928; x_wconf 88' lang='grc' dir='ltr'>δέοιτο</span> <span class='ocrx_word' id='word_1_256' title='bbox 1168 1876 1345 1944; x_wconf 88' lang='grc' dir='ltr'>λόγων</span> <span class='ocrx_word' id='word_1_257' title='bbox 1377 1895 1464 1942; x_wconf 90' lang='grc' dir='ltr'>τις</span> <span class='ocrx_word' id='word_1_258' title='bbox 1485 1880 1566 1942; x_wconf 69' lang='grc' dir='ltr'>εἰς</span> <span class='ocrx_word' id='word_1_259' title='bbox 1606 1879 1856 1950; x_wconf 85' lang='grc' dir='ltr'>παράδει-</span> 
     </span>
    </p>
   </div>
   <div class='ocr_carea' id='block_1_24' title="bbox 1959 1857 3552 1950">
    <p class='ocr_par' dir='ltr' id='par_1_24' title="bbox 1962 1857 3552 1947">
     <span class='ocr_line' id='line_1_24' title="bbox 1962 1857 3552 1947; baseline 0.004 -21"><span class='ocrx_word' id='word_1_260' title='bbox 1962 1888 2124 1926; x_wconf 89' lang='lat' dir='ltr'><strong>mone</strong></span> <span class='ocrx_word' id='word_1_261' title='bbox 2149 1888 2288 1942; x_wconf 91' lang='lat' dir='ltr'><strong>opus</strong></span> <span class='ocrx_word' id='word_1_262' title='bbox 2310 1872 2476 1927; x_wconf 85' lang='lat' dir='ltr'><strong>fuerit</strong></span> <span class='ocrx_word' id='word_1_263' title='bbox 2499 1872 2567 1926; x_wconf 89' lang='lat' dir='ltr'>ad</span> <span class='ocrx_word' id='word_1_264' title='bbox 2593 1872 3048 1928; x_wconf 84' lang='lat' dir='ltr'><strong>confirmandum.</strong></span> <span class='ocrx_word' id='word_1_265' title='bbox 3090 1857 3224 1929; x_wconf 60' lang='lat' dir='ltr'><strong>Vide</strong></span> <span class='ocrx_word' id='word_1_266' title='bbox 3259 1877 3406 1930; x_wconf 90' lang='lat' dir='ltr'><strong>enim</strong></span> <span class='ocrx_word' id='word_1_267' title='bbox 3440 1893 3552 1947; x_wconf 90' lang='lat' dir='ltr'>quo</span> 
     </span>
    </p>
   </div>
   <div class='ocr_carea' id='block_1_25' title="bbox 296 1965 1860 2038">
    <p class='ocr_par' dir='ltr' id='par_1_25' title="bbox 296 1965 1860 2038">
     <span class='ocr_line' id='line_1_25' title="bbox 296 1965 1860 2038; baseline 0.006 -24"><span class='ocrx_word' id='word_1_268' title='bbox 296 1965 366 2028; x_wconf 83' lang='grc' dir='ltr'>ξιν</span> <span class='ocrx_word' id='word_1_269' title='bbox 399 1965 631 2036; x_wconf 76' lang='grc' dir='ltr'>ἐναργῆ.</span> <span class='ocrx_word' id='word_1_270' title='bbox 679 1966 790 2019; x_wconf 89' lang='grc' dir='ltr'>Θέα</span> <span class='ocrx_word' id='word_1_271' title='bbox 819 1965 931 2036; x_wconf 80' lang='grc' dir='ltr'>γάρ</span> <span class='ocrx_word' id='word_1_272' title='bbox 959 1968 1108 2032; x_wconf 81' lang='grc' dir='ltr'>ὅπως</span> <span class='ocrx_word' id='word_1_273' title='bbox 1150 1969 1482 2038; x_wconf 76' lang='grc' dir='ltr'>ἀπαίροντος</span> <span class='ocrx_word' id='word_1_274' title='bbox 1525 1970 1620 2024; x_wconf 90' lang='grc' dir='ltr'>τοῦ</span> <span class='ocrx_word' id='word_1_275' title='bbox 1664 1970 1860 2024; x_wconf 88' lang='grc' dir='ltr'>Ἰακὼϐ</span> 
     </span>
    </p>
   </div>
   <div class='ocr_carea' id='block_1_26' title="bbox 291 2054 1856 2130">
    <p class='ocr_par' dir='ltr' id='par_1_26' title="bbox 291 2054 1856 2130">
     <span class='ocr_line' id='line_1_26' title="bbox 291 2054 1856 2130; baseline 0.008 -22"><span class='ocrx_word' id='word_1_276' title='bbox 291 2054 456 2108; x_wconf 78' lang='grc' dir='ltr'>διώκει</span> <span class='ocrx_word' id='word_1_277' title='bbox 512 2055 708 2124; x_wconf 63' lang='grc' dir='ltr'>φωνῶν</span> <span class='ocrx_word' id='word_1_278' title='bbox 752 2057 782 2108; x_wconf 93' lang='lat'>6</span> <span class='ocrx_word' id='word_1_279' title='bbox 831 2058 1018 2113; x_wconf 85' lang='grc' dir='ltr'>Λάϐαν</span> <span class='ocrx_word' id='word_1_280' title='bbox 1068 2060 1207 2130; x_wconf 84' lang='grc' dir='ltr'>ὁμοῦ</span> <span class='ocrx_word' id='word_1_281' title='bbox 1253 2064 1367 2125; x_wconf 83' lang='grc' dir='ltr'>τοῖς</span> <span class='ocrx_word' id='word_1_282' title='bbox 1426 2061 1578 2124; x_wconf 71' lang='grc' dir='ltr'>ἰδίοις</span> <span class='ocrx_word' id='word_1_283' title='bbox 1625 2063 1856 2127; x_wconf 88' lang='grc' dir='ltr'>τέκνοις.</span> 
     </span>
    </p>
   </div>
   <div class='ocr_carea' id='block_1_27' title="bbox 304 2147 1858 2227">
    <p class='ocr_par' dir='ltr' id='par_1_27' title="bbox 304 2147 1858 2227">
     <span class='ocr_line' id='line_1_27' title="bbox 304 2147 1858 2227; baseline 0.006 -27"><span class='ocrx_word' id='word_1_284' title='bbox 304 2147 543 2218; x_wconf 78' lang='grc' dir='ltr'>’Δπαίρει</span> <span class='ocrx_word' id='word_1_285' title='bbox 574 2149 631 2202; x_wconf 81' lang='grc' dir='ltr'>δὲ</span> <span class='ocrx_word' id='word_1_286' title='bbox 663 2148 853 2222; x_wconf 89' lang='grc' dir='ltr'>ῶσπερ</span> <span class='ocrx_word' id='word_1_287' title='bbox 887 2152 984 2206; x_wconf 73' lang='grc' dir='ltr'>καὶ</span> <span class='ocrx_word' id='word_1_288' title='bbox 1027 2153 1139 2206; x_wconf 82' lang='grc' dir='ltr'>ἀπὸ</span> <span class='ocrx_word' id='word_1_289' title='bbox 1183 2153 1394 2225; x_wconf 80' lang='grc' dir='ltr'>κόσμου</span> <span class='ocrx_word' id='word_1_290' title='bbox 1444 2155 1679 2225; x_wconf 80' lang='grc' dir='ltr'>Χριστὸς</span> <span class='ocrx_word' id='word_1_291' title='bbox 1721 2155 1858 2227; x_wconf 84' lang='grc' dir='ltr'>ὁμοῦ</span> 
     </span>
    </p>
   </div>
   <div class='ocr_carea' id='block_1_28' title="bbox 289 2234 1861 2315">
    <p class='ocr_par' dir='ltr' id='par_1_28' title="bbox 289 2234 1861 2315">
     <span class='ocr_line' id='line_1_28' title="bbox 289 2234 1861 2315; baseline 0.006 -26"><span class='ocrx_word' id='word_1_292' title='bbox 289 2234 394 2300; x_wconf 73' lang='grc' dir='ltr'>ταῖς</span> <span class='ocrx_word' id='word_1_293' title='bbox 416 2237 618 2291; x_wconf 78' lang='grc' dir='ltr'>ἑαυτοῦ</span> <span class='ocrx_word' id='word_1_294' title='bbox 646 2238 908 2310; x_wconf 79' lang='grc' dir='ltr'>νύμφαις,</span> <span class='ocrx_word' id='word_1_295' title='bbox 935 2241 1188 2296; x_wconf 88' lang='grc' dir='ltr'>τουτέστι</span> <span class='ocrx_word' id='word_1_296' title='bbox 1217 2246 1340 2308; x_wconf 88' lang='grc' dir='ltr'>ταῖς</span> <span class='ocrx_word' id='word_1_297' title='bbox 1371 2243 1740 2315; x_wconf 86' lang='grc' dir='ltr'>Ἐκκλησίαις,</span> <span class='ocrx_word' id='word_1_298' title='bbox 1766 2247 1861 2301; x_wconf 76' lang='grc' dir='ltr'>καὶ</span> 
     </span>
    </p>
   </div>
   <div class='ocr_carea' id='block_1_29' title="bbox 288 2331 1860 2409">
    <p class='ocr_par' dir='ltr' id='par_1_29' title="bbox 288 2331 1860 2409">
     <span class='ocr_line' id='line_1_29' title="bbox 288 2331 1860 2409; baseline 0.008 -29"><span class='ocrx_word' id='word_1_299' title='bbox 288 2331 434 2382; x_wconf 70' lang='grc' dir='ltr'>οἱονεὶ</span> <span class='ocrx_word' id='word_1_300' title='bbox 464 2333 694 2385; x_wconf 83' lang='grc' dir='ltr'>πανοικὶ</span> <span class='ocrx_word' id='word_1_301' title='bbox 736 2333 1145 2404; x_wconf 82' lang='grc' dir='ltr'>μετανίσταται,</span> <span class='ocrx_word' id='word_1_302' title='bbox 1175 2337 1382 2409; x_wconf 90' lang='grc' dir='ltr'>νοητῶς</span> <span class='ocrx_word' id='word_1_303' title='bbox 1408 2339 1521 2400; x_wconf 87' lang='grc' dir='ltr'>τοῖς</span> <span class='ocrx_word' id='word_1_304' title='bbox 1557 2338 1707 2402; x_wconf 86' lang='grc' dir='ltr'>ίδίοις</span> <span class='ocrx_word' id='word_1_305' title='bbox 1739 2340 1860 2392; x_wconf 76' lang='grc' dir='ltr'>ἐπιο</span> 
     </span>
    </p>
   </div>
   <div class='ocr_carea' id='block_1_30' title="bbox 287 2423 1860 2501">
    <p class='ocr_par' dir='ltr' id='par_1_30' title="bbox 287 2423 1860 2501">
     <span class='ocr_line' id='line_1_30' title="bbox 287 2423 1860 2501; baseline 0.006 -27"><span class='ocrx_word' id='word_1_306' title='bbox 287 2423 486 2490; x_wconf 70' lang='grc' dir='ltr'>φωνῶν·</span> <span class='ocrx_word' id='word_1_307' title='bbox 537 2443 558 2475; x_wconf 75' lang='grc' dir='ltr'>ι</span> <span class='ocrx_word' id='word_1_308' title='bbox 581 2425 916 2497; x_wconf 83' lang='grc' dir='ltr'>Ἐγείρεσθε,</span> <span class='ocrx_word' id='word_1_309' title='bbox 953 2427 1179 2498; x_wconf 72' lang='grc' dir='ltr'>ἄγωμεν</span> <span class='ocrx_word' id='word_1_310' title='bbox 1215 2428 1489 2483; x_wconf 90' lang='grc' dir='ltr'>ἐντεῦθεν.</span> <span class='ocrx_word' id='word_1_311' title='bbox 1523 2448 1541 2480; x_wconf 82' lang='grc' dir='ltr'>ι</span> <span class='ocrx_word' id='word_1_312' title='bbox 1587 2429 1648 2483; x_wconf 89' lang='lat'><strong>&#39;0</strong></span> <span class='ocrx_word' id='word_1_313' title='bbox 1677 2430 1734 2482; x_wconf 86' lang='grc' dir='ltr'>δὲ</span> <span class='ocrx_word' id='word_1_314' title='bbox 1759 2432 1860 2501; x_wconf 79' lang='grc' dir='ltr'>τῆς</span> 
     </span>
    </p>
   </div>
   <div class='ocr_carea' id='block_1_31' title="bbox 286 2519 1858 2594">
    <p class='ocr_par' dir='ltr' id='par_1_31' title="bbox 286 2519 1858 2594">
     <span class='ocr_line' id='line_1_31' title="bbox 286 2519 1858 2594; baseline 0.004 -25"><span class='ocrx_word' id='word_1_315' title='bbox 286 2519 571 2588; x_wconf 77' lang='grc' dir='ltr'>ἀπάρσεως</span> <span class='ocrx_word' id='word_1_316' title='bbox 603 2520 806 2590; x_wconf 82' lang='grc' dir='ltr'>τρόπος</span> <span class='ocrx_word' id='word_1_317' title='bbox 840 2521 940 2574; x_wconf 80' lang='grc' dir='ltr'>οὐκ</span> <span class='ocrx_word' id='word_1_318' title='bbox 977 2521 1269 2593; x_wconf 84' lang='grc' dir='ltr'>αἰσθητῶς,</span> <span class='ocrx_word' id='word_1_319' title='bbox 1297 2522 1420 2577; x_wconf 74' lang='grc' dir='ltr'>οὔτε</span> <span class='ocrx_word' id='word_1_320' title='bbox 1459 2523 1566 2594; x_wconf 79' lang='grc' dir='ltr'>μὴν</span> <span class='ocrx_word' id='word_1_321' title='bbox 1593 2523 1674 2587; x_wconf 78' lang='grc' dir='ltr'>εἰς</span> <span class='ocrx_word' id='word_1_322' title='bbox 1697 2523 1858 2576; x_wconf 87' lang='grc' dir='ltr'>τόπον</span> 
     </span>
    </p>
   </div>
   <div class='ocr_carea' id='block_1_32' title="bbox 284 2610 1858 2685">
    <p class='ocr_par' dir='ltr' id='par_1_32' title="bbox 284 2610 1858 2685">
     <span class='ocr_line' id='line_1_32' title="bbox 284 2610 1858 2685; baseline 0.005 -25"><span class='ocrx_word' id='word_1_323' title='bbox 284 2610 341 2661; x_wconf 78' lang='grc' dir='ltr'>ἐκ</span> <span class='ocrx_word' id='word_1_324' title='bbox 381 2612 550 2664; x_wconf 85' lang='grc' dir='ltr'>τόπου</span> <span class='ocrx_word' id='word_1_325' title='bbox 595 2612 927 2683; x_wconf 83' lang='grc' dir='ltr'>σωματικῶς</span> <span class='ocrx_word' id='word_1_326' title='bbox 973 2615 1332 2685; x_wconf 86' lang='grc' dir='ltr'>ἐκπράττοιτο</span> <span class='ocrx_word' id='word_1_327' title='bbox 1363 2616 1449 2670; x_wconf 76' lang='grc' dir='ltr'>ἄν.</span> <span class='ocrx_word' id='word_1_328' title='bbox 1501 2615 1711 2685; x_wconf 81' lang='grc' dir='ltr'>Κομιδῇ</span> <span class='ocrx_word' id='word_1_329' title='bbox 1748 2615 1858 2684; x_wconf 81' lang='grc' dir='ltr'>γὰρ</span> 
     </span>
    </p>
   </div>
   <div class='ocr_carea' id='block_1_33' title="bbox 285 2698 1857 2777">
    <p class='ocr_par' dir='ltr' id='par_1_33' title="bbox 285 2698 1857 2777">
     <span class='ocr_line' id='line_1_33' title="bbox 285 2698 1857 2777; baseline 0.004 -25"><span class='ocrx_word' id='word_1_330' title='bbox 285 2700 435 2770; x_wconf 78' lang='grc' dir='ltr'>ἄηθες</span> <span class='ocrx_word' id='word_1_331' title='bbox 450 2703 516 2755; x_wconf 75' lang='grc' dir='ltr'>τὸ</span> <span class='ocrx_word' id='word_1_332' title='bbox 536 2698 644 2756; x_wconf 81' lang='grc' dir='ltr'>ὧδε</span> <span class='ocrx_word' id='word_1_333' title='bbox 679 2707 902 2774; x_wconf 86' lang='grc' dir='ltr'>φρονεῖν</span> <span class='ocrx_word' id='word_1_334' title='bbox 931 2706 964 2776; x_wconf 83' lang='grc' dir='ltr'>ἢ</span> <span class='ocrx_word' id='word_1_335' title='bbox 995 2706 1196 2775; x_wconf 86' lang='grc' dir='ltr'>λέγειν.</span> <span class='ocrx_word' id='word_1_336' title='bbox 1244 2707 1385 2760; x_wconf 81' lang='grc' dir='ltr'>Ἀλλ’</span> <span class='ocrx_word' id='word_1_337' title='bbox 1418 2709 1484 2761; x_wconf 88' lang='grc' dir='ltr'>ὲκ</span> <span class='ocrx_word' id='word_1_338' title='bbox 1507 2706 1604 2759; x_wconf 90' lang='grc' dir='ltr'>τοῦ</span> <span class='ocrx_word' id='word_1_339' title='bbox 1637 2709 1857 2777; x_wconf 84' lang='grc' dir='ltr'>φρονεῖν</span> 
     </span>
    </p>
   </div>
   <div class='ocr_carea' id='block_1_34' title="bbox 282 2791 1858 2868">
    <p class='ocr_par' dir='ltr' id='par_1_34' title="bbox 282 2791 1858 2868">
     <span class='ocr_line' id='line_1_34' title="bbox 282 2791 1858 2868; baseline 0.004 -25"><span class='ocrx_word' id='word_1_340' title='bbox 282 2791 342 2845; x_wconf 74' lang='grc' dir='ltr'>τά</span> <span class='ocrx_word' id='word_1_341' title='bbox 359 2794 446 2846; x_wconf 86' lang='grc' dir='ltr'>τοῦ</span> <span class='ocrx_word' id='word_1_342' title='bbox 477 2794 696 2865; x_wconf 81' lang='grc' dir='ltr'>κόσμου</span> <span class='ocrx_word' id='word_1_343' title='bbox 727 2795 864 2866; x_wconf 72' lang='grc' dir='ltr'>πρὸς</span> <span class='ocrx_word' id='word_1_344' title='bbox 888 2796 950 2849; x_wconf 82' lang='grc' dir='ltr'>τὸ</span> <span class='ocrx_word' id='word_1_345' title='bbox 964 2797 1097 2868; x_wconf 84' lang='grc' dir='ltr'>δρᾷν</span> <span class='ocrx_word' id='word_1_346' title='bbox 1127 2797 1335 2851; x_wconf 76' lang='grc' dir='ltr'>ἐθέλειν</span> <span class='ocrx_word' id='word_1_347' title='bbox 1360 2797 1428 2852; x_wconf 76' lang='grc' dir='ltr'>τὰ</span> <span class='ocrx_word' id='word_1_348' title='bbox 1447 2797 1708 2850; x_wconf 86' lang='grc' dir='ltr'>δοκοῦντα</span> <span class='ocrx_word' id='word_1_349' title='bbox 1737 2797 1858 2868; x_wconf 82' lang='grc' dir='ltr'>Θεῷ</span> 
     </span>
    </p>
   </div>
   <div class='ocr_carea' id='block_1_35' title="bbox 281 2887 1857 2961">
    <p class='ocr_par' dir='ltr' id='par_1_35' title="bbox 281 2887 1857 2961">
     <span class='ocr_line' id='line_1_35' title="bbox 281 2887 1857 2961; baseline 0.004 -24"><span class='ocrx_word' id='word_1_350' title='bbox 281 2887 563 2956; x_wconf 79' lang='grc' dir='ltr'>χρησίμως</span> <span class='ocrx_word' id='word_1_351' title='bbox 591 2888 1042 2959; x_wconf 87' lang='grc' dir='ltr'>άποπεραίνεται.</span> <span class='ocrx_word' id='word_1_352' title='bbox 1088 2889 1177 2952; x_wconf 84' lang='grc' dir='ltr'>Ὠς</span> <span class='ocrx_word' id='word_1_353' title='bbox 1212 2889 1322 2961; x_wconf 79' lang='grc' dir='ltr'>γὰρ</span> <span class='ocrx_word' id='word_1_354' title='bbox 1355 2891 1383 2943; x_wconf 98' lang='lat'>6</span> <span class='ocrx_word' id='word_1_355' title='bbox 1420 2891 1690 2960; x_wconf 86' lang='grc' dir='ltr'>μακάριος</span> <span class='ocrx_word' id='word_1_356' title='bbox 1718 2890 1857 2960; x_wconf 78' lang='grc' dir='ltr'>γρά⁴</span> 
     </span>
    </p>
   </div>
   <div class='ocr_carea' id='block_1_36' title="bbox 281 2972 1857 3052">
    <p class='ocr_par' dir='ltr' id='par_1_36' title="bbox 281 2972 1857 3052">
     <span class='ocr_line' id='line_1_36' title="bbox 281 2972 1857 3052; baseline 0.006 -26"><span class='ocrx_word' id='word_1_357' title='bbox 281 2991 360 3041; x_wconf 54' lang='lat' dir='ltr'><strong>es:</strong></span> <span class='ocrx_word' id='word_1_358' title='bbox 397 2977 616 3040; x_wconf 86' lang='grc' dir='ltr'>Παῦλος</span> <span class='ocrx_word' id='word_1_359' title='bbox 637 3018 652 3042; x_wconf 93' lang='grc'>,</span> <span class='ocrx_word' id='word_1_360' title='bbox 700 2977 802 3031; x_wconf 79' lang='grc' dir='ltr'>οὐκ</span> <span class='ocrx_word' id='word_1_361' title='bbox 835 2978 1030 3049; x_wconf 72' lang='grc' dir='ltr'>ἔχομεν</span> <span class='ocrx_word' id='word_1_362' title='bbox 1057 2972 1160 3033; x_wconf 80' lang='grc' dir='ltr'>ὦδε</span> <span class='ocrx_word' id='word_1_363' title='bbox 1206 2981 1476 3052; x_wconf 82' lang='grc' dir='ltr'>μένουσαν</span> <span class='ocrx_word' id='word_1_364' title='bbox 1505 2981 1680 3043; x_wconf 85' lang='grc' dir='ltr'>πόλιν,</span> <span class='ocrx_word' id='word_1_365' title='bbox 1720 2980 1857 3036; x_wconf 77' lang='grc' dir='ltr'>ἀλλὰ</span> 
     </span>
    </p>
   </div>
   <div class='ocr_carea' id='block_1_37' title="bbox 277 3063 1856 3144">
    <p class='ocr_par' dir='ltr' id='par_1_37' title="bbox 277 3063 1856 3144">
     <span class='ocr_line' id='line_1_37' title="bbox 277 3063 1856 3144; baseline 0.006 -27"><span class='ocrx_word' id='word_1_366' title='bbox 277 3063 366 3136; x_wconf 79' lang='grc' dir='ltr'>την</span> <span class='ocrx_word' id='word_1_367' title='bbox 391 3067 698 3136; x_wconf 82' lang='grc' dir='ltr'>μέλλουσαν</span> <span class='ocrx_word' id='word_1_368' title='bbox 718 3069 1105 3140; x_wconf 78' lang='grc' dir='ltr'>ἐπιζητοῦμεν,</span> <span class='ocrx_word' id='word_1_369' title='bbox 1122 3065 1189 3142; x_wconf 86' lang='grc' dir='ltr'>ἦς</span> <span class='ocrx_word' id='word_1_370' title='bbox 1206 3073 1453 3144; x_wconf 85' lang='grc' dir='ltr'>τεχνίτης</span> <span class='ocrx_word' id='word_1_371' title='bbox 1475 3074 1569 3126; x_wconf 73' lang='grc' dir='ltr'>καὶ</span> <span class='ocrx_word' id='word_1_372' title='bbox 1594 3072 1856 3144; x_wconf 81' lang='grc' dir='ltr'>δημιουρο</span> 
     </span>
    </p>
   </div>
   <div class='ocr_carea' id='block_1_38' title="bbox 276 3158 1855 3232">
    <p class='ocr_par' dir='ltr' id='par_1_38' title="bbox 276 3158 1855 3232">
     <span class='ocr_line' id='line_1_38' title="bbox 276 3158 1855 3232; baseline 0.006 -21"><span class='ocrx_word' id='word_1_373' title='bbox 276 3158 365 3224; x_wconf 83' lang='grc' dir='ltr'>γὸς</span> <span class='ocrx_word' id='word_1_374' title='bbox 388 3161 416 3212; x_wconf 89' lang='lat'>6</span> <span class='ocrx_word' id='word_1_375' title='bbox 443 3159 604 3221; x_wconf 80' lang='grc' dir='ltr'>Θεός.</span> <span class='ocrx_word' id='word_1_376' title='bbox 634 3161 840 3232; x_wconf 77' lang='grc' dir='ltr'>Γράφει</span> <span class='ocrx_word' id='word_1_377' title='bbox 869 3161 926 3214; x_wconf 86' lang='grc' dir='ltr'>δὲ</span> <span class='ocrx_word' id='word_1_378' title='bbox 949 3163 1042 3215; x_wconf 78' lang='grc' dir='ltr'>καὶ</span> <span class='ocrx_word' id='word_1_379' title='bbox 1071 3162 1260 3232; x_wconf 75' lang='grc' dir='ltr'>ἕτερος</span> <span class='ocrx_word' id='word_1_380' title='bbox 1285 3163 1393 3216; x_wconf 93' lang='grc' dir='ltr'>τῶν</span> <span class='ocrx_word' id='word_1_381' title='bbox 1424 3163 1594 3231; x_wconf 78' lang='grc' dir='ltr'>ἁγίων</span> <span class='ocrx_word' id='word_1_382' title='bbox 1620 3167 1855 3220; x_wconf 80' lang='grc' dir='ltr'>ἀποστό-</span> 
     </span>
    </p>
   </div>
   <div class='ocr_carea' id='block_1_39' title="bbox 276 3250 1853 3327">
    <p class='ocr_par' dir='ltr' id='par_1_39' title="bbox 276 3250 1853 3327">
     <span class='ocr_line' id='line_1_39' title="bbox 276 3250 1853 3327; baseline 0.005 -25"><span class='ocrx_word' id='word_1_383' title='bbox 276 3250 410 3304; x_wconf 76' lang='grc' dir='ltr'>λωνο</span> <span class='ocrx_word' id='word_1_384' title='bbox 447 3271 466 3304; x_wconf 82' lang='grc' dir='ltr'>ι</span> <span class='ocrx_word' id='word_1_385' title='bbox 511 3253 828 3324; x_wconf 84' lang='grc' dir='ltr'>Παρακαλῶ</span> <span class='ocrx_word' id='word_1_386' title='bbox 860 3253 937 3318; x_wconf 88' lang='grc' dir='ltr'>ὡς</span> <span class='ocrx_word' id='word_1_387' title='bbox 974 3255 1269 3327; x_wconf 89' lang='grc' dir='ltr'>παροίκους</span> <span class='ocrx_word' id='word_1_388' title='bbox 1294 3256 1389 3308; x_wconf 69' lang='grc' dir='ltr'>καὶ</span> <span class='ocrx_word' id='word_1_389' title='bbox 1417 3257 1853 3327; x_wconf 85' lang='grc' dir='ltr'>παρεπιδήμους,</span> 
     </span>
    </p>
   </div>
   <div class='ocr_carea' id='block_1_40' title="bbox 277 3344 1858 3421">
    <p class='ocr_par' dir='ltr' id='par_1_40' title="bbox 277 3344 1858 3421">
     <span class='ocr_line' id='line_1_40' title="bbox 277 3344 1858 3421; baseline 0.003 -24"><span class='ocrx_word' id='word_1_390' title='bbox 277 3344 541 3414; x_wconf 77' lang='grc' dir='ltr'>ἀπέχεσθε</span> <span class='ocrx_word' id='word_1_391' title='bbox 588 3345 696 3398; x_wconf 88' lang='grc' dir='ltr'>τῶν</span> <span class='ocrx_word' id='word_1_392' title='bbox 737 3348 1018 3418; x_wconf 90' lang='grc' dir='ltr'>σαρκικῶν</span> <span class='ocrx_word' id='word_1_393' title='bbox 1056 3347 1391 3417; x_wconf 88' lang='grc' dir='ltr'>ἐπιθυμιῶν,</span> <span class='ocrx_word' id='word_1_394' title='bbox 1429 3348 1634 3412; x_wconf 84' lang='grc' dir='ltr'>αἵτινες</span> <span class='ocrx_word' id='word_1_395' title='bbox 1692 3367 1858 3421; x_wconf 86' lang='grc' dir='ltr'>στρα-</span> 
     </span>
    </p>
   </div>
   <div class='ocr_carea' id='block_1_41' title="bbox 275 3434 1856 3509">
    <p class='ocr_par' dir='ltr' id='par_1_41' title="bbox 275 3434 1856 3509">
     <span class='ocr_line' id='line_1_41' title="bbox 275 3434 1856 3509; baseline 0.003 -22"><span class='ocrx_word' id='word_1_396' title='bbox 275 3434 515 3490; x_wconf 82' lang='grc' dir='ltr'>τεύονται</span> <span class='ocrx_word' id='word_1_397' title='bbox 552 3437 698 3491; x_wconf 79' lang='grc' dir='ltr'>κατὰ</span> <span class='ocrx_word' id='word_1_398' title='bbox 735 3437 834 3508; x_wconf 83' lang='grc' dir='ltr'>τῆς</span> <span class='ocrx_word' id='word_1_399' title='bbox 871 3437 1074 3508; x_wconf 74' lang='grc' dir='ltr'>ψυχῆς.</span> <span class='ocrx_word' id='word_1_400' title='bbox 1124 3457 1142 3490; x_wconf 76' lang='grc' dir='ltr'>ι</span> <span class='ocrx_word' id='word_1_401' title='bbox 1194 3438 1635 3509; x_wconf 84' lang='grc' dir='ltr'>Περιπατοῦντες</span> <span class='ocrx_word' id='word_1_402' title='bbox 1665 3440 1721 3492; x_wconf 83' lang='grc' dir='ltr'>δὲ</span> <span class='ocrx_word' id='word_1_403' title='bbox 1762 3439 1856 3492; x_wconf 80' lang='grc' dir='ltr'>ἐπὶ</span> 
     </span>
    </p>
   </div>
   <div class='ocr_carea' id='block_1_42' title="bbox 276 3526 1856 3602">
    <p class='ocr_par' dir='ltr' id='par_1_42' title="bbox 276 3526 1856 3602">
     <span class='ocr_line' id='line_1_42' title="bbox 276 3526 1856 3602; baseline 0.003 -23"><span class='ocrx_word' id='word_1_404' title='bbox 276 3526 364 3590; x_wconf 72' lang='grc' dir='ltr'>τῆς</span> <span class='ocrx_word' id='word_1_405' title='bbox 392 3529 516 3600; x_wconf 83' lang='grc' dir='ltr'>γῆς,</span> <span class='ocrx_word' id='word_1_406' title='bbox 556 3527 634 3592; x_wconf 83' lang='grc' dir='ltr'>ὡς</span> <span class='ocrx_word' id='word_1_407' title='bbox 659 3530 716 3582; x_wconf 83' lang='grc' dir='ltr'>ἐν</span> <span class='ocrx_word' id='word_1_408' title='bbox 739 3529 956 3602; x_wconf 81' lang='grc' dir='ltr'>ούρανῷ</span> <span class='ocrx_word' id='word_1_409' title='bbox 996 3528 1280 3598; x_wconf 82' lang='grc' dir='ltr'>ποιώμεθα</span> <span class='ocrx_word' id='word_1_410' title='bbox 1306 3528 1366 3582; x_wconf 84' lang='grc' dir='ltr'>τὸ</span> <span class='ocrx_word' id='word_1_411' title='bbox 1391 3529 1718 3601; x_wconf 85' lang='grc' dir='ltr'>πολίτευμα,</span> <span class='ocrx_word' id='word_1_412' title='bbox 1748 3531 1856 3583; x_wconf 81' lang='grc' dir='ltr'>δια-</span> 
     </span>
    </p>
   </div>
   <div class='ocr_carea' id='block_1_43' title="bbox 278 3621 1854 3695">
    <p class='ocr_par' dir='ltr' id='par_1_43' title="bbox 278 3621 1854 3695">
     <span class='ocr_line' id='line_1_43' title="bbox 278 3621 1854 3695; baseline 0.002 -23"><span class='ocrx_word' id='word_1_413' title='bbox 278 3621 366 3689; x_wconf 77' lang='grc' dir='ltr'>ζῇν</span> <span class='ocrx_word' id='word_1_414' title='bbox 392 3622 804 3687; x_wconf 76' lang='grc' dir='ltr'>σπουδάζοντες</span> <span class='ocrx_word' id='word_1_415' title='bbox 831 3622 1110 3694; x_wconf 86' lang='grc' dir='ltr'>σαρκικῶς</span> <span class='ocrx_word' id='word_1_416' title='bbox 1130 3622 1229 3692; x_wconf 81' lang='grc' dir='ltr'>μὲν</span> <span class='ocrx_word' id='word_1_417' title='bbox 1250 3622 1349 3675; x_wconf 78' lang='grc' dir='ltr'>οὐκ</span> <span class='ocrx_word' id='word_1_418' title='bbox 1367 3622 1470 3687; x_wconf 73' lang='grc' dir='ltr'>ἔτι,</span> <span class='ocrx_word' id='word_1_419' title='bbox 1497 3623 1854 3695; x_wconf 85' lang='grc' dir='ltr'>άγιοπρεπῶς</span> 
     </span>
    </p>
   </div>
   <div class='ocr_carea' id='block_1_44' title="bbox 276 3712 1856 3787">
    <p class='ocr_par' dir='ltr' id='par_1_44' title="bbox 276 3712 1856 3787">
     <span class='ocr_line' id='line_1_44' title="bbox 276 3712 1856 3787; baseline 0.003 -23"><span class='ocrx_word' id='word_1_420' title='bbox 276 3712 323 3765; x_wconf 79' lang='grc' dir='ltr'>δὲ</span> <span class='ocrx_word' id='word_1_421' title='bbox 369 3714 580 3784; x_wconf 75' lang='grc' dir='ltr'>μᾶλλον</span> <span class='ocrx_word' id='word_1_422' title='bbox 635 3717 732 3768; x_wconf 72' lang='grc' dir='ltr'>καὶ</span> <span class='ocrx_word' id='word_1_423' title='bbox 788 3714 1195 3784; x_wconf 87' lang='grc' dir='ltr'>πνευματικῶς.</span> <span class='ocrx_word' id='word_1_424' title='bbox 1243 3715 1561 3786; x_wconf 86' lang='grc' dir='ltr'>Διανίστησι</span> <span class='ocrx_word' id='word_1_425' title='bbox 1613 3715 1670 3770; x_wconf 84' lang='grc' dir='ltr'>δὲ</span> <span class='ocrx_word' id='word_1_426' title='bbox 1719 3717 1856 3787; x_wconf 81' lang='grc' dir='ltr'>πρὸς</span> 
     </span>
    </p>
   </div>
   <div class='ocr_carea' id='block_1_45' title="bbox 273 3803 1855 3877">
    <p class='ocr_par' dir='ltr' id='par_1_45' title="bbox 273 3803 1855 3877">
     <span class='ocr_line' id='line_1_45' title="bbox 273 3803 1855 3877; baseline 0.003 -22"><span class='ocrx_word' id='word_1_427' title='bbox 273 3803 415 3857; x_wconf 84' lang='grc' dir='ltr'>τοῦτο</span> <span class='ocrx_word' id='word_1_428' title='bbox 437 3806 600 3876; x_wconf 75' lang='grc' dir='ltr'>ἡμᾶς</span> <span class='ocrx_word' id='word_1_429' title='bbox 628 3805 958 3860; x_wconf 79' lang='grc' dir='ltr'>ἐπιστέλλων</span> <span class='ocrx_word' id='word_1_430' title='bbox 997 3807 1026 3859; x_wconf 89' lang='lat'>6</span> <span class='ocrx_word' id='word_1_431' title='bbox 1053 3805 1264 3869; x_wconf 86' lang='grc' dir='ltr'>Παῦλος</span> <span class='ocrx_word' id='word_1_432' title='bbox 1290 3823 1305 3840; x_wconf 81' lang='grc' dir='ltr'><strong>ο</strong></span> <span class='ocrx_word' id='word_1_433' title='bbox 1334 3823 1352 3856; x_wconf 88' lang='grc' dir='ltr'>ι</span> <span class='ocrx_word' id='word_1_434' title='bbox 1386 3805 1478 3877; x_wconf 80' lang='grc' dir='ltr'>Μὴ</span> <span class='ocrx_word' id='word_1_435' title='bbox 1512 3806 1855 3876; x_wconf 78' lang='grc' dir='ltr'>συσχηματίο</span> 
     </span>
    </p>
   </div>
   <div class='ocr_carea' id='block_1_46' title="bbox 275 3895 1854 3970">
    <p class='ocr_par' dir='ltr' id='par_1_46' title="bbox 275 3895 1854 3970">
     <span class='ocr_line' id='line_1_46' title="bbox 275 3895 1854 3970; baseline 0.003 -22"><span class='ocrx_word' id='word_1_436' title='bbox 275 3895 419 3958; x_wconf 77' lang='grc' dir='ltr'>ξεσθε</span> <span class='ocrx_word' id='word_1_437' title='bbox 452 3899 536 3970; x_wconf 83' lang='grc' dir='ltr'>τῷ</span> <span class='ocrx_word' id='word_1_438' title='bbox 565 3898 725 3951; x_wconf 71' lang='grc' dir='ltr'>αἰῶνι</span> <span class='ocrx_word' id='word_1_439' title='bbox 751 3899 956 3970; x_wconf 86' lang='grc' dir='ltr'>τούτῳ,</span> <span class='ocrx_word' id='word_1_440' title='bbox 988 3897 1124 3952; x_wconf 75' lang='grc' dir='ltr'>ἀλλὰ</span> <span class='ocrx_word' id='word_1_441' title='bbox 1160 3897 1588 3970; x_wconf 76' lang='grc' dir='ltr'>συμμορφοῦσθε</span> <span class='ocrx_word' id='word_1_442' title='bbox 1618 3901 1686 3970; x_wconf 77' lang='grc' dir='ltr'>τῇ</span> <span class='ocrx_word' id='word_1_443' title='bbox 1719 3899 1854 3952; x_wconf 85' lang='grc' dir='ltr'>ἁνα-</span> 
     </span>
    </p>
   </div>
   <div class='ocr_carea' id='block_1_47' title="bbox 274 3989 1855 4061">
    <p class='ocr_par' dir='ltr' id='par_1_47' title="bbox 274 3989 1855 4061">
     <span class='ocr_line' id='line_1_47' title="bbox 274 3989 1855 4061; baseline 0.003 -21"><span class='ocrx_word' id='word_1_444' title='bbox 274 3989 523 4044; x_wconf 81' lang='grc' dir='ltr'>καινώσει</span> <span class='ocrx_word' id='word_1_445' title='bbox 556 3991 656 4044; x_wconf 87' lang='grc' dir='ltr'>τοῦ</span> <span class='ocrx_word' id='word_1_446' title='bbox 686 3991 804 4054; x_wconf 86' lang='grc' dir='ltr'>νοὸς</span> <span class='ocrx_word' id='word_1_447' title='bbox 831 3990 1020 4061; x_wconf 85' lang='grc' dir='ltr'>ὑμῶν,</span> <span class='ocrx_word' id='word_1_448' title='bbox 1054 3992 1134 4054; x_wconf 84' lang='grc' dir='ltr'>είς</span> <span class='ocrx_word' id='word_1_449' title='bbox 1167 3990 1229 4044; x_wconf 82' lang='grc' dir='ltr'>τὸ</span> <span class='ocrx_word' id='word_1_450' title='bbox 1256 3989 1572 4061; x_wconf 75' lang='grc' dir='ltr'>δοκιμάζειν</span> <span class='ocrx_word' id='word_1_451' title='bbox 1622 3990 1769 4058; x_wconf 76' lang='grc' dir='ltr'>ὑμᾶς</span> <span class='ocrx_word' id='word_1_452' title='bbox 1800 3991 1855 4044; x_wconf 91' lang='grc' dir='ltr'>τί</span> 
     </span>
    </p>
   </div>
   <div class='ocr_carea' id='block_1_48' title="bbox 1962 1963 3640 2034">
    <p class='ocr_par' dir='ltr' id='par_1_48' title="bbox 1962 1963 3640 2034">
     <span class='ocr_line' id='line_1_48' title="bbox 1962 1963 3640 2034; baseline 0.003 -16"><span class='ocrx_word' id='word_1_453' title='bbox 1962 1973 2122 2034; x_wconf 88' lang='lat' dir='ltr'><strong>pacto</strong></span> <span class='ocrx_word' id='word_1_454' title='bbox 2155 1963 2470 2019; x_wconf 89' lang='lat' dir='ltr'><strong>discedente</strong></span> <span class='ocrx_word' id='word_1_455' title='bbox 2493 1963 2700 2019; x_wconf 84' lang='lat' dir='ltr'><strong>Jacobo</strong></span> <span class='ocrx_word' id='word_1_456' title='bbox 2722 1965 3074 2034; x_wconf 85' lang='lat' dir='ltr'><strong>persequitur</strong></span> <span class='ocrx_word' id='word_1_457' title='bbox 3092 1967 3336 2021; x_wconf 88' lang='lat' dir='ltr'><strong>clamans</strong></span> <span class='ocrx_word' id='word_1_458' title='bbox 3362 1967 3550 2023; x_wconf 84' lang='lat' dir='ltr'><strong>Laban</strong></span> <span class='ocrx_word' id='word_1_459' title='bbox 3635 2005 3640 2008; x_wconf 94' lang='lat'><strong><em>-</em></strong></span> 
     </span>
    </p>
   </div>
   <div class='ocr_carea' id='block_1_49' title="bbox 1963 2057 3548 2126">
    <p class='ocr_par' dir='ltr' id='par_1_49' title="bbox 1963 2057 3548 2126">
     <span class='ocr_line' id='line_1_49' title="bbox 1963 2057 3548 2126; baseline 0.001 -15"><span class='ocrx_word' id='word_1_460' title='bbox 1963 2071 2090 2112; x_wconf 91' lang='lat' dir='ltr'>cum</span> <span class='ocrx_word' id='word_1_461' title='bbox 2139 2057 2268 2112; x_wconf 85' lang='lat' dir='ltr'><strong>filiis</strong></span> <span class='ocrx_word' id='word_1_462' title='bbox 2297 2057 2430 2112; x_wconf 92' lang='lat' dir='ltr'><strong>suis.</strong></span> <span class='ocrx_word' id='word_1_463' title='bbox 2474 2057 2720 2111; x_wconf 88' lang='lat' dir='ltr'><strong>Discedit</strong></span> <span class='ocrx_word' id='word_1_464' title='bbox 2757 2071 2892 2111; x_wconf 89' lang='lat' dir='ltr'><strong>vero</strong></span> <span class='ocrx_word' id='word_1_465' title='bbox 2923 2057 3329 2126; x_wconf 86' lang='lat' dir='ltr'><strong>quodammodo</strong></span> <span class='ocrx_word' id='word_1_466' title='bbox 3381 2060 3548 2113; x_wconf 84' lang='lat' dir='ltr'><strong>etiam</strong></span> 
     </span>
    </p>
   </div>
   <div class='ocr_carea' id='block_1_50' title="bbox 1961 2149 3552 2220">
    <p class='ocr_par' dir='ltr' id='par_1_50' title="bbox 1961 2149 3552 2220">
     <span class='ocr_line' id='line_1_50' title="bbox 1961 2149 3552 2220; baseline 0 -14"><span class='ocrx_word' id='word_1_467' title='bbox 1961 2149 2215 2206; x_wconf 85' lang='lat' dir='ltr'><strong>Christus</strong></span> <span class='ocrx_word' id='word_1_468' title='bbox 2245 2167 2276 2205; x_wconf 90' lang='lat' dir='ltr'>a</span> <span class='ocrx_word' id='word_1_469' title='bbox 2319 2150 2526 2205; x_wconf 90' lang='lat' dir='ltr'><strong>mundo</strong></span> <span class='ocrx_word' id='word_1_470' title='bbox 2559 2165 2685 2205; x_wconf 90' lang='lat' dir='ltr'>cum</span> <span class='ocrx_word' id='word_1_471' title='bbox 2733 2151 2950 2220; x_wconf 89' lang='lat' dir='ltr'><strong>sponsis</strong></span> <span class='ocrx_word' id='word_1_472' title='bbox 2997 2151 3111 2206; x_wconf 92' lang='lat' dir='ltr'><strong>suis</strong></span> <span class='ocrx_word' id='word_1_473' title='bbox 3133 2191 3147 2216; x_wconf 91' lang='lat'>,</span> <span class='ocrx_word' id='word_1_474' title='bbox 3181 2151 3287 2205; x_wconf 85' lang='lat' dir='ltr'>hoc</span> <span class='ocrx_word' id='word_1_475' title='bbox 3312 2159 3397 2205; x_wconf 90' lang='lat' dir='ltr'>est</span> <span class='ocrx_word' id='word_1_476' title='bbox 3448 2152 3552 2206; x_wconf 85' lang='lat' dir='ltr'>Ec-</span> 
     </span>
    </p>
   </div>
   <div class='ocr_carea' id='block_1_51' title="bbox 1962 2243 3544 2316">
    <p class='ocr_par' dir='ltr' id='par_1_51' title="bbox 1962 2243 3544 2316">
     <span class='ocr_line' id='line_1_51' title="bbox 1962 2243 3544 2316; baseline -0.001 -14"><span class='ocrx_word' id='word_1_477' title='bbox 1962 2245 2165 2309; x_wconf 91' lang='lat' dir='ltr'><strong>clesiis,</strong></span> <span class='ocrx_word' id='word_1_478' title='bbox 2207 2259 2273 2299; x_wconf 93' lang='lat' dir='ltr'>ac</span> <span class='ocrx_word' id='word_1_479' title='bbox 2299 2243 2468 2299; x_wconf 85' lang='lat' dir='ltr'><strong>veluti</strong></span> <span class='ocrx_word' id='word_1_480' title='bbox 2503 2259 2630 2298; x_wconf 91' lang='lat' dir='ltr'>cum</span> <span class='ocrx_word' id='word_1_481' title='bbox 2672 2243 2927 2298; x_wconf 88' lang='lat' dir='ltr'><strong>universa</strong></span> <span class='ocrx_word' id='word_1_482' title='bbox 2956 2244 3121 2299; x_wconf 88' lang='lat' dir='ltr'><strong>domo</strong></span> <span class='ocrx_word' id='word_1_483' title='bbox 3163 2244 3544 2316; x_wconf 88' lang='lat' dir='ltr'><strong>transmigrat,</strong></span> 
     </span>
    </p>
   </div>
   <div class='ocr_carea' id='block_1_52' title="bbox 1961 2334 3552 2407">
    <p class='ocr_par' dir='ltr' id='par_1_52' title="bbox 1961 2334 3552 2407">
     <span class='ocr_line' id='line_1_52' title="bbox 1961 2334 3552 2407; baseline 0.001 -16"><span class='ocrx_word' id='word_1_484' title='bbox 1961 2335 2286 2406; x_wconf 83' lang='lat' dir='ltr'><strong>spiritaliter</strong></span> <span class='ocrx_word' id='word_1_485' title='bbox 2337 2335 2454 2390; x_wconf 85' lang='lat' dir='ltr'><strong>suis</strong></span> <span class='ocrx_word' id='word_1_486' title='bbox 2510 2334 2815 2390; x_wconf 85' lang='lat' dir='ltr'><strong>inclamans</strong></span> <span class='ocrx_word' id='word_1_487' title='bbox 2857 2352 2870 2388; x_wconf 92' lang='lat'><strong>:</strong></span> <span class='ocrx_word' id='word_1_488' title='bbox 2919 2355 2938 2386; x_wconf 82' lang='grc' dir='ltr'>ι</span> <span class='ocrx_word' id='word_1_489' title='bbox 2975 2334 3232 2407; x_wconf 79' lang='lat' dir='ltr'><strong>Surgite,</strong></span> <span class='ocrx_word' id='word_1_490' title='bbox 3287 2337 3552 2392; x_wconf 86' lang='lat' dir='ltr'><strong>abeamus</strong></span> 
     </span>
    </p>
   </div>
   <div class='ocr_carea' id='block_1_53' title="bbox 1961 2426 3550 2487">
    <p class='ocr_par' dir='ltr' id='par_1_53' title="bbox 1961 2426 3550 2487">
     <span class='ocr_line' id='line_1_53' title="bbox 1961 2426 3550 2487; baseline 0.003 -5"><span class='ocrx_word' id='word_1_491' title='bbox 1961 2428 2093 2483; x_wconf 89' lang='lat' dir='ltr'><strong>hinc</strong></span> <span class='ocrx_word' id='word_1_492' title='bbox 2113 2429 2182 2482; x_wconf 84' lang='lat'><strong>&quot;.</strong></span> <span class='ocrx_word' id='word_1_493' title='bbox 2217 2447 2236 2479; x_wconf 72' lang='grc' dir='ltr'>ι</span> <span class='ocrx_word' id='word_1_494' title='bbox 2266 2426 2630 2483; x_wconf 88' lang='lat' dir='ltr'><strong>Profectionis</strong></span> <span class='ocrx_word' id='word_1_495' title='bbox 2658 2442 2792 2482; x_wconf 91' lang='lat' dir='ltr'><strong>vero</strong></span> <span class='ocrx_word' id='word_1_496' title='bbox 2826 2443 2891 2482; x_wconf 88' lang='lat' dir='ltr'>ac</span> <span class='ocrx_word' id='word_1_497' title='bbox 2913 2427 3191 2484; x_wconf 81' lang='lat' dir='ltr'><strong>discessus</strong></span> <span class='ocrx_word' id='word_1_498' title='bbox 3215 2430 3412 2486; x_wconf 89' lang='lat' dir='ltr'><strong>modus</strong></span> <span class='ocrx_word' id='word_1_499' title='bbox 3436 2445 3550 2487; x_wconf 86' lang='lat' dir='ltr'>non</span> 
     </span>
    </p>
   </div>
   <div class='ocr_carea' id='block_1_54' title="bbox 1960 2518 3552 2588">
    <p class='ocr_par' dir='ltr' id='par_1_54' title="bbox 1960 2518 3552 2588">
     <span class='ocr_line' id='line_1_54' title="bbox 1960 2518 3552 2588; baseline 0.002 -13"><span class='ocrx_word' id='word_1_500' title='bbox 1960 2519 2032 2575; x_wconf 91' lang='lat' dir='ltr'>sit</span> <span class='ocrx_word' id='word_1_501' title='bbox 2057 2520 2348 2585; x_wconf 88' lang='lat' dir='ltr'><strong>sensualis,</strong></span> <span class='ocrx_word' id='word_1_502' title='bbox 2381 2534 2560 2588; x_wconf 88' lang='lat' dir='ltr'><strong>neque</strong></span> <span class='ocrx_word' id='word_1_503' title='bbox 2587 2533 2722 2573; x_wconf 87' lang='lat' dir='ltr'><strong>vero</strong></span> <span class='ocrx_word' id='word_1_504' title='bbox 2753 2518 2822 2573; x_wconf 89' lang='lat' dir='ltr'>de</span> <span class='ocrx_word' id='word_1_505' title='bbox 2855 2519 2977 2573; x_wconf 92' lang='lat' dir='ltr'><strong>loco</strong></span> <span class='ocrx_word' id='word_1_506' title='bbox 3012 2520 3067 2573; x_wconf 91' lang='lat' dir='ltr'>in</span> <span class='ocrx_word' id='word_1_507' title='bbox 3102 2520 3283 2575; x_wconf 87' lang='lat' dir='ltr'><strong>locum</strong></span> <span class='ocrx_word' id='word_1_508' title='bbox 3311 2522 3405 2576; x_wconf 84' lang='lat' dir='ltr'><strong>fiat</strong></span> <span class='ocrx_word' id='word_1_509' title='bbox 3428 2538 3552 2578; x_wconf 87' lang='lat' dir='ltr'><strong>cor-</strong></span> 
     </span>
    </p>
   </div>
   <div class='ocr_carea' id='block_1_55' title="bbox 1959 2609 3550 2685">
    <p class='ocr_par' dir='ltr' id='par_1_55' title="bbox 1959 2609 3550 2685">
     <span class='ocr_line' id='line_1_55' title="bbox 1959 2609 3550 2685; baseline 0.004 -21"><span class='ocrx_word' id='word_1_510' title='bbox 1959 2612 2225 2680; x_wconf 90' lang='lat' dir='ltr'><strong>poraliter</strong></span> <span class='ocrx_word' id='word_1_511' title='bbox 2247 2611 2538 2680; x_wconf 89' lang='lat' dir='ltr'><strong>(absonum</strong></span> <span class='ocrx_word' id='word_1_512' title='bbox 2563 2610 2711 2664; x_wconf 90' lang='lat' dir='ltr'><strong>enim</strong></span> <span class='ocrx_word' id='word_1_513' title='bbox 2737 2609 2792 2663; x_wconf 95' lang='lat' dir='ltr'>in</span> <span class='ocrx_word' id='word_1_514' title='bbox 2818 2611 3012 2680; x_wconf 86' lang='lat' dir='ltr'><strong>primis</strong></span> <span class='ocrx_word' id='word_1_515' title='bbox 3036 2611 3092 2665; x_wconf 90' lang='lat' dir='ltr'>id</span> <span class='ocrx_word' id='word_1_516' title='bbox 3112 2611 3279 2667; x_wconf 90' lang='lat' dir='ltr'><strong>fuerit</strong></span> <span class='ocrx_word' id='word_1_517' title='bbox 3304 2615 3550 2685; x_wconf 85' lang='lat' dir='ltr'><strong>cogitare</strong></span> 
     </span>
    </p>
   </div>
   <div class='ocr_carea' id='block_1_56' title="bbox 1960 2703 3550 2774">
    <p class='ocr_par' dir='ltr' id='par_1_56' title="bbox 1960 2703 3550 2774">
     <span class='ocr_line' id='line_1_56' title="bbox 1960 2703 3550 2774; baseline 0.003 -17"><span class='ocrx_word' id='word_1_518' title='bbox 1960 2706 2048 2758; x_wconf 91' lang='lat' dir='ltr'>vel</span> <span class='ocrx_word' id='word_1_519' title='bbox 2077 2703 2309 2774; x_wconf 88' lang='lat' dir='ltr'><strong>dicere),</strong></span> <span class='ocrx_word' id='word_1_520' title='bbox 2347 2703 2444 2758; x_wconf 89' lang='lat' dir='ltr'>sed</span> <span class='ocrx_word' id='word_1_521' title='bbox 2490 2719 2558 2757; x_wconf 81' lang='lat' dir='ltr'><strong>ex</strong></span> <span class='ocrx_word' id='word_1_522' title='bbox 2587 2703 3016 2773; x_wconf 81' lang='lat' dir='ltr'><strong>cogitationibus</strong></span> <span class='ocrx_word' id='word_1_523' title='bbox 3041 2705 3336 2761; x_wconf 91' lang='lat' dir='ltr'><strong>mundanis</strong></span> <span class='ocrx_word' id='word_1_524' title='bbox 3370 2707 3437 2761; x_wconf 89' lang='lat' dir='ltr'>ad</span> <span class='ocrx_word' id='word_1_525' title='bbox 3465 2707 3550 2762; x_wconf 85' lang='lat' dir='ltr'><strong>fa-</strong></span> 
     </span>
    </p>
   </div>
   <div class='ocr_carea' id='block_1_57' title="bbox 1959 2791 3551 2861">
    <p class='ocr_par' dir='ltr' id='par_1_57' title="bbox 1959 2791 3551 2861">
     <span class='ocr_line' id='line_1_57' title="bbox 1959 2791 3551 2861; baseline 0.001 -14"><span class='ocrx_word' id='word_1_526' title='bbox 1959 2792 2154 2848; x_wconf 89' lang='lat' dir='ltr'><strong>cienda</strong></span> <span class='ocrx_word' id='word_1_527' title='bbox 2183 2808 2247 2846; x_wconf 89' lang='lat' dir='ltr'>ea</span> <span class='ocrx_word' id='word_1_528' title='bbox 2271 2807 2393 2861; x_wconf 69' lang='lat' dir='ltr'><strong>qua:</strong></span> <span class='ocrx_word' id='word_1_529' title='bbox 2418 2791 2530 2845; x_wconf 85' lang='lat' dir='ltr'>Deo</span> <span class='ocrx_word' id='word_1_530' title='bbox 2569 2792 2805 2860; x_wconf 88' lang='lat' dir='ltr'><strong>placent,</strong></span> <span class='ocrx_word' id='word_1_531' title='bbox 2846 2791 3129 2846; x_wconf 86' lang='lat' dir='ltr'><strong>fructuose</strong></span> <span class='ocrx_word' id='word_1_532' title='bbox 3154 2794 3327 2848; x_wconf 88' lang='lat' dir='ltr'><strong>vitam</strong></span> <span class='ocrx_word' id='word_1_533' title='bbox 3354 2795 3551 2849; x_wconf 90' lang='lat' dir='ltr'><strong>termi-</strong></span> 
     </span>
    </p>
   </div>
   <div class='ocr_carea' id='block_1_58' title="bbox 1960 2885 3554 2951">
    <p class='ocr_par' dir='ltr' id='par_1_58' title="bbox 1960 2885 3554 2951">
     <span class='ocr_line' id='line_1_58' title="bbox 1960 2885 3554 2951; baseline 0.001 -9"><span class='ocrx_word' id='word_1_534' title='bbox 1960 2895 2073 2942; x_wconf 89' lang='lat' dir='ltr'><strong>nat.</strong></span> <span class='ocrx_word' id='word_1_535' title='bbox 2096 2885 2253 2951; x_wconf 87' lang='lat' dir='ltr'><strong>Nam,</strong></span> <span class='ocrx_word' id='word_1_536' title='bbox 2287 2892 2348 2940; x_wconf 89' lang='lat' dir='ltr'>ut</span> <span class='ocrx_word' id='word_1_537' title='bbox 2372 2885 2567 2940; x_wconf 90' lang='lat' dir='ltr'><strong>beatus</strong></span> <span class='ocrx_word' id='word_1_538' title='bbox 2589 2885 2792 2939; x_wconf 88' lang='lat' dir='ltr'><strong>Paulus</strong></span> <span class='ocrx_word' id='word_1_539' title='bbox 2815 2885 3032 2950; x_wconf 90' lang='lat' dir='ltr'><strong>scribit,</strong></span> <span class='ocrx_word' id='word_1_540' title='bbox 3081 2905 3099 2936; x_wconf 81' lang='grc' dir='ltr'>ι</span> <span class='ocrx_word' id='word_1_541' title='bbox 3129 2886 3250 2940; x_wconf 88' lang='grc' dir='ltr'>Νοιι</span> <span class='ocrx_word' id='word_1_542' title='bbox 3280 2887 3554 2945; x_wconf 87' lang='lat' dir='ltr'><strong>habemus</strong></span> 
     </span>
    </p>
   </div>
   <div class='ocr_carea' id='block_1_59' title="bbox 1960 2977 3544 3048">
    <p class='ocr_par' dir='ltr' id='par_1_59' title="bbox 1960 2977 3544 3048">
     <span class='ocr_line' id='line_1_59' title="bbox 1960 2977 3544 3048; baseline 0.001 -16"><span class='ocrx_word' id='word_1_543' title='bbox 1960 2979 2053 3035; x_wconf 88' lang='lat' dir='ltr'>hic</span> <span class='ocrx_word' id='word_1_544' title='bbox 2075 2987 2386 3033; x_wconf 90' lang='lat' dir='ltr'><strong>manentem</strong></span> <span class='ocrx_word' id='word_1_545' title='bbox 2412 2977 2712 3044; x_wconf 85' lang='lat' dir='ltr'><strong>civitatem,</strong></span> <span class='ocrx_word' id='word_1_546' title='bbox 2730 2978 2827 3033; x_wconf 90' lang='lat' dir='ltr'>sed</span> <span class='ocrx_word' id='word_1_547' title='bbox 2849 2977 3088 3032; x_wconf 87' lang='lat' dir='ltr'><strong>futuram</strong></span> <span class='ocrx_word' id='word_1_548' title='bbox 3108 2979 3544 3048; x_wconf 66' lang='lat' dir='ltr'><strong>inquirimus”,s</strong></span> 
     </span>
    </p>
   </div>
   <div class='ocr_carea' id='block_1_60' title="bbox 1959 3070 3550 3142">
    <p class='ocr_par' dir='ltr' id='par_1_60' title="bbox 1959 3070 3550 3142">
     <span class='ocr_line' id='line_1_60' title="bbox 1959 3070 3550 3142; baseline 0.001 -16"><span class='ocrx_word' id='word_1_549' title='bbox 1959 3073 2116 3142; x_wconf 87' lang='lat' dir='ltr'><strong>cujus</strong></span> <span class='ocrx_word' id='word_1_550' title='bbox 2141 3070 2327 3140; x_wconf 82' lang='lat' dir='ltr'><strong>Opifex</strong></span> <span class='ocrx_word' id='word_1_551' title='bbox 2368 3076 2426 3126; x_wconf 91' lang='lat' dir='ltr'>et</span> <span class='ocrx_word' id='word_1_552' title='bbox 2469 3078 2690 3125; x_wconf 87' lang='lat' dir='ltr'><strong>creator</strong></span> <span class='ocrx_word' id='word_1_553' title='bbox 2719 3079 2805 3126; x_wconf 89' lang='lat' dir='ltr'>est</span> <span class='ocrx_word' id='word_1_554' title='bbox 2837 3071 3002 3125; x_wconf 89' lang='lat' dir='ltr'><strong>Deus.</strong></span> <span class='ocrx_word' id='word_1_555' title='bbox 3032 3071 3188 3126; x_wconf 82' lang='lat' dir='ltr'><strong>Alius</strong></span> <span class='ocrx_word' id='word_1_556' title='bbox 3217 3087 3350 3126; x_wconf 89' lang='lat' dir='ltr'><strong>vero</strong></span> <span class='ocrx_word' id='word_1_557' title='bbox 3381 3072 3550 3127; x_wconf 85' lang='lat' dir='ltr'><strong>etiam</strong></span> 
     </span>
    </p>
   </div>
   <div class='ocr_carea' id='block_1_61' title="bbox 1959 3161 3550 3232">
    <p class='ocr_par' dir='ltr' id='par_1_61' title="bbox 1959 3161 3550 3232">
     <span class='ocr_line' id='line_1_61' title="bbox 1959 3161 3550 3232; baseline 0.001 -14"><span class='ocrx_word' id='word_1_558' title='bbox 1959 3178 2028 3218; x_wconf 81' lang='lat' dir='ltr'><strong>ex</strong></span> <span class='ocrx_word' id='word_1_559' title='bbox 2067 3163 2271 3218; x_wconf 89' lang='lat' dir='ltr'><strong>sanctis</strong></span> <span class='ocrx_word' id='word_1_560' title='bbox 2293 3162 2559 3232; x_wconf 88' lang='lat' dir='ltr'><strong>apostolis</strong></span> <span class='ocrx_word' id='word_1_561' title='bbox 2584 3162 2659 3216; x_wconf 91' lang='lat' dir='ltr'>ita</span> <span class='ocrx_word' id='word_1_562' title='bbox 2695 3163 2926 3217; x_wconf 88' lang='lat' dir='ltr'><strong>scribit:</strong></span> <span class='ocrx_word' id='word_1_563' title='bbox 2962 3182 2979 3213; x_wconf 78' lang='grc' dir='ltr'>ι</span> <span class='ocrx_word' id='word_1_564' title='bbox 3019 3161 3265 3218; x_wconf 90' lang='lat' dir='ltr'><strong>Obsecro</strong></span> <span class='ocrx_word' id='word_1_565' title='bbox 3279 3178 3396 3228; x_wconf 89' lang='lat' dir='ltr'><strong>vos,</strong></span> <span class='ocrx_word' id='word_1_566' title='bbox 3431 3172 3550 3219; x_wconf 81' lang='lat' dir='ltr'><strong>tan-</strong></span> 
     </span>
    </p>
   </div>
   <div class='ocr_carea' id='block_1_62' title="bbox 1959 3254 3552 3325">
    <p class='ocr_par' dir='ltr' id='par_1_62' title="bbox 1959 3254 3552 3325">
     <span class='ocr_line' id='line_1_62' title="bbox 1959 3254 3552 3325; baseline 0.001 -18"><span class='ocrx_word' id='word_1_567' title='bbox 1959 3269 2121 3324; x_wconf 91' lang='lat' dir='ltr'><strong>quam</strong></span> <span class='ocrx_word' id='word_1_568' title='bbox 2150 3254 2390 3309; x_wconf 85' lang='lat' dir='ltr'><strong>advenas</strong></span> <span class='ocrx_word' id='word_1_569' title='bbox 2418 3262 2474 3310; x_wconf 89' lang='lat' dir='ltr'>et</span> <span class='ocrx_word' id='word_1_570' title='bbox 2495 3255 2837 3325; x_wconf 88' lang='lat' dir='ltr'><strong>peregrinos,</strong></span> <span class='ocrx_word' id='word_1_571' title='bbox 2856 3254 3134 3310; x_wconf 89' lang='lat' dir='ltr'><strong>abstinere</strong></span> <span class='ocrx_word' id='word_1_572' title='bbox 3171 3270 3270 3309; x_wconf 83' lang='lat' dir='ltr'>vos</span> <span class='ocrx_word' id='word_1_573' title='bbox 3298 3269 3329 3308; x_wconf 90' lang='lat' dir='ltr'>a</span> <span class='ocrx_word' id='word_1_574' title='bbox 3353 3270 3552 3309; x_wconf 83' lang='lat' dir='ltr'><strong>carna-</strong></span> 
     </span>
    </p>
   </div>
   <div class='ocr_carea' id='block_1_63' title="bbox 1958 3345 3543 3415">
    <p class='ocr_par' dir='ltr' id='par_1_63' title="bbox 1958 3345 3543 3415">
     <span class='ocr_line' id='line_1_63' title="bbox 1958 3345 3543 3415; baseline -0.001 -15"><span class='ocrx_word' id='word_1_575' title='bbox 1958 3347 2104 3402; x_wconf 86' lang='lat' dir='ltr'><strong>libus</strong></span> <span class='ocrx_word' id='word_1_576' title='bbox 2129 3346 2438 3410; x_wconf 85' lang='lat' dir='ltr'><strong>desideriis,</strong></span> <span class='ocrx_word' id='word_1_577' title='bbox 2475 3361 2598 3415; x_wconf 67' lang='lat' dir='ltr'><strong>quaa</strong></span> <span class='ocrx_word' id='word_1_578' title='bbox 2623 3346 2860 3400; x_wconf 91' lang='lat' dir='ltr'><strong>militant</strong></span> <span class='ocrx_word' id='word_1_579' title='bbox 2884 3346 3150 3401; x_wconf 87' lang='lat' dir='ltr'><strong>adversus</strong></span> <span class='ocrx_word' id='word_1_580' title='bbox 3176 3346 3416 3401; x_wconf 86' lang='lat' dir='ltr'><strong>animam</strong></span> <span class='ocrx_word' id='word_1_581' title='bbox 3430 3345 3497 3400; x_wconf 65' lang='grc'>⁸⁸.</span> <span class='ocrx_word' id='word_1_582' title='bbox 3524 3365 3543 3398; x_wconf 76' lang='grc' dir='ltr'>ι</span> 
     </span>
    </p>
   </div>
   <div class='ocr_carea' id='block_1_64' title="bbox 1959 3439 3552 3508">
    <p class='ocr_par' dir='ltr' id='par_1_64' title="bbox 1959 3439 3552 3508">
     <span class='ocr_line' id='line_1_64' title="bbox 1959 3439 3552 3508; baseline -0.001 -14"><span class='ocrx_word' id='word_1_583' title='bbox 1959 3439 2317 3494; x_wconf 81' lang='lat' dir='ltr'><strong>Ambulantes</strong></span> <span class='ocrx_word' id='word_1_584' title='bbox 2340 3449 2523 3494; x_wconf 89' lang='lat' dir='ltr'><strong>autem</strong></span> <span class='ocrx_word' id='word_1_585' title='bbox 2553 3455 2719 3508; x_wconf 89' lang='lat' dir='ltr'><strong>super</strong></span> <span class='ocrx_word' id='word_1_586' title='bbox 2745 3446 2948 3493; x_wconf 89' lang='lat' dir='ltr'><strong>terram</strong></span> <span class='ocrx_word' id='word_1_587' title='bbox 2973 3439 3145 3494; x_wconf 87' lang='lat' dir='ltr'><strong>veluti</strong></span> <span class='ocrx_word' id='word_1_588' title='bbox 3177 3440 3231 3493; x_wconf 95' lang='lat' dir='ltr'>in</span> <span class='ocrx_word' id='word_1_589' title='bbox 3255 3440 3396 3494; x_wconf 68' lang='lat' dir='ltr'><strong>caelo</strong></span> <span class='ocrx_word' id='word_1_590' title='bbox 3415 3455 3552 3495; x_wconf 84' lang='lat' dir='ltr'><strong>con-</strong></span> 
     </span>
    </p>
   </div>
   <div class='ocr_carea' id='block_1_65' title="bbox 1958 3529 3552 3600">
    <p class='ocr_par' dir='ltr' id='par_1_65' title="bbox 1958 3529 3552 3600">
     <span class='ocr_line' id='line_1_65' title="bbox 1958 3529 3552 3600; baseline 0.002 -17"><span class='ocrx_word' id='word_1_591' title='bbox 1958 3545 2249 3585; x_wconf 77' lang='lat' dir='ltr'><strong>versemur</strong></span> <span class='ocrx_word' id='word_1_592' title='bbox 2280 3529 2348 3596; x_wconf 79' lang='grc'>⁵⁸,</span> <span class='ocrx_word' id='word_1_593' title='bbox 2377 3546 2488 3584; x_wconf 91' lang='lat' dir='ltr'>non</span> <span class='ocrx_word' id='word_1_594' title='bbox 2525 3529 2750 3599; x_wconf 90' lang='lat' dir='ltr'><strong>quidem</strong></span> <span class='ocrx_word' id='word_1_595' title='bbox 2785 3530 3026 3600; x_wconf 90' lang='lat' dir='ltr'><strong>amplius</strong></span> <span class='ocrx_word' id='word_1_596' title='bbox 3048 3531 3345 3585; x_wconf 88' lang='lat' dir='ltr'><strong>carnaliter</strong></span> <span class='ocrx_word' id='word_1_597' title='bbox 3361 3530 3552 3586; x_wconf 81' lang='lat' dir='ltr'><strong>vivere</strong></span> 
     </span>
    </p>
   </div>
   <div class='ocr_carea' id='block_1_66' title="bbox 1959 3622 3554 3694">
    <p class='ocr_par' dir='ltr' id='par_1_66' title="bbox 1959 3622 3554 3694">
     <span class='ocr_line' id='line_1_66' title="bbox 1959 3622 3554 3694; baseline 0.001 -17"><span class='ocrx_word' id='word_1_598' title='bbox 1959 3624 2234 3689; x_wconf 84' lang='lat' dir='ltr'><strong>volentes,</strong></span> <span class='ocrx_word' id='word_1_599' title='bbox 2283 3631 2338 3676; x_wconf 88' lang='lat' dir='ltr'>at</span> <span class='ocrx_word' id='word_1_600' title='bbox 2373 3624 2557 3692; x_wconf 90' lang='lat' dir='ltr'><strong>potius</strong></span> <span class='ocrx_word' id='word_1_601' title='bbox 2611 3631 2801 3678; x_wconf 90' lang='lat' dir='ltr'><strong>sancte</strong></span> <span class='ocrx_word' id='word_1_602' title='bbox 2871 3632 2928 3679; x_wconf 90' lang='lat' dir='ltr'>et</span> <span class='ocrx_word' id='word_1_603' title='bbox 2989 3623 3328 3693; x_wconf 88' lang='lat' dir='ltr'><strong>spiritaliter.</strong></span> <span class='ocrx_word' id='word_1_604' title='bbox 3374 3622 3554 3694; x_wconf 86' lang='lat' dir='ltr'><strong>Erigit</strong></span> 
     </span>
    </p>
   </div>
   <div class='ocr_carea' id='block_1_67' title="bbox 1957 3713 3552 3770">
    <p class='ocr_par' dir='ltr' id='par_1_67' title="bbox 1957 3713 3552 3770">
     <span class='ocr_line' id='line_1_67' title="bbox 1957 3713 3552 3770; baseline -0.001 0"><span class='ocrx_word' id='word_1_605' title='bbox 1957 3731 2092 3770; x_wconf 83' lang='lat' dir='ltr'><strong>vero</strong></span> <span class='ocrx_word' id='word_1_606' title='bbox 2127 3732 2228 3770; x_wconf 88' lang='lat' dir='ltr'>nos</span> <span class='ocrx_word' id='word_1_607' title='bbox 2250 3715 2317 3770; x_wconf 90' lang='lat' dir='ltr'>ad</span> <span class='ocrx_word' id='word_1_608' title='bbox 2357 3715 2463 3770; x_wconf 90' lang='lat' dir='ltr'>hoc</span> <span class='ocrx_word' id='word_1_609' title='bbox 2488 3715 2693 3770; x_wconf 87' lang='lat' dir='ltr'><strong>Paulus</strong></span> <span class='ocrx_word' id='word_1_610' title='bbox 2727 3715 2800 3770; x_wconf 89' lang='lat' dir='ltr'>ita</span> <span class='ocrx_word' id='word_1_611' title='bbox 2827 3715 3079 3770; x_wconf 88' lang='lat' dir='ltr'><strong>scribens</strong></span> <span class='ocrx_word' id='word_1_612' title='bbox 3107 3733 3120 3769; x_wconf 89' lang='lat'><strong>:</strong></span> <span class='ocrx_word' id='word_1_613' title='bbox 3161 3734 3179 3766; x_wconf 82' lang='grc' dir='ltr'>ι</span> <span class='ocrx_word' id='word_1_614' title='bbox 3225 3716 3303 3770; x_wconf 86' lang='lat' dir='ltr'><strong>Ne</strong></span> <span class='ocrx_word' id='word_1_615' title='bbox 3327 3713 3552 3769; x_wconf 85' lang='lat' dir='ltr'><strong>confor-</strong></span> 
     </span>
    </p>
   </div>
   <div class='ocr_carea' id='block_1_68' title="bbox 1958 3803 3550 3867">
    <p class='ocr_par' dir='ltr' id='par_1_68' title="bbox 1958 3803 3550 3867">
     <span class='ocr_line' id='line_1_68' title="bbox 1958 3803 3550 3867; baseline -0.001 -9"><span class='ocrx_word' id='word_1_616' title='bbox 1958 3805 2185 3859; x_wconf 90' lang='lat' dir='ltr'><strong>memini</strong></span> <span class='ocrx_word' id='word_1_617' title='bbox 2205 3804 2406 3859; x_wconf 65' lang='lat' dir='ltr'><strong>saeculo</strong></span> <span class='ocrx_word' id='word_1_618' title='bbox 2430 3805 2560 3858; x_wconf 87' lang='lat' dir='ltr'><strong>huic</strong></span> <span class='ocrx_word' id='word_1_619' title='bbox 2580 3845 2594 3867; x_wconf 92' lang='lat'>,</span> <span class='ocrx_word' id='word_1_620' title='bbox 2620 3803 2717 3858; x_wconf 89' lang='lat' dir='ltr'>sed</span> <span class='ocrx_word' id='word_1_621' title='bbox 2743 3803 3166 3858; x_wconf 86' lang='lat' dir='ltr'><strong>conformemini</strong></span> <span class='ocrx_word' id='word_1_622' title='bbox 3206 3803 3550 3857; x_wconf 83' lang='lat' dir='ltr'><strong>renovationi</strong></span> 
     </span>
    </p>
   </div>
   <div class='ocr_carea' id='block_1_69' title="bbox 1960 3873 3550 3965">
    <p class='ocr_par' dir='ltr' id='par_1_69' title="bbox 1960 3873 3550 3965">
     <span class='ocr_line' id='line_1_69' title="bbox 1960 3873 3550 3965; baseline -0.002 -16"><span class='ocrx_word' id='word_1_623' title='bbox 1960 3896 2162 3950; x_wconf 87' lang='lat' dir='ltr'><strong>mentis</strong></span> <span class='ocrx_word' id='word_1_624' title='bbox 2189 3904 2408 3959; x_wconf 62' lang='lat' dir='ltr'><strong>vestrae,</strong></span> <span class='ocrx_word' id='word_1_625' title='bbox 2435 3903 2496 3949; x_wconf 89' lang='lat' dir='ltr'>ut</span> <span class='ocrx_word' id='word_1_626' title='bbox 2518 3895 2767 3965; x_wconf 90' lang='lat' dir='ltr'><strong>probetis</strong></span> <span class='ocrx_word' id='word_1_627' title='bbox 2786 3911 2902 3958; x_wconf 85' lang='lat' dir='ltr'><strong>vos,</strong></span> <span class='ocrx_word' id='word_1_628' title='bbox 2930 3910 3051 3963; x_wconf 75' lang='lat' dir='ltr'><strong>quae</strong></span> <span class='ocrx_word' id='word_1_629' title='bbox 3074 3893 3145 3947; x_wconf 87' lang='lat' dir='ltr'>sit</span> <span class='ocrx_word' id='word_1_630' title='bbox 3165 3894 3420 3946; x_wconf 80' lang='lat' dir='ltr'><strong>voluntas</strong></span> <span class='ocrx_word' id='word_1_631' title='bbox 3452 3873 3550 3946; x_wconf 88' lang='lat' dir='ltr'>Dei</span> 
     </span>
    </p>
   </div>
   <div class='ocr_carea' id='block_1_70' title="bbox 1961 3985 3551 4056">
    <p class='ocr_par' dir='ltr' id='par_1_70' title="bbox 1961 3985 3551 4056">
     <span class='ocr_line' id='line_1_70' title="bbox 1961 3985 3551 4056; baseline -0.003 -14"><span class='ocrx_word' id='word_1_632' title='bbox 1961 3988 2134 4052; x_wconf 89' lang='lat' dir='ltr'><strong>bona,</strong></span> <span class='ocrx_word' id='word_1_633' title='bbox 2181 4003 2245 4042; x_wconf 91' lang='lat' dir='ltr'>ac</span> <span class='ocrx_word' id='word_1_634' title='bbox 2289 3987 2428 4040; x_wconf 89' lang='lat' dir='ltr'><strong>bene</strong></span> <span class='ocrx_word' id='word_1_635' title='bbox 2476 3987 2699 4056; x_wconf 87' lang='lat' dir='ltr'><strong>placens</strong></span> <span class='ocrx_word' id='word_1_636' title='bbox 2739 3993 2796 4041; x_wconf 89' lang='lat' dir='ltr'>et</span> <span class='ocrx_word' id='word_1_637' title='bbox 2833 3985 3078 4056; x_wconf 89' lang='lat' dir='ltr'><strong>perfecta</strong></span> <span class='ocrx_word' id='word_1_638' title='bbox 3107 3986 3172 4039; x_wconf 81' lang='grc'>⁵⁸.</span> <span class='ocrx_word' id='word_1_639' title='bbox 3203 4005 3220 4036; x_wconf 85' lang='grc'><strong>›</strong></span> <span class='ocrx_word' id='word_1_640' title='bbox 3253 3985 3551 4054; x_wconf 89' lang='lat' dir='ltr'><strong>Postquam</strong></span> 
     </span>
    </p>
   </div>
   <div class='ocr_carea' id='block_1_71' title="bbox 275 4077 1856 4160">
    <p class='ocr_par' dir='ltr' id='par_1_71' title="bbox 275 4080 1856 4153">
     <span class='ocr_line' id='line_1_71' title="bbox 275 4080 1856 4153; baseline 0.004 -23"><span class='ocrx_word' id='word_1_641' title='bbox 275 4080 326 4130; x_wconf 70' lang='grc' dir='ltr'>τὸ</span> <span class='ocrx_word' id='word_1_642' title='bbox 356 4080 580 4153; x_wconf 85' lang='grc' dir='ltr'>θέλημα</span> <span class='ocrx_word' id='word_1_643' title='bbox 624 4081 720 4135; x_wconf 90' lang='grc' dir='ltr'>τοῦ</span> <span class='ocrx_word' id='word_1_644' title='bbox 763 4082 900 4136; x_wconf 86' lang='grc' dir='ltr'>Θεοῦ</span> <span class='ocrx_word' id='word_1_645' title='bbox 930 4082 992 4135; x_wconf 83' lang='grc' dir='ltr'>τὸ</span> <span class='ocrx_word' id='word_1_646' title='bbox 1020 4083 1247 4152; x_wconf 79' lang='grc' dir='ltr'>ἀγαθὸν,</span> <span class='ocrx_word' id='word_1_647' title='bbox 1283 4083 1382 4136; x_wconf 79' lang='grc' dir='ltr'>καὶ</span> <span class='ocrx_word' id='word_1_648' title='bbox 1407 4083 1722 4152; x_wconf 82' lang='grc' dir='ltr'>εὐάρεστον,</span> <span class='ocrx_word' id='word_1_649' title='bbox 1760 4084 1856 4137; x_wconf 70' lang='grc' dir='ltr'>καὶ</span> 
     </span>
    </p>
   </div>
   <div class='ocr_carea' id='block_1_72' title="bbox 1959 4077 3552 4160">
    <p class='ocr_par' dir='ltr' id='par_1_72' title="bbox 1960 4077 3552 4148">
     <span class='ocr_line' id='line_1_72' title="bbox 1960 4077 3552 4148; baseline -0.002 -14"><span class='ocrx_word' id='word_1_650' title='bbox 1960 4095 2093 4134; x_wconf 86' lang='lat' dir='ltr'><strong>vero</strong></span> <span class='ocrx_word' id='word_1_651' title='bbox 2109 4094 2457 4148; x_wconf 87' lang='lat' dir='ltr'><strong>nequaquam</strong></span> <span class='ocrx_word' id='word_1_652' title='bbox 2484 4078 2690 4134; x_wconf 90' lang='lat' dir='ltr'><strong>mundo</strong></span> <span class='ocrx_word' id='word_1_653' title='bbox 2713 4078 3040 4134; x_wconf 85' lang='lat' dir='ltr'><strong>conformati</strong></span> <span class='ocrx_word' id='word_1_654' title='bbox 3071 4077 3361 4142; x_wconf 86' lang='lat' dir='ltr'><strong>fuerimus,</strong></span> <span class='ocrx_word' id='word_1_655' title='bbox 3387 4093 3552 4132; x_wconf 84' lang='lat' dir='ltr'><strong>mun-</strong></span> 
     </span>
    </p>
   </div>
   <div class='ocr_carea' id='block_1_73' title="bbox 270 4172 1858 4246">
    <p class='ocr_par' dir='ltr' id='par_1_73' title="bbox 270 4172 1858 4246">
     <span class='ocr_line' id='line_1_73' title="bbox 270 4172 1858 4246; baseline 0.003 -24"><span class='ocrx_word' id='word_1_656' title='bbox 270 4172 482 4227; x_wconf 78' lang='grc' dir='ltr'>τέλειον.</span> <span class='ocrx_word' id='word_1_657' title='bbox 518 4193 539 4225; x_wconf 76' lang='grc' dir='ltr'>ι</span> <span class='ocrx_word' id='word_1_658' title='bbox 595 4173 813 4244; x_wconf 79' lang='grc' dir='ltr'>Ἐπειδὴ</span> <span class='ocrx_word' id='word_1_659' title='bbox 836 4174 962 4227; x_wconf 76' lang='grc' dir='ltr'>δὲού</span> <span class='ocrx_word' id='word_1_660' title='bbox 990 4174 1068 4243; x_wconf 84' lang='grc' dir='ltr'>τῷ</span> <span class='ocrx_word' id='word_1_661' title='bbox 1093 4175 1285 4246; x_wconf 83' lang='grc' dir='ltr'>κόσμῳ</span> <span class='ocrx_word' id='word_1_662' title='bbox 1308 4173 1858 4246; x_wconf 80' lang='grc' dir='ltr'>συνεσχηματίσμεθα</span> 
     </span>
    </p>
   </div>
   <div class='ocr_carea' id='block_1_74' title="bbox 271 4267 1858 4340">
    <p class='ocr_par' dir='ltr' id='par_1_74' title="bbox 271 4267 1858 4340">
     <span class='ocr_line' id='line_1_74' title="bbox 271 4267 1858 4340; baseline 0.004 -25"><span class='ocrx_word' id='word_1_663' title='bbox 271 4268 360 4334; x_wconf 71' lang='grc' dir='ltr'>τὴν</span> <span class='ocrx_word' id='word_1_664' title='bbox 381 4267 664 4338; x_wconf 73' lang='grc' dir='ltr'>κοσμικὴν</span> <span class='ocrx_word' id='word_1_665' title='bbox 697 4267 914 4338; x_wconf 81' lang='grc' dir='ltr'>ἀπάτην</span> <span class='ocrx_word' id='word_1_666' title='bbox 935 4267 1301 4333; x_wconf 82' lang='grc' dir='ltr'>ἐκϐαίνοντες,</span> <span class='ocrx_word' id='word_1_667' title='bbox 1342 4267 1696 4340; x_wconf 86' lang='grc' dir='ltr'>μιμησόμεθα</span> <span class='ocrx_word' id='word_1_668' title='bbox 1727 4269 1858 4338; x_wconf 88' lang='grc' dir='ltr'>παρ’</span> 
     </span>
    </p>
   </div>
   <div class='ocr_carea' id='block_1_75' title="bbox 274 4357 1858 4432">
    <p class='ocr_par' dir='ltr' id='par_1_75' title="bbox 274 4357 1858 4432">
     <span class='ocr_line' id='line_1_75' title="bbox 274 4357 1858 4432; baseline 0.002 -23"><span class='ocrx_word' id='word_1_669' title='bbox 274 4359 449 4414; x_wconf 70' lang='grc' dir='ltr'>αὑτοῦ.</span> <span class='ocrx_word' id='word_1_670' title='bbox 494 4359 615 4412; x_wconf 68' lang='grc' dir='ltr'>Καὶ</span> <span class='ocrx_word' id='word_1_671' title='bbox 656 4359 816 4412; x_wconf 84' lang='grc' dir='ltr'>τοῦτο</span> <span class='ocrx_word' id='word_1_672' title='bbox 854 4357 1011 4422; x_wconf 84' lang='grc' dir='ltr'>εἰδὼς</span> <span class='ocrx_word' id='word_1_673' title='bbox 1042 4358 1218 4424; x_wconf 77' lang='grc' dir='ltr'>οὕτως</span> <span class='ocrx_word' id='word_1_674' title='bbox 1245 4360 1368 4432; x_wconf 80' lang='grc' dir='ltr'>ἕχον</span> <span class='ocrx_word' id='word_1_675' title='bbox 1401 4360 1642 4430; x_wconf 76' lang='grc' dir='ltr'>ἔφασκεν</span> <span class='ocrx_word' id='word_1_676' title='bbox 1677 4357 1706 4410; x_wconf 89' lang='lat'>6</span> <span class='ocrx_word' id='word_1_677' title='bbox 1744 4359 1858 4412; x_wconf 83' lang='grc' dir='ltr'>Σω-</span> 
     </span>
    </p>
   </div>
   <div class='ocr_carea' id='block_1_76' title="bbox 271 4445 1855 4522">
    <p class='ocr_par' dir='ltr' id='par_1_76' title="bbox 271 4445 1855 4522">
     <span class='ocr_line' id='line_1_76' title="bbox 271 4445 1855 4522; baseline 0.002 -23"><span class='ocrx_word' id='word_1_678' title='bbox 271 4450 368 4517; x_wconf 69' lang='grc' dir='ltr'>τήρ</span> <span class='ocrx_word' id='word_1_679' title='bbox 401 4468 415 4480; x_wconf 78' lang='grc' dir='ltr'><strong><em>ο</em></strong></span> <span class='ocrx_word' id='word_1_680' title='bbox 457 4469 476 4502; x_wconf 83' lang='grc' dir='ltr'>ι</span> <span class='ocrx_word' id='word_1_681' title='bbox 521 4451 593 4502; x_wconf 73' lang='lat' dir='ltr'>El</span> <span class='ocrx_word' id='word_1_682' title='bbox 624 4452 692 4503; x_wconf 87' lang='grc' dir='ltr'>ἐκ</span> <span class='ocrx_word' id='word_1_683' title='bbox 722 4449 815 4502; x_wconf 90' lang='grc' dir='ltr'>τοῦ</span> <span class='ocrx_word' id='word_1_684' title='bbox 849 4450 1056 4520; x_wconf 85' lang='grc' dir='ltr'>κόσμου</span> <span class='ocrx_word' id='word_1_685' title='bbox 1087 4445 1207 4520; x_wconf 82' lang='grc' dir='ltr'>ἦτε,</span> <span class='ocrx_word' id='word_1_686' title='bbox 1236 4453 1265 4505; x_wconf 89' lang='lat'>6</span> <span class='ocrx_word' id='word_1_687' title='bbox 1291 4450 1499 4522; x_wconf 87' lang='grc' dir='ltr'>κόσμος</span> <span class='ocrx_word' id='word_1_688' title='bbox 1526 4451 1592 4504; x_wconf 85' lang='grc' dir='ltr'>ἂν</span> <span class='ocrx_word' id='word_1_689' title='bbox 1621 4449 1682 4502; x_wconf 77' lang='grc' dir='ltr'>τὸ</span> <span class='ocrx_word' id='word_1_690' title='bbox 1722 4449 1855 4502; x_wconf 85' lang='grc' dir='ltr'>ἴδιον</span> 
     </span>
    </p>
   </div>
   <div class='ocr_carea' id='block_1_77' title="bbox 271 4540 1858 4615">
    <p class='ocr_par' dir='ltr' id='par_1_77' title="bbox 271 4540 1858 4615">
     <span class='ocr_line' id='line_1_77' title="bbox 271 4540 1858 4615; baseline 0.001 -23"><span class='ocrx_word' id='word_1_691' title='bbox 271 4542 431 4608; x_wconf 56' lang='grc' dir='ltr'>ἐφίλει</span> <span class='ocrx_word' id='word_1_692' title='bbox 457 4561 472 4576; x_wconf 76' lang='grc' dir='ltr'><strong><em>ο</em></strong></span> <span class='ocrx_word' id='word_1_693' title='bbox 516 4541 716 4615; x_wconf 84' lang='grc' dir='ltr'>ἐπειδὴ</span> <span class='ocrx_word' id='word_1_694' title='bbox 756 4543 813 4596; x_wconf 81' lang='grc' dir='ltr'>δὲ</span> <span class='ocrx_word' id='word_1_695' title='bbox 850 4544 916 4596; x_wconf 87' lang='grc' dir='ltr'>ἐκ</span> <span class='ocrx_word' id='word_1_696' title='bbox 957 4544 1165 4613; x_wconf 86' lang='grc' dir='ltr'>κόσμου</span> <span class='ocrx_word' id='word_1_697' title='bbox 1198 4544 1302 4603; x_wconf 69' lang='grc' dir='ltr'>οὐκ,</span> <span class='ocrx_word' id='word_1_698' title='bbox 1348 4543 1470 4596; x_wconf 84' lang='grc' dir='ltr'>ἐστέ</span> <span class='ocrx_word' id='word_1_699' title='bbox 1497 4583 1512 4607; x_wconf 91' lang='grc'>,</span> <span class='ocrx_word' id='word_1_700' title='bbox 1575 4541 1664 4595; x_wconf 72' lang='grc' dir='ltr'>διὰ</span> <span class='ocrx_word' id='word_1_701' title='bbox 1698 4540 1858 4594; x_wconf 90' lang='grc' dir='ltr'>τοῦτο</span> 
     </span>
    </p>
   </div>
   <div class='ocr_carea' id='block_1_78' title="bbox 273 4634 1858 4710">
    <p class='ocr_par' dir='ltr' id='par_1_78' title="bbox 273 4634 1858 4710">
     <span class='ocr_line' id='line_1_78' title="bbox 273 4634 1858 4710; baseline 0.001 -25"><span class='ocrx_word' id='word_1_702' title='bbox 273 4639 410 4701; x_wconf 74' lang='grc' dir='ltr'>μισεῖ</span> <span class='ocrx_word' id='word_1_703' title='bbox 447 4637 606 4705; x_wconf 78' lang='grc' dir='ltr'>ὑμᾶς</span> <span class='ocrx_word' id='word_1_704' title='bbox 637 4638 667 4689; x_wconf 91' lang='lat'>6</span> <span class='ocrx_word' id='word_1_705' title='bbox 712 4636 934 4706; x_wconf 85' lang='grc' dir='ltr'>κόσμος.</span> <span class='ocrx_word' id='word_1_706' title='bbox 981 4656 999 4689; x_wconf 81' lang='grc' dir='ltr'>ι</span> <span class='ocrx_word' id='word_1_707' title='bbox 1045 4636 1253 4710; x_wconf 78' lang='grc' dir='ltr'>Οὐκοῦν</span> <span class='ocrx_word' id='word_1_708' title='bbox 1285 4635 1470 4688; x_wconf 88' lang='grc' dir='ltr'>διώκει</span> <span class='ocrx_word' id='word_1_709' title='bbox 1523 4634 1717 4705; x_wconf 88' lang='grc' dir='ltr'>μισῶν.</span> <span class='ocrx_word' id='word_1_710' title='bbox 1755 4635 1858 4687; x_wconf 85' lang='grc' dir='ltr'>Φο-</span> 
     </span>
    </p>
   </div>
   <div class='ocr_carea' id='block_1_79' title="bbox 268 4725 1854 4800">
    <p class='ocr_par' dir='ltr' id='par_1_79' title="bbox 268 4725 1854 4800">
     <span class='ocr_line' id='line_1_79' title="bbox 268 4725 1854 4800; baseline 0.002 -23"><span class='ocrx_word' id='word_1_711' title='bbox 268 4727 434 4780; x_wconf 79' lang='grc' dir='ltr'>νῶντα</span> <span class='ocrx_word' id='word_1_712' title='bbox 467 4729 532 4780; x_wconf 80' lang='grc' dir='ltr'>δὲ</span> <span class='ocrx_word' id='word_1_713' title='bbox 565 4730 662 4780; x_wconf 71' lang='grc' dir='ltr'>καὶ</span> <span class='ocrx_word' id='word_1_714' title='bbox 694 4727 1005 4800; x_wconf 82' lang='grc' dir='ltr'>ἀποταυρού</span> <span class='ocrx_word' id='word_1_715' title='bbox 1015 4745 1174 4799; x_wconf 89' lang='grc' dir='ltr'>μενον</span> <span class='ocrx_word' id='word_1_716' title='bbox 1197 4730 1276 4791; x_wconf 84' lang='grc' dir='ltr'>είς</span> <span class='ocrx_word' id='word_1_717' title='bbox 1304 4727 1644 4790; x_wconf 87' lang='grc' dir='ltr'>άκαθέκτους</span> <span class='ocrx_word' id='word_1_718' title='bbox 1665 4725 1854 4797; x_wconf 81' lang='grc' dir='ltr'>ὀργὰς,</span> 
     </span>
    </p>
   </div>
   <div class='ocr_carea' id='block_1_80' title="bbox 231 4817 1858 4898">
    <p class='ocr_par' dir='ltr' id='par_1_80' title="bbox 231 4817 1858 4898">
     <span class='ocr_line' id='line_1_80' title="bbox 231 4817 1858 4898; baseline 0.001 -30"><span class='ocrx_word' id='word_1_719' title='bbox 231 4817 627 4898; x_wconf 37' lang='grc' dir='ltr'>,ἀνασειράξει</span> <span class='ocrx_word' id='word_1_720' title='bbox 670 4819 825 4882; x_wconf 84' lang='grc' dir='ltr'>Θεὸς,</span> <span class='ocrx_word' id='word_1_721' title='bbox 867 4819 975 4871; x_wconf 81' lang='grc' dir='ltr'>οὐδ’</span> <span class='ocrx_word' id='word_1_722' title='bbox 1025 4821 1148 4874; x_wconf 82' lang='grc' dir='ltr'>ὅσον</span> <span class='ocrx_word' id='word_1_723' title='bbox 1192 4820 1371 4872; x_wconf 74' lang='grc' dir='ltr'>εἰπεῖν</span> <span class='ocrx_word' id='word_1_724' title='bbox 1415 4818 1649 4888; x_wconf 84' lang='grc' dir='ltr'>ἁπηνέσι</span> <span class='ocrx_word' id='word_1_725' title='bbox 1677 4817 1858 4884; x_wconf 85' lang='grc' dir='ltr'>λόγοις</span> 
     </span>
    </p>
   </div>
   <div class='ocr_carea' id='block_1_81' title="bbox 265 4909 1854 4980">
    <p class='ocr_par' dir='ltr' id='par_1_81' title="bbox 265 4909 1854 4980">
     <span class='ocr_line' id='line_1_81' title="bbox 265 4909 1854 4980; baseline 0.001 -20"><span class='ocrx_word' id='word_1_726' title='bbox 265 4910 604 4962; x_wconf 80' lang='grc' dir='ltr'>καταλυπεῖν</span> <span class='ocrx_word' id='word_1_727' title='bbox 637 4909 828 4976; x_wconf 77' lang='grc' dir='ltr'>ἐφιείς.</span> <span class='ocrx_word' id='word_1_728' title='bbox 857 4911 1000 4980; x_wconf 81' lang='grc' dir='ltr'>Ἔφη</span> <span class='ocrx_word' id='word_1_729' title='bbox 1021 4910 1131 4980; x_wconf 79' lang='grc' dir='ltr'>γὰρ</span> <span class='ocrx_word' id='word_1_730' title='bbox 1155 4910 1292 4979; x_wconf 74' lang='grc' dir='ltr'>πρὸς</span> <span class='ocrx_word' id='word_1_731' title='bbox 1320 4909 1411 4962; x_wconf 82' lang='grc' dir='ltr'>τὸν</span> <span class='ocrx_word' id='word_1_732' title='bbox 1437 4909 1622 4962; x_wconf 76' lang='grc' dir='ltr'>Λάϐαν</span> <span class='ocrx_word' id='word_1_733' title='bbox 1645 4911 1673 4962; x_wconf 91' lang='lat'>6</span> <span class='ocrx_word' id='word_1_734' title='bbox 1701 4910 1854 4974; x_wconf 82' lang='grc' dir='ltr'>Θεὸς,</span> 
     </span>
    </p>
   </div>
   <div class='ocr_carea' id='block_1_82' title="bbox 264 4998 1857 5073">
    <p class='ocr_par' dir='ltr' id='par_1_82' title="bbox 264 4998 1857 5073">
     <span class='ocr_line' id='line_1_82' title="bbox 264 4998 1857 5073; baseline 0.003 -23"><span class='ocrx_word' id='word_1_735' title='bbox 264 4999 394 5066; x_wconf 72' lang='grc' dir='ltr'>φησί</span> <span class='ocrx_word' id='word_1_736' title='bbox 419 5017 432 5028; x_wconf 91' lang='grc'><strong>·</strong></span> <span class='ocrx_word' id='word_1_737' title='bbox 489 5017 510 5049; x_wconf 74' lang='grc' dir='ltr'>ι</span> <span class='ocrx_word' id='word_1_738' title='bbox 555 4998 798 5065; x_wconf 44' lang='grc' dir='ltr'>,Φύλαξαι</span> <span class='ocrx_word' id='word_1_739' title='bbox 853 5002 1080 5054; x_wconf 82' lang='grc' dir='ltr'>σεαυτὸν</span> <span class='ocrx_word' id='word_1_740' title='bbox 1130 5002 1204 5073; x_wconf 86' lang='grc' dir='ltr'>μή</span> <span class='ocrx_word' id='word_1_741' title='bbox 1257 5018 1373 5063; x_wconf 90' lang='grc' dir='ltr'>πως</span> <span class='ocrx_word' id='word_1_742' title='bbox 1422 5000 1669 5071; x_wconf 82' lang='grc' dir='ltr'>λαλήσῃς</span> <span class='ocrx_word' id='word_1_743' title='bbox 1715 5001 1857 5055; x_wconf 73' lang='grc' dir='ltr'>κατὰ</span> 
     </span>
    </p>
   </div>
   <div class='ocr_carea' id='block_1_83' title="bbox 275 5089 1860 5166">
    <p class='ocr_par' dir='ltr' id='par_1_83' title="bbox 275 5089 1860 5166">
     <span class='ocr_line' id='line_1_83' title="bbox 275 5089 1860 5166; baseline 0.003 -26"><span class='ocrx_word' id='word_1_744' title='bbox 275 5089 466 5144; x_wconf 83' lang='grc' dir='ltr'>Ἰακὼϐ</span> <span class='ocrx_word' id='word_1_745' title='bbox 493 5093 733 5162; x_wconf 79' lang='grc' dir='ltr'>πονηρά.</span> <span class='ocrx_word' id='word_1_746' title='bbox 780 5111 796 5143; x_wconf 86' lang='grc' dir='ltr'>ι</span> <span class='ocrx_word' id='word_1_747' title='bbox 849 5093 988 5146; x_wconf 83' lang='grc' dir='ltr'>Ἀλλ’</span> <span class='ocrx_word' id='word_1_748' title='bbox 1011 5095 1327 5147; x_wconf 79' lang='grc' dir='ltr'>ἐπαιτιᾶται</span> <span class='ocrx_word' id='word_1_749' title='bbox 1361 5094 1460 5166; x_wconf 87' lang='grc' dir='ltr'>μὲν</span> <span class='ocrx_word' id='word_1_750' title='bbox 1491 5095 1519 5146; x_wconf 93' lang='lat'>6</span> <span class='ocrx_word' id='word_1_751' title='bbox 1552 5094 1755 5163; x_wconf 82' lang='grc' dir='ltr'>κόσμος</span> <span class='ocrx_word' id='word_1_752' title='bbox 1784 5092 1860 5156; x_wconf 91' lang='grc' dir='ltr'>ὼς</span> 
     </span>
    </p>
   </div>
   <div class='ocr_carea' id='block_1_84' title="bbox 265 5182 1860 5258">
    <p class='ocr_par' dir='ltr' id='par_1_84' title="bbox 265 5182 1860 5258">
     <span class='ocr_line' id='line_1_84' title="bbox 265 5182 1860 5258; baseline 0.004 -27"><span class='ocrx_word' id='word_1_753' title='bbox 265 5182 662 5251; x_wconf 77' lang='grc' dir='ltr'>σεσολημένος,</span> <span class='ocrx_word' id='word_1_754' title='bbox 695 5183 787 5236; x_wconf 75' lang='grc' dir='ltr'>καὶ</span> <span class='ocrx_word' id='word_1_755' title='bbox 817 5185 1177 5239; x_wconf 74' lang='grc' dir='ltr'>ἀπολωλότων</span> <span class='ocrx_word' id='word_1_756' title='bbox 1193 5186 1352 5258; x_wconf 80' lang='grc' dir='ltr'>αύτῷ</span> <span class='ocrx_word' id='word_1_757' title='bbox 1369 5185 1480 5239; x_wconf 89' lang='grc' dir='ltr'>τῶν</span> <span class='ocrx_word' id='word_1_758' title='bbox 1511 5185 1671 5239; x_wconf 89' lang='grc' dir='ltr'>θεῶν.</span> <span class='ocrx_word' id='word_1_759' title='bbox 1707 5186 1860 5238; x_wconf 82' lang='grc' dir='ltr'>Ἐκε-</span> 
     </span>
    </p>
   </div>
   <div class='ocr_carea' id='block_1_85' title="bbox 263 5271 1860 5350">
    <p class='ocr_par' dir='ltr' id='par_1_85' title="bbox 263 5271 1860 5350">
     <span class='ocr_line' id='line_1_85' title="bbox 263 5271 1860 5350; baseline 0.005 -28"><span class='ocrx_word' id='word_1_760' title='bbox 263 5271 450 5338; x_wconf 61' lang='grc' dir='ltr'>κλόφει</span> <span class='ocrx_word' id='word_1_761' title='bbox 481 5271 546 5324; x_wconf 78' lang='grc' dir='ltr'>δὲ</span> <span class='ocrx_word' id='word_1_762' title='bbox 580 5273 796 5338; x_wconf 88' lang='grc' dir='ltr'>τούτους</span> <span class='ocrx_word' id='word_1_763' title='bbox 825 5277 858 5346; x_wconf 80' lang='grc' dir='ltr'>ἡ</span> <span class='ocrx_word' id='word_1_764' title='bbox 901 5277 1125 5348; x_wconf 76' lang='grc' dir='ltr'>Ῥαχὴλ.</span> <span class='ocrx_word' id='word_1_765' title='bbox 1160 5279 1308 5349; x_wconf 82' lang='grc' dir='ltr'>Πλὴν</span> <span class='ocrx_word' id='word_1_766' title='bbox 1330 5280 1431 5350; x_wconf 84' lang='grc' dir='ltr'>δρα</span> <span class='ocrx_word' id='word_1_767' title='bbox 1450 5278 1550 5350; x_wconf 82' lang='grc' dir='ltr'>τὴν</span> <span class='ocrx_word' id='word_1_768' title='bbox 1578 5277 1860 5348; x_wconf 85' lang='grc' dir='ltr'>ἐπιχείρη-</span> 
     </span>
    </p>
   </div>
   <div class='ocr_carea' id='block_1_86' title="bbox 263 5361 1856 5441">
    <p class='ocr_par' dir='ltr' id='par_1_86' title="bbox 263 5361 1856 5441">
     <span class='ocr_line' id='line_1_86' title="bbox 263 5361 1856 5441; baseline 0.013 -31"><span class='ocrx_word' id='word_1_769' title='bbox 263 5373 364 5414; x_wconf 84' lang='grc' dir='ltr'>σιν.</span> <span class='ocrx_word' id='word_1_770' title='bbox 411 5361 725 5434; x_wconf 83' lang='grc' dir='ltr'>Ἦρεύνησε</span> <span class='ocrx_word' id='word_1_771' title='bbox 760 5365 912 5436; x_wconf 73' lang='grc' dir='ltr'>παρὰ</span> <span class='ocrx_word' id='word_1_772' title='bbox 944 5370 1010 5437; x_wconf 79' lang='grc' dir='ltr'>τῇ</span> <span class='ocrx_word' id='word_1_773' title='bbox 1050 5369 1187 5441; x_wconf 77' lang='grc' dir='ltr'>Λείᾳ</span> <span class='ocrx_word' id='word_1_774' title='bbox 1232 5371 1360 5435; x_wconf 82' lang='grc' dir='ltr'>τοὺς</span> <span class='ocrx_word' id='word_1_775' title='bbox 1395 5370 1552 5435; x_wconf 83' lang='grc' dir='ltr'>θεοὺς</span> <span class='ocrx_word' id='word_1_776' title='bbox 1589 5371 1619 5423; x_wconf 92' lang='lat'>6</span> <span class='ocrx_word' id='word_1_777' title='bbox 1648 5369 1856 5431; x_wconf 74' lang='grc' dir='ltr'>Λάϐαν.</span> 
     </span>
    </p>
   </div>
   <div class='ocr_carea' id='block_1_87' title="bbox 260 5449 1853 5532">
    <p class='ocr_par' dir='ltr' id='par_1_87' title="bbox 260 5449 1853 5532">
     <span class='ocr_line' id='line_1_87' title="bbox 260 5449 1853 5532; baseline 0.006 -30"><span class='ocrx_word' id='word_1_778' title='bbox 260 5449 356 5504; x_wconf 76' lang='grc' dir='ltr'>καὶ</span> <span class='ocrx_word' id='word_1_779' title='bbox 399 5452 508 5522; x_wconf 78' lang='grc' dir='ltr'>μέν</span> <span class='ocrx_word' id='word_1_780' title='bbox 561 5467 644 5505; x_wconf 85' lang='grc' dir='ltr'>τοι</span> <span class='ocrx_word' id='word_1_781' title='bbox 669 5456 762 5508; x_wconf 77' lang='grc' dir='ltr'>καὶ</span> <span class='ocrx_word' id='word_1_782' title='bbox 807 5457 960 5520; x_wconf 77' lang='grc' dir='ltr'>παρὰ</span> <span class='ocrx_word' id='word_1_783' title='bbox 992 5462 1112 5512; x_wconf 88' lang='grc' dir='ltr'>ταῖν</span> <span class='ocrx_word' id='word_1_784' title='bbox 1140 5459 1233 5514; x_wconf 89' lang='grc' dir='ltr'>δύο</span> <span class='ocrx_word' id='word_1_785' title='bbox 1268 5459 1648 5532; x_wconf 48' lang='grc' dir='ltr'>θεραπαίναις),</span> <span class='ocrx_word' id='word_1_786' title='bbox 1693 5480 1712 5512; x_wconf 77' lang='grc' dir='ltr'>ι</span> <span class='ocrx_word' id='word_1_787' title='bbox 1761 5460 1853 5514; x_wconf 71' lang='grc' dir='ltr'>καὶ</span> 
     </span>
    </p>
   </div>
   <div class='ocr_carea' id='block_1_88' title="bbox 331 5645 2051 5728">
    <p class='ocr_par' dir='ltr' id='par_1_88' title="bbox 331 5645 2051 5728">
     <span class='ocr_line' id='line_1_88' title="bbox 331 5645 2051 5728; baseline 0.006 -23"><span class='ocrx_word' id='word_1_788' title='bbox 331 5645 733 5728; x_wconf 47' lang='grc' dir='ltr'>⁸⁹Ᾰοειη;.χιν,</span> <span class='ocrx_word' id='word_1_789' title='bbox 778 5652 864 5705; x_wconf 82' lang='lat'>3|.</span> <span class='ocrx_word' id='word_1_790' title='bbox 944 5655 1184 5728; x_wconf 30' lang='lat' dir='ltr'><strong>&quot;Allebr.</strong></span> <span class='ocrx_word' id='word_1_791' title='bbox 1242 5677 1352 5727; x_wconf 88' lang='grc' dir='ltr'>χιιι,</span> <span class='ocrx_word' id='word_1_792' title='bbox 1404 5662 1482 5718; x_wconf 81' lang='grc' dir='ltr'>Η.</span> <span class='ocrx_word' id='word_1_793' title='bbox 1564 5663 1661 5718; x_wconf 62' lang='grc'><strong>⁸³1</strong></span> <span class='ocrx_word' id='word_1_794' title='bbox 1701 5663 1846 5718; x_wconf 81' lang='lat' dir='ltr'><strong>Pctr.</strong></span> <span class='ocrx_word' id='word_1_795' title='bbox 1872 5679 1930 5728; x_wconf 87' lang='grc' dir='ltr'>ιι,</span> <span class='ocrx_word' id='word_1_796' title='bbox 1969 5662 2051 5716; x_wconf 81' lang='grc' dir='ltr'>Η.</span> 
     </span>
    </p>
   </div>
   <div class='ocr_carea' id='block_1_89' title="bbox 264 5716 1076 5792">
    <p class='ocr_par' dir='ltr' id='par_1_89' title="bbox 264 5716 1076 5792">
     <span class='ocr_line' id='line_1_89' title="bbox 264 5716 1076 5792; baseline 0.015 -23"><span class='ocrx_word' id='word_1_797' title='bbox 264 5731 351 5786; x_wconf 73' lang='grc' dir='ltr'>χι,</span> <span class='ocrx_word' id='word_1_798' title='bbox 398 5717 495 5773; x_wconf 73' lang='grc'>19.</span> <span class='ocrx_word' id='word_1_799' title='bbox 587 5716 630 5748; x_wconf 80' lang='grc'>³⁸</span> <span class='ocrx_word' id='word_1_800' title='bbox 648 5719 780 5777; x_wconf 86' lang='lat' dir='ltr'><strong>Gen.</strong></span> <span class='ocrx_word' id='word_1_801' title='bbox 815 5740 957 5792; x_wconf 89' lang='grc' dir='ltr'>χχχι,</span> <span class='ocrx_word' id='word_1_802' title='bbox 988 5725 1076 5782; x_wconf 72' lang='lat'><strong>‘24.</strong></span> 
     </span>
    </p>
   </div>
   <div class='ocr_carea' id='block_1_90' title="bbox 1959 4165 3548 4238">
    <p class='ocr_par' dir='ltr' id='par_1_90' title="bbox 1959 4165 3548 4238">
     <span class='ocr_line' id='line_1_90' title="bbox 1959 4165 3548 4238; baseline -0.003 -15"><span class='ocrx_word' id='word_1_803' title='bbox 1959 4171 2136 4223; x_wconf 86' lang='lat' dir='ltr'><strong>danos</strong></span> <span class='ocrx_word' id='word_1_804' title='bbox 2177 4183 2398 4221; x_wconf 90' lang='lat' dir='ltr'><strong>errores</strong></span> <span class='ocrx_word' id='word_1_805' title='bbox 2454 4167 2696 4238; x_wconf 51' lang='lat' dir='ltr'><strong>egressi,</strong></span> <span class='ocrx_word' id='word_1_806' title='bbox 2734 4168 3045 4222; x_wconf 89' lang='lat' dir='ltr'><strong>imitatores</strong></span> <span class='ocrx_word' id='word_1_807' title='bbox 3096 4165 3271 4236; x_wconf 87' lang='lat' dir='ltr'><strong>ipsius</strong></span> <span class='ocrx_word' id='word_1_808' title='bbox 3318 4165 3548 4219; x_wconf 90' lang='lat' dir='ltr'><strong>erimus.</strong></span> 
     </span>
    </p>
   </div>
   <div class='ocr_carea' id='block_1_91' title="bbox 1957 4257 3551 4328">
    <p class='ocr_par' dir='ltr' id='par_1_91' title="bbox 1957 4257 3551 4328">
     <span class='ocr_line' id='line_1_91' title="bbox 1957 4257 3551 4328; baseline 0 -16"><span class='ocrx_word' id='word_1_809' title='bbox 1957 4257 2117 4326; x_wconf 85' lang='lat' dir='ltr'><strong>Quod</strong></span> <span class='ocrx_word' id='word_1_810' title='bbox 2144 4258 2351 4328; x_wconf 91' lang='lat' dir='ltr'><strong>optime</strong></span> <span class='ocrx_word' id='word_1_811' title='bbox 2379 4258 2694 4328; x_wconf 82' lang='lat' dir='ltr'><strong>intelligens</strong></span> <span class='ocrx_word' id='word_1_812' title='bbox 2744 4259 2818 4313; x_wconf 84' lang='lat' dir='ltr'>ita</span> <span class='ocrx_word' id='word_1_813' title='bbox 2845 4274 2904 4314; x_wconf 90' lang='lat' dir='ltr'>se</span> <span class='ocrx_word' id='word_1_814' title='bbox 2937 4258 3144 4314; x_wconf 87' lang='lat' dir='ltr'><strong>habere</strong></span> <span class='ocrx_word' id='word_1_815' title='bbox 3186 4257 3438 4313; x_wconf 86' lang='lat' dir='ltr'><strong>Salvator</strong></span> <span class='ocrx_word' id='word_1_816' title='bbox 3461 4257 3551 4312; x_wconf 87' lang='lat' dir='ltr'><strong>di-</strong></span> 
     </span>
    </p>
   </div>
   <div class='ocr_carea' id='block_1_92' title="bbox 1955 4349 3551 4418">
    <p class='ocr_par' dir='ltr' id='par_1_92' title="bbox 1955 4349 3551 4418">
     <span class='ocr_line' id='line_1_92' title="bbox 1955 4349 3551 4418; baseline -0.001 -13"><span class='ocrx_word' id='word_1_817' title='bbox 1955 4351 2078 4406; x_wconf 80' lang='lat' dir='ltr'><strong>xit:</strong></span> <span class='ocrx_word' id='word_1_818' title='bbox 2115 4369 2132 4401; x_wconf 83' lang='grc' dir='ltr'>ι</span> <span class='ocrx_word' id='word_1_819' title='bbox 2177 4349 2233 4404; x_wconf 87' lang='lat' dir='ltr'><strong>Si</strong></span> <span class='ocrx_word' id='word_1_820' title='bbox 2281 4349 2350 4404; x_wconf 89' lang='lat' dir='ltr'>de</span> <span class='ocrx_word' id='word_1_821' title='bbox 2378 4351 2584 4403; x_wconf 88' lang='lat' dir='ltr'><strong>mundo</strong></span> <span class='ocrx_word' id='word_1_822' title='bbox 2618 4349 2895 4413; x_wconf 82' lang='lat' dir='ltr'><strong>fuissetis,</strong></span> <span class='ocrx_word' id='word_1_823' title='bbox 2935 4349 3177 4403; x_wconf 92' lang='lat' dir='ltr'><strong>mundus</strong></span> <span class='ocrx_word' id='word_1_824' title='bbox 3203 4349 3350 4418; x_wconf 90' lang='lat' dir='ltr'><strong>quod</strong></span> <span class='ocrx_word' id='word_1_825' title='bbox 3387 4365 3551 4403; x_wconf 89' lang='lat' dir='ltr'><strong>suum</strong></span> 
     </span>
    </p>
   </div>
   <div class='ocr_carea' id='block_1_93' title="bbox 1957 4439 3550 4511">
    <p class='ocr_par' dir='ltr' id='par_1_93' title="bbox 1957 4439 3550 4511">
     <span class='ocr_line' id='line_1_93' title="bbox 1957 4439 3550 4511; baseline -0.001 -15"><span class='ocrx_word' id='word_1_826' title='bbox 1957 4450 2077 4496; x_wconf 90' lang='lat' dir='ltr'><strong>erat</strong></span> <span class='ocrx_word' id='word_1_827' title='bbox 2099 4441 2356 4511; x_wconf 84' lang='lat' dir='ltr'><strong>diligeret</strong></span> <span class='ocrx_word' id='word_1_828' title='bbox 2393 4459 2406 4494; x_wconf 88' lang='lat'><strong>:</strong></span> <span class='ocrx_word' id='word_1_829' title='bbox 2433 4441 2564 4510; x_wconf 91' lang='lat' dir='ltr'><strong>quia</strong></span> <span class='ocrx_word' id='word_1_830' title='bbox 2601 4456 2734 4495; x_wconf 90' lang='lat' dir='ltr'><strong>vero</strong></span> <span class='ocrx_word' id='word_1_831' title='bbox 2761 4440 2829 4494; x_wconf 89' lang='lat' dir='ltr'>de</span> <span class='ocrx_word' id='word_1_832' title='bbox 2858 4440 3065 4494; x_wconf 90' lang='lat' dir='ltr'><strong>mundo</strong></span> <span class='ocrx_word' id='word_1_833' title='bbox 3089 4455 3199 4493; x_wconf 93' lang='lat' dir='ltr'>non</span> <span class='ocrx_word' id='word_1_834' title='bbox 3230 4439 3395 4502; x_wconf 90' lang='lat' dir='ltr'><strong>estis,</strong></span> <span class='ocrx_word' id='word_1_835' title='bbox 3418 4455 3550 4508; x_wconf 91' lang='lat' dir='ltr'><strong>pro-</strong></span> 
     </span>
    </p>
   </div>
   <div class='ocr_carea' id='block_1_94' title="bbox 1957 4531 3552 4603">
    <p class='ocr_par' dir='ltr' id='par_1_94' title="bbox 1957 4531 3552 4603">
     <span class='ocr_line' id='line_1_94' title="bbox 1957 4531 3552 4603; baseline -0.003 -15"><span class='ocrx_word' id='word_1_836' title='bbox 1957 4542 2145 4603; x_wconf 89' lang='lat' dir='ltr'><strong>pterea</strong></span> <span class='ocrx_word' id='word_1_837' title='bbox 2171 4533 2288 4588; x_wconf 89' lang='lat' dir='ltr'><strong>odit</strong></span> <span class='ocrx_word' id='word_1_838' title='bbox 2309 4549 2406 4588; x_wconf 88' lang='lat' dir='ltr'>vos</span> <span class='ocrx_word' id='word_1_839' title='bbox 2434 4533 2674 4588; x_wconf 89' lang='lat' dir='ltr'><strong>mundus</strong></span> <span class='ocrx_word' id='word_1_840' title='bbox 2697 4533 2764 4586; x_wconf 83' lang='grc'>⁸⁷.</span> <span class='ocrx_word' id='word_1_841' title='bbox 2801 4552 2818 4583; x_wconf 83' lang='grc'>›</span> <span class='ocrx_word' id='word_1_842' title='bbox 2847 4531 3406 4601; x_wconf 88' lang='lat' dir='ltr'><strong>Persequituritaquc</strong></span> <span class='ocrx_word' id='word_1_843' title='bbox 3423 4531 3552 4585; x_wconf 89' lang='lat' dir='ltr'><strong>odio</strong></span> 
     </span>
    </p>
   </div>
   <div class='ocr_carea' id='block_1_95' title="bbox 1958 4623 3551 4697">
    <p class='ocr_par' dir='ltr' id='par_1_95' title="bbox 1958 4623 3551 4697">
     <span class='ocr_line' id='line_1_95' title="bbox 1958 4623 3551 4697; baseline -0.001 -17"><span class='ocrx_word' id='word_1_844' title='bbox 1958 4641 2319 4697; x_wconf 90' lang='lat' dir='ltr'><strong>prosequens.</strong></span> <span class='ocrx_word' id='word_1_845' title='bbox 2367 4625 2676 4696; x_wconf 90' lang='lat' dir='ltr'><strong>Spirantcm</strong></span> <span class='ocrx_word' id='word_1_846' title='bbox 2721 4639 2854 4679; x_wconf 88' lang='lat' dir='ltr'><strong>vero</strong></span> <span class='ocrx_word' id='word_1_847' title='bbox 2894 4623 3106 4688; x_wconf 68' lang='lat' dir='ltr'><strong>aedes,</strong></span> <span class='ocrx_word' id='word_1_848' title='bbox 3157 4631 3214 4678; x_wconf 84' lang='lat' dir='ltr'>et</span> <span class='ocrx_word' id='word_1_849' title='bbox 3261 4623 3551 4693; x_wconf 86' lang='lat' dir='ltr'><strong>impotenti</strong></span> 
     </span>
    </p>
   </div>
   <div class='ocr_carea' id='block_1_96' title="bbox 1959 4715 3544 4786">
    <p class='ocr_par' dir='ltr' id='par_1_96' title="bbox 1959 4715 3544 4786">
     <span class='ocr_line' id='line_1_96' title="bbox 1959 4715 3544 4786; baseline -0.002 -13"><span class='ocrx_word' id='word_1_850' title='bbox 1959 4720 2040 4774; x_wconf 87' lang='lat' dir='ltr'>ira</span> <span class='ocrx_word' id='word_1_851' title='bbox 2064 4720 2466 4775; x_wconf 84' lang='lat' dir='ltr'><strong>inflammatum</strong></span> <span class='ocrx_word' id='word_1_852' title='bbox 2495 4717 2731 4772; x_wconf 88' lang='lat' dir='ltr'><strong>retrahit</strong></span> <span class='ocrx_word' id='word_1_853' title='bbox 2755 4732 2818 4772; x_wconf 90' lang='lat' dir='ltr'>ac</span> <span class='ocrx_word' id='word_1_854' title='bbox 2844 4715 3148 4786; x_wconf 85' lang='lat' dir='ltr'><strong>compescit</strong></span> <span class='ocrx_word' id='word_1_855' title='bbox 3190 4715 3349 4786; x_wconf 78' lang='lat'>156</span> <span class='ocrx_word' id='word_1_856' title='bbox 3378 4717 3544 4779; x_wconf 89' lang='lat' dir='ltr'><strong>Deus,</strong></span> 
     </span>
    </p>
   </div>
   <div class='ocr_carea' id='block_1_97' title="bbox 1957 4808 3551 4880">
    <p class='ocr_par' dir='ltr' id='par_1_97' title="bbox 1957 4808 3551 4880">
     <span class='ocr_line' id='line_1_97' title="bbox 1957 4808 3551 4880; baseline -0.002 -15"><span class='ocrx_word' id='word_1_857' title='bbox 1957 4827 2028 4866; x_wconf 90' lang='lat' dir='ltr'>ne</span> <span class='ocrx_word' id='word_1_858' title='bbox 2067 4811 2343 4866; x_wconf 88' lang='lat' dir='ltr'><strong>tantillum</strong></span> <span class='ocrx_word' id='word_1_859' title='bbox 2360 4809 2584 4880; x_wconf 88' lang='lat' dir='ltr'><strong>quidem</strong></span> <span class='ocrx_word' id='word_1_860' title='bbox 2617 4810 2828 4879; x_wconf 80' lang='lat' dir='ltr'><strong>asperis</strong></span> <span class='ocrx_word' id='word_1_861' title='bbox 2852 4809 3038 4864; x_wconf 81' lang='lat' dir='ltr'><strong>verbis</strong></span> <span class='ocrx_word' id='word_1_862' title='bbox 3055 4809 3295 4879; x_wconf 81' lang='lat' dir='ltr'><strong>aflligerc</strong></span> <span class='ocrx_word' id='word_1_863' title='bbox 3319 4808 3551 4878; x_wconf 84' lang='lat' dir='ltr'><strong>permit-</strong></span> 
     </span>
    </p>
   </div>
   <div class='ocr_carea' id='block_1_98' title="bbox 1960 4899 3552 4958">
    <p class='ocr_par' dir='ltr' id='par_1_98' title="bbox 1960 4899 3552 4958">
     <span class='ocr_line' id='line_1_98' title="bbox 1960 4899 3552 4958; baseline -0.002 0"><span class='ocrx_word' id='word_1_864' title='bbox 1960 4912 2102 4958; x_wconf 88' lang='lat' dir='ltr'><strong>tens.</strong></span> <span class='ocrx_word' id='word_1_865' title='bbox 2135 4902 2284 4957; x_wconf 77' lang='lat' dir='ltr'><strong>Dixit</strong></span> <span class='ocrx_word' id='word_1_866' title='bbox 2317 4901 2466 4956; x_wconf 90' lang='lat' dir='ltr'><strong>enim</strong></span> <span class='ocrx_word' id='word_1_867' title='bbox 2515 4899 2584 4954; x_wconf 92' lang='lat' dir='ltr'>ad</span> <span class='ocrx_word' id='word_1_868' title='bbox 2621 4901 2809 4955; x_wconf 90' lang='lat' dir='ltr'><strong>Lahan</strong></span> <span class='ocrx_word' id='word_1_869' title='bbox 2852 4902 3002 4957; x_wconf 90' lang='lat' dir='ltr'><strong>Deus</strong></span> <span class='ocrx_word' id='word_1_870' title='bbox 3042 4919 3054 4953; x_wconf 92' lang='lat'>:</span> <span class='ocrx_word' id='word_1_871' title='bbox 3093 4920 3110 4951; x_wconf 82' lang='grc' dir='ltr'>ι</span> <span class='ocrx_word' id='word_1_872' title='bbox 3151 4900 3295 4956; x_wconf 84' lang='lat' dir='ltr'><strong>Cave</strong></span> <span class='ocrx_word' id='word_1_873' title='bbox 3343 4901 3442 4955; x_wconf 88' lang='lat' dir='ltr'><strong>tibi</strong></span> <span class='ocrx_word' id='word_1_874' title='bbox 3482 4916 3552 4955; x_wconf 89' lang='lat' dir='ltr'>ne</span> 
     </span>
    </p>
   </div>
   <div class='ocr_carea' id='block_1_99' title="bbox 1959 4993 3551 5067">
    <p class='ocr_par' dir='ltr' id='par_1_99' title="bbox 1959 4993 3551 5067">
     <span class='ocr_line' id='line_1_99' title="bbox 1959 4993 3551 5067; baseline -0.001 -16"><span class='ocrx_word' id='word_1_875' title='bbox 1959 4997 2261 5067; x_wconf 91' lang='lat' dir='ltr'><strong>quidquam</strong></span> <span class='ocrx_word' id='word_1_876' title='bbox 2287 5009 2483 5064; x_wconf 89' lang='lat' dir='ltr'><strong>aspere</strong></span> <span class='ocrx_word' id='word_1_877' title='bbox 2530 4993 2780 5063; x_wconf 87' lang='lat' dir='ltr'><strong>loquaris</strong></span> <span class='ocrx_word' id='word_1_878' title='bbox 2816 5006 3008 5051; x_wconf 91' lang='lat' dir='ltr'><strong>contra</strong></span> <span class='ocrx_word' id='word_1_879' title='bbox 3043 4996 3214 5051; x_wconf 87' lang='lat' dir='ltr'><strong>Jacob</strong></span> <span class='ocrx_word' id='word_1_880' title='bbox 3239 4996 3304 5050; x_wconf 81' lang='grc'>⁸⁸.</span> <span class='ocrx_word' id='word_1_881' title='bbox 3337 5016 3354 5047; x_wconf 74' lang='grc' dir='ltr'>ι</span> <span class='ocrx_word' id='word_1_882' title='bbox 3380 4995 3551 5051; x_wconf 70' lang='lat' dir='ltr'><strong>Caete-</strong></span> 
     </span>
    </p>
   </div>
   <div class='ocr_carea' id='block_1_100' title="bbox 1960 5087 3550 5157">
    <p class='ocr_par' dir='ltr' id='par_1_100' title="bbox 1960 5087 3550 5157">
     <span class='ocr_line' id='line_1_100' title="bbox 1960 5087 3550 5157; baseline -0.001 -14"><span class='ocrx_word' id='word_1_883' title='bbox 1960 5104 2081 5143; x_wconf 86' lang='lat' dir='ltr'>rum</span> <span class='ocrx_word' id='word_1_884' title='bbox 2107 5087 2435 5142; x_wconf 88' lang='lat' dir='ltr'><strong>criminatur</strong></span> <span class='ocrx_word' id='word_1_885' title='bbox 2460 5087 2682 5157; x_wconf 87' lang='lat' dir='ltr'><strong>quidem</strong></span> <span class='ocrx_word' id='word_1_886' title='bbox 2713 5087 2973 5149; x_wconf 89' lang='lat' dir='ltr'><strong>mundus,</strong></span> <span class='ocrx_word' id='word_1_887' title='bbox 2999 5087 3145 5156; x_wconf 90' lang='lat' dir='ltr'><strong>quod</strong></span> <span class='ocrx_word' id='word_1_888' title='bbox 3173 5088 3436 5157; x_wconf 89' lang='lat' dir='ltr'><strong>spoliatus</strong></span> <span class='ocrx_word' id='word_1_889' title='bbox 3457 5088 3550 5151; x_wconf 84' lang='lat' dir='ltr'><strong>sit,</strong></span> 
     </span>
    </p>
   </div>
   <div class='ocr_carea' id='block_1_101' title="bbox 1960 5177 3552 5250">
    <p class='ocr_par' dir='ltr' id='par_1_101' title="bbox 1960 5177 3552 5250">
     <span class='ocr_line' id='line_1_101' title="bbox 1960 5177 3552 5250; baseline 0.001 -18"><span class='ocrx_word' id='word_1_890' title='bbox 1960 5179 2221 5250; x_wconf 88' lang='lat' dir='ltr'><strong>quodque</strong></span> <span class='ocrx_word' id='word_1_891' title='bbox 2242 5178 2377 5233; x_wconf 90' lang='lat' dir='ltr'><strong>deos</strong></span> <span class='ocrx_word' id='word_1_892' title='bbox 2399 5195 2529 5234; x_wconf 87' lang='lat' dir='ltr'><strong>suos</strong></span> <span class='ocrx_word' id='word_1_893' title='bbox 2560 5178 2885 5248; x_wconf 89' lang='lat' dir='ltr'><strong>perdiderit.</strong></span> <span class='ocrx_word' id='word_1_894' title='bbox 2913 5177 3113 5231; x_wconf 85' lang='lat' dir='ltr'><strong>Furata</strong></span> <span class='ocrx_word' id='word_1_895' title='bbox 3137 5186 3320 5233; x_wconf 90' lang='lat' dir='ltr'><strong>autem</strong></span> <span class='ocrx_word' id='word_1_896' title='bbox 3347 5187 3432 5233; x_wconf 85' lang='lat' dir='ltr'>est</span> <span class='ocrx_word' id='word_1_897' title='bbox 3455 5193 3552 5234; x_wconf 88' lang='lat' dir='ltr'>eos</span> 
     </span>
    </p>
   </div>
   <div class='ocr_carea' id='block_1_102' title="bbox 1961 5268 3542 5341">
    <p class='ocr_par' dir='ltr' id='par_1_102' title="bbox 1961 5268 3542 5341">
     <span class='ocr_line' id='line_1_102' title="bbox 1961 5268 3542 5341; baseline 0 -15"><span class='ocrx_word' id='word_1_898' title='bbox 1961 5271 2183 5327; x_wconf 77' lang='lat' dir='ltr'><strong>Rachel.</strong></span> <span class='ocrx_word' id='word_1_899' title='bbox 2211 5268 2379 5341; x_wconf 86' lang='lat' dir='ltr'><strong>Atqui</strong></span> <span class='ocrx_word' id='word_1_900' title='bbox 2405 5270 2528 5325; x_wconf 84' lang='lat' dir='ltr'><strong>vide</strong></span> <span class='ocrx_word' id='word_1_901' title='bbox 2543 5286 2651 5339; x_wconf 90' lang='lat' dir='ltr'>quo</span> <span class='ocrx_word' id='word_1_902' title='bbox 2681 5277 2841 5339; x_wconf 90' lang='lat' dir='ltr'><strong>pacto</strong></span> <span class='ocrx_word' id='word_1_903' title='bbox 2884 5285 2973 5324; x_wconf 90' lang='lat' dir='ltr'>res</span> <span class='ocrx_word' id='word_1_904' title='bbox 3023 5278 3174 5341; x_wconf 87' lang='lat' dir='ltr'><strong>gesta</strong></span> <span class='ocrx_word' id='word_1_905' title='bbox 3201 5272 3292 5326; x_wconf 91' lang='lat' dir='ltr'><strong>sit.</strong></span> <span class='ocrx_word' id='word_1_906' title='bbox 3326 5271 3542 5327; x_wconf 84' lang='lat' dir='ltr'><strong>Scruta-</strong></span> 
     </span>
    </p>
   </div>
   <div class='ocr_carea' id='block_1_103' title="bbox 1961 5362 3552 5435">
    <p class='ocr_par' dir='ltr' id='par_1_103' title="bbox 1961 5362 3552 5435">
     <span class='ocr_line' id='line_1_103' title="bbox 1961 5362 3552 5435; baseline -0.001 -17"><span class='ocrx_word' id='word_1_907' title='bbox 1961 5373 2051 5420; x_wconf 88' lang='lat' dir='ltr'>tus</span> <span class='ocrx_word' id='word_1_908' title='bbox 2072 5374 2158 5420; x_wconf 87' lang='lat' dir='ltr'>est</span> <span class='ocrx_word' id='word_1_909' title='bbox 2182 5364 2328 5435; x_wconf 89' lang='lat' dir='ltr'><strong>apud</strong></span> <span class='ocrx_word' id='word_1_910' title='bbox 2364 5363 2514 5418; x_wconf 89' lang='lat' dir='ltr'><strong>Liam</strong></span> <span class='ocrx_word' id='word_1_911' title='bbox 2545 5362 2680 5416; x_wconf 91' lang='lat' dir='ltr'><strong>deos</strong></span> <span class='ocrx_word' id='word_1_912' title='bbox 2711 5362 2921 5426; x_wconf 90' lang='lat' dir='ltr'><strong>Laban,</strong></span> <span class='ocrx_word' id='word_1_913' title='bbox 2950 5379 3054 5418; x_wconf 89' lang='lat' dir='ltr'>nec</span> <span class='ocrx_word' id='word_1_914' title='bbox 3100 5379 3209 5417; x_wconf 91' lang='lat' dir='ltr'>non</span> <span class='ocrx_word' id='word_1_915' title='bbox 3237 5363 3380 5432; x_wconf 89' lang='lat' dir='ltr'><strong>apud</strong></span> <span class='ocrx_word' id='word_1_916' title='bbox 3415 5363 3552 5417; x_wconf 85' lang='lat' dir='ltr'><strong>duas</strong></span> 
     </span>
    </p>
   </div>
   <div class='ocr_carea' id='block_1_104' title="bbox 1963 5453 3551 5524">
    <p class='ocr_par' dir='ltr' id='par_1_104' title="bbox 1963 5453 3551 5524">
     <span class='ocr_line' id='line_1_104' title="bbox 1963 5453 3551 5524; baseline -0.004 -11"><span class='ocrx_word' id='word_1_917' title='bbox 1963 5458 2209 5522; x_wconf 85' lang='lat' dir='ltr'><strong>ancillas,</strong></span> <span class='ocrx_word' id='word_1_918' title='bbox 2244 5475 2262 5508; x_wconf 85' lang='grc' dir='ltr'>ι</span> <span class='ocrx_word' id='word_1_919' title='bbox 2293 5465 2350 5511; x_wconf 90' lang='lat' dir='ltr'>et</span> <span class='ocrx_word' id='word_1_920' title='bbox 2376 5471 2484 5509; x_wconf 91' lang='lat' dir='ltr'>non</span> <span class='ocrx_word' id='word_1_921' title='bbox 2513 5453 2745 5519; x_wconf 85' lang='lat' dir='ltr'><strong>invenit,</strong></span> <span class='ocrx_word' id='word_1_922' title='bbox 2780 5473 2797 5506; x_wconf 70' lang='grc' dir='ltr'>ι</span> <span class='ocrx_word' id='word_1_923' title='bbox 2828 5454 3027 5524; x_wconf 89' lang='lat' dir='ltr'><strong>inquit.</strong></span> <span class='ocrx_word' id='word_1_924' title='bbox 3055 5453 3330 5509; x_wconf 83' lang='lat' dir='ltr'><strong>Insidebat</strong></span> <span class='ocrx_word' id='word_1_925' title='bbox 3365 5461 3551 5508; x_wconf 82' lang='lat' dir='ltr'><strong>autem</strong></span> 
     </span>
    </p>
   </div>
   <div class='ocr_carea' id='block_1_105' title="bbox 2167 5653 3548 5729">
    <p class='ocr_par' dir='ltr' id='par_1_105' title="bbox 2167 5653 3548 5729">
     <span class='ocr_line' id='line_1_105' title="bbox 2167 5653 3548 5729; baseline -0.006 -13"><span class='ocrx_word' id='word_1_926' title='bbox 2167 5662 2212 5693; x_wconf 83' lang='lat'><strong>&quot;</strong></span> <span class='ocrx_word' id='word_1_927' title='bbox 2245 5659 2442 5729; x_wconf 82' lang='lat' dir='ltr'><strong>Philip.</strong></span> <span class='ocrx_word' id='word_1_928' title='bbox 2486 5656 2675 5723; x_wconf 66' lang='grc'>111,20.</span> <span class='ocrx_word' id='word_1_929' title='bbox 2758 5660 2800 5688; x_wconf 68' lang='lat'>&quot;‘</span> <span class='ocrx_word' id='word_1_930' title='bbox 2835 5658 2991 5714; x_wconf 66' lang='lat' dir='ltr'><strong>item.</strong></span> <span class='ocrx_word' id='word_1_931' title='bbox 3027 5673 3120 5723; x_wconf 83' lang='grc' dir='ltr'>χιι,</span> <span class='ocrx_word' id='word_1_932' title='bbox 3153 5656 3209 5711; x_wconf 73' lang='lat'>&#39;2.</span> <span class='ocrx_word' id='word_1_933' title='bbox 3309 5654 3354 5686; x_wconf 81' lang='grc'>⁸⁷</span> <span class='ocrx_word' id='word_1_934' title='bbox 3389 5653 3548 5711; x_wconf 79' lang='lat' dir='ltr'><strong>Joan.</strong></span> 
     </span>
    </p>
   </div>
  </div>
