4004 6204
380 350 383 353 Ι
444 263 543 322 εει
1473 264 1530 320 S.
1571 263 1846 320 CYRILL!
1883 264 2352 322 ALEXANDRINI
2390 266 2705 323 ARCHIEP.
3597 264 3705 323 25’

444 387 527 443 eis
572 386 801 453 Rachel,
841 386 1294 443 consuetudinem
1349 387 1677 442 feniinarum
1740 404 2025 445 excusans.

2142 390 2230 461 οὐχ
2263 384 2419 459 εὗρε,
2464 408 2481 441 ι
2519 391 2672 459 φησί.
2729 388 3068 456 Ἐπεκάθητο
3100 387 3155 441 δὲ
3194 386 3375 450 αὐτοῖς
3407 388 3440 455 ἡ
3480 385 3703 457 Ῥαχὴλ,

444 477 708 545 Quanam
742 478 909 548 Igitur
933 476 1129 532 horum
1157 478 1296 533 ratio
1319 480 1443 534 est?
1468 479 1745 534 [dolorum
1787 479 2026 535 sublatio

444 584 555 624 non
580 578 700 624 erat
737 584 878 639 opus
917 567 1210 641 Synagogae
1251 570 1588 637 Iudaeorum,
1626 586 1806 642 neque
1832 587 2027 628 eorum

446 664 540 733 qui
581 663 636 717 in
678 648 1002 717 serviiutem
1030 663 1144 717 nati
1173 671 1334 730 sunt;
1386 664 1483 719 sed
1524 664 1762 735 junioris
1786 665 2023 731 Rachel,

447 753 551 809 hoc
576 765 690 818 est,
732 754 991 809 Ecclesia:
1022 755 1165 810 idola
1222 771 1388 809 manu
1433 754 1577 810 facta
1609 754 1910 825 ignominia
1944 754 2026 809 af-

448 846 715 912 ﬁcientis,
747 864 811 902 ac
844 856 1053 903 tantum
1082 865 1190 903 non
1225 849 1506 919 implentis
1534 849 1589 903 in
1635 849 1702 905 iis
1744 848 1891 919 quod
1927 864 2027 918 per

410 930 415 939 ’
458 950 642 989 vocem
683 937 964 1006 prephetaa
1004 937 1212 992 dictum
1268 947 1352 993 est
1394 955 1407 991 :
1457 958 1475 989 ι
1514 939 1582 993 Et
1619 937 1838 994 auferes
1884 937 2029 992 idola

448 1028 826 1096 dcargentala,
857 1037 914 1084 et
946 1029 1212 1085 deaurata
1254 1030 1619 1094 comminues,
1655 1038 1713 1085 et
1741 1030 2029 1100 disperges

447 1118 591 1173 sicut
615 1135 811 1188 aquam
857 1128 1237 1179 menstruam.
1284 1130 1340 1176 et
1387 1122 1528 1175 sicut
1552 1131 1767 1176 stercus
1806 1121 2031 1191 abjicies

446 1226 510 1266 ea
540 1211 607 1264 ‘9.
636 1232 652 1261 ι
686 1211 977 1280 Postquam
1003 1228 1134 1267 vero
1157 1228 1268 1267 non
1290 1222 1419 1267 sunt
1444 1214 1650 1268 inventi
1678 1228 1709 1267 a
1731 1212 1919 1268 Laban
1952 1213 2029 1267 dii

447 1302 642 1371 ipsius,
674 1301 741 1355 de
770 1301 1111 1357 conﬁcienda
1131 1319 1263 1372 pace
1287 1318 1410 1357 cum
1445 1303 1612 1359 Jacob
1639 1303 1768 1374 egit.
1796 1303 2031 1359 Mundus

445 1391 593 1446 enim
644 1406 768 1444 cum
800 1406 908 1445 non
949 1392 1183 1461 amplius
1208 1391 1407 1446 habeat
1445 1392 1566 1447 falsi
1596 1391 1837 1447 nominis
1875 1391 2025 1459 deos,

446 1480 657 1534 amicus
686 1479 793 1534 erit
823 1498 837 1532 :
875 1488 931 1533 at
968 1480 1155 1549 potius
1192 1488 1277 1535 est
1322 1481 1546 1536 Christo
1584 1482 1696 1551 jam
1735 1481 1885 1550 pacis
1906 1481 2030 1537 vin-

446 1571 654 1625 culum.
696 1570 817 1640 Ipse
864 1586 994 1626 vero
1026 1588 1244 1626 rursum
1291 1581 1376 1627 est
1408 1573 1548 1643 lapis
1580 1573 2027 1643 probatissimus,

446 1662 744 1731 angularis,
772 1662 1069 1731 pretiosus,
1105 1663 1198 1733 qui
1227 1664 1282 1717 in
1314 1673 1479 1734 caput
1502 1664 1706 1735 anguli,
1737 1672 1793 1719 et
1822 1665 1879 1719 in
1909 1664 2034 1719 fun-

448 1730 706 1808 damento
720 1730 854 1809 Sion
880 1755 1093 1823 positus
1121 1730 1206 1810 est
1230 1756 1297 1809 “.
1332 1776 1349 1807 ι
1380 1730 1781 1823 Statuitenim,
1825 1757 2025 1827 inquit,
2065 1730 2106 1784 Β

446 1845 615 1901 Jacoh
652 1845 915 1916 lapidem,
966 1867 986 1899 ι
1031 1847 1086 1902 in
1124 1855 1310 1919 typum
1334 1847 1561 1904 Christi.
1600 1850 2029 1906 Accumulantur

447 1944 631 1991 autem
665 1938 828 1992 etiam
867 1940 959 1993 alii
1010 1940 1221 2010 lapides
1257 1948 1572 1995 sanctorum
1611 1942 1981 2011 apostolorum
2009 1980 2026 2008 ,

445 2029 564 2083 sive
591 2044 781 2083 eorum
813 2032 907 2100 qui
946 2048 1045 2101 per
1073 2032 1233 2086 ﬁdem
1260 2032 1541 2103 justiﬁcati
1568 2040 1715 2098 sunt,
1743 2040 1801 2088 et
1821 2034 2028 2089 sancti-

452 2120 595 2175 ﬁeati
616 2122 832 2193 spiritu,
861 2123 1271 2196 prmﬁgurantes
1296 2126 1576 2195 eleganter
1606 2140 1935 2181 concursum
1960 2125 2029 2180 ad

449 2211 749 2269 Christum.
774 2216 908 2270 Nam
930 2216 998 2270 de
1018 2215 1220 2271 sanctis
1257 2217 1519 2287 apostolis
1534 2218 1892 2287 propheticus
1909 2233 2030 2273 ser-

430 2319 544 2359 mo
566 2306 674 2360 ait:
706 2325 723 2356 ‹
753 2306 888 2373 Quia
905 2307 1116 2376 lapides
1166 2309 1341 2363 sancti
1382 2309 1680 2363 volvuntur
1718 2323 1885 2379 super
1921 2315 2032 2364 ter-

451 2414 570 2453 ram
587 2399 654 2454 “.
682 2419 701 2451 ι
736 2400 1064 2456 Universum
1087 2401 1233 2455 enim
1256 2402 1447 2457 orbem
1479 2410 1752 2457 terrarum
1778 2417 2033 2473 peragra-

454 2500 584 2546 runt
609 2493 783 2548 sancti
829 2493 1113 2564 discipuli,
1152 2494 1512 2565 Evangelium
1535 2496 1798 2566 gentibus
1823 2496 2030 2566 praedi-

453 2591 662 2640 cantes.
700 2584 927 2655 Sapiens
960 2601 1093 2641 vero
1136 2587 1340 2642 Paulus
1363 2586 1433 2641 ad
1472 2602 1590 2651 eos,
1618 2588 1713 2657 qui
1746 2602 1845 2657 per
1870 2586 2033 2642 ﬁdem

450 2676 731 2747 iustiﬁcati
756 2686 905 2743 sunt,
933 2678 1376 2734 scribitdicens:
1414 2698 1433 2731 ι
1487 2680 1548 2733 In
1601 2695 1711 2750 quo
1730 2687 1787 2735 et
1810 2694 1909 2737 vos
1937 2694 2033 2735 co-

453 2765 799 2820 aediﬁmmini
820 2767 875 2820 in
897 2767 1270 2823 habitaculum
1289 2769 1384 2823 Dei
1410 2766 1466 2823 in
1485 2768 1695 2839 Spiritu
1718 2778 1908 2825 sancto
1929 2769 2027 2823 “.i

454 2856 657 2913 Vocata
680 2861 863 2929 itaque
886 2870 971 2915 est
993 2861 1235 2931 lapidum
1259 2862 1602 2917 coacervatio
1622 2862 1870 2917 Tumulus
1895 2865 2039 2918 testi-

452 2953 618 3005 monii
640 2967 671 3005 a
702 2952 886 3007 Lahan
916 2971 928 3005 :
955 2953 1177 3009 divinus
1203 2970 1335 3009 vero
1358 2954 1528 3010 Jacob
1544 2954 1613 3009 ad
1641 2956 1818 3025 majus
1834 2957 2037 3010 multo-

394 3032 401 3037 ’
452 3057 563 3111 que
585 3042 899 3109 sublimius,
926 3045 1032 3100 hoc
1053 3055 1157 3110 est,
1188 3046 1255 3101 ad
1278 3046 1558 3102 Christum
1579 3062 1801 3100 sensum
1828 3046 1997 3101 refert
2020 3086 2035 3111 ,

457 3134 742 3189 Tumulum
774 3138 919 3190 testis
971 3138 1270 3207 appellans.
1302 3136 1480 3205 Caput
1515 3136 1663 3191 enim
1690 3137 2038 3192 credentium

459 3225 576 3293 ipse
604 3234 689 3279 est
723 3214 998 3280 Christus.
1024 3225 1182 3292 Quod
1216 3240 1350 3280 vero
1379 3226 1611 3282 salvanti
1637 3241 1768 3281 suos
1790 3225 2039 3281 omnium

429 3301 733 3369 'Salvatori
763 3313 1010 3379 Christo,
1052 3315 1208 3385 157
1247 3322 1303 3369 et
1343 3330 1412 3369 ex
1450 3314 1728 3369 mundana
1771 3315 2042 3386 pravitate

457 3407 741 3471 educenti,
768 3408 1087 3478 angelorum
1108 3406 1405 3463 multitudo
1428 3408 1501 3462 sit
1524 3407 1778 3463 adfutura
1794 3408 2044 3463 serviens

461 3498 482 3572 (
513 3498 866 3553 manifestum
906 3514 1039 3553 vero
1090 3499 1238 3569 quod
1270 3509 1326 3555 et
1368 3500 1714 3571 designatum
1745 3500 1848 3570 ipsi
1876 3498 2042 3555 mini-

460 3590 694 3647 sterium
711 3589 1060 3662 exsequens),
1083 3590 1241 3646 facile
1265 3590 1390 3661 quis
1405 3592 1570 3646 etiam
1590 3608 1660 3647 ex
1687 3592 1757 3647 iis
1781 3607 1904 3662 qua:
1942 3591 2045 3647 ad-

456 3684 742 3755 jiciuntur,
784 3699 978 3739 rursus
1025 3684 1313 3754 intelligat.
1358 3683 1686 3740 Discedente
1732 3684 1881 3738 enim
1931 3685 2046 3755 jam

462 3775 671 3840 Laban,
705 3785 763 3831 et
808 3775 1034 3846 paciﬁce
1054 3775 1279 3831 domum
1314 3775 1577 3831 redeunte
1598 3815 1613 3840 ,
1638 3794 1657 3826 ι
1702 3773 2043 3845 Suspiciens,

464 3868 663 3939 inquit,
690 3868 857 3924 Jacob
879 3869 1017 3923 vidit
1035 3877 1212 3924 castra
1229 3868 1323 3923 Dei
1348 3874 1754 3933 castrametata,
1776 3875 1833 3921 et
1854 3866 2047 3922 obvia-

463 3961 738 4016 veruntei
772 3962 950 4033 angeli
988 3962 1107 4016 Dei.
1154 3961 1302 4016 Dixit
1332 3970 1517 4015 autem
1545 3959 1715 4016 Iacob
1750 3959 1886 4015 visis
1920 3958 2003 4014 eis
2031 3975 2044 4011 :

463 4054 656 4109 Castra
688 4041 785 4109 Dei
828 4054 961 4118 ista,
1000 4063 1057 4109 et
1087 4054 1303 4108 vocavit
1348 4068 1552 4108 nomen
1599 4051 1707 4108 loci
1749 4051 1919 4111 illius.
1943 4048 2050 4107 Ca-

466 4152 579 4199 stra
613 4145 680 4197 ⁸³.
717 4162 735 4195 ι
770 4143 1046 4212 Scriptum
1063 4151 1148 4198 est
1175 4151 1359 4199 autem
1389 4160 1403 4197 :
1446 4142 1595 4213 quod
1641 4161 1661 4193 ι
1690 4148 2051 4198 castrameta-

467 4235 621 4291 bitur
663 4235 891 4305 angelus
922 4234 1136 4288 Domini
1180 4233 1237 4288 in
1286 4233 1521 4288 circuitu
1566 4232 1878 4287 timentium
1901 4246 2050 4297 eum,

467 4335 526 4382 et
550 4334 799 4398 proteget
838 4326 1016 4381 eos“.
1045 4346 1063 4378 ι
1094 4326 1370 4382 Etrursus
1396 4343 1410 4380 :
1441 4344 1460 4376 ι
1491 4323 1714 4396 Angelis
1746 4324 1862 4380 suis
1901 4340 2055 4379 man-

2130 479 2575 553 προςρασιζομένη
2600 482 2668 535 τά
2697 481 2820 534 κατ’
2850 480 3092 550 ἐθισμόν.
3131 478 3199 532 Τί
3233 474 3326 533 οὖν
3350 479 3378 531 6
3404 478 3594 546 λόγος;
3628 477 3703 531 οῦ

2131 572 2228 643 τῆς
2267 571 2534 625 Ἰουδαίων
2563 570 2912 640 Συναγωγῆς,
2937 570 3052 623 ἀλλ’
3080 568 3200 623 οὐδὲ
3225 567 3334 623 τῶν
3362 570 3442 632 εἰς
3463 566 3705 632 δουλείας

2128 662 2512 733 γεγενημένων
2548 662 2892 734 κατόρθωσις
2928 657 2997 734 ἦν
3035 665 3069 734 ή
3107 661 3216 716 τῶν
3248 658 3483 714 εἰδώλων
3512 658 3706 712 καθαί-

2131 770 2280 824 ρεσις
2298 771 2311 783 ’
2340 752 2479 807 ἀλλά
2499 752 2600 823 τῆς
2622 752 2860 823 νεὼττης
2897 752 3124 824 Ῥαχὴλ,
3147 750 3411 814 τουτέστι,
3443 750 3543 820 τῆς
3583 749 3707 802 Ἐκ-

2130 845 2361 918 κλησίας
2391 845 2584 917 ἀτιμίᾳ
2611 846 3014 918 περιϐαλούσης
3034 844 3102 899 τά
3125 843 3481 916 χειροποίητα
3501 859 3515 873 ·
3541 841 3705 912 μόνον
3742 898 3757 915 ⁸

2129 936 2184 990 δὲ
2215 937 2335 1008 ούχί
2362 938 2456 990 καὶ
2484 936 2800 1009 πληρούσης
2825 938 2912 991 ἐπ’
2936 937 3119 996 αὐτοῖς
3146 934 3205 987 τὸ
3226 933 3313 987 διά
3333 933 3432 1004 τῆς
3462 931 3546 986 τοῦ
3572 948 3706 1004 προσ

2130 1027 2302 1098 φήτου
2347 1028 2530 1099 φωνῆς
2570 1027 2860 1099 εἰρημένον
2884 1044 2898 1059 ·
2938 1046 2957 1078 ι
3009 1026 3119 1080 Καὶ
3162 1025 3374 1096 ἐξαρεῖς
3406 1025 3472 1077 τά
3513 1023 3706 1080 εῐδωλα

2130 1117 2199 1171 τὰ
2246 1119 2750 1191 περιηργυρωμένα
2774 1158 2790 1184 ,
2834 1119 2930 1173 καὶ
2970 1116 3495 1190 περικεχρυσωμένα
3533 1114 3708 1171 λεπτὰ

2130 1211 2413 1280 ποιήσεις,
2445 1212 2540 1263 καὶ
2576 1210 2868 1281 λικμήσεις
2911 1209 3045 1263 ὡσεὶ
3073 1208 3218 1280 ὕδωρ
3246 1206 3705 1277 ἀποκαθημένης,

2132 1302 2226 1357 καὶ
2260 1302 2336 1366 ὡς
2366 1302 2569 1372 κόπρον
2612 1301 2771 1365 ὢσεις
2799 1300 2957 1355 αὐτά.
2995 1319 3014 1353 ι
3069 1299 3288 1371 Ἐπειδὴ
3318 1299 3418 1369 οὐχ
3444 1296 3708 1370 εὕρηνται

2131 1394 2283 1465 παρὰ
2307 1392 2402 1448 τοῦ
2427 1393 2616 1448 Λάϐαν
2642 1395 2691 1447 οἰ
2716 1393 2882 1448 αὐτοῦ
2909 1394 3043 1457 θεοὶ,
3068 1392 3168 1455 τὰς
3200 1393 3279 1455 εἰς
3310 1392 3534 1462 εἰρήνην
3563 1408 3707 1460 συμ-

2132 1486 2377 1550 ϐιϐἀσεις
2404 1484 2578 1538 ἐποίει
2602 1484 2662 1538 τὸ
2687 1484 2873 1538 λοιπὸν
2898 1484 3037 1557 πρὸς
3059 1484 3151 1538 τὸν
3168 1482 3455 1536 Θεσπέσιον
3488 1479 3708 1558 Ίακῴϐ.

2132 1578 2247 1631 Οὐκ
2269 1575 2349 1628 ἐτι
2375 1574 2485 1646 γὰρ
2512 1575 2653 1646 ἔχων
2673 1578 2702 1629 6
2737 1576 2940 1643 κόσμος
2963 1575 3089 1639 τοὺς
3117 1572 3504 1645 ψευδωνύμους
3528 1572 3710 1637 θεοὺς,

2134 1666 2285 1736 φίλος
2316 1666 2496 1720 ἔσται·
2542 1666 2743 1737 μᾶλλον
2775 1666 2832 1720 δέ
2861 1667 3084 1735 γέγονεν
3108 1664 3329 1735 Χριστῷ
3352 1664 3455 1735 ήδη
3491 1664 3589 1718 καὶ
3610 1665 3712 1734 τῆς

2133 1761 2357 1833 εἰρήνης
2382 1762 2412 1814 6
2448 1758 2767 1830 σύνδεσμος.
2802 1759 2975 1827 Αὐτός
3003 1761 3124 1814 ἐστι
3163 1758 3325 1814 πάλιν
3348 1761 3377 1812 6
3412 1754 3715 1827 εὐδοκιμώ-

2133 1867 2293 1913 τατος
2310 1850 2476 1915 λίθος,
2499 1852 2528 1904 6
2557 1849 2874 1921 πολυτελὴς,
2907 1852 2936 1904 6
2964 1850 3377 1921 ἀκρογωνιαῖος.
3409 1850 3438 1902 6
3469 1847 3713 1914 ἔντιμος,

2132 1944 2162 1998 6
2206 1944 2287 2006 εἰς
2333 1940 2574 2014 κεφαλὴν
2624 1942 2828 2012 γωνίας
2852 1980 2867 2007 ,
2908 1941 3007 1996 καὶ
3058 1943 3139 2006 εἰς
3185 1942 3256 1997 τὰ
3289 1938 3515 2011 θεμέλια
3550 1937 3714 1993 Σιών.

2140 2053 2160 2088 ι
2204 2035 2439 2103 Ἔστησε
2473 2034 2583 2105 γὰρ
2605 2073 2621 2098 ,
2653 2032 3065 2104 φησίνι,’1ακὼϐ
3108 2032 3333 2104 στήλην,
3371 2050 3390 2081 ι
3430 2032 3511 2094 εἰς
3540 2029 3719 2084 τύπον

2134 2126 2393 2198 Χριστοῦ.
2444 2124 2888 2196 Συσσωρεύονται
2933 2124 2994 2179 δέ
3046 2125 3143 2179 καὶ⁵
3192 2123 3372 2194 ἕτεροι
3426 2121 3566 2176 λίθοι
3604 2121 3719 2175 τῶν

2136 2218 2308 2287 ἁγίων
2330 2216 2665 2282 ἀποστόλων,
2688 2218 2809 2287 ήτοι
2829 2215 2941 2270 τῶν
2967 2218 3025 2271 ἐν
3043 2216 3223 2270 πίστει
3254 2213 3717 2282 δεδικαιωμένων,

2135 2308 2586 2383 καίἡγιασμένων
2598 2310 2655 2363 ἐν
2672 2307 2805 2362 πνεύ
2815 2326 2944 2379 ματι
2953 2324 3245 2379 ,προανατυ
3252 2306 3475 2369 ποῦντες
3484 2305 3725 2369 ἀστείως

2133 2403 2233 2475 τὴν
2262 2406 2355 2459 ἐπὶ
2385 2405 2604 2478 Χριστῷ
2633 2407 2954 2479 συνδρομήν.
2990 2406 3126 2478 Περί
3155 2404 3254 2477 μὲν
3278 2401 3385 2475 γὰρ
3414 2401 3523 2456 τῶν
3544 2400 3722 2467 ἁγίων

2135 2498 2447 2552 ἀποστόλων
2463 2499 2798 2569 προφητικδς
2822 2498 2923 2570 ἔφη
2951 2499 3112 2567 λόγος
3134 2512 3149 2527 ⁸
3181 2515 3201 2550 ι
3236 2496 3381 2550 Διότι
3401 2493 3541 2549 λίθοι
3571 2493 3725 2561 ἆγιοο

2138 2589 2411 2644 κυλίονται
2436 2591 2531 2643 ἐπὶ
2548 2592 2646 2662 τῆς
2660 2590 2786 2660 γῆς.
2820 2608 2839 2643 ι
2859 2589 3158 2663 Διέδραμον
3182 2590 3291 2659 γάρ
3316 2587 3412 2658 τὴν
3426 2585 3724 2656 σύμπασαν

2139 2682 2244 2752 γῆν
2273 2682 2323 2736 οἰ
2352 2680 2630 2737 θεσπέσιοι
2661 2682 2923 2755 μαθηταὶ,
2947 2682 3009 2734 τὸ
3023 2677 3381 2749 εύαγγελικὺν
3403 2678 3516 2739 τοῖς
3542 2674 3727 2729 ἔθνεσι

2138 2773 2544 2845 διακομίζοντες
2562 2775 2845 2846 κήρυγμα.
2870 2773 3015 2845 Πρὸς
3040 2772 3098 2826 δέ
3127 2772 3254 2835 τοὺς
3284 2772 3343 2824 ἐν
3364 2768 3545 2823 πίστει
3574 2766 3728 2820 δεδιο

2141 2867 2482 2938 καιωμένους
2531 2869 2560 2921 6
2590 2868 2752 2937 σοφὸς
2773 2865 3080 2921 ἐπιστέλλει
3105 2863 3319 2928 Παῦλος
3344 2878 3357 2891 ·
3391 2881 3411 2914 ι
3433 2862 3522 2915 ‘Ev
3629 2858 3732 2912 καὶ

2141 2958 2299 3029 ὑμεῖς
2346 2957 2813 3028 συνοικοδομεῖσθε
2848 2958 2929 3019 είς
2969 2955 3290 3015 κατοίκησιν
3330 2952 3425 3006 τοῦ
3471 2949 3608 3005 Θεοῦ
3662 2949 3731 3000 ἐν

2145 3048 2426 3119 Πνεύματι
2467 3047 2628 3120 ἁγίῳ.
2689 3066 2708 3101 ι
2761 3048 3039 3119 Κέκληται
3093 3046 3272 3099 τοίνυν
3315 3046 3350 3115 ή
3401 3042 3510 3096 τῶν
3556 3039 3732 3093 λίθων

2139 3138 2409 3207 ἄθροισις,
2453 3137 2679 3203 Βουνὸς
2703 3137 3035 3206 μαρτυρίας
3086 3134 3241 3207 παρά
3289 3149 3354 3202 γε
3398 3131 3478 3202 τῷ
3512 3129 3733 3195 Λάϐαν,

2140 3232 2169 3285 6
2200 3230 2257 3283 δὲ
2287 3228 2571 3294 θεσπέσιος
2611 3229 2806 3285 Ἰακὼϐ
2834 3228 2928 3282 ἐπὶ
2948 3228 3007 3281 τὸ
3027 3227 3108 3281 ἔτι
3140 3224 3326 3298 μεῖζόν
3349 3242 3409 3279 τε
3434 3224 3530 3278 καὶ
3553 3224 3737 3293 ὑπερ-

2141 3320 2331 3393 τεροῦν
2357 3322 2729 3393 ἀσυγκρίτως,
2752 3321 3002 3375 τουτέστι
3028 3320 3280 3392 Χριστὸν,
3316 3317 3640 3387 ἀνακομίζει
3668 3314 3740 3370 τδ

2141 3414 2344 3484 νόημα,
2382 3413 2615 3479 Βουνὸς
2653 3413 2886 3484 μάρτυς
2926 3412 3202 3483 ὀνομάσας
3238 3410 3299 3465 τὸ
3336 3408 3735 3480 γεγενημένον.

2144 3506 2371 3578 Κεφαλὴ
2397 3506 2507 3578 γὰρ
2532 3507 2640 3560 τῶν
2673 3507 3038 3561 πιστευόντων
3063 3504 3227 3568 αὐτὸς
3256 3505 3285 3557 6
3314 3501 3571 3574 Χριστός.
3602 3501 3739 3554 Ὀτι

2144 3597 2202 3653 δὲ
2236 3596 2460 3662 σώζοντι
2489 3598 2615 3662 τοὺς
2644 3598 2806 3662 ίδίους
2837 3598 2915 3669 τῷ
2957 3596 3181 3650 πάντων
3211 3594 3426 3663 Σωτῆρι
3466 3593 3700 3663 Χριστῷ
3721 3630 3737 3655 ,

2146 3690 2241 3743 καὶ
2265 3690 2365 3760 τῆς
2389 3692 2446 3744 ἐν
2468 3688 2658 3759 κόσμῳ
2684 3689 2882 3753 κακίας
2915 3687 3187 3758 ἐξάγοντι,
3217 3686 3312 3740 καί
3346 3686 3380 3753 ἡ
3413 3684 3523 3737 τῶν
3558 3682 3742 3750 ἀγγέ-

2146 3782 2255 3837 λων
2310 3782 2581 3855 παρέσται
2630 3783 2839 3855 πληθὺς
2887 3779 3299 3853 λειτουργοῦσα,
3342 3777 3501 3848 δῆλον
3541 3775 3601 3828 δὲ
3651 3776 3741 3829 ὅτι

2149 3871 2243 3925 καὶ
2278 3870 2375 3942 τὴν
2417 3872 2764 3944 τεταγμένην
2797 3873 2980 3937 αὐτοῖς
3016 3868 3414 3943 ἀποπληροῦσα
3453 3864 3741 3929 δουλείαν,

2148 3961 2421 4032 ἀναμάθοι
2448 3945 2531 4025 τις
2563 3962 2630 4016 ἂν
2653 3963 2890 4029 εὐκόλως
2916 3965 3011 4019 καὶ
3040 3964 3130 4019 διὰ
3151 3961 3318 4016 τῶνδε
3348 3958 3531 4014 πάλιν.
3570 3957 3744 4010 ’Δποο

2150 4052 2456 4125 χωροῦντος
2494 4053 2604 4126 γὰρ
2636 4055 2740 4127 ήδη
2777 4054 2873 4109 τοῦ
2911 4055 3119 4119 Λάϐαν,
3158 4051 3370 4127 ίοίκαδὲ
3414 4068 3474 4105 τε
3532 4048 3742 4102 {mavo-

2151 4145 2403 4211 στοῦντος
2452 4126 2771 4218 εἰρηνικῶς,
2818 4164 2838 4199 ι
2879 4126 3239 4215 Ἀναϐλέψας,
3292 4141 3481 4214 φησιν,
3538 4136 3749 4192 Ἰακωϐ

2152 4230 2261 4290 εἶδε
2300 4236 2648 4308 παρεμϐολὴν
2680 4235 3225 4310 παρεμϐεϐληκυῖαν,
3260 4232 3357 4287 καὶ
3391 4230 3748 4299 συνήντησαν

2154 4327 2305 4399 αύτῷ
2337 4329 2387 4381 οί
2414 4328 2637 4397 ἄγγελοι
2676 4326 2771 4381 τοῦ
2816 4327 2977 4383 Θεοῦ.
3024 4322 3163 4381 Eius
3204 4324 3263 4378 δὲ
3303 4320 3530 4388 Ἰακὼϐ,
3570 4318 3751 4389 ἡνίκα

469 4421 621 4476 davit
643 4419 713 4476 de
744 4429 817 4485 te,
844 4428 905 4474 ut
926 4418 1240 4475 custodiant
1268 4427 1319 4475 te
1335 4420 1392 4474 in
1415 4418 1674 4474 omnibus
1692 4416 1799 4472 viis
1823 4415 2038 4471 tuis“.i

2157 4417 2265 4475 εἶδε
2294 4420 2514 4485 αὐτούς’
2550 4420 2879 4493 Παρεμϐολὴ
2909 4419 3046 4475 Θεοῦ
3087 4417 3251 4487 αῦτη,
3284 4415 3379 4470 καὶ
3422 4411 3657 4467 ἐκάλεσε
3681 4408 3753 4463 τὸ

471 4514 658 4570 Salvat
681 4523 862 4567 autem
888 4528 1079 4569 omnes
1099 4520 1349 4568 amantes
1375 4512 1555 4581 ipsum
1576 4508 1845 4564 Dominus
1864 4516 2053 4564 noster

470 4608 631 4661 Jesus
660 4604 935 4669 Christus,
991 4619 1088 4673 per
1112 4618 1276 4673 quem
1328 4613 1387 4659 et
1418 4617 1543 4658 cum
1568 4616 1680 4672 quo
1712 4601 1826 4657 Deo
1847 4616 1914 4656 ac
1948 4600 2052 4655 Pa-

477 4698 543 4753 tri
576 4695 748 4768 gloria
772 4710 896 4750 cum
920 4702 1111 4751 sancto
1144 4693 1356 4765 Spiritu
1385 4694 1442 4748 in
1467 4693 1667 4749 saecula
1693 4692 2047 4748 saeculorum.

474 4792 671 4847 Amen.

2160 4510 2339 4581 ϐνομα
2377 4508 2474 4563 τοῦ
2511 4509 2699 4575 τόπου,
2733 4508 3105 4582 Παρεμϐολαί.
3140 4526 3160 4560 ι
3202 4507 3514 4577 Γέγραπται
3563 4500 3623 4554 δέ
3660 4500 3755 4553 ὃτι

2167 4623 2187 4655 ι
2223 4601 2572 4673 Παρεμϐαλεῖ
2597 4602 2826 4672 ἄγγελος
2850 4600 3057 4673 Κυρίου
3092 4598 3276 4670 κύκλῳ
3311 4595 3419 4650 τῶν
3462 4590 3757 4661 φοϐουμέ-

2161 4709 2268 4747 νων
2289 4693 2473 4757 αὐτὸν,
2489 4693 2584 4747 καὶ
2604 4693 2826 4764 ῥύσεται
2850 4691 3067 4755 αὐτούς.
3082 4710 3101 4743 ι
3129 4690 3238 4744 Καὶ
3261 4688 3442 4746 πάλιν.
3462 4686 3547 4739 ὅτι
3568 4701 3588 4733 ι
3615 4683 3761 4744 Τοῖς

2160 4786 2413 4855 ἀγγέλοις
2451 4785 2618 4841 αὐτοῦ
2650 4786 2948 4840 ἐντελεῖται
2984 4784 3116 4854 περί
3148 4780 3242 4836 σοῦ
3281 4777 3377 4834 τοῦ
3411 4773 3763 4845 διαφυλάξαι

476 4901 536 4939 σε
573 4886 631 4937 ἐν
678 4884 882 4945 πάσαις
924 4880 1047 4940 ταῖς
1085 4878 1228 4944 ὁδοῖς
1272 4894 1387 4933 σου.
1437 4895 1458 4931 ι
1529 4875 1701 4941 Σώζει
1737 4875 1803 4948 δὴ
1841 4876 2088 4940 ἅπαντας
2124 4879 2253 4941 τοὺς
2287 4877 2618 4945 ἀγαπῶντας
2656 4876 2818 4931 αὐτὸν
2846 4877 2874 4929 ὁ
2903 4875 3109 4947 Κύριος
3137 4870 3296 4943 ἡμῶν
3336 4864 3542 4938 Ἰησοῦς
3608 4863 3762 4934 Χρι-

478 4986 600 5049 στός
620 5002 633 5017 ο
664 4986 733 5060 δι’
771 4977 833 5040 οὗ
880 4983 977 5038 καὶ
1019 4978 1139 5055 μεθ’
1181 4972 1243 5034 οὗ
1271 4976 1350 5049 τῷ
1377 4976 1497 5049 Θεῷ
1530 4976 1624 5030 καί⁵
1652 4974 1886 5047 Πατρὶή
1922 4973 2050 5039 δόξα
2086 4974 2203 5046 ἅμα
2229 4974 2307 5045 τῷ
2330 4975 2471 5046 ἀγίῳ
2494 4975 2775 5045 Πνεύματι
2809 4974 2890 5037 εἰς
2921 4973 3049 5035 τοὺς
3086 4969 3288 5031 αἰῶνας
3310 4964 3419 5019 τῶν
3478 4957 3713 5015 αἰώνων
3745 4994 3764 5012 .

489 5083 542 5136 Ἀ
556 5084 685 5155 μήν.

971 5173 1213 5247 Amplius
1260 5172 1324 5227 de
1375 5169 1557 5224 Iacob.

552 5290 601 5346 ί.
626 5290 746 5347 Non
776 5297 963 5346 carent
983 5286 1344 5344 admiratione
1384 5298 1565 5338 mores
1584 5290 1896 5336 sanctorum
1914 5275 2058 5348 apud

482 5402 577 5442 cos
599 5385 691 5456 qui
722 5393 868 5439 recte
901 5382 1063 5436 vitam
1088 5380 1377 5435 instituere
1401 5375 1593 5430 volunt
1622 5391 1635 5426 :
1665 5372 1786 5427 laus
1811 5386 1944 5426 vero
1976 5369 2062 5438 ip-

2608 5157 2740 5211 'Eu
2770 5155 2903 5226 περί
2925 5153 3033 5209 τοῦ
3071 5150 3297 5209 Ἰακώϐ.

2237 5277 2309 5325 α’.
2338 5270 2453 5324 Οὐκ
2479 5268 2831 5340 ἀθαύμαστος
2866 5267 2965 5338 μὲν
2986 5265 3095 5320 τῶν
3122 5264 3295 5334 ἀγίων
3319 5264 3349 5316 6
3592 5258 3772 5330 παρά

2169 5377 2234 5429 γε
2272 5362 2386 5422 τοῖς
2415 5358 2612 5430 ἄριστα
2649 5356 2800 5428 βιοῦν
2833 5354 3132 5428 ᾑρημένοις
3155 5372 3169 5386 ·
3213 5352 3275 5405 τὸ
3302 5351 3358 5404 δέ
3387 5350 3487 5421 τῆς
3518 5347 3772 5401 ἐκείνων

486 5491 673 5532 sarum
695 5476 821 5529 vitae
843 5487 1061 5529 omnem
1079 5470 1383 5524 orationem
1404 5471 1643 5535 superat.
1665 5460 1854 5517 Fuerit
1879 5466 2038 5513 auten

2173 5450 2451 5513 πολιτείας
2470 5448 2691 5513 εὐκλεὲς
2722 5448 2872 5519 παρά
2903 5447 3002 5519 μὲν
3028 5444 3230 5510 παντὸς
3249 5444 3530 5515 οἰχήσεται
3557 5438 3768 5510 λόγου.

559 5649 604 5680 "’
647 5649 749 5706 lsa.
785 5665 908 5710 xxx,
947 5648 1035 5700 9.9..
1109 5641 1597 5716 “‘Ephcs._n,_20;
1625 5639 1725 5716 lea:
1755 5651 1936 5701 xxvni,
1977 5634 2057 5689 ιδ.
2134 5632 2174 5663 ⁶¹
2218 5630 2443 5686 Zachar.
2490 5646 2563 5696 ix,
2608 5630 2723 5688 l6“
2767 5630 2810 5663 "
2847 5628 3045 5699 Ephcs.
3075 5643 3185 5694 xxi,
3213 5625 3267 5679 2.
3346 5621 3771 5690 “Gen.xxnt,

493 5721 545 5789 ί,
586 5719 640 5776 2.
720 5718 764 5752 "
796 5708 936 5776 Psal.
972 5732 1156 5783 usui,
1184 5708 1239 5770 8:
1313 5716 1357 5746 ⁸³
1381 5713 1523 5769 Psal.
1554 5726 1636 5777 sc,
1674 5708 1753 5762 ll.
