4032 6198
276 245 378 302 253

1300 238 1818 298 GLAPHYRORUM
1855 243 1923 299 IN
1960 244 2260 301 GENESIM
2299 247 2430 303 LIB.
2469 251 2533 305 γ.

3425 261 3535 318 258

277 357 493 411 Γένοιτο
543 354 592 407 δ’
640 352 706 406 ἂν
747 352 861 415 τοῖς
909 349 1154 404 ἐθέλουσι
1209 350 1456 406 εὐσεϐεῖν
1505 355 1854 421 ὑποτύπωσις

1968 362 2046 426 iis,
2089 364 2183 433 qui
2208 365 2296 434 pie
2324 365 2508 421 vivere
2532 365 2724 420 volunt
2748 365 3039 436 pulchrum
3062 370 3362 440 exemplar,
3399 389 3539 442 quo:

276 448 456 518 ἀγαθὴ
476 487 491 509 .
519 446 582 499 τὸ
609 446 731 498 τίνα
779 442 885 514 χρὴ
915 444 1118 513 τρόπον
1147 445 1267 496 κατ’
1303 444 1432 498 εὐθὺ
1471 446 1733 517 φέρεσθαι
1764 449 1858 503 τοῦ

276 541 484 603 εἰκότος
512 539 606 592 καὶ
635 537 954 598 ἀνδάνοντος
991 534 1110 606 Θεῷ
1129 576 1144 600 ,
1181 537 1543 609 διατρανοῦσα
1577 541 1856 604 ποικίλως.

275 633 489 703 Χρῆναι
520 632 628 702 γὰρ
667 627 846 696 ἔγωγέ
885 644 1066 698 φημι,
1110 628 1311 697 μᾶλλον
1349 629 1406 682 δὲ
1439 631 1532 683 καὶ
1570 632 1731 695 αὐτὸς
1761 633 1859 702 τῆς

276 722 636 777 θεοπνεύστου
703 719 927 791 Γραφῆς
977 721 1006 772 ὁ
1059 719 1216 788 λόγος
1241 761 1256 784 ,
1313 720 1422 774 τῶν
1488 723 1860 794 ἀρχαιοτέρων

278 815 444 884 ἀγίων
479 812 926 885 ἀναθεωροῦντας
959 811 1134 882 ὀρθῶς
1169 812 1270 883 τὴν
1311 812 1542 867 ἔκϐασιν
1592 815 1690 885 τῆς
1727 815 1860 868 ἀνα-

279 904 517 974 στροφῆς
551 901 837 973 μιμεῖσθαι
887 901 986 971 τὴν
1019 901 1236 954 πίστιν·
1290 902 1449 972 μόνον
1496 902 1552 956 δὲ
1594 903 1715 974 ούχὶ
1768 905 1860 957 καὶ

279 997 396 1049 κατ’
446 996 596 1064 ίχνος
649 992 788 1046 ἰέναι
836 992 938 1062 τῆς
989 991 1215 1062 ἐνούσης
1263 994 1448 1058 αὐτοῖς
1481 994 1704 1064 ἀρετῆς.
1751 995 1860 1047 Καὶ

277 1087 384 1157 γάρ
428 1089 550 1139 ἐστι
593 1084 702 1138 τῶν
750 1083 989 1148 ἀτόπων,
1040 1084 1167 1147 τοὺς
1228 1085 1326 1155 μὲν
1366 1086 1482 1138 ὅσοι
1520 1086 1726 1156 τεχνῶν
1768 1104 1861 1155 γε·

276 1180 496 1249 γόνασιν
544 1177 910 1248 ἐπιστήμονες
967 1175 1073 1228 τῶν
1140 1175 1436 1245 βασιλικῶν
1467 1219 1482 1243 ,
1541 1177 1860 1249 καθηγητὰς

277 1273 353 1334 εἰς
392 1270 558 1324 τοῦτο
600 1267 876 1322 ποιεῖσθαι
921 1269 1048 1331 τοὺς
1102 1269 1209 1341 πρὸ
1263 1269 1466 1332 αὐτῶν,
1517 1270 1612 1323 καὶ
1662 1269 1859 1340 ζηλοῦν

277 1360 594 1429 ἐπείγεσθαι
610 1363 736 1424 τοὺς
762 1360 848 1414 ὅτι
865 1359 929 1430 δὴ
953 1359 1186 1431 μάλιστα
1208 1360 1269 1413 τὸ
1291 1361 1533 1424 ἐπιεικὲς
1557 1363 1615 1414 ὲν
1633 1361 1860 1424 ταύταις

276 1451 657 1523 ἡκριὸωκότας
683 1466 695 1478 ·
733 1450 886 1520 ἡμᾶς
925 1449 984 1502 δὲ
1024 1450 1221 1514 αὐτοὺς
1243 1490 1258 1514 ,
1300 1446 1381 1515 οἷς
1411 1451 1472 1504 τὸ
1496 1451 1794 1522 κατορθοῦν
1831 1452 1860 1504 ό

277 1542 478 1606 σκοπὸς
511 1543 611 1613 τήν
638 1541 862 1612 ἀρετὴν,
893 1540 968 1612 μὴ
1001 1541 1122 1612 ούχὶ
1146 1541 1246 1611 τῆς
1269 1541 1511 1607 διανοίας
1539 1543 1630 1597 τὸν
1659 1544 1861 1612 ὀφθαλ-

280 1635 370 1705 μὸν
413 1634 788 1704 ὲνερείδοντας
834 1636 952 1697 ταῖς
976 1633 1084 1687 τῶν
1128 1634 1500 1707 ἀρχαιοτέρων
1529 1637 1858 1700 ὲπιεικείαις

277 1726 685 1798 ἀναματτεσθαι
733 1725 937 1796 τρόπον
988 1724 1113 1778 τινὰ
1163 1728 1294 1798 παρ’
1345 1727 1524 1780 αὐτῶν
1567 1728 1634 1782 τὰ
1677 1729 1742 1782 δι’
1785 1722 1860 1784 ὧν

278 1818 335 1873 ἂν
352 1819 529 1872 έσοιτό
546 1836 630 1881 τις
655 1819 808 1891 παρὰ
837 1817 956 1888 Θεῷ
981 1815 1485 1887 δοκιμώτατος,καὶ
1505 1819 1606 1889 τῆς
1630 1820 1864 1889 εὐαγοῦς

277 1910 551 1972 πολιτείας
580 1911 924 1980 ἐπιστήμονα
963 1908 1055 1962 τὸν
1079 1910 1278 1962 οἰκεῖον
1308 1909 1471 1974 αὐτὸς
1496 1911 1864 1982 ἀπεργάσοιτο

279 2003 411 2057 νοῦν.
454 2001 774 2072 Προκείσθω
799 2001 864 2071 δὴ
886 1996 980 2054 οὖν
1022 2001 1235 2065 οὐδενὸς
1265 1995 1426 2072 ἦττον
1450 2004 1482 2074 ή
1493 2005 1583 2073 μίν
1607 2004 1635 2056 ὁ
1667 2003 1862 2058 θεσπέ-

279 2110 384 2158 σιος
421 2092 645 2156 Ἰακὼϐ,
670 2093 1074 2163 ἀνεπίπληκτον
1099 2093 1196 2163 μὲν
1217 2092 1290 2157 ὡς
1312 2095 1428 2165 ἐνῇ,
1463 2094 1558 2147 καὶ
1577 2094 1656 2165 τῷ
1685 2095 1864 2166 καιρῷ

279 2188 595 2255 πρέπουσαν
631 2185 709 2255 τῷ
759 2184 1014 2255 τηνικάδε
1057 2185 1202 2255 φημὶ
1246 2184 1363 2239 ὁδὸν
1401 2186 1726 2256 διαστείχων
1759 2189 1858 2258 τὴν

278 2278 344 2342 ὡς
362 2279 423 2332 ἐν
449 2295 515 2346 γε
540 2277 786 2347 πολιτείᾳ
815 2276 985 2346 ζωῆς,
1019 2275 1366 2346 συλλήπτορα
1395 2277 1450 2330 δὲ
1474 2279 1569 2331 καὶ
1592 2295 1863 2350 προεστη-

279 2371 406 2423 κότα
454 2371 546 2422 τὸν
582 2369 690 2420 τῶν
725 2369 864 2421 ὅλων
900 2366 1038 2438 ἔχων
1071 2367 1234 2430 Θεὸν,
1277 2368 1462 2432 πόνοις
1505 2369 1602 2438 μὲν
1629 2368 1748 2422 ἔσθ’
1775 2371 1864 2422 ὅτε

280 2463 591 2534 περιτυχεῖν
629 2458 851 2529 ἐφιέντα
893 2457 1198 2529 χρησίμως·
1265 2459 1327 2511 ού
1364 2458 1474 2529 γὰρ
1506 2459 1572 2514 ἂν
1611 2461 1866 2530 ἀνιδρωτὶ

279 2551 686 2622 κατακτήσαιτό
724 2568 809 2614 τις
834 2550 904 2602 τά
929 2552 1008 2612 είς
1042 2550 1242 2621 ἀρετὴν
1275 2551 1572 2621 αὐχήματα
1602 2569 1615 2582 ·
1647 2552 1786 2622 μετά
1808 2553 1866 2606 δέ

280 2661 336 2714 γε
365 2644 438 2698 τὰ
471 2644 846 2715 γυμνάσματα
879 2641 1244 2712 στεφανοῦντα
1273 2645 1392 2704 ταῖς
1422 2641 1740 2712 εὐθυμίαις,
1773 2645 1868 2698 καὶ

280 2731 360 2791 οἷά
387 2753 516 2790 τινα
545 2735 652 2788 τῶν
681 2737 824 2803 ἄγαν
851 2733 1288 2786 εὐσθενεστάτων
1319 2733 1639 2800 ἀγωνιστῶν
1667 2738 1734 2805 τῇ
1758 2734 1866 2787 τῶν

281 2829 451 2883 ἄθλων
483 2829 832 2899 ἀμφιλαφείᾳ
855 2824 1375 2889 καταπλουτίζοντα.
1555 2825 1666 2898 γὰρ
1706 2827 1869 2898 εἴπῃς

279 2921 415 2975 κατὰ
448 2920 649 2974 σαυτόν
673 2937 686 2950 ·
732 2919 874 2972 Ἀνθ“
909 2919 1030 2971 ὅτου
1065 2918 1139 2988 μὴ
1185 2917 1385 2971 ἄπονον
1431 2917 1687 2988 ἐδωρεῖτο
1734 2918 1869 2982 Θεὸς

278 3019 386 3078 τοῖς
433 3013 617 3082 ἁγίοις
657 3013 719 3066 τὸ
761 3009 1184 3080 κατευφραίνειν
1223 3010 1398 3075 εἱδός;
1430 3009 1602 3062 Τοῦτο
1643 3010 1752 3080 γὰρ
1797 3005 1868 3081 ἦν

278 3104 670 3174 ἀγυμνάστους
715 3103 850 3172 ὲᾷν,
887 3106 981 3154 καὶ
1027 3100 1230 3169 ἥκιστα
1291 3098 1388 3169 μὲν
1445 3097 1634 3167 μισθὸν
1667 3097 1869 3167 ἀρετῆς

280 3197 579 3266 ἀπονέμειν
610 3195 795 3256 αὐτοῖς
827 3193 888 3246 τὸ
916 3186 975 3244 εὖ
1019 3189 1153 3244 εἶναι
1183 3189 1344 3259 τυχόν
1369 3203 1383 3220 ’
1419 3187 1780 3240 ἀϐασανίστου
1813 3186 1870 3239 δὲ

283 3286 480 3358 μᾶλλον
530 3283 860 3353 θελημάτων
905 3279 1080 3352 ῥοπῆς
1121 3277 1392 3331 ποιεῖσθαι
1441 3275 1652 3346 καρπὸν
1689 3274 1750 3326 το
1784 3273 1869 3326 ἐπ’

279 3381 460 3443 αὐτοῖς
491 3377 758 3448 εὐμενὲς,
792 3376 1012 3444 καὶ“τὴν
1036 3371 1297 3442 λαμπράν
1330 3386 1391 3421 τε
1422 3368 1518 3422 καὶ
1549 3367 1871 3434 ἀξιόληπτον

279 3476 379 3525 τῶν
420 3470 794 3542 χαρισμάτων
830 3467 1162 3538 φιλοτιμίαν.
1213 3459 1364 3516 Ἔδει
1391 3462 1449 3514 δὲ
1487 3461 1688 3531 μᾶλλον
1724 3459 1872 3512 εύδο-

281 3565 576 3634 κιμοῦντας
597 3561 853 3631 ὁρᾶσθαι,
883 3560 973 3612 καὶ
1012 3558 1196 3629 ἔργοις
1225 3557 1410 3620 αὐτοῖς
1432 3555 1616 3620 ἀξίους
1635 3568 1871 3624 προαναρ

280 3656 568 3724 ιραίνεσθαι
597 3653 708 3706 τῶν
734 3652 886 3723 παρὰ
910 3649 1046 3705 Θεοῦ
1077 3666 1090 3680 ⁸
1117 3647 1442 3722 προκεῖσθαι
1467 3647 1524 3700 δὲ
1559 3646 1747 3716 ὥσπερ
1780 3643 1872 3696 καὶ

279 3753 385 3813 τοῖς
419 3748 548 3819 μετ’
582 3745 783 3808 αὐτοὺς
819 3746 898 3807 είς
927 3743 1278 3815 παράδειγμά
1306 3759 1366 3794 τε
1397 3741 1490 3793 καὶ
1519 3737 1870 3793 ὑποτύπωσιν

281 3841 488 3911 ἔναργῆ
529 3838 626 3892 τοῦ
672 3838 786 3891 δεῖν
834 3836 1052 3890 ἑλέσθαι
1109 3833 1570 3906 φιλεργεστάτους
1609 3829 1870 3884 εἶναικαὶ

282 3933 590 3994 νεανικοὺς,
623 3929 940 3992 ἐννοοῦντας
968 3929 1049 3981 ὅτι
1075 3929 1188 3990 τοῖς
1222 3926 1320 3996 μὲν
1349 3924 1735 3993 ἀταλαίπωρον
1775 3920 1871 3974 καὶ

278 4021 740 4092 κατεγνωσμένον
793 4018 1059 4073 διαῦιοῦσι
1113 4016 1281 4087 ζωὴν,
1330 4014 1504 4078 οὐδεὶς
1550 4014 1616 4068 ἂν
1664 4014 1873 4082 γένοιτο

288 4117 503 4184 μισθὸς,
526 4114 717 4184 ἕψεται
757 4112 814 4165 δὲ
858 4112 1077 4171 πάντως
1116 4108 1185 4163 τά
1214 4109 1432 4162 πάντων
1456 4105 1731 4176 ἐξαίρετα,
1759 4105 1872 4168 τοῖς

288 4205 366 4259 δτι
423 4207 669 4276 μαλιστα
714 4201 1172 4272 φιλοπονωιάτοις
1203 4239 1218 4263 ,
1267 4199 1362 4252 καὶ
1405 4195 1605 4268 ίδρῶτα
1651 4195 1743 4248 τὸν
1783 4193 1870 4248 ἐπ’

284 4299 510 4364 ἀγαθοῖς
562 4296 673 4350 τῶν
720 4294 954 4366 ἡδίστων
1005 4292 1115 4345 τῶν
1166 4294 1222 4344 ὲν
1270 4290 1369 4361 βίῳ
1425 4285 1868 4359 προτετιμηκόσι.

1961 472 2086 511 nam
2116 458 2280 512 modo
2320 466 2571 528 oporteat
2600 459 2668 513 ad
2694 452 2748 513 i‘d
2773 459 2920 528 quod
2958 459 3164 514 bonum
3199 472 3283 517 est
3315 464 3536 534 Deoque

1960 551 2181 619 placens
2203 559 2352 606 recta
2374 551 2728 616 contendere,
2749 552 2899 607 varie
2921 553 3237 623 explanatis.
3255 555 3367 624 Ego
3388 557 3536 612 enim

1959 650 2213 711 oportere
2249 644 2504 699 existimo
2545 644 2828 714 (atpotius
2872 645 2988 716 ipse
3027 661 3196 702 sacrae
3237 647 3538 718 Scriptura:

1960 732 2162 804 sermo)
2187 743 2436 789 veterum
2460 744 2771 790 sanctorum
2812 737 3244 791 conversationis
3279 749 3538 793 eventum
3638 794 3646 800 ,

1961 834 2110 880 recte
2145 828 2600 897 contemplantes,
2631 828 2792 883 ﬁdem
2821 827 3044 892 imitari,
3073 843 3138 883 ac
3175 836 3386 883 tantum
3427 847 3540 886 non

1959 916 2180 972 virtutis
2209 934 2316 987 qua
2340 919 2553 988 praediti
2579 919 2824 983 fuerunt,
2857 920 3104 990 vestigiis
3137 929 3390 990 prompte
3430 921 3542 976 ala-

1959 1008 2233 1078 criterque
2255 1009 2526 1065 insistere.
2553 1011 2865 1065 Absurdum
2888 1012 3033 1066 enim
3068 1027 3191 1066 cum
3218 1013 3411 1083 primis
3431 1023 3536 1078 est,

1959 1112 2057 1151 eos
2079 1097 2172 1166 qui
2203 1098 2402 1152 artium
2433 1099 2704 1170 regiarum
2726 1101 2888 1170 periti
2925 1110 3074 1165 sunt,
3108 1103 3397 1172 magistros
3430 1103 3536 1160 sibi

1959 1203 2290 1257 proponere,
2308 1190 2547 1258 quiante
2577 1191 2726 1260 ipsos
2749 1190 2993 1256 fuerunt,
3015 1192 3328 1263 imitarique
3351 1195 3539 1250 conari

1959 1293 2076 1340 eos,
2111 1279 2204 1347 qui
2239 1278 2294 1331 in
2323 1295 2390 1333 eo
2412 1281 3005 1349 genereexcelluerint,
3045 1297 3147 1336 nos
3172 1297 3306 1337 vero
3335 1285 3540 1353 quibus

1958 1369 2222 1423 virtutem
2243 1384 2502 1424 exercere
2524 1372 2865 1440 propositum
2890 1380 2994 1435 est,
3023 1385 3134 1426 non
3175 1373 3378 1427 mentis
3405 1389 3540 1428 ocu-

1961 1460 2029 1514 lis
2049 1459 2381 1524 adnitentes,
2405 1468 2654 1515 veterum
2683 1470 2903 1530 patrum
2926 1462 3014 1532 pie
3039 1463 3182 1519 facta
3233 1463 3539 1530 rnminare,

1960 1559 2017 1605 et
2038 1565 2106 1604 ex
2131 1550 2197 1606 iis
2220 1567 2435 1606 sumere
2468 1567 2532 1607 ea
2556 1568 2656 1621 per
2670 1568 2792 1622 quae
2823 1554 2946 1622 quis
2967 1555 3113 1624 apud
3136 1556 3306 1610 Deum
3338 1555 3542 1624 proba-

1963 1640 2211 1696 tissimus
2242 1642 2457 1706 evadat,
2498 1650 2809 1712 sanctazque
2852 1643 2979 1698 vita:
3022 1645 3254 1713 peritam
3300 1657 3543 1700 mentem

1965 1749 2121 1790 suam
2154 1732 2374 1788 eﬂiciat.
2410 1734 2756 1802 Proponatur
2806 1735 2991 1805 itaque
3010 1737 3170 1792 nobis
3185 1737 3546 1791 nihilominus

1964 1823 2186 1878 divinus
2230 1822 2419 1885 Jacob,
2476 1822 2636 1892 158
2698 1824 3241 1894 irreprehensibilem
3284 1827 3542 1896 quidem,

1963 1914 2144 1984 quoad
2165 1912 2282 1968 ﬁeri
2311 1920 2512 1983 potest,
2529 1913 2626 1977 illi,
2648 1913 2890 1983 inquam,
2913 1915 3146 1985 tempori
3168 1915 3548 1971 accommoda-

1964 2010 2076 2058 tam
2101 2004 2245 2058 viam
2294 2003 2574 2068 incedens,
2613 2004 2670 2058 in
2710 2004 2836 2059 vita:
2884 2020 2995 2060 suae
3029 2006 3544 2073 administratione;

1963 2095 2269 2166 adiutorem
2310 2111 2446 2150 vero
2489 2103 2545 2149 et
2586 2095 2905 2164 praefectum
2944 2097 3331 2152 universorum
3373 2099 3548 2153 Deum

1966 2185 2203 2249 habens,
2237 2201 2632 2256 nonnunquam
2654 2187 2876 2256 quidem
2899 2203 3024 2242 eum
3051 2188 3108 2242 in
3139 2189 3358 2244 labores
3395 2189 3549 2243 utili-

1965 2285 2048 2332 ter
2074 2278 2316 2333 incidere
2350 2279 2618 2334 sinentem
2638 2278 2837 2349 (neque
2857 2279 3002 2334 enim
3027 2280 3315 2350 quisquam
3337 2281 3546 2351 absque

1965 2373 2166 2428 sudore
2205 2373 2424 2427 virtutis
2439 2373 2668 2444 gloriam
2702 2374 3132 2444 consequatur),
3171 2383 3296 2444 post
3331 2374 3547 2430 exercio

1966 2460 2042 2515 tia
2064 2476 2196 2514 vero
2216 2461 2416 2531 gaudio
2446 2471 2822 2524 coronantem,
2848 2479 2913 2519 ac
2937 2465 3107 2518 veluti
3132 2465 3426 2534 quemdam
3458 2480 3548 2520 ro-

1967 2551 2343 2606 bustissimum
2363 2554 2602 2624 pugilem
2625 2554 2977 2623 praemiorum
2999 2557 3235 2610 utilitate
3259 2557 3547 2612 ditantem.

1966 2643 2155 2712 Neque
2180 2661 2311 2699 vero
2337 2645 2544 2700 dixeris
2569 2647 2713 2716 apud
2740 2655 2790 2702 te
2816 2665 2838 2706 ε,
2854 2646 2966 2701 Cur
2995 2663 3105 2701 non
3128 2648 3334 2717 absque
3364 2649 3554 2703 labore

1967 2735 2198 2806 largitus
2235 2744 2319 2790 est
2359 2737 2506 2791 Deus
2557 2739 2763 2793 sanctis
2812 2738 2866 2792 id
2915 2739 3064 2808 quod
3119 2740 3358 2794 delectat
3385 2748 3553 2809 atque

1968 2826 2272 2881 exhilarat?
2321 2826 2436 2880 Hoc
2457 2827 2604 2880 enim
2651 2836 2771 2881 erat
2811 2827 3200 2882 inexercitatos
3251 2828 3454 2892 sinere,
3497 2837 3556 2882 et

1969 2933 2316 2986 nequaquam
2344 2917 2426 2972 eis
2446 2917 2752 2973 mercedem
2777 2919 3019 2983 virtutis,
3047 2919 3308 2973 nimirum
3337 2930 3396 2974 ut
3415 2920 3556 2975 bene

1895 3037 1938 3096 ρ
1971 3010 2043 3065 sit
2068 3009 2312 3063 tribuere
2356 3026 2368 3062 :
2399 3009 2496 3064 sed
2522 3010 2707 3078 potius
2746 3010 3107 3074 voluntatem,
3141 3012 3300 3081 cujus
3331 3012 3555 3082 pericu-

1971 3101 2087 3156 lum
2118 3099 2324 3155 factum
2350 3117 2458 3154 non
2482 3111 2648 3165 esset,
2677 3101 3058 3156 benevolentia
3088 3118 3188 3158 sua
3221 3104 3558 3172 splendidis‘

1971 3206 2079 3262 que
2118 3200 2174 3246 et
2208 3192 2544 3246 admirandis
2580 3193 2864 3248 beneﬁciis
2906 3194 3210 3250 cumulare.
3258 3194 3560 3265 Oportebat

1971 3298 2102 3337 vero
2125 3283 2307 3353 potius
2343 3300 2439 3338 eos
2488 3284 2643 3353 prius
2672 3284 2936 3353 probatos
2962 3286 3158 3352 videri,
3200 3295 3257 3341 et
3293 3286 3560 3357 operibus

1972 3376 2104 3446 ipsis
2129 3376 2324 3445 dignos
2347 3375 2548 3429 divinis
2578 3375 2860 3430 beneficiis
2879 3377 3139 3447 iudicari,
3169 3393 3232 3431 ac
3257 3379 3427 3433 veluti
3447 3395 3562 3434 ma-

1971 3467 2170 3522 nifesto
2207 3466 2457 3535 exemplo
2480 3466 2714 3536 posteris
2741 3467 2997 3536 proponi,
3041 3454 3139 3523 eos
3171 3469 3426 3524 laborare
3473 3470 3560 3524 vi-

1973 3560 2258 3628 riliterque
2277 3573 2392 3611 rem
2425 3573 2618 3627 gerere
2655 3557 2879 3623 debere,
2913 3560 3280 3632 intelligentes
3300 3562 3444 3631 quod
3470 3563 3560 3628 iis,

1971 3650 2064 3720 qui
2098 3649 2366 3720 ignaviam
2393 3664 2455 3704 ac
2488 3649 2780 3704 vecordem
2808 3651 2976 3705 vitam
3022 3654 3358 3722 transigunt,
3408 3653 3562 3709 nulla

1971 3742 2150 3796 danda
2197 3741 2268 3796 sit
2306 3757 2518 3796 merces
2552 3760 2565 3795 :
2600 3742 2786 3795 omnia
2832 3758 2965 3798 vero
3022 3744 3224 3798 eximia
3251 3745 3438 3816 deberi
3467 3745 3559 3810 iis,

1972 3830 2174 3900 quibus
2204 3829 2362 3884 labor
2393 3829 2548 3884 cordi
2585 3837 2690 3893 est,
2720 3830 2925 3900 quique
2957 3832 3216 3884 sudorem
3258 3849 3358 3901 pro
3394 3834 3561 3888 rebus

1972 3923 2152 3985 bonis,
2195 3921 2426 3976 summis
2474 3922 2640 3991 hujus
2681 3921 2806 3976 vita:
2854 3921 3070 3978 deliciis
3115 3924 3433 3992 praeferunt.
3483 3925 3562 3980 Ita

1972 4011 2196 4082 quidam
2232 4012 2540 4080 sapientum
2565 4011 2703 4068 dixit
2751 4030 2765 4066 :
2819 4032 2837 4064 ι
2867 4012 3002 4079 Fili,
3062 4016 3107 4070 si
3160 4019 3465 4075 accesseris
3492 4019 3563 4076 ad

1972 4102 2324 4158 serviendum
2347 4103 2601 4168 Domino,
2628 4120 2874 4175 praepara
2893 4107 3132 4162 animam
3160 4117 3310 4164 tnaln
3345 4112 3416 4166 ad
3441 4121 3564 4168 ten-

1973 4194 2259 4258 tationem,
2286 4193 2460 4264 dirige
2510 4209 2608 4248 cor
2655 4202 2832 4262 tuum,
2882 4206 2938 4253 et
2981 4201 3191 4256 sustine
3236 4201 3301 4256 “.
3338 4221 3356 4254 υ
3409 4205 3564 4259 Parit

1973 4286 2120 4341 enim
2152 4305 2169 4337 ι
2204 4287 2492 4342 tolerantia
2522 4288 2930 4358 probationem,
2956 4292 3211 4361 probatio
3240 4308 3371 4347 vero
3386 4310 3563 4364 spem,

286 4389 439 4443 Οὖτω
466 4408 556 4452 τις
579 4389 786 4457 ἔφασκε
816 4386 923 4438 τῶν
955 4383 1132 4452 σοφῶν
1153 4401 1164 4412 ·
1201 4401 1220 4434 ι
1255 4383 1476 4445 Τέκνον,
1508 4381 1556 4434 εί
1591 4379 1866 4452 προσέρχῃ

1976 4394 2102 4448 spes
2118 4395 2249 4434 vero
2275 4395 2384 4433 non
2416 4381 2719 4445 erubescit,
2749 4400 2766 4433 ›
2799 4381 2942 4437 sicut
2965 4383 3231 4454 scriptum
3253 4391 3339 4439 est
3360 4386 3428 4439 ⁸⁷.
3464 4384 3566 4443 Se-

285 4479 560 4536 δουλεύειν
593 4481 671 4550 τῷ
721 4477 947 4548 Κυρίῳ,
981 4475 1276 4545 ὲτοίμασον
1308 4472 1407 4543 τὴν
1439 4472 1621 4543 ψυχήν
1669 4489 1764 4525 σου
1795 4473 1874 4534 είς

1980 4487 2214 4541 quemur
2240 4471 2426 4542 itaque
2451 4473 2796 4542 propositum
2831 4489 3079 4544 scopum.

289 4579 620 4650 πειρασμὸν,
693 4575 919 4630 εὔθυνον
993 4572 1091 4643 τὴν
1128 4570 1360 4642 καρδίαν
1421 4587 1537 4631 σου,
1569 4568 1664 4622 καὶ
1704 4567 2066 4638 καρτέρησον.
2112 4585 2132 4619 ι
2185 4567 2370 4621 Τίκτει
2411 4567 2509 4638 μὲν
2552 4568 2657 4639 γάρ
2693 4587 2711 4620 ι
2758 4571 2791 4642 ἡ
2832 4570 3084 4642 ὑπομονὴ
3117 4570 3440 4644 δοκιμὴν,ή
3509 4571 3567 4626 δὲ

287 4674 485 4742 δοκιμὴ
516 4670 740 4724 ἐλπίδα·
775 4670 808 4740 ἡ
839 4667 894 4720 δὲ
925 4665 1081 4728 ὲλπὶς
1135 4664 1195 4717 οὐ
1222 4660 1601 4732 καταισχύνει,
1636 4679 1656 4713 ι
1693 4659 1833 4713 κατά
1897 4659 1958 4712 τὸ
1993 4660 2402 4731 γεγραμμένον.
2471 4660 2750 4732 Ἐψὸμεθα
2817 4661 2876 4716 δὲ
2931 4661 2997 4734 δὴ
3065 4661 3144 4734 τῷ
3213 4662 3568 4735 προκειμένῳ

289 4785 502 4822 σκοπω.

356 4864 421 4932 β’.
473 4861 634 4918 Μετά
685 4859 783 4930 τὴν
825 4857 920 4912 τοῦ
957 4855 1144 4912 Λάὄαν
1189 4855 1368 4908 τοίνυν
1405 4849 1754 4923 ἀποχώρησιν
1784 4849 1881 4920 τὴν

286 4956 350 5009 ὲκ
375 4954 477 5008 τοῦ
508 4955 671 5025 ὅρους
702 4950 914 5004 Γαλαὰδ
934 4991 950 5014 ,
981 4949 1061 5011 είς
1091 4946 1192 5016 τὴν
1234 4941 1565 5011 ὲνεγκοῦσαν
1598 4939 1880 5009 ἠπείγετο,

286 5049 383 5100 καὶ
415 5043 766 5099 διασπεύδειν
802 5041 992 5112 ἢθελεν
1027 5041 1055 5093 ό
1087 5036 1376 5098 θεσπέσιος
1418 5031 1634 5087 Ἰακώϐ.
1680 5029 1853 5100 Ἀπηλ

285 5137 568 5208 λαγμένος
599 5136 658 5187 δὲ
691 5135 844 5204 μόλις
879 5134 976 5202 τῆς
1001 5130 1188 5186 Λάϐαν
1220 5127 1432 5198 ἐφόδου,
1481 5125 1578 5178 καὶ
1613 5120 1852 5176 ἀναπνεύ

289 5248 387 5294 σας
419 5231 599 5300 βραχῦ
624 5270 640 5293 ,
675 5228 1078 5297 χαλεπωτέροις
1113 5223 1273 5286 εὐθὺς
1300 5219 1619 5290 περιπίπτει
1639 5217 1875 5288 δείμασι.

301 5323 532 5390 Ἐπειδὴ
561 5320 672 5392 γάρ
704 5319 812 5373 ἔδει
843 5319 945 5387 τῆς
977 5315 1396 5384 Μεσοποτομίας
1420 5305 1745 5382 ἀπαίροντα.
1783 5310 1877 5363 καὶ

287 5413 374 5476 είς
400 5413 514 5482 γῆν
563 5410 786 5466 Χαναὰν
814 5409 1210 5479 ἀποτρέχοντα.
1251 5405 1342 5458 διὰ
1385 5403 1556 5474 μέσης
1597 5403 1735 5455 ἱέναι
1781 5401 1880 5469 τῆς

289 5504 490 5576 Σηεὶρ,
519 5506 572 5557 ὲν
678 5501 1001 5572 κατῴκησεν
1041 5497 1232 5563 Ἠσαῦ,
1264 5495 1516 5568 περιδεὴς
1539 5494 1596 5546 δὲ
1625 5495 1762 5562 ἄγαν
1791 5489 1879 5563 ἦν.

362 5685 411 5718 ⁸⁸⁵
440 5683 612 5741 Eccli.
634 5700 692 5751 ιι,
731 5683 778 5737 l.
857 5682 1095 5753 "_Rom.
1127 5697 1178 5745 v,
1208 5679 1257 5745 4,
1278 5679 1308 5732 5
1333 5695 1346 5746 ;
1373 5675 1513 5732 Psal.
1540 5692 1680 5741 xxiv,
1706 5674 1794 5728 20.

2055 4845 2109 4900 2.
2149 4845 2280 4900 Post
2324 4843 2633 4899 discessum
2677 4841 2885 4897 Labani
2928 4857 2996 4897 ex
3025 4848 3210 4895 monte
3251 4835 3474 4902 Galaad,
3499 4836 3568 4892 ad

1984 4937 2549 5009 patriam-contendit,
2586 4946 2642 4991 et
2670 4943 3002 5005 praevertere
3037 4933 3233 4987 beatus
3260 4928 3430 4983 Jacoh
3468 4943 3570 4982 vo-

1982 5030 2104 5084 luit.
2146 5029 2247 5085 Vix
2272 5044 2406 5084 vero
2430 5029 2698 5084 liberatus
2721 5028 2790 5082 ab
2827 5026 3034 5080 insultn
3072 5022 3280 5084 Laban,
3327 5033 3570 5089 cumque

1981 5122 2209 5177 vixdum
2232 5122 2580 5192 respirasset,
2608 5121 2662 5175 in
2681 5121 2786 5174 alia
2813 5117 2998 5174 statim
3023 5115 3276 5187 graviora
3324 5112 3572 5183 pericula

1985 5215 2200 5270 incidit.
2242 5215 2380 5272 Cum
2431 5216 2580 5271 enim
2624 5219 2907 5283 Oporteret
2951 5224 3078 5264 eum
3111 5223 3142 5263 a
3180 5205 3572 5276 Mesopotamia

1985 5307 2358 5363 discedentem
2379 5349 2394 5374 ,
2416 5317 2472 5362 et
2504 5307 2559 5361 in
2603 5314 2802 5361 terram
2837 5304 3094 5360 Chanaan
3127 5300 3428 5371 fugientem
3474 5311 3576 5366 per

1988 5399 2230 5456 medium
2259 5407 2416 5455 terrae
2441 5399 2561 5455 Seir
2587 5399 2864 5462 incedere,
2885 5396 2938 5451 in
2964 5411 3071 5465 qua
3100 5391 3382 5448 habitabat
3407 5388 3572 5452 Esau,

1993 5493 2240 5563 trepidus
2263 5491 2556 5548 admodum
2583 5490 2704 5546 fuit.
2735 5492 2924 5562 Neque
2948 5489 3096 5546 enim
3129 5484 3437 5560 ignorabat,
3463 5493 3578 5554 quo
