4032 6198
549 333 659 391 255

1602 328 1973 385 S..CYR1LLI
2008 322 2479 383 ALEXANDRINI
2509 319 2808 378 ARCHIEP

3718 315 3827 373 256

550 453 709 518 pacto
734 459 861 500 eum
889 442 1214 499 oﬂ‘endisset
1237 441 1310 497 ob
1347 441 1789 498 benedictionem
1815 451 1872 497 et
1916 442 2111 512 primo-

2228 437 2305 491 Οὐ
2336 437 2446 509 γάρ
2471 437 2658 507 ἠγνόει
2670 435 2996 506 λελυπηκως
3024 437 3125 506 τῆς
3152 450 3214 488 τε
3242 432 3497 501 εὐλογίας
3514 433 3705 499 ἕνεκα,
3731 436 3828 488 καὶ

547 534 732 607 genita
758 533 1041 603 subrepta.
1071 530 1321 597 Quonam
1345 545 1479 585 vero
1504 531 1667 584 modo
1698 530 1847 585 hunc
1879 530 2129 586 dolorem

545 625 835 689 amoverit,
869 632 1033 694 atque
1055 622 1124 677 ad
1148 637 1392 677 amorem
1415 621 1922 692 humanitatemque
1945 621 2132 677 tradu-

546 719 690 774 xerit
710 717 956 780 fratrem,
993 730 1105 785 quo
1138 724 1298 786 pacto
1320 729 1434 769 non
1476 714 1703 785 dignum
1737 714 1904 769 fuerit
1936 714 2129 769 videre

544 818 601 864 et
625 808 847 862 mirari?
866 806 1145 877 Scriptum
1165 806 1333 877 igitur
1354 813 1476 860 est:
1507 825 1526 858 ι
1560 806 1708 862 Misit
1730 816 1917 861 autem
1958 805 2129 861 Jacob

544 901 768 955 nuntios
792 909 919 955 ante
958 914 1018 954 se
1055 898 1127 953 ad
1180 899 1327 953 Esau
1372 897 1597 953 fratrem
1620 914 1781 954 suum
1823 899 1880 953 in
1925 907 2128 953 terram

544 991 687 1055 Seir,
713 991 768 1047 in
794 989 1074 1060 regionem
1102 988 1296 1053 Edom,
1345 988 1506 1058 159
1538 996 1595 1043 et
1620 988 1880 1058 praecepit
1908 988 2010 1052 eis,
2039 987 2128 1042 di-

542 1097 675 1136 cens
699 1100 711 1135 :
734 1081 826 1136 Sic
849 1081 1048 1136 dicetis
1066 1081 1291 1135 domino
1311 1095 1436 1135 meo
1461 1081 1605 1135 Esau
1630 1097 1643 1134 :
1672 1080 1763 1135 Sic
1783 1079 1919 1134 dixit
1935 1095 2127 1135 servus

545 1182 671 1227 tuus
695 1173 862 1229 Jacob
906 1172 1083 1228 :Cum
1110 1172 1297 1226 Laban
1337 1171 1603 1236 habitavi,
1635 1178 1692 1226 et
1719 1179 1965 1227 moratus
2003 1187 2125 1226 sum

542 1280 715 1333 usque
733 1279 879 1317 nunc
905 1281 918 1316 :
940 1272 997 1318 et
1015 1262 1241 1318 fuerunt
1272 1262 1404 1319 mihi
1424 1263 1613 1327 boves,
1636 1271 1693 1318 et
1715 1262 1875 1329 asini,
1896 1269 1954 1317 et
1972 1278 2123 1327 oves,

540 1364 597 1409 et
622 1356 766 1410 servi
800 1363 854 1409 et
875 1355 1107 1410 ancillae.
1133 1354 1201 1410 Et
1229 1355 1356 1409 misi
1378 1354 1604 1409 domino
1636 1368 1760 1409 meo
1799 1355 1943 1409 Esau
1978 1369 2125 1407 nun-

543 1448 700 1510 tiare,
726 1455 788 1500 ut
821 1446 1065 1501 inveniat
1088 1461 1283 1501 servus
1306 1455 1436 1501 tuus
1467 1447 1699 1517 gratiam
1724 1461 1909 1500 coram
1945 1454 2015 1499 te.
2058 1445 2127 1499 Et

541 1536 749 1592 reversi
776 1547 905 1591 sunt
926 1537 1106 1590 nuntii
1131 1536 1199 1591 ad
1216 1536 1407 1600 Jacob,
1448 1536 1698 1591 dicentes
1729 1552 1741 1587 :
1768 1534 2033 1590 Venimus
2054 1534 2122 1590 ad

539 1626 767 1681 fratrem
799 1634 953 1681 tuum
982 1626 1148 1690 Esau,
1174 1634 1230 1681 et
1261 1641 1390 1680 ecce
1414 1624 1531 1695 ipse
1563 1625 1713 1680 venit
1738 1624 1795 1678 in
1832 1640 2124 1680 occursum

541 1725 716 1783 tuum,
747 1726 804 1772 et
833 1715 1219 1787 quadringenti
1244 1716 1348 1770 viri
1384 1732 1511 1770 cum
1557 1732 1644 1771 eo.
1692 1715 1902 1771 Timuit
1939 1724 2123 1771 autem

532 1811 706 1866 Jacob
728 1810 907 1873 valde,
940 1818 996 1865 et
1016 1810 1177 1879 inops
1201 1809 1419 1864 consilii
1442 1808 1566 1863 fuit.
1600 1809 1669 1864 Et
1698 1808 1887 1863 divisit
1938 1824 2119 1880 popu-

537 1902 649 1956 lum
689 1902 933 1971 quicum
959 1916 1046 1965 eo,
1083 1908 1141 1956 et
1166 1901 1335 1955 boves
1358 1910 1415 1954 et
1452 1916 1585 1956 oves
1613 1900 1669 1955 in
1706 1900 1842 1955 duas
1889 1907 2117 1968 turmas,

532 1991 747 2046 etdixit
774 1992 942 2047 Jacob
976 2010 990 2045 :
1019 1991 1075 2047 Si
1111 1993 1329 2047 venerit
1364 1993 1509 2046 Esau
1541 1991 1610 2047 ad
1660 2000 1898 2046 turmam
1931 2008 2118 2060 unam,

534 2089 591 2136 et
614 2082 954 2150 percusserit
990 2097 1134 2148 eam,
1158 2082 1267 2136 erit
1284 2090 1465 2136 turma
1490 2081 1730 2136 secunda
1772 2091 1833 2136 ut
1855 2084 2116 2139 salvetur.

535 2171 683 2226 Dixit
724 2179 908 2225 autem
933 2170 1102 2227 Jacob
1138 2172 1322 2226 :Deus
1372 2171 1546 2240 patris
1578 2171 1686 2226 mei
1741 2170 2041 2239 Abraham,
2063 2182 2121 2230 et

538 2264 684 2319 Deus
725 2263 901 2333 patris
936 2262 1045 2318 mei
1077 2262 1250 2328 Isaac,
1289 2263 1543 2329 Domine,
1577 2264 1672 2335 qui
1703 2264 1891 2319 dixisti
1929 2266 2066 2320 mihi
2101 2284 2115 2321 :

2233 527 2412 582 αὐτῶν
2436 528 2494 581 δὲ
2520 527 2630 580 τῶν
2663 526 3087 598 πρωτοτοκίων.ι
3111 528 3247 580 Τίνα
3276 526 3335 580 δὲ
3375 526 3573 596 τρόπον
3594 526 3698 597 τὴν
3725 528 3826 580 ἐπὶ

2231 620 2444 683 τούτοις
2458 619 2638 689 λύπην
2658 615 3068 681 ἀπεσκευάζετο
3088 656 3104 681 ,
3122 618 3312 680 καὶείς
3328 616 3552 687 ἀγάπην
3568 616 3665 670 καὶ
3686 617 3827 688 ἠμε-

2233 709 2436 782 ρότητα
2451 708 2684 777 καθίστη
2703 706 2795 761 τὸν
2819 707 3069 776 ἀδελφὸν,
3100 705 3221 769 πῶς
3239 706 3342 759 οὐκ
3369 704 3518 771 ἄξιον
3547 705 3697 767 ἰδεῖν,
3729 706 3826 759 καὶ

2231 800 2370 872 πρός
2393 816 2458 869 γε
2479 799 2656 871 τούτῳ
2691 797 3004 869 θαυμάσαι;
3033 796 3351 868 Γέγραπται
3396 795 3580 849 τοίνυν
3603 812 3616 825 ·
3650 814 3670 848 ι
3693 796 3823 849 Ἀπ-

2230 892 2434 946 έστειλε
2447 891 2502 945 δὲ
2516 889 2712 944 Ἰακὼϐ
2723 890 2987 959 ἀγγέλους
2998 888 3308 961 ἔμπροσθεν
3318 889 3485 943 αὐτοῦ
3497 888 3634 960 πρὸς
3648 889 3821 943 Ἦσαῦ

2231 981 2324 1034 τὸν
2353 980 2580 1049 ἀδελφὸν
2607 978 2774 1034 αὐτοῦ
2812 981 2893 1044 εἰς
2925 981 3031 1050 γῆν
3064 980 3249 1050 Σηείρ,
3282 982 3365 1043 είς
3392 982 3578 1050 χώραν
3614 978 3821 1050 Ἐδὼμ,

2232 1073 2325 1127 καὶ
2350 1073 2655 1127 ἐνετείλατο
2690 1073 2896 1138 αὐτοῖς,
2916 1072 3108 1141 λέγων’
3130 1071 3316 1136 Οὕτως
3344 1073 3518 1142 ἐρεῖτε
3539 1072 3615 1142 τῷ
3640 1072 3825 1143 κυρίῳ
3862 1108 3872 1117 ο

2234 1183 2336 1236 μου
2377 1165 2550 1220 Ἦσαῦ
2574 1182 2590 1197 ·
2618 1165 2804 1230 Οὕτως
2827 1165 2972 1233 λέγει
3022 1167 3052 1219 6
3096 1169 3228 1230 παῖς
3258 1183 3352 1220 σου
3397 1165 3628 1220 Ἰακώϐ·
3662 1164 3825 1220 Μετά
3868 1158 3889 1172 θ’

2232 1258 2418 1313 Λάϐαν
2467 1258 2796 1330 παρῴκησα,
2843 1259 2937 1312 καὶ
2992 1258 3246 1329 ὲχρόνισα
3289 1259 3397 1322 ’έως
3424 1259 3519 1312 τοῦ
3560 1259 3676 1312 νῦν
3724 1260 3823 1311 καί⁸

2229 1352 2479 1421 ἐγένοντό
2508 1369 2600 1422 μοι
2624 1350 2767 1421 βόες,
2801 1350 2896 1404 καὶ
2921 1350 3054 1413 ὄνοι,
3087 1351 3181 1404 καί
3213 1349 3481 1421 πρόϐατα,
3512 1350 3608 1403 καί
3627 1349 3823 1413 παῖδες

2228 1445 2324 1498 καὶ
2352 1443 2655 1498 παιδίσκαι.
2697 1444 2806 1503 Καὶ
2856 1443 3153 1497 ἀπέστειλα
3200 1443 3452 1513 ἀγγεῖλαι
3499 1442 3579 1513 τῷ
3637 1442 3822 1514 κυρίῳ

2230 1554 2329 1609 μου
2369 1536 2564 1600 Ἡσαῦ,
2596 1536 2687 1590 ἴνα
2715 1535 2853 1607 εὕρῃ
2885 1537 2915 1589 6
2951 1538 3079 1600 παῖς
3104 1553 3197 1590 σου
3240 1536 3400 1607 χάριν
3426 1536 3669 1589 ἐναντίον
3695 1552 3818 1590 σου.

2226 1628 2336 1683 Καὶ
2365 1624 2717 1697 ἀπέστρεψαν
2751 1626 2802 1678 οί
2849 1625 3073 1694 ἄγγελοι
3120 1626 3257 1697 πρὸς
3294 1624 3513 1691 Ἰακὼϐ,
3539 1625 3818 1695 λέγοντεςο

2230 1717 2504 1788 Ἤλθομεν
2526 1718 2662 1790 πρὸς
2677 1717 2769 1771 τὸν
2783 1718 3013 1787 ἀδελφόν
3035 1733 3127 1771 σου
3158 1717 3351 1783 Ἡσαῦ,
3374 1723 3469 1772 καὶ
3489 1718 3708 1788 ἔρχεται
3734 1718 3821 1782 εἰς

2229 1811 2576 1883 συνάντησιν,
2636 1811 2733 1864 καὶ
2787 1810 3130 1881 τετρακόσιοι
3185 1810 3376 1882 ἄνδρες
3439 1813 3557 1881 μετ’
3618 1810 3816 1865 αὐτοῦ.

2223 1903 2498 1975 Ἐφοϐήθη
2524 1904 2582 1958 δὲ
2610 1902 2809 1957 Ἰακὼϐ
2834 1903 3058 1975 σφόδρα,
3094 1903 3188 1958 καὶ
3214 1905 3496 1974 ἠπορεῖτο.
3526 1905 3634 1957 Καὶ
3649 1902 3823 1957 διεῖλε

2220 1996 2312 2050 τὸν
2335 1996 2464 2050 λαὸν
2497 1995 2590 2049 τὸν
2625 1995 2745 2067 μεθ’
2771 1994 2989 2059 ἑαυτοῦ,
3018 1995 3259 2058 καὶτοὺς
3283 1992 3434 2063 βόας,
3455 1995 3550 2047 καὶ
3580 1994 3647 2047 τὰ
3677 1995 3823 2065 πρό-

2221 2088 2361 2143 ϐατα
2380 2090 2459 2153 εἰς
2477 2088 2571 2144 δύο
2593 2088 2960 2160 παρεμϐολάς.
2987 2088 3096 2143 Καὶ
3111 2084 3264 2141 εἶπεν
3291 2087 3505 2141 Ἰακώϐ*
3532 2087 3656 2141 Ἐἀν
3680 2087 3821 2160 ἔλθῃ

2233 2178 2403 2233 Ἦσαῦ
2437 2181 2518 2242 εἰς
2555 2178 2908 2251 παρεμϐολὴν
2930 2179 3079 2249 μίαν,
3106 2179 3198 2232 καὶ
3220 2177 3428 2250 ἐκκόψῃ
3451 2178 3641 2249 αὐτὴν,
3658 2178 3820 2232 ἔσται

2220 2270 2254 2341 ἡ
2310 2269 2632 2341 παρεμϐολὴ
2688 2271 2721 2340 ή
2755 2267 2985 2340 δευτέρα
3034 2268 3114 2333 εἰς
3147 2267 3209 2321 τὸ
3257 2266 3547 2332 σώζεσθαι.
3578 2265 3718 2321 Eine
3757 2268 3820 2322 δὲ

535 2355 833 2410 Revertere
860 2354 916 2408 in
933 2363 1136 2409 terram
1160 2355 1466 2410 nativitatis
1489 2363 1618 2422 tuae,
1644 2366 1706 2411 ut
1736 2357 1875 2413 bene
1904 2359 2003 2415 tibi
2031 2359 2111 2414 fa-

2231 2359 2446 2414 Ἰακὼϐ·
2493 2361 2552 2416 '0
2577 2360 2711 2425 Θεὸς
2734 2360 2832 2415 τοῦ
2859 2359 3063 2431 πατρός
3083 2377 3184 2433 μου
3215 2360 3419 2431 Ἅϐραά
3428 2378 3496 2432 μ,
3521 2361 3657 2414 καὶὸ
3676 2359 3817 2424 Θεὸς

531 2445 706 2510 ciam;
739 2443 973 2501 suﬁiciat
993 2446 1128 2500 mihi
1155 2446 1225 2501 ah
1247 2447 1398 2501 omni
1419 2448 1656 2519 justitia,
1682 2450 1831 2505 etab
1854 2450 2005 2506 omni
2025 2467 2111 2507 ve-

2216 2450 2313 2504 τοῢ
2336 2451 2542 2524 πατρός
2572 2468 2673 2523 μου
2691 2450 2902 2516 Ἰσαὰκ,
2929 2449 3126 2523 Κύριε,
3144 2452 3172 2505 6
3187 2450 3354 2505 εἰπών
3376 2468 3488 2523 μοι,
3510 2451 3821 2522 Ἀπότρεχι

533 2536 716 2601 ritate,
742 2553 906 2607 quam
927 2537 1104 2593 fecisti
1135 2554 1296 2594 servo
1349 2546 1465 2595 tuo.
1505 2541 1567 2595 ιιι
1596 2541 1750 2613 virga
1782 2542 1931 2598 enim
1994 2559 2111 2599 mea

2217 2544 2299 2608 είς
2328 2543 2425 2614 τὴν
2472 2545 2578 2615 γῆν
2623 2544 2725 2615 τῆς
2778 2541 3050 2612 γενέσεώς
3080 2561 3196 2606 σου.
3243 2544 3336 2598 καὶ
3373 2541 3433 2598 εὖ
3479 2560 3540 2597 σε
3573 2544 3815 2613 ποιήσω,

531 2630 635 2685 huc
665 2630 889 2686 transivi
920 2631 1237 2699 Iordanem,
1277 2647 1427 2689 nunc
1452 2642 1634 2689 autem
1665 2633 1844 2690 factus
1890 2650 2014 2691 sum
2060 2636 2111 2690 in

2220 2636 2526 2691 ίκανούσθω
2575 2653 2666 2708 μοι
2701 2635 2809 2691 ἀπὸ
2830 2635 3011 2700 πάσης
3035 2635 3404 2707 δικαιοσύνης,
3434 2638 3529 2690 καί.
3566 2638 3673 2690 ἀπὸ
3705 2637 3818 2691 πά·-

525 2724 669 2779 duas
694 2732 920 2779 turmas.
946 2725 1093 2781 Erue
1105 2740 1194 2781 me
1210 2725 1280 2781 de
1298 2742 1465 2782 manu
1488 2726 1677 2783 fratris
1700 2728 1832 2794 mei,
1857 2728 1926 2783 de
1950 2743 2111 2784 manu

2219 2746 2320 2801 σης
2353 2728 2637 2801 ἀληθείας,
2668 2723 2737 2801 ἦς
2763 2727 3031 2792 ἐποίησας
3053 2726 3132 2799 τῷ
3165 2728 3317 2782 παιδί
3346 2744 3464 2783 σου.
3485 2728 3574 2781 Ἑν
3595 2727 3705 2799 γὰρ
3741 2728 3813 2800 τῇ

530 2816 708 2883 Esau;
731 2816 862 2887 quia
895 2816 1063 2872 timeo
1095 2832 1197 2890 ego
1224 2833 1374 2884 eum,
1412 2835 1482 2875 ne
1503 2819 1646 2875 forte
1669 2820 1901 2877 veniens
1919 2836 2118 2891 percu-

528 2911 629 2967 tiat
649 2928 757 2976 me,
797 2920 854 2968 et
890 2920 1124 2968 matrem
1160 2928 1328 2985 super
1361 2914 1523 2971 filios.
1551 2914 1634 2970 Tu
1665 2924 1852 2971 autem
1882 2914 2069 2971 dixisti
2098 2931 2112 2969 :

528 3004 672 3058 Bene
691 3003 791 3059 tibi
821 3003 1040 3070 faciam,
1069 3013 1126 3060 et
1148 3020 1351 3076 ponam
1379 3021 1570 3062 semen
1610 3017 1768 3063 tuum
1807 3007 1953 3062 sicut
1986 3021 2114 3063 are-

2219 2822 2402 2894 ῥάϐδῳ
2443 2838 2544 2892 μου
2584 2818 2757 2890 ταύτῃ
2786 2819 2973 2891 διέϐην
3002 2821 3096 2875 τὸν
3133 2820 3430 2893 Ἰορδάνην,
3479 2820 3597 2876 νυνὶ
3626 2820 3683 2875 δὲ
3715 2822 3813 2890 γέν

2215 2930 2350 2983 γονα
2380 2914 2461 2976 εἰς
2492 2911 2586 2967 δύο
2614 2911 2988 2985 παρεμϐολάς.
3037 2909 3252 2978 Ἐξελοῦ
3290 2929 3359 2985 με
3386 2915 3454 2966 ἐκ
3489 2913 3671 2987 χειρὸς
3709 2914 3809 2971 τοῦ

2216 3002 2446 3073 ἀδελφοῦ
2470 3020 2573 3075 μου
2608 3001 2805 3070 Ἠσαῦ,
2826 3005 2911 3059 ὅτι
2936 3002 3208 3076 φοϐοῦμαι
3237 3003 3346 3075 ἐγὼ
3363 3005 3547 3071 αὐτὸν,
3572 3008 3646 3077 μή
3673 3025 3808 3062 ποτε

526 3112 654 3152 nam
683 3097 873 3162 maris,
917 3113 1041 3167 qua:
1090 3112 1201 3152 non
1245 3098 1634 3153 numerabitur
1661 3113 1775 3168 prae
1799 3097 2111 3153 multitudi-

2217 3092 2387 3149 ἐλθὼν
2414 3093 2631 3168 πατάξῃ
2684 3112 2778 3167 με,
2808 3095 2904 3150 καὶ
2955 3094 3170 3167 μητέρα
3216 3095 3310 3149 ἐπὶ
3359 3094 3593 3160 τέκνοις.
3634 3098 3709 3151 Σὺ
3748 3099 3809 3152 δὲ

525 3206 596 3245 ne
634 3190 698 3243 ⁸⁸.
733 3210 751 3241 ι
778 3190 1041 3261 lntelligis
1056 3206 1166 3260 quo
1184 3197 1345 3260 pacto
1373 3204 1432 3245 se
1461 3189 1663 3244 blande
1681 3189 1929 3245 insinuat
1952 3189 2114 3246 fratri

2216 3182 2378 3249 εἶπας
2400 3200 2417 3218 ο
2446 3185 2645 3250 Καλῶς
2672 3202 2733 3240 σε
2754 3187 2985 3258 ποιήσω,
3004 3187 3101 3242 καὶ
3122 3187 3275 3259 θήσω
3294 3186 3356 3240 τδ
3376 3186 3598 3258 σπέρμα
3617 3204 3711 3241 σου
3730 3187 3808 3252 ὡς

524 3280 692 3343 Esau,
738 3295 803 3334 ac
843 3287 1054 3333 tantum
1094 3293 1205 3333 non
1239 3278 1382 3333 irato
1427 3278 1709 3345 adulatur,
1750 3288 1806 3334 et
1844 3279 2111 3335 blandilo-

2215 3278 2315 3351 τὴν
2337 3277 2521 3349 ἄμμον
2545 3278 2647 3351 τῆς
2668 3278 2966 3351 θαλάσσης,
2995 3280 3091 3335 καὶ
3114 3280 3216 3334 οὐκ
3232 3279 3357 3352 ἀριθ
3367 3280 3671 3350 μηθήσεται
3697 3280 3809 3335 ἀπὸ

524 3371 656 3441 ηυὶο
690 3372 786 3426 ira:
808 3371 982 3441 ipsius
1003 3370 1407 3426 vehementiam
1430 3372 1684 3444 mitigare
1723 3381 1973 3428 conatur.
2003 3373 2112 3429 Ta-

523 3462 685 3518 metsi
723 3461 869 3517 enim
900 3461 1154 3531 superior
1174 3471 1313 3528 erat,
1354 3463 1427 3517 ob
1449 3463 1893 3520 benedictionem
1916 3465 2108 3536 patris,

521 3559 578 3607 et
626 3553 697 3606 ob
731 3550 1224 3621 primogenitorum
1275 3552 1525 3623 gloriam,
1559 3554 1842 3625 Deumque
1875 3555 2109 3611 auxilia-

522 3653 699 3699 torem
741 3642 999 3708 habebat,
1053 3642 1329 3699 submittit
1384 3660 1466 3711 se,
1512 3645 1650 3701 illud
1685 3647 1914 3703 omnino
1959 3649 2109 3720 quod

519 3744 742 3792 sanctos
780 3735 940 3791 decet
967 3744 1228 3806 praestare
1260 3736 1489 3806 cupiens
1530 3755 1544 3792 :
1595 3758 1614 3790 ι
1658 3737 1718 3792 Si
1749 3737 1867 3794 ﬁeri
1903 3748 2105 3810 potest,

2211 3373 2309 3427 τοῦ
2338 3374 2602 3446 πλήθους.
2638 3393 2656 3426 ι
2689 3375 2903 3438 Συνιεῖς
2935 3374 3087 3438 ὅπως
3110 3373 3405 3446 ὑποτρέχει
3426 3374 3687 3440 θωπικῶς
3714 3374 3807 3430 τὸν

2223 3464 2418 3530 Ἡσαῦ,
2455 3467 2617 3537 μόνον
2650 3465 2707 3519 δὲ
2750 3466 2870 3536 οὐχί
2900 3465 3209 3538 περισαίνει
3252 3465 3655 3539 λελυπημένον,
3709 3468 3807 3523 καὶ
3876 3512 3899 3519 -

2213 3555 2578 3610 ὐποκλέπτειν
2636 3557 2896 3627 πειρᾶται
2949 3555 3037 3610 διά
3087 3573 3153 3626 γε
3194 3555 3290 3610 τοῦ
3344 3561 3704 3630 χρηστοεπεῐν
3741 3556 3810 3613 τδ

2209 3647 2452 3718 ἀκρατὲς
2473 3647 2575 3718 τῆς
2603 3647 2794 3720 ὀργῆς.
2837 3647 3035 3701 Καίτοι
3051 3648 3160 3721 γάρ
3186 3648 3248 3702 τὸ
3292 3649 3353 3702 ὲν
3377 3649 3626 3720 ἀμείνοσι
3660 3645 3806 3705 εἶναι

2208 3737 2391 3809 λαχὼν
2444 3737 2536 3792 διὰ
2580 3738 2680 3809 τὴν
2708 3738 2803 3792 τοῦ
2848 3737 3056 3810 πατρὸς
3107 3738 3381 3808 εὐλογίαν,
3434 3740 3528 3794 καὶ
3577 3744 3645 3810 τῇ
3692 3742 3804 3796 τῶν

517 3827 666 3897 quod
695 3835 869 3885 estex
894 3826 1072 3891 vobis,
1107 3841 1234 3880 cum
1266 3826 1527 3882 omnibus
1555 3826 1875 3884 horninibus
1914 3845 2107 3899 pacem

2215 3829 2571 3900 πρωτοτόκων
2625 3829 2752 3903 δόξῃ
2812 3831 3268 3903 προκεκριμένος,
3328 3833 3424 3885 καί¹
3471 3832 3605 3887 Θεὸν
3658 3833 3807 3904 ἔχων

518 3919 717 3974 habete
749 3919 816 3974 ".
850 3937 869 3970 ι
915 3918 1109 3974 Sermo
1131 3918 1279 3973 enim
1308 3934 1705 3991 nonnunquam
1726 3937 1908 3991 asper,
1940 3931 2106 3992 atque

2215 3919 2491 3987 ἐπαρωγὸν
2519 3919 2873 3990 καθυφίκοιτο
2904 3921 3281 3991 ἀγιοπρεπῶς.
3312 3922 3487 3976 ἐκεῖνό
3517 3940 3622 3977 που
3662 3926 3805 3978 πάν-

517 4012 844 4084 arrogantia:
875 4013 1070 4082 plenus
1118 4013 1486 4068 intolerabilis
1521 4013 1857 4084 quibusdam
1896 4022 1999 4068 est.
2032 4014 2105 4070 Ut

2215 4029 2313 4075 τως
2349 4011 2650 4083 κατορθοῦν
2683 4011 2982 4083 ᾑρημένος
3018 4033 3036 4065 ι
3073 4012 3137 4066 Εἰ
3157 4014 3402 4081 δυνατὸν,
3442 4016 3504 4069 τὸ
3536 4015 3595 4081 ἐξ
3641 4016 3802 4087 ὑμῶν

516 4119 652 4158 vero
683 4104 901 4172 sapiens
918 4102 1303 4159 Paroemiastes
1340 4104 1416 4157 ait
1451 4122 1464 4159 :
1507 4124 1526 4155 ι
1563 4104 1871 4174 Responsio
1921 4104 2104 4160 mollis

2215 4104 2346 4174 μετά
2396 4103 2616 4157 πάντων
2659 4103 2967 4175 ἀνθρώπων
3020 4092 3353 4178 εἰρηνεύετε.
3398 4126 3418 4159 ι
3472 4109 3648 4175 Λόγος
3699 4109 3801 4178 μὲν

517 4211 583 4252 ac
601 4195 874 4250 submissa
903 4196 1103 4249 avertit
1148 4195 1285 4250 iram
1310 4196 1376 4249 7°.
1411 4215 1429 4248 ι
1457 4197 1629 4250 Porro
1664 4197 1791 4252 vide
1833 4198 2100 4253 artificio-

2215 4197 2309 4267 rde
2334 4195 2449 4250 ἔσθ’
2488 4198 2577 4250 ὅτε
2610 4196 2705 4250 καί
2732 4198 2941 4269 τραχὺς
2966 4197 3060 4250 καί
3088 4199 3324 4269 ἀνάντης
3354 4200 3448 4253 καὶ
3492 4199 3801 4272 ὑπεροψίας

516 4285 779 4354 samjusti
804 4284 1085 4353 pietatem.
1112 4283 1277 4339 Mittit
1300 4285 1450 4339 enim
1473 4284 1699 4339 nuntios
1740 4301 1932 4355 pacem
1993 4304 2089 4358 pe-

2215 4285 2451 4356 Ξμπλεως
2481 4287 2754 4358 ἀφόρητος
2776 4286 2931 4340 ἔσται
2963 4289 3124 4343 τισίν.
3163 4290 3251 4353 Ὠς
3279 4289 3337 4343 δὲ
3382 4290 3546 4361 σοφὸς
3582 4291 3797 4362 ἔγραφε

516 4385 717 4440 tentes,
753 4372 1249 4445 blandi’ssimosque
1281 4376 1349 4430 ad
1372 4376 1512 4431 Esau
1544 4391 1831 4432 sermones
1858 4379 2096 4434 transfe-

2215 4377 2632 4450 Παροιμιαστὴς,
2681 4377 3028 4451 «Ἀπόκρισις
3053 4380 3433 4436 ὐποπίπτουσα
3458 4383 3797 4453 ἀποστρέφει

516 4476 721 4533 rentes,
771 4468 1085 4539 passimque
1130 4467 1317 4523 dicere
1358 4468 1619 4538 prtecepit
1663 4485 1677 4521 :
1727 4487 1746 4519 ι
1798 4468 1926 4525 Haec
1962 4470 2097 4526 dicit

2215 4465 2394 4537 ὶυμόν.
2437 4486 2456 4520 ι
2497 4468 2606 4520 Καί
2641 4485 2733 4539 μοι
2767 4468 2933 4539 βλέπε
2955 4469 3051 4523 τοῦ
3078 4470 3288 4525 δικαίου
3309 4474 3369 4527 τὸ
3396 4475 3477 4538 εἰς
3505 4475 3799 4531 εὐσέϐειαν

513 4575 710 4617 servus
740 4569 870 4614 tuus
897 4559 1066 4616 Jacob
1093 4559 1160 4614 τί.
1200 4578 1219 4610 ι
1257 4559 1378 4628 Ipse
1412 4575 1546 4614 vero
1591 4574 1814 4614 rursum
1857 4560 1925 4616 ad
1977 4577 2100 4632 pre-

511 4651 750 4707 candum
806 4665 865 4705 se
910 4649 1163 4716 confert,
1212 4650 1609 4721 auxiliumque,
1681 4653 1827 4722 quod
1878 4668 2098 4725 semper

511 4748 715 4813 prmsto
760 4749 845 4796 est
888 4740 957 4795 ad
1005 4741 1347 4806 salvandum,
1405 4741 1725 4811 implorans,
1754 4759 1866 4798 non
1893 4756 2092 4802 cessat.

507 4833 809 4890 Conﬁrmat
828 4842 1012 4888 autem
1028 4832 1175 4903 quod
1195 4833 1598 4904 praeteritorum
1616 4836 1954 4906 experientia
1976 4854 2097 4893 cer-

509 4935 618 4981 tam
643 4925 695 4980 ei
729 4925 796 4980 de
814 4925 1015 4980 futuris
1037 4940 1188 4995 spem
1222 4925 1484 4994 prtebeat,
1507 4925 1699 4982 dicens
1733 4945 1745 4981 :
1783 4929 1944 4998 160
1979 4948 1997 4979 ι
2032 4930 2093 4985 ln

505 5020 657 5089 virga
680 5034 799 5074 mea
822 5019 923 5074 hac
947 5018 1171 5074 transivi
1193 5018 1510 5084 Jordanem,
1534 5035 1685 5075 nunc
1716 5030 1897 5076 autem
1919 5021 2096 5079 factus

505 5125 626 5163 sum
668 5109 723 5164 in
747 5109 887 5165 duas
941 5117 1151 5163 turmas
1180 5109 1247 5162 ⁷³.
1284 5127 1303 5159 ι
1349 5107 1440 5163 Ait
1472 5109 1666 5163 enim:
1699 5109 1852 5164 llanc
1918 5110 2088 5165 solam

506 5201 717 5256 habens
745 5216 776 5255 e
804 5199 968 5271 domo
995 5200 1224 5270 virgata,
1258 5197 1490 5252 transivi
1528 5198 1846 5264 Iordanem,
1886 5208 2090 5270 tuaque

507 5292 859 5363 benignitate,
876 5293 1126 5356 Domine,
1145 5291 1321 5346 factus
1337 5306 1457 5346 sum
1486 5290 1745 5346 dominus
1760 5293 2081 5347 multorum.

507 5387 775 5440 Ducentur
800 5399 934 5439 vero
962 5383 1127 5438 etiam
1153 5399 1220 5437 ex
1261 5381 1349 5437 his
1395 5381 1557 5437 mites
1591 5396 1656 5436 ac
1685 5382 1944 5452 paciﬁcos
1987 5401 2089 5440 nos

505 5491 623 5531 esse
665 5475 890 5541 debere,
921 5474 1183 5545 omnique
1227 5475 1439 5530 ratione
1505 5490 1721 5539 curare,
1770 5484 1832 5531 ut
1880 5476 2087 5547 absque

507 5581 683 5635 pugna
701 5567 872 5622 vitam
900 5567 1281 5640 transigamns.
1316 5588 1333 5619 ι
1374 5567 1611 5623 Servum
1634 5569 1784 5624 enim
1841 5569 2081 5635 Domini,

2199 4558 2468 4628 εὐτεχνές.
2530 4560 2875 4614 Ἀποστέλλει
2936 4562 3036 4632 μὲν
3083 4563 3194 4636 γάρ
3244 4560 3513 4634 ἀγγέλους
3565 4569 3794 4641 εἰρήνην

2198 4653 2543 4722 αἰτήσοντας,
2573 4652 2668 4705 καί⁵
2693 4655 3151 4725 τρυφερωτάτους
3181 4657 3313 4727 πρὸς
3344 4658 3437 4713 τὸν
3472 4659 3646 4715 Ἦσαῦ
3672 4662 3796 4715 δια-

2199 4741 2525 4813 κομίσοντας
2555 4742 2768 4811 λόγους
2795 4745 2908 4799 ἀνω
2939 4762 2998 4798 τε
3016 4745 3125 4817 γάρ
3151 4748 3247 4800 καὶ
3275 4748 3425 4802 κάτω
3446 4742 3792 4823 προστέταχε

2196 4834 2398 4903 λέγειν·
2437 4853 2455 4886 ι
2488 4835 2629 4889 Τάδε
2657 4835 2805 4905 λέγει
2829 4836 2857 4888 6
2889 4838 3017 4900 παῖς
3036 4854 3129 4891 σου
3151 4839 3179 4891 ό
3204 4839 3419 4894 Ἰακώϐ.
3455 4861 3474 4893 ι
3508 4842 3791 4913 Τρέπεται

2195 4926 2251 4979 δὲ
2285 4926 2445 4981 πάλιν
2475 4927 2637 4991 αὐτὸς
2656 4928 2736 4991 εἰς
2765 4927 2951 4999 εὐχάς,
2977 4930 3073 4983 καὶ
3100 4930 3200 5001 τὴν
3227 4931 3314 4986 ἀεὶ
3351 4931 3632 4997 σώζουσαν
3669 4937 3793 4990 ἐπι-

2194 5019 2421 5092 κουρίαν
2442 5020 2622 5075 αὐτῶν
2659 5021 2721 5074 οὐ
2767 5020 3137 5093 διαλιμπάνει.
3167 5023 3427 5094 Ἐμπεδοί
3465 5025 3545 5092 δὲ,
3573 5027 3660 5081 ὅτι
3684 5030 3790 5099 τὴν

2196 5114 2276 5176 εἰς
2306 5112 2365 5166 τὺ
2391 5112 2590 5184 μᾶλλον
2614 5112 2806 5167 ἐλπίδα
2831 5113 2939 5167 τῶν
2972 5114 3073 5185 ἤδη
3104 5116 3516 5187 παρῳχηκότων
3552 5120 3586 5190 ή
3618 5122 3787 5192 πεῖρα

2196 5201 2463 5269 διεσάφει,
2507 5203 2702 5271 λέγων’
2749 5223 2767 5255 ι
2805 5204 2895 5257 Ἐν
2925 5206 2991 5276 τῇ
3039 5206 3222 5278 ῥάϐδῳ
3268 5224 3367 5278 μου
3403 5208 3577 5282 ταύτῃ
3593 5210 3786 5284 διέϐην

2193 5294 2286 5346 τὸν
2316 5293 2611 5365 Ἰορδάνην,
2635 5294 2754 5348 νυνὶ
2774 5295 2830 5348 δὲ
2866 5296 3068 5366 γέγονα
3098 5298 3178 5362 εἰς
3205 5298 3301 5352 δύο
3337 5302 3709 5372 παρεμϐολάς.
3756 5325 3775 5358 ι

2198 5384 2345 5456 Ἔφη
2376 5386 2506 5458 γὰρ,
2528 5386 2611 5439 ὅτι
2631 5386 2810 5458 Αὐτὴν
2837 5388 3005 5459 μόνην
3029 5389 3128 5459 τὴν
3159 5389 3373 5445 οἴκοθεν
3398 5392 3538 5462 ἔχων
3575 5394 3778 5464 ῥάϐδον

2192 5476 2376 5548 διέϐην
2407 5477 2494 5533 τὸν
2548 5478 2841 5550 Ἰορδάνην,
2875 5481 2970 5535 καὶ
3009 5481 3220 5538 πολλῶν
3250 5484 3453 5553 γέγονα
3480 5487 3775 5559 δεσπότης,

2192 5568 2253 5622 τὸ
2282 5568 2372 5623 σὺν
2406 5569 2544 5640 ἔχων
2566 5570 2813 5642 εὐμενὲς,
2840 5565 2886 5625 ὧ
2913 5573 3177 5631 Δέσποτα.
3223 5575 3497 5648 Εἰσόμεθα
3532 5580 3622 5636 διά
3649 5579 3779 5638 τού-

574 5757 619 5789 ⁶²¹
647 5756 781 5815 Cen.
819 5775 983 5827 xxxii,
1016 5760 1172 5817 3-12.
1248 5762 1291 5795 θ’)
1326 5764 1486 5821 lium.
1530 5782 1622 5836 xu,
1672 5766 1753 5821 l8.
1840 5768 1883 5799 το
1925 5767 2088 5824 Prov.

2215 5786 2235 5835 η,
2301 5767 2349 5822 1.
2430 5771 2507 5825 τι,
2552 5769 2686 5826 Gen.
2741 5786 2904 5841 xxxii,
2937 5771 2988 5825 5.
3071 5774 3111 5808 7³
3152 5773 3285 5830 ibid.
3322 5775 3407 5830 10.
