4032 6198
259 185 365 244 257

1302 187 1829 250 οιΑιιιιινιιοιιυιι
1860 192 1926 249 ΙΝ
1962 194 2260 254 CENESIM
2302 199 2430 255 LIB.
2473 203 2535 258 γ.

3425 206 3531 263 9.38

257 319 371 356 των
399 302 585 355 τοίνυν
619 301 713 354 καὶ
745 301 926 372 ἡμεῖς.
960 301 1043 355 ὅτι
1080 303 1287 374 πράους
1304 301 1442 358 εἶναι
1469 306 1548 358 δεῖ
1574 308 1667 360 καὶ
1699 309 1836 379 είρη-

1954 312 2152 384 inquit,
2205 331 2316 372 non
2343 327 2559 388 oportet
2603 333 2864 390 pugnare,
2891 321 2986 376 sed
3027 320 3214 377 mitem
3257 339 3378 379 esse
3400 341 3526 394 erga

259 394 471 457 νικοίις,
519 393 613 444 καὶ
637 391 726 444 διά
783 391 986 454 παντὸς
1019 393 1290 465 θηρᾶσθαι
1322 395 1526 466 τρόπου
1567 399 1628 450 τὸ
1662 397 1850 470 διαζῇν

259 485 460 554 ἀμαχί.
519 500 539 535 ι
577 481 773 535 Δοῦλον
830 483 939 552 γὰρ
985 483 1215 554 Κυρίου,
1253 486 1438 556 φησὶν,
1477 489 1536 540 ού
1571 488 1651 542 δεῖ
1681 491 1851 561 μάχε-

259 577 408 641 σθαι,
438 576 555 629 ἀλλ’
605 576 766 645 ἧπιον
801 571 943 628 εἶναι
985 575 1126 646 πρὸς
1154 577 1383 640 πάντας,
1423 596 1441 630 ι
1486 581 1629 634 κατά
1658 581 1719 634 τὸ
1756 599 1848 651 γε-

256 668 606 740 γραμμένον.
642 667 1083 738 Ἀποκεχρῆσθαι
1117 669 1215 739 μὲν
1238 670 1344 742 γὰρ
1375 670 1466 724 καὶ
1489 674 1607 735 ταῖς
1641 672 1850 744 ἀνθρω-

257 760 448 822 πίναις
479 759 628 829 ἡμᾶς
657 758 958 828 εὐτεκνίαις
991 760 1072 821 είς
1096 759 1158 811 τὸ
1200 759 1429 825 ἀγαθὸν,
1478 760 1540 814 τὸ
1587 763 1849 834 ἀπεῖργον

255 851 432 915 οὐδὲν,
461 852 551 918 εἴη
567 850 611 902 δ’
634 849 720 914 ἂν,
747 845 926 920 οἶμαι,
945 849 1055 902 τῶν
1073 850 1192 902 λίαν
1211 852 1434 905 ὲπαινου
1443 853 1636 922 μένων.
1657 855 1848 923 Ζητείν

257 943 318 996 δὲ
370 943 613 1011 ἀνάγκη,
654 942 758 994 κᾶν
814 943 864 994 εἰ
913 942 1070 996 τοῦτο
1111 942 1319 1012 γένοιτο
1352 947 1480 1016 παρ’
1515 945 1691 1016 ἡμῶν,
1750 945 1847 1016 τὴν

255 1034 413 1103 παρά
465 1033 603 1086 Θεοῦ
650 1034 928 1104 φροντίδα,
968 1035 1064 1087 καὶ
1114 1037 1214 1105 τὴν
1262 1037 1468 1091 ἀνωθεν
1503 1038 1844 1108 ἐπικουρίαν,

259 1145 280 1178 ι
310 1127 375 1179 ού
431 1127 762 1196 φρονοῦντας
815 1127 883 1179 τὰ
930 1126 1130 1198 ὑψηλάο
1177 1145 1196 1178 ι
1247 1128 1737 1198 διενθυμουμένους
1789 1129 1846 1181 δὲ

257 1220 463 1290 μᾶλλον
496 1221 556 1272 τὸ
593 1220 980 1290 γεγραμμένον
1007 1237 1021 1252 ·
1064 1239 1083 1272 ι
1120 1219 1267 1290 Ὂσῳ
1301 1221 1472 1291 μέγας
1497 1220 1566 1286 εἷ,
1605 1222 1844 1292 τοσούτῳ

250 1310 514 1366 ταπεινοῦ
541 1313 784 1375 σεαυτὸν,
804 1312 898 1365 καὶ
923 1313 1103 1366 ἔναντι
1129 1313 1333 1382 Κυρίου
1357 1314 1608 1384 εὑρήσεις
1628 1315 1837 1385 χάριν.»

254 1404 417 1459 Οὕτω
442 1407 659 1475 φρονεῖν
687 1421 746 1456 τε
772 1405 867 1456 καὶ
889 1403 1020 1475 δρᾷν
1055 1404 1320 1474 ᾑρημένοι
1360 1405 1429 1458 τὰ
1451 1408 1515 1458 ὲκ
1557 1407 1654 1477 τῆς
1689 1408 1842 1477 είρή-

253 1515 357 1567 νης
385 1495 754 1567 κερδανοῦμεν
786 1495 987 1564 ἀγαθὰ,
1021 1497 1264 1559 καὶτοὺς
1292 1496 1414 1549 καθ’
1440 1497 1597 1568 ἡμῶν
1631 1498 1844 1569 ἀγριαί-

251 1605 445 1652 νοντας
472 1590 550 1651 είς
588 1589 905 1658 ἡμερότητα
949 1587 1409 1658 μεταστρέψομεν.
1450 1607 1468 1639 ι
1506 1588 1683 1658 Θῆρες
1731 1591 1840 1659 γὰρ

251 1681 459 1751 ἄγριοι,
496 1680 680 1748 φησὶν,
735 1678 1108 1749 είρηνεύσουσί
1142 1696 1244 1734 σοι.
1278 1698 1297 1730 ›
1359 1679 1528 1732 Τοῦτο
1559 1681 1838 1751 πέπραχεν

253 1754 476 1826 Ἰακώϐ.
508 1772 583 1824 Ού
607 1771 715 1842 γὰρ
742 1770 924 1840 μόνοις
955 1771 1044 1824 τὸν
1069 1771 1293 1839 ἀδελφὺν
1317 1771 1568 1842 αἱμύλοις
1593 1774 1685 1825 καὶ
1705 1774 1839 1826 ἀπα-

251 1865 368 1928 λοῖς
395 1864 802 1933 ἐκμειλίσσεται
832 1863 1030 1931 λόγοις,
1077 1863 1211 1915 ἀλλὰ
1233 1864 1328 1915 καὶ
1357 1863 1546 1929 ξενίων
1597 1866 1692 1917 καὶ
1729 1865 1837 1917 τῶν

249 1956 425 2008 ὄντων
473 1957 709 2006 ἐποιεῖτο
756 1954 1032 2017 κοινωνὸν,
1067 1953 1260 2023 μερίδα
1283 1954 1664 2027 λιπαρωτάτην
1705 1957 1838 2009 ἀπο-

250 2046 436 2116 νέμων
495 2045 666 2115 αύτῷ,
708 2045 961 2115 πρόϐατά
1017 2061 1073 2097 τε
1123 2045 1217 2098 καὶ
1267 2045 1415 2115 βόας,
1455 2041 1617 2115 αἶγάς
1641 2064 1698 2100 τε
1743 2049 1837 2101 καὶ

249 2139 428 2201 ϐνους,
469 2139 749 2208 καμήλους
781 2139 876 2191 καὶ
905 2137 1154 2208 μόσχους.
1187 2138 1467 2208 Κρείττων
1508 2139 1614 2208 γὰρ
1645 2142 1834 2212 εἰρήνη

247 2231 575 2301 χρημάτων,
606 2230 700 2283 καὶ
748 2230 1082 2300 προοιχέσθω
1121 2230 1302 2298 φιλίας
1330 2234 1428 2301 τῆς
1459 2234 1537 2295 εἰς
1573 2231 1832 2301 ἀδελφοὺς

246 2321 363 2373 τῶν
386 2321 735 2391 προσκαίρων
765 2321 1035 2391 ὴκτῆσις.
1065 2323 1178 2375 Καὶ
1215 2321 1345 2390 γοῦν
1382 2324 1572 2376 ἐδεδίει
1607 2325 1728 2394 μὲν,
1759 2325 1835 2388 ὼς

248 2414 411 2482 ἔφην,
442 2415 474 2466 ὁ
493 2412 1008 2477 θεσπέσιοςἹακωϐ,
1039 2415 1131 2467 τὸν
1159 2415 1385 2483 ἀδελφὸν
1419 2415 1612 2479 ἹΙσαῦ,
1645 2417 1738 2470 καὶ
1758 2417 1833 2481 ὡς

246 2501 457 2555 αὐτίκα
483 2502 546 2572 δὴ
579 2501 725 2570 μάλα
749 2501 816 2554 τὰ
847 2503 905 2568 ἐξ
935 2503 1104 2573 ὀργῆς
1130 2505 1468 2574 πεισόμενος,
1499 2507 1705 2575 ἄθυμος
1741 2502 1828 2578 ἦν,

247 2593 348 2645 καὶ
393 2593 584 2661 φθόνον
616 2597 868 2664 πατήσας
893 2596 984 2646 τὸν
1015 2596 1072 2647 ὲν
1115 2595 1312 2664 ἀρχαῖς
1354 2595 1585 2668 περιέφυ
1607 2597 1696 2649 τὸν
1727 2599 1835 2651 ἰα-

246 2684 392 2748 κὼϐ,
447 2687 542 2739 καὶ
589 2687 688 2739 σὺν
725 2685 982 2758 δακρύοις
1030 2684 1324 2754 ἠσπάζετο,
1354 2688 1578 2749 καὶτοῖς
1618 2687 1832 2756 φύσεως

246 2775 439 2844 νόμοις
479 2775 542 2828 τὸ
589 2775 870 2846 βραδύνειν
895 2776 1150 2829 δύνασθαι
1177 2778 1244 2829 τά
1273 2779 1354 2839 είς
1383 2777 1604 2848 ἀγάπην
1637 2779 1828 2832 ἐδίδου.

248 2867 571 2938 Γέγραπται
598 2869 731 2938 γάρ,
762 2869 844 2921 ὅτι
903 2884 924 2918 ι
972 2868 1077 2920 Καὶ
1117 2867 1486 2938 προσδραμὼν
1541 2867 1712 2922 Ἠσαῦ
1751 2871 1832 2932 είς

246 2961 579 3031 συνάντησιν
604 2961 775 3030 αὐτῷ,
805 2961 899 3014 καὶ⁵
930 2959 1238 3032 περιλαϐὼν
1257 2960 1419 3014 αὐτὸν
1460 2961 1702 3032 ἐφίλησε,
1737 2962 1831 3014 καὶ

245 3051 594 3124 προσέπεσεν
620 3052 714 3105 ἐπὶ
760 3051 852 3106 τὸν
882 3052 1146 3122 τράχηλον
1193 3049 1380 3114 αὑτοῦ,
1437 3053 1530 3105 καὶ
1564 3053 1833 3106 ἔκλαυσαν

244 3146 574 3215 ἀμςότεροι.
607 3163 625 3195 ι
662 3144 771 3198 Καὶ
798 3145 968 3198 ταῦτα
987 3146 1050 3214 δὴ
1074 3143 1252 3196 πάντα
1277 3141 1344 3194 τά
1373 3143 1674 3214 πραότητος
1700 3161 1833 3197 κατ-

244 3237 572 3310 ορθώματα,
609 3236 821 3308 καρπὸς
865 3235 1156 3306 ὑφειμένου
1181 3236 1274 3288 καὶ
1300 3234 1675 3304 ἀφιλοκόμπου
1703 3252 1834 3303 φρο-

247 3330 514 3399 νήματος,
566 3329 662 3381 καὶ
711 3328 881 3392 ξένιον
911 3325 1198 3397 εὐμενείας
1245 3325 1381 3380 Θεοῦ
1417 3329 1530 3389 τοῖς
1579 3327 1832 3394 ἀγαπῶσι

248 3420 439 3482 αὑτὸν,
471 3417 893 3487 καταφιλοῦντος
939 3415 1002 3469 τὸ
1031 3417 1279 3479 ἄναντες,
1319 3413 1416 3468 καὶ
1445 3415 1834 3468 καταλιαίνον-

247 3528 341 3573 τος
379 3511 445 3562 τὸ
490 3510 686 3580 τραχὺ,
738 3509 834 3562 καὶ
877 3510 998 3570 ταῖς
1055 3506 1342 3578 εὐθυμίαις
1383 3501 1834 3570 καταπιαίνοντος

248 3617 371 3661 τους
409 3599 564 3669 αύτῷ
597 3597 951 3671 προσκεῖσθαι
978 3597 1396 3662 σπουδάζοντας.
1421 3596 1560 3650 Ἀλλ’
1584 3591 1738 3666 οἶμαι
1772 3595 1837 3666 δὴ

1953 419 2147 461 omnes
2164 407 2230 471 ⁷³,
2263 427 2282 458 ι
2339 410 2482 464 sicut
2534 411 2801 480 scriptum
2828 419 2930 466 est.
2971 411 3119 466 Nihil
3158 412 3306 466 enim
3351 414 3533 468 obstat

1951 495 2246 563 quominus
2292 513 2393 553 nos
2423 499 2588 554 etiam
2621 500 2873 555 humanis
2911 501 3264 557 adminiculis
3303 503 3370 556 ad
3431 503 3532 556 bo-

1950 599 2081 638 num
2134 594 2385 653 utamur;
2421 590 2532 644 imo
2565 606 2696 646 vero
2747 593 3022 650 laudabile
3061 595 3118 649 in
3166 596 3379 665 primis.
3420 597 3530 650 lm-

1949 676 2214 744 ploranda
2245 694 2377 733 vero
2410 689 2496 735 est
2511 683 2736 738 omnino
2773 683 3008 755 (etiamsi
3036 687 3139 741 hoc
3165 702 3195 740 a
3225 687 3384 742 nobis
3413 687 3528 758 fiat)

1947 767 2045 822 Dei
2073 783 2226 835 cura,
2251 786 2659 843 supernumque
2695 776 2979 840 auxilium,
3029 796 3046 827 ι
3084 793 3195 830 non
3235 778 3342 832 alta
3383 779 3530 849 cogi-

1948 859 2117 913 tando
2131 862 2205 926 ";
2233 881 2250 912 ι
2273 862 2407 916 illud
2431 880 2582 929 vero,
2614 865 2762 935 quod
2787 867 3055 935 scriptum
3091 875 3196 930 est,
3238 868 3524 922 nobiscum

1947 952 2254 1019 reputando
2278 972 2295 1003 ι
2323 971 2335 1005 :
2365 953 2582 1020 Quanto
2611 958 2785 1027 major
2821 973 2902 1021 es,
2936 968 3088 1013 tanto
3121 959 3446 1013 submissius
3473 969 3526 1013 te

1946 1057 2121 1111 geras,
2161 1054 2217 1098 et
2248 1043 2495 1100 invenies
2515 1049 2742 1117 gratiam
2763 1065 2938 1104 coram
2966 1051 3162 1105 Deo".
3202 1072 3221 1103 ι
3267 1053 3344 1106 lta
3377 1053 3522 1107 enim

1946 1133 2249 1202 cogitantes
2285 1155 2348 1194 ac
2387 1139 2668 1205 facientes,
2696 1142 2836 1196 bona
2867 1158 2990 1212 qua:
3021 1159 3087 1196 ex
3133 1159 3264 1212 pace
3301 1144 3524 1213 proﬁci-

1946 1233 2179 1280 scuntur
2205 1227 2637 1296 lucrifaciemus,
2677 1242 2732 1287 et
2753 1249 2848 1288 eos
2863 1234 2956 1303 qui
2984 1234 3245 1289 adversus
3260 1252 3361 1289 nos
3377 1236 3523 1291 fero-

1945 1317 2121 1381 ciunt,
2155 1319 2221 1372 ad
2258 1320 2650 1392 benignitatem
2679 1324 3050 1380 traducemus.
3101 1346 3118 1377 ι
3161 1327 3354 1382 Bestiae
3377 1330 3525 1382 enim

1944 1407 2095 1473 ferae,
2125 1410 2319 1480 inquit,
2353 1415 2590 1482 pacifica:
2613 1423 2778 1468 erunt
2813 1417 2911 1469 tibi
2943 1418 3010 1470 ".
3051 1437 3067 1468 ι
3106 1418 3220 1472 lloc
3267 1421 3526 1488 prmstitit

1941 1499 2130 1554 Jacob.
2155 1501 2341 1571 Neque
2366 1505 2512 1557 enim
2552 1507 2728 1560 solum
2761 1509 3022 1562 mollibus
3061 1525 3125 1563 ac
3158 1510 3372 1565 blandis
3397 1527 3519 1564 ver-

1944 1590 2028 1644 bis
2053 1591 2275 1646 fratrem
2304 1594 2590 1664 mitigavit,
2621 1598 2712 1650 sed
2743 1597 2910 1651 etiam
2958 1600 3283 1654 muneribus
3329 1617 3519 1669 prose-

1875 1659 1914 1714 Β
1946 1690 2107 1735 cutus
2125 1690 2226 1746 est,
2259 1691 2314 1736 et
2337 1659 2650 1739 facultatum
2689 1703 2910 1740 suarum
2941 1689 3260 1758 participem
3297 1659 3478 1744 cil‘ccit
3505 1731 3520 1752 ,

1944 1774 2114 1842 magis
2147 1773 2382 1842 opimam
2406 1785 2615 1844 partem
2643 1778 2742 1846 ipsi
2779 1779 3047 1842 tribuens,
3089 1795 3220 1834 oves
3245 1791 3300 1835 et
3330 1781 3518 1844 boves,

1944 1877 2136 1933 capras
2157 1873 2212 1917 et
2238 1865 2442 1928 asinos,
2478 1874 2533 1918 et
2568 1868 2809 1920 camelos
2848 1877 2905 1921 et
2939 1868 3161 1923 vitulos.
3210 1869 3402 1924 Melior
3437 1880 3524 1925 est

1941 1957 2089 2009 enim
2115 1973 2218 2026 pax
2253 1957 2479 2022 divitiis,
2511 1967 2567 2012 et
2595 1960 3050 2028 temporariorum
3097 1960 3367 2014 bonorum
3391 1977 3520 2030 pos-

1941 2049 2113 2102 sessio
2135 2049 2309 2102 amori
2338 2049 2579 2104 fraterno
2606 2059 2688 2104 est
2719 2051 3114 2120 postponenda.
3146 2053 3318 2106 Porro
3339 2054 3522 2108 timuit

1941 2141 2186 2211 quidem,
2251 2149 2312 2194 ut
2340 2141 2472 2206 dixi,
2525 2142 2747 2196 divinus
2773 2143 2942 2198 Jacob
2992 2143 3217 2197 fratrem
3263 2144 3426 2206 Esau,
3455 2159 3522 2198 ac

1944 2233 2099 2301 quasi
2128 2233 2349 2302 jamjam
2396 2234 2536 2288 iram
2569 2235 2742 2303 ipsius
2773 2244 3125 2303 experturus,
3163 2235 3336 2288 tristis
3378 2244 3516 2290 erat.

1941 2311 2034 2378 llie
2071 2339 2202 2378 vero
2219 2325 2427 2394 abjecta
2456 2334 2640 2379 vetere
2665 2324 2870 2379 invidia
2891 2327 3175 2395 amplexus
3200 2337 3283 2381 est
3326 2327 3516 2389 Jacob,

1941 2424 1998 2469 et
2028 2431 2152 2468 cum
2177 2416 2435 2488 lacrymis
2456 2417 2736 2471 osculatus
2773 2426 2876 2482 est,
2907 2425 2961 2471 et
2985 2428 3193 2472 natura:
3217 2417 3428 2487 legibus
3450 2419 3518 2472 ad

1940 2520 2183 2560 amorem
2213 2508 2641 2576 provocantibus
2668 2508 2852 2563 cessit.
2891 2508 3165 2579 Scriptum
3198 2518 3282 2562 est
3315 2510 3461 2563 enim
3501 2527 3516 2563 :

1947 2613 1966 2647 ι
2004 2597 2073 2650 Ει
2109 2612 2404 2653 accurrens
2439 2601 2580 2654 Esau
2618 2601 2673 2654 in
2716 2615 3005 2656 occursum
3061 2600 3133 2664 ei,
3179 2601 3520 2669 amplexatus

1939 2693 2025 2738 est
2063 2701 2211 2750 eum,
2251 2696 2306 2740 et
2333 2689 2532 2742 cecidit
2573 2705 2738 2758 super
2775 2691 2977 2745 collum
3016 2690 3207 2758 ipsius,
3250 2699 3307 2744 et
3347 2690 3515 2744 ﬂeve-

1941 2783 2068 2830 runt
2095 2777 2256 2831 ambo
2283 2779 2349 2831 7’.
2381 2799 2399 2830 ι
2427 2783 2603 2848 Atque
2634 2780 2750 2833 htcc
2776 2780 2998 2848 quidem
3039 2781 3221 2834 omnia
3257 2796 3515 2835 mansue-

1941 2869 2146 2923 tudinis
2190 2885 2378 2938 opera,
2442 2877 2572 2922 sunt
2619 2869 2832 2923 fructus
2871 2869 3127 2924 submissi
3181 2869 3516 2940 minimeque

1938 2959 2067 3012 elati
2093 2959 2281 3024 animi,
2304 2969 2359 3014 et
2389 2974 2590 3014 munus
2605 2958 2957 3029 benignitatis
2995 2959 3112 3024 Dei,
3166 2959 3259 3029 qui
3291 2961 3518 3014 amanti-

1939 3050 2042 3104 bus
2071 3050 2269 3120 ipsum,
2296 3049 2537 3104 diflicilia
2568 3057 2732 3120 atque
2769 3049 2939 3104 ardua
2985 3050 3215 3115 emollit,
3265 3051 3516 3120 leviaque

1937 3140 2123 3204 ellicit,
2174 3141 2479 3211 gaudioque
2505 3142 2679 3211 replet
2701 3156 2796 3196 eos
2821 3141 2915 3210 qui
2946 3141 3050 3211 ipsi
3079 3141 3356 3198 adhaerere
3378 3158 3513 3197 con-

1939 3231 2190 3287 tendunt.
2226 3231 2497 3287 Caeterum
2520 3233 2889 3286 necessarium
2918 3248 3037 3287 esse
3067 3233 3306 3288 arbitror
3330 3250 3517 3289 narra-

1939 3322 2144 3376 tionem
2169 3321 2236 3375 ad
2258 3322 2597 3390 spiritualem
2622 3323 3140 3392 contemplationem
3169 3323 3467 3379 transferre
3498 3342 3512 3380 :

1937 3419 2101 3480 atque
2128 3426 2226 3481 age
2250 3412 2498 3465 dicamus
2520 3427 2830 3466 sermonem
2860 3413 2929 3467 ab
2975 3413 3135 3468 initio
3180 3423 3512 3470 retexentes.

1947 3506 2098 3575 161
2119 3504 2197 3558 lta
2221 3505 2368 3559 enim
2411 3506 2674 3562 studiosis
2718 3506 2922 3564 Christi
2947 3510 3265 3581 mysterium
3281 3511 3516 3570 manife-

1945 3607 2088 3651 stum
2115 3597 2301 3652 fuerit.

249 3692 353 3746 δεῖν
388 3695 475 3756 είς
507 3691 746 3764 θεωρίαν
782 3692 1160 3762 πνευματικὴν
1197 3693 1329 3762 ἡμῖν
1399 3691 1868 3761 μεταπλάττεσθαι
1907 3692 1967 3745 τὸ
1998 3693 2262 3763 διήγημα.
2305 3693 2412 3746 Καὶ
2439 3693 2569 3765 φέρε
2599 3694 2662 3766 δὴ
2691 3694 2938 3766 λέγωμεν
2964 3697 3153 3752 ἀνόπιν
3207 3699 3395 3763 ίόντες,
3421 3703 3514 3754 καὶ

251 3789 326 3850 είς
372 3787 550 3858 ἀρχὴν
604 3788 994 3860 ἀνατρέχοντες
1031 3786 1124 3840 τοῦ
1182 3786 1378 3850 παντὸς
1424 3787 1601 3856 λόγου.
1654 3788 1830 3856 Σαφὲς
1867 3789 1976 3860 γὰρ
2001 3787 2064 3842 ἂν
2088 3789 2295 3884 γένοιτο
2323 3791 2434 3852 τοῖς
2490 3791 2887 3860 χρηστομαοεῖν
2947 3793 3241 3863 ᾑρημένοις
3278 3795 3338 3846 τὸ
3375 3798 3511 3866 X9:-

254 3883 377 3936 σποῦ
415 3885 736 3953 μυστήριον.

317 3979 389 4047 γ’.
401 3979 650 4032 Φονῶντα
661 3979 840 4032 τοίνυν
856 3979 944 4031 τὸν
958 3978 1187 4048 ἀδελφὸν
1211 3980 1302 4032 καὶ
1321 3977 1598 4050 θηριωδῶς
1619 3978 1831 4048 ἀγριαί-

249 4087 408 4122 νοντα
438 4069 675 4132 δεδειὼς,
722 4069 798 4132 ὼς
831 4069 1074 4132 εἰκότως,
1105 4073 1133 4123 ό
1163 4069 1444 4131 θεσπέσιος
1487 4069 1704 4133 Ἰακὼϐ,
1738 4069 1834 4138 τὴν

253 4163 330 4224 εἰς
353 4162 583 4230 Χαρράν
605 4177 667 4213 τε
699 4161 791 4213 καὶ
816 4159 1002 4213 Δάϐαν
1035 4159 1343 4229 ἀποδημίαν
1380 4158 1677 4221 ἐστέλλετο,
1711 4176 1833 4211 συνο

253 4252 526 4314 αινοῦντος
552 4250 702 4320 αύτῷ
730 4251 830 4320 τὴν
859 4251 1170 4320 ἀποδρομὴν
1197 4249 1290 4302 τοῦ
1332 4248 1559 4319 πατρὸς,
1591 4250 1838 4302 τουτέστι

251 4341 345 4394 τσῦ
383 4343 590 4395 Ἰσαάκ.
650 4340 857 4394 Ἐδόκει
902 4341 1011 4410 γάρ
1040 4337 1142 4393 ὦδε
1187 4338 1672 4410 παρακρούσασθαι
1727 4338 1836 4391 δεῖν

253 4434 344 4486 τοῦ
366 4433 745 4504 λελυπημένου
763 4434 861 4504 τὴν
893 4433 1097 4502 ἔφοδον.
1140 4433 1465 4501 Ἀφιγμένος
1494 4431 1556 4501 δὴ
1585 4428 1676 4484 οὖν
1701 4431 1835 4500 πρὸς

256 4525 847 4595 Δάϐαν,ὲμνηστεύετο
879 4526 976 4593 μὲν
1013 4525 1112 4586 τάς
1146 4523 1240 4576 τοῦ
1281 4523 1470 4594 ἀνδρδς
1509 4523 1833 4594 θυγατέρας,

256 4618 416 4670 Λείαν
433 4635 488 4669 τε
512 4619 654 4687 φημὶ
683 4619 778 4671 καὶ
803 4617 1024 4687 Ῥαχὴλ,
1061 4617 1154 4670 καὶ
1183 4615 1247 4687 δὴ
1280 4617 1374 4668 καὶ
1405 4616 1609 4668 τέκ·.ων
1638 4613 1834 4667 ἐπλού-

255 4725 335 4760 τει
364 4709 548 4779 γονὴν,
580 4711 676 4762 καὶ
703 4710 1034 4779 θρεμμάτων
1069 4709 1292 4777 ἀγέλας,
1325 4710 1418 4761 καὶ
1461 4708 1596 4775 πρὸς
1628 4707 1838 4770 τούτοις

252 4799 334 4852 ἔτι
367 4801 469 4870 τὴν
499 4801 688 4872 ἑτέραν
711 4800 920 4854 οὐσίαν.
959 4801 1173 4871 Ἐπειδὴ
1212 4800 1267 4852 δὲ
1288 4796 1420 4872 ἧκεν
1446 4801 1524 4861 εἰς
1557 4799 1712 4852 τοῦτο
1731 4799 1837 4851 λοι·

252 4891 356 4944 πδν
376 4892 646 4956 εὐθυνίας,
679 4889 828 4946 οἷκον
845 4893 973 4946 ἴδιον
991 4895 1134 4963 ἔχειν
1160 4893 1472 4953 ἐσκέπτετο,
1492 4892 1586 4943 καὶ
1610 4889 1832 4960 ἀπαίρει

254 4984 356 5053 μὲν
380 4983 481 5051 τῆς
512 4985 734 5055 Χαρρὰν
760 4984 852 5037 καὶ
883 4985 977 5054 τῆς
995 4985 1179 5038 Λάϐαν
1207 4983 1411 5044 ἑστίας,
1444 4981 1577 5052 ὁμοῦ
1603 4984 1710 5043 τοῖς
1732 4997 1832 5032 πε-

251 5073 627 5143 πυρωμένοις,
654 5074 747 5128 καὶ
773 5073 880 5145 μὴν
901 5075 994 5127 καὶ
1023 5075 1162 5146 μερά
1180 5075 1452 5143 γυναικῶν
1488 5073 1580 5125 καὶ
1605 5073 1828 5124 τέκνων.

251 5165 549 5228 Δώκοντος
569 5165 627 5218 δὲ
647 5165 740 5218 τοῦ
781 5165 986 5230 Δάϐαν,
1014 5164 1454 5236 κατελαμϐάνετο
1479 5165 1600 5233 μὲν,
1625 5161 1832 5215 συνετί-

251 5253 334 5307 θει
367 5256 429 5308 ἃ
459 5256 522 5308 τὰ
547 5257 679 5325 πρὸς
708 5257 951 5327 εἰρήνην,
996 5256 1090 5309 καὶ
1131 5257 1230 5326 τῆς
1273 5255 1492 5322 ἀγάπης
1519 5253 1611 5305 τὸν
1645 5251 1830 5304 σύνδε-

253 5363 396 5413 σμον
440 5346 680 5400 ἐϐεϐαίου
739 5347 976 5418 Χριστός
1042 5347 1424 5417 Ἀνεστηλούτο
1467 5345 1577 5415 γὰρ
1621 5346 1650 5397 ό
1689 5344 1832 5407 λίθος

250 5442 328 5500 εἰς
365 5438 532 5492 τύπον
555 5439 742 5495 αὑτοῦ.
770 5435 902 5492 Εἶτα
933 5439 1070 5510 μετά
1097 5437 1255 5492 τοῦτο
1279 5437 1629 5510 μεταθέοντος
1653 5434 1834 5489 οἴκαδε

323 5621 376 5656 ⁷³
403 5622 447 5679 ιι
469 5624 602 5680 Tim.
631 5644 689 5692 ιι,
719 5627 809 5682 Si.

2011 3977 2065 4030 '5.
2097 3976 2340 4029 Fratrem
2364 3973 2547 4039 itaque
2572 3979 2804 4026 mortem
2835 3974 2935 4042 ipsi
2963 3973 3386 4040 machinantem,
3426 3983 3510 4028 at-

1938 4081 2044 4135 que
2063 4065 2234 4117 instar
2255 4061 2449 4116 bellua:
2473 4061 2753 4132 cujusdam
2777 4062 3131 4118 ferocientem
3155 4072 3426 4130 metuens,
3454 4075 3512 4121 ut

1938 4173 2036 4226 par
2057 4164 2197 4222 erat,
2228 4158 2398 4212 Jacob
2428 4157 2825 4227 profectionem
2862 4156 2930 4210 ad
2951 4155 3192 4212 Charran
3223 4166 3280 4214 et
3323 4159 3510 4214 Laban

1935 4248 2193 4314 instituit,
2222 4248 2559 4318 approbante
2591 4247 2762 4317 ipsius
2788 4247 3088 4302 discessum
3104 4258 3274 4318 patre,
3305 4251 3408 4306 hoc
3427 4261 3512 4305 est

1939 4339 2103 4394 Isaac.
2134 4341 2212 4395 lta
2237 4341 2384 4395 enim
2410 4339 2700 4393 videbatur
2725 4337 3079 4394 submoturus
3129 4357 3158 4393 a
3205 4356 3262 4394 se
3306 4343 3508 4396 rabiosi

1895 4403 1909 4444 δ
1938 4431 2177 4485 hominis
2205 4432 2458 4486 insultus.
2487 4429 2622 4485 Cum
2651 4430 2832 4498 itaque
2853 4431 3190 4499 pervenisset
3211 4432 3275 4485 ad
3300 4431 3506 4498 Laban,

1939 4522 2092 4576 duxit
2125 4523 2272 4577 illius
2307 4521 2464 4587 filias,
2507 4521 2658 4575 Liam
2686 4519 2945 4574 nimirum
2980 4528 3036 4574 et
3065 4520 3300 4585 Rachel,
3339 4522 3508 4576 ﬁlios-

1939 4632 2048 4686 que
2085 4625 2279 4670 nactus
2297 4624 2401 4678 est,
2421 4624 2474 4668 et
2498 4629 2756 4684 pecorum
2776 4628 2984 4684 greges,
3013 4628 3074 4666 ac
3102 4622 3359 4682 prtetcrea
3378 4616 3509 4670 alias

1937 4705 2104 4759 etiam
2161 4704 2468 4758 facultates.
2526 4702 2664 4756 Cum
2705 4711 2890 4755 autem
2931 4701 2999 4755 ad
3063 4710 3264 4756 tantam
3325 4720 3507 4759 rerum

1939 4794 2271 4848 afﬂuentiam
2325 4794 2684 4862 pervenisset.
2728 4794 3002 4862 propriam
3039 4792 3260 4847 domum
3307 4795 3509 4850 habere

1938 4885 2172 4947 curavit,
2229 4899 2291 4936 ac
2326 4883 2560 4936 discedit
2606 4883 2828 4952 quidem
2867 4898 2898 4936 e
2937 4881 3200 4946 Charran,
3267 4892 3428 4951 atque
3477 4899 3506 4937 a

1938 4975 2103 5030 domo
2127 4974 2311 5027 Laban
2336 4989 2461 5027 eum
2499 4973 2567 5028 iis
2591 4990 2715 5043 qua:
2767 4973 3118 5043 acquisierat,
3175 4980 3337 5041 atque
3370 4991 3506 5027 uxo-

1938 5068 2091 5122 ribus
2138 5074 2194 5119 et
2224 5064 2367 5118 ﬁliis.
2421 5064 2793 5133 Persequente
2838 5077 2968 5116 vero
3003 5062 3207 5125 Laban,
3257 5077 3506 5133 compre-

1938 5159 2146 5214 hensus
2168 5155 2389 5225 quidem
2420 5165 2522 5220 est,
2559 5155 2858 5224 composita
2881 5163 3062 5207 autem
3091 5169 3179 5208 res
3200 5163 3282 5208 est
3303 5155 3370 5209 ad
3416 5172 3510 5227 pa-

1939 5265 2094 5318 cem,
2141 5246 2453 5316 amorisque
2496 5245 2776 5299 vinculum
2828 5245 3169 5300 conﬁrmavit
3233 5246 3514 5305 Christus.

1938 5342 2168 5396 Erectus
2193 5338 2342 5392 enim
2365 5347 2449 5392 est
2477 5338 2617 5406 lapis
2641 5337 2694 5390 in
2723 5347 2912 5406 typum
2945 5337 3136 5407 ipsius.
3163 5339 3356 5392 Postea
3377 5355 3509 5393 vero

1939 5448 2062 5488 cum
2094 5433 2206 5504 jam
2230 5430 2416 5484 Laban
2447 5429 2669 5484 domum
2693 5429 2968 5496 rediisset,
3001 5446 3187 5502 pacem
3207 5431 3369 5484 etiam
3388 5431 3511 5486 iniit

888 5625 932 5656 τ’*
974 5626 1109 5681 Rom
1160 5641 1286 5692 χιιι,
1321 5625 1402 5680 16.
1481 5625 1524 5656 ⁷⁸
1550 5622 1717 5680 Eccli.
1755 5638 1835 5693 ιιι,

1955 5620 2200 5695 ;Philip.
2241 5637 2298 5687 ιι,
2335 5619 2386 5676 3.
2461 5618 2506 5651 ⁷⁸
2529 5618 2630 5677 Job
2653 5636 2705 5686 ν,
2732 5618 2820 5674 22.
2899 5620 2942 5652 ⁷⁷
2983 5621 3118 5675 Gen.
3162 5635 3350 5680 χχχιιι,
3379 5617 3430 5672 4.
