4004 6204
523 285 630 341 259

1547 273 1604 330 S.
1645 269 1922 358 CYRILLI
1960 261 2434 323 ALEXANDRINI
2470 257 2788 322 ARCHIEP.

3679 247 3781 302 9.60

523 411 651 452 cum
677 393 848 449 veteri
871 393 1048 456 hoste,
1073 389 1168 461 qui
1194 388 1366 460 ipsius
1415 385 1542 441 vitae
1572 384 1829 441 ferociter
1875 380 2107 436 insidia-

2234 374 2392 431 ,οιπδν
2432 373 2528 428 καὶ
2559 368 2921 441 ἀποιχομένου
2967 365 3060 420 τοῦ
3088 363 3297 426 Λάϐαν,
3331 359 3676 432 συμϐέϐηκεν
3703 362 3782 422 εἰς

529 489 709 552 batur,
750 485 916 550 Esau,
951 485 1196 554 inquam.
1223 479 1465 538 Osculati
1489 480 1638 535 enim
1669 487 1798 533 sunt
1848 476 2105 537 invicem,

529 584 834 647 spontaneo
865 572 1270 645 quodammodo
1295 571 1352 626 in
1387 579 1640 626 mutuum
1695 581 1942 623 amorem
1972 579 2107 618 con-

531 683 699 724 cursu
735 667 1073 738 praeteritum
1099 677 1392 718 maerorem
1417 661 1789 717 oblitterante.
1815 658 1877 712 In
1904 656 1992 710 his
2012 655 2112 709 ita-

531 773 639 828 que
660 758 827 812 totius
841 756 1086 810 historia:
1104 769 1286 810 sermo
1304 761 1389 808 est
1400 760 1780 822 consumptus.
1800 746 2112 804 Meminisse

531 864 664 903 vero
691 854 928 918 Oportet,
956 847 1124 902 Jacob
1159 845 1363 902 Christi
1407 859 1697 915 personam
1740 858 1771 897 a
1821 841 1981 896 nobis
2017 838 2116 892 tri-

534 940 721 995 butam
756 955 898 1004 esse,
951 954 1348 1009 nonnunquam
1397 937 1566 992 etiam
1615 950 1810 991 eorum
1867 932 1964 1003 qui
2017 945 2115 1001 per

535 1030 696 1085 ﬁdem
721 1030 1005 1101 justiﬁeati
1065 1038 1212 1085 sunt.
1269 1030 1412 1084 Esau
1447 1036 1631 1082 autem
1679 1025 1943 1097 populum
2005 1023 2114 1077 cir-

534 1121 838 1176 cumcisum
861 1127 916 1174 et
965 1120 1069 1174 sub
1115 1119 1233 1191 lege
1256 1135 1369 1190 prae
1397 1134 1456 1174 se
1476 1118 1621 1174 ferre
1650 1117 1889 1173 diximus
1915 1132 1928 1168 :
1953 1113 2118 1183 idque

534 1209 831 1280 praecipue,
854 1209 983 1278 quia
1020 1208 1404 1264 universorum
1458 1206 1722 1262 Dominus
1771 1207 1937 1270 Deus,
1992 1219 2118 1258 cum

537 1300 718 1354 adhuc
738 1306 896 1353 utero
919 1305 1156 1369 gestaret
1180 1299 1441 1369 gemellos
1465 1297 1735 1362 Rebecca,
1769 1295 1848 1348 illi
1875 1293 2056 1362 inquit
2101 1311 2113 1346 :

547 1413 566 1446 ι
604 1394 735 1448 Dua:
763 1399 974 1462 gentes,
1011 1398 1068 1446 et
1092 1391 1202 1447 duo
1242 1392 1430 1463 populi
1475 1397 1751 1446 exventre
1803 1397 1900 1443 tuo
1933 1387 2120 1443 orien-

540 1491 650 1547 tur,
679 1492 735 1536 et
765 1483 999 1552 pepulus
1021 1483 1282 1552 populum
1306 1481 1609 1552 superabit,
1639 1488 1694 1534 et
1719 1479 1892 1550 major
1917 1477 2123 1532 serviet

2208 468 2434 537 εἰρήνην
2473 464 2568 519 καὶ
2599 460 2746 532 αὐτῷ
2765 459 2845 531 τῷ
2871 457 3035 512 πάλαι
3062 455 3291 526 φονῶντι
3313 452 3407 507 καὶ
3431 451 3782 522 ἀγριαίνοντι,

2208 557 2484 614 τουτέστιν
2509 552 2706 610 Ἠσαῦ.
2727 549 3158 621 Κατησπάζοντο
3178 547 3286 616 γὰρ
3309 544 3590 614 ἀλλήλους,
3617 559 3784 596 κατα-

2209 649 2510 724 χωννύντες
2533 647 2736 718 τρόπον
2763 643 2885 698 τινὰ
2914 643 3034 705 ταῖς
3074 641 3155 703 είς
3195 636 3544 707 φιλαλληλίαν
3569 633 3788 704 συνδρο-

2214 748 2364 817 μαῖς,
2394 743 2496 812 τὴν
2546 740 2784 804 ﬁatﬁat;
2825 735 3062 806 φθάσασι
3093 731 3417 802 δυσθυμίαν.
3466 729 3555 782 Ἐν
3580 726 3788 791 τούτοις

2215 837 2314 909 μὲν
2339 838 2368 890 ὁ
2406 834 2627 904 σύμπας
2650 831 2749 900 τῆς
2787 826 3027 898 ἱστορίας
3061 823 3433 895 διεπεραίνετο
3477 820 3657 888 λόγος,
3697 835 3792 909 μεθ

2217 908 2470 1002 μνήμεθα
2503 925 2559 978 δὲ
2595 923 2690 977 καὶ
2737 922 2895 992 ἡμεῖς
2926 917 3004 988 τῷ
3041 917 3138 988 μὲν
3185 912 3378 968 Ἰακὼϐ
3418 912 3479 965 τὸ
3505 912 3669 964 αὐτοῦ
3699 908 3790 964 τοῦ

2213 1001 2450 1094 Χριστοῦ
2477 1016 2788 1088 περιθέντες
2817 1012 3126 1083 πρόσωπον,
3169 1008 3250 1071 είς
3277 1005 3334 1059 δέ
3354 1022 3454 1094 που
3487 1005 3581 1057 καὶ
3600 1002 3660 1056 τὸ
3687 1001 3796 1094 τῶν

2215 1089 2281 1167 ἐν’
2296 1110 2472 1165 πίστει
2490 1101 2947 1173 δεδικαιωμένων.
2974 1099 3078 1153 Τὸν
3109 1097 3168 1151 δέ
3192 1112 3256 1165 γε
3296 1093 3468 1148 Ἠσαῦ
3490 1089 3797 1145 ἀνατυποῦν

2217 1204 2427 1274 ἔφαμεν
2459 1200 2542 1269 ἐφ’
2591 1195 2769 1267 ἐαυτῷ
2815 1194 2908 1248 τὸν
2942 1194 3006 1245 ἐκ
3058 1187 3358 1259 περιτομῆς
3400 1186 3496 1238 καὶ
3543 1187 3600 1237 ἐν
3649 1182 3799 1252 νόμῳ

2217 1273 2345 1350 λαόν
2365 1310 2379 1325 ·
2406 1289 2618 1364 μάλισθ’
2644 1290 2724 1342 ὅτι
2757 1286 2850 1341 καὶ
2878 1283 3040 1346 αὐτὸς
3070 1283 3100 1335 ὁ
3127 1280 3346 1334 πάντων
3371 1277 3648 1345 Δεσπότης
3665 1273 3798 1337 Θεὸς

2221 1389 2278 1442 ἐν
2305 1386 2490 1440 ὠδῖσιν
2535 1383 2618 1436 ἔτι
2647 1379 2747 1452 τὴν
2778 1377 2888 1432 τῶν
2929 1374 3227 1429 νεανίσκων
3271 1369 3468 1442 ἐχούσῃ
3505 1367 3693 1428 δυάδα,
3730 1368 3801 1438 τῇ

2233 1475 2500 1545 Ῥεϐέκκα
2524 1471 2692 1543 φησί’
2736 1489 2754 1522 ι
2785 1467 2890 1522 Δύο
2925 1465 3051 1536 ἔθνη
3083 1465 3178 1518 καὶ
3211 1462 3305 1516 δύο
3340 1461 3457 1514 λαοὶ
3488 1459 3550 1512 ἐκ
3595 1456 3801 1519 κοιλίας

539 1574 743 1629 minori
765 1548 875 1627 is.)
916 1548 1071 1639 Quod
1092 1548 1312 1642 quidem
1348 1548 1652 1642 perfectum
1686 1577 1772 1626 est
1809 1548 1924 1638 per
1959 1567 2122 1624 Chri-

2234 1587 2319 1624 σου
2357 1565 2838 1636 διασταλήσονται,
2893 1561 2988 1613 καὶ
3047 1557 3175 1620 λαὸς
3223 1553 3354 1608 λαοῦ
3395 1550 3666 1623 ὑπερέξει,
3708 1548 3806 1642 καὶ

540 1674 706 1721 stum.
734 1664 900 1720 Primi
928 1665 1074 1719 enim
1120 1665 1450 1719 exsistentes
1483 1662 1748 1732 temporis
1797 1661 2010 1716 ratione
2047 1660 2125 1716 Is—

2234 1664 2254 1716 5
2288 1661 2490 1734 μείζων
2513 1657 2786 1712 δουλεύσει
2806 1653 2882 1725 τῷ
2909 1652 3176 1707 ἐλάσσονι.
3209 1669 3228 1703 ι
3274 1649 3338 1702 Ὃ
3368 1647 3432 1717 δὴ
3463 1646 3558 1698 καὶ⁸
3592 1641 3802 1697 τετέλε-

543 1758 769 1821 τοοιὶιω,
832 1757 1065 1826 ideoque
1119 1757 1297 1811 vocati
1349 1755 1723 1826 primogeniti,
1792 1753 2124 1824 posteriores

2234 1733 2351 1808 σται
2373 1752 2460 1806 διὰ
2481 1748 2738 1822 Χριστοῦ.
2762 1745 2974 1818 Πρῶτοι
2999 1743 3107 1813 γὰρ
3135 1743 3286 1804 ὄντες
3321 1741 3396 1802 ὡς
3433 1736 3572 1792 κατὰ
3611 1735 3807 1806 χρόνον

543 1849 673 1904 facti
705 1857 851 1913 sunt,
875 1856 930 1902 et
953 1864 981 1902 a
1004 1857 1156 1918 tergo
1178 1848 1345 1918 positi
1371 1848 1440 1902 iis
1455 1847 1548 1917 qui
1571 1861 1671 1917 per
1694 1845 1854 1900 ﬁdem
1891 1846 1945 1899 in
1971 1844 2128 1899 Chri-

546 1949 651 2004 sto,
691 1941 786 2008 qui
823 1946 878 1992 et
925 1938 1277 2008 primogeniti
1320 1938 1550 2008 gloriam
1600 1935 1710 1990 sibi
1755 1935 2124 1999 vindicarunt,

545 2039 773 2101 prepter
798 2044 925 2084 eum
953 2027 1046 2097 qui
1080 2027 1137 2081 in
1166 2028 1299 2096 ipsis
1332 2037 1417 2082 est
1443 2025 1866 2098 primogenitus,
1910 2024 2128 2078 tametsi

547 2124 621 2178 sit
642 2122 975 2193 unigenitus,
1000 2119 1090 2174 cui
1129 2121 1295 2174 etiam
1339 2119 1653 2174 conformes
1686 2117 1816 2173 facti
1871 2124 2000 2171 sunt
2031 2131 2132 2186 per

547 2215 826 2286 spiritum,
871 2213 1136 2268 habentes
1186 2211 1663 2283 regenerationem
1711 2212 1769 2266 in
1821 2210 2132 2266 sanctiﬁca-

550 2307 755 2363 tionem
776 2315 946 2375 atque
971 2305 1463 2376 incorruptionem.
1486 2305 1696 2360 Invidia
1713 2305 1897 2374 itaque
1924 2302 2137 2357 inﬂam-

551 2407 731 2453 matus
757 2398 922 2462 Esau,
955 2397 1061 2453 hoc
1097 2407 1183 2453 est
1218 2397 1418 2460 Israel,
1459 2403 1789 2466 persecutus
1833 2402 1916 2448 est
1943 2393 2132 2458 Jacob,

549 2490 852 2555 Christum,
887 2490 1133 2560 inquam.
1157 2488 1486 2544 Indiﬂ‘erens
1515 2502 1667 2552 vero,
1692 2496 1753 2542 ut
1778 2485 1912 2551 dixi,
1954 2485 2011 2539 in
2049 2484 2137 2539 his

553 2579 714 2634 nobis
753 2587 845 2634 est
886 2594 1090 2644 sermo,
1153 2593 1373 2647 semper
1417 2577 1679 2632 decorum
1712 2578 2034 2641 observans,
2073 2591 2138 2632 ac

555 2669 788 2724 subinde
822 2669 1046 2739 quidem
1071 2669 1137 2722 ad
1176 2668 1455 2724 Christum
1480 2668 1726 2723 referens
1759 2667 2136 2738 1621ac0b;

555 2763 790 2818 subinde
818 2778 949 2817 vero
981 2762 1048 2816 ad
1081 2777 1283 2816 novum
1310 2777 1375 2817 ac
1404 2761 1620 2816 ﬁdelem
1649 2762 1933 2831 populum.
1963 2760 2140 2815 Vexa-

2226 1847 2274 1900 οί
2305 1843 2364 1912 ἐξ
2405 1841 2642 1914 Ἰσραὴλ,
2698 1835 3083 1909 ὠνομασμένοι
3109 1833 3198 1888 διὰ
3238 1830 3397 1885 τοῦτο
3447 1828 3807 1900 πρωτότοκοι,

2229 1937 2457 1992 κατόπιν
2489 1933 2766 2002 γεγόνασι,
2817 1928 2912 1981 καὶ
2949 1927 3028 1990 είς
3072 1925 3240 1978 νῶτον
3270 1922 3538 1976 τέθεινται
3579 1917 3690 1971 τῶν
3722 1915 3815 1970 διὰ

2229 2029 2464 2090 πίστεως
2491 2027 2550 2079 ἐν
2581 2019 2820 2094 Χριστῷ,
2850 2018 2899 2072 οἳ
2942 2018 3036 2071 καὶ
3062 2015 3160 2086 τὴν
3189 2015 3284 2068 τοῦ
3327 2012 3668 2084 πρωτοτόκου
3712 2026 3813 2062 κε·-

2231 2119 2677 2193 κληρονομήκασι
2705 2113 2886 2179 δόξαν,
2909 2111 2997 2166 διὰ
3029 2111 3119 2163 τὸν
3143 2109 3199 2161 ἐν
3227 2107 3407 2168 αὐτοῖς
3441 2103 3815 2193 πρωτότοκον,

2231 2214 2281 2266 εἰ
2319 2191 2412 2264 καὶ
2463 2208 2578 2262 ἔστι
2609 2203 2916 2277 μονογενὴς,
2965 2193 3010 2268 ᾧ
3048 2198 3142 2252 καὶ
3181 2196 3491 2268 σύμμορφοι
3529 2191 3812 2279 γεγόνασι,

2231 2302 2333 2374 τὴν
2382 2298 2473 2352 διὰ
2507 2295 2816 2366 πνεύματος
2861 2291 3216 2360 ἀναγέννησιν
3251 2287 3463 2356 ἔχοντες
3491 2283 3569 2346 εἰς
3599 2282 3825 2351 deﬂag-

2237 2395 2357 2448 σίαν
2405 2408 2465 2446 τε
2505 2390 2599 2444 καί
2648 2386 2938 2457 ἁγιασμόν.
2998 2382 3179 2450 Φθόνῳ
3225 2377 3316 2433 οὖν
3359 2375 3821 2444 διακεκαυμένος,

2248 2487 2442 2551 Ἠσαῦ,
2479 2481 2803 2537 τουτέστινὸ
2839 2475 3074 2549 Ἰσραὴλ,
3115 2473 3302 2527 ἐδίωκε
3326 2473 3417 2526 τὸν
3461 2467 3676 2532 Ἰακὼϐ,
3710 2485 3824 2538 φη-

2242 2581 2302 2651 μὶ
2339 2578 2402 2650 δὴ
2447 2577 2540 2631 τὸν
2570 2572 2824 2645 Χριστόν.
2870 2570 3178 2639 ’Δδιαφορεῖ
3205 2567 3281 2631 δὲ,
3313 2565 3388 2628 ὼς
3419 2563 3573 2633 ἔφην,
3602 2563 3662 2614 ἐν
3699 2558 3827 2613 τού·
3883 2614 3887 2618 ,

2237 2690 2352 2735 τοις
2399 2672 2531 2742 ἡμῖν
2568 2671 2596 2721 ό
2645 2667 2822 2734 λόγος,
2877 2663 2938 2716 τὸ
2985 2662 3193 2733 πρέπον
3220 2659 3305 2712 ἀεὶ
3339 2655 3674 2728 θηρώμενος,
3726 2652 3826 2706 καὶ

2239 2763 2370 2818 ποτὲ
2395 2761 2491 2833 μὲν
2522 2762 2602 2822 εἰς
2632 2757 2864 2829 Χριστόν
2897 2754 3184 2824 ἀναφέρων
3209 2752 3300 2804 τὸν
3342 2746 3570 2809 Ἰακὼϐ,
3599 2745 3737 2798 ποτὲ
3767 2743 3828 2796 δὲ

558 2865 648 2911 tus
676 2855 858 2925 itaque
898 2855 1302 2925 quodammodo
1331 2863 1387 2909 et
1417 2854 1610 2908 nolens
1630 2853 1882 2909 Christus
1916 2853 1971 2907 in
2005 2868 2132 2923 gen-

2241 2855 2321 2916 είς
2349 2851 2440 2904 τὸν
2487 2849 2605 2903 νέον
2642 2851 2700 2901 ἐν
2732 2846 2912 2899 πίστει
2952 2843 3100 2897 λαόν.
3143 2839 3511 2910 Δεδιωγμένος
3535 2837 3590 2889 δὲ
3614 2835 3831 2906 τρόπον

559 2949 695 3002 tium
731 2947 1008 3017 regionem
1032 2947 1189 3012 abiit,
1233 2954 1420 3016 aperte
1460 2946 1746 3001 clamans:
1797 2964 1815 2996 ‹
1867 2944 2132 3013 Dereliqui

2241 2943 2364 2998 τινὰ
2400 2943 2496 2996 καὶ
2521 2942 2618 3010 οὐχ
2651 2938 2790 2993 ἐκὼν
2826 2939 2854 2990 ὁ
2876 2935 3108 3006 Χριστὸς
3135 2935 3214 2997 εἰς
3244 2933 3343 3003 τὴν
3373 2929 3480 2983 τῶν
3507 2927 3679 2980 ἐθνῶν
3719 2927 3833 2979 ἀπ-

558 3037 782 3092 domum
828 3053 1040 3102 meam,
1092 3037 1277 3092 dimisi
1321 3036 1697 3091 haereditatem
1739 3049 1956 3097 meam,
2010 3032 2132 3087 dedi

2243 3039 2484 3109 εδήμησε
2513 3034 2717 3106 χώραν,
2739 3030 3034 3103 διαρρήδην
3061 3022 3473 3097 ἀνακεκραγώς·
3505 3041 3524 3074 ι
3559 3019 3839 3090 Ἐγκατα-

558 3127 817 3183 dilectam
841 3127 1078 3180 animam
1110 3142 1286 3180 meam
1307 3125 1365 3178 in
1396 3139 1592 3177 manus
1621 3123 1972 3177 inimicorum
1996 3123 2132 3191 ejus.

2242 3131 2465 3184 λέλοιπα
2499 3128 2590 3181 τὸν
2614 3123 2758 3180 οἶκόν
2797 3142 2921 3194 μου,
2943 3122 3134 3192 ἀφῆκα
3173 3119 3271 3190 τὴν
3302 3114 3668 3188 κληρονομίαν
3697 3131 3836 3182 μου,

561 3219 724 3274 Facta
763 3227 849 3272 est
896 3216 1188 3271 hereditas
1237 3230 1356 3268 mea
1385 3214 1519 3267 mihi
1545 3213 1702 3282 quasi
1749 3213 1837 3267 leo
1874 3212 1928 3266 in
1982 3213 2132 3266 silva;

2243 3222 2417 3276 ἔδωκα
2443 3221 2542 3291 τὴν
2573 3216 2938 3289 ἠγαπημένην
2966 3214 3145 3284 ψυχήν
3177 3227 3279 3281 μου
3308 3212 3388 3271 εις
3403 3209 3587 3277 χεῖρας
3610 3203 3838 3275 ἐχθρῶν

562 3309 724 3364 Dedit
749 3315 938 3362 contra
968 3323 1055 3360 me
1086 3321 1275 3360 vocem
1299 3320 1451 3359 suam
1482 3322 1496 3370 ;
1526 3304 1651 3359 ideo
1681 3304 1829 3358 odivi
1865 3319 1986 3358 eam
2013 3306 2080 3357 7’.
2116 3323 2132 3356 ι

2243 3315 2432 3384 αὐτῆς.
2479 3311 2834 3382 Ἐγεννήθηὴ
2878 3304 3230 3384 κληρονομία.
3271 3318 3372 3372 μου
3418 3297 3540 3369 ἐμοὶ
3576 3296 3652 3358 ὼς
3685 3296 3841 3349 λέων

561 3400 833 3455 Caeterum
867 3399 1032 3454 etiam
1059 3397 1384 3452 mulieribus
1425 3397 1480 3450 in
1520 3397 1681 3452 horto
1717 3405 1841 3466 post
1891 3412 2132 3451 resurre-

2244 3411 2301 3460 ἐν
2329 3405 2538 3478 δρυμῷ.
2571 3403 2811 3455 Ἔδωκεν
2871 3399 2956 3453 ἐπ’
2996 3397 3096 3468 ἐμὲ
3132 3394 3232 3464 τὴν
3264 3390 3446 3462 φωνὴν
3490 3387 3688 3478 αὐτῆς,
3745 3388 3844 3439 διὰ

563 3492 806 3546 ctionem
851 3506 881 3544 a
933 3489 1166 3544 mortuis
1213 3505 1314 3558 pro
1365 3503 1464 3543 sua
1510 3488 1850 3558 benignitate
1901 3487 2132 3557 seipsum

2243 3477 2400 3551 τοῦτο
2440 3496 2677 3565 ἐμίσησα
2705 3493 2896 3561 αὑτήν.
2936 3509 2954 3539 ι
2995 3487 3154 3541 Ἀλλά
3188 3486 3282 3537 καὶ
3326 3483 3444 3544 ταῖς
3476 3481 3530 3531 ἐν
3546 3477 3625 3547 τῷ
3663 3479 3846 3547 κήπῳ

565 3581 956 3644 manifestavit,
977 3581 1168 3635 dicens
1190 3580 1400 3645 :Abite,
1417 3580 1667 3634 nuntiate
1695 3579 1958 3633 fratribus
1984 3579 2132 3643 meis1

2245 3585 2459 3656 γυναιξὶ
2511 3584 2648 3654 μετά
2686 3583 2783 3652 τὴν
2845 3582 2910 3633 ἐκ
2955 3576 3164 3647 νεκρῶν
3195 3573 3488 3627 ἀνάστασιν
3517 3567 3574 3630 ἐξ
3623 3567 3856 3636 ἡμερό-

567 3683 629 3730 ιῐι
656 3675 852 3729 abeant
898 3674 955 3726 in
981 3671 1279 3736 Galilaeam,
1321 3671 1396 3724 ibi
1431 3686 1516 3725 me
1538 3670 1806 3724 videbunt
1831 3669 1902 3722 ⁸ο.
1941 3689 1959 3720 ι
2006 3671 2132 3724 Pro-

2246 3696 2408 3750 τητος
2434 3677 2526 3730 καὶ
2559 3670 2966 3744 φιλανθρωπίας
2992 3665 3182 3721 ἐαυτὸν
3217 3662 3429 3734 ἐμφανῆ
3457 3658 3717 3727 καθίστη,
3756 3658 3850 3710 λέ-

566 3768 742 3823 fectus
795 3767 959 3836 igitur
1006 3766 1062 3819 in
1093 3763 1392 3828 Galilieam,
1441 3769 1502 3816 ut
1541 3769 1598 3816 et
1641 3761 1836 3816 beatus
1891 3761 2059 3815 Jacob
2089 3761 2132 3814 ii:

2247 3788 2380 3842 γων·
2419 3790 2436 3820 ι
2486 3767 2779 3834 Ὑπάγετε,
2796 3759 3165 3830 ἀπαγγείλατε
3187 3759 3296 3818 τοῖς
3319 3753 3564 3821 ἀδελφοῖς
3596 3767 3731 3819 μου,
3754 3750 3850 3803 ἴνα

565 3854 833 3920 Charran,
864 3855 1014 3924 pavit
1034 3869 1165 3908 oves
1195 3852 1404 3916 Laban,
1447 3852 1555 3905 hoc
1580 3858 1665 3905 est
1694 3850 1905 3915 mundi,
1929 3851 2023 3920 qui
2051 3866 2132 3904 co-

2249 3864 2559 3921 ἀπέλθωσιν
2612 3861 2690 3923 εἰς
2719 3857 2817 3928 τὴν
2861 3853 3172 3916 Γαλιλαίαν,
3211 3851 3372 3904 κάκεῖ
3404 3864 3469 3918 με
3525 3845 3787 3915 ὄψονται.
3827 3865 3847 3897 ι

567 3946 715 4002 lebat
745 3953 1046 4010 creaturas,
1089 3953 1252 4014 atque
1275 3943 1518 4007 errabat,
1546 3942 1761 3997 sicutet
1787 3942 1990 3995 Laban.
2009 3941 2132 3996 Cuir

2263 3955 2593 4026 Ἀφιγμένος
2640 3950 2705 4020 δὴ
2739 3945 2831 4002 οὖν
2856 3948 2936 4010 εἰς
2979 3944 3078 4016 τὴν
3118 3941 3425 4004 Γαλιλαίαν,
3472 3935 3618 3990 καθὰ
3660 3936 3776 3990 καὶ
3822 3937 3854 3988 ὁ

565 4037 715 4092 enim
743 4036 818 4090 ibi
849 4043 1014 4102 esset,
1051 4035 1223 4090 veluti
1247 4049 1482 4104 sponsus
1510 4031 1780 4103 quispiam
1826 4032 2132 4102 spiritalitel

2251 4049 2534 4109 θεσπέσιος
2579 4041 2772 4098 Ἰακὼϐ
2797 4039 2876 4103 εἰς
2906 4036 3151 4108 Χαρρὰν,
3192 4033 3474 4102 ἐποίμαινε
3511 4028 3580 4081 τὰ
3617 4028 3855 4096 πρόϐα-

2251 4158 2320 4195 τα
2353 4138 2558 4201 Δάόαν,
2589 4133 2835 4188 τουτέστι
2865 4129 2960 4182 τοῦ
2991 4127 3218 4197 κόσμου,
3251 4123 3347 4178 τοῦ
3361 4124 3438 4192 τῇ
3474 4119 3652 4173 κτίσει
3675 4119 3857 4172 λελα-

571 4217 793 4270 clesiam
817 4232 884 4270 ex
908 4217 1185 4286 gentibus,
1215 4217 1320 4270 hoc
1353 4224 1438 4269 est
1470 4215 1696 4278 Rachel,
1741 4214 2007 4269 inducens
2041 4229 2132 4268 un:

2251 4231 2560 4302 τρευκότος,
2611 4225 2706 4280 καὶ
2762 4219 3204 4290 πεπλανημένον,
3250 4214 3390 4268 καθὰ
3434 4211 3584 4266 καὶὸ
3620 4209 3855 4265 Λάϐαν.

572 4323 697 4362 cum
719 4308 834 4376 ipsa
861 4307 1024 4362 etiam
1057 4323 1178 4362 eam
1213 4322 1333 4376 quae
1357 4314 1516 4360 antea
1549 4321 1648 4374 per
1671 4306 1844 4374 legem
1874 4305 1976 4375 ipsi
2015 4322 2132 4360 con-

2267 4325 2416 4376 Ἐκεῖ
2443 4316 2704 4389 γεγονὼς,
2731 4309 2820 4369 οἷά
2847 4330 2931 4376 τις
2973 4309 3207 4380 νυμφίος
3241 4303 3589 4368 είσοικίζεται
3622 4302 3861 4370 νοητῶς

567 4400 758 4470 juncta
787 4399 1259 4464 erat,Juda:orum
1301 4397 1636 4468 Synagogam
1678 4396 1835 4466 cujus
1871 4403 2029 4466 typus
2071 4411 2129 4449 es

2260 4412 2524 4484 παρθένον
2548 4407 2738 4479 ἁγνὴν,
2768 4406 2865 4476 τὴν
2893 4403 2952 4468 ἐξ
2991 4400 3160 4456 ἐθνῶν
3211 4396 3557 4466 Ἐκκλησίαν,
3582 4394 3860 4446 τουτέστι

573 4490 690 4545 Lia.
728 4509 744 4540 ι
769 4488 998 4545 Salvata:
1025 4490 1173 4545 enim
1209 4497 1340 4544 sunt
1369 4488 1616 4558 reliquiae
1644 4486 1810 4542 Israel
1839 4487 1905 4551 εί,
1937 4507 1954 4538 ι
1997 4489 2132 4558 just:

2269 4501 2493 4572 Ῥαχὴλ,
2517 4497 2853 4564 συνεισάγων
2876 4495 3011 4564 αὐτῇ
3041 4493 3136 4546 καλ⁵
3163 4489 3260 4560 τὴν
3285 4488 3385 4560 ἢδη
3402 4487 3489 4540 διὰ
3504 4485 3669 4555 νόμου
3702 4501 3864 4555 προ-

575 4583 858 4652 propheta:
899 4597 1120 4647 vocem,
1163 4579 1378 4635 etiamsi
1430 4595 1540 4634 non
1572 4578 1826 4632 universa
1857 4579 2132 4634 multitudt

2259 4591 2701 4663 κατεζευγμένην
2728 4588 2900 4659 αὐτῷ,
2927 4587 3026 4657 τὴν
3050 4585 3158 4639 τῶν
3195 4581 3460 4636 Ἰουδαίων
3479 4581 3860 4650 Συναγωγὴν,

574 4673 807 4742 gratiam
848 4672 904 4724 in
931 4672 1152 4726 Christo
1194 4687 1294 4741 per
1344 4670 1505 4724 [idem
1549 4669 1605 4723 in
1643 4670 1822 4738 pretio
1873 4671 2130 4725 habuerit

2257 4683 2324 4756 ἧς
2358 4684 2528 4748 τύπος
2577 4684 2612 4752 ἠ
2646 4680 2798 4735 Λεία.
2859 4697 2878 4732 ι
2915 4677 3191 4732 Σέσωσται
3226 4674 3332 4746 γὰρ
3375 4673 3434 4726 τὸ
3480 4669 3866 4742 κατάλειμμσ,

574 4762 842 4816 Ostensus
876 4762 1059 4830 itaque
1108 4777 1342 4831 Sponsus
1393 4759 1650 4831 gentibus
1696 4759 1970 4826 Christus,
2027 4777 2132 4816 cun

2259 4777 2354 4831 τοῦ
2400 4774 2637 4846 Ἰσραὴλ,
2674 4792 2694 4826 ι
2733 4770 2876 4826 κατὰ
2917 4769 3013 4841 τὴν
3057 4766 3152 4821 τοῦ
3202 4767 3479 4836 προφήτου
3527 4762 3754 4833 φωνὴν,
3811 4765 3868 4817 εί

573 4853 1012 4923 quamplurimos
1051 4861 1428 4923 regenerasset
1457 4854 1628 4923 gratia
1660 4854 1714 4906 in
1746 4852 2063 4908 ﬁliationem
2098 4853 2156 4907 in

575 4946 794 5016 spiritu,
824 4952 880 5000 et
905 4945 1252 5000 rationalium
1296 4961 1556 5016 pecorum
1589 4946 2044 5001 innumerabilem
2069 4961 2158 5000 re—

570 4128 628 4182 in
649 4127 871 4181 domum
913 4141 1068 4180 suam
1114 4124 1418 4204 intrgducit
1459 4124 1726 4193 virginem
1771 4133 1996 4187 castam,
2049 4123 2152 4177 Ec-

2259 4867 2354 4929 καὶ
2407 4867 2482 4938 μὴ
2535 4866 2685 4918 πᾶσα
2736 4861 2896 4932 τυχὸν
2925 4863 2960 4928 ἡ
3004 4858 3211 4928 πληθὺς
3241 4856 3338 4928 τὴν
3375 4855 3463 4910 διὰ
3497 4853 3751 4916 πίστεως
3799 4857 3870 4907 ἐν

2258 4957 2482 5030 Χριστῷ
2533 4956 2796 5027 τετίμηκε
2851 4955 3030 5024 χάριν.
3094 4945 3565 5018 Ἀναδεδειγμένος
3621 4943 3692 5015 δὴ
3758 4943 3871 5001 οὖν

2258 5052 2287 5104 ό
2302 5049 2532 5120 νυμφίος
2549 5046 2703 5117 παρὰ
2719 5046 2830 5108 τοῖς
2856 5044 3065 5098 ἔθνεσιν
3089 5045 3117 5095 ὁ
3131 5039 3386 5114 Χριστὸς,
3417 5038 3512 5091 καὶ
3535 5034 3878 5109 ἀναγεννή-

2261 5158 2360 5204 σας
2395 5143 2459 5211 τῇ
2485 5139 2668 5211 χάριτι
2706 5135 2993 5198 πλείστους
3015 5135 3172 5197 ὅσους
3202 5134 3281 5195 είς
3306 5128 3572 5184 υἱοθεσίαν
3596 5129 3656 5180 ἐν
3675 5129 3878 5183 srvat}-

2262 5250 2413 5305 ματι,
2562 5206 2896 5300 θεὲμμάτων
2920 5225 3152 5296 λογικῶν
3187 5225 3284 5278 οὐκ
3311 5220 3680 5292 εὐαρίθμητον
3705 5220 3881 5293 ἀλη-

2260 5325 2368 5388 θῶς
2417 5322 2677 5394 ἀθροίσας
2723 5320 2946 5390 ἀγέλην,
3001 5314 3232 5387 ἐδιώχθη
3271 5314 3424 5386 παρὰ
3472 5311 3567 5364 τοῦ
3601 5311 3876 5382 κόσμοι».

2259 5415 2686 5487 Πεπολεμήκασι
2717 5415 2827 5483 γὰρ
2857 5415 2923 5484 τῇ
2965 5411 3092 5484 δόξῃ
3136 5407 3373 5480 Χριστοῦ
3411 5405 3520 5458 τῶν
3552 5404 3612 5456 ἐν
3647 5406 3884 5477 κόσμῳ

2261 5509 2405 5573 τινὲς
2431 5507 2529 5572 τὰς
2579 5506 2868 5578 ὑπερτάτω
2912 5504 3080 5574 τιμὰς
3118 5501 3414 5573 ἀνειμένοι,
3464 5497 3559 5552 καὶ
3595 5496 3883 5554 δυσκατ-

576 5073 707 5113 vera
735 5057 1142 5113 multitudinem
1161 5069 1564 5130 congregasset,
1583 5068 1908 5129 persecutus
1929 5067 2013 5114 est
2030 5073 2157 5113 eum

577 5150 838 5204 mundus.
887 5151 1286 5221 Repugnarunt
1333 5151 1481 5204 enim
1538 5165 1920 5220 smpenumero
1969 5150 2158 5220 gloria:

577 5239 782 5294 Christi
805 5240 1027 5308 quidam
1053 5255 1270 5305 eorum,
1293 5240 1388 5310 qui
1415 5240 1471 5294 in
1492 5240 1698 5294 mundo
1734 5239 1946 5309 magnis
1975 5240 2150 5294 hono-

579 5328 738 5384 ribus
777 5346 1098 5399 summaque
1121 5331 1367 5400 potentia
1401 5329 1616 5400 praediti
1643 5337 1820 5384 erant.
1848 5328 1954 5384 Sed
1985 5330 2151 5384 etiam

580 5423 730 5477 hunc
777 5422 1014 5492 placavit
1047 5423 1232 5476 divina
1263 5422 1457 5493 gratia.
1499 5422 1732 5477 Mundus
1781 5437 1913 5477 vero
1963 5437 2152 5491 pacem

579 5527 706 5568 cum
735 5512 955 5569 Christo
981 5513 1127 5579 iniit,
1158 5512 1621 5583 quemadmodum
1642 5523 1699 5569 et
1721 5512 1905 5567 Laban
1922 5528 2046 5568 cum
2068 5511 2157 5567 Ja-

654 5693 700 5729 ⁷⁸
728 5695 862 5752 Gen.
899 5717 1020 5770 xxv,
1049 5701 1135 5756 25.
1215 5705 1259 5734 ⁷⁹
1289 5704 1492 5760 Jcrem.
1539 5723 1630 5771 xu,
1661 5709 1710 5760 7.
1793 5707 1837 5738 ⁸ο
1861 5707 2048 5763 Matth.
2081 5725 2132 5762 x1

2234 5724 2264 5772 ι,
2296 5705 2382 5763 lO.
2475 5704 3051 5770 “Judir.v,15;lsa.
3095 5719 3146 5766 χ,
3178 5699 3288 5765 22;
3326 5697 3486 5752 Rom.
3511 5709 3585 5758 Ix,
3611 5692 3712 5748 27.
