4032 6198
261 176 364 229 261

1259 168 1783 228 GLAPIIYRORUM
1823 172 1888 228 IN
1928 170 2226 229 GENESIM
2260 169 2388 226 LIB.
2433 168 2496 225 ν.

3423 170 3531 229 ἱθθ

263 246 573 359 αγὼνιστον
595 287 689 343 ἐπὶ
721 287 826 356 γῆς
861 286 1159 357 ἐσχηκότες
1193 287 1294 359 τὴν
1326 287 1663 344 δυναστείαν.
1701 288 1855 343 Ἀλλά

1964 288 2091 344 coh.
2126 286 2346 344 Ultimis
2373 303 2505 344 vero
2527 285 2869 358 temporibus
2897 284 3162 340 Dominus
3196 294 3386 342 noster
3434 289 3530 344 Je-

270 383 366 437 καὶ
397 380 595 435 τούτου
624 382 659 450 ἡ
697 378 817 433 θεία
843 376 1197 449 δεδυσύητηκε
1233 380 1412 451 χάρις.
1441 380 1643 451 Συνέδη
1673 381 1731 434 δὲ
1762 381 1856 436 καὶ

266 476 299 529 ό
328 470 539 542 κόσμος
573 470 652 531 είς
675 469 902 540 εἰρήνην
922 466 1168 539 Χριστῷ,
1207 468 1352 523 καθά
1378 470 1472 524 καὶ
1493 472 1520 524 ό
1541 470 1725 525 Δάϐαν
1777 470 1856 542 τῷ

282 562 502 619 Ὶακώὸ.
536 560 679 615 Ἀλλ’
730 561 789 614 ὲν
838 560 1090 631 ὑστέροις
1126 563 1339 631 καιροῖς
1391 564 1420 616 ὁ
1464 562 1667 634 Κύριος
1699 563 1855 633 ἡμῶν

280 653 495 722 Ἰησοῦς
539 652 775 724 Χριστὸς
824 652 919 706 καὶ
966 651 1128 706 αὑτὸν
1178 652 1519 707 οἰκειώσεται
1563 653 1656 708 τὸν
1691 653 1855 708 πάλαι

267 742 509 815 διώκτην
552 742 790 813 Ἰσραὴλ,
821 742 1073 813 καθάπερ
1106 743 1298 813 ἀμέλει
1343 745 1439 799 καλ⁹
1482 747 1510 798 ὁ
1538 744 1736 799 Ἰακὼό
1762 744 1857 799 τδν

284 834 484 902 Ἠσαῦ,
516 834 657 905 μετά
679 833 778 904 τὴν
801 835 867 886 ὲκ
894 834 992 905 τῆς
1014 835 1241 907 Χαρρὰν
1278 836 1533 890 ἐπάνοδον
1558 837 1854 907 ἠσπάζετο.

274 926 400 980 Ὅτι
428 925 541 997 γὰρ
586 925 990 995 είσδεχθήσεται
1037 925 1175 995 μετά
1227 927 1449 997 καιροὺς
1492 928 1588 981 καὶ
1623 927 1785 992 αὐτὸς
1829 928 1859 982 ὁ

272 1016 498 1088 Ἰσραὴλ
527 1018 609 1080 είς
638 1017 921 1087 ἀγάπησιν
968 1017 1069 1089 τὴν
1093 1016 1186 1070 ἐπὶ
1218 1018 1439 1089 Χριστῷ
1483 1017 1571 1074 διὰ
1598 1019 1854 1087 πίστεως,

271 1109 656 1178 ἐνδοιάσαιμεν
703 1108 773 1162 ἀν
819 1108 1022 1177 ἥκιστά
1066 1124 1130 1177 γε
1181 1112 1291 1173 τοῖς
1340 1109 1439 1180 τῆς
1499 1109 1857 1166 θεοπνεύστου

271 1199 511 1269 Γραφῆς
540 1198 781 1263 εἴκοντες
816 1198 1015 1267 λόγοις.
1052 1192 1196 1272 Ἔφη
1225 1201 1332 1272 γάρ
1371 1218 1473 1255 που
1506 1202 1572 1255 δι’
1595 1202 1713 1266 ἑνὸς
1750 1202 1858 1255 τῶν

271 1290 454 1357 ἁγίων
484 1289 779 1359 προφητῶν
805 1290 833 1341 ό
859 1288 965 1343 τῶν
992 1289 1130 1344 ὅλων
1176 1291 1475 1361 Δεσπότης·
1506 1311 1524 1344 ι
1556 1293 1701 1346 Διότι
1723 1292 1858 1364 ἠμέ-

272 1403 382 1458 ρας
403 1384 607 1448 πολλὰς
630 1384 941 1438 καθίσονται
964 1385 1013 1437 οἱ
1047 1385 1153 1438 υίοὶ
1184 1384 1423 1456 Ἰσραὴλ,
1453 1386 1554 1440 οὑκ
1579 1386 1729 1450 δντος
1760 1386 1856 1457 βα-

273 1476 499 1541 σιλέως,
529 1475 648 1529 οὐδὲ
676 1474 829 1538 ὄντος
865 1473 1144 1546 ἄρχοντος,
1171 1475 1272 1528 οὐκ
1303 1473 1470 1546 οὔσης
1495 1476 1701 1541 θυσίας,
1737 1476 1859 1530 οὐδὲ

270 1567 429 1629 δντος
457 1565 863 1635 θυσιαστηρίου,
898 1564 1022 1618 οὕτε
1065 1565 1357 1636 ίερατείας,
1393 1565 1515 1621 οῦτε
1538 1567 1733 1639 δήλων,
1766 1568 1857 1622 καὶ

1957 394 2052 436 sus
2090 380 2345 436 Christus
2369 380 2537 435 etiam
2572 388 2815 434 veterem
2842 384 3254 448 persecutorem
3276 377 3531 437 Israeiem

1956 472 2061 528 sibi
2085 471 2421 535 conciliabit,
2446 468 2908 541 quemadmodum
2933 478 2989 524 et
3011 468 3178 524 Jacob
3208 469 3373 535 Esau,
3408 481 3533 535 post

1957 563 2195 617 reditum
2227 577 2297 617 ex
2317 560 2583 626 Charran,
2604 560 2886 615 osculatus
2910 557 3188 624 εει,ουοά
3208 559 3354 614 enim
3388 562 3531 616 reci-

1956 653 2191 723 piendus
2221 652 2293 708 sit
2324 666 2584 707 successu
2618 650 2879 722 temporis
2897 650 3065 704 etiam
3094 649 3209 720 ipse
3262 649 3427 706 Israel
3460 651 3531 706 ad

1957 743 2304 800 dilectionem
2358 744 2416 798 in
2466 743 2686 799 Christo
2734 757 2834 812 per
2880 740 3063 806 ﬁdem,
3095 756 3259 796 nemo
3310 742 3531 811 quidem

1958 837 2244 904 dubitarit,
2294 852 2462 892 sacra:
2507 835 2804 904 Scriptura:
2853 833 3189 888 auscultans.
3242 832 3334 887 Ait
3382 835 3531 889 enim

1957 929 2162 984 alicubi
2227 928 2611 983 universorum
2678 925 2944 981 Dominus
3003 940 3100 995 per
3166 940 3361 980 vocem
3421 941 3532 981 cu-

1952 1018 2175 1091 jusdam
2222 1018 2555 1089 prophetae:
2614 1036 2632 1069 ι
2686 1015 2825 1082 Quia
2882 1015 3079 1071 diebus
3122 1016 3313 1070 multis
3370 1017 3532 1073 sede-

1958 1112 2100 1166 bunt
2122 1109 2219 1164 lilii
2251 1110 2413 1166 Israel
2438 1125 2548 1165 non
2567 1109 2863 1164 exsistente
2888 1124 3035 1180 rege,
3056 1124 3234 1180 neque
3260 1110 3530 1181 principe,

1963 1202 2119 1273 163
2143 1216 2321 1271 neque
2361 1201 2655 1257 exsistente
2696 1198 2985 1265 sacriﬁcio,
3021 1208 3200 1270 neque
3235 1202 3533 1263 exsistente

1958 1295 2138 1357 altari,
2174 1309 2354 1363 neque
2388 1292 2716 1357 sacerdotio,
2752 1306 2928 1362 neque
2968 1292 3404 1348 manifestatione
3432 1312 3445 1347 :
3476 1302 3535 1349 et

1957 1392 2083 1454 post
2110 1384 2226 1439 haec
2255 1393 2606 1457 revertentur
2641 1383 2737 1437 ﬁlii
2774 1382 2958 1446 lsrael,
2993 1390 3049 1437 et
3073 1368 3317 1452 quaedem
3346 1384 3532 1440 Domi-

1957 1491 2090 1530 num
2117 1475 2290 1530 Deum
2327 1489 2509 1539 suum,
2556 1484 2613 1530 et
2643 1472 2813 1529 David
2857 1488 3040 1543 regem
3080 1488 3260 1539 suum,
3305 1484 3361 1531 et
3406 1490 3533 1546 spe-

1959 1566 2158 1621 rabunt
2202 1566 2254 1621 in
2305 1566 2535 1621 Domino
2573 1573 2630 1621 et
2669 1566 2725 1620 in
2767 1565 2928 1620 bonis
2968 1566 3086 1636 ejus
3140 1564 3194 1619 in
3235 1565 3538 1623 novissimo

275 1657 423 1728 μετά
468 1655 642 1710 ταῦτα
671 1630 1089 1727 ἑπιστρέψουσιν
1119 1630 1177 1710 οἱ
1205 1657 1313 1710 υἱοὶ
1343 1630 1855 1730 Ίσραὴλίκαὶψέπι-

1956 1655 2171 1711 dierum
2194 1654 2262 1709 ⁸³.
2293 1674 2312 1707 ι
2378 1655 2678 1727 Colligente
2738 1656 2885 1711 enim
2939 1630 3120 1712 adhuc
3171 1671 3237 1710 ex
3279 1657 3541 1727 gentibus

271 1750 580 1820 ζητήσουσι
602 1747 807 1819 Κύριον
828 1748 919 1801 τὸν
942 1748 1073 1802 Θεδν
1104 1749 1305 1816 αὐτῶν,
1341 1750 1437 1804 καὶ
1455 1751 1625 1805 Δασιδ
1648 1751 1741 1804 τὸν
1767 1751 1858 1822 βα-

274 1842 433 1896 ct‘Aéa
470 1840 700 1905 ἑαυτῶν,
728 1841 824 1894 καὶ
849 1839 1162 1895 ὲλπίσονται
1187 1841 1280 1893 ἐπὶ
1302 1840 1381 1912 τῷ
1413 1842 1731 1913 Κυρίῳ,καὶ
1762 1842 1858 1896 ἐπὶ

260 1934 392 1996 ’τοῖς
422 1930 651 2000 ἀγαθοῖς
679 1930 842 1985 αὑτοῦ
865 1932 951 1985 ἐπ’
972 1931 1204 2002 ὲσχάτου
1238 1932 1481 2003 ἡμερῶν.
1519 1951 1538 1985 ι
1565 1932 1857 2003 Συλλέγον-

269 2041 371 2089 τος
405 2025 516 2094 γὰρ
546 2024 628 2077 ἔτι
657 2025 785 2088 τοὺς
813 2024 871 2090 ἐξ
920 2024 1093 2078 ὲθνῶν
1114 2024 1547 2089 πεπιστευκότας
1577 2025 1674 2079 τοῦ
1719 2026 1852 2080 πάν-

269 2119 388 2171 των
447 2116 607 2187 ἡμῶν
646 2117 900 2187 Σωτῆρος
948 2115 1211 2188 Χριστοῦ,
1264 2117 1622 2188 κατηρέμησέ
1674 2134 1791 2181 πως
1829 2119 1858 2171 ὁ

285 2208 529 2280 Ἰσραὴλ,
544 2209 605 2262 ού
625 2209 786 2278 νόμον
808 2206 946 2277 ἔχων
978 2208 1086 2263 τῶν
1106 2208 1399 2280 πρακτέων
1419 2195 1508 2261 τὸν
1528 2208 1854 2280 βραϐευτὴν,

269 2301 341 2356 οὐ
366 2298 446 2371 τῷ
476 2298 605 2371 θείῳ
629 2299 1002 2371 θυσιαστηρίῳ
1030 2299 1098 2353 τὰ
1118 2300 1483 2370 νενομισμένα
1510 2300 1854 2371 προσφέρων·

268 2393 592 2464 περιμένων
604 2391 685 2456 δὲ,
703 2390 893 2462 ὥσπερ
920 2395 983 2444 ἐκ
1008 2390 1106 2461 τῆς
1127 2390 1235 2444 τῶν
1266 2391 1434 2445 ἐθνῶν
1454 2392 1696 2463 κλήσεως
1724 2392 1857 2445 ύπο-

269 2486 586 2555 στρέφοντα
609 2482 868 2554 Χριστὸν,
899 2482 993 2536 ἐπὶ
1034 2482 1095 2536 τὸ
1123 2484 1321 2553 χρῆναι
1355 2482 1539 2537 λοιπὸν
1566 2484 1662 2537 καὶ
1696 2484 1857 2537 αὐτὸν

265 2576 370 2631 διὰ
394 2576 630 2639 πίστεως
671 2573 1086 2640 είσοικίσασθαι,
1110 2575 1204 2627 καὶ
1229 2573 1303 2645 τῷ
1338 2574 1437 2645 τῆς
1470 2575 1691 2647 ἀγάπης
1710 2576 1858 2647 νόμῳ

267 2668 566 2740 ρννονουχὶ
598 2668 692 2721 καὶ
718 2665 981 2737 συνθῆσαι
1009 2668 1125 2729 τοῖς
1156 2666 1358 2730 ἄλλοις.
1399 2667 1682 2738 Ἐπιτήρει
1725 2669 1855 2738 γὰρ,

265 2761 362 2816 ὃτι
386 2760 596 2831 χαίρων
627 2760 723 2812 ἐπὶ
750 2759 958 2811 τέκνων
987 2762 1193 2827 γοναῖς,
1237 2758 1332 2812 καὶ
1362 2758 1584 2822 πολλαῖς
1612 2758 1860 2830 θρέμμα-

263 2870 385 2906 των
412 2852 659 2919 ἀγέλαις,
715 2850 1047 2921 ὑποστρέφει
1099 2851 1198 2921 μὲν
1247 2852 1313 2905 ὲκ
1364 2852 1594 2923 Χαρρὰν
1637 2849 1854 2918 Ἰακὼϐ,

262 2945 553 3016 ἐκδέχεται
597 2944 653 2997 δὲ
681 2944 823 2997 οὕτω
842 2943 1026 2997 λοιπὸν
1056 2946 1150 2998 καὶ
1176 2944 1337 2998 αὑτὸν
1357 2946 1435 3008 είς
1468 2944 1748 3017 ἀγάπησιν
1765 2944 1856 2998 τὸν

272 3037 484 3092 Ἡσαῦ.
544 3037 893 3108 Ἐπιστρέψει
925 3037 1107 3091 τοίνυν
1146 3036 1287 3092 κατά
1321 3038 1547 3107 καιροὺς
1588 3037 1726 3108 μετά
1754 3038 1855 3109 τὴν

261 3130 383 3184 τῶν
405 3128 582 3183 ἐθνῶν
608 3130 799 3198 κλῆσιν
828 3132 857 3183 ὁ
886 3128 1122 3200 Ἰσραὴλ,
1144 3128 1239 3183 καὶ
1268 3128 1429 3182 αὑτὸν
1450 3128 1506 3181 δὲ
1527 3127 1617 3182 τὸν
1638 3129 1695 3181 ὲν
1716 3129 1855 3200 Χρι-

264 3222 387 3293 στῷ
419 3220 648 3276 πλοῦτον
673 3221 961 3292 θαυμάσει.
1000 3222 1217 3275 Ἐνεστι
1237 3219 1349 3291 γάρ
1372 3219 1605 3285 εὐκόλως
1631 3220 1719 3274 διὰ
1747 3220 1856 3274 τῶν

265 3316 570 3388 ίστορικῶς
586 3313 991 3386 πεπραγμένων
1020 3314 1114 3366 καὶ
1140 3311 1299 3365 τοῦτο
1326 3311 1459 3365 αὐτὸ
1483 3314 1593 3376 τοῖς
1613 3312 1853 3366 ἐθέλουσι

264 3406 589 3478 καταθρείν.
628 3404 973 3459 Ἀπέστειλεν
1002 3403 1198 3457 Ἰακὼὸ
1241 3403 1391 3469 ξένια
1423 3402 1500 3475 τῷ
1541 3402 1711 3458 Ἠσαῦ
1756 3421 1854 3475 με-

264 3499 515 3562 τατιθεὶς
544 3500 624 3561 είς
657 3496 957 3568 ἀγάπησιν,
1000 3496 1095 3549 κα)⁵
1125 3496 1243 3559 ταῖς
1280 3494 1390 3548 τῶν
1436 3494 1623 3565 δώρων
1650 3495 1856 3565 φιλοτι-

270 3590 448 3661 μίαις.
501 3586 943 3660 Πῳσαπέστειλε
989 3586 1047 3640 δὲ
1094 3587 1191 3640 καὶ
1233 3585 1498 3655 ἀγγέλους
1544 3587 1857 3659 εἰρηνικοὺς

268 3682 407 3752 πρὸς
434 3679 603 3733 αὑτὸν
637 3677 881 3748 ἐρῶντας
925 3676 1139 3746 λόγους.
1170 3677 1282 3730 Kal
1321 3677 1403 3730 ὅτι
1437 3676 1728 3748 παρέσται,
1760 3674 1856 3729 καὶ

268 3774 368 3826 οὐκ
396 3774 479 3835 εἰς
520 3769 743 3842 μακρὰν
774 3767 846 3822 τὰ
882 3770 962 3833 εἰς
993 3766 1174 3838 φιλίαν
1206 3766 1386 3822 αὐτῶν
1422 3769 1853 3839 καταστήσοντα,

270 3865 502 3935 ἐναργὲς
528 3861 892 3932 ἀποπεραίνει
922 3859 1064 3915 κατά
1093 3859 1317 3931 καιροὺς
1350 3859 1444 3913 καὶ
1476 3857 1636 3913 τοῦτο
1667 3861 1696 3913 ό
1719 3860 1854 3931 Χρι-

270 3956 417 4021 στός.
450 3956 596 4025 Ἔφη
627 3953 743 4025 γάρ
775 3969 878 4005 που
904 3951 1042 4023 πρὸς
1077 3936 1368 4015 Ἰουδαίους
1396 3950 1483 4004 διά
1504 3951 1687 4022 φωνῆς
1720 3968 1855 4020 προ-

270 4047 467 4116 φήτου·
500 4062 521 4096 ι
551 4043 663 4098 Καὶ
696 4043 829 4108 ἰδοῦ,
882 4040 994 4110 ἐγὼ
1042 4040 1326 4096 ἀποστελῶ
1374 4041 1501 4111 ύμῖν
1538 4041 1723 4093 Ἠλίαν
1764 4041 1855 4094 τδν

269 4136 561 4207 Θεσὸίτην,
593 4135 725 4206 πρὶν
766 4133 939 4188 ἐλθεῖν
981 4133 1080 4207 τὴν
1127 4133 1340 4206 ἡμέραν
1380 4132 1590 4205 Κυρίου
1628 4131 1726 4203 τὴν
1762 4147 1857 4202 με·

270 4230 443 4302 γαλην
477 4230 575 4282 καὶ
601 4227 867 4299 ἐπιφανῆ.
896 4228 992 4291 Ὃς
1018 4226 1462 4296 ἀποκαταστήσει
1494 4222 1720 4296 καρδίαν
1746 4240 1855 4276 πα-

1955 1744 2248 1801 credentes
2283 1747 2528 1800 omnium
2561 1753 2811 1801 nostrum
2843 1745 3125 1802 Salvatore
3156 1746 3398 1813 Christo,
3434 1748 3534 1804 de-

1955 1845 2138 1892 sertus
2174 1844 2261 1892 est
2295 1838 2700 1908 quodammodo
2738 1838 2925 1904 Israel,
2953 1855 3063 1894 non
3095 1840 3268 1910 legem
3303 1839 3532 1909 habens,

1953 1926 2335 1984 faciendorum
2372 1928 2716 1999 magistrum,
2742 1946 2850 1984 non
2890 1930 3076 1984 divino
3105 1930 3259 1985 altari
3291 1946 3412 2002 quae
3452 1932 3535 1988 le-

1954 2018 2116 2088 gibus
2152 2018 2360 2074 sancita
2391 2026 2541 2082 sunt,
2580 2017 2849 2084 offerens;
2892 2027 3215 2089 exspectans
3238 2035 3370 2076 vero
3394 2036 3533 2091 quo-

1956 2108 2249 2164 dammodo
2281 2124 2349 2164 ex
2387 2108 2630 2180 gentium
2659 2109 2945 2165 vocatione
2978 2120 3344 2167 revertentem
3373 2110 3536 2167 Chri-

1955 2207 2123 2265 stum,
2164 2210 2223 2256 ut
2254 2201 2433 2272 ipsum
2461 2202 2626 2257 etiam
2650 2202 2909 2272 deinceps
2941 2218 3038 2273 per
3075 2201 3237 2258 ﬁdem
3281 2204 3535 2260 introdu-

1956 2301 2063 2359 cat,
2092 2300 2147 2347 et
2176 2293 2488 2349 dilectionis
2531 2294 2649 2365 lege
2686 2302 2900 2349 tantum
2931 2310 3041 2348 non
3076 2295 3199 2350 aliis
3225 2306 3531 2353 connectat.

1954 2382 2345 2438 Animadverte
2372 2383 2521 2437 enim
2551 2383 2698 2453 quod
2739 2383 2983 2455 gaudens
3006 2382 3075 2437 de
3102 2382 3339 2440 ﬁliorum
3368 2401 3534 2457 gene-

1957 2476 2202 2543 ratione,
2251 2476 2429 2544 deque
2458 2506 2467 2513 -
2498 2476 2687 2531 multis
2744 2492 3004 2546 pecorum
3051 2478 3343 2549 gregibus,
3394 2479 3537 2534 redit

1955 2568 2178 2638 quidem
2215 2584 2281 2621 ex
2312 2566 2558 2622 Charran
2596 2567 2786 2632 Iacob,
2828 2569 3037 2638 recepit
3066 2584 3200 2624 vero
3243 2569 3347 2625 hoc
3375 2581 3536 2640 pacto

1956 2658 2215 2729 deinceps
2240 2660 2293 2713 in
2323 2659 2620 2715 amicitiam
2661 2675 2813 2713 suam
2844 2660 3008 2714 Esau.
3038 2659 3403 2715 Convertetur
3430 2662 3534 2716 ita-

1956 2765 2063 2820 que
2101 2750 2431 2805 succedente
2466 2758 2709 2819 tempore
2748 2750 2914 2805 Israel
2946 2759 3064 2819 post
3101 2751 3344 2821 gentium
3374 2769 3534 2808 voca-

1958 2840 2183 2906 tionem,
2224 2840 2478 2909 ipsasque
2517 2838 2573 2892 in
2617 2837 2838 2893 Christo
2884 2839 3107 2895 divitias
3151 2840 3531 2896 admirabitur.

1958 2932 2138 2987 Facile
2170 2932 2319 2986 enim
2359 2930 2529 2985 fuerit
2562 2937 2618 2984 et
2653 2929 2757 2985 hoc
2784 2946 2852 2986 ex
2878 2930 2946 2987 iis
2970 2948 3091 3002 qua:
3120 2933 3380 2990 historice
3415 2942 3536 2989 acta

1957 3031 2107 3085 sunt,
2142 3020 2466 3091 intelligere.
2500 3019 2646 3075 Misit
2677 3020 2845 3076 Iacob
2878 3022 2944 3076 ad
2974 3023 3117 3078 Esau
3147 3040 3392 3088 munera,
3420 3025 3534 3095 ipsa

1955 3113 2121 3168 etiam
2164 3127 2455 3166 munerum
2508 3111 2910 3182 magniﬁcentia
2954 3114 3023 3169 ad
3075 3131 3315 3170 amorem
3360 3126 3537 3171 trans-

1956 3204 2157 3261 ferens.
2183 3204 2329 3258 Misit
2350 3203 2516 3258 etiam
2544 3204 2789 3271 nuntios,
2811 3204 2904 3274 qui
2931 3205 3172 3275 paciﬁcis
3196 3207 3378 3262 verbis
3408 3224 3535 3263 eum

1956 3294 2369 3365 compcllarent.
2404 3294 2561 3361 Quod
2600 3310 2733 3349 vero
2771 3295 3027 3351 adfutura
3064 3298 3175 3352 sint
3210 3314 3388 3369 neque
3425 3309 3535 3355 tar—

1956 3385 2155 3440 datura
2197 3400 2263 3439 ea
2303 3400 2424 3455 quae
2459 3401 2555 3441 eos
2593 3385 2661 3441 ad
2695 3386 2994 3442 amicitiam
3022 3403 3358 3445 conversura
3386 3400 3536 3457 sunt,

1956 3474 2209 3531 Christus
2264 3475 2380 3546 ipse
2427 3484 2737 3546 opportune
2791 3478 3143 3534 manifestum
3198 3480 3345 3535 facit.
3397 3481 3540 3537 Dicit

1956 3567 2102 3621 enim
2131 3565 2333 3622 alicubi
2354 3567 2421 3621 ad
2443 3567 2661 3623 Iudaeos
2679 3584 2777 3637 per
2796 3584 2985 3624 vocem
3002 3569 3284 3640 prophetae
3309 3589 3323 3625 :
3351 3590 3370 3623 ι
3397 3571 3539 3627 Ecce

1957 3674 2059 3729 ego
2098 3658 2311 3713 mittam
2348 3659 2506 3714 vobis
2542 3659 2716 3713 Eliam
2747 3659 3086 3727 Thesbitem,
3114 3669 3407 3732 antequam
3440 3678 3538 3717 ve-

1957 3751 2074 3805 niat
2099 3750 2217 3805 dies
2245 3751 2461 3805 Domini
2504 3765 2699 3821 magna
2734 3758 2790 3804 et
2826 3751 3075 3805 illustris.
3112 3750 3217 3817 Qui
3253 3760 3537 3808 convertet

1957 3857 2054 3899 cor
2087 3844 2259 3914 patris
2307 3843 2374 3897 ad
2404 3842 2600 3907 ﬁlium,
2626 3852 2683 3898 et
2715 3858 2810 3897 cor
2836 3843 3075 3897 hominis
3117 3842 3185 3896 ad
3226 3843 3533 3911 proximum

1957 3949 2141 3999 suum,
2183 3949 2252 3988 ne
2304 3932 2446 3987 forte
2493 3930 2722 3999 veniens
2768 3931 3072 4000 percutiam
3126 3940 3328 3985 terram
3384 3932 3537 4002 peni-

1958 4034 2047 4082 tus
2074 4027 2141 4081 ⁸³.
2174 4044 2193 4077 ι
2236 4026 2328 4080 Ille
2369 4039 2495 4079 cum
2535 4024 2771 4088 venerit,
2806 4023 3056 4105 reducet,
3093 4032 3153 4078 ut
3183 4040 3281 4095 par
3302 4034 3405 4091 est,
3447 4025 3535 4081 in-

1958 4115 2297 4173 tractabilem
2327 4113 2605 4178 Israelem,
2631 4121 2696 4168 et
2724 4129 2754 4168 a
2781 4113 2954 4168 veteri
2995 4114 3075 4170 ira
3119 4114 3375 4181 abducet,
3402 4116 3538 4171 ami-

1957 4245 2193 4300 cumque
2243 4228 2436 4283 reddet
2481 4236 2537 4283 et
2579 4228 2865 4297 paciﬁcum
2902 4227 3143 4293 Christo,
3177 4237 3388 4285 tantum
3425 4247 3536 4287 non

182 4991 225 5010 -,
269 4963 382 5035 γὰρ
419 4963 500 5025 εἰς
531 4962 707 5032 μῆκος
751 4960 831 5015 ἔτι
864 4960 1071 5033 καιρῶν
1101 4959 1169 5013 τά
1198 4959 1300 5029 τῆς
1342 4957 1677 5027 ἐπαγγελίας
1709 4959 1860 5031 οἰχή-

268 4324 397 4393 τρὸς
425 4320 565 4391 πρὸς
590 4319 726 4385 υἱὸν,
744 4320 840 4373 καὶ
864 4318 1093 4391 καρδίαν
1121 4316 1409 4390 ἀνθρώπου
1438 4315 1576 4387 πρὸς
1604 4314 1696 4369 τὸν
1724 4313 1855 4385 πλη-

1959 4320 2249 4392 prmsentia
2274 4319 2570 4375 ostendens
2591 4319 2764 4389 ipsius
2787 4319 3133 4375 liberalitatis
3156 4335 3404 4386 munera,
3430 4321 3538 4378 hoc

271 4414 386 4467 σίσν
402 4412 592 4479 αὐτοῦ,
624 4411 701 4485 μὴ
730 4410 899 4467 item
928 4410 1157 4477 πατάξω
1182 4409 1280 4482 τὴν
1302 4409 1405 4481 γῆν
1433 4408 1621 4479 ἄρδην.
1637 4426 1656 4459 ι
1676 4406 1852 4459 Ἐκεῖ-

1958 4423 2064 4479 est,
2088 4412 2428 4469 credentium
2466 4427 2638 4483 spem.
2662 4413 2852 4483 Neque
2873 4411 3019 4467 enim
3052 4411 3108 4466 in
3133 4411 3532 4483 longitudinem

274 4522 361 4567 νος
390 4504 561 4559 ἐλθὼν
592 4502 845 4576 ἐντρέψει
880 4520 984 4574 μου
1008 4500 1223 4556 κατὰτὸ
1250 4500 1396 4563 εἰκὸς
1417 4499 1508 4554 τὸν
1533 4497 1851 4568 δυσάγωγον

1961 4502 2226 4573 temporis
2264 4502 2649 4574 prorogabitur
2686 4500 3069 4573 promissionis
3098 4500 3308 4556 fructus
3338 4501 3407 4557 iis
3438 4503 3533 4572 qui

274 4595 513 4668 Ἰσραὴλ,
542 4598 849 4667 ἀποστήσει
879 4594 979 4664 τῆς
1007 4593 1237 4665 ἀρχαίας
1265 4592 1455 4664 ὀργῆς,
1494 4591 1645 4663 φίλον
1678 4608 1851 4645 κατα-

1958 4604 2091 4651 tunc
2114 4594 2467 4662 crediderint,
2493 4594 2590 4650 sed
2627 4593 2937 4665 propinqua
2961 4594 3069 4650 erit
3092 4593 3402 4660 retributio,
3438 4594 3535 4650 ob-

273 4690 535 4742 σκευάσει
588 4689 684 4741 καὶ
730 4684 1007 4758 εἰρηνικὸν
1036 4683 1112 4755 τῷ
1148 4681 1391 4756 Χριστῷ,
1421 4684 1705 4754 μονονουχὶ
1756 4684 1852 4735 καὶ

1956 4687 2154 4756 viaque
2198 4686 2393 4757 gratia,
2433 4686 2639 4741 abolito
2676 4686 2899 4757 quidem
2938 4686 3121 4741 statim
3154 4684 3271 4741 ﬁlio
3299 4686 3531 4755 peccati,

272 4778 516 4850 παρόντα
551 4778 816 4831 δεικνύων
867 4775 967 4846 τῆς
1020 4776 1153 4847 παρ’
1200 4772 1366 4829 αὐτοῦ
1425 4773 1735 4847 φιλοτιμίας
1781 4773 1852 4828 τὰ

1959 4777 2327 4835 descendente
2353 4793 2484 4833 vero
2521 4793 2647 4834 cum
2684 4778 2891 4850 angelis
2914 4793 2982 4834 ex
3004 4778 3144 4834 caelo
3165 4779 3409 4834 omnium
3435 4795 3541 4834 no-

270 4870 447 4938 ‘gé'ua,
502 4871 770 4936 τουτέστι,
819 4869 917 4941 τὴν
953 4868 1062 4923 τῶν
1117 4867 1482 4923 πιστευόντων
1532 4866 1741 4922 ἐλπίδα.
1778 4868 1851 4922 Οὐ

1961 4880 2136 4926 strum
2155 4868 2432 4924 Salvatore
2455 4868 2696 4933 Christo,
2717 4886 2817 4940 per
2838 4885 3003 4940 quem
3041 4879 3098 4925 et
3122 4885 3246 4924 cum
3272 4885 3383 4939 quo
3418 4868 3534 4939 glo-

1958 4963 2040 5017 ria
2064 4960 2213 5017 Patri
2241 4976 2366 5018 cum
2394 4970 2585 5017 sancto
2625 4961 2834 5033 Spiritu
2868 4962 2926 5017 in
2956 4961 3153 5018 saecula
3183 4960 3529 5016 saeculorum.

270 5071 428 5108 σεται
445 5056 556 5117 τοῖς
567 5052 821 5123 τηνικάδε
840 5051 1208 5117 πιστεύουσιν,
1226 5050 1360 5105 ἀλλά
1379 5051 1574 5120 γείτων
1597 5053 1629 5122 ἡ
1655 5050 1856 5123 δωρεὰ,
1960 5054 2156 5108 Amen.

273 5149 367 5203 καὶ
400 5147 540 5200 κατά
580 5146 747 5210 πόδας
769 5147 804 5215 ἡ
835 5147 1013 5218 χάρις.
1055 5143 1517 5215 Καταργουμένου
1554 5142 1653 5213 μὲν
1687 5144 1849 5207 εὐθὺς
1883 5144 1979 5199 τοῦ
2046 5145 2145 5216 τῆς
2176 5143 2451 5213 ἁμαρτίας
2497 5144 2635 5210 υἱοῦ,
2701 5143 3135 5214 καταφοιτῶντος
3163 5142 3221 5197 δὲ
3249 5141 3384 5214 μετὰ
3420 5142 3533 5196 τῶν

269 5240 451 5308 ἀ;ίων
474 5239 722 5308 ἀγγέλων
752 5238 811 5303 ἐξ
839 5237 1069 5307 οὐρανοῦ
1107 5236 1201 5290 τοῦ
1233 5236 1448 5290 πάντων
1504 5235 1663 5307 ἡμῶν
1697 5237 1952 5307 Σωτῆρος
2013 5234 2271 5307 Χριστοῦ,
2319 5236 2385 5290 δι’
2425 5232 2488 5294 οῦ
2536 5237 2632 5293 καὶ
2695 5236 2815 5310 μεθ’
2856 5227 2919 5291 οὗ
2958 5234 3038 5308 τῷ
3075 5234 3250 5310 Πατρὶ
3304 5234 3339 5307 ἡ
3399 5230 3532 5299 δόξα

270 5337 373 5391 οἱον
407 5335 549 5407 ἁγίῳ
590 5332 872 5403 Πνεύματι
912 5334 993 5397 εἰς
1035 5334 1161 5396 τοὺς
1204 5329 1405 5393 αἰῶνας
1454 5329 1561 5384 τῶν
1612 5329 1847 5386 αἰώνων.
1887 5331 2085 5404 Ἀμήν.

379 5585 429 5617 ⁸’
460 5584 500 5637 ll
530 5584 688 5644 Para.
723 5602 813 5653 xv,
846 5581 939 5648 55;
965 5582 1105 5638 Osce
1134 5596 1210 5646 ιιι,
1254 5581 1302 5646 4,
1334 5580 1383 5635 5.
1458 5580 1502 5610 ³³
1532 5579 1762 5634 Μιιιιιρίι.
1793 5596 1861 5645 ιγ,
1913 5579 1966 5643 5,
2010 5579 2064 5633 6.
