4032 6198
543 246 654 305 263

988 319 1150 427 165|
1185 353 1367 409 Adhuc
1401 355 1466 407 de
1500 354 1686 409 Iacob.

1581 244 1636 300 S.
1671 241 1968 299 CYRILLI'
1989 239 2459 298 ALEXANDRINI
2489 239 2784 295 ARCHlEP
2809 284 2813 288 .

3699 245 3800 302 261

2662 350 2792 402 Ἔτι
2828 345 2961 416 περὶ
2998 346 3105 401 τοῦ
3156 345 3381 402 Ἰἀκὼὅ.

617 466 670 520 1.
711 463 886 534 Lapsa
914 463 1137 534 quidem
1170 475 1256 519 est
1288 465 1526 518 humana
1560 474 1758 520 natura
1792 479 1891 534 per
1928 478 2119 534 pecca-

2305 469 2372 516 a'.
2446 456 2748 530 Κατῴχετο
2802 459 2902 531 μὲν
2941 459 2974 528 ἡ
3019 457 3307 530 ἀνθρώπου
3350 459 3511 528 φύσις
3568 458 3657 513 διὰ
3709 459 3806 531 τῆς

543 566 664 612 tum
705 557 760 610 in
794 563 1047 610 mortem.
1081 555 1219 611 Cum
1243 572 1374 612 vero
1401 557 1454 610 in
1489 558 1809 612 universum
1846 557 1914 611 ab
1938 572 2006 611 eo
2028 556 2125 626 qui

545 650 756 704 salvare
778 647 949 710 novit,
969 647 1243 702 alienatus
1260 656 1426 713 esset,
1441 650 1776 719 'maneipium
1795 658 2006 703 tantum
2021 663 2131 702 non

542 751 629 794 est
667 739 916 802 effectus,
942 738 1038 806 qui
1082 739 1148 791 ad
1189 738 1431 792 divinam
1474 739 1765 810 imaginem
1791 739 1964 794 factus
1987 746 2126 803 erat,

543 829 974 900 gravissimeque
1019 830 1304 885 servitutis
1336 830 1580 900 pondere
1623 847 1939 902 oppressus.
1981 830 2126 886 Sub-

542 921 683 975 didit
716 921 862 975 enim
891 921 1163 976 cervicem
1191 922 1408 976 etiamsi
1439 937 1548 976 non
1571 923 1750 978 libens
1775 933 2004 994 tyranno
2027 922 2127 977 Sa-

541 1017 704 1073 tanae,
729 1010 822 1080 qui
872 1026 982 1080 pra:
1029 1010 1235 1080 ingenti
1265 1012 1525 1082 superbia
1554 1011 1836 1084 (arrogans
1862 1012 2011 1066 enim
2037 1027 2130 1067 su-

541 1115 639 1172 pra
674 1101 896 1155 modum
927 1108 1012 1156 est
1039 1102 1269 1172 spiritus
1300 1102 1496 1172 malus)
1537 1103 1798 1158 adversus
1829 1119 2041 1169 omnes,
2067 1113 2130 1158 ut

540 1191 784 1248 breviter
815 1193 1014 1257 dicam,
1061 1195 1320 1248 mortales
1359 1195 1648 1250 libidinem
1688 1211 1842 1250 suam
1883 1195 2129 1250 exercuit

541 1283 771 1337 dicens:
807 1302 824 1334 ι
857 1283 1282 1353 Apprehendam
1319 1286 1512 1340 orbem
1551 1293 1824 1341 terrarum
1863 1302 2028 1341 manu
2067 1295 2129 1340 ut

541 1372 736 1426 nidum
782 1372 1083 1442 pullorum,
1108 1383 1165 1428 et
1196 1381 1453 1444 tanquam
1487 1391 1589 1431 ova
1623 1375 1885 1430 derelicta
1919 1375 2124 1440 tollam,

541 1474 598 1519 et
617 1481 728 1519 non
752 1473 837 1520 est
861 1464 955 1535 qui
979 1465 1204 1537 eﬂ‘ugiat
1235 1483 1344 1535 me,
1369 1478 1462 1523 aut
1481 1469 1821 1523 contradicat
1844 1467 1979 1522 mihi
2006 1468 2073 1520 “.
2102 1487 2120 1520 ι

543 1557 812 1627 Regnavit
837 1559 986 1612 enim
1011 1575 1111 1629 pro
1145 1575 1242 1613 sua
1269 1559 1519 1625 libidine,
1546 1567 1608 1615 ut
1630 1559 1764 1625 dixi,
1791 1567 2129 1630 vocatusque

541 1658 627 1704 est
651 1650 794 1703 Deus
830 1649 994 1720 hujus
1027 1652 1233 1706 saeculi.
1269 1651 1532 1706 Adoravit
1565 1651 1711 1706 enim
1749 1651 1929 1722 ipsum
1969 1667 2128 1706 mun-

541 1741 667 1806 dus,
711 1741 992 1813 coluitque
1019 1752 1326 1798 creaturam
1368 1743 1540 1814 magis
1580 1759 1745 1813 quam
1785 1744 2122 1799 Creatorem.

541 1832 838 1904 Postquam
865 1849 996 1888 vero
1028 1833 1084 1888 in
1111 1842 1319 1888 tantam
1350 1834 1629 1890 miseriam
1669 1831 1936 1890 adductos
1972 1851 2126 1890 com-

540 1926 832 1982 miseratus
862 1935 945 1982 est
967 1928 1132 1992 Deus,
1162 1927 1462 1982 missurum
1499 1942 1558 1982 se
1583 1928 1745 1984 nobis
1773 1943 1841 1983 ex
1871 1929 2010 1984 caalo
2041 1929 2129 1983 Fi-

539 2015 676 2070 lium
707 2032 866 2071 suum
891 2018 1164 2088 promisit,
1207 2018 1302 2088 qui
1335 2018 1577 2073 hominis
1613 2030 1863 2075 naturam
1891 2019 2126 2090 pristino

539 2107 707 2162 statui
746 2107 1084 2164 restitueret.
1130 2127 1149 2160 ι
1177 2109 1329 2164 Nova
1371 2109 1645 2180 siquidem
1687 2119 1940 2166 creatura
1982 2111 2125 2167 facta

538 2204 624 2252 est
655 2197 709 2250 in
733 2196 973 2264 Christo,
1001 2218 1018 2250 ι
1051 2200 1205 2271 juxta
1243 2198 1558 2270 Scripturas
1589 2199 1658 2253 ⁸⁸.
1702 2201 2127 2257 Transvectores

537 2297 724 2342 autem
768 2289 1044 2344 bonorum
1095 2290 1162 2344 ad
1206 2306 1308 2345 nos
1351 2306 1669 2347 sermonum
1713 2291 1940 2348 fuerunt
1979 2293 2126 2348 beati

537 2381 837 2450 prophetaa,
896 2399 914 2432 ι
953 2380 1057 2448 Qui
1093 2381 1162 2437 de
1204 2382 1388 2438 futura
1419 2383 1471 2438 in
1496 2385 1657 2440 nobis
1685 2385 1857 2455 gratia
1887 2387 2128 2456 prophe-

539 2481 814 2538 taverunt,
852 2483 1163 2530 scrutantes
1187 2475 1242 2530 in
1270 2476 1416 2546 quod
1446 2486 1542 2532 aut
1574 2479 1734 2548 quale
1762 2486 1980 2550 tempus
2006 2495 2124 2533 ma-

537 2566 829 2622 nifestatus
861 2567 934 2623 sit
969 2568 1024 2622 in
1059 2568 1191 2638 ipsis
1216 2569 1444 2639 spiritus
1483 2569 1712 2637 Christi,
1750 2572 2126 2642 praenuntians

534 2671 632 2714 eas
661 2674 784 2729 quae
827 2659 881 2714 in
921 2658 1144 2716 Christo
1187 2669 1316 2716 sunt
1356 2662 1639 2733 passiones
1685 2672 1743 2719 et
1787 2666 2125 2735 posteriores

535 2747 736 2820 giorias
765 2768 777 2803 :
810 2750 1010 2821 quibus
1042 2753 1340 2807 revelatum
1373 2763 1459 2809 est
1489 2755 1638 2826 quod
1676 2773 1784 2812 non
1831 2759 1935 2814 sibi
1964 2760 2120 2831 ipsis,

535 2840 633 2895 sed
672 2842 832 2898 nobis
873 2858 936 2898 ea
978 2844 1440 2901 administrabant
1464 2847 1530 2902 ⁸⁸.
1567 2867 1586 2900 ι
1632 2848 1712 2904 lta
1749 2851 1896 2906 enim
1929 2853 2125 2908 scribit

535 2931 834 2990 Salvatoris
880 2934 1206 3006 discipulus.
1254 2937 1421 3008 Atqui
1469 2941 1678 2996 multus
1723 2943 1947 3013 quidem
1991 2943 2124 3014 ipsis

2233 555 2506 627 ἁμαρτίας
2549 555 2627 616 εἰς
2660 552 2914 607 θάνατον.
2959 551 3177 622 Ἐπειδὴ
3205 551 3261 604 δὲ
3293 553 3373 616 εἰς
3393 552 3544 606 ἅπαν
3581 553 3675 606 τοῦ
3702 557 3806 608 σώ-

2230 648 2343 712 ζειν
2367 645 2568 708 εἰδότος
2595 641 3013 712 άπενοσφίζετο,
3049 644 3333 714 μονονουχὶ
3362 645 3456 696 καί
3477 643 3808 716 δορύληπτος

2225 733 2296 809 ἦν
2327 739 2355 791 6
2384 738 2504 790 κατ’
2553 735 2737 789 εἰκόνα
2778 735 2878 806 τὴν
2911 722 3062 788 Θείαν
3101 735 3669 806 τετεχνουργημένος,
3717 739 3809 791 καὶ

2227 826 2307 898 τῷ
2331 828 2430 898 τῆς
2455 825 2699 888 δουλείας
2723 823 2878 894 ἄχθει
2907 822 3347 892 κατεφορτίζετο.
3393 825 3671 878 ’Υπετίθει
3699 826 3805 897 γὰρ

2230 921 2295 991 δὴ
2332 919 2428 974 καὶ
2455 919 2554 988 οὐχ
2587 917 2727 971 ἑκὼν
2757 916 2858 987 τὴν
2879 915 3085 986 αὐχένα
3115 914 3191 984 τῷ
3219 918 3676 987 πλεονεκτήσαντι
3706 920 3810 972 Σα·

2229 1013 2388 1082 τανᾷ,
2415 1010 2474 1074 ὃς
2507 1010 2601 1064 καὶ
2631 1011 2696 1062 ἐκ
2728 1007 2930 1077 πολλῆς
2963 1006 3082 1060 λίαν
3111 1007 3212 1078 τῆς
3242 1009 3558 1080 ἀγερωχίας
3603 1011 3811 1083 (ὑπέρ-

2230 1118 2369 1173 οφρυ
2401 1100 2508 1172 γὰρ
2535 1101 2596 1154 τὸ
2627 1099 2842 1171 πνεῦμα
2866 1100 2927 1152 τὸ
2957 1099 3237 1170 πονηρὸν),
3270 1101 3548 1166 ἁπάντων,
3586 1103 3661 1166 ὡς
3687 1103 3811 1167 ἔπος

2231 1195 2426 1258 εἰπεῖν,
2448 1193 2557 1248 τῶν
2586 1193 2678 1245 ἐπὶ
2705 1194 2800 1262 τῆς
2834 1191 2938 1260 γῆς
2963 1191 3418 1263 κατεθρασύνετο,
3443 1193 3639 1260 λέγων’
3670 1196 3813 1267 «Τὴν

2229 1285 2553 1356 οἰκουμένην
2587 1284 2714 1354 ὃλην
2743 1283 3125 1354 καταλήψομαι
3158 1287 3222 1355 τῇ
3254 1285 3400 1355 χειρὶ
3436 1285 3528 1348 ’ὡς
3569 1287 3810 1352 νοσσιὰν,
3915 1285 3918 1288 ’

2227 1377 2321 1429 καὶ
2355 1375 2432 1438 ὡς
2475 1374 2957 1444 καταλελειμμένα
2999 1372 3083 1426 ὠά
3124 1373 3262 1443 ἀρῶ,
3299 1374 3393 1426 καὶ
3429 1374 3532 1426 ούκ
3578 1373 3730 1427 ἐστιν
3759 1375 3815 1439 ὃς

2225 1467 2572 1537 διαφεύξεται
2616 1484 2706 1538 με,
2755 1467 2788 1537 ἢ
2822 1465 3068 1520 ἁντείπει
3116 1481 3226 1536 μοι.
3262 1484 3282 1518 ι
3314 1465 3680 1520 Βεϐασίλευκε
3709 1468 3815 1539 γάρ

2226 1559 2291 1613 ἐκ
2320 1559 2674 1624 πλεονεξίας,
2707 1558 2781 1622 ῶς
2823 1557 2980 1630 ἐφην,
3037 1557 3133 1609 καὶ
3190 1555 3506 1627 ὠνόμασται
3557 1558 3693 1622 Θεὸς
3722 1561 3816 1613 τοῦ

2230 1649 2424 1712 αἰῶνος
2466 1648 2680 1703 τούτου.
2731 1646 3154 1719 Προσκεκύνηκε
3189 1647 3299 1718 γὰρ
3329 1649 3356 1700 6
3394 1647 3596 1718 κόσμος
3643 1647 3814 1714 αὐτῷ,

2229 1743 2324 1796 καὶ
2351 1741 2676 1812 λελάτρευκε
2703 1744 2771 1812 τῇ
2801 1738 2976 1794 κτίσει
3011 1739 3161 1810 παρὰ
3186 1739 3279 1792 τὸν
3307 1738 3590 1793 κτίσαντα.
3631 1741 3818 1793 Ἐπει-

2225 1833 2290 1904 δὴ
2319 1833 2375 1887 δὲ
2401 1834 2494 1887 καὶ
2515 1834 2594 1896 εἰς
2621 1832 2779 1886 τοῦτο
2818 1830 3216 1901 ἐνηνεγμένους
3264 1829 3643 1901 ταλαιπωρίας
3689 1848 3821 1883 κατ-

2227 1926 2377 1998 ηλέει
2410 1925 2566 1991 Θεὸς,
2613 1923 2966 1978 ἀποστέλλειν
3019 1924 3150 1994 ⁴ἡμῖν
3176 1922 3265 1976 τὸν
3318 1922 3447 1976 Υἰὸν
3485 1923 3543 1989 ἐξ
3582 1923 3818 1994 ούρανοῦ

2227 2017 2616 2090 ἐπηγγέλλετο,
2639 2016 2736 2088 τὴν
2762 2015 3051 2089 ἀνθρώπου
3081 2014 3242 2084 φύσιν
3271 2015 3683 2084 ἀνακομίσαντα
3711 2017 3819 2070 πάο

2225 2111 2311 2165 λιν
2358 2113 2438 2174 εἰς
2483 2111 2620 2180 ὅπερ
2663 2104 2732 2180 ἦν
2782 2111 2840 2163 ἐν
2887 2109 3105 2179 ἀρχαῖς.
3157 2126 3176 2160 ι
3229 2107 3407 2179 Καινὴ
3450 2109 3629 2170 κτίσις
3661 2108 3733 2161 τὰ
3763 2110 3821 2161 ἐν

2226 2204 2468 2275 Χριστῷ,
2509 2221 2528 2255 ι
2565 2202 2710 2257 κατά
2760 2201 2858 2266 τὰς
2918 2201 3164 2273 Γραφάς.
3215 2202 3576 2270 Διακομισταὶ
3605 2201 3665 2254 δέ
3702 2188 3819 2256 τῶν

2227 2300 2306 2361 εἰς
2348 2299 2496 2369 ἡμᾶς
2535 2295 2757 2365 ἀγαθῶν
2781 2295 2956 2365 λόγων
2981 2295 3272 2364 γεγόνασιν
3301 2297 3350 2348 οἰ
3381 2294 3645 2366 μακάριοι
3673 2312 3818 2366 προ-

2227 2391 2415 2461 φῆταιν
2449 2409 2467 2440 ί
2509 2389 2682 2460 ’Υπὲρ
2706 2387 2806 2459 τῆς
2839 2389 2917 2452 εἰς
2963 2389 3109 2459 ἡμᾶς
3139 2387 3359 2460 χάριτος
3391 2387 3819 2458 προφητεύσαν-

2225 2501 2339 2548 τες,
2373 2481 2701 2554 ἐρευνῶντες
2727 2483 2808 2545 είς
2843 2481 2969 2534 τίνα
3001 2480 3095 2533 καὶ
3127 2482 3279 2532 ποῖον
3309 2477 3500 2548 καιρὸν
3531 2478 3724 2550 ἐδήλου
3757 2479 3820 2532 τὸ

2226 2577 2284 2629 ἐν
2309 2575 2491 2637 αὐτοῖς
2516 2573 2733 2644 πνεῦμα
2762 2571 3021 2644 Χριστοῦ,
3054 2569 3610 2642 προμαρτυρούμενον
3639 2571 3707 2624 τά
3736 2574 3820 2635 εἰς

2224 2666 2458 2739 Χριστὸν
2498 2667 2819 2736 παθήματα,
2860 2662 3080 2727 καὶτὰς
3121 2661 3258 2733 μετὰ
3297 2662 3469 2716 ταῦτα
3497 2662 3676 2729 δόξας,
3731 2658 3820 2726 οἷς

2225 2757 2607 2828 ἀπεκαλύφθη,
2634 2758 2716 2812 ὅτι
2743 2757 2842 2828 οὐχ
2869 2748 3118 2819 ἑαυτοῖς,
3147 2756 3279 2826 ἡμῖν
3311 2754 3366 2809 δὲ
3391 2754 3674 2825 διηκόνουν
3708 2756 3819 2807 αὐο

2224 2854 2310 2907 τά.
2375 2872 2394 2906 ι
2448 2852 2652 2923 Γράφει
2684 2849 2794 2921 γὰρ
2831 2847 3006 2911 οῦτως
3053 2846 3151 2900 τοῦ
3187 2846 3440 2918 Σωτῆρος
3477 2847 3505 2898 6
3537 2845 3818 2917 μαθητής.

2224 2945 2336 2998 Καὶ
2373 2943 2542 3006 πολὺς
2590 2941 2689 3013 μὲν
2722 2944 2751 2995 6
2789 2939 2919 3011 παρ’
2953 2940 3138 3003 αὐτοῖς
3179 2938 3306 3011 περί
3347 2938 3448 3009 τῆς
3487 2935 3583 2992 τοῦ
3626 2939 3820 3006 Σωτῆ-

535 3023 605 3079 de
643 3025 943 3081 Salvatoris
985 3029 1157 3084 nostri
1209 3029 1589 3086 incarnatione
1631 3047 1811 3088 sermo
1847 3043 1932 3089 est
1963 3035 2119 3090 habi-

2229 3053 2321 3108 ρος
2351 3034 2510 3105 ἡμῶν
2546 3032 3015 3105 ἐνανθρωπὴσεως
3047 3030 3226 3099 λόγος,
3261 3029 3358 3084 καὶ
3391 3029 3472 3083 ὅτι
3512 3029 3656 3083 κατά
3685 3046 3822 3082 και-

537 3126 645 3182 tus,
687 3117 942 3187 quodque
972 3134 1234 3174 successu
1272 3121 1537 3190 temporis
1575 3120 1893 3192 redemptor
1921 3134 2120 3180 ventu-

536 3223 629 3261 rus
662 3217 826 3262 esset.
860 3209 1007 3261 Nihil
1041 3225 1174 3264 vero
1212 3209 1456 3266 abfuerit
1487 3214 1750 3268 nonnulla
1787 3214 1842 3268 in
1876 3215 2119 3270 medium

534 3297 735 3352 aﬂ'erre
785 3298 853 3352 ad
907 3299 1191 3355 meliorem
1250 3301 1627 3359 studiosorum
1672 3305 2116 3363 instructionem.

533 3387 836 3443 Conveniat
863 3405 995 3444 vero
1025 3406 1141 3445 rem
1176 3391 1317 3446 hanc
1354 3392 1411 3448 in
1449 3395 1779 3452 calumniam
1803 3399 2117 3455 Judzeorum

534 3479 754 3548 populis
776 3486 1036 3546 statuere,
1065 3490 1126 3536 ut
1151 3498 1218 3537 ex
1247 3483 1380 3553 ipsis
1409 3485 1576 3542 rebus
1596 3488 1784 3543 videre
1804 3490 1952 3545 licet.
1979 3489 2115 3546 Cum

533 3564 681 3617 enim
720 3581 787 3620 ex
827 3567 1162 3636 propheticis
1204 3573 1554 3629 sermonibus
1599 3576 1854 3648 colligere
1895 3590 2118 3649 possent

535 3651 833 3710 Salvatoris
861 3655 1176 3726 adventum,
1209 3677 1273 3716 ac
1297 3662 1480 3732 potius
1513 3681 1582 3720 ex
1619 3667 1732 3737 ipsa
1764 3669 1897 3739 legis
1922 3672 2116 3726 umbra

535 3743 589 3798 id
618 3744 1006 3816 intelligentes,
1033 3750 1221 3805 miseri
1242 3753 1602 3821 pertinaciter
1632 3770 2006 3829 repugnarunt
2028 3762 2115 3817 di-

532 3837 676 3892 vinis
693 3840 948 3906 oraculis,
980 3851 1143 3912 atque
1166 3845 1305 3901 adeo
1330 3846 1431 3917 ipsi
1451 3847 1688 3915 Christo,
1709 3853 1945 3919 tametsi,
1968 3855 2112 3924 quod

533 3930 751 4000 sapiens
777 3932 980 3988 Paulus
1019 3935 1181 3992 nobis
1220 3937 1316 4004 ait,
1357 3959 1373 3990 ι
1403 3939 1632 3997 ϐωοίιθε
1653 3958 1718 3997 ex
1743 3954 1897 4014 parte
1927 3946 2114 4002 lsraeli

532 4023 733 4076 accidit
749 4024 813 4055 “‘
831 4065 845 4089 ,
883 4033 945 4080 ut
963 4026 1215 4084 videntes
1230 4045 1340 4085 non
1363 4032 1605 4100 videant,
1624 4043 1678 4089 et
1695 4035 1982 4093 audientes
2004 4055 2113 4094 non

532 4113 776 4177 audiant,
793 4131 971 4185 neque
994 4118 1302 4190 intelligant
1315 4123 1392 4189 I";
1415 4143 1432 4175 ›
1467 4128 1930 4195 quemadmodum
1947 4131 2113 4186 etiam

533 4202 650 4271 ipse
674 4203 922 4258 Salvator
943 4207 1038 4261 ait.
1059 4209 1147 4263 Ait
1164 4226 1316 4280 ergo,
1340 4222 1396 4266 at
1413 4216 1595 4283 potius
1614 4217 1768 4287 165
1785 4219 2114 4277 Emmanue-

531 4293 638 4348 lem
661 4294 836 4364 ipsum
857 4297 1022 4352 Isaias
1048 4299 1101 4353 in
1121 4300 1343 4371 scriptis
1360 4305 1472 4358 suis
1487 4315 1672 4376 aperte
1691 4308 2004 4378 loquentem
2023 4313 2114 4367 in—

530 4385 684 4441 ducit
713 4403 725 4441 :
759 4387 1026 4458 «Spiritus
1043 4391 1257 4446 Domini
1282 4409 1448 4465 super
1478 4412 1586 4462 me,
1607 4400 1762 4470 cujus
1782 4416 1945 4457 causa
1959 4405 2114 4460 unxit

529 4493 636 4542 me,
657 4480 1036 4550 evangelizare
1070 4487 1409 4555 pauperibus
1440 4489 1590 4543 misit
1621 4506 1731 4556 me,
1766 4508 1961 4550 sanare
1981 4512 2116 4552 con-

531 4571 692 4626 tritos
725 4572 915 4636 corde,
941 4575 1240 4641 praedicare
1262 4580 1495 4648 captivis
1514 4583 1915 4653 remissionem,
1936 4598 1991 4645 et
2009 4606 2111 4646 ca:-

526 4661 606 4715 cis
631 4663 810 4717 visum
849 4680 864 4717 :
905 4679 1100 4720 vocare
1121 4683 1326 4724 annum
1354 4671 1571 4730 Domini
1595 4681 2019 4747 aceeptabilcm,
2055 4695 2112 4738 et

526 4751 670 4806 diem
713 4755 1101 4819 retributionis
1125 4757 1192 4818 ⁸³.
1232 4785 1250 4817 ι
1283 4766 1409 4822 Haec
1434 4768 1579 4822 enim
1610 4769 1835 4826 fuerunt
1872 4774 2107 4833 illustria

525 4843 786 4904 adventus
828 4847 974 4909 illius
1001 4871 1189 4924 opera.
1219 4856 1388 4913 Oseas
1411 4875 1541 4913 vero
1566 4876 1784 4916 rursum
1809 4864 2009 4921 alicubi
2038 4867 2106 4924 de

531 4945 646 5015 ipso
673 4947 904 5014 loquens
935 4965 948 5000 :
981 4967 1001 4998 ι
1038 4948 1106 5002 Ει
1136 4951 1613 5020 congregabantur
1639 4953 1735 5009 filii
1759 4955 1897 5012 Juda
1925 4970 1980 5013 et
2008 4961 2104 5016 lilii

527 5035 694 5090 Israel
729 5034 912 5101 simul,
939 5045 993 5091 et
1031 5045 1238 5107 ponent
1279 5038 1383 5092 sibi
1427 5041 1790 5113 principatum
1823 5062 2028 5116 unum;
2055 5063 2112 5108 et

525 5129 824 5186 ascendent
859 5128 927 5184 de
970 5140 1140 5196 terra,
1173 5130 1432 5200 quoniam
1479 5148 1708 5204 magnus
1751 5137 1872 5194 dies
1921 5143 2108 5200 Jezra-

525 5219 614 5273 hel
639 5218 705 5274 '".
739 5241 756 5272 ι
792 5221 1191 5292 Quamplurimi
1239 5223 1385 5277 enim
1429 5238 1528 5292 per
1561 5234 1806 5296 tempora
1833 5233 1978 5301 apud
2009 5235 2107 5289 Ju-

525 5311 672 5366 dzeos
712 5312 975 5382 praefecti,
1007 5315 1138 5369 solis
1177 5315 1339 5370 labiis
1369 5315 1756 5372 universorum
1800 5322 1972 5378 Deum
2018 5342 2112 5381 co-

527 5403 638 5460 lere
665 5404 955 5460 suadentes
1003 5413 1059 5460 et
1084 5407 1346 5462 docentes
1368 5405 1667 5476 doctrinas,
1691 5424 1963 5485 praecepta
1991 5432 2110 5471 om-

658 5589 762 5645 lsa.
794 5607 848 5652 χ,
878 5592 964 5675 μ.
1009 5593 1169 5675 :‘All
1193 5594 1390 5675 Cor._v_.
1426 5597 1511 5668 17;
1545 5601 1809 5669 Galat.v|,
1837 5605 1920 5658 l5.
1995 5606 2040 5638 ⁸⁸
2073 5605 2091 5660 l
2118 5609 2119 5612 “

2223 5623 2262 5661 r.
2295 5608 2337 5672 l,
2367 5607 2548 5664 10-12.
2627 5607 2674 5641 "
2704 5613 2718 5632 ⁶
2758 5610 2916 5666 Rom.
2949 5625 3020 5675 XI,
3063 5604 3154 5660 25.

523 5654 702 5713 "13a.
739 5677 843 5725 LXI,
882 5663 932 5714 l.
1009 5662 1053 5695 "
1080 5663 1218 5720 Osee
1250 5682 1286 5731 ι,
1323 5654 1409 5722 ll.

2229 3127 2354 3198 ρούς
2383 3125 2633 3195 ἀφίξεται
2655 3123 2966 3194 λυτρωτὴς.
2997 3123 3141 3194 Πρὸς
3171 3120 3467 3192 εὐμάθειαν
3494 3120 3551 3174 δὲ
3582 3121 3692 3174 τῶν
3727 3121 3820 3176 ἐν·

2221 3217 2561 3288 τευξομένων
2625 3215 2782 3285 ὀλίγα
2816 3233 2924 3287 περ
2965 3216 3208 3283 ἐνεγκεῖν
3257 3213 3318 3266 τὸ
3369 3212 3575 3266 λυποῦν
3629 3214 3815 3269 οὐδέν.

2235 3310 2545 3381 Ἐπίκλημα
2571 3309 2627 3362 δὲ
2661 3310 2775 3371 τοῖς
2809 3306 3075 3360 Ἰουδαίων
3099 3306 3291 3378 δήμοις
3318 3304 3379 3359 τὸ
3412 3306 3602 3376 χρῆμα
3633 3310 3818 3360 ποιεῖ-

2225 3401 2348 3456 σθαι
2383 3401 2582 3472 πρέποι
2610 3400 2695 3459 ἂν,
2725 3402 2801 3462 ὼς
2832 3397 2892 3464 ἐξ
2911 3397 3089 3452 αὐτῶν
3117 3398 3292 3452 ἔνεστι
3324 3398 3432 3452 τῶν
3463 3397 3819 3468 πραγμάτων

2223 3492 2369 3546 ἰδεῖν.
2423 3491 2614 3545 Χαίτοι
2644 3490 2754 3562 γὰρ
2783 3490 2902 3544 ἐνὸν
2931 3492 2994 3543 ἐκ
3032 3490 3386 3562 προφητικῶν
3423 3489 3517 3544 τοῦ
3554 3491 3820 3564 Σωτῆρος

2221 3583 2564 3653 καταθρῆσαι
2601 3581 2776 3649 λόγων
2825 3579 2926 3653 τὴν
2965 3581 3169 3651 ἄφιξιν,
3209 3582 3408 3653 μᾶλλον
3435 3582 3491 3636 δέ
3522 3582 3666 3653 τάχα
3703 3603 3818 3638 που

2223 3675 2316 3728 καὶ
2341 3673 2612 3737 συνιέντες
2648 3675 2696 3726 οἰ
2731 3673 2961 3737 τάλανες
2999 3675 3094 3727 καὶ
3119 3673 3179 3739 ἐξ
3213 3675 3384 3744 αὐτῆς
3415 3674 3516 3744 τῆς
3551 3677 3610 3728 ἐν
3657 3677 3820 3750 νόμῳ

2221 3769 2400 3830 σκιᾶς,
2451 3765 2806 3836 ἀντεφέροντο
2857 3764 3177 3835 δυστρόπως
3225 3768 3338 3828 τοῖς
3386 3765 3570 3820 θεόθεν
3599 3780 3821 3840 κεχρησ-

2220 3855 2639 3926 σμῳδημένοις,
2684 3856 2780 3908 καὶ
2844 3855 2997 3927 αὑτῷ
3049 3855 3128 3927 τῷ
3181 3856 3424 3928 Χριστῷ,
3465 3857 3497 3928 ἢ
3537 3859 3634 3912 καὶ
3669 3860 3819 3933 ὅπερ

2225 3950 2329 4018 ἔφη
2365 3947 2578 4012 Παῦλος
2605 3949 2740 4018 ἡμῖν
2784 3949 2814 4002 6
2858 3949 3055 4019 σοφός’
3098 3967 3118 4002 ι
3159 3949 3427 4021 Πώρωσις
3467 3950 3574 4004 ἀπὸ
3606 3952 3816 4023 μέρους

2217 4040 2411 4113 γέγονε
2444 4038 2522 4110 τῷ
2567 4039 2805 4111 Ἰσραὴλ,
2843 4039 2930 4093 ἵνα
2961 4038 3252 4110 βλέποντες
3284 4041 3359 4113 μὴ
3395 4040 3671 4111 βλέπωσι,
3712 4047 3814 4097 καὶ

2218 4111 2506 4194 ἀκούοντες
2555 4130 2629 4202 μὴ
2679 4130 2973 4197 ἀκούσωσι,
3015 4131 3149 4202 μηδέ
3184 4111 3424 4186 συνιῶσι.
3466 4151 3485 4184 ι
3521 4134 3683 4188 Καθὰ
3716 4137 3815 4190 καὶ

2219 4223 2381 4286 αὐτὸς
2419 4224 2640 4298 εἴρηκεν
2668 4227 2696 4278 ὁ
2733 4226 2946 4297 Σωτήρ.
2987 4226 3132 4295 Ἔφη
3157 4225 3361 4289 τοίνυν,
3401 4227 3602 4296 μᾶλλον
3631 4228 3690 4282 δὲ
3715 4231 3814 4283 καὶ

2217 4315 2380 4368 αὑτὸν
2426 4317 2560 4385 ἡμῖν
2605 4315 2960 4384 εἰσκεκόμικε
2998 4317 3090 4368 τὸν
3151 4317 3500 4388 Ἑμμανουὴλ
3542 4319 3600 4371 ἐν
3649 4319 3813 4384 ἰδίαις

2225 4410 2570 4478 συγγραφαῖς
2611 4408 2640 4460 6
2692 4407 2981 4472 θεσπέσιος
3022 4409 3248 4474 Ἡσαΐας
3297 4411 3524 4480 λέγοντα
3579 4412 3808 4482 σαφῶς·

2227 4519 2246 4552 ι
2289 4499 2512 4570 Πνεῦμα
2536 4501 2740 4571 Κυρίου
2771 4502 2856 4555 ἐπ’
2892 4503 3015 4573 ἐμὲ,
3042 4497 3103 4557 οὗ
3129 4503 3338 4558 εἵνεκεν
3365 4504 3550 4575 ἐχρισέ
3585 4523 3679 4576 με,
3718 4507 3812 4559 εύ-

2218 4591 2610 4660 αγγελίσασθαι
2646 4594 2885 4662 πτωχοῖς
2925 4594 3239 4647 ἀπέσταλκέ
3269 4611 3357 4665 με,
3387 4595 3643 4649 ἰάσασθαι
3676 4599 3811 4662 τοὺς

2217 4683 2714 4754 συντετριμμένους
2741 4686 2843 4756 τὴν
2877 4686 3128 4758 καρδίαν,
3175 4686 3410 4758 κηρύξαι
3433 4689 3812 4759 αἰχμαλώτοις

2214 4776 2430 4844 ἄφεσιν,
2462 4777 2556 4830 καὶ
2582 4777 2802 4847 τυφλοῖς
2830 4778 3143 4848 ἀνάϐλεψιν,
3162 4779 3389 4832 καλέσαι
3411 4781 3659 4835 ἐνιαυτὸν
3689 4785 3811 4836 Κυ-

2219 4869 2333 4940 ρίου
2362 4869 2568 4933 δεκτὸν,
2593 4871 2688 4924 καὶ
2715 4872 2923 4942 ἡμέραν
2956 4871 3388 4934 ἀνταποδόσεως.
3421 4890 3439 4922 ι
3471 4871 3662 4927 Ταῦτα
3694 4873 3810 4946 γὰρ

2212 4961 2403 5030 γέγονε
2455 4964 2522 5015 τά
2569 4963 2796 5034 λαμπρὰ
2853 4965 2953 5034 τῆς
2991 4963 3286 5034 ἐπιδημίας
3319 4963 3482 5017 αὑτοῦ
3517 4966 3806 5038 κατορθὼ·

2214 5073 2380 5126 ματα.
2431 5057 2590 5126 Ὠσηὲ
2632 5057 2687 5109 δὲ
2719 5056 2882 5111 πάλιν
2922 5056 3027 5126 ἔφη
3073 5073 3176 5110 που
3219 5056 3350 5127 περί
3376 5056 3542 5109 αὑτοῦ
3569 5074 3582 5088 ο
3628 5076 3646 5108 ι
3691 5056 3808 5111 Καὶ

2211 5146 2643 5217 συναχθήσονται
2687 5148 2794 5200 υἱοὶ
2851 5147 3047 5212 Ἰούδα,
3075 5148 3169 5200 καὶ
3209 5147 3316 5200 υἰοὶ
3359 5147 3575 5218 Ἰσραὴλ
3616 5147 3712 5200 ἐπὶ
3741 5150 3808 5202 τὸ

2208 5236 2360 5302 αὐτὸ,
2398 5236 2492 5289 καὶ
2526 5237 2783 5308 θήσονται
2829 5237 3040 5300 ἑαυτοῖς
3080 5237 3256 5308 ἀρχὴν
3293 5237 3441 5307 μίανο
3474 5237 3569 5290 καὶ
3589 5237 3805 5314 ἀνοιδήί

2209 5341 2393 5378 σονται
2420 5326 2484 5380 ἐκ
2504 5327 2603 5396 τῆς
2621 5328 2744 5397 γῆς,
2767 5328 2848 5380 ὅτι
2871 5325 3084 5398 μεγάλη
3111 5327 3144 5396 ἡ
3165 5325 3350 5398 ἡμέρα
3372 5326 3467 5380 τοῦ
3492 5325 3796 5400 Ἰεζραήλ.»

2207 5415 2456 5469 Πλεῖστοι
2499 5416 2600 5488 μὲν
2655 5417 2765 5488 γὰρ
2808 5417 2922 5470 ὅσοι
2973 5416 3114 5470 κατὰ
3167 5418 3395 5487 καιροὺς
3423 5419 3472 5471 oi
3499 5417 3650 5488 παρὰ
3682 5421 3802 5484 τοῖς

3257 5607 3300 5639 ⁸⁷
3334 5606 3525 5665 Matth.
3546 5621 3666 5671 xm,
3705 5607 3790 5662 l3.
