4004 6204
362 279 466 337 265

1377 272 1895 332 GLAPHYRUBUM
1936 272 1999 326 IN
2041 271 2339 334 GENESIM
2377 282 2504 336 LIB.
2549 284 2608 338 γ.

3513 302 3619 358 266

371 392 646 454 Ἰουδαίοις
683 393 988 462 καθηγηται
1029 390 1211 462 μόνοις
1239 393 1403 462 τιμᾷν
1432 395 1545 454 τοῖς
1575 392 1775 463 χείλεσι
1808 393 1910 446 ἀνα

2039 407 2170 447 num
2208 397 2440 465 populos
2477 399 2579 452 sibi
2615 399 2883 456 subditos.
2927 403 3078 460 Unus
3117 422 3246 461 vero
3277 421 3468 466 contra
3497 429 3618 472 om-

359 483 638 545 πεῖθοντες
670 482 760 535 τὸν
802 481 910 534 τῶν
939 483 1074 535 ὅλων
1101 482 1256 544 Θεὸν,
1296 484 1393 536 καὶ
1427 483 1768 544 διδάσκοντες
1800 482 1944 536 διδα-

361 577 584 632 σκαλίαν
629 575 938 644 ἐντάλματα
962 574 1263 646 ἀνθρώπων
1292 577 1415 637 τοὺς
1446 576 1550 629 ὑπὸ
1573 579 1729 647 χεῖρα
1758 575 1940 638 λαούς.

353 668 466 722 Μία
510 667 570 722 δὲ
619 670 653 738 ἡ
694 667 837 721 κατὰ
882 667 1098 721 πάντων
1149 684 1210 720 τε
1252 668 1345 720 καὶ
1390 669 1483 720 ἐπὶ
1538 668 1745 731 πάντας
1799 666 1942 739 ἁρχὴ

350 757 590 812 τέθειται
630 757 884 826 Χριστὸς,
929 758 1025 810 καὶ
1067 756 1342 828 ἀνέϐημεν
1395 759 1458 810 ἐκ
1501 759 1602 828 τῆς
1637 760 1761 830 γῆς,
1789 777 1936 812 τουτ-

349 849 504 913 έστι,
557 850 627 902 τὰ
669 851 782 903 ἅνω
821 850 1040 919 φρονεῖν
1080 848 1455 918 δεδιδάγμεθα.
1503 868 1521 900 ι
1571 851 1799 921 Μεγάλη
1831 849 1939 922 γὰρ

362 944 582 1012 ἀληθῶς
610 947 642 1015 ἡ
674 945 857 1016 ἡμέρα
899 944 991 997 τοῦ
1035 945 1308 1015 Ἱεζραὴλ,
1359 964 1375 996 ι
1415 946 1678 1008 τουτέστι,
1712 946 1810 1016 τῆς
1847 945 1938 999 τοῦ

346 1033 483 1087 Θεοῦ
527 1036 760 1105 σπορᾶς,
807 1035 927 1104 ἦτοι
977 1034 1071 1087 τοῦ
1112 1033 1264 1087 Υἱοῦ.
1312 1035 1529 1106 Ταύτης
1564 1035 1621 1088 δὲ
1667 1037 1798 1106 ἡμῖν
1839 1034 1941 1104 τῆς

345 1125 564 1195 ἡμέρας
598 1125 929 1195 διεμέμνητο
980 1125 1153 1193 λέγων
1209 1127 1306 1180 καὶ
1356 1129 1384 1180 6
1417 1125 1706 1190 Θεσπέσιος
1741 1128 1934 1181 Δαϐίδο

352 1236 371 1266 ι
405 1215 554 1286 Αὕτη
578 1218 611 1286 ἡ
637 1215 819 1286 ἡμέρα
846 1218 914 1286 ἢν
943 1217 1196 1286 ἐποίησεν
1226 1219 1254 1270 6
1277 1216 1503 1288 Κύριος,
1533 1216 1942 1288 ἀγαλὶιασώμε-

347 1307 418 1360 θα
437 1308 532 1360 καὶ
563 1307 961 1379 εὐφρανθῶμεν
999 1308 1058 1360 έν
1085 1309 1245 1379 αὐτῇ.
1275 1327 1294 1361 ι
1328 1308 1438 1362 Καὶ
1467 1308 1693 1379 προσέτι
1729 1307 1938 1374 Παῦλος

346 1401 479 1467 ἡμῖν
517 1399 546 1451 6
582 1399 914 1466 σοφώτατοςο
951 1417 978 1451 ν(
1015 1399 1146 1452 Ἰδοὺ
1167 1398 1262 1452 νῦν
1299 1399 1489 1471 καιρὸς
1522 1399 1935 1471 εὐπρόσδεκτος,

347 1490 460 1544 ίδοὺ
485 1490 584 1545 νῦν
613 1494 642 1562 ὴ
676 1491 857 1562 ἡμέρα
888 1491 1164 1561 σωτηρίας
1185 1529 1200 1554 ,
1243 1509 1260 1542 ι
1297 1492 1421 1546 καθ’
1457 1492 1524 1564 ἥν
1563 1493 1807 1564 δηλονότι
1841 1493 1938 1546 καὶ

346 1584 952 1656 σεσώσμεθα,Χριστοῦ
985 1585 1280 1651 καλοῦντος
1316 1588 1396 1651 εἰς
1427 1587 1606 1641 τοῦτο.
1648 1587 1734 1650 Ὠς
1765 1587 1876 1659 γὰρ
1909 1589 1937 1641 6

346 1673 512 1741 σοφὸς
569 1676 760 1745 εἴρηκε
799 1674 1083 1746 μαθητήςο
1124 1695 1142 1728 ι
1190 1677 1306 1730 Οὐκ
1353 1677 1502 1730 ἐστιν
1550 1677 1722 1747 ὄνομα
1750 1675 1937 1747 ἕτερον

350 1736 460 1819 ὑπο
495 1736 606 1819 τὸν
629 1736 890 1837 ὀύρανδν,
924 1736 985 1820 τὸ
1004 1736 1300 1837 ’δεδομένον
1329 1736 1658 1838 ἀνθρώποις,
1693 1771 1752 1822 ὲν
1784 1736 1938 1837 ᾤ’δεϊ
1966 1736 2009 1792 Β

343 1857 589 1928 σωθῆναι
627 1860 796 1928 ἡμᾶς.
836 1877 856 1910 ι
901 1859 1083 1932 Πεύσῃ
1135 1861 1192 1914 δὲ
1237 1861 1485 1931 λέγοντος
1529 1863 1623 1916 καὶ
1668 1862 1932 1935 Ἰερεμίου

344 1947 559 2015 σαφῶςο
599 1966 619 2000 ι
675 1947 804 2002 Ἰδοὺ
834 1949 1039 2020 ἡμέραι
1083 1950 1370 2022 ἔρχονται,
1401 1952 1549 2021 λέγει
1583 1952 1808 2024 Κύριος,
1839 1953 1934 2008 καὶ

343 2043 642 2111 ἀναστήσω
690 2041 768 2112 τῷ
809 2041 974 2097 Δασὶδ
1013 2043 1278 2116 ἀνατολὴν
1315 2044 1561 2100 δικαίαν·
1623 2046 1931 2116 βασιλεύσει

343 2133 625 2204 βασιλεὺς,
649 2135 745 2186 καὶ
767 2136 1013 2206 συνήσει,
1048 2137 1141 2190 καὶ
1166 2138 1382 2208 ποιήσει
1409 2139 1583 2208 κρῖμα
1607 2139 1699 2191 καὶ
1727 2139 1928 2192 δικαιο-

343 2223 516 2291 σύνην
541 2225 640 2277 ἐπὶ
671 2225 770 2294 τῆς
803 2225 929 2297 γῆς.
978 2225 1077 2279 Ἑν
1117 2228 1239 2290 ταῖς
1282 2227 1515 2298 ἡμέραις
1557 2227 1720 2281 αὐτοῦ
1755 2227 1932 2298 σωθήο

340 2332 497 2368 σεται
539 2315 763 2380 Ἰούδας,
799 2318 895 2369 καὶ
955 2317 1174 2389 Ἰσραὴλ
1219 2316 1635 2388 κατασκηνώσει
1675 2317 1931 2372 πεποιθό-

339 2423 469 2469 τως.
524 2407 636 2460 Καὶ
681 2407 839 2461 τοῦτο
889 2407 950 2460 τὸ
1003 2409 1176 2478 ὄνομα
1209 2409 1409 2474 αὑτοῦ,
1440 2409 1468 2463 ὃ
1516 2408 1735 2463 καλέσει
1769 2409 1929 2463 αὐτὸν

338 2499 547 2570 Κύριος
594 2500 864 2564 Ἰωσεδὲκ,
895 2502 954 2553 ὲν
981 2505 1095 2563 τοῖς
1125 2503 1458 2572 προφήταις.
1501 2521 1520 2552 ι
1560 2501 1928 2556 Βεὸασίλευκε

336 2592 452 2660 γὰρ
505 2592 588 2660 ἐφ’
622 2593 772 2661 ἡμᾶς
815 2591 1022 2656 δίκαιος
1071 2592 1328 2663 βασιλεὺς
1375 2594 1404 2646 6
1447 2594 1706 2665 Χριστὸς,
1753 2596 1927 2666 κρῖμα

338 2682 612 2752 πεποίηκε
643 2685 737 2736 καὶ
759 2683 1129 2756 δικαιοσύνην,
1153 2683 1470 2751 ἀπαλλάξας
1488 2685 1774 2756 ἁμαρτιῶν
1803 2685 1928 2749 τοὺς

340 2774 753 2843 ἠπατημένους,
778 2777 875 2830 καὶ
905 2777 1274 2840 καταδικάσας
1296 2777 1389 2830 τὸν
1411 2777 1504 2847 ὲχθ
1514 2778 1605 2851 ρον
1617 2777 1710 2830 τοῦ
1733 2777 1925 2831 πλεον-

341 2869 680 2937 εκτήσαντος
736 2870 974 2926 Σατανᾶ.
1037 2868 1286 2939 Τοῦνομα
1334 2869 1391 2924 δὲ
1437 2871 1586 2941 αύτῷ
1638 2870 1922 2935 Ἰωσεδὲκ,

340 2959 631 3025 τουτέστι,
683 2959 1039 3029 δικαιοσύνη
1083 2961 1251 3016 Θεοῦ.
1317 2980 1335 3011 ι
1367 2959 1780 3030 Δεδικαιὼμεθα
1817 2960 1925 3031 γὰρ

2044 501 2144 540 nes
2165 497 2220 541 et
2243 502 2409 557 super
2430 503 2621 546 omnes
2645 493 2856 562 positus
2877 505 2961 549 est
2982 498 3319 569 principatus
3339 502 3613 572 Christus,

2043 579 2500 652 ascendimusque
2538 598 2569 639 e
2612 594 2781 649 terra,
2819 586 2925 641 hoc
2969 598 3073 652 est,
3104 589 3337 661 superna
3379 598 3616 668 cogitare

2043 667 2189 724 docti
2216 685 2426 728 sumus.
2463 692 2481 725 ι
2516 674 2742 745 Magnus
2771 678 2920 732 enim
2965 694 3154 736 revera
3183 691 3266 738 est
3297 685 3415 740 dies
3439 667 3619 745 Jezra-

2039 759 2156 826 hcl,
2194 782 2211 813 ι
2258 764 2364 820 hoc
2390 775 2492 831 est,
2522 767 2914 824 incarnationis
2956 772 3073 839 Dei,
3118 775 3233 829 sive
3257 777 3399 832 Filii.
3445 780 3620 852 Hujus

2041 863 2226 910 autem
2258 856 2368 912 diei
2401 860 2650 913 meminit
2683 861 2847 916 etiam
2882 862 3102 919 divinus
3132 869 3397 937 pr0pheta
3425 871 3614 939 David,

2041 945 2232 1002 dicens
2263 964 2280 1005 :
2321 966 2341 1000 ο
2377 949 2501 1004 Haec
2531 958 2614 1004 est
2639 950 2757 1006 dies
2779 969 2942 1022 quam
2969 953 3098 1009 fecit
3126 957 3409 1025 Dominus,
3438 966 3617 1019 exsul-

2041 1046 2222 1092 temus
2243 1049 2300 1092 et
2323 1039 2572 1094 laetemur
2610 1043 2664 1096 in
2689 1059 2754 1097 ea
2779 1045 2843 1098 ον.
2878 1067 2895 1097 ι
2927 1044 3070 1111 Quin
3097 1056 3153 1102 et
3179 1051 3617 1120 sapientissimus

2041 1127 2242 1183 Paulus
2265 1131 2426 1185 nobis
2457 1132 2535 1186 ait
2563 1152 2573 1186 :
2615 1153 2631 1184 ι
2662 1135 2801 1190 Ecce
2834 1153 2982 1191 nunc
3015 1146 3228 1209 tempus
3256 1145 3613 1213 acccptabile,
3705 1193 3717 1210 ,

2037 1237 2168 1277 ecce
2208 1238 2356 1279 nunc
2388 1225 2506 1282 dies
2539 1228 2731 1283 salutis
2752 1231 2817 1295 θ’,
2856 1250 2873 1281 ›
2911 1231 2967 1285 in
2993 1248 3101 1301 quo
3137 1234 3397 1290 nimirum
3424 1239 3615 1296 salvatl

2039 1329 2248 1380 sumus,
2288 1327 2517 1373 vocante
2562 1320 2629 1374 ad
2669 1321 2776 1376 hoc
2816 1323 3055 1378 Christo.
3093 1326 3248 1392 Nam,
3289 1335 3349 1382 ut
3397 1332 3615 1401 sapiens

2038 1402 2343 1474 discipulus
2382 1407 2542 1463 docet
2573 1427 2586 1461 :
2627 1428 2646 1460 ‹
2689 1410 2810 1464 Non
2845 1419 2928 1466 est
2956 1427 3154 1467 nomen
3179 1415 3326 1471 aliud
3352 1419 3453 1472 sub
3475 1422 3615 1476 caalo

2037 1495 2226 1550 datum
2255 1497 2593 1566 hominibus,
2620 1501 2674 1556 in
2711 1517 2820 1572 quo
2849 1511 3098 1572 oporteat
3130 1521 3228 1561 nos
3263 1509 3458 1564 salvari
3481 1513 3546 1566 θ’.
3588 1531 3606 1564 ι

2038 1587 2242 1643 Audies
2301 1606 2432 1645 vero
2481 1593 2647 1648 etiam
2706 1595 2999 1650 Jcremiam
3045 1604 3232 1666 aperte
3281 1599 3556 1656 dicentem
3597 1622 3611 1657 :

2046 1697 2064 1730 ι
2093 1680 2233 1735 Ecce
2272 1681 2390 1736 dies
2433 1684 2680 1749 veniunt,
2725 1685 2861 1739 dicit
2903 1687 3167 1741 Dominus
3200 1707 3212 1743 :
3246 1701 3302 1744 et
3341 1694 3615 1750 suscitabo

2035 1770 2204 1825 David
2253 1787 2475 1842 germen
2511 1775 2741 1843 justum,
2781 1785 2836 1830 et
2873 1777 3124 1846 regnabit
3161 1795 3275 1844 rex,
3304 1788 3359 1835 et
3396 1785 3614 1852 sapiens

2035 1861 2161 1926 erit,
2187 1870 2242 1916 et
2278 1862 2442 1918 faciet
2461 1863 2729 1933 judicium
2753 1874 2809 1920 et
2827 1867 3099 1936 justitiam
3125 1870 3181 1925 in
3206 1880 3370 1926 terra.
3405 1873 3466 1928 In
3492 1875 3611 1930 die-

2036 1951 2138 2006 bus
2181 1953 2302 2023 ejus
2339 1955 2637 2010 salvabitur
2657 1957 2818 2022 Juda,
2851 1966 2906 2013 et
2944 1958 3108 2015 lsrael
3145 1962 3416 2019 habitabit
3445 1967 3613 2021 confi-

2034 2042 2248 2099 denter.
2275 2045 2343 2098 Et
2369 2045 2474 2099 hoc
2495 2055 2802 2102 estnomen
2824 2050 2963 2120 ejus,
2989 2052 3137 2120 quod
3163 2055 3438 2110 vocabunt
3460 2072 3609 2123 eum,

2034 2135 2296 2189 Dominus
2332 2137 2560 2192 Josedec
2597 2138 2651 2191 in
2689 2141 2974 2208 prophetis
3001 2142 3068 2196 ³³.
3107 2162 3124 2194 ι
3165 2144 3434 2216 Regnavit
3461 2148 3610 2202 enim

2033 2242 2198 2296 super
2236 2243 2339 2282 nos
2371 2228 2550 2298 justus
2583 2245 2675 2285 rex
2702 2229 2974 2298 Christus,
2994 2233 3264 2304 justitiam
3289 2235 3420 2292 fecit
3443 2247 3499 2293 et
3517 2239 3608 2308 ju~

2031 2319 2258 2386 dicium,
2287 2321 2529 2376 liberans
2559 2337 2590 2376 a
2625 2323 2865 2392 peccatis
2896 2339 2993 2380 eos
3045 2327 3141 2397 qui
3179 2327 3395 2399 decepti
3428 2337 3607 2395 erant,

2029 2421 2088 2466 et
2111 2411 2486 2468 condcmnans
2513 2413 2725 2469 hostem
2755 2414 2986 2482 Satanae,
3017 2419 3364 2488 tyrannidem
3411 2419 3469 2475 in
3509 2436 3611 2476 nos

2029 2505 2356 2560 exercentis.
2384 2505 2596 2560 Nomen
2617 2522 2749 2561 vero
2772 2507 2874 2578 ipsi
2911 2509 3165 2574 Josedec,
3195 2511 3302 2565 hoc
3328 2518 3431 2576 est,
3449 2513 3612 2583 justi-

2033 2596 2148 2649 titia
2177 2595 2293 2650 Dei.
2341 2615 2357 2646 ι
2387 2595 2675 2652 Justificati
2716 2599 2863 2653 enim
2899 2615 3089 2656 sumus
3127 2602 3184 2655 in
3226 2602 3364 2671 ipso,
3393 2618 3504 2658 non
3541 2619 3610 2662 ex

2030 2686 2290 2756 operibus
2321 2687 2550 2756 justitiae
2600 2705 2722 2758 quae
2754 2689 2982 2746 fecimus
3025 2707 3147 2756 nos,
3178 2692 3273 2748 sed
3306 2695 3609 2750 secundum

2029 2793 2280 2848 magnam
2331 2780 2502 2848 ipsius
2549 2759 2982 2837 misericordiam
3011 2786 3075 2836 ’⁵.
3118 2804 3136 2834 )
3185 2785 3396 2840 Idcirco
3439 2786 3604 2841 etiam

2029 2867 2162 2922 dicit
2191 2868 2336 2923 Deus
2363 2883 2426 2923 ac
2450 2869 2612 2924 Pater
2642 2887 2653 2922 :
2694 2889 2710 2919 σ
2734 2870 3151 2941 ApprOpinquat
3175 2874 3428 2928 celeriter
3448 2876 3609 2944 justi-

2030 2961 2102 3016 tia
2132 2974 2272 3026 mea,
2293 2968 2350 3014 ct
2375 2960 2749 3016 misericordia
2787 2977 2907 3016 mea
2941 2962 3276 3017 revelabitur
3296 2965 3362 3018 θ’.
3401 2985 3418 3016 ι
3450 2965 3608 3020 Misc-

338 3049 399 3104 ιν
426 3050 596 3120 αὐτῷ,
625 3051 721 3105 καὶ
759 3051 859 3104 οὐκ
903 3051 963 3116 ἐξ
993 3051 1167 3124 ἔργων
1212 3051 1557 3120 δικαιοσύνης
1594 3049 1629 3104 ἃ
1664 3053 1925 3122 ἐποιήσα-

2033 3051 2272 3107 ricordia
2302 3053 2448 3108 enim
2479 3059 2536 3108 et
2555 3053 2768 3122 justitia
2795 3053 2954 3124 166
2973 3053 3134 3109 nobis
3153 3053 3329 3110 factus
3347 3064 3431 3111 est
3449 3055 3607 3112 Chri-

343 3159 448 3212 μεν
488 3144 680 3212 ἡμεῖς,
722 3143 854 3197 ἀλλὰ
896 3144 1035 3197 κατὰ
1081 3145 1140 3198 τὸ
1184 3145 1318 3198 πολὺ
1347 3145 1512 3198 αὐτοῦ
1541 3143 1708 3205 ἕλεος.
1749 3163 1767 3194 ι
1799 3145 1924 3197 Τοι-

337 3237 535 3306 γάρτοι
576 3237 671 3290 καὶ
710 3237 948 3304 ἔφασκεν
985 3239 1013 3290 6
1057 3237 1188 3301 Θεὸς
1236 3239 1330 3291 καὶ
1378 3238 1589 3307 Πατήρ·
1625 3256 1642 3286 ι
1687 3236 1925 3305 Ἑγγίζει

336 3331 482 3396 ταχὺ
512 3331 547 3399 ή
580 3328 896 3400 δικαιοσύνη
947 3347 1083 3400 μου,
1128 3329 1222 3382 καὶ
1268 3328 1328 3381 τὺ
1381 3328 1528 3390 ἔλεός
1566 3345 1666 3397 μου
1718 3329 1927 3381 ἀποκαα

337 3416 700 3488 λνφθήσεται.
737 3437 755 3470 ι
812 3418 1002 3482 Ἔλεος
1045 3418 1153 3489 γὰρ
1201 3417 1296 3471 καὶ
1348 3417 1666 3484 δικαιοσύνη
1701 3417 1926 3484 γέγονεν

337 3511 476 3578 ἡμῖν
509 3509 663 3578 παρὰ
691 3509 787 3562 τοῦ
820 3508 957 3563 Θεοῦ
995 3510 1088 3563 καὶ
1121 3511 1334 3582 Πατρὸς
1359 3511 1387 3562 6
1418 3508 1674 3579 Χριστὸς,
1698 3508 1756 3562 ὃν
1778 3507 1928 3578 αὑτῷ

336 3601 402 3671 δὴ
437 3601 616 3672 τούτῳ
642 3602 720 3672 τῷ
753 3601 975 3673 ὀνόματι
1004 3602 1099 3656 καὶ
1138 3602 1166 3654 6
1193 3601 1450 3672 λαμπρὸς
1487 3601 1595 3655 τῶν
1619 3603 1790 3669 ἁγίων
1819 3601 1924 3655 ἀπ-

338 3695 530 3747 εκάλει
559 3696 740 3765 χορός.
773 3693 829 3749 '0
859 3693 956 3765 μὲν
1001 3695 1112 3766 γὰρ
1148 3695 1414 3765 μακάριος
1444 3679 1714 3764 Σαμουὴλ,
1743 3696 1770 3768 6
1813 3693 1928 3747 δια-

339 3784 538 3854 δόητος
576 3787 634 3838 έν
662 3787 992 3856 προφήταις,
1013 3785 1336 3857 προσελάλει
1365 3788 1477 3848 τοῖς
1504 3786 1563 3851 ἐξ
1600 3784 1926 3855 Ὶσραὴλ,λέ-

339 3892 457 3943 γων
484 3889 499 3904 ο
540 3894 559 3926 ι
597 3875 707 3928 Καὶ
756 3877 887 3941 ἰδοὺ,
922 3875 1034 3943 ἐγὼ
1062 3875 1348 3947 διελήλυθα
1390 3874 1621 3928 ἐνώπιον
1668 3876 1821 3946 ὑμῶν
1863 3877 1927 3928 ἐκ

339 3965 601 4034 νεότητός
677 3983 782 4035 μου
853 3968 949 4020 καὶ
998 3965 1101 4030 ἕως
1133 3966 1231 4036 τῆς
1269 3965 1480 4037 ἡμέρας
1523 3965 1746 4037 ταύτης.
1795 3966 1926 4020 Ἰδοὺ

339 4055 489 4124 ιγὼ,
525 4057 861 4127 ἀποκρίθητε
915 4058 1035 4111 κατ’
1076 4055 1210 4126 ἐμοῦ
1271 4056 1502 4111 ἐνώπιον
1541 4057 1781 4129 Κυρίου,
1835 4057 1928 4110 καὶ

343 4149 577 4204 ἐνώπιον
628 4150 870 4221 Χριστοῦ
917 4149 1103 4204 αὐτοῦ.
1148 4169 1168 4202 ι
1220 4151 1328 4204 Καὶ
1371 4151 1569 4204 πάλινσ
1631 4169 1649 4202 ι
1701 4150 1929 4220 Μάρτυς

342 4240 548 4310 Κύριος
596 4241 654 4292 ἐν
705 4239 868 4308 ὑμῖν,
910 4241 1005 4292 καὶ
1059 4239 1271 4310 μάρτυς
1302 4239 1537 4310 Χριστὸς
1569 4237 1734 4293 αὐτοῦ
1768 4239 1826 4292 έν
1857 4241 1923 4309 τῇ

342 4333 527 4402 ἡμέρᾳ
548 4331 745 4401 ταύτῃ,
781 4332 864 4384 ὅτι
890 4333 988 4400 οὐχ
1019 4332 1291 4402 εὐρήκατε
1321 4332 1380 4384 έν
1412 4334 1477 4402 τῇ
1513 4331 1659 4402 χειρί
1691 4347 1792 4401 μου
1831 4327 1934 4384 οὑξ

2031 3153 2147 3200 ειυε
2169 3160 2200 3199 a
2224 3145 2337 3200 Deo
2359 3159 2422 3200 ac
2442 3145 2628 3208 Patre;
2657 3159 2818 3214 quem
2846 3144 3067 3215 quidem
3091 3145 3196 3198 hoc
3218 3145 3336 3215 ipso
3361 3148 3603 3213 nomine,

2028 3235 2256 3291 illustris
2315 3243 2632 3290 sanctorum
2688 3234 2892 3290 chorus
2949 3237 3263 3306 appellavit.
3324 3237 3603 3307 Siquidem

2027 3328 2222 3383 beatus
2240 3328 2332 3382 ille
2354 3326 2594 3389 Samuel,
2621 3325 2856 3380 celebris
2885 3326 3029 3383 inter
3057 3327 3371 3398 prophetas,
3402 3329 3606 3384 allocu-

2029 3425 2118 3472 tus
2139 3425 2223 3473 est
2247 3417 2542 3480 lsraelitas,
2570 3416 2760 3473 dicens
2788 3437 2798 3470 :
2836 3437 2853 3470 ‹
2887 3418 2955 3473 Et
2983 3433 3110 3473 ecce
3151 3435 3251 3489 ego
3285 3420 3630 3490 progressus

2029 3523 2149 3564 sum
2179 3522 2362 3563 coram
2399 3506 2556 3561 vobis
2587 3506 2656 3560 ab
2688 3507 3056 3562 adolescentia
3087 3523 3228 3573 mea,
3259 3516 3316 3563 et
3343 3523 3515 3578 usque
3548 3509 3607 3563 in

2028 3599 2176 3654 diem
2201 3599 2363 3653 hanc.
2387 3599 2526 3653 Ecce
2571 3613 2703 3669 ego;
2733 3598 3058 3668 respondete
3089 3607 3281 3654 contra
3307 3615 3394 3655 me
3423 3615 3608 3654 coram

2027 3690 2286 3755 Domino,
2315 3697 2372 3744 et
2409 3704 2592 3744 coram
2637 3688 2856 3744 Christo
2884 3691 3053 3761 ipsius
3076 3689 3145 3744 ’°.
3181 3709 3199 3741 ι
3253 3692 3322 3746 Ει
3364 3707 3557 3748 rursus
3591 3711 3606 3746 :

2037 3803 2054 3836 ι
2095 3782 2274 3839 Testis
2295 3781 2560 3840 Dominus
2591 3781 2646 3836 in
2680 3782 2854 3845 vobis,
2881 3791 2936 3837 et
2966 3784 3121 3838 testis
3149 3783 3402 3839 Christus
3436 3783 3608 3853 ipsius

2028 3872 2085 3928 in
2105 3871 2194 3926 die
2218 3872 2340 3936 hac,
2361 3871 2505 3940 quod
2527 3887 2637 3926 non
2662 3870 2952 3926 invenistis
2973 3872 3029 3925 in
3052 3887 3138 3926 me
3155 3871 3455 3941 quidquam
3481 3873 3545 3924 ’⁷.
3581 3891 3599 3922 ι

2028 3963 2367 4020 Manifestius
2415 3977 2547 4017 vero
2595 3962 2910 4017 Iudaeorum
2962 3962 3396 4025 contumaciam,
3437 3970 3606 4031 atque

2027 4055 2290 4110 eﬂ’renem
2317 4053 2600 4107 audaciam
2632 4051 2898 4107 adversus
2923 4051 3225 4119 Christum,
3251 4069 3528 4125 vanasque
3549 4064 3606 4110 et

2027 4144 2266 4216 pueriles
2321 4143 2680 4213 cogitationes
2732 4150 2944 4198 tantum
2989 4159 3101 4199 non
3153 4155 3371 4201 accusat
3410 4147 3601 4209 David,

2029 4235 2254 4291 dicens:
2287 4253 2304 4286 ι
2329 4233 2512 4301 Quare
2533 4234 2878 4290 fremuerunt
2898 4245 3106 4307 gentes,
3135 4247 3191 4292 et
3214 4239 3400 4308 populi
3434 4239 3606 4295 medi-

2032 4328 2130 4383 tati
2152 4337 2283 4383 sunt
2309 4327 2524 4383 inania?
2547 4327 2857 4383 Astiterunt
2878 4345 3033 4399 reges
3052 4338 3229 4394 terrae,
3251 4339 3305 4384 et
3328 4331 3606 4401 principes

342 4423 449 4476 δέν.
482 4444 500 4474 ι
531 4425 892 4493 Σαφεστέρως
921 4424 978 4476 δὲ
1005 4425 1098 4477 καὶ
1125 4427 1153 4478 6
1190 4424 1464 4494 μακάριος
1495 4423 1660 4477 Δαϐὶδ
1687 4424 1786 4487 τὰς
1816 4423 1924 4479 τῶν

2033 4419 2340 4490 congregati
2385 4425 2516 4473 sunt
2568 4418 2626 4472 in
2665 4433 2857 4481 unum,
2886 4419 3148 4473 adversus
3197 4420 3510 4485 Dominum,
3550 4429 3607 4475 et

356 4513 627 4567 Ἰουδαίων
663 4514 944 4588 ἀπονοίας,
978 4516 1072 4568 καὶ
1099 4515 1161 4568 τὺ
1191 4514 1443 4584 ἀχάλινον
1467 4513 1666 4584 θράσος
1697 4514 1757 4568 τὸ
1787 4515 1926 4568 κατὰ

343 4603 603 4674 Χριστοῦ,
639 4607 733 4657 καὶ
747 4604 809 4657 τὸ
831 4607 1034 4660 είκαῖον
1051 4606 1108 4658 ὲν
1125 4606 1428 4676 σκέμμασι,
1449 4606 1544 4659 καὶ
1568 4606 1926 4676 μειρακιῶδες

347 4696 403 4746 ιν
419 4695 718 4764 λογισμοῖς,
738 4697 1016 4767 μονονουχὶ
1034 4697 1129 4750 καὶ
1140 4701 1488 4753 καταιτιᾶται
1505 4698 1700 4766 λέγων·
1713 4717 1730 4748 ι
1743 4698 1859 4751 Ἵνα
1871 4699 1924 4751 τί

348 4785 626 4856 ἐφρύαξαν
654 4787 918 4856 ἑθνη,καὶ
946 4788 1066 4841 λαοὶ
1091 4776 1430 4860 ἐμελέτησαν
1465 4788 1617 4854 κενάς
1640 4789 1924 4860 Παρέστη-

348 4891 446 4930 σαν
468 4877 519 4929 οί
545 4876 786 4945 βασιλεῖς
800 4879 900 4948 τῆς
929 4879 1054 4948 γῆς,
1083 4880 1177 4932 καὶ
1204 4879 1255 4932 οἱ
1288 4878 1551 4949 ἄρχοντες
1582 4877 1926 4949 συνήχθησαν

345 4967 438 5018 ἐπὶ
474 4968 537 5020 τὸ
569 4969 725 5031 αὐτὸ,
767 4969 911 5024 κατὰ
953 4968 1050 5023 τοῦ
1088 4970 1294 5040 Κυρίου
1317 4971 1431 5024 ικαὶ
1479 4966 1621 5023 κατὰ
1663 4969 1758 5022 τοῦ
1792 4971 1928 5041 Χρι-

347 5056 473 5111 στοῦ
527 5059 712 5114 αὑτοῦ.
771 5077 790 5110 ι
846 5060 996 5114 Κενὰ
1026 5063 1134 5132 γὰρ
1185 5061 1354 5124 ὅντως
1407 5058 1476 5114 τὰ
1522 5060 1621 5130 τῆς
1665 5060 1928 5115 Ἰουδαίων

345 5149 586 5218 ἀμαθίας
629 5150 773 5206 κατὰ
801 5151 1039 5224 Χριστοῦ
1077 5151 1442 5222 βουλεύματα.
1479 5151 1555 5204 O6
1589 5150 1696 5222 γὰρ
1728 5151 1794 5204 ἂν
1825 5151 1929 5204 ἁπ-

347 5239 540 5294 έθανεν
563 5241 750 5313 ἡζωὴ,
779 5244 887 5298 οὐδ’
918 5247 976 5298 ὲν
1005 5246 1124 5308 ταῖς
1154 5243 1282 5315 ᾅδου
1312 5241 1512 5306 πύλαις
1535 5242 1727 5309 γέγονε
1792 5241 1927 5298 κάτ-

345 5349 491 5400 οχος,
516 5335 546 5386 6
568 5334 662 5389 καὶ
688 5337 800 5398 τοῖς
830 5337 980 5390 κάτω
1003 5334 1313 5406 πνεύμασιν
1343 5333 1534 5387 εἰπών·
1573 5354 1590 5386 ι
1614 5332 1921 5404 Ἑξέλθητε·

347 5427 444 5480 καὶ
468 5429 584 5490 τοίς
609 5429 669 5480 ἐν
694 5427 770 5499 τῷ
801 5429 1000 5482 σκότει·
1034 5427 1500 5499 Ἀνακαλύφθητε.
1530 5446 1546 5476 ι
1584 5426 1926 5499 Κατεθρήνει

416 5633 464 5668 ’⁸
483 5634 626 5692 Psal.
662 5651 824 5700 cxvu,
855 5635 946 5690 2-4.
1052 5637 1094 5668 ⁹¹
1117 5634 1162 5690 ιι
1190 5634 1315 5690 Cor.
1341 5651 1414 5698 γι,
1440 5635 1492 5690 2.

1603 5635 1648 5668 ⁹⁹
1674 5634 1790 5690 Act.
1823 5651 1895 5699 iv,
1931 5638 2020 5693 ιε.

2032 4515 2296 4570 adversus
2336 4511 2617 4570 Christum
2665 4512 2838 4582 ipsius
2870 4511 2936 4565 θ’.
2975 4531 2992 4562 ι
3044 4511 3192 4567 Vana
3225 4513 3370 4567 enim
3415 4529 3604 4568 revera

2031 4609 2255 4664 fuerunt
2300 4604 2615 4662 Iudaeorum
2667 4604 2956 4674 imperitiae
3011 4605 3273 4661 adversus
3327 4603 3607 4661 Christum

2032 4699 2280 4754 consilia.
2311 4698 2498 4768 Neque
2529 4696 2678 4751 enim
2709 4701 2922 4750 mortua
2945 4703 3029 4751 est
3049 4697 3180 4761 vita,
3203 4714 3380 4769 neque
3407 4696 3608 4753 inferni

2031 4791 2202 4860 portis
2226 4790 2557 4845 constrictus
2583 4788 2706 4853 fuit,
2733 4792 2824 4860 qui
2866 4790 3032 4844 etiam
3069 4788 3299 4844 infernis
3321 4787 3608 4859 Spiritibus

2030 4879 2210 4935 dixit:
2246 4898 2264 4930 ι
2298 4880 2483 4945 Exite;
2517 4889 2573 4935 et
2601 4880 2670 4935 iis
2706 4881 2800 4950 qui
2842 4881 2898 4935 in
2941 4879 3184 4935 tenebris
3221 4877 3602 4938 versabantur,

2031 4970 2370 5025 Revelamini
2394 4971 2460 5022 ³⁵.
2489 4990 2506 5020 ι
2548 4971 2863 5041 Deploravit
2899 4978 3082 5026 autem
3108 4966 3411 5025 Jerusalem
3439 4963 3606 5018 etiam

2029 5062 2296 5132 propheta
2331 5062 2615 5127 Jeremias,
2643 5072 2702 5118 ut
2735 5063 2978 5133 impiam,
3020 5069 3078 5114 ut
3115 5055 3333 5112 Domini
3377 5052 3606 5109 interfe-

2029 5153 2275 5218 ctricem,
2305 5163 2366 5208 ut
2408 5149 2712 5224 profanam,
2746 5163 2806 5209 ut
2848 5153 3136 5223 ingratam.
3179 5149 3258 5204 Ita
3297 5147 3444 5204 enim
3487 5145 3602 5202 ait:

2042 5263 2059 5296 ι
2089 5244 2326 5316 Spiritus
2364 5255 2490 5301 ante
2527 5245 2722 5300 faciem
2760 5252 3006 5300 nostram
3041 5241 3292 5298 Christus
3321 5238 3603 5300 Dominus,

2035 5337 2465 5406 comprehensus
2484 5345 2569 5394 est
2591 5338 2647 5390 in
2671 5334 3181 5405 incorruptionibus
3196 5334 3331 5395 suis,
3350 5329 3444 5386 ubi
3468 5327 3606 5384 dixi-

2035 5443 2158 5484 mus
2183 5445 2195 5480 :
2224 5427 2284 5482 ln
2310 5429 2503 5484 umbra
2528 5429 2701 5498 ipsius
2721 5427 2970 5481 vivemus
2997 5425 3052 5481 in
3077 5423 3333 5496 gentibus
3355 5421 3391 5476 ⁸.
3421 5440 3439 5473 ι
3467 5417 3604 5475 Cum

2854 5631 2899 5662 ’δ
2925 5629 3083 5685 Rom.
3119 5643 3198 5695 ιιι,
3228 5627 3318 5683 24.
3426 5623 3474 5657 ⁸⁵
3498 5617 3623 5682 18αέ

2121 5634 2167 5667 ³³
2198 5635 2400 5690 Jerem.
2438 5647 2588 5697 χχιιι,
2619 5632 2672 5696 5,
2695 5631 2749 5686 6.

350 5718 466 5779 Im,
497 5703 545 5758 ι.
617 5706 705 5761 "l
731 5698 862 5778 Reg.
895 5721 989 5771 xu,
1013 5705 1069 5770 ἓ,
1109 5705 1161 5759 3.
1238 5706 1281 5738 "
1312 5705 1449 5759 Ibid.
1479 5705 1531 5759 5.
1609 5704 1655 5737 "
1690 5705 1829 5762 Psal.
1867 5698 1926 5775 ιι,

2033 5707 2074 5764 ἰ.
2150 5706 2196 5739 ’⁸
2230 5705 2332 5763 lsa.
2360 5719 2499 5774 xux,
2535 5702 2588 5760 9.
2669 5703 2684 5736 ¹
2717 5701 2920 5759 Thren.
2962 5716 3036 5771 ιν,
3066 5698 3155 5755 20.

674 5797 944 5862 PATROL.
990 5797 1105 5858 Gn.
1148 5795 1350 5860 LXIX.

3170 5790 3204 5855 ο
3529 5809 3627 5847 κν.
