4004 6204
413 275 525 329 s67
1421 271 1475 325 δ.
1505 271 1777 326 C'x'ltlLLl
1817 229 2298 327 Atuxaxnmxi'
2330 273 2653 328 ARCHIEP.
3575 277 3682 338 eos

416 396 569 453 enim
598 393 918 453 debuissent
955 392 1185 464 gratiam
1224 408 1322 464 per
1355 391 1520 446 tidem
1556 392 1857 463 suscipere,
1883 401 1994 448 tan-

2100 393 2154 447 E‘e
2205 394 2296 447 καὶ
2347 395 2445 465 τὴν
2481 393 2835 466 Ἰερουσαλὴμ
2885 395 2914 447 6
2955 395 3238 465 προφήτης
3279 395 3577 466 Ἱερεμίας,
3609 399 3683 461 ὼς

417 499 584 559 quam
612 486 756 541 viam
793 485 1087 540 salutarem
1119 485 1230 540 Deo
1264 491 1630 554 repugnantes
1671 481 1994 552 deprehensi

2102 485 2346 546 ἀνοσίαν,
2379 486 2456 550 ὼς
2488 486 2964 558 Κυριοκτόνον,ὼς
2993 485 3238 556 βέϐηλον,
3263 487 3340 550 ὼς
3367 489 3680 559 ἀχάριστον.

417 585 567 636 sunt.
581 577 848 645 Quocirca
866 577 1115 631 omnium
1136 575 1327 646 Opifex
1344 573 1734 646 (unigenitum.
1752 573 1999 643 inquam,

418 671 514 726 Dei
539 670 826 740 Verbum),
855 668 1152 724 demittens
1171 667 1422 738 seipsum
1454 665 1523 721 ad
1549 664 1999 731 exinanitionem,

419 771 618 819 unctus
659 769 744 816 est
779 777 809 816 a
839 761 1024 822 Patre,
1053 759 1340 828 factusque
1370 765 1431 812 ut
1457 772 1557 812 nos
1578 759 1620 812 ⁸.
1658 756 2001 812 Exinanitio~

417 853 506 909 nis
547 867 680 908 vero
719 866 920 922 scopus
963 849 1056 904 hic
1098 849 1221 914 fuit,
1251 848 1460 904 salvare
1491 862 1587 902 eos
1622 847 1718 917 qui
1752 847 1810 901 in
1840 845 2002 902 terris

415 954 707 1001 versantur
734 962 746 998 :
772 941 917 1014 quod
943 952 1000 998 et
1024 941 1294 1012 propheta
1317 939 1624 1010 Sophonias
1645 948 1879 994 testatus
1895 944 1998 1002 est,

416 1039 648 1094 dicens:
689 1056 706 1089 ι
741 1036 927 1093 Gaude
971 1034 1149 1098 valde,
1193 1033 1304 1088 filia
1351 1033 1524 1099 Sion;
1577 1030 1850 1102 pmdica,
1891 1030 2002 1087 ﬁlia

416 1129 756 1195 Jerusalem;
799 1127 1012 1182 exsulta
1051 1133 1106 1180 et
1145 1123 1407 1180 deliciare
1436 1139 1504 1178 ex
1543 1131 1658 1177 toto
1690 1121 1856 1177 corde
1886 1129 2000 1186 tuo,

417 1223 526 1277 tilia
568 1219 893 1277 Jerusalem.
920 1215 1162 1273 Abstulit
1203 1216 1471 1271 Dominus
1504 1213 1822 1284 iniquitates
1858 1220 1999 1278 tuas,

417 1309 651 1364 redemit
680 1316 731 1362 te
763 1307 829 1362 de
869 1322 1035 1362 manu
1071 1304 1418 1360 inimicorum
1463 1313 1704 1358 tuorum.
1733 1302 2002 1374 Regnabit

417 1398 855 1457 Dominuslsrael
868 1397 925 1451 in
945 1396 1126 1452 medio
1142 1396 1243 1460 tui,
1256 1410 1366 1450 non
1381 1393 1593 1449 videbis
1608 1393 1748 1448 mala
1766 1393 1908 1448 ultra
1923 1395 1962 1448 ³.
1976 1413 1993 1444 ι

415 1491 524 1560 Ipsi
548 1506 698 1554 vero,
722 1488 1104 1544 inobedientes
1135 1496 1300 1558 atque
1322 1485 1714 1552 intractabiles,
1732 1492 1788 1541 et
1806 1483 2001 1540 effreni

415 1584 643 1640 audacia
666 1583 904 1654 przediti,
937 1581 1271 1637 contumelia
1311 1581 1490 1650 ipsum
1522 1579 1848 1643 ail‘ecerunt,
1881 1587 2000 1633 tur-

415 1675 640 1744 pissima
668 1690 897 1746 quaeque
927 1672 1110 1728 animo
1138 1671 1529 1742 concipientes,
1560 1679 1616 1724 et
1649 1668 1828 1738 reipsa
1859 1683 1998 1739 prae-

2104 577 2249 648 Ἐφη
2277 577 2384 648 γὰρ
2431 577 2604 630 οὕτω·
2648 597 2666 629 ι
2709 577 2934 648 Πνεῦμα
2987 579 3093 650 προ
3147 578 3442 650 προσώπου
3491 579 3676 650 ἡμῶν,

2100 669 2337 741 Χριστὸς
2385 669 2608 740 Κύριος,
2644 669 2948 743 συνελήφθη
2980 672 3037 726 ὲν
3069 673 3189 734 ταῖς
3232 671 3551 742 διαφθοραῖς
3586 673 3681 724 αὐ-

2099 758 2230 824 τῶν,
2249 753 2308 814 οὗ
2338 758 2592 830 εἴπαμεν⁸
2622 759 2712 813 Ἐν
2735 762 2802 830 τῇ
2835 760 2964 830 σκιᾷ
2985 759 3149 813 αὑτοῦ
3177 759 3459 830 ζησόμεθα
3481 761 3539 813 ὲν
3567 763 3681 822 τοίς

2100 849 2298 904 ἔθνεσι.
2353 869 2372 901 ι
2425 850 2554 904 Δέον
2596 850 2704 922 γὰρ
2737 851 2955 904 ἑλέσθαι
2986 850 3082 921 τὴν
3111 851 3199 904 διὰ
3229 851 3467 915 πίστεως
3495 851 3680 922 χάριν,

2101 942 2175 1006 ὼς
2215 941 2334 996 ὁδὸν
2378 943 2665 1013 σωτήριον,
2705 941 3102 1013 θεομαχοῦντες
3135 941 3438 1010 ἡλίσκοντο.
3469 942 3680 995 Οὐκοῦν

2100 1036 2128 1086 6
2173 1033 2272 1104 μὲν
2313 1031 2421 1088 τῶν
2469 1033 2605 1086 ὅλων
2672 1032 3058 1104 Γενεσιουργὸς
3082 1075 3094 1098 ,
3144 1033 3175 1084 6
3233 1031 3526 1104 μονογενὴς
3580 1032 3680 1086 τοῦ

2100 1123 2238 1178 Θεοῦ
2275 1124 2470 1193 Λόγος,
2523 1122 2731 1187 καθιεὶς
2773 1123 2962 1178 ἑαυτὸν
2995 1125 3074 1186 εἰς
3118 1123 3368 1184 κένωσιν,
3395 1123 3681 1195 κέχριστσι

2102 1217 2253 1286 παρὰ
2280 1217 2375 1271 τοῦ
2406 1217 2639 1289 Πατρὸς,
2677 1217 2774 1271 καὶ
2800 1215 2992 1285 γέγονε
3018 1215 3143 1270 καθ’
3169 1217 3339 1288 ἡμᾶς.
3374 1217 3489 1272 Καὶ
3521 1220 3551 1272 6
3579 1220 3681 1290 τῆς

2108 1297 2393 1372 κενώσεως
2427 1308 2655 1373 σκοπὸς,
2680 1309 2758 1372 εἰς
2778 1307 2839 1360 τὸ
2865 1306 3126 1362 διασῶσαι
3154 1309 3280 1373 τοὺς
3307 1307 3399 1364 ἐπὶ
3422 1309 3522 1379 τῆς
3551 1309 3678 1382 τῆς.

2102 1398 2210 1451 Kal
2231 1397 2360 1466 γοῦν
2389 1400 2418 1453 6
2446 1403 2730 1470 προφήτης
2771 1398 3030 1467 Σοφονίας
3057 1399 3460 1470 εὐηγγελίζετο,
3483 1401 3678 1474 λέγων’

2108 1507 2126 1539 ι
2172 1489 2343 1559 Χαῖρε
2389 1489 2592 1559 σφόδρα
2617 1528 2632 1552 ,
2682 1486 2920 1559 θύγατερ
2951 1486 3114 1553 Σιὼν,
3142 1491 3404 1561 κήρυσσε,
3440 1490 3682 1564 θύγατερ

2114 1580 2490 1652 .Ιερουσαλὴμ,
2521 1580 2814 1651 εὐφραίνου
2837 1581 2931 1634 καὶ
2961 1581 3308 1656 κατατέρπου
3337 1587 3394 1652 ἐξ
3420 1587 3547 1657 ὅλης
3579 1590 3681 1657 τῆς

2103 1673 2328 1745 καρδίας
2363 1690 2480 1737 σου,
2513 1671 2752 1743 θύγατερ
2787 1671 3164 1746 Ἰερουσαλήμ.
3203 1677 3448 1747 Περιεῖλε
3475 1679 3680 1748 Κύριος

417 1775 643 1822 stantes.
669 1765 1036 1832 Quamobrem
1076 1763 1404 1818 delictorum
1440 1776 1668 1816 suorum
1694 1776 1883 1831 poenas
1906 1776 1994 1816 ex-

2100 1764 2165 1817 τὰ
2198 1764 2514 1834 ἀδικήματα
2543 1781 2658 1830 σου,
2687 1762 3019 1834 λελύτρωται
3063 1783 3123 1820 σε
3155 1770 3218 1822 ὲκ
3257 1769 3436 1840 χειρὸς
3468 1769 3679 1842 ἐχθρῶν

418 1857 721 1912 solverunt.
750 1856 873 1911 Mali
901 1857 1047 1909 enim
1082 1855 1228 1910 male
1255 1853 1558 1924 perierunt.
1585 1852 1855 1909 Caeterum
1886 1868 1998 1907 non

420 1949 473 2010 in
495 1949 827 2003 universum.
853 1945 1276 2002 Misericordiam
1295 1945 1443 2000 enim
1462 1944 1743 1999 consecuti
1762 1951 1910 2008 sunt,
1937 1952 1993 1998 et

415 2041 651 2113 reliquid:
675 2041 898 2097 salvam
923 2050 1043 2094 sunt
1073 2039 1112 2105 ⁵,
1134 2038 1288 2108 1'67
1305 2038 1457 2108 juxta
1484 2037 1766 2107 prophetae
1781 2051 1989 2092 vocem.

2103 1874 2218 1912 σου.
2255 1855 2570 1910 Βασιλεὺσει
2620 1856 2826 1929 Κύριος
2885 1858 3099 1930 Ἰσραὴλ
3145 1860 3204 1912 ὲν
3249 1862 3404 1932 μέσῳ
3431 1878 3544 1928 σου,
3573 1863 3678 1914 οὐκ

2097 1949 2216 2018 δέρει
2249 1948 2396 2002 κακὰ
2426 1949 2526 2002 οὐκ
2558 1947 2688 2001 ἔτι.»
2711 1949 2775 2002 Οἱ
2800 1949 2856 2004 δὲ
2886 1951 3128 2015 ἀπειθεῖς
3156 1955 3250 2008 καὶ
3272 1953 3550 2021 ἄτεγκτοι,
3581 1954 3678 2004 καὶ

2116 2039 2261 2110 πέρα
2299 2039 2501 2103 παντὲς
2557 2039 2726 2104 ἰόντες
2776 2041 3044 2112 θράσους,
3093 2045 3554 2116 πεπαρῳνήκασιν
3595 2046 3678 2106 εἰς

413 2138 574 2192 αὐτὸν
602 2139 670 2191 τὰ
701 2138 918 2192 πάντων
943 2138 1217 2206 αἴσχιστα,
1257 2133 1349 2186 καὶ
1411 2131 1646 2204 δρῶντες
1677 2133 1914 2197 εὐκόλως
1971 2134 2065 2188 καὶ
2107 2135 2490 2206 βουλευόμενοι
2533 2135 2954 2208 προαλέστερον.
3001 2137 3289 2211 Τοιγάρτοι
3335 2142 3430 2193 καὶ
3469 2140 3676 2194 ὲκτετξο

414 2249 543 2285 κασι
577 2231 676 2302 μὶν
696 2231 804 2286 τῶν
829 2228 1320 2300 πλημμελημάτων
1348 2227 1446 2292 τὰς
1474 2227 1649 2290 δίκας.
1681 2226 1860 2280 Κακοὶ
1887 2227 1998 2300 γὰρ
2035 2229 2222 2294 κακῶς
2243 2229 2572 2284 ἀπολώλασι.
2597 2229 2744 2302 Πλὴν
2767 2231 2866 2284 οὐκ
2907 2233 2986 2295 εἰς
3008 2231 3172 2287 ἅπαν.
3211 2231 3492 2304 Ἦλέηνται
3541 2232 3672 2302 γὰρ,

413 2326 504 2378 καὶ
531 2325 836 2380 σέσωσται
864 2323 930 2378 τὸ
975 2321 1366 2391 κατάλειμμα,
1415 2321 1558 2376 κατᾶ
1602 2321 1702 2392 τὴν
1734 2319 1830 2374 τοῦ
1854 2324 2136 2394 προφήτου
2164 2325 2368 2395 φωνήν.

480 2422 533 2476 2.
566 2420 722 2488 Quod
756 2419 922 2490 igitur
949 2417 1066 2472 ιιωο
1097 2417 1172 2472 ita
1203 2432 1261 2472 se
1297 2415 1552 2470 habitura
1592 2425 1777 2470 essent
1797 2425 2002 2486 tempo-

412 2516 489 2569 ris
515 2528 794 2574 successu,
834 2511 1056 2564 divinus
1080 2508 1248 2564 Jacob
1283 2509 1513 2563 edoctus
1542 2515 1646 2571 est,
1673 2509 1784 2562 Deo
1815 2508 1866 2561 id
1889 2509 2002 2563 ele-

2173 2417 2238 2488 β’.
2270 2419 2391 2472 Ὅτι
2421 2418 2598 2474 τοίνυν
2620 2418 2795 2474 ταῦτα
2816 2418 3002 2473 τοῦτον
3034 2420 3144 2487 ἕξει
3189 2419 3282 2473 τὸν
3305 2419 3505 2491 τρόπον
3532 2421 3676 2474 κατὰ

2108 2511 2356 2582 καιροὺς,
2404 2513 2432 2565 6
2466 2510 2751 2574 θεσπέσιος
2803 2511 2998 2564 Ἰακὼϐ
3047 2511 3374 2578 ἐδιδάσκετο,
3428 2511 3564 2566 Θεοῦ
3612 2511 3678 2565 τὸ

409 2617 602 2679 ganter
650 2605 942 2676 etligiante.
977 2602 1096 2669 Quo
1142 2613 1323 2657 autem
1377 2604 1560 2666 modo,
1601 2601 1800 2667 dicam,
1831 2603 1994 2672 ipsius

2100 2599 2285 2670 χρῆμα
2312 2599 2739 2670 διαμορφοῦντος
2767 2600 3016 2664 ἀστείως.
3041 2602 3150 2656 Καὶ
3187 2603 3356 2667 ὅπως,
3385 2603 3516 2675 ἐρῶ,
3547 2605 3678 2656 ἀνα.

411 2715 577 2756 sacrae
605 2699 904 2767 Scriptura:
950 2705 1156 2752 textum
1220 2695 1518 2751 ascribens.
1549 2695 1625 2748 Ita
1663 2710 1794 2749 vero
1821 2710 1878 2750 se
1905 2695 2003 2749 ha-

408 2795 503 2848 bet
534 2810 546 2846 :
591 2811 608 2842 ι
637 2791 878 2862 Surgens
908 2799 1090 2844 autem
1125 2797 1283 2843 nocte
1323 2788 1433 2849 illa,
1461 2786 1824 2857 accepitduas
1854 2802 1989 2842 uxo-

410 2901 517 2951 res,
542 2895 598 2940 et
625 2885 761 2938 duas
779 2883 1026 2947 ancillas,
1043 2892 1101 2937 et
1121 2881 1372 2936 undecim
1393 2879 1534 2934 filios
1559 2895 1707 2944 suos,
1731 2888 1789 2935 et
1811 2890 1989 2936 trans-

410 2979 507 3033 ivit
546 2975 834 3032 transitum
880 2973 1122 3046 (vadum)
1159 2972 1386 3038 Jaboch,
1438 2981 1494 3027 et
1549 2971 1824 3042 accipiens
1870 2986 1988 3036 eos,

2097 2690 2266 2756 τιθεὶς
2313 2691 2370 2745 δὲ
2399 2691 2710 2760 ἀναγκαίως
2736 2691 2804 2745 τὰ
2829 2691 2888 2758 ἐξ
2922 2692 3083 2762 ἱερῶν
3109 2694 3263 2764 Γραμ
3278 2694 3466 2765 μάτων
3511 2711 3526 2721 ο
3557 2695 3672 2764 ἔχει

2096 2782 2153 2836 δὲ
2193 2781 2396 2847 οὕτως’
2436 2802 2454 2834 ι
2509 2781 2770 2845 Ἀναστὰς
2814 2781 2871 2836 δὲ
2902 2783 2999 2852 τὴν
3031 2785 3200 2837 νύκτα
3236 2787 3470 2855 ἐκείνην,
3508 2785 3669 2838 ἔλαϐε

2098 2875 2194 2937 τὰς
2222 2875 2315 2928 δύο
2343 2877 2629 2944 γυναῖκας,
2665 2877 2760 2929 καὶ
2789 2875 2884 2938 τὰς
2913 2875 3006 2929 δύο
3048 2877 3348 2942 παιδίσκας,
3378 2880 3468 2932 καὶ
3489 2880 3557 2932 τὰ
3585 2879 3671 2932 ἔνο

2095 2966 2226 3019 δεκα
2250 2967 2432 3020 παιδία
2447 2967 2890 3038 αὑτοῦ,καὶδιὲὄη
2909 2967 3004 3039 τὴν
3026 2969 3274 3023 διάϐασιν
3292 2969 3384 3023 τοῦ
3403 2969 3668 3045 Ἰαϐὼ[χῖ,

409 3069 662 3125 transivit
694 3077 1014 3131 torrentem,
1034 3074 1089 3122 et
1118 3064 1360 3120 traduxit
1388 3064 1571 3119 omnia
1599 3079 1715 3119 sua.
1743 3063 1992 3118 Relictus

2100 3057 2188 3110 καὶ
2222 3056 2412 3110 ἐλεϐεν
2455 3059 2685 3122 αὐτοὺς,
2720 3060 2815 3112 καὶ
2854 3058 3004 3130 διέϐη
3047 3061 3138 3114 τὸν
3179 3061 3542 3132 χειμάρρουν,
3577 3064 3676 3116 καὶ

407 3167 491 3214 est
522 3168 704 3213 autem
739 3157 907 3213 Jacob
935 3157 1102 3219 solus,
1131 3163 1187 3209 et
1215 3154 1527 3209 luctabatur
1561 3154 1727 3208 homo
1751 3167 1875 3207 cum
1904 3166 1991 3217 eo,

2100 3145 2368 3199 διεϐίϐασε
2411 3147 2588 3201 πάντα
2631 3146 2700 3200 τὰ
2743 3147 2930 3202 αὑτοῦ.
2975 3148 3304 3220 Ὑπελείφθη
3353 3149 3410 3202 δὲ
3476 3149 3677 3204 Ἰακὼϐ

409 3267 582 3321 usque
620 3250 689 3304 ad
725 3264 903 3304 mane.
946 3247 1096 3303 Vidit
1130 3255 1313 3302 autem
1359 3245 1506 3316 quod
1551 3261 1679 3300 eum
1731 3258 1994 3315 superare

405 3356 516 3394 non
561 3347 765 3410 posset,
792 3347 848 3393 et
878 3338 1054 3408 tetigit
1099 3336 1444 3391 latitudinem
1487 3335 1715 3392 femoris
1757 3337 1898 3407 ejus,
1938 3343 1995 3390 et

405 3432 674 3488 emarcuit
724 3429 956 3485 latitudo
999 3429 1224 3484 femoris
1276 3428 1464 3493 Iacob,
1517 3443 1644 3484 cum
1688 3429 1994 3484 luctaretur

405 3526 521 3595 ipse
545 3537 778 3578 cumeo.
813 3522 881 3577 Et
907 3521 1047 3577 dixit
1067 3522 1118 3577 ei
1145 3540 1157 3575 :
1181 3521 1406 3577 Dimitte
1429 3535 1546 3586 me;
1571 3520 1817 3575 ascendit
1842 3521 1991 3576 enim

404 3613 710 3671 diluculum
747 3632 762 3680 ;
799 3613 888 3668 ille
943 3622 1126 3668 autem
1175 3612 1314 3667 dixit
1344 3630 1363 3664 »:
1405 3613 1523 3666 Non
1587 3611 1859 3667 dimittam
1915 3621 1987 3676 te,

401 3708 508 3763 nisi
535 3705 671 3761 mihi
698 3705 1064 3760 benedixeris.
1088 3705 1232 3759 Dixit
1258 3713 1440 3760 autem
1464 3704 1544 3759 illi
1570 3721 1586 3758 τ
1612 3703 1771 3770 Quod
1788 3719 1990 3759 nomen

402 3798 660 3866 tibi?Qui
707 3796 1007 3868 reSpondit,
1055 3796 1244 3851 Jacob.
1302 3795 1448 3850 Dixit
1477 3803 1668 3850 autem
1722 3795 1842 3850 illi:
1871 3795 1990 3850 Non

400 3890 688 3946 vocabitur
711 3891 862 3944 ultra
902 3903 1101 3944 nomen
1149 3897 1301 3943 tuum
1334 3886 1523 3952 ‘Jacob,
1551 3886 1648 3942 sed
1694 3886 1856 3941 Israel
1883 3887 1989 3942 erit

398 3996 600 4036 nomen
627 3989 802 4044 tuum,
823 3977 1082 4048 quoniam
1110 3973 1441 4046 praevaluisti
1471 3988 1596 4028 cum
1634 3971 1766 4037 Deo,
1790 3979 1987 4026 etcum

399 4071 715 4126 hominibus
745 4077 956 4138 potens.
999 4064 1358 4136 Interrogavit
1386 4071 1570 4119 autem
1598 4062 1786 4127 Iacob,
1815 4071 1871 4118 et
1899 4062 1985 4117 di-

398 4163 478 4216 xit
503 4177 516 4212 :
543 4158 726 4213 Indica
767 4156 902 4209 mihi
943 4169 1144 4208 nomen
1185 4162 1359 4206 tuum.
1401 4152 1468 4206 Et
1508 4153 1624 4206 ait:
1657 4150 1838 4217 Quare
1880 4149 1986 4204 hoc

398 4253 704 4317 interrogas
751 4257 806 4301 tu
839 4261 1039 4300 nomen
1077 4245 1299 4298 meum?
1331 4244 1400 4297 Et
1423 4241 1710 4296 benedixit
1750 4243 1802 4296 ei
1838 4242 1980 4306 illic;

2099 3236 2280 3306 μόνος,
2312 3235 2405 3290 καὶ
2423 3237 2684 3292 ὲπάλαιεν
2711 3237 2995 3309 ἄνθρωπος
3020 3239 3136 3310 μετ’
3155 3237 3343 3302 αὑτοῦ,
3371 3239 3474 3302 ἕως
3501 3243 3670 3310 πρωῒ.

2096 3323 2215 3382 Εἷδε
2261 3327 2318 3381 δὲ
2338 3371 2353 3396 ,
2391 3329 2472 3382 ὅτι
2510 3329 2572 3382 οὐ
2603 3325 2825 3384 δύναται
2861 3330 2994 3401 πρὸς
3023 3330 3206 3395 αὐτὸν,
3248 3331 3341 3384 καὶ
3374 3329 3549 3400 ἥψατο
3573 3331 3672 3383 τοῦ

2096 3420 2332 3486 πλάτους
2358 3421 2452 3476 τοῦ
2491 3421 2668 3492 μηροῦ
2695 3421 2880 3487 αὐτοῦ,
2918 3423 3014 3476 καὶ
3048 3423 3318 3492 ἐνάρκησε
3367 3423 3428 3476 τὸ
3466 3422 3671 3484 πλάτος

2093 3515 2187 3570 τοῦ
2230 3516 2409 3588 μηροῦ
2464 3514 2680 3580 Ἰακὼϐ,
2719 3517 2778 3570 ἐν
2819 3516 2896 3586 τῷ
2937 3515 3187 3570 παλαίειν
3232 3516 3393 3568 αὑτὸν
3428 3515 3672 3586 μετάὑ-

2091 3608 2206 3664 τοῦ.
2245 3609 2356 3662 Καὶ
2385 3601 2539 3661 εἶπεν
2577 3606 2746 3678 αὐτῷ’
2790 3608 3130 3662 Ἀπόστειλον
3160 3625 3247 3676 με’
3287 3606 3454 3679 ἀνέϐη
3480 3608 3590 3678 γὰρ
3638 3611 3672 3661 6

2090 3699 2305 3774 δρθρος.
2351 3701 2410 3754 Ὀ
2443 3701 2500 3755 δὲ
2552 3697 2734 3754 εἶπενο
2769 3700 2844 3754 Οὐ
2891 3702 2966 3772 μή
3012 3719 3070 3755 σε
3117 3700 3440 3764 ἀποστείλω,
3473 3701 3568 3754 ἐὰν
3588 3705 3666 3773 μή

2095 3805 2161 3858 με
2195 3789 2513 3861 εὐλογήσῃς.
2537 3787 2672 3843 Eine
2691 3790 2746 3844 δὲ
2767 3790 2916 3862 αὑτῷ
2935 3813 2950 3825 -
2981 3792 3045 3844 Τί
3070 3791 3130 3844 τὸ
3151 3791 3323 3862 ὄνομα
3351 3791 3445 3845 σου
3480 3793 3664 3856 tactv;

2102 3881 2160 3935 '0
2177 3882 2235 3935 δὲ
2265 3877 2437 3936 εἶπεν·
2481 3881 2692 3937 Ἰακώϐ.
2723 3883 2834 3937 Kal
2857 3879 3010 3936 εἶπεν
3040 3883 3207 3954 αὐτῷ’
3231 3884 3310 3938 Οὐ
3334 3884 3665 3956 κληθήσεται

2088 3973 2168 4027 ἔτι
2195 3973 2254 4026 τὶ
2281 3973 2452 4044 ὄνομά
2469 3991 2559 4027 σου
2598 3973 2810 4040 Ἰακὼϐ,
2843 3975 2954 4028 ἀλλ’
2984 3976 3194 4047 Ἰσραὴλ
3230 3977 3380 4030 ἔσται
3403 3977 3463 4030 τὸ
3490 3977 3666 4046 δνομά

2090 4083 2205 4131 σου,
2238 4065 2320 4119 ὃτι
2349 4066 2635 4136 ὲνίσχυσας
2668 4066 2804 4136 μετᾶ
2837 4066 2932 4120 τοῦ
2967 4065 3121 4133 Θεοῦ,
3153 4067 3246 4120 καὶ
3286 4065 3424 4138 μετὰ
3449 4067 3665 4136 ἀνθρὼ-

2087 4174 2205 4211 πων
2232 4157 2476 4222 δυνατός,
2522 4155 2801 4228 Ἠρὼτησε
2829 4157 2886 4211 δὲ
2924 4156 3139 4221 Ἰακὼϐ,
3173 4159 3268 4211 καὶ
3298 4153 3450 4211 εἶπεν
3471 4173 3484 4186 ο
3530 4159 3663 4210 ’Λπ-

2087 4249 2338 4318 άγγειλόν
2367 4267 2456 4320 μοι
2486 4249 2547 4303 τὸ
2571 4249 2742 4320 ὄνομα
2769 4267 2882 4304 σου.
2912 4250 3020 4302 Kal
3040 4244 3192 4302 εἶπεν
3219 4266 3231 4280 ’
3271 4249 3387 4303 Ἵνα
3414 4250 3466 4303 τι
3502 4249 3664 4302 τοῦτο

396 4345 453 4392 et
475 4336 689 4391 vocavit
729 4349 927 4388 nomen
965 4331 1069 4387 loci
1095 4331 1262 4396 illius,
1304 4331 1494 4386 Facies
1540 4329 1658 4384 Dei.
1687 4329 1810 4384 Vidi
1835 4331 1982 4384 enim

2100 4341 2294 4410 ἐρωτᾷς
2315 4342 2379 4393 σὺ
2411 4339 2470 4392 τὸ
2496 4339 2665 4409 δνομά
2700 4356 2800 4409 μου
2826 4356 2840 4404 ;
2867 4339 2978 4392 Kal
3010 4339 3311 4410 ηὑλόγησεν
3342 4341 3503 4394 αὐτὸν
3519 4343 3661 4404 ἐκεῖ,

396 4431 569 4484 Deum
593 4426 731 4483 facie
756 4426 824 4481 ad
843 4425 1060 4490 faciem,
1094 4432 1150 4478 et
1171 4423 1320 4479 salva
1353 4421 1492 4476 facta
1522 4431 1608 4477 est
1633 4421 1812 4476 anima
1839 4437 1976 4476 mea.

2100 4428 2180 4482 ml
2207 4429 2462 4482 ἐκάλεσεν
2497 4429 2692 4484 Ἰακὼϐ
2712 4430 2775 4484 τὸ
2802 4431 2970 4501 δνομα
2991 4429 3084 4483 τοῦ
3112 4431 3278 4485 τόπου
3302 4432 3532 4494 ἐκείνου,
3567 4432 3665 4484 Εἷ-

395 4519 563 4576 Ortus
579 4529 771 4575 autem
799 4526 883 4574 est
897 4517 979 4572 sol
1010 4516 1086 4582 ei,
1105 4515 1326 4586 quando
1352 4514 1622 4584 praeteriit
1653 4513 1821 4568 facies
1847 4512 1978 4568 Dei:

2100 4519 2172 4582 ioc
2197 4518 2352 4572 Θεοῦ.
2385 4515 2535 4572 Εἶδον
2566 4520 2676 4590 γὰρ
2700 4519 2832 4572 Θεὸν
2859 4519 3150 4590 πρόσωπον
3183 4521 3320 4591 πρὸς
3345 4521 3662 4590 πρόσωπον,

396 4611 517 4679 ipse
553 4619 740 4663 autem
779 4606 1123 4663 claudicabat
1179 4605 1386 4660 femore
1437 4619 1538 4658 suo
1564 4605 1605 4656 '.
1637 4622 1654 4654 ι
1707 4603 1985 4659 Transivit

2100 4609 2177 4664 ιαὶ
2207 4609 2383 4680 ἐσώθη
2429 4628 2529 4680 μου
2565 4615 2598 4680 η
2633 4611 2802 4682 ψυχή.
2851 4612 3112 4666 Ἀνέτειλε
3143 4612 3201 4666 δὲ
3240 4612 3388 4683 αὐτῷ
3421 4615 3449 4666 6
3480 4612 3660 4682 ἥλιος.

393 4699 621 4763 Jaboch,
650 4698 762 4752 sive
799 4705 1123 4758 torrentem,
1168 4695 1390 4750 divinus
1416 4694 1603 4758 Jacob,
1643 4704 1699 4748 et
1742 4693 1982 4750 traduxit

2100 4701 2252 4770 ᾐνίκα.
2284 4701 2558 4772 παρῆλθεν
2588 4703 2746 4757 αὑτὸν
2775 4702 2834 4756 τὸ
2872 4696 3009 4767 εἶδος
3053 4703 3147 4756 τοῦ
3187 4703 3343 4758 Θεοῦ.
3387 4703 3555 4767 Αὐτὸς
3599 4706 3663 4758 δὲ

393 4791 578 4848 omnia
605 4805 723 4853 sua,
748 4783 1049 4858 atque'~ipse
1082 4787 1347 4842 remansit
1369 4787 1536 4842 solus.
1569 4784 1710 4852 Quid
1737 4801 1868 4842 vero
1889 4804 1983 4843 res

2100 4793 2349 4858 ιπέσκαζε
2384 4793 2462 4864 τῷ
2503 4795 2663 4866 μηρῷ
2698 4795 2884 4850 αὐτοῦ,
2926 4813 2944 4846 ι
2979 4795 3260 4850 Διεϐίϐασε
3299 4796 3389 4850 τὸν
3439 4796 3661 4867 Ἰαϐὼχ,

393 4882 499 4940 sibi
524 4880 678 4946 velit,
719 4895 829 4950 quo
877 4886 1036 4948 pacto
1060 4891 1171 4932 non
1200 4891 1381 4946 opera:
1424 4877 1662 4946 pretium
1699 4875 1868 4932 fuerit
1891 4879 1978 4932 vi-

2100 4885 2197 4954 ῇτοι
2225 4883 2315 4937 τδν
2356 4884 2710 4957 χειμάρρουν,
2749 4887 2778 4938 6
2807 4885 3090 4951 θεσπέσιος
3142 4886 3336 4941 Ἰακὼϐ
3369 4887 3545 4940 πάντα
3587 4892 3662 4941 τὰ

392 4972 554 5028 dere?
581 4973 694 5042 Age
721 4969 924 5039 itaque,
942 4981 1161 5023 causam
1182 4967 1614 5036 contemplemur
1645 4984 1657 5018 :
1691 4966 1805 5036 ipsa
1827 4967 1975 5023 enim

2100 4975 2267 5037 ιὺτοῦ,
2304 4978 2397 5031 καὶ
2437 4977 2598 5039 αὐτὸς
2619 4978 3008 5048 ἀπομεμένηκε
3048 4978 3226 5047 μόνος.
3254 4973 3385 5032 Εἶτα
3423 4978 3480 5031 τὸ
3513 4979 3664 5047 χρῆ-

392 5063 656 5118 orationis
683 5060 855 5116 series
877 5073 977 5114 nos
1005 5057 1073 5112 ad
1108 5055 1374 5127 spiritalia
1411 5055 1663 5113 deducet.

2100 5085 2179 5130 ια,
2213 5069 2332 5131 πῶς
2369 5068 2467 5121 οὑκ
2515 5067 2663 5134 ἄξιον
2695 5069 2858 5132 ἰδεῖν;
2904 5068 3041 5137 Φέρε
3076 5064 3170 5121 οὖν
3217 5069 3664 5140 καταθρὴσωμεν

2077 5159 2176 5228 τὴν
2208 5159 2403 5212 αἰτίαν.
2451 5159 2586 5211 Κατ’
2617 5157 2746 5212 εὐθὺ
2789 5157 2898 5228 γὰρ
2934 5152 3088 5221 οὗτος
3127 5159 3156 5211 6
3194 5157 3350 5226 λόγος
3387 5159 3512 5228 ἡμῖν
3541 5159 3665 5216 τῶν

2078 5248 2461 5319 πνευματικῶν
2483 5250 2784 5318 οἰχήσεται.

453 5339 510 5394 ὖ.
545 5337 820 5393 Habitavit
840 5338 895 5392 in
919 5337 1090 5392 Edom
1127 5346 1185 5392 et
1209 5335 1332 5391 Seir
1351 5335 1518 5399 Esau,
1547 5334 1968 5405 dominatusque

2143 5345 2212 5405 γ’.
2252 5336 2340 5390 Ἐν
2356 5336 2530 5408 Ἐδὼμ
2556 5342 2649 5390 καὶ
2677 5338 2812 5409 Σητρ
2839 5339 3159 5410 κατῴκησεν
3185 5340 3378 5405 Ἠσαῦ,
3404 5340 3498 5393 καὶ
3522 5357 3664 5396 κατ-

388 5439 473 5482 est
522 5439 680 5483 terra:
723 5439 779 5482 et
830 5425 1146 5497 regionibus
1197 5441 1320 5494 quae
1351 5424 1517 5481 Jacob
1567 5424 1800 5479 subdita:
1853 5441 1963 5480 non

2103 5428 2293 5499 κράτει
2349 5427 2449 5497 τῆς
2491 5429 2611 5500 γῆς,
2654 5432 2748 5483 καὶ
2789 5430 2848 5484 ἑν
2895 5430 3232 5495 δυναστείαις
3286 5427 3354 5502 ἦν
3390 5433 3510 5495 ταῖς
3545 5434 3665 5489 οὐκ

386 5530 561 5573 erant.
593 5521 885 5589 Postquam
909 5534 1040 5573 vero
1071 5518 1453 5588 Mesopotamia
1492 5525 1547 5571 et
1572 5517 1734 5571 domo
1760 5515 1963 5571 Labani

2100 5517 2212 5588 »πὲρ
2237 5519 2390 5588 χεῖρα
2423 5518 2522 5589 τὴν
2556 5517 2768 5572 Ἰακώϐ.
2812 5519 3026 5590 Ἐπειδὴ
3055 5521 3111 5574 δὲ
3140 5522 3236 5592 τῆς
3255 5521 3362 5574 τῶν
3387 5523 3664 5593 ποταμῶν

1660 5701 1676 5730 ³
1699 5695 1877 5755 Judic.
1915 5715 1965 5764 v,

2100 5697 2231 5763 ;lsa.
2267 5713 2318 5762 ι,
2355 5699 2452 5764 22;
2483 5699 2640 5753 Rom.
2669 5713 2740 5765 rx,
2768 5699 2858 5754 ‘27.
2937 5700 2957 5731 '
2994 5699 3128 5756 Gen.
3157 5716 3319 5768 xxxii,
3343 5698 3536 5757 22-51.

448 5698 475 5729 ⁸
508 5695 704 5766 Philip.
735 5713 788 5762 ιι,
822 5699 874 5750 7.
951 5700 970 5728 ³
1000 5699 1242 5768 Ξορῐιοιι.
1266 5715 1342 5765 lll,
1383 5699 1463 5764 ll,
1503 5699 1580 5754 l3.
