4032 6198
394 257 501 314 269

1410 250 1927 309 GLAI’HYRORUM
1968 252 2035 307 IN
2074 252 2374 310 GENESIM
2414 254 2542 310 LIB.
2585 252 2649 310 ν.

3553 260 3661 317 270

388 370 677 443 dmlpow'.
741 369 916 440 μέσης
972 368 1065 421 καὶ
1107 368 1203 437 τῆς
1247 366 1341 419 τοῦ
1395 366 1581 421 Λάϐαν
1619 365 1833 432 ἑστίας,
1871 365 1966 419 καὶ

2068 365 2416 432 excessisset,
2470 375 2634 437 atque
2664 364 2721 420 in
2770 365 3009 435 patrium
3057 368 3416 427 contenderet
3456 373 3659 441 solum,

388 466 467 527 είς
491 461 590 533 τὴν
624 459 886 532 πατρῴαν
917 458 1094 512 ἐλθεῖν
1120 458 1490 513 διασπεύδοντι
1522 458 1646 529 γῆν,
1679 457 1830 512 πᾶσά
1850 475 1967 523 πως

384 551 451 627 ἦν
482 553 701 623 ἀνάγκη
739 551 810 604 δι’
859 547 1036 621 Ἐδὼμ
1068 549 1339 603 ποιεῖσθαι
1380 550 1479 622 τὴν
1520 550 1858 622 ἀποδρομὴν,
1890 554 1967 605 οἱ·

387 643 840 715 κονομικωτάτως
887 641 1006 695 λίαν
1041 642 1143 711 τὴν
1180 642 1316 712 πρὸς
1346 642 1437 696 τὸν
1474 641 1702 711 ἀδελφὸν
1745 644 1968 715 εἰρήνην

385 735 685 807 ἠσπάζετο,
726 732 822 787 καὶ
842 730 907 803 δὴ
934 732 1028 785 καὶ
1055 730 1321 800 ἀγγέλους
1361 728 1539 796 ξενίας
1564 729 1680 801 ἅμα
1711 731 1969 803 λαμπράς

386 824 733 899 προϐαδίζειν
779 819 966 887 εἶπεν,
1018 824 1100 876 ὅτι
1156 822 1251 876 καὶ
1284 823 1449 887 αὐτὸς
1496 822 1764 893 ὀψόμενος
1807 822 1967 894 ἥξει,

389 917 676 992 προςερῶν
704 931 761 969 τε
786 915 905 985 ἅμα
938 918 1414 985 προκαταμηνυειν
1441 912 1659 967 ἄκέλευε
1682 911 1875 985 δώροις
1908 929 1969 967 τε

387 1008 481 1065 καὶ
504 1008 689 1077 λόγοις
720 1005 998 1062 τιθάσσων
1029 1006 1321 1075 ἀποφαίνει
1359 1004 1452 1058 τὸν
1497 1004 1666 1059 πάλαι
1703 1003 1953 1074 φονῶντα

386 1103 483 1157 καὶ
503 1100 873 1174 ἀγριαίνοντα.
916 1098 1131 1170 Ἐπειδὴ
1159 1097 1216 1151 δὲ
1234 1097 1488 1170 παρῆσαν
1517 1098 1568 1150 oi
1598 1097 1971 1169 προεσταλμόο

388 1211 471 1248 νοι
495 1232 511 1255 ,
555 1190 843 1261 λέγοντεςσ
885 1210 904 1243 ι
956 1190 1234 1262 Ἧλθομεν
1283 1190 1420 1261 πρὸς
1464 1188 1557 1243 τὸν
1600 1188 1832 1259 ἀδελφόν
1875 1205 1970 1242 σου

399 1283 589 1346 Ἡσαῦ.
619 1284 715 1339 καὶ
764 1283 875 1337 ἰδοὺ
915 1283 1078 1347 αὐτὸς
1114 1281 1336 1354 ἔρχεταί
1384 1298 1469 1336 σοι
1507 1282 1589 1347 είς
1624 1283 1970 1353 συνάντησιν,

388 1379 483 1431 καὶ
515 1374 563 1430 u'
589 1375 781 1448 ἄνδρες
817 1376 932 1445 μετ’
961 1372 1160 1430 αὐτοῦ*
1209 1391 1230 1424 ι
1277 1373 1533 1445 περιδεὴς
1578 1373 1637 1427 δὲ
1669 1368 1736 1445 ἦν
1773 1372 1973 1441 άγανηδ

386 1465 675 1529 θεσπέσιος
723 1463 920 1519 Ἰακώϐ
946 1480 962 1496 ’
983 1465 1045 1518 ού
1079 1464 1188 1535 γὰρ
1221 1463 1360 1534 ἔχων
1397 1463 1591 1518 εἰδέναι
1633 1461 1818 1532 σαφῶς
1869 1477 1971 1514 που

380 1559 527 1629 τέρῳ
552 1557 619 1628 δὴ
644 1556 781 1627 φίλῳ
811 1558 904 1610 καὶ
934 1555 1195 1626 είρηνικῷ
1223 1552 1619 1626 περιτεύξεται,
1652 1553 1686 1624 ἢ
1720 1552 1798 1617 ὡς
1819 1552 1970 1606 οὐδὲν

382 1644 549 1721 ἦττον
580 1645 974 1718 ἀνεπτοημένῳ
1018 1645 1155 1716 πρὸς
1192 1645 1256 1699 τὸ
1297 1644 1447 1717 αύτῷ
1480 1644 1708 1715 σύνηθες
1746 1643 1968 1717 θράσος,

2067 472 2293 515 necesse
2321 458 2483 528 plane
2531 467 2653 513 erat
2691 472 2792 527 per
2834 456 3006 512 Edom
3051 457 3157 512 iter
3198 457 3399 515 facere.
3442 461 3663 534 Optimo

2068 550 2237 620 igitur
2266 549 2498 604 consilio
2519 564 2709 619 pacem
2737 564 2862 604 cum
2911 548 3080 605 fratre
3117 551 3330 617 ambiit,
3365 561 3423 607 et
3452 555 3665 610 nuntiis

2069 655 2179 696 una
2202 656 2328 695 eum
2355 640 2655 711 splendidis
2699 640 3024 697 muneribus
3053 641 3248 711 praeire
3284 644 3474 714 jussis,
3514 647 3662 716 quod

2068 732 2187 803 ipse
2216 746 2347 786 eum
2370 731 2592 787 visurus
2611 742 2667 787 et
2689 732 3117 802 compellaturus
3141 734 3375 801 veniret,
3406 731 3667 806 praeiudi-

2069 835 2196 876 care
2212 820 2394 892 jussit,
2426 820 2697 891 donisque
2721 828 2780 875 et
2820 820 3006 876 verbis
3038 831 3284 878 veterem
3316 816 3529 882 hostem
3572 827 3663 883 fe-

2070 912 2373 969 rocientem
2397 911 2579 967 adhuc
2607 913 2825 983 placare
2857 914 3160 970 contendit.
3195 915 3334 972 Cum
3357 933 3490 974 vero
3512 920 3662 976 redi-

2069 1003 2244 1058 issent
2266 1004 2473 1069 nuntii,
2498 1003 2747 1059 dicentes
2783 1022 2795 1056 :
2836 1022 2855 1054 ι
2894 1005 3057 1076 168
3089 1006 3293 1063 [vimus
3316 1008 3385 1064 ad
3437 1009 3662 1067 fratrem

2071 1095 2410 1160 tuumEsau,
2437 1104 2494 1151 et
2519 1110 2648 1151 ecce
2693 1096 2810 1167 ipse
2841 1098 2995 1152 venit
3022 1097 3121 1152 tibi
3166 1097 3224 1154 in
3250 1115 3563 1168 occursum,
3610 1116 3665 1160 et
3750 1172 3755 1180 υ

2072 1184 2461 1256 quadringenti
2488 1183 2593 1240 viri
2624 1200 2751 1241 cum
2790 1199 2859 1241 eo
2889 1184 2936 1251 ⁸,
2975 1205 2992 1237 ι
3024 1188 3315 1258 perculsus
3347 1199 3434 1246 est
3456 1192 3665 1264 ingenti

2072 1276 2269 1331 timore
2289 1276 2458 1333 Jacob
2490 1293 2502 1330 :
2531 1278 2735 1348 quippe
2761 1276 2857 1348 qui
2886 1279 3228 1349 exploratum
3273 1297 3387 1338 non
3435 1282 3665 1340 haberet

2071 1380 2141 1420 an
2168 1381 2295 1421 eum
2324 1366 2562 1422 amicum
2592 1377 2649 1425 et
2694 1367 2983 1440 paciﬁcum
3015 1378 3162 1425 esset
3202 1372 3550 1442 offensurus;
3593 1391 3665 1431 an

2070 1471 2208 1513 vero
2230 1456 2592 1515 nihilominus
2609 1458 2770 1515 solita
2788 1460 2891 1531 ipsi
2913 1462 2995 1517 ira
3022 1473 3186 1532 atque
3214 1464 3514 1520 invidentia
3538 1480 3665 1536 per.

2072 1548 2265 1615 citum,
2316 1550 2625 1621 damnaque
2671 1550 3007 1607 molientem.
3042 1573 3061 1605 ι
3099 1554 3425 1610 Transmisit
3478 1555 3663 1627 itaque

2071 1639 2239 1698 Iacob
2286 1643 2468 1698 omnia
2492 1658 2612 1709 sua,
2661 1652 2720 1700 et
2739 1645 3003 1700 remansit
3029 1647 3181 1701 solus
3200 1647 3220 1680 "
3250 1666 3262 1700 :
3303 1667 3320 1698 ι
3356 1647 3450 1713 ita,
3480 1657 3543 1704 ut
3568 1663 3662 1703 ar-

382 1742 476 1797 καὶ
496 1740 569 1795 τὰ
594 1742 660 1794 ὲκ
693 1738 888 1810 φθόνου
917 1738 1049 1810 δρᾷν
1078 1737 1359 1810 ᾑρημένῳ·
1401 1757 1420 1790 ι
1448 1738 1763 1791 Διεϐίϐασεν
1792 1740 1821 1792 6
1866 1738 1969 1790 Ἰα-

2070 1734 2270 1801 bitror,
2299 1750 2483 1791 secum
2513 1744 2777 1801 statuens,
2823 1737 2972 1807 quod
3002 1741 3049 1796 si
3075 1753 3200 1793 eum
3233 1738 3446 1795 facilem
3471 1756 3536 1797 ac
3560 1742 3662 1799 be-

382 1824 499 1888 κὶὶνϐ
553 1832 737 1887 πάντα
780 1830 852 1885 τά
898 1828 1097 1894 αὐτοῦ,
1147 1829 1242 1884 καὶ
1288 1829 1677 1902 ἀπομεμένηκε
1726 1828 1905 1899 μόνος·
1939 1846 1958 1881 ι

380 1925 581 1989 έκεῖνο,
630 1918 788 1994 οἶμαι
807 1938 933 1989 που,
966 1921 1184 1984 πάντως
1230 1920 1359 1974 mit"
1379 1921 1571 1975 ἑαυτὸν
1607 1918 1961 1991 ἐννενοηκὼς,

374 2016 450 2080 ὡς
483 2016 533 2068 εί
572 2015 673 2085 μὲν
710 2013 903 2085 ὀφθείη
948 2013 1184 2085 χρηστός
1240 2029 1300 2066 τε
1352 2015 1449 2067 καὶ
1487 2014 1682 2085 πρᾶος,
1729 2012 1964 2083 χαλεπὸν

374 2108 526 2162 οὐδὲν
552 2105 804 2179 παρεῖναί
834 2118 893 2159 τε
930 2107 1024 2159 καὶ
1047 2103 1811 2179 προσειπεῖν,διαϐι6ασθὲντα
1850 2104 1961 2157 πά-

373 2201 459 2254 λιν
473 2198 683 2269 γύναιά
704 2214 763 2251 τε
792 2198 888 2251 καὶ
919 2196 1105 2251 τέκνα.
1124 2196 1188 2249 El
1209 2196 1266 2250 δὲ
1287 2198 1412 2269 ἥκοι
1442 2195 1676 2268 σκληρὸς
1715 2195 1810 2252 καὶ
1834 2195 1962 2250 δύσ-

375 2307 491 2364 ερις
521 2290 627 2356 ἔτι,
659 2289 758 2343 καὶ
792 2288 885 2342 τοῦ
934 2289 1102 2360 φονᾷν
1135 2288 1238 2342 οὐκ
1268 2288 1527 2358 ἀμείνων,
1575 2286 1823 2355 φείσεται
1863 2288 1962 2358 μὲν

378 2383 612 2452 νηπίων,
640 2379 819 2434 καὶτὸ
848 2379 957 2433 τῶν
981 2378 1222 2448 γυναίων
1252 2378 1463 2448 ἐλεήσει
1494 2378 1750 2449 δάκρυον·
1796 2395 1963 2432 κατα-

373 2472 560 2529 λαϐὼν
607 2473 668 2526 δὲ
707 2471 868 2543 μόνον
913 2470 1375 2542 αὐτὸν,ὲκπλήσει
1422 2469 1491 2524 τὰ
1537 2471 1603 2525 ἐκ
1651 2470 1843 2543 θυμοῦ,
1868 2473 1962 2526 καὶ

372 2564 635 2637 ἀποχρῶν
668 2564 822 2619 ἔσται
859 2563 997 2635 πρὸς
1027 2565 1255 2635 ἄρκεσιν
1286 2562 1437 2634 αὐτῷ
1463 2564 1558 2617 τοῦ
1596 2563 1960 2634 λελυπηκότος

373 2660 403 2713 6
435 2660 693 2722 θάνατος.
725 2656 871 2729 Πλὴν
903 2659 985 2711 ὅτι
1014 2657 1111 2711 καὶ
1147 2656 1361 2721 ἐλπίδος
1394 2656 1651 2712 ἐπέκεινα
1686 2655 1843 2710 τοῦτο
1871 2657 1962 2710 αύ-

373 2750 450 2821 τῷ
481 2748 803 2822 προϐέϐηκε
864 2747 1093 2820 δυνάμει
1145 2747 1314 2816 Θεοῦ,
1368 2748 1445 2812 ὡς
1503 2746 1809 2817 φθάσαντες
1858 2745 1960 2818 ήδη

375 2842 737 2915 προείπομεν.
794 2859 813 2893 ι
875 2839 1223 2895 Ἦσπάσαντο
1269 2840 1378 2912 γὰρ
1425 2839 1706 2912 ἀλλήλους.
1751 2857 1770 2890 ι
1827 2838 1960 2895 Ἀπὸ

373 2936 559 2989 τοίνυν
591 2932 687 2987 τοῦ
719 2930 1143 3002 συμϐεϐηκότος,
1175 2931 1271 2985 τοῦ
1293 2930 1592 3003 μυστηρίου
1616 2930 1714 3000 τὴν
1730 2929 1960 3000 δυνάμιν

374 3023 720 3079 ἐπαιδεύετο.
749 3021 932 3093 Πῶς,ἢ
960 3022 1081 3077 τίνα
1105 3022 1325 3095 τρόπον,
1353 3022 1462 3094 ἐρῶ
1488 3021 1551 3093 δὴ
1575 3021 1755 3077 πάλιν.
1785 3021 1960 3076 Διεϐίο

373 3078 512 3171 ϐασε
550 3116 650 3187 μὲν
680 3115 792 3186 γὰρ
821 3078 1000 3168 πάντα
1034 3078 1198 3169 αὑτοῦ
1225 3078 1323 3168 τὸν
1346 3078 1703 3188 χειμάρρουν.
1745 3114 1960 3187 Ἐπειδὴ
1989 3078 2031 3137 C

372 3210 428 3264 δὲ
450 3208 851 3280 amitam-5'me
883 3206 1063 3278 μόνος,
1102 3205 1361 3263 ὲπάλαιεν
1392 3206 1679 3280 ἄνθρωπος
1717 3209 1834 3280 μετ’
1865 3210 1963 3263 αύ-

371 3302 466 3356 τοῦ
509 3301 619 3365 ἓως
660 3301 825 3372 πρωϊ.
872 3299 976 3352 Τὸν
1026 3298 1126 3370 μὲν
1172 3296 1267 3354 οὖν
1307 3300 1750 3373 προσπαλαίοντά
1780 3319 1962 3373 φαμεν

372 3388 534 3458 ἀγιον
569 3387 825 3456 ἄγγελον,
857 3386 1028 3440 τύπον
1061 3387 1298 3460 Χριστοῦ
1329 3388 1421 3443 τοῦ
1459 3389 1580 3443 καθ’
1607 3392 1756 3461 ἡμᾶς
1784 3390 1871 3445 διά
1902 3393 1964 3445 τὸ

372 3476 744 3550 ἀνθρώπινον.
776 3478 899 3531 Ὀτι
941 3476 998 3531 δὲ
1034 3477 1108 3550 μὴ
1154 3478 1250 3531 καὶ
1281 3477 1444 3542 αὐτὸς
1472 3482 1586 3543 τοῖς
1617 3480 1792 3545 ἄλλοις
1828 3482 1962 3552 ὁμοῦ

370 3569 531 3639 διέϐη
564 3568 660 3622 τὸν
684 3568 1038 3641 χειμάρρουν,
1074 3569 1195 3640 ἦτοι
1220 3571 1315 3625 τὸν
1339 3570 1553 3643 Ἰαϐὼχ.
1575 3572 1633 3637 δς
1661 3575 1962 3646 ἑρμηνεύε-

371 3677 461 3716 ται
490 3660 685 3728 mila},
722 3660 943 3729 γέγονεν
976 3660 1161 3723 αὐτοῖς
1201 3665 1236 3733 ἡ
1280 3662 1513 3718 δοκοῦσα
1548 3664 1963 3736 μάχη.·ιςαὶτίς

370 3752 438 3806 ἀν
461 3755 644 3807 νοοῖτο
678 3751 840 3806 πάλιν
866 3752 895 3805 6
921 3751 1077 3805 τοῦδε
1099 3751 1277 3821 λόγος,
1307 3753 1426 3824 ἦτοι
1456 3754 1581 3818 νοῦς
1612 3757 1641 3809 6
1667 3757 1958 3820 ἐσωτάτω;

254 3836 261 3843 ’
375 3842 524 3915 Πρὸς
566 3841 671 3913 μὲν
717 3841 827 3914 γὰρ
856 3841 984 3905 τοὺς
1014 3840 1388 3905 διαϐαίνοντας
1429 3841 1520 3895 τὸν
1565 3842 1866 3913 Ἰορδάνην,
1898 3836 1961 3897 οῦ

375 3938 468 3992 καὶ
490 3939 581 4001 είς
618 3935 795 3990 τύπον
817 3936 847 3989 6
893 3934 1102 4007 Ἰαϐὼχ,
1133 3935 1195 3988 οὐ
1225 3934 1445 3989 παλαίει
1472 3936 1725 4007 Χριστὸς,
1746 3936 1866 3990 οὐδὲ
1906 3940 1963 3991 ὲν

373 4027 527 4096 τάξει
553 4026 828 4097 πολεμίων
860 4025 893 4097 ἢ
940 4024 1251 4081 ἀντιπάλων
1277 4027 1515 4080 ποιεῖται
1550 4025 1678 4090 τοὺς
1703 4024 1771 4079 τά
1797 4024 1962 4080 αὐτοῦ

372 4117 659 4187 τιμῶντας
688 4116 983 4188 μυστήρια.
1020 4114 1285 4180 Διασὼζει
1308 4114 1366 4169 δὲ
1403 4115 1604 4187 μᾶλλον
1635 4116 1732 4170 καὶ
1758 4132 1965 4187 νενικηυ

371 4207 543 4271 κότας
551 4206 645 4260 τὸν
661 4206 884 4277 κόσμον,
896 4206 972 4271 ὡς
987 4208 1044 4261 ὲν
1063 4206 1209 4278 μάχῃ
1218 4209 1310 4279 τῇ,
1324 4222 1398 4279 φη
1406 4204 1677 4279 μὶ,νοητῇ,
1691 4209 1962 4278 στεφανοῖ,

370 4301 467 4354 καὶ
524 4301 653 4363 ταῖς
701 4298 964 4353 ἀνωτάτω
1000 4298 1425 4371 καταφαιδρύνει
1476 4301 1684 4370 τιμαῖς.
1720 4300 1878 4371 Πάλη
1906 4300 1963 4353 δι

2071 1827 2300 1899 nignum
2323 1829 2687 1900 experiretur,
2712 1845 3058 1901 nequaquam
3081 1830 3297 1886 diﬂicile
3317 1831 3455 1897 fore,
3480 1833 3659 1904 ipsum

2070 1922 2223 1978 adire
2247 1930 2411 1992 atque
2439 1923 2662 1994 alloqui,
2694 1938 3006 1995 uxoresque
3036 1931 3093 1979 et
3122 1923 3264 1980 ﬁlios
3290 1938 3568 1981 revocare.
3600 1924 3661 1982 Si

2070 2030 2202 2071 vero
2231 2014 2445 2087 rigldus
2494 2016 2677 2071 adhuc
2703 2025 2759 2072 et
2784 2014 2950 2072 czedis
2978 2025 3245 2087 appetens
3270 2016 3505 2083 veniret,
3529 2033 3660 2089 par-

2069 2114 2222 2162 ceret
2252 2106 2475 2177 quidem
2500 2109 2706 2178 pueris,
2737 2109 3099 2180 femineisque
3122 2108 3378 2180 lacrymis
3400 2109 3468 2163 ad
3491 2109 3659 2165 mise-

2070 2197 2361 2253 ricordiam
2402 2207 2754 2256 moveretur:
2782 2200 2903 2271 ipso
2927 2215 3061 2256 vero
3094 2200 3490 2271 comprehenso
3522 2201 3659 2256 iram

2067 2304 2219 2345 suam
2257 2291 2523 2361 expleret,
2553 2291 2810 2363 quodque
2838 2292 2957 2364 ejus
2985 2293 3078 2364 qui
3127 2293 3307 2364 ipsum
3356 2292 3662 2350 offenderat

2067 2394 2234 2446 mors,
2260 2380 2406 2436 illius
2426 2380 2671 2437 furorem
2693 2381 3007 2454 mitigatum
3027 2392 3190 2439 esset.
3218 2382 3487 2440 Caeterum
3512 2383 3658 2454 quod

2066 2468 2182 2525 hzec
2198 2470 2380 2525 omnia
2406 2469 2530 2541 ipsi,
2556 2471 2669 2527 Deo
2692 2472 2941 2543 juvante,
2977 2473 3175 2528 melius
3196 2488 3360 2544 quam
3377 2472 3660 2528 existima-

2066 2573 2169 2626 rat,
2217 2565 2606 2629 successerint,
2648 2565 2759 2636 jam
2814 2564 3073 2621 diximus.
3134 2585 3153 2617 ι
3215 2565 3458 2622 Osculati
3507 2566 3659 2622 enim

2066 2664 2193 2710 sunt
2233 2670 2290 2710 se
2318 2656 2552 2711 invicem
2579 2655 2623 2710 ⁸.
2656 2675 2675 2709 ι
2709 2658 2788 2712 Ex
2814 2657 2920 2713 hoc
2966 2657 3134 2729 igitur
3163 2667 3366 2714 eventu
3414 2659 3658 2730 mysterii

2065 2749 2175 2802 vim
2190 2747 2530 2803 edoctusest.
2557 2750 2803 2816 Quanam
2820 2764 2954 2805 vero
2974 2750 3209 2816 ratione,
3236 2750 3433 2804 dicam.
3460 2750 3661 2807 Trans-

2066 2835 2216 2890 misit
2264 2835 2487 2906 quidem
2531 2836 2717 2893 omnia
2770 2852 2869 2893 sua
2929 2845 3228 2893 torrentem
3259 2854 3425 2894 zeum
3471 2847 3658 2896 autem

2065 2927 2358 2982 mansisset
2383 2927 2553 2992 solus,
2584 2928 2822 2985 luctatus
2849 2936 2932 2984 est
2973 2945 3099 2986 cum
3127 2930 3245 3001 ipso
3288 2930 3452 2985 homo
3482 2947 3658 3003 usque

2066 3020 2134 3076 ad
2181 3036 2359 3077 mane.
2410 3019 2673 3076 Sanctum
2714 3021 2901 3092 itaque
2948 3022 3200 3094 angelum
3245 3023 3654 3090 colluctantem,

2065 3112 2302 3170 dicimus
2324 3127 2444 3171 esse
2481 3122 2668 3187 typum
2710 3105 2939 3181 Christi,
2970 3118 3124 3187 juxta
3148 3132 3211 3172 ac
3236 3132 3338 3173 nos
3368 3116 3497 3173 facti
3524 3134 3655 3189 pro-

2065 3215 2189 3278 pter
2213 3206 2640 3273 humanitatem,
2671 3207 2829 3275 Quod
2853 3223 2986 3264 vero
3018 3209 3132 3279 ipse
3175 3224 3521 3279 nequaquam
3546 3225 3658 3266 una

2065 3314 2191 3354 cum
2217 3299 2340 3355 aliis
2366 3299 2649 3355 transierit
2690 3308 2990 3356 torrentem
3025 3300 3139 3355 sive
3179 3300 3406 3367 Jaboch,
3446 3290 3539 3373 qui
3569 3302 3656 3359 in-

2066 3396 2399 3459 terpretatur
2444 3387 2606 3455 lucta,
2647 3387 2788 3444 facta
2821 3397 2906 3445 est
2949 3390 3083 3461 ipsis
3136 3390 3253 3445 hare
3289 3406 3410 3461 qua:
3437 3392 3659 3449 videtur

2065 3496 2266 3551 pugna.
2293 3480 2555 3548 Quaenam
2577 3497 2712 3538 vero
2737 3497 2962 3538 rursum
2996 3483 3161 3554 hujus
3193 3483 3273 3539 rei
3304 3486 3443 3541 ratio
3491 3486 3659 3542 fuerit

2065 3581 2161 3627 aut
2187 3572 2423 3627 interior
2472 3573 2701 3629 sensus?
2751 3572 2888 3629 Cum
2930 3574 3000 3629 iis
3052 3575 3200 3629 enim
3228 3575 3323 3646 qui
3371 3585 3660 3634 transeunt
3776 3642 3784 3653 ο

2065 3660 2382 3727 Iordanem,
2435 3662 2593 3734 cujus
2634 3676 2795 3735 typus
2852 3672 2937 3719 est
2985 3663 3214 3731 Jaboch,
3260 3680 3373 3720 non
3418 3667 3660 3722 luctatur

2064 3754 2339 3821 Christus,
2379 3770 2560 3826 neque
2612 3756 2735 3811 loco
2788 3755 3032 3811 hostium
3077 3764 3172 3811 aut
3212 3756 3657 3813 adversariorum

2065 3846 2233 3903 habet
2263 3862 2360 3902 eos
2403 3846 2499 3917 qui
2538 3846 2714 3917 ipsius
2763 3846 3021 3917 mysteria
3062 3853 3419 3901 venerantur.
3474 3847 3658 3904 Salvat

2065 3954 2197 3995 vero
2217 3938 2424 4008 potius,
2451 3946 2507 3993 et
2532 3938 2768 3993 victores
2791 3937 2983 3992 mundi
3006 3936 3233 3992 eﬂ'ectos
3266 3936 3349 4008 (ut
3391 3938 3449 3993 in
3486 3940 3656 4011 spiri-

2065 4029 2160 4084 tali
2194 4029 2457 4083 nimirum
2488 4026 2688 4099 pugna)
2725 4036 2973 4093 coronat,
3005 4043 3070 4083 ac
3103 4028 3378 4099 supremis
3425 4029 3656 4085 honori-

2065 4120 2168 4175 bus
2183 4128 2431 4175 exornat.
2458 4119 2668 4175 Nomen
2684 4134 2815 4175 vero
2831 4118 3042 4176 ﬂumini
3065 4128 3148 4177 est
3168 4121 3335 4177 lucta.
3365 4140 3385 4174 ι
3407 4123 3654 4195 Regnum

2063 4209 2210 4265 enim
2226 4209 2491 4284 calorum
2514 4209 2623 4264 vim
2639 4210 2866 4282 patitur,
2882 4217 2939 4266 et
2952 4211 3179 4267 violenti
3196 4213 3562 4284 rapiuntillud
3573 4216 3616 4268 ⁸.
3630 4232 3649 4266 ι

2064 4298 2132 4355 Et
2159 4315 2171 4352 :
2209 4317 2227 4349 ι
2258 4282 2501 4370 Angusta
2525 4297 2820 4353 admodum
2842 4306 2925 4354 est
2940 4299 3027 4354 via
3046 4313 3169 4370 qua:
3198 4282 3351 4355 ducit
3370 4299 3439 4354 ad
3464 4300 3654 4360 vitam,

370 4390 548 4462 δνομα
577 4389 656 4461 τῷ
683 4389 965 4461 ποταμῷ.ι
988 4390 1192 4463 Βιαστὴ
1218 4392 1326 4464 γάρ
1351 4393 1500 4445 ἐστιν
1525 4392 1558 4463 ἡ
1588 4389 1835 4462 βασιλεία
1852 4390 1961 4445 τῶν

2066 4390 2333 4462 paucique
2357 4396 2485 4444 sunt
2522 4388 2616 4458 qui
2641 4390 2929 4444 inveniunt
2959 4389 3107 4447 illam
3147 4391 3210 4443 “.
3254 4408 3273 4440 ι
3306 4389 3461 4456 Quod
3488 4391 3659 4461 igitur

370 4481 746 4555 οὗρανιῖιν,καὶ
774 4481 993 4553 βιασταὶ
1015 4483 1354 4555 ἁρπάζουσιν
1369 4484 1561 4558 αὐτήν.
1577 4486 1767 4550 ιΚαὶ,ι
1792 4485 1961 4558 Στενὴ

371 4575 497 4628 λίαν
557 4574 592 4645 ἡ
620 4573 786 4643 πύλη,
814 4574 910 4627 καὶ
931 4574 1265 4648 τεθλιμμένη
1294 4578 1329 4648 ἡ
1353 4576 1470 4641 ὁδὸς
1497 4578 1529 4649 ἡ
1556 4577 1840 4646 ἀπάγουσα
1880 4578 1962 4641 ei;

368 4665 469 4736 τὴν
490 4663 663 4737 ζωὴν,
684 4665 779 4718 καὶ
793 4664 963 4733 ὀλίγοι
980 4666 1117 4720 είσὶν
1136 4667 1187 4720 ei
1207 4665 1550 4738 εὑρίσκοντες
1573 4668 1766 4739 αὐτήν.
1808 4669 1962 4722 »Ὅτι

369 4756 558 4809 τοίνυν
593 4755 821 4827 ἔμελλον
851 4755 1015 4829 [οίῙὲξ
1055 4756 1251 4813 Ἰακὼϐ
1280 4758 1529 4829 ἐσόμενοι
1549 4760 1691 4813 κατά
1715 4761 1961 4831 καιροὺς,

368 4846 498 4902 οὔτε
530 4846 888 4919 διαϐήσεσθαι
915 4849 1005 4904 τὸν
1037 4849 1328 4922 Ἰορδάνην,
1354 4849 1735 4923 τουτέστι,τὴν
1751 4852 1841 4905 διὰ
1864 4851 1958 4906 τοῦ

369 4941 538 5010 ἁγίου
561 4940 939 5011 βαπτίσματος
969 4943 1148 5014 χάριν,
1169 4943 1263 4998 καὶ
1295 4943 1526 5009 ἀνοσίως
1555 4944 1838 5015 ἀτιμάσαι,
1864 4947 1959 5000 καὶ

367 5030 543 5084 αὐτὸν
600 5030 655 5084 δὲ
702 5030 890 5086 λοιπὸν
939 5032 1234 5088 ἀντίπαλον
1269 5034 1415 5101 ἕξειν
1445 5034 1541 5090 τὸν
1577 5034 1955 5107 Ἐμμανουὴλ,

367 5122 643 5194 ὑπεδήλου
686 5122 749 5176 τὸ
803 5124 1042 5193 γεγονός.
1081 5127 1205 5180 Ὀτι
1241 5126 1351 5199 γὰρ
1390 5127 1441 5180 οἱ
1478 5127 1553 5199 μὴ
1592 5126 1859 5199 τιμῶντες
1892 5128 1957 5198 τῇ

368 5213 585 5267 πῖατει
620 5214 1179 5288 καταλογισθήσονται
1240 5218 1418 5289 πάντη
1475 5234 1537 5272 τε
1593 5218 1687 5271 καὶ
1738 5216 1956 5281 πάντως

364 5306 449 5366 είς
464 5299 899 5375 ἀνθεστηκότας,
908 5305 1015 5378 πλη
1023 5309 1224 5379 ροιρορή
1233 5325 1315 5362 σει
1331 5308 1505 5379 λέγων
1525 5307 1687 5372 αὐτὸς
1700 5309 1728 5361 6
1740 5308 1952 5378 Σωτήρ·

251 5440 257 5447 .
371 5413 391 5446 ι
439 5393 507 5449 '0
542 5394 710 5467 μὴῶν
738 5397 854 5466 μετ’
887 5396 1045 5468 ἐμοῦ,
1074 5398 1197 5452 κατ’
1224 5398 1360 5470 ἐμοῦ
1398 5402 1567 5455 ἐστιν.
1595 5419 1614 5452 ι
1657 5399 1821 5455 Ἀλλὰ
1839 5400 1955 5471 μετ’

364 5484 544 5538 αὐτοῦ
568 5487 665 5555 μὲν
693 5481 806 5539 εἷεν
826 5488 874 5540 oi
905 5488 1355 5553 πεπιστευκότες.
1404 5490 1632 5562 Ἀληθὶς
1660 5490 1718 5544 δὲ
1755 5491 1837 5545 ὅτι
1861 5490 1956 5544 καὶ

434 5605 468 5635 ’⁸
494 5602 629 5663 Gen.
659 5621 828 5671 χχχιι,
855 5605 907 5662 6.
1019 5608 1041 5638 τ
1080 5608 1219 5666 Ibid.
1266 5612 1352 5668 25.

368 5670 415 5707 "
456 5672 595 5731 Gen.
636 5670 931 5744 “xtuli,
962 5675 1052 5733 25.

1464 5613 1485 5645 ⁸
1516 5611 1650 5667 Gen.
1689 5626 1871 5677 xxxm,
1902 5612 1953 5666 4.
2032 5611 2052 5643 ⁹
2085 5609 2274 5665 Matth.
2301 5624 2377 5674 τι,
2430 5606 2514 5661 12.
2595 5606 2637 5638 ¹⁰
2663 5603 2853 5660 Matth.
2876 5619 2970 5671 vn,
3002 5603 3088 5660 14.

2064 4480 2268 4553 posteri
2301 4479 2469 4536 Jacoh
2506 4493 2761 4535 successu
2817 4479 3098 4550 temporis,
3152 4494 3332 4549 neque
3360 4479 3653 4535 Iordanem

2066 4569 2350 4627 transituri
2380 4577 2567 4625 essent
2601 4568 2726 4641 (hoc
2760 4576 2845 4623 est
2874 4583 2973 4639 per
2995 4568 3226 4639 gratiam
3271 4568 3443 4624 sancti
3473 4568 3653 4641 bapti-

2068 4662 2278 4733 smatis)
2323 4662 2603 4733 impieque
2658 4660 2969 4732 despecturi
3004 4668 3207 4726 essent,
3260 4667 3425 4731 atque
3468 4662 3650 4732 ipsum

2066 4754 2415 4826 postmodum
2470 4753 2882 4808 Emmanuelem
2934 4752 3315 4809 adversarium
3384 4752 3649 4817 habituri,

2067 4862 2156 4902 res
2207 4846 2323 4901 haec
2369 4843 2714 4915 signiﬁcavit.
2749 4844 2907 4911 Quod
2945 4844 3093 4899 enim
3146 4844 3184 4898 ii
3212 4844 3307 4914 qui
3345 4843 3506 4899 fidem
3540 4860 3653 4899 non

2066 4938 2273 5001 colunt,
2325 4937 2513 4992 hostes
2546 4936 2603 4990 in
2651 4936 2971 4991 universum
3008 4933 3168 5005 169
3205 4934 3464 4989 censendi
3519 4935 3650 4999 sint,

2067 5028 2317 5084 Salvator
2360 5028 2477 5099 ipse
2528 5034 2783 5093 testatur,
2834 5026 3058 5083 dicens:
3096 5044 3114 5075 ι
3143 5023 3247 5091 Qui
3277 5039 3384 5080 non
3415 5033 3500 5081 est
3532 5042 3653 5084 me-

2066 5124 2212 5183 cum‘,
2245 5128 2436 5173 contra
2484 5132 2571 5173 me
2608 5127 2692 5174 est
2721 5117 2817 5171 ⁸⁸.»
2879 5114 3045 5185 Atqui
3080 5129 3206 5170 cum
3249 5114 3371 5185 ipso
3402 5124 3531 5172 sunt
3557 5119 3653 5187 qui

2063 5210 2167 5281 ipsi
2191 5208 2384 5265 conﬁsi
2420 5210 2567 5266 sunt.
2605 5206 2762 5275 Quod
2791 5221 2925 5263 vero
2954 5206 3522 5265 contrarium‘verum
3556 5211 3649 5272 sit,

2062 5318 2172 5376 quo
2198 5312 2357 5374 pacto
2386 5301 2614 5357 dubium
2634 5315 2755 5356 esse
2786 5299 3005 5371 potest?
3031 5298 3303 5357 Caeterum
3333 5320 3351 5354 ι
3385 5293 3652 5358 Luctatus

2062 5405 2166 5460 est,
2200 5415 2217 5446 ι
2238 5394 2436 5465 inquit,
2464 5412 2482 5443 ι
2504 5393 2670 5448 homo
2701 5405 2825 5447 cum
2845 5389 3013 5446 Jacoh
3039 5405 3213 5461 usque
3238 5391 3305 5447 ad
3333 5406 3526 5460 mane;
3563 5395 3648 5449 vi-

2064 5489 2253 5559 ditque
2277 5485 2424 5557 quod
2458 5500 2568 5540 non
2598 5490 2785 5554 posset
2817 5483 2996 5554 ipsum
3024 5497 3284 5554 superare
3312 5485 3373 5537 ¹¹.
3409 5503 3428 5536 ι
3475 5484 3676 5541 Audis.

3204 5605 3244 5637 “
3283 5603 3417 5663 Luc.
3450 5621 3524 5674 ιι,
3551 5605 3643 5664 23.
