4004 6204
353 268 455 324 171

1381 258 1437 315 S.
1480 257 1753 314 CYRILU
1794 257 2264 315 ALEXANDRlNl
2302 262 2621 318 ARCHIEP.

3508 269 3621 326 27!

355 400 466 455 quo
489 390 650 454 pacto
689 389 851 437 nocte
892 380 1040 434 lucta
1077 376 1264 433 habita
1287 378 1396 433 sit?
1424 375 1726 433 Procubuit
1756 384 1942 433 autem

2048 378 2104 433 τὸ
2130 379 2522 449 ἔμπαλιν,πῶς
2551 384 2616 436 ἂν
2639 383 2928 438 ἐνδοιάσειέ
2950 400 3069 450 τις;
3101 383 3288 456 Πλὴν(
3322 384 3606 451 Ἐπάλαιε,

359 477 640 546 victusque
700 481 785 529 est
843 471 939 542 qui
991 469 1350 543 impossibilia
1405 468 1669 531 tentabat,
1720 467 1942 537 Deoque

354 566 719 638 omnipotenti
775 579 1077 635 repugnare
1115 562 1353 626 volebat,
1401 559 1850 630 superioremque
1882 572 1942 612 se

354 659 588 714 evadere
626 672 786 728 posse
821 654 1065 726 putabat.
1098 653 1233 719 Hoc,
1277 662 1338 707 ut
1374 651 1633 713 arbitror,
1662 664 1747 705 εει
1796 647 1943 718 quod

354 763 413 810 et
454 753 676 808 divinus
727 748 900 804 David
930 747 1000 802 de
1048 745 1312 801 lsraelitis
1353 743 1521 809 canit,
1567 741 1716 812 quod
1756 740 1943 812 gravia

355 855 520 916 atque
562 841 820 899 immania
853 839 1119 894 adversus
1151 852 1311 893 suum
1346 835 1590 906 ipsorum
1622 842 1786 904 caput
1819 842 1942 888 ten-

358 937 548 1000 tarint,
573 932 832 989 nedicam
861 929 1141 986 Christum
1173 947 1186 982 :
1229 947 1247 978 ι
1287 926 1681 997 Cogitaverunt
1712 922 1944 979 consilia

355 1041 477 1096 quae
502 1038 610 1079 non
634 1030 934 1093 potuerunt
957 1018 1205 1075 stabilire
1231 1018 1295 1071 “.
1337 1036 1359 1082 ι
1390 1014 1736 1086 Repugnavit
1758 1014 1944 1083 itaque

356 1115 523 1172 Israel
554 1112 771 1170 Christo
795 1112 853 1167 in
891 1109 1133 1166 tenebris
1161 1108 1513 1171 constitutus,
1540 1106 1645 1161 hoc
1669 1113 1773 1170 est,
1799 1104 1943 1160 divi-

357 1222 484 1260 nam
509 1203 565 1259 in
599 1210 784 1258 mente
814 1201 992 1257 lucem
1023 1213 1133 1253 non
1178 1197 1408 1260 habens,
1438 1210 1619 1265 neque
1650 1192 1943 1264 splenden-

358 1306 470 1354 tem
491 1295 659 1358 diem,
711 1307 891 1362 neque
925 1288 1214 1344 luciferum
1252 1285 1576 1357 spiritaliter
1620 1285 1678 1339 in
1708 1282 1944 1337 credeno

359 1388 497 1443 tium
534 1385 794 1443 cordibus
824 1380 1180 1437 exorientem.
1228 1376 1535 1433 Permansit
1571 1374 1719 1430 enim
1764 1374 1944 1431 incre-

356 1481 542 1544 dulus,
575 1485 758 1547 atque,
788 1484 851 1529 ut
894 1472 1071 1543 inquit
1102 1469 1401 1540 propheta:
1433 1484 1453 1518 ι
1492 1464 1948 1535 Exspectantibus
1991 1464 1999 1473 '

357 1573 494 1646 ipsis
518 1572 719 1633 lucem,
744 1566 900 1621 factae
924 1572 1054 1619 sunt
1078 1561 1210 1631 ipsis
1238 1559 1476 1615 tenebrae
1502 1575 1516 1611 :
1570 1562 1949 1627 exspectantes

356 1665 726 1737 splendorem,
768 1660 827 1714 in
878 1656 1111 1726 caligine
1135 1652 1484 1709 ambularunt
1525 1650 1588 1703 ¹⁶.
1626 1667 1648 1700 ι
1674 1647 1946 1704 Caeterum

358 1715 581 1811 divinus
593 1715 799 1807 VP'aulus
821 1747 888 1802 iis
907 1715 1016 1816 qui
1034 1760 1132 1815 per
1156 1742 1320 1797 ﬁdem
1344 1738 1626 1813 justiﬂcati
1646 1747 1796 1805 sunt,
1820 1738 1946 1794 illu—
1978 1715 2020 1774 Β

356 1844 823 1913 minationemque
845 1856 945 1911 per
970 1837 1237 1909 Spiritum
1257 1833 1462 1905 adepti,
1488 1832 1701 1897 scribit,
1721 1830 1942 1886 dicens:

357 1938 481 1998 Non
500 1951 693 1994 sumus
714 1934 912 1997 noctis,
937 1946 1117 2001 neque
1143 1927 1514 1990 tenebrarum,
1545 1922 1641 1980 sed
1681 1921 1777 1978 lilii
1807 1920 1949 1977 lucis

356 2043 417 2090 et
454 2030 562 2087 diei
596 2030 659 2084 ".
693 2049 711 2080 ι
760 2025 916 2093 Quod
945 2037 1080 2078 vero
1116 2020 1430 2076 Iudaeorum
1461 2015 1738 2085 imperitia
1776 2028 1945 2083 supe-

359 2124 533 2179 riores
560 2120 689 2176 facti
715 2117 847 2183 sint,
879 2113 1377 2179 convenientesque
1402 2107 1535 2178 ipsis
1555 2105 1812 2161 tenebras
1838 2103 1947 2159 dis-

355 2213 652 2277 cusserint,
690 2225 754 2265 ac
792 2204 1181 2278 praeterierint,
1214 2199 1485 2271 signiﬁcat
1514 2198 1742 2253 dicens:
1780 2213 1798 2246 ι
1826 2194 1946 2251 Nox

357 2302 658 2378 praecessit,
697 2299 816 2356 dies
859 2305 1042 2352 autem
1089 2290 1566 2365 appropinquavit.
1613 2286 1947 2359 Abjiciamus

357 2397 530 2469 igitur
547 2409 715 2465 Opera
760 2389 1134 2452 tenebrarum,
1161 2393 1217 2440 et
1267 2383 1562 2439 induamur
1607 2395 1758 2435 arma
1785 2378 1945 2445 lucis,

356 2487 528 2544 veluti
552 2476 609 2540 in
636 2483 747 2549 die,
773 2482 1036 2537 decenter
1072 2476 1417 2533 ambulemus
1439 2474 1503 2528 “.
1535 2492 1554 2525 ι
1594 2472 1810 2527 Fideles
1843 2471 1946 2525 ita-

357 2592 466 2650 que
494 2577 553 2632 in
574 2575 664 2632 die
680 2581 972 2630 versantur
998 2567 1297 2625 :increduli
1340 2581 1495 2630 vero,
1522 2563 1696 2621 veluti
1711 2563 1767 2617 in
1784 2570 1947 2618 nocte

348 2678 414 2726 et
431 2668 705 2732 tenebris,
739 2672 1044 2736 repugnant
1065 2660 1305 2717 Christo.
1331 2659 1446 2713 Hoc
1472 2656 1722 2713 fecerunt
1740 2653 1948 2736 posteri

355 2760 545 2818 Iacob.
565 2730 837 2815 Caeterum
856 2730 1146 2810 inferiores
1160 2752 1404 2814 fuerunt,
1426 2730 1775 2820 superatique
1796 2754 1946 2814 sunt,

356 2868 539 2924 neque
586 2859 734 2906 recte
774 2847 1070 2905 succedere
1102 2844 1305 2898 valent.
1355 2861 1373 2893 ι
1412 2840 1618 2911 Tetigit
1647 2839 1817 2905 enim,
1861 2837 1949 2892 in-

357 2940 496 3011 quit,
531 2937 696 2993 homo
728 2937 943 2991 luctans
972 2948 1096 2988 cum
1125 2931 1295 2988 Iacob
1329 2930 1676 2986 latitudinem
1722 2927 1950 2984 femoris

2044 473 2199 543 φησὶ,
2233 473 2372 543 μετὰ
2398 474 2588 528 Ἰακὼῦ
2627 478 2655 530 ό
2684 474 2969 549 ἄνθρωπος
2996 477 3101 538 ἕως
3151 476 3320 549 πρωῒ,
3347 478 3443 531 καὶ
3471 473 3612 532 εῐδεν

2044 563 2125 617 ὅτι
2156 566 2217 618 οὐ
2240 565 2461 619 δύναται
2494 568 2632 636 πρὸς
2652 566 2836 623 αὐτόν.
2864 586 2884 620 ι
2922 567 3184 632 Ἀκούεις,
3214 568 3362 631 ὅπως
3383 570 3441 621 ὲν
3458 571 3616 622 νυκτὶ⁵

2043 657 2268 725 γέγονεν
2308 660 2341 729 ἡ
2378 658 2524 729 πάλη
2555 675 2569 721 ;
2624 659 2914 731 Ἦλέγχετο
2943 660 3000 713 δὲ
3047 659 3264 714 πίπτων
3303 661 3399 714 καὶ
3452 661 3618 714 νικῶ-

2046 765 2229 818 μενος,
2263 750 2345 803 ὅτι
2370 750 2438 804 τὰ
2475 753 2741 823 ἀνέφικτα
2760 752 2963 821 ἐζήτει,
2991 751 3283 821 θεομαχεῖν
3315 752 3613 822 ᾑρημένος,

2045 841 2139 895 καὶ
2162 841 2584 912 περισσεύεσθαι
2615 842 2711 897 τοῦ
2742 843 2920 897 πάντα
2950 841 3229 913 ίσχύοντος
3256 840 3614 907 Θεοῦ.Τοῦτο,

2044 926 2220 1002 οίμαι,
2262 933 2430 995 ἐστὶν,
2466 934 2605 1004 ὅπερ
2633 933 2739 1003 ἔφη
2765 932 2986 1003 ψάλλων
3010 932 3105 987 καὶ
3140 934 3167 986 ό
3193 932 3479 994 θεσπέσιος
3506 932 3617 985 Δα-

2046 1024 2132 1079 αδ
2161 1025 2291 1093 περὶ
2322 1024 2432 1077 τῶν
2456 1023 2515 1091 ἐξ
2554 1023 2771 1095 Ἰσραὴλ
2789 1063 2806 1088 ,
2827 1023 3079 1077 ὅτιδεινὰ
3110 1021 3251 1076 κατὰ
3273 1021 3373 1091 τῆς
3404 1020 3617 1075 ἑαυτῶν

2046 1116 2288 1187 κεφαλῆς
2314 1118 2661 1178 ἐσκέπτοντο,
2688 1116 2777 1171 ἵνα
2810 1114 2885 1185 μὴ
2915 1114 3128 1183 λέγοιμι
3163 1110 3421 1183 Χριστοῦ*
3466 1131 3487 1163 ι
3523 1115 3616 1165 At-

2046 1208 2358 1276 ελογίσαντο
2372 1208 2564 1278 βουλὴν
2587 1207 2652 1279 ἢν
2663 1207 2724 1261 οῦ
2749 1205 2824 1277 μὴ
2838 1206 3098 1260 δύνωνται
3120 1203 3335 1274 στῆσαι.
3370 1221 3388 1255 ι
3446 1202 3619 1273 Ἐμα-

2045 1302 2271 1373 χαίσατο
2296 1301 2470 1355 τοίνυν
2488 1303 2519 1354 ό
2559 1299 2776 1371 Ἰσραὴλ
2793 1299 2871 1370 τῷ
2903 1298 3142 1369 Χριστῷ,
3167 1298 3224 1349 ἐν
3251 1297 3426 1364 σκότῳ
3457 1309 3620 1362 γεγοσ

2045 1392 2172 1455 νὼς,
2190 1393 2565 1456 τουτέστι,τδν
2597 1391 2740 1444 θεῖον
2762 1392 2886 1445 νοῦν
2915 1393 2995 1453 είς
3015 1387 3293 1459 φωτισμὸν
3322 1388 3423 1440 οὐκ
3453 1386 3618 1456 ἔχων,

2047 1480 2174 1535 οὔτε
2210 1483 2319 1552 μὴν
2353 1482 2452 1553 τὴν
2492 1482 2894 1550 διαυγάζουσαν
2925 1481 3141 1551 ἡμέραν
3164 1520 3179 1543 ,
3223 1476 3345 1530 οὔτε
3388 1475 3482 1530 τὸν
3524 1478 3621 1530 ἁν-

2048 1574 2266 1645 ίσχοντα
2306 1575 2511 1645 νοητῶς
2545 1576 2819 1646 ἑωσφόρον
2860 1576 2920 1627 ἂν
2955 1575 3076 1636 ταῖς
3108 1570 3216 1625 τῶν
3249 1569 3619 1623 πιστευόντων

2048 1665 2319 1738 καρδίαις.
2352 1666 2733 1739 Διαμεμένηκε
2761 1667 2871 1737 γὰρ
2894 1663 3152 1733 ἀπειθὴς,
3181 1663 3277 1717 καὶ
3315 1661 3393 1725 ὡς
3425 1662 3454 1713 ὁ
3485 1675 3620 1729 προ·

2047 1758 2226 1828 φήτης
2251 1758 2441 1828 φησὶν,
2478 1777 2496 1810 ι
2546 1758 2985 1829 ’Υπομεινάντων
3017 1753 3198 1810 αὐτῶν
3231 1752 3368 1821 φῶς.
3401 1749 3622 1819 ἐγένετο

2048 1851 2232 1913 αὐτοῖς
2266 1849 2486 1912 σκότος’
2523 1849 2807 1919 μείναντες
2838 1847 3033 1916 αὐτὴν,
3064 1850 3121 1900 ὲν
3148 1844 3324 1914 ἁωρίᾳ
3353 1840 3621 1913 περιεπά-

2046 1957 2237 2011 τησαν.
2283 1959 2303 1992 ι
2354 1930 2494 1994 Ἀλλ’
2522 1941 2614 2009 ὅγε
2642 1938 2928 2002 θεσπέσιος
2953 1936 3185 2000 Παῦλος.
3215 1938 3330 1998 τοῖς
3355 1935 3413 1987 ὲν
3436 1931 3621 1984 πίστει

2047 2031 2512 2103 δεδικαιωμένοις,
2539 2033 2635 2086 καὶ
2671 2031 2765 2086 τὸν
2796 2030 2885 2086 διὰ
2913 2024 3233 2101 Πνεύματος
3276 2022 3612 2094 πλουτισμδν

2049 2123 2553 2193 ἑκπεπλουτηκόσιν
2607 2122 2948 2187 ἐπιστέλλει,
3000 2120 3195 2190 λέγων·
3236 2139 3255 2172 ι
3300 2120 3413 2173 υύκ
3452 2115 3620 2187 ἐσμὲν

2048 2213 2264 2276 νυκτὸς,
2292 2212 2413 2266 οὐδὲ
2447 2212 2695 2277 σκότους,
2728 2212 2842 2267 ἀλλ’
2870 2212 2979 2264 υἱοὶ
3006 2209 3185 2280 φωτὸς
3210 2209 3304 2262 καὶ
3331 2206 3562 2277 ἡμέρας.
3594 2223 3615 2253 ι

2051 2304 2173 2358 Ὀτι
2209 2304 2269 2357 δὲ
2306 2303 2563 2374 ἀμείνους
2600 2304 2703 2373 τῆς
2741 2302 3008 2357 Ἰουδαίων
3049 2299 3292 2371 ἀμαθίας
3338 2296 3618 2366 γεγόνασι,

2049 2391 2259 2446 καὶτὸν
2301 2392 2531 2456 ἐκείνοις
2570 2393 2850 2463 πρέποντα
2881 2390 3202 2461 παρήλασαν
3237 2388 3428 2442 σκότον
3457 2428 3475 2453 ,
3511 2384 3620 2438 ὐπ-

2049 2484 2235 2558 εδήλου
2265 2484 2602 2558 προστιθείς·
2645 2502 2663 2536 ι
2701 2485 2768 2537 Ἦ
2791 2483 2889 2547 νὺξ
2917 2480 3242 2553 προέκοψεν,
3273 2483 3307 2551 ή
3339 2479 3397 2534 δὲ
3438 2476 3622 2548 ἡμέρα

2048 2578 2299 2647 ἤγγικεν.
2342 2574 2700 2646 Ἀποθάῳεθα
2728 2571 2823 2629 οὖν
2850 2575 2917 2628 τὲ
2949 2574 3086 2645 ἔργα
3112 2571 3207 2626 τοῦ
3242 2571 3499 2633 σκότους,
3527 2566 3625 2622 καὶ

2050 2664 2401 2737 ἐνδυσώμεθα
2423 2666 2492 2720 τὰ
2509 2666 2647 2719 ὅπλα
2673 2664 2768 2719 τοῦ
2795 2664 2991 2733 φωτός⁸
3017 2663 3093 2726 ὡς
3131 2663 3188 2715 ὲν
3209 2660 3413 2731 ἡμέρα,
3432 2659 3626 2729 εὐσχηο

2052 2760 2227 2834 μόνως
2258 2759 2745 2830 περιπατήσωμεν.
2795 2758 2835 2807 ι’
2852 2754 3085 2817 οὐκοῦν,
3117 2755 3176 2808 ιν
3214 2752 3401 2823 ἡμέρᾳ
3431 2750 3529 2821 μὲν
3572 2750 3623 2802 οί

2051 2852 2471 2917 πιστεύσαντες,
2514 2852 2561 2903 οἱ
2606 2850 2663 2903 δὲ
2704 2846 2949 2911 ἀπειθεῖς
2994 2845 3069 2909 ὡς
3109 2845 3169 2897 έν
3211 2845 3367 2897 νυκτὶ
3422 2841 3516 2895 καὶ
3564 2843 3625 2894 ἐν

2054 2945 2230 3014 σκότῳ
2277 2943 2541 3014 μάχονται
2586 2938 2663 3010 τῷ
2696 2937 2937 3009 Χριστῷ.
2981 2934 3153 2988 Τοῦτο
3195 2931 3542 3003 πεπράχασιν
3566 2928 3616 2982 οί

357 3030 555 3102 ipsius,
596 3037 651 3085 et
677 3027 949 3084 emarcuit
978 3023 1213 3079 latitudo
1243 3023 1467 3079 femoris
1497 3022 1667 3077 Jacob
1708 3036 1832 3077 cum
1859 3019 1947 3072 lu-

2052 3037 2113 3102 ὲξ
2162 3033 2390 3096 Ἰακὼῦ,
2432 3032 2572 3102 πλὴν
2621 3029 2958 3099 ἡσθενήκασι
2998 3026 3104 3081 ικαὶ
3148 3024 3494 3093 νενίκηνται,
3528 3018 3626 3073 καὶ

356 3132 602 3180 ctaretur
632 3136 757 3177 cum
796 3120 916 3190 ipso
944 3118 1008 3172 ’⁷.
1045 3136 1064 3168 ι
1087 3115 1227 3182 Quid
1256 3131 1387 3170 vero
1411 3114 1503 3168 hic
1531 3111 1949 3183 intelligendum

358 3215 452 3281 sit,
493 3230 590 3285 age
635 3229 736 3282 pro
761 3226 828 3265 eo
853 3225 915 3265 ac
955 3209 1073 3263 ﬁeri
1122 3216 1305 3278 potest
1329 3206 1597 3260 dicamus.
1648 3203 1849 3258 Femur
1892 3203 1950 3257 in

358 3304 531 3361 sacris
552 3302 775 3358 Litteris
804 3310 864 3355 ut
887 3300 1183 3370 plurimum
1231 3306 1415 3377 partes
1442 3296 1509 3351 ad
1544 3294 1951 3366 generationem

359 3394 700 3452 necessarias
745 3391 1035 3462 signiﬁcat,
1094 3389 1376 3460 ipsamque
1414 3386 1574 3449 adeo.
1610 3402 1733 3457 quae
1776 3384 1950 3441 veluti

359 3502 429 3541 ex
454 3486 561 3540 hoc
615 3483 694 3550 (it,
748 3481 1179 3554 generationem.
1235 3478 1453 3535 Femori
1497 3479 1646 3535 enim
1693 3478 1951 3534 omnibus

359 3575 607 3631 membra
635 3570 1022 3644 proliﬁcationi
1072 3580 1197 3641 apta
1224 3570 1495 3642 adjacent.
1539 3570 1752 3626 idcirco
1782 3572 1949 3626 etiam

360 3665 557 3721 beatus
582 3663 878 3727 Abraham,
904 3662 1125 3732 quando
1147 3676 1367 3717 servum
1389 3677 1549 3716 suum
1591 3677 1814 3717 uxorem
1838 3661 1949 3718 ﬁlio

359 3772 463 3812 suo
482 3755 634 3812 Isaac
656 3755 1018 3826 quaesiturum
1047 3753 1105 3808 in
1129 3753 1572 3824 Mesopotamiam
1593 3753 1752 3825 170
1776 3754 1946 3819 misit,

350 3848 543 3922 jurare
590 3847 773 3921 jussit,
822 3846 897 3901 ita
948 3845 1185 3901 dicens:
1244 3863 1263 3896 ι
1328 3844 1475 3899 Pone
1519 3859 1743 3898 manum
1799 3852 1948 3900 tuam

359 3954 529 4010 super
549 3939 731 3995 femur
770 3953 953 3994 meum
998 3937 1061 4003 η,
1095 3956 1113 3989 ι
1148 3936 1253 3991 hoc
1276 3942 1382 4001 est,
1438 3934 1565 4006 jura
1616 3950 1716 4005 per
1753 3935 1947 4003 Deum,

357 4029 528 4084 etiam
564 4044 664 4099 per
696 4042 792 4083 eos
817 4027 911 4098 qui
935 4023 1106 4081 futuri
1132 4032 1347 4079 suntex
1378 4039 1465 4078 me
1494 4031 1551 4079 et
1570 4023 1779 4080 semine
1802 4023 1950 4081 heri-

360 4119 423 4176 li.
452 4118 653 4174 Femur
687 4118 872 4187 itaque
909 4130 1006 4172 eos
1032 4116 1127 4186 qui
1152 4131 1218 4171 ex
1241 4114 1450 4170 femore
1472 4114 1748 4180 oriuntur,
1776 4115 1949 4186 signi-

361 4210 511 4266 ﬁcat.
580 4206 863 4264 Emarcuit
940 4205 1108 4277 igitur
1159 4204 1341 4260 femur
1390 4203 1584 4260 Jacob.
1659 4203 1950 4262 Claudica-

359 4314 561 4363 verunt
580 4303 731 4361 enim
755 4301 851 4373 qui
875 4316 944 4357 ex
960 4299 1170 4356 femore
1201 4298 1373 4369 ipsius
1395 4298 1500 4353 orti
1536 4307 1684 4363 sunt,
1712 4298 1818 4354 hoc
1841 4310 1946 4367 est,

2050 3122 2362 3197 όρθοποδεῖν
2400 3122 2501 3175 οὐκ
2528 3120 2762 3191 ἔχουσιν.
2800 3136 2819 3171 ι
2858 3116 3074 3187 Ἥψατο
3108 3134 3127 3181 ι
3173 3111 3552 3184 γὰρ,ιφησὶν,
3595 3111 3628 3164 ό

2051 3214 2293 3269 παλαίων
2322 3211 2608 3285 ἄνθρωπος
2650 3210 2790 3281 μετὰ
2838 3208 2935 3263 τοῦ
3024 3204 3218 3261 Ἰακὼδ
3250 3202 3345 3258 τοῦ
3387 3203 3625 3265 πλάτους

2048 3306 2143 3361 τοῦ
2176 3304 2352 3378 μηροῦ
2385 3302 2571 3367 αὐτοῦ,
2606 3303 2701 3356 καὶ
2738 3300 3013 3371 ὲνάρκησε
3052 3298 3117 3352 τὸ
3154 3295 3356 3357 πλάτος
3382 3292 3480 3347 τοῦ
3513 3308 3625 3363 μη-

2054 3397 2147 3469 ροῦ
2192 3394 2386 3450 Ἰακὼϐ
2423 3395 2482 3448 ὲν
2513 3392 2592 3463 τῷ
2624 3391 2875 3447 παλαίειν
2916 3389 3081 3444 αὑτὸν
3126 3387 3244 3459 μετ’
3271 3384 3464 3441 αὑτοῦ.
3503 3401 3522 3434 ι
3555 3383 3623 3436 Τί

2048 3488 2107 3542 δὲ
2137 3486 2201 3558 δὴ
2234 3486 2345 3558 ἄρα
2384 3484 2681 3539 κάντεῦθεν
2712 3482 3007 3553 εἰσόμεθα,
3050 3480 3181 3551 φέρε
3222 3478 3491 3547 λέγωμεν.
3534 3476 3627 3540 Ὠς

2048 3578 2106 3633 δὲ
2130 3582 2158 3633 ὁ
2186 3579 2359 3651 μηρὸς
2388 3577 2465 3642 ὡς
2503 3577 2708 3631 ἐπίπαν
2739 3576 2891 3646 παρά
2919 3590 2986 3642 γε
3013 3576 3081 3643 τῇ
3115 3570 3457 3641 θεοπνεύστῳ
3483 3569 3625 3639 Γραο

2050 3672 2123 3741 φῇ
2155 3669 2224 3723 τὰ
2255 3672 2335 3735 είς
2366 3669 2574 3723 τέκνων
2611 3667 2776 3739 γονὴν
2803 3667 3080 3735 ἀναγκαῖα
3117 3662 3211 3717 τοῦ
3243 3660 3493 3733 σώματος
3527 3660 3625 3713 ὑπ·

2049 3763 2304 3835 εμφαίνει
2345 3762 2532 3834 μόρια,
2572 3762 2668 3814 καὶ
2697 3758 2869 3829 αὐτὴν
2902 3757 2961 3809 δὲ
2989 3754 3178 3809 λοιπὸν
3222 3752 3301 3817 ὡς
3332 3754 3400 3806 ὲκ
3426 3750 3624 3806 τούτου

2047 3855 2147 3926 τὴν
2188 3855 2373 3925 γονήν.
2421 3854 2558 3925 Περὶ
2604 3851 2814 3923 μηροὺς
2853 3849 2964 3920 γάρ
3009 3848 3183 3902 ἅπασι
3216 3847 3285 3901 τά
3328 3844 3626 3912 παιδογόνα

2050 3949 2229 4002 κεῖται
2255 3944 2416 4016 μέλη.
2452 3944 2562 3998 Kal
2590 3942 2721 4013 γοῦν
2746 3944 2778 3996 ό
2809 3942 3079 4013 μακάριος
3115 3936 3388 4009 Ἀϐραὰμ,
3421 3936 3512 3988 ὅτε
3533 3932 3626 3988 τὸν

2048 4038 2274 4108 γνήσιον
2310 4035 2531 4105 οἰκέτην
2572 4036 2807 4103 γυναῖκα
2844 4030 3153 4101 ληψόμενον
3193 4027 3274 4099 τῷ
3318 4023 3505 4081 Ἰσαὰκ
3541 4024 3626 4091 είς

2046 4129 2148 4200 τὴν
2171 4127 2278 4182 τῶν
2296 4124 2560 4197 ποταμῶν
2581 4122 2859 4194 ἐξέπεμψε
2881 4122 3074 4194 μέσην,
3091 4119 3315 4192 ὀμνύειν
3345 4116 3622 4179 ὲκέλευεν,

2048 4219 2192 4275 οὕτω
2232 4219 2428 4288 λέγων·
2477 4237 2498 4272 ι
2546 4218 2649 4281 θὲς
2693 4217 2795 4288 τὴν
2839 4214 2998 4287 χεῖρά
3039 4230 3135 4268 σου
3182 4211 3287 4266 ὑπὸ
3317 4211 3409 4263 τδν
3451 4207 3629 4280 μηρόν

2054 4328 2155 4382 μου
2178 4329 2192 4344 ·
2229 4329 2249 4363 ι
2281 4310 2555 4375 τουτέστι,
2590 4306 2825 4379 ὐμνυθι
2855 4304 2997 4361 κατὰ
3026 4301 3185 4370 Θεοῦ,
3214 4301 3310 4357 καὶ
3349 4299 3489 4356 κατὰ
3514 4297 3628 4351 τῶν

337 4395 465 4466 κοτέ
482 4409 550 4451 ex
570 4392 757 4451 lsrael.
787 4392 1075 4460 Testisque
1096 4398 1185 4446 est
1207 4389 1324 4460 ipse
1346 4389 1613 4455 Salvator,
1632 4405 1737 4462 per
1758 4404 1947 4446 vocem

2051 4399 2326 4469 έσομένων
2367 4400 2431 4466 ἐξ
2475 4398 2647 4471 ιμοῦ,
2690 4398 2785 4453 καὶ
2829 4396 2996 4468 γονῆς
3030 4395 3132 4466 τῆς
3173 4389 3521 4460 δεσποτικῆς.
3565 4387 3628 4441 '0

360 4485 534 4544 David
556 4486 632 4544 ita
660 4484 897 4542 dicens:
936 4503 959 4537 ι
988 4482 1113 4539 Filii
1161 4481 1327 4539 alieni
1366 4480 1651 4537 inveterati
1696 4492 1850 4549 sunt,
1888 4493 1947 4539 et

2048 4494 2224 4567 μηρὸς
2248 4489 2380 4557 οὖν,
2410 4491 2539 4555 τοὺς
2570 4492 2637 4543 tu
2682 4488 2876 4560 μηρῶν
2914 4487 3262 4558 σημαίνεται.
3323 4482 3627 4567 Ἐνάρκησε
3654 4552 3661 4555 Α

362 4578 818 4635 claudicaverunt
852 4590 888 4632 a
910 4573 1124 4632 semitis
1177 4573 1294 4630 suis
1324 4574 1388 4625 ¹⁹.
1423 4592 1442 4625 ι
1482 4572 1639 4640 Quod
1664 4588 1799 4629 vero
1836 4575 1948 4645 spi-

363 4668 620 4727 ritalem
660 4666 1119 4724 claudicationem
1153 4678 1345 4735 passus
1386 4663 1459 4718 sit
1505 4663 1695 4731 Israel,
1729 4666 1947 4736 sapiens

362 4758 532 4814 etiam
554 4754 759 4814 Paulus
785 4753 957 4810 novit.
986 4752 1191 4810 Scribit
1212 4753 1397 4822 itaque
1420 4753 1587 4809 etiam
1622 4754 1737 4825 ipse
1765 4774 1777 4808 :
1809 4776 1825 4807 ι
1856 4755 1945 4811 ld-

360 4849 514 4921 circo
546 4860 744 4905 manus
770 4846 1026 4903 remissas
1050 4853 1108 4901 et
1131 4860 1308 4918 genua
1339 4846 1610 4903 dissoluta
1643 4846 1860 4919 erigite,
1891 4856 1948 4902 et

360 4940 586 5005 semitas
610 4947 788 4996 rectas
824 4936 985 4993 facim
1012 4936 1247 5008 pedibus
1272 4938 1471 4995 vestris
1488 4939 1557 5005 ⁸⁸,
1592 4958 1612 4991 ι
1639 4953 1709 4994 ne
1730 4936 1946 4994 claudi-

360 5029 510 5100 catio
535 5030 882 5099 detorqueat,
906 5035 1133 5083 curetur
1152 5037 1339 5084 autem
1360 5030 1562 5099 potius.
1580 5027 1788 5084 Hedela
1813 5043 1945 5085 vero

361 5118 743 5192 hujuscemodi
801 5116 1228 5173 claudicationis
1276 5132 1389 5172 non
1444 5106 1605 5173 aliter
1649 5117 1746 5173 ﬁat
1778 5134 1945 5189 quam

361 5228 462 5283 per
487 5213 658 5268 solam
707 5209 765 5266 in
805 5210 1086 5266 Christum
1127 5210 1291 5266 ﬁdem
1337 5218 1396 5266 et
1426 5206 1801 5265 dilectionem.
1840 5209 1945 5277 Qui

361 5311 543 5359 autem
571 5302 734 5358 ﬁdem
762 5318 872 5358 non
899 5312 1283 5373 susceperunt,
1314 5311 1635 5358 manserunt
1651 5301 1706 5356 in
1731 5302 1945 5360 claudi-v

362 5394 576 5465 catione
609 5402 668 5450 et
704 5392 758 5448 in
794 5407 1021 5449 excessu
1063 5392 1263 5457 morbi,
1305 5392 1460 5461 juxta
1490 5391 1638 5448 beati
1663 5392 1818 5448 Pauli
1844 5409 1943 5449 vo-

435 5593 480 5626 "
504 5593 645 5648 Psal.
685 5611 774 5659 xx,
796 5595 877 5649 12.
956 5597 1001 5628 ¹⁸
1031 5594 1133 5649 lsa.
1160 5610 1264 5660 ux,
1295 5594 1349 5649 9.

390 5662 569 5720 "Psal
620 5656 861 5728 “11,346.
940 5666 986 5698 '°
1015 5664 1183 5720 Hebr.
1220 5656 1313 5734 xit,
1366 5656 1451 5733 l2,
1491 5665 1580 5721 15.

2047 4566 2228 4640 τοίνυν
2281 4584 2312 4637 ό
2336 4582 2507 4656 μηρὸς
2548 4579 2767 4635 Ἰακώϐ.
2830 4576 3140 4648 Ἐχὼλαναν
3190 4572 3302 4644 γὰρ
3330 4572 3382 4624 oi
3427 4572 3493 4622 ix
3515 4566 3628 4621 τῶν

2052 4674 2244 4747 μηρῶν
2283 4672 2451 4728 αὑτοῦ
2482 4671 2803 4742 γεγονότες,
2840 4668 3122 4724 τουτέστιν
3142 4706 3158 4731 ,
3189 4667 3239 4720 οἱ
3268 4663 3329 4730 ἐξ
3380 4658 3628 4731 Ἰσραήλ.

2050 4765 2158 4819 Καὶ
2200 4763 2411 4835 μάρτυς
2446 4761 2611 4826 αὐτὸς
2645 4763 2697 4825 όΔ
2719 4761 2912 4832 Σωτὴρ
2946 4759 3036 4813 διὰ
3073 4755 3260 4826 φωνῆς
3298 4750 3394 4806 τοῦ
3437 4747 3626 4810 Δαόὶδ,

2051 4854 2197 4908 οὕτω
2226 4854 2421 4923 λέγων’
2465 4872 2485 4906 ι
2539 4852 2662 4907 Υίοδ.
2702 4851 2976 4923 ἀλλότριοι
3014 4844 3314 4919 ὲψεύσαντό
3355 4857 3467 4914 μοι·
3517 4838 3635 4894 υίοὶ

2051 4944 2324 5016 ἀλλότριοι
2350 4941 2797 5013 ὲπαλαιώθησαν,
2823 4942 2918 4997 καὶ
2940 4939 3222 5013 ὲχὼλαναν
3242 4932 3352 4991 ἀπὸ
3374 4934 3485 4989 τῶν
3510 4930 3630 5002 τρί’

2052 5033 2166 5091 ϐων
2207 5036 2409 5092 αὐτῶν.
2460 5054 2480 5089 ι
2515 5036 2637 5091 Ὀτι
2689 5035 2749 5090 δι
2787 5034 3072 5108 χωλότητα
3111 5029 3311 5101 νοητὴν
3344 5024 3630 5097 ὑπομεμέο

2051 5141 2217 5196 νηκεν
2265 5126 2296 5180 ό
2358 5125 2609 5197 Ἰσραὴλ,
2655 5126 2754 5182 καὶ
2784 5127 2815 5181 ό
2858 5124 3024 5196 σοφὸς
3070 5121 3342 5196 ἠπίστατο
3389 5115 3624 5178 Παῦλος.

2050 5217 2260 5289 Γράφει
2289 5217 2419 5286 γοῦν
2461 5219 2558 5272 και
2585 5217 2771 5283 αὐτός’
2806 5237 2825 5271 ι
2863 5216 2960 5271 Διδ
2983 5215 3085 5280 τὰς
3126 5209 3467 5283 παρειμένας
3512 5207 3633 5279 χει-

2051 5325 2175 5379 ρας,
2199 5308 2294 5363 καὶ
2327 5307 2396 5363 τὰ
2423 5307 2849 5380 παραλελυμένα
2877 5306 3084 5377 γόνατα
3118 5299 3495 5372 ἀνορθώσατε,
3530 5296 3630 5348 καὶ

2049 5399 2273 5468 τροχιὰς
2313 5398 2480 5469 ὀρθὰς
2527 5400 2793 5469 ποιήσατε
2830 5400 2944 5462 τοῖς
2977 5396 3135 5451 ποσὶν
3159 5392 3337 5466 ὑμῶν,
3374 5407 3393 5441 ι
3427 5390 3516 5443 ἴνα
3546 5381 3632 5455 μὴ

1451 5596 1555 5679 ¹³Ᾰ
1567 5596 1757 5656 Thess.
1782 5617 1834 5666 ν,
1858 5602 1910 5657 5.

2052 5604 2210 5661 Rom.
2237 5623 2350 5675 xm,
2388 5609 2470 5666 12.
2525 5611 2595 5672 ,⁸⁷
2625 5610 2761 5667 Gen.
2785 5626 2951 5679 χχιιι,
2991 5609 3082 5667 25.
3160 5609 3201 5643 ¹⁸
3234 5604 3372 5661 Gen-
3395 5600 3621 5671 “No9-
