4032 6198
352 315 457 376 επ

1366 312 1890 372 GMPBYBORUM
1924 316 1993 373 1N
2030 316 2332 377 ῧΕΗΕΒΙΠ
2373 320 2498 376 LIB.
2544 313 2621 375 τί,

3509 328 3617 389 ττι

350 438 413 491 τὸ
436 433 611 507 χωλὸν
655 432 946 506 δκτραπῇ,
991 432 1118 506 ἰαθῇ
1150 432 1209 489 δι
1257 433 1476 504 μᾶλλον.
1512 435 1690 500 Ἴασις
1727 436 1785 491 δὲ
1824 436 1929 509 τῆς

2027 454 2148 496 cem
2169 441 2470 500 "-Vitium
2496 456 2631 499 vero
2650 443 2800 515 quod
2820 443 3018 501 femori
3034 445 3204 504 Jacob'
3227 448 3373 505 inter
3398 450 3616 509 luctan-

350 525 563 583 τοιᾶσδε
615 524 923 597 χωλότητος
977 524 1080 580 οὐκ
1140 524 1209 581 ἂν
1260 525 1465 597 ἑτέρως
1502 526 1715 596 γένοιτό
1770 543 1924 593 ποτε,

352 618 492 690 πλὴν
544 618 628 673 δτι
665 616 758 671 διὰ
806 618 976 691 μόνης
1015 617 1117 688 τῆς
1163 619 1246 682 εἰς
1286 618 1521 689 Χριστὸν
1565 618 1803 684 πίστεως
1835 620 1929 675 καὶ

350 711 594 782 ὰτάπης.
625 710 689 763 0!
714 709 773 763 δὲ
801 709 900 780 τὴν
936 708 1120 763 πίστιν
1151 710 1216 764 ού
1244 709 1657 781 προσηκάμενοι
1693 713 1930 785 μεμενήο

357 818 514 855 σιασιν
536 802 594 854 ἐν
618 799 906 871 χωλότητι,
937 799 1033 853 καὶ
1060 801 1119 853 ὲν
1142 800 1385 872 ἐκτροπῇ
1408 800 1500 854 τοῦ
1528 800 1754 865 πάθους,
1789 802 1931 855 κατὰ

349 893 447 966 τὴν
487 892 584 947 τοῦ
637 891 914 963 μακαρίου
961 890 1176 946 Παύλου
1210 893 1421 963 φωνήν.
1449 892 1688 965 Αἰνιγμα
1726 892 1792 965 δὴ
1835 889 1928 948 οὖν

349 983 447 1049 τῆς
506 980 724 1053 Ἰσραὴλ
759 981 1065 1051 χωλότητος
1094 981 1314 1051 νοητῆς,
1362 980 1426 1033 τὸ
1458 981 1809 1053 συμϐεϐηκὸς
1851 980 1931 1053 τῷ

318 1100 323 1107 ·
362 1068 560 1125 Ἰακὼϐ
600 1072 733 1143 περί
775 1071 952 1143 μηρὸν
999 1070 1172 1134 πάθος
1217 1072 1277 1124 ὲν
1325 1070 1403 1141 τῷ
1448 1070 1701 1125 παλαίειν
1742 1071 1927 1127 αὐτόν.

351 1162 497 1233 Πλὴν
525 1163 608 1217 ὅτι
638 1162 1121 1233 ψευδοεπήσαιμεν
1151 1162 1220 1215 ἂν
1246 1160 1309 1214 ού
1346 1162 1401 1216 τί
1427 1178 1553 1227 που,
1584 1162 1930 1219 διαϐεϐαιού-

355 1253 507 1323 pavet
544 1269 609 1306 τε
633 1253 732 1306 καὶ
762 1252 1035 1321 λέγοντες,
1061 1252 1144 1305 ὅτι
1169 1254 1285 1315 τοῖς
1320 1254 1379 1305 ἰν
1410 1254 1569 1308 νυκτὶ
1600 1253 1695 1307 καὶ
1729 1270 1933 1309 σκοτει-

349 1343 440 1398 νὸν
465 1344 654 1414 ἔχουσι
688 1344 814 1398 νοῦν
842 1344 1192 1415 ἀναφέρεται
1229 1344 1437 1416 τρόπον
1461 1344 1587 1400 τινὰ
1631 1346 1727 1400 καὶ
1757 1363 1929 1418 προσ-

350 1435 571 1489 παλαίει
645 1436 918 1507 Χριστὸς,
976 1435 1277 1508 παραλύων
1335 1438 1416 1500 εἰς
1478 1435 1763 1507 χωλότητα
1828 1438 1930 1508 τὴν

349 1526 734 1597 πνευματικὴν
751 1564 769 1589 ,
800 1526 1075 1597 ἁναμάθοι
1099 1542 1186 1588 τις
1224 1526 1293 1581 ἂν
1318 1526 1471 1581 οὐδὲν
1500 1520 1667 1597 ἦττον
1691 1527 1929 1592 εὐκόλως

349 1617 443 1669 καί
465 1616 558 1669 διὰ
587 1614 697 1670 τῶν
718 1614 941 1686 ἑφεξῆς.
969 1617 1115 1686 Ἔφη
1144 1615 1255 1687 γὰρ
1287 1615 1367 1687 τῷ
1405 1616 1599 1672 Ἰακὼϐ
1622 1620 1652 1671 6
1680 1634 1928 1689 προσπα-

348 1709 516 1763 λαίων
565 1707 877 1779 ἄνθρωπος’
915 1727 935 1761 ι
993 1708 1340 1763 ’Δπόστειλόν
1386 1724 1487 1780 με’
1534 1710 1705 1778 ἀνέϐη
1752 1711 1862 1779 γὰρ
1898 1713 1928 1765 6

2025 532 2158 589 dum
2181 534 2399 602 accidit,
2426 544 2587 609 typus
2607 543 2693 592 est
2715 535 2981 608 spiritalis
2999 537 3617 603 lsraelclaudicationis.

2026 622 2200 680 Porro
2222 624 2373 696 quod
2397 640 2576 696 neque
2598 641 2629 681 a
2653 640 2788 682 vero
2812 626 3258 685 aberraverimus
3284 629 3618 691 aliirmantes

2026 730 2092 771 ac
2109 716 2357 773 dicentes
2403 718 2550 788 quod
2576 718 2645 775 iis
2669 716 2765 789 qui
2797 718 2852 773 in
2878 727 3041 775 nocte
3071 730 3362 777 versantur
3378 731 3437 779 et
3458 733 3614 780 tene-

2026 804 2247 861 brosam
2282 819 2525 864 mentem
2561 808 2787 875 habent,
2823 820 3092 881 repugnat
3129 812 3535 883 quodammodo
3559 824 3616 873 et
3650 842 3661 873 .-

2029 898 2332 954 reluctatur
2363 899 2637 966 Christus,
2684 903 2740 957 in
2798 903 3102 974 Spiritalem
3156 904 3614 963 claudicationem

2026 989 2361 1059 dissolvens;
2412 993 2467 1048 id
2503 984 2726 1064 quidem
2756 995 2917 1051 facile
2959 996 3083 1066 quis
3113 1012 3181 1052 ex
3217 997 3287 1053 iis
3328 1014 3451 1068 qua:
3481 1000 3617 1071 adji-

2026 1082 2245 1138 cientur
2268 1084 2552 1156 intelligat.
2590 1086 2679 1141 Ait
2707 1087 2853 1142 enim
2881 1088 2949 1143 ad
2972 1087 3140 1143 Jacob
3184 1088 3348 1145 homo
3367 1091 3462 1160 qui
3490 1106 3618 1147 cum

2025 1187 2095 1227 eo
2126 1174 2474 1231 luctabatur:
2500 1194 2517 1227 ι
2552 1176 2772 1233 Dimitte
2809 1193 2930 1245 me;
2956 1177 3207 1233 ascendit
3226 1179 3374 1234 enim
3395 1179 3616 1235 dilucu‘
3673 1174 3685 1230 ἱ

2026 1264 2141 1320 lum
2171 1267 2236 1319 υ.
2269 1285 2287 1318 ι
2327 1266 2593 1337 lntelligis
2614 1284 2724 1339 quo
2754 1279 2914 1341 pacto
2956 1285 3067 1324 non
3092 1270 3201 1325 fert
3238 1271 3463 1335 luctam,
3495 1273 3621 1327 illu-

2027 1367 2279 1413 cescente
2307 1358 2417 1414 die.
2445 1358 2634 1429 Neque
2662 1361 2808 1415 enim
2841 1361 3082 1417 luctatur
3113 1378 3239 1417 cum
3296 1362 3366 1418 iis
3387 1364 3482 1434 qui
3500 1364 3615 1435 jam

2029 1442 2085 1499 in
2128 1444 2250 1499 luce
2290 1455 2600 1502 versantur.
2631 1446 2845 1514 Quibus
2881 1449 3103 1518 quidem
3141 1449 3477 1506 conveniens
3520 1451 3613 1515 sit,

2029 1536 2096 1590 ad
2130 1544 2338 1591 tantum
2383 1539 2736 1609 splendorem
2767 1539 3051 1610 perductis
3093 1540 3277 1597 dicere
3311 1541 3573 1611 deinceps
3598 1557 3625 1596 ι

2037 1646 2055 1678 ι
2087 1628 2251 1693 Deus,
2276 1629 2421 1684 Deus
2444 1645 2621 1695 meus,
2642 1631 2709 1685 ad
2739 1642 2791 1687 te
2816 1631 2883 1687 de
2911 1631 3033 1687 luce
3059 1632 3223 1702 vigilo
3249 1633 3346 1687 ⁸⁸.»
3378 1632 3618 1689 Praeter-

2028 1734 2092 1774 ea
2121 1738 2134 1773 :
2174 1739 2192 1771 ι
2224 1721 2379 1775 Mane
2414 1722 2677 1777 exaudies
2714 1737 2905 1777 vocem
2950 1738 3148 1787 meam,
3178 1738 3338 1779 mane
3365 1724 3621 1779 assistam

345 1797 567 1868 69096;.
592 1814 612 1849 ι
639 1796 857 1867 Συνίης,
873 1797 1145 1859 ὃπωςμούκ
1171 1798 1425 1868 ἀνέχεται
1441 1797 1692 1852 παλαίειν
1711 1799 1929 1867 διαυγα-

2032 1811 2152 1876 tibi,
2178 1821 2235 1867 et
2263 1814 2496 1883 aspicies
2535 1830 2624 1870 me
2649 1816 2713 1869 ".
2750 1834 2768 1866 ι
2810 1815 3105 1871 Exoriente
3144 1816 3291 1870 enim
3334 1816 3391 1870 in
3433 1824 3621 1871 mente

347 1888 552 1959 εούσης
580 1888 818 1960 ἡμέρας.
851 1889 928 1942 Ού
953 1888 1064 1961 γὰρ
1099 1889 1337 1960 μάχεται
1360 1893 1476 1953 τοῖς
1515 1892 1572 1944 ἰν
1601 1891 1741 1959 φωτὶ
1768 1907 1927 1959 γεγο-

344 1981 481 2036 νόσι.
517 1975 616 2044 οἷς
636 1979 704 2035 ἂν
736 1979 822 2052 εἰη
850 1980 1085 2053 πρέπον,
1102 1983 1217 2045 τοίς
1241 1982 1324 2046 εἰς
1349 1980 1510 2036 τοῦτο
1541 1982 1928 2053 λαμπρότατον

342 2071 717 2144 διεληλυθόσι,
749 2073 846 2125 καὶ⁵
868 2072 932 2126 τὸ
954 2072 1119 2140 φάναι
1149 2073 1341 2127 λοιπόν
1359 2089 1373 2103 ’
1410 2094 1429 2127 ι
1451 2074 1509 2127 '0
1549 2074 1702 2138 Θεὸς,
1739 2076 1767 2128 6
1793 2073 1928 2138 Θεός

346 2179 476 2233 μου,
505 2162 648 2232 πρὸς
680 2161 742 2215 σι
778 2161 1037 2233 ὀρθρίζω.
1080 2182 1103 2215 ι
1131 2164 1243 2217 Καὶ
1274 2164 1414 2235 πρός
1439 2180 1503 2232 γε
1531 2163 1595 2235 δὴ
1628 2163 1815 2229 τοῦτο,
1843 2166 1926 2230 τὸ,

350 2272 367 2304 ι
403 2252 567 2325 Πρωῒ
600 2252 900 2325 εἰσακούσῃ
938 2257 1039 2325 τῆς
1072 2256 1258 2327 φωνῆς
1288 2272 1390 2326 μου
1411 2296 1427 2321 ,
1462 2254 1610 2327 πρωῒ
1648 2256 1930 2326 παραστή-

347 2343 512 2412 σομαι
543 2358 662 2405 σοι,
691 2343 787 2396 καὶ
835 2342 1059 2413 ιπόψεις
1107 2359 1198 2413 με.
1264 2344 1600 2414 ’Δνίσχοντος
1643 2344 1754 2415 γὰρ
1786 2343 1928 2398 κατά

345 2429 476 2485 νοῦν
526 2431 662 2501 ἡμῖν
731 2430 826 2485 τοῦ
873 2430 975 2500 τῆς
1024 2431 1372 2503 δικαιοσύνης
1420 2435 1632 2502 φωτὸς,
1682 2435 1927 2489 τουτέστι

345 2522 633 2593 Χριστοῦ,
679 2524 777 2578 καὶ
820 2523 1017 2594 νοητὴν
1046 2524 1105 2578 ιν
1134 2524 1384 2594 καρδίαις
1430 2523 1588 2596 ἡμῶν
1623 2526 1794 2590 ἱέντος
1831 2527 1930 2579 αύ-

345 2614 467 2687 γὴν,
499 2614 628 2670 τότε
656 2613 866 2687 δὴ.τότε
891 2616 986 2669 καὶ
1013 2615 1159 2686 μάλα
1188 2616 1433 2687 λαμπροὶ
1458 2616 1930 2688 παραστησόμεθά

344 2723 401 2761 τε
431 2706 590 2777 αύτῷ
624 2706 716 2760 διὰ
744 2708 845 2778 τῆς
870 2709 951 2771 εἰς
987 2708 1134 2762 ἅπαν
1173 2707 1498 2771 ἰπιεικείας.
1531 2708 1626 2763 καὶ
1659 2709 1760 2774 τῆς
1795 2710 1929 2765 ᾶνωο

347 2796 434 2851 θεν
459 2796 767 2861 ιποπτείας
786 2797 1015 2860 ἰαυτοὺς
1037 2798 1405 2868 ἀποφανῶμεν
1428 2796 1631 2861 ἀξίους
1665 2818 1682 2849 ι
1705 2794 1931 2866 ὐφθαλ.

352 2887 442 2958 μοὶ
470 2887 590 2956 γὰρ
624 2886 858 2958 Κυρίου,
894 2888 1091 2958 φησιν,
1123 2888 1215 2940 ἐπὶ
1241 2886 1503 2951 δικαίους.
1545 2906 1563 2938 ι
1604 2886 1838 2959 Ὄρθρου
1863 2888 1927 2961 δὴ

344 2975 437 3033 οὖν
484 2979 806 3048 ἀνίσχοντος
856 2979 979 3050 ἤδη,
1015 2978 1272 3034 καταλύει
1321 2979 1420 3051 τὴν
1458 2979 1655 3049 πάλην.
1703 2978 1814 3034 Θόα
1863 2980 1928 3052 δὴ

344 3071 493 3134 ὅπως
537 3069 899 3140 οἰκονομικῶς
941 3070 1035 3124 καὶ
1083 3072 1479 3141 εύτεχνὲστατα
1518 3072 1639 3126 λίαν
1679 3072 1926 3127 διδάσκει

345 3162 435 3216 τδν
478 3158 683 3215 Ἰακὼϐ
730 3162 1030 3232 ἀποφοιτᾷν
1077 3161 1370 3230 ἐθέλοντα,
1417 3163 1830 3231 μεταποιεῖσθαί
1867 3180 1928 3217 τε

348 3257 439 3310 καὶ
456 3253 589 3309 λίαν
618 3253 908 3324 ἑπιθυμείν
937 3255 1217 3310 ιπιδοῦναι
1246 3255 1355 3308 τῶν
1384 3255 1702 3324 ἀναγκαίων
1724 3257 1805 3319 εἰς
1828 3272 1930 3309 σω·

345 3345 547 3417 τηρὶαν
585 3343 760 3415 αὐτῷ.
798 3344 858 3399 '0
886 3344 998 3417 γὰρ
1025 3345 1162 3409 ὅλως
1193 3344 1499 3418 νενικηκὼς
1519 3384 1534 3406 .
1566 3345 1660 3399 καί
1690 3344 1929 3415 ἀποστῆ-

347 3452 431 3492 ναι
455 3436 769 3503 δυνάμενος
788 3475 803 3501 ,
851 3436 958 3491 κᾶν
999 3439 1050 3490 εἰ
1084 3435 1159 3508 μὴ
1198 3436 1417 3508 μεθοίτο
1458 3437 1623 3507 τυχὸν
1656 3436 1684 3490 6
1713 3453 1929 3506 νενικη-

351 3525 535 3595 μένος,
597 3525 846 3591 ἐξουσίαν
904 3528 962 3582 δὲ
1010 3526 1200 3602 ὥσπερ
1255 3528 1528 3592 ιπιδιδοὺς
1587 3528 1682 3582 τοῦ
1706 3567 1722 3593 ,
1768 3529 1930 3602 εἰπερ

348 3616 548 3681 ﬂecto,
576 3619 674 3672 καὶ
698 3618 870 3691 ἀπρὶξ
900 3619 1122 3690 ἔχεσθαι
1149 3620 1333 3691 τυχὸν,
1370 3640 1389 3677 ι
1412 3620 1758 3677 ’Δπόστειλόν
1782 3638 1873 3693 με,
1905 3640 1924 3673 ι

351 3711 501 3781 φησί.
548 3710 745 3780 Τούτῳ
776 3711 1098 3782 προσεοικὸς
1140 3713 1448 3784 εὑρήσομεν
1472 3713 1533 3766 τὸ
1562 3714 1700 3781 πρὸς
1728 3713 1930 3768 Meneta

354 3804 503 3872 παρὰ
544 3801 688 3857 Θεοῦ
737 3803 917 3871 σοφῶς
962 3820 1024 3858 τε
1066 3804 1161 3858 καί
1207 3805 1567 3876 οἰκονομικῶς
1612 3805 1927 3877 εἰρημένον.

364 3892 649 3948 Ἐϐούλετο
690 3894 791 3964 μὶν
816 3894 926 3965 γὰρ
956 3894 1448 3967 εἰδωλολατροῠντα
1480 3895 1623 3952 κατὰ
1663 3897 1763 3955 τὴν
1800 3897 1932 3968 ἔρη-

358 3999 450 4052 μον
470 3984 949 4054 (μεμοσχοποίηκε
995 3985 1129 4057 γὰρ)
1186 3985 1473 4056 ἐξαιτῆσαι
1501 3986 1655 4052 δίκας
1687 3987 1780 4042 τὸν
1801 3989 1935 4042 ἀπό.

353 4072 598 4142 πληκτον
659 4074 900 4145 Ἰσραήλ.
960 4075 1162 4140 Ἐφιεὶς
1209 4076 1267 4130 δὲ
1313 4076 1506 4147 ὥσπερ
1545 4076 1625 4148 τῷ
1676 4077 1932 4151 μακαρίῳ

354 4164 567 4227 Mucii,
598 4165 1060 4229 κατακωλύειν,εἰ
1090 4166 1456 4239 βούλοιτο,τὴν
1487 4167 1681 4238 ὀργὴν,
1712 4168 1931 4234 καὶτὰς

354 4254 489 4325 ὑπὲρ
514 4258 631 4311 τῶν
654 4258 1053 4328 ἡμαρτηκότων
1082 4259 1352 4315 ποιεῖσθαι
1376 4259 1549 4326 λιτὰς.
1585 4279 1603 4313 ι
1640 4259 1930 4332 Λελάληκα

357 4347 488 4416 πρὸς
526 4348 594 4400 σὲ
613 4387 628 4409 ,
658 4349 858 4419 φησὶν,
886 4348 1036 4416 απαξ
1061 4350 1155 4405 καὶ
1184 4350 1266 4413 δὶς
1284 4389 1299 4416 ,
1329 4350 1521 4419 λέγων’
1560 4350 1817 4422 Ἑώρακα
1839 4349 1931 4405 τὸν

355 4436 479 4492 λαὸν
518 4436 752 4503 τοῦτον,
781 4440 877 4494 καὶ
912 4439 1024 4497 ἰδοὺ
1062 4440 1192 4505 λαὸς
1234 4440 1713 4512 σκληροτράχηλός
1754 4443 1928 4496 ἐστιν·

358 4525 513 4585 εισόν
571 4549 668 4601 με.
710 4531 1077 4604 ἰξολοθρεύσω
1131 4534 1359 4597 αὐτοὺς,
1403 4534 1499 4589 καὶ
1553 4531 1821 4603 ἐξαλείψω
1870 4533 1933 4591 τὸ

354 4619 523 4692 ὄνομα
562 4622 749 4677 αὐτῶν
788 4623 1142 4680 ὑποκάτωθεν
1172 4625 1267 4679 τοῦ
1307 4624 1562 4697 ούρανοῦ,
1594 4625 1691 4679 καὶ
1719 4624 1935 4694 ποιήσω

359 4730 417 4767 σε
456 4716 542 4779 εἰς
585 4715 742 4779 ἔθνος
778 4716 943 4787 μέγα.
986 4736 1005 4769 ι
1053 4716 1272 4789 Ἐπειδὴ
1304 4716 1362 4771 δὲ
1403 4714 1636 4786 συνῆκεν
1671 4717 1700 4768 6
1728 4715 1936 4786 Μωσῆς

356 4803 453 4872 τῆς
473 4804 633 4871 θείας
657 4807 994 4879 ἡμερότητος
1019 4808 1117 4879 τὴν
1139 4806 1474 4878 οἰκονομίαν,
1491 4806 1585 4859 ἰπὶ
1599 4805 1659 4858 τὸ
1675 4802 1915 4859 κωλύειν

358 4894 612 4966 ιρχεται,
641 4897 738 4952 καί
771 4915 958 4969 φησιν·
988 4917 1008 4951 ι
1029 4900 1093 4954 El
1113 4904 1215 4969 μὶν
1242 4900 1389 4971 ἀφῇς
1420 4898 1604 4960 αὐτοῖς
1635 4895 1934 4969 ἁμαρτίαν,

356 4984 515 5054 άφες·
539 4990 594 5041 εἰ
621 4987 684 5048 δὲ
710 4988 809 5059 μὴ,
834 4989 979 5058 κάμε
1003 4989 1283 5060 ἰξάλειψον
1308 4989 1376 5042 ὲκ
1402 4987 1502 5056 τῆς
1522 4985 1710 5058 βίϐλου
1731 4986 1936 5057 ταύτης

357 5071 423 5146 ἦς
469 5080 749 5150 ἔγραψας.
800 5099 819 5132 ι
856 5080 1065 5136 Ούκοῦν
1105 5082 1249 5141 κατὰ
1295 5081 1502 5137 τοιόνδε
1550 5079 1753 5159 τρόπον
1799 5079 1934 5151 πρὸς

371 5168 569 5225 Ἰακὼϐ
606 5171 826 5243 εἴρηται
882 5175 974 5239 τὸ,
1008 5194 1025 5226 ι
1078 5172 1420 5228 ’Διτόστειλόν
1460 5189 1559 5243 με.
1601 5190 1619 5225 ι
1654 5172 1807 5244 παρὰ
1842 5170 1936 5225 τοῦ

360 5260 688 5327 παλαίοντος
721 5265 860 5337 πρὸς
875 5266 1060 5321 αὐτόν.
1100 5267 1161 5320 '0
1184 5266 1242 5320 δὲ
1267 5266 1405 5336 ταχυ
1438 5282 1539 5319 που
1569 5266 1771 5329 συνιεὶς
1797 5263 1882 5327 τίς
1909 5265 1939 5317 6

360 5348 612 5405 παλαίων
651 5353 800 5419 ἐστὶ,
834 5355 929 5408 καὶ
975 5357 1036 5408 ἰν
1071 5354 1323 5425 αἰσθήσει
1363 5353 1548 5408 λοιπὸν
1594 5354 1689 5409 τοῦ
1737 5354 1939 5416 παντὸς

361 5440 607 5508 γεγονὼς
644 5444 1005 5515 πράγματος,
1042 5449 1418 5517 μεταποιεῖται
1444 5446 1588 5511 λίαν,
1617 5446 1711 5500 καί
1741 5460 1930 5516 φησιν·

364 5544 384 5574 ι
420 5529 499 5582 Οὐ
532 5534 609 5602 μή
640 5550 699 5587 σε
726 5534 863 5600 ἀνῶ,
898 5537 992 5591 ἐὰν
1022 5537 1097 5609 μή
1124 5554 1190 5607 με
1227 5537 1543 5610 εύλογήσῃς.
1579 5556 1595 5587 ι
1625 5536 1932 5608 Ηύλόγηται

432 5668 478 5699 ³⁸
507 5665 677 5723 Hebr.
705 5686 805 5733 xu,
838 5670 925 5735 ιε,
958 5671 1040 5725 l5.
1113 5674 1157 5704 ²¹
1180 5672 1315 5731 Gen.
1348 5689 1512 5735 xxx",
1535 5673 1623 5727 26.

1702 5674 1746 5705 ’³
1790 5672 1930 5731 Psal.
1971 5690 2097 5735 LXII,
2137 5675 2223 5729 54.

2029 1913 2217 1959 nostra
2236 1904 2463 1975 iustitia:
2487 1906 2716 1969 lumine,
2748 1906 2851 1961 hoc
2875 1914 2960 1961 est
2982 1906 3222 1972 Christo,
3238 1914 3295 1962 et
3315 1906 3617 1977 spiritalem

2028 1998 2087 2054 in
2101 1997 2269 2053 corda
2294 2007 2479 2053 nostra
2497 1999 2845 2069 splendorem
2865 2000 3216 2063 immittente,
3243 2007 3376 2054 tunc
3395 1999 3620 2056 demum

2028 2090 2272 2146 illustres
2304 2090 2598 2146 admodum
2619 2092 2722 2161 ipsi
2747 2091 3088 2156 assistemur,
3116 2090 3415 2161 divinoque
3458 2105 3627 2162 aspe-

2028 2192 2116 2238 ctu
2152 2181 2302 2253 digni
2329 2181 2649 2239 efﬁciemur.
2698 2202 2714 2234 ι
2757 2181 2915 2239 Oculi
2938 2183 3111 2247 enim,
3160 2182 3358 2253 inquit,
3399 2179 3622 2238 Domini

2027 2290 2194 2346 super
2215 2277 2470 2347 iustos“.
2484 2295 2502 2327 ι
2519 2274 2746 2332 Oriente
2770 2275 2939 2347 igitur
2964 2275 3231 2340 diluculo,
3246 2284 3424 2331 cessat
3446 2276 3618 2332 lucta.

2027 2368 2164 2425 Vide
2189 2378 2375 2424 autem
2424 2382 2535 2437 quo
2576 2376 2736 2438 pacto
2782 2367 3079 2423 artificiose
3125 2367 3419 2423 admodum
3459 2368 3624 2422 docet

2026 2460 2288 2517 Iacobum
2310 2461 2475 2515 reniti
2499 2459 2573 2524 ei,
2614 2458 2708 2529 qui
2733 2458 3020 2514 discedere
3058 2459 3298 2525 volebat,
3331 2460 3485 2529 171
3528 2467 3619 2513 ut—

2026 2569 2134 2623 que
2158 2553 2517 2611 vehementer
2550 2554 2739 2623 cupiat
2765 2551 2972 2606 addere
3026 2550 3232 2620 aliquid
3274 2565 3468 2606 eorum
3498 2565 3623 2620 qua:

2028 2645 2132 2715 ipsi
2161 2646 2474 2700 necessaria
2508 2655 2637 2699 sunt
2676 2644 2746 2698 ad
2781 2644 3038 2699 salutem.
3074 2643 3209 2697 Nam
3255 2643 3351 2713 qui
3391 2643 3622 2697 omnino

2026 2735 2301 2799 vincebat,
2327 2742 2384 2789 et
2422 2735 2684 2790 recedere
2725 2734 2962 2797 valebat,
3010 2734 3225 2788 etiamsi
3249 2748 3360 2787 non
3389 2732 3620 2802 permit-

2029 2836 2172 2881 teret
2197 2826 2404 2891 victus,
2429 2826 2710 2881 licentiam
2735 2824 3144 2895 quodammodo
3166 2823 3303 2878 dans
3327 2824 3448 2894 ejus
3470 2824 3620 2892 quod

2027 2915 2194 2970 vellet
2214 2914 2513 2969 faciendis:
2543 2912 2766 2968 Dimitte
2790 2926 2899 2976 me,
2934 2931 2953 2963 ι
2977 2911 3158 2982 inquit
3182 2910 3249 2965 “.
3275 2909 3416 2965 Huic
3438 2908 3620 2965 simile

2028 3005 2144 3062 fere
2175 3006 2523 3062 inveniemus
2558 3004 2627 3060 ad
2669 3005 2872 3060 Mosem
2901 3020 2932 3059 a
2964 3004 3078 3059 Deo
3112 3003 3390 3074 sapienter
3413 3017 3476 3057 ac
3508 3002 3622 3057 sin-

1953 3136 1997 3193 C
2029 3096 2206 3168 gulari
2250 3095 2482 3152 consilio
2526 3095 2757 3150 dictum.
2791 3093 3072 3150 Statuerat
3111 3093 3259 3149 enim
3286 3092 3632 3163 supplicium.

2028 3204 2251 3245 sumere
2268 3188 2337 3244 de
2367 3188 2569 3259 populo
2596 3187 2918 3251 Israelitico,
2948 3183 3314 3242 idololatriam
3339 3185 3395 3239 in
3421 3183 3619 3261 solitu—

2028 3279 2158 3335 dine
2200 3287 2495 3335 exercente
2523 3277 2747 3351 (vitulos
2799 3277 2948 3333 enim
2998 3276 3105 3332 sibi
3133 3277 3427 3346 erexerat).
3485 3276 3619 3332 Per-

2031 3370 2255 3426 mittens
2272 3378 2456 3425 autem
2485 3368 2892 3439 quodammodo
2924 3367 3087 3424 beato
3112 3368 3270 3434 Mosi,
3296 3365 3545 3424 avertere
3572 3367 3620 3422 si

2031 3457 2195 3514 vellet
2219 3458 2380 3523 iram,
2402 3457 2680 3529 precibus,
2722 3471 2823 3527 pro
2863 3456 2934 3511 iis
2956 3456 3051 3527 qui
3100 3456 3466 3527 deliquerant,
3497 3471 3629 3526 age-

2031 3561 2133 3605 re:
2170 3566 2190 3600 ι
2227 3546 2470 3604 Locutus
2508 3561 2653 3609 sum,
2698 3544 2901 3615 inquit,
2933 3544 3033 3600 tibi
3068 3546 3237 3601 semel
3287 3560 3356 3601 ac
3399 3546 3504 3609 bis,
3532 3545 3620 3600 di-

2029 3653 2163 3698 cens
2189 3657 2202 3695 :
2228 3638 2352 3696 Vidi
2398 3638 2660 3709 populum
2716 3636 2886 3700 hunc,
2938 3644 2996 3690 et
3025 3650 3154 3692 ecce
3190 3636 3427 3707 populus
3468 3634 3623 3690 dum

2029 3729 2263 3789 cervicis
2303 3738 2420 3796 est;
2484 3728 2603 3785 sine
2646 3744 2764 3793 me;
2804 3727 3119 3797 disperdam
3164 3742 3281 3790 eos,
3323 3734 3382 3781 et
3425 3725 3620 3780 delebo

2028 3836 2234 3881 nomen
2255 3837 2448 3879 eorum
2470 3820 2540 3878 de
2568 3819 2758 3881 subter
2775 3818 2936 3880 cmlo,
2961 3824 3019 3872 et
3045 3816 3236 3872 faciam
3259 3824 3312 3869 te
3333 3816 3386 3869 in
3400 3823 3619 3885 gentem

2030 3926 2280 3983 magnam
2300 3913 2365 3964 ".
2380 3930 2397 3965 ι
2429 3910 2724 3978 Postquam
2740 3922 2872 3963 vero
2899 3906 3169 3961 intellexit
3190 3905 3401 3977 Moyses
3419 3904 3621 3962 divina:

2029 4001 2385 4073 benignitatis
2421 3999 2697 4071 singulare
2765 3998 3076 4067 consilium,
3131 3997 3198 4052 ad
3265 3998 3620 4053 avertendam

2030 4096 2169 4155 iram
2193 4109 2253 4152 se
2292 4091 2523 4156 confert,
2572 4099 2628 4148 et
2670 4091 2783 4147 ait:
2818 4111 2836 4141 ι
2871 4090 3155 4163 Siquidem
3206 4089 3485 4146 remiseris
3538 4091 3622 4147 eis

2030 4194 2337 4259 peccatum,
2380 4183 2633 4251 remitte;
2692 4183 2779 4237 sin
2812 4182 3015 4247 minus,
3051 4182 3174 4238 dele
3202 4182 3369 4238 etiam
3409 4197 3497 4237 me
3550 4197 3622 4238 ex

2028 4277 2171 4337 libro
2200 4276 2305 4331 hoc
2345 4288 2507 4345 quem
2534 4273 2805 4343 scripsisti
2843 4273 2906 4326 ³⁸.
2944 4291 2962 4323 ι
3016 4270 3406 4343 Huiuscemodi
3454 4270 3621 4341 igitur

2030 4376 2191 4437 Paeto
2217 4364 2425 4420 dictum
2456 4362 2628 4421 fuerit
2670 4362 2738 4419 ad
2784 4362 2953 4421 Jacob
2984 4380 2996 4414 :
3038 4382 3055 4413 ι
3089 4362 3314 4419 Dimitte
3347 4379 3456 4427 me,
3484 4384 3502 4414 ι
3547 4365 3620 4419 ab

1964 4476 2010 4531 ι)
2036 4475 2105 4519 eo
2146 4457 2241 4529 qui
2271 4472 2398 4512 cum
2427 4455 2546 4526 ipso
2597 4454 2925 4510 luctabatur.
2962 4453 3067 4521 Qui
3100 4454 3284 4509 statim
3309 4453 3620 4525 intelligens

2030 4550 2280 4622 quisnam
2305 4556 2452 4605 esset
2476 4547 2731 4610 luctator,
2776 4554 3057 4615 totamque
3098 4545 3177 4602 rei
3217 4544 3484 4601 rationem
3520 4558 3617 4597 ex-

2030 4643 2297 4715 ploratam
2324 4641 2535 4697 habens
2558 4638 2840 4704 renititur,
2875 4637 3067 4697 dicens
3093 4656 3105 4691 :
3132 4632 3167 4687 ἰ
3205 4637 3325 4699 Non
3354 4646 3405 4693 te
3427 4635 3620 4693 dimit-

2031 4744 2164 4799 tam,
2192 4734 2300 4793 nisi
2342 4731 2694 4789 benedixeris
2726 4730 2862 4786 mihi
2896 4732 2964 4785 ”.
2995 4749 3011 4781 ι
3048 4729 3382 4786 Benedictus
3434 4739 3631 4787 autem-

2028 4827 2155 4888 fuit.
2173 4842 2237 4883 ac
2260 4826 2485 4896 quidem
2501 4825 2904 4882 benedictionis
2927 4826 3125 4881 modus
3146 4824 3271 4889 fuit,
3294 4823 3496 4894 prioris
3518 4837 3619 4881 no.-

2032 4918 2198 4977 minis
2220 4919 2275 4975 in
2298 4917 2446 4973 aliud
2467 4918 2872 4973 transmutatio.
2903 4937 2921 4969 ι
2938 4917 3059 4973 Non
3078 4914 3550 4977 vocabiturenim,
3591 4934 3609 4963 ι

2033 5010 2231 5083 inquit,
2261 5028 2279 5060 ι
2301 5023 2500 5065 nomen
2529 5017 2683 5065 tuum
2719 5009 2953 5080 amplius
2983 5007 3171 5071 Jacob,
3206 5005 3303 5062 sed
3325 5006 3489 5061 lsrael
3512 5006 3626 5061 erit.

2032 5116 2233 5157 nomen
2278 5111 2431 5159 tuum
2473 5101 2538 5153 ³ο.
2591 5121 2607 5151 ι
2649 5101 2789 5156 Cum
2843 5099 3066 5171 quidem
3114 5097 3283 5155 Iacob
3347 5097 3618 5169 signiticet

2032 5191 2509 5265 supplantalorem,
2536 5192 2641 5249 hoc
2682 5201 2785 5257 est,
2813 5191 3030 5247 virilem
3050 5197 3105 5245 et
3130 5197 3416 5245 strenuum
3440 5190 3509 5247 ad
3550 5205 3617 5245 ea

2034 5301 2155 5356 qua:
2180 5294 2398 5356 oportet
2444 5283 2749 5356 praestanda
2777 5302 2790 5337 :
2818 5281 2983 5338 lsrael
3015 5296 3148 5337 vero
3172 5290 3411 5338 mentem
3434 5282 3614 5337 niden-

2043 5386 2147 5432 tem
2169 5376 2357 5432 Deum.
2404 5375 2663 5444 Quaenam
2713 5383 2896 5431 autem
2931 5373 3128 5429 horum
3169 5374 3311 5428 ratio
3354 5373 3446 5439 sit,
3495 5388 3613 5445 age,

2042 5470 2310 5534 dicamus,
2340 5468 2710 5525 narrationem
2734 5468 2897 5537 paulo
2923 5467 3086 5522 altius
3120 5473 3453 5539 repetentes.

2325 5675 2369 5705 "
2399 5673 2539 5729 Psal.
2572 5690 2626 5735 v,
2653 5673 2708 5730 4.
2784 5673 2830 5705 ’³
2860 5674 3000 5729 Psal.
3038 5687 3221 5731 sum.
3250 5670 3332 5729 l6.
3408 5672 3454 5703 "
3477 5670 3614 5726 Gen.

360 5750 535 5803 um,
567 5736 652 5794 26.
729 5742 771 5773 ’⁷
810 5741 980 5797 Exod.
1021 5742 1251 5811 xxxu,9,
1284 5743 1375 5811 l0;
1413 5758 1595 5804 χχχιιι,
1756 5744 1805 5774 "
1840 5743 1929 5798 Ειις

2056 5760 2222 5807 xxxn,
2250 5744 2343 5813 5i,
2377 5744 2470 5800 δί.
2547 5744 2590 5776 ²⁹
2622 5741 2760 5800 Gen.
2802 5760 2969 5808 xxx",
2993 5742 3082 5798 26.
3162 5742 3208 5775 ⁸⁸
3249 5741 3382 5801 ibid.
3418 5739 3509 5794 28.
