4032 6198
422 333 531 394 $75

1453 338 1508 394 3.
1549 335 1825 397 CYRIIJJ
1863 341 2335 398 ALEXANDRINI
2372 344 2688 402 ABCHIEP.

3571 344 3680 398 270

419 452 509 515 δὲ,
552 449 646 504 καὶ
681 448 906 520 γέγονεν
952 449 1100 523 αὐτῷ
1148 452 1246 523 τῆς
1291 452 1543 523 εὐλογίας
1583 457 1611 509 ὁ
1675 457 1908 527 τρόπος,
1938 459 1966 513 6
2006 456 2068 522 ἐξ
2105 459 2370 529 ὀνόματος
2417 459 2513 514 τοῦ
2557 460 2774 532 πρώτου
2822 459 2955 532 πρὸς
2993 460 3181 532 ἕτερον
3238 457 3676 530 μεταειτῗασμόξ.

426 569 442 596 ι
477 546 550 600 υύ
582 545 912 617 κληθήσεται
943 546 1070 619 γὰρ,
1103 549 1287 619 φησιν,
1315 548 1396 602 ἔτι
1420 550 1481 603 τὸ
1509 550 1682 621 ὅνομά
1709 568 1804 604 σου
1848 551 2065 619 Ἰακὼϐ,
2089 553 2491 626 ἀλλ’ἢΊσραὴλ
2513 555 2666 609 ἔσται
2697 556 2757 609 τὸ
2785 555 2958 626 ὅνομά
2975 573 3088 610 σου·
3123 576 3141 606 ι
3173 554 3288 626 [τοῦ
3319 554 3415 622 μὲν
3455 551 3674 624 Ἰακὼϐ]

420 635 781 707 σημαίνοντος
811 638 918 692 τὸν
943 637 1342 708 πτερνίζοντα,
1371 641 1652 705 τουτέστι,
1675 641 1765 694 τὸν
1787 641 2021 713 εὺδρανῆ
2051 645 2146 696 καὶ
2182 645 2444 715 νηφάλιον
2460 647 2540 709 είς
2571 647 2631 699 τὸ
2658 646 2919 701 δύνασθαι
2947 645 3245 718 κατορθοῦν
3281 645 3316 700 ἃ
3347 644 3454 697 δεῖ·
3483 643 3578 696 τοῦ
3618 646 3676 698 δὲ

431 730 646 802 Ἰσραὴλ
674 731 798 785 νοῦν
829 730 1057 800 ὁρῶντα
1088 732 1236 787 Θεὸν
1276 734 1735 808 έρμηνευομένου.
1774 739 1871 799 Τίς
1901 731 1994 790 οὖν
2031 739 2059 790 ό
2098 737 2276 806 λόγος,
2310 738 2441 810 φέρε
2469 739 2534 810 δὴ
2593 739 2863 810 λέγωμεν,
2902 740 3074 811 βραχὺ
3107 738 3205 810 τὴν
3242 738 3520 808 ἀφήγησιν
3552 737 3678 789 ἀνό.

416 841 509 874 πιν
549 823 1019 893 ἀνασειράζοντες.

487 919 542 973 4.
585 919 754 974 Jacob
800 919 946 975 lucta
996 922 1173 978 victus
1220 924 1552 995 femorisque
1605 933 1886 997 stuporem
1942 925 1994 982 in

2169 919 2232 974 δ’.
2271 917 2551 982 Παλαίσας
2583 920 2612 972 6
2653 918 2844 972 Ἰακὼϐ
2878 919 2972 972 καὶ
3017 918 3398 989 νενικημένος,
3430 919 3526 972 καὶ
3570 936 3676 971 πα-

419 1011 664 1066 tenebris
716 1028 929 1082 passus,
986 1015 1196 1070 detinet
1246 1017 1544 1073 luctantem
1597 1027 1657 1072 ut
1711 1018 1992 1088 paciﬁcus,

415 1103 740 1171 splendente
764 1105 874 1174 jam
903 1105 1047 1172 luce,
1077 1106 1329 1178 laetoque
1359 1109 1624 1175 diluculo,
1663 1120 1994 1181 coactusque

417 1209 550 1248 vero
579 1203 666 1250 est
690 1194 1019 1252 benedicere
1046 1213 1193 1252 eum.
1238 1200 1409 1255 Porro
1452 1201 1776 1259 benedictus
1829 1204 2011 1258 etiam-

415 1290 520 1346 est,
568 1285 982 1354 cognominatus
1019 1287 1290 1357 siquidem
1323 1297 1407 1344 est
1446 1291 1628 1346 Israel.
1667 1293 1995 1364 Repugnans

415 1373 564 1426 enim
609 1373 776 1430 Israel
825 1375 1192 1443 Emmanueli,
1237 1389 1297 1434 ut
1348 1380 1662 1437 incredulus
1708 1393 1763 1438 et
1805 1383 1996 1440 inobe-

415 1463 595 1529 diens,
641 1472 898 1522 cancrum
946 1468 1115 1524 veluti
1160 1469 1216 1523 in
1262 1470 1568 1541 ignorantia
1621 1482 1677 1529 et
1730 1476 1990 1541 tenebris,

415 1554 704 1626 imperitiae
740 1557 1002 1612 nimirum
1048 1559 1330 1629 (obduruit
1371 1563 1568 1635 enim),
1591 1568 1843 1636 cognovit
1875 1568 1994 1622 vix-

415 1647 547 1702 dum
583 1649 768 1704 oriens
794 1648 962 1705 etiam
1014 1652 1116 1720 ipsi
1158 1653 1214 1706 in
1266 1662 1449 1712 mente
1498 1656 1744 1712 divinum
1788 1659 1989 1714 lumen.

415 1739 748 1796 Benedictus
777 1741 924 1797 enim
958 1753 1044 1798 est
1064 1758 1094 1797 a
1121 1743 1362 1811 Christo,
1390 1747 1605 1803 etiamsi
1633 1764 1743 1804 non
1777 1751 1996 1804 univer-

415 1845 512 1884 sus
552 1829 804 1895 fortasse,
835 1832 993 1902 172
1023 1841 1170 1888 certe
1201 1834 1255 1887 in
1282 1844 1439 1904 parte
1463 1837 1697 1907 quadam
1727 1837 1989 1894 ﬁdelium.

423 1935 441 1965 ι
483 1915 660 1970 Facta:
699 1919 847 1972 enim
896 1928 1023 1974 sunt
1065 1917 1308 1991 reliquie
1341 1926 1644 1981 secundum
1667 1927 1990 1984 electionem

415 2009 602 2079 gratim
653 2010 837 2065 Israeli
891 2011 1062 2081 (juxta
1091 2012 1143 2066 id
1170 2014 1316 2082 quod
1340 2017 1604 2086 scriptum
1626 2026 1711 2073 est
1739 2021 1777 2050 ³³
1789 2030 1828 2088 ).
1856 2020 1991 2076 Cre—

415 2097 785 2172 dideruutque
825 2103 1138 2158 Judzeorum
1178 2119 1288 2160 non
1322 2109 1479 2176 pauci
1504 2125 1734 2166 numero
1757 2111 1836 2177 ";
1879 2132 1895 2164 ι
1929 2129 1992 2167 ac

416 2207 530 2262 pra:
574 2192 696 2248 aliis
731 2193 901 2251 divini
938 2197 1213 2268 discipuli,
1236 2200 1330 2268 qui
1357 2199 1580 2269 quidem
1602 2202 1770 2258 Jacob
1792 2219 1902 2273 prae
1932 2220 1991 2260 se

2096 1011 2202 1066 θὼν
2231 1013 2288 1064 ὲν
2323 1010 2500 1081 σκότῳ
2535 1008 2634 1080 τὴν
2661 1011 2954 1081 νάρκωσιν,
2987 1012 3084 1082 τὴν
3115 1013 3174 1065 ὲν
3209 1010 3371 1082 μηρῷ
3403 1010 3671 1082 δηλονότι,

2093 1102 2280 1157 λοιπὸν
2302 1103 2582 1173 ἀντέχεται
2607 1102 2702 1155 τοῦ
2733 1102 3054 1166 παλαίοντος
3081 1103 3158 1167 ὡς
3181 1103 3494 1174 εἰρηνικῶς,
3524 1103 3670 1156 διαυ-

2094 1195 2352 1264 γάξοντος
2388 1193 2598 1262 φωτὸς,
2638 1194 2732 1246 καὶ
2773 1193 2972 1265 ὄρθρου
2998 1195 3183 1247 λοιπὸν
3217 1195 3317 1265 ἠδη
3359 1194 3666 1262 γεγονότος·

2095 1285 2405 1351 ἐξεϐιάζετο
2431 1285 2486 1339 δὲ
2531 1285 2718 1356 ὥσπερ
2745 1286 2823 1348 είς
2853 1286 3104 1353 εὐλογίας
3131 1286 3329 1348 αὑτὸν,
3361 1286 3458 1340 καὶ
3483 1286 3546 1357 δὴ
3576 1287 3670 1339 καὶ

2094 1379 2411 1450 ηὐλόγηται·
2443 1378 3001 1448 μετωνόμαπαι.γάρ
3043 1379 3278 1450 Ἰσραήλ.
3326 1378 3668 1446 ’Δντεξάγων

2093 1469 2203 1541 γὰρ
2246 1469 2436 1541 ὥσπερ
2481 1470 2512 1520 6
2564 1469 2778 1540 Ἰσραὴλ
2826 1470 2905 1540 τῷ
2958 1470 3305 1540 Ἐμμανουὴλ
3345 1469 3408 1523 es
3446 1469 3672 1532 ἀπειθὲς

2093 1562 2189 1613 καὶ
2235 1561 2578 1628 δυσάγωγον,
2622 1560 2764 1627 πλὴν
2788 1559 2864 1622 ὡς
2903 1561 2968 1612 ὲν.
2999 1560 3192 1630 ἀγνοίᾳ
3224 1560 3318 1612 καὶ
3351 1559 3526 1629 σκότῳ
3547 1600 3561 1623 ,
3587 1558 3670 1628 τῷ

2093 1653 2191 1722 τῆς
2229 1651 2483 1722 ἀμαθίας,
2529 1652 2691 1722 φημί.
2722 1649 3031 1721 Πεπώρωτο
3074 1652 3204 1722 γάρ·
3250 1651 3462 1718 ἐπέγνω
3514 1651 3668 1721 μόλις

2093 1744 2402 1813 ἀνίσχοντος
2445 1744 2540 1796 καὶ
2579 1742 2729 1813 αύτῷ
2771 1742 2913 1796 κατά
2958 1741 3082 1795 νοῦν
3125 1741 3223 1796 τοῦ
3271 1743 3417 1795 θείου
3467 1742 3665 1810 φωτός.

2095 1835 2403 1904 Ηύλόγηταί
2431 1851 2490 1887 τε
2515 1833 2666 1902 παρά
2701 1833 2960 1905 Χριστοῦ,
2992 1837 3041 1887 εί
3065 1835 3160 1887 καὶ
3200 1834 3272 1904 μὴ
3299 1835 3444 1896 ἄπας
3480 1834 3666 1903 τυχὸν,

2091 1924 2205 1977 ἀλλ’
2241 1921 2334 1977 οὖν
2366 1926 2424 1977 ἐν
2453 1924 2617 1996 μοίρᾳ
2639 1924 2744 1978 τινὶ
2771 1924 2881 1978 τῶν
2926 1925 3387 1978 πεπιστευκότων.
3425 1943 3442 1976 ι
3470 1923 3668 1991 Γέγονε

2092 2016 2200 2086 γὰρ
2225 2016 2429 2086 λεῖμμα
2456 2019 2574 2069 κατ’
2607 2014 2833 2086 ἐκλογὴν
2863 2016 3082 2086 χάριτος
3113 2035 3130 2066 ι
3168 2014 3243 2085 τῷ
3261 2013 3492 2086 Ἰσραὴλ,
3526 2013 3672 2066 κατὰ

2091 2108 2152 2161 τὸ
2195 2109 2612 2180 γεγραμμένον,
2661 2109 2754 2162 καὶ
2802 2108 3200 2161 πεπιστεύκασι
3229 2106 3338 2159 τῶν
3391 2105 3667 2158 Ἰουδαίων

2091 2198 2190 2250 οὐκ
2231 2197 2399 2266 ὀλίγοι
2429 2197 2520 2250 τὸν
2556 2198 2809 2268 ἀριθμόν.
2867 2197 2978 2250 Καὶ
3008 2196 3113 2268 πρό
3147 2213 3211 2264 γε
3271 2195 3378 2248 τῶν
3411 2195 3587 2249 ἄλλων
3616 2196 3668 2246 oi

413 2283 688 2351 ferebant,
746 2288 903 2359 legali
951 2290 1144 2346 robore
1189 2293 1434 2361 prwditi,
1479 2311 1543 2349 ac
1589 2297 1991 2366 quodammodo

2095 2290 2369 2343 θεσπέσιοι
2407 2288 2665 2360 μαθηταὶ,
2694 2290 2743 2342 οἳ
2774 2289 2903 2343 ποτὶ
2938 2289 3036 2361 μὲν
3061 2285 3201 2360 ἦσαν
3238 2287 3448 2350 Ἰακὼϐ,
3477 2287 3537 2340 τὸ
3601 2289 3680 2339 ἀο-

416 2376 850 2446 supplantantes,
876 2396 1334 2453 summopereque
1356 2384 1692 2443 detestantes
1715 2389 1887 2444 Deum
1913 2391 1996 2446 of-

415 2469 662 2525 fendere.
721 2471 1236 2543 Irreprehensihiles
1293 2476 1442 2531 enim
1495 2489 1653 2534 erant
1691 2481 1993 2537 secundum

411 2563 682 2632 justitiam
725 2581 848 2634 qua:
881 2574 966 2620 est
991 2566 1044 2620 in
1069 2567 1186 2638 lege
1218 2588 1230 2621 :
1261 2569 1388 2625 facti
1421 2581 1606 2627 autem
1653 2582 1781 2628 sunt
1805 2585 1992 2645 postea

414 2655 582 2710 etiam
630 2655 815 2720 Israel,
863 2657 967 2712 hoc
1009 2668 1114 2723 est,
1158 2663 1404 2716 translati
1450 2674 1577 2720 sunt
1628 2666 1887 2737 deinceps
1935 2670 1993 2724 in

416 2753 655 2800 mentem
678 2747 952 2802 videntem
969 2750 1161 2803 Deum.
1179 2751 1519 2822 Cognoscere
1535 2757 1990 2827 enimChristum,

416 2838 671 2906 quisnam
707 2839 800 2904 sit,
840 2850 898 2895 et
929 2841 1094 2906 unde,
1133 2858 1197 2897 ac
1235 2846 1512 2914 quomodo
1539 2848 1717 2905 factus
1745 2853 1816 2906 sit
1838 2853 1994 2922 juxta

417 2943 482 2982 ac
521 2944 644 2994 nos,
683 2939 740 2984 et
775 2931 1051 3000 quodnam
1075 2931 1240 2989 fuerit
1263 2937 1382 3006 ejus
1404 2937 1796 2997 incarnationis
1815 2945 1996 3000 consi-

416 3017 574 3086 lium,
617 3020 723 3076 boc
765 3038 884 3080 esse
921 3034 1102 3081 statuo
1141 3044 1330 3083 verum
1374 3031 1470 3086 Dei
1508 3041 1763 3102 aspectus
1806 3034 1992 3090 lumen

417 3121 603 3168 mente
643 3117 944 3186 suscipere.
977 3119 1134 3185 Quod
1159 3138 1290 3176 vero
1320 3125 1489 3195 major
1513 3133 1676 3195 atque
1701 3126 1910 3192 utilior,
1937 3138 1994 3183 et

418 3203 925 3274 incomparabiliter
969 3209 1162 3266 melior
1205 3213 1276 3267 sit
1326 3217 1435 3271 vita
1480 3215 1639 3286 legali
1666 3216 1904 3288 cognitio
1924 3219 1992 3274 de

418 3292 552 3360 Deo,
613 3295 842 3364 ipsemet
881 3307 1113 3355 testatur
1158 3319 1256 3374 per
1283 3307 1574 3376 quemdam
1600 3308 1990 3378 prophetarum

419 3386 495 3442 ita
546 3384 773 3441 dicens:
820 3409 837 3439 ι
868 3389 1006 3456 Quia
1046 3393 1479 3453 misericordiam
1521 3401 1664 3465 volo,
1693 3408 1880 3456 etnon
1909 3416 1996 3456 sa-

419 3472 712 3540 criﬁcium,
734 3485 788 3531 et
814 3481 1180 3550 cognitionem
1206 3486 1302 3542 Dei
1341 3488 1512 3558 magis
1544 3505 1706 3558 quam
1730 3489 1992 3545 holocau-

418 3569 652 3619 stomata
688 3565 751 3621 ³³.
787 3587 805 3619 ι
839 3568 981 3636 Quin
1011 3582 1066 3628 et
1096 3575 1297 3631 Paulus
1331 3587 1518 3632 natum
1547 3579 1768 3648 quidem
1812 3597 1872 3637 se
1916 3583 1995 3638 ait

429 3675 446 3706 ε
467 3655 621 3726 juxta
634 3660 902 3730 justitiam
927 3681 1049 3736 qua:
1071 3677 1154 3721 est
1180 3667 1236 3721 in
1256 3668 1372 3740 lege
1396 3670 1459 3734 “,
1493 3689 1511 3721 ι
1542 3671 1807 3728 illustrem
1829 3683 1992 3745 atque

421 3751 984 3827 irreprehensibilem,
1041 3781 1059 3812 ι
1098 3763 1438 3820 existimasse
1483 3779 1612 3821 vero
1663 3769 1844 3822 omnia
1880 3769 1996 3825 hac

419 3842 811 3903 detrimentum
869 3858 1094 3920 pr0pter
1144 3853 1609 3922 praeeminentiam
1668 3859 1997 3930 cognitionis

417 3933 623 3990 Christi
663 3936 728 3992 ".
772 3959 791 3990 ι
834 3938 990 4006 Quod
1011 3957 1143 3998 vero
1177 3943 1392 4000 sincera
1414 3949 1652 4019 cognitio
1680 3949 1748 4005 de
1777 3950 1996 4008 Christo

417 4028 765 4094 praestantior
820 4030 892 4083 sit
927 4033 1217 4102 splendore
1256 4052 1504 4107 operum,
1547 4041 1748 4097 Paulus
1777 4059 1997 4100 rursum

419 4115 682 4181 declarat,
712 4117 779 4171 ad
805 4119 1154 4177 Timotheum
1183 4127 1448 4192 scribens,
1485 4147 1648 4198 quem
1676 4134 1743 4187 ad
1779 4135 1998 4204 pietatis

417 4206 742 4262 exercitium
763 4209 1017 4266 hortatur
1042 4230 1054 4265 :
1087 4233 1103 4264 ι
1121 4213 1417 4286 Corporale
1443 4221 1590 4274 enim
1612 4226 1987 4289 exercitium,»

415 4295 618 4367 inquit,
652 4319 668 4350 ι
694 4299 762 4355 ad
788 4316 961 4371 pauca
979 4305 1110 4362 utile
1133 4318 1235 4363 est.
1261 4310 1442 4367 Pietas
1463 4328 1594 4367 vero
1616 4315 1684 4368 ad
1709 4316 1891 4371 omnia
1912 4327 1998 4373 est

418 4389 590 4454 utilis,
639 4392 1058 4461 promissionem
1099 4399 1309 4457 habens
1343 4403 1468 4458 vitae
1494 4420 1615 4474 qua:
1643 4421 1790 4462 nunc
1813 4416 1915 4473 est,
1940 4417 1998 4464 et

416 4481 617 4538 futurae
661 4483 725 4539 ³⁸.
756 4503 776 4537 ι
809 4484 1281 4552 Quemadmodum
1318 4495 1462 4550 enim
1497 4495 1746 4552 Salvator
1774 4498 1888 4570 ipse
1921 4500 1998 4556 ait

417 4575 487 4631 ad
519 4575 742 4634 Patrem
767 4579 1048 4639 ccelestem
1075 4602 1088 4636 :
1122 4603 1141 4635 ι
1172 4585 1296 4641 Ilaec
1328 4597 1411 4642 est
1431 4588 1544 4642 vita
1561 4598 1786 4655 mterna,
1814 4600 1874 4646 ut
1899 4608 1996 4648 co-

415 4683 681 4740 gnoscant
725 4682 776 4729 te
808 4675 984 4730 solum
1031 4693 1223 4732 verum
1269 4679 1462 4745 Deum,
1503 4689 1559 4736 et
1610 4700 1774 4752 quem
1799 4686 1996 4743 misisti

415 4761 605 4818 Iesum
649 4765 928 4822 Christum
979 4769 1041 4823 ³’.
1081 4791 1098 4821 ι
1139 4769 1428 4837 Quocirca,
1453 4775 1668 4831 etiamsi
1709 4777 1834 4847 quis
1879 4779 1994 4833 for-

418 4863 563 4910 tasse
594 4849 762 4913 Jacob
799 4859 890 4924 sit,
930 4861 1033 4916 hoc
1066 4871 1168 4926 est,
1196 4863 1238 4917 si
1268 4864 1616 4934 supplantare
1640 4869 1837 4935 valeat,
1871 4872 1995 4941 pul-

2095 2380 2286 2450 δρανὲς
2335 2381 2549 2450 ἔχοντες
2598 2383 2656 2433 ἐν
2698 2380 2882 2451 νόμῳ,
2913 2382 3010 2434 καὶ
3055 2381 3218 2434 οἱονεὶ
3263 2378 3668 2451 πτερνίζοντες,

2097 2473 2519 2545 περιπνεύοντές
2550 2490 2608 2527 τε
2648 2473 2898 2543 γοργῶς,
2939 2475 3032 2550 καὶ
3063 2473 3145 2526 ὅτι
3193 2472 3425 2543 μάλιστα
3461 2486 3665 2540 παραιο

2093 2565 2345 2636 τούμενοι
2377 2566 2438 2618 τὸ
2473 2565 2834 2637 προσκρούειν
2864 2564 3004 2635 Θεῷ.
3041 2566 3352 2634 Ἀμεμπτοι
3381 2561 3490 2633 γάρ
3525 2558 3669 2632 ἦσαν

2095 2658 2237 2712 κατά
2263 2657 2608 2728 δικαιοσύνην
2635 2657 2734 2728 τὴν
2760 2659 2817 2710 ὲν
2847 2656 2926 2726 τῷ
2960 2655 3128 2726 νόμῳ.
3163 2655 3421 2722 Γεγόνασι
3441 2652 3497 2704 δὲ
3529 2652 3669 2722 μετὰ

2093 2751 2252 2804 τοῦτο
2292 2750 2388 2804 καὶ
2428 2749 2674 2820 Ἰσραὴλ,
2707 2747 2989 2810 τουτέστι,
3025 2744 3546 2817 μετακεχωρήκασιν
3586 2743 3672 2804 είς

2095 2844 2218 2900 νοῦν
2247 2844 2460 2916 ὁρῶντα
2487 2843 2618 2896 Θεὸν
2633 2841 2839 2895 λοιπόν.
2865 2841 2938 2894 Τὸ
2959 2842 3069 2910 γὰρ
3091 2839 3288 2892 εἰδέναι
3321 2835 3672 2908 Χριστόν,τίς

2093 2938 2157 3008 δὴ
2184 2940 2312 3008 ἄρα,
2346 2937 2438 2989 καὶ
2471 2935 2633 2988 πόθεν
2663 2936 2855 3002 γέγονε
2896 2932 3018 2986 καθ’
3050 2933 3218 3003 ἡμᾶς,
3251 2931 3284 3001 ἢ
3327 2933 3475 2992 ποῖος
3515 2928 3672 2998 αὐτῷ

2093 3031 2192 3101 τῆς
2230 3027 2367 3098 μετά
2403 3026 2606 3096 σαρκὸς
2642 3025 2957 3094 οἰκονομίας
2994 3026 3023 3077 ό
3065 3022 3286 3093 τρόπος·
3321 3021 3481 3075 τοῦτο
3527 3017 3670 3073 εἷναί

2096 3139 2167 3191 φη
2178 3138 2233 3189 μι
2244 3119 2362 3188 ,τῆς
2379 3116 2610 3189 ἀληθοῦς
2625 3115 2786 3169 Θεοπτ
2795 3114 2956 3186 [ε]ίας
2971 3114 3028 3167 τὸ
3047 3114 3159 3183 φῶς
3176 3111 3511 3178 εἰσδέξασθαι
3527 3110 3675 3165 κατὰ

2094 3211 2240 3266 νοῦν.
2271 3213 2393 3264 Ὃτι
2416 3209 2473 3263 δὲ
2505 3210 2728 3279 μείζων,
2762 3209 2854 3261 καὶ⁵
2885 3205 3330 3278 προφερεστέρα,
3374 3205 3466 3257 καὶ
3496 3205 3673 3270 ἀσυγ-

2095 3304 2297 3374 κρίτως
2345 3301 2585 3372 ἀμείνων
2617 3301 2716 3372 τῆς
2744 3301 2800 3354 ὲν
2833 3299 2982 3368 νόμῳ
3010 3297 3283 3360 πολιτείας
3310 3297 3342 3366 ἡ
3372 3295 3500 3365 περὶ
3530 3293 3676 3348 Θεοῦ

2093 3395 2334 3465 γνῶσις,
2385 3394 2792 3463 πληροφορήσει
2837 3390 3015 3459 λέγων
3065 3388 3226 3451 αὐτὸς
3284 3387 3349 3442 δι’
3392 3387 3509 3450 ἑνὸς
3556 3385 3675 3440 τῶν

2096 3485 2422 3559 προφητῶν·
2461 3501 2480 3536 ι
2537 3485 2660 3537 Ὂτι
2696 3483 2843 3535 ἔλεον
2877 3480 3044 3546 Θέλω,
3073 3481 3165 3533 καὶ⁹
3208 3480 3268 3531 ού
3320 3478 3541 3531 θυσίαν·
3580 3477 3677 3530 καὶ

2020 3609 2062 3668 C
2096 3578 2388 3646 ἐπίγνωσιν
2422 3575 2558 3630 Θεοῦ
2587 3615 2601 3640 ,
2636 3573 2669 3644 ἢ
2717 3572 3164 3642 ὁλοκαυτώματα.
3207 3589 3229 3621 ι
3282 3571 3389 3668 Καί
3436 3568 3674 3668 Παῦλος,

2101 3670 2176 3733 ὼς
2203 3667 2464 3736 γεγένητο
2505 3664 2604 3735 μὲν
2645 3681 2663 3714 ι
2692 3663 2834 3716 κατὰ
2859 3660 3208 3732 δικαιοσύνην
3236 3661 3332 3731 τὴν
3370 3661 3427 3711 ἐν
3451 3658 3623 3727 νόμῳ,
3647 3675 3670 3710 ι

2099 3760 2350 3833 λαμπρός
2376 3774 2436 3810 τε
2463 3758 2556 3810 καὶ
2583 3757 2887 3827 ἄμεμπτος·
2930 3775 2948 3806 ‹
2996 3754 3240 3822 Ἡγεῖται
3266 3753 3323 3806 δὲ
3351 3752 3418 3806 τά
3447 3751 3678 3804 τοιαῦτα

2101 3849 2414 3924 ζημίαν,διά
2441 3848 2504 3901 τὸ
2532 3848 2798 3918 ὑπερέχον
2823 3847 2919 3916 τῆς
2949 3844 3202 3914 γνώσεως
3225 3843 3318 3895 τοῦ
3353 3841 3613 3912 Χριστοῦ.
3647 3857 3670 3890 ι

2103 3947 2223 4000 Ὀτι
2256 3943 2311 3996 δέ
2334 3944 2451 3995 ἐστι
2489 3939 2585 3994 καὶ
2617 3940 2715 4009 τῆς
2745 3941 2800 3992 ὲν
2835 3938 3015 4010 ἔργοις
3037 3934 3412 4006 φαιδρότητος,
3437 3934 3493 3984 ὲν
3514 3932 3678 4002 ἀμεί-

2099 4053 2244 4090 νοσιν
2264 4038 2297 4106 ἡ
2327 4033 2714 4104 ἀκιϐδήλευτος
2748 4029 2949 4098 γνῶσις
2979 4028 3105 4098 περὶ
3130 4025 3388 4097 Χριστοῦ,
3418 4027 3680 4094 σαφηνιεῖ

2098 4129 2162 4200 δὴ
2201 4128 2362 4182 πάλιν
2397 4125 2649 4198 Τιμοθέῳ
2693 4122 2922 4195 γράφων
2951 4123 2980 4173 6
3018 4120 3261 4185 Παῦλος,
3297 4117 3676 4189 γυμνάζεσθαι

2100 4224 2261 4277 αὐτὸν
2291 4222 2428 4293 πρὸς
2449 4219 2749 4274 εὐσέϐειαν·
2788 4234 2807 4268 ι
2850 4215 2916 4269 Ἦ
2943 4214 3053 4286 γὰρ
3075 4212 3363 4283 σωματικὴ
3394 4212 3677 4281 γυμνασία

2098 4315 2238 4386 πρὸς
2285 4312 2462 4380 ὀλίγον
2503 4309 2651 4364 ἐστὶν
2700 4305 2995 4376 ὠφέλιμος,
3048 4306 3082 4375 ἡ
3131 4303 3189 4356 δὲ
3236 4302 3487 4356 εὐσέϐεια
3535 4302 3678 4372 πρὸς

2100 4405 2277 4459 πάντα
2320 4400 2594 4471 ὠφέλιμός
2657 4399 2838 4460 ἑστιν,
2893 4393 3229 4463 ἐπαγγελίαν
3279 4392 3480 4462 έχουσα
3527 4391 3676 4463 ζωῆς

2101 4499 2200 4569 τῆς
2253 4498 2347 4552 νῦν
2379 4497 2474 4550 καὶ
2515 4493 2614 4562 τῆς
2656 4491 2978 4562 μελλούσης.
3012 4509 3031 4542 ι
3071 4490 3159 4555 Ὠς
3186 4490 3292 4561 γὰρ
3331 4489 3493 4552 αὐτὸς
3521 4488 3680 4559 εἴρη-

2102 4611 2195 4648 κεν
2220 4594 2249 4646 6
2272 4590 2461 4658 Σωτὴρ
2493 4583 2630 4657 πρὸς
2650 4585 2742 4638 τὸν
2775 4587 2834 4638 ὲν
2878 4584 3127 4654 οὐρανοῖς
3171 4581 3414 4654 Πατέρα,
3458 4601 3477 4632 ι
3521 4579 3676 4652 Αὕτη

2101 4683 2250 4738 ἐστὶν
2285 4683 2319 4752 ἡ
2359 4676 2577 4739 αἰώνιος
2620 4674 2770 4746 ζωὴ,
2802 4674 2890 4726 ἵνα
2915 4671 3224 4741 γινώσκωσί
3274 4687 3334 4724 σε
3377 4670 3468 4723 τὸν
3513 4669 3679 4739 μόνον

2101 4773 2352 4844 ἀληθινὸν
2373 4769 2526 4833 Θεὸν,
2547 4769 2642 4821 καὶ
2665 4767 2723 4820 ὃν
2756 4764 3086 4828 ἀπέστειλας
3127 4761 3335 4832 Ἰησοῦν
3359 4760 3614 4830 Χριστόν.
3655 4779 3675 4812 ι

2104 4865 2311 4923 Οὐκοῦν
2354 4863 2458 4917 κᾶν
2491 4862 2543 4914 εί
2575 4875 2658 4922 τις
2687 4858 2771 4930 εἴη
2817 4854 3237 4927 τυχὸν,’1ακὼϐ,
3281 4852 3594 4914 τουτέστιν,
3629 4854 3680 4904 εί

416 4949 661 5019 chreque
679 4967 745 5006 ac
762 4951 980 5008 fortiter
995 4955 1235 5026 effugere
1253 4973 1414 5012 omne
1435 4959 1486 5012 id
1513 4961 1658 5029 quod
1677 4961 1994 5018 destruendi

2104 4955 2409 5030 πτερνίζειν
2447 4953 2684 5018 δύναιτο,
2724 4951 2818 5004 καὶ
2872 4947 3271 5018 διαδιδράσκειν
3305 4944 3537 5007 ἀστείως
3583 4943 3680 4996 καὶ

416 5040 528 5095 vim
565 5041 750 5108 habet,
787 5054 950 5115 atque
985 5047 1052 5100 ad
1085 5058 1368 5117 peccatum
1408 5051 1579 5114 ducit,
1626 5053 1875 5124 proﬁciet
1903 5070 2001 5124 per

415 5133 718 5200 Christum,
759 5139 923 5191 etiam
963 5139 1028 5193 ad
1069 5140 1308 5196 divinam
1336 5144 1723 5214 cognitionem.
1763 5148 1999 5201 Vocabi-

418 5231 508 5277 tur
529 5233 714 5278 autem
747 5227 913 5280 etiam
936 5229 1120 5296 Israel,
1149 5231 1253 5285 hoc
1281 5241 1386 5298 est,
1428 5233 1593 5288 Deum
1622 5237 1817 5290 videns.
1845 5237 1998 5291 Tunc

417 5314 640 5370 demum
678 5316 821 5371 inter
843 5318 1093 5374 homines
1111 5323 1218 5376 erit
1241 5332 1436 5392 potens
1460 5327 1850 5381 corroboratus
1872 5344 1996 5382 cum

418 5405 550 5461 Deo.
599 5407 784 5477 Neque
832 5411 979 5464 enim
1032 5415 1232 5468 mentis
1285 5415 1568 5472 imbecilla:
1619 5418 1783 5473 fuerit
1822 5419 1994 5473 Deum

419 5511 580 5551 nosse
621 5501 1100 5572 cognitionemque
1139 5505 1207 5560 de
1241 5521 1308 5561 eo
1347 5508 1616 5579 accipere,
1667 5511 1883 5564 tametsi
1940 5509 1996 5564 in

421 5587 645 5652 specqu
694 5600 855 5661 atque
905 5594 1188 5664 aenigmate
1242 5599 1423 5657 videat
1476 5603 1560 5667 ³³;
1603 5602 1696 5657 sed
1743 5603 1864 5672 ejus
1899 5603 1994 5672 qui

2099 5047 2360 5110 νεανικῶς
2392 5046 2502 5106 πᾶν
2536 5045 2674 5114 ὅπερ
2705 5041 2822 5095 ἐστὶ
2848 5038 3151 5111 παραλύειν
3179 5036 3319 5101 είδὸς
3347 5036 3442 5090 καὶ
3473 5034 3682 5089 καλοῦν

2100 5145 2179 5206 είς
2219 5137 2523 5210 ἁμαρτίαν,
2561 5133 2824 5204 προκόψει
2866 5131 2954 5184 διὰ
3001 5129 3239 5199 Χριστοῦ
3283 5129 3380 5182 καὶ
3437 5130 3518 5189 είς
3552 5126 3682 5181 σύν·-

2101 5252 2215 5288 εσιν
2262 5229 2596 5300 ἀγιοπρεπῆ.
2649 5224 2991 5296 Κεκλήσεται
3033 5222 3090 5275 δὲ
3132 5222 3226 5274 καὶ
3267 5219 3517 5292 Ἰσραὴλ,
3555 5236 3681 5272 του-

2099 5326 2268 5389 τέστι,
2297 5321 2446 5374 Θεὸν
2474 5316 2646 5387 ὀρῶν.
2667 5315 2800 5368 Τότε
2828 5315 2911 5377 δὴ,
2937 5314 3056 5366 τότε
3087 5313 3182 5366 καὶ
3214 5309 3352 5382 μετά
3372 5309 3680 5381 ἀνθρώπων

2103 5417 2256 5469 ἔσται
2275 5412 2516 5474 δυνατὸς,
2547 5408 2837 5478 ὲνισχύσας
2880 5405 3016 5476 μετὰ
3053 5403 3212 5457 Θεοῦ.
3249 5403 3324 5455 Ού
3358 5400 3468 5473 γὰρ
3498 5397 3590 5454 οὖν
3620 5400 3682 5454 τὸ

2104 5506 2298 5560 ἄναλκι
2325 5500 2848 5574 κατηρρωστηκότος
2878 5497 3038 5569 ἔργον
3066 5496 3132 5550 ἂν
3156 5494 3365 5561 γένοιτο
3395 5494 3456 5545 τὸ
3481 5491 3681 5546 εἰδέναι

2102 5599 2264 5662 Θεὸν,
2318 5597 2410 5650 καὶ
2452 5593 2550 5664 τὴν
2591 5593 2676 5644 ἐπ’
2725 5589 2874 5660 αὐτῷ
2907 5587 3108 5656 γνῶσιν
3153 5587 3328 5651 ἑλεῖν,
3379 5586 3430 5637 εί
3483 5584 3578 5639 καὶ
3622 5584 3680 5636 ἓν

488 5706 708 5788 'Lﬂom.
732 5709 876 5788 ξυλεῖ.
962 5710 1003 5741 ³¹
1033 5711 1148 5788 Act.
1185 5733 1309 5780 ινιτ,
1344 5717 1423 5773 12.
1504 5720 1546 5752 ³³
1572 5719 1730 5786 Osee,
1761 5737 1832 5782 τι,
1859 5721 1908 5776 6.
1985 5720 1994 5750 ³

2095 5718 2266 5788 ’hilip.
2313 5716 2472 5779 "1,6.
2553 5714 2595 5744 ³⁸
2620 5710 2761 5765 Ibid.
2791 5710 2839 5763 8.
2902 5708 2995 5762 "I
3036 5707 3178 5762 Tim.
3227 5724 3302 5775 iv,
3327 5707 3377 5761 8.
3443 5705 3488 5739 ⁸⁷
3518 5707 3679 5763 Ιοαιι.

437 5782 477 5846 ι,
519 5774 569 5831 5.
649 5775 690 5807 ι’
729 5779 749 5832 l
788 5780 1045 5850 Commi,
1083 5784 1163 5840 12.
