4004 6204
339 305 431 364 ΐῚ

1317 306 1837 364 GLAPIIYRORUM
1878 308 1945 366 IN
1984 309 2282 367 GENESIM
2324 311 2450 367 LIB.
2493 313 2560 366 Υ,

3496 319 3621 371 Ἐἴθε

343 429 580 498 ἐσόπτρῳ
652 424 840 497 βλέποι
914 428 1006 480 καὶ
1058 428 1362 500 αίνίγματι·
1420 432 1556 485 ἀλλὰ
1610 432 1703 485 τοῦ
1772 434 1897 505 πρὸς

2006 433 2073 488 ad
2127 435 2269 490 hanc
2316 436 2530 492 roboris
2561 438 2933 506 praestantiam
2962 438 3033 492 sit
3061 438 3378 508 perductus,
3405 449 3463 494 ut
3487 458 3605 495 car~

341 519 487 574 τοῦτο
534 517 724 571 λοιπὸν
771 518 1057 583 ἀσοενείας
1111 522 1508 593 ὲνηνεγμένου,
1561 523 1636 587 ὡς
1697 525 1761 576 δι’
1821 527 1904 577 οὖα

338 609 474 672 εενὸς
507 608 608 679 μὲν
642 607 916 662 ποιεῖσθαι
945 608 1104 678 λόγου
1134 611 1200 664 τὰ
1231 613 1468 682 σαρκικά
1500 615 1594 667 καὶ
1617 613 1905 684 ἐγκότμτα*

338 699 508 773 τοργῷ
537 699 594 753 δὲ
630 699 821 771 ὥσπερ
860 701 954 754 καὶ
982 701 1270 774 ἁκαθέκτῳ
1312 705 1624 776 φρονήματι
1673 705 1908 776 διᾴττειν

337 791 582 846 δύνασθαι
615 791 749 863 πρὸς
794 792 854 844 τὸ
887 791 964 863 τῷ
1005 793 1125 863 Θεῷ
1173 795 1363 849 δοκοῦν
1386 813 1398 826 ·
1448 798 1529 850 ὅτι
1560 790 1714 859 οὗτος
1753 797 1906 851 ἔσται

336 884 545 946 δυνατὸς
595 885 653 936 ὲν
698 882 1024 954 ἀνθρώποις,
1078 886 1172 938 καὶ
1226 889 1494 958 ὲνισχύσει
1551 889 1690 958 μετὰ
1746 888 1900 942 Θεοῦ.

337 975 536 1030 Οὐκοῦν
572 974 872 1045 ηὐλὸγηται
910 975 1009 1044 μὲν
1040 978 1068 1029 6
1097 976 1382 1042 Θεσπέσιος
1409 979 1627 1044 Ἰακὼϐ,
1655 979 1905 1050 προσελι-

337 1068 489 1139 πάρει
521 1067 576 1120 δὲ
608 1068 802 1135 λέγων’
849 1087 866 1118 ι
899 1069 1246 1138 Ἀνέιγγειλόν
1290 1088 1379 1141 μοι
1420 1071 1594 1140 ὄνομα
1628 1088 1744 1125 σου.
1796 1073 1906 1124 Καὶ

335 1155 466 1223 εἶπε,
490 1159 655 1229 φησίν
674 1175 686 1188 ’
721 1160 836 1212 ἰνα
860 1160 912 1212 τί
941 1160 1096 1214 τοῦτο
1125 1163 1332 1232 ἐρωτᾷς
1352 1163 1416 1215 σὺ
1447 1163 1507 1216 τὸ
1535 1163 1707 1235 ὅνομά
1734 1180 1898 1234 μους»

334 1252 434 1305 Οὐκ
479 1251 815 1320 ἀπαγγέλλει
865 1252 920 1305 δὲ
955 1250 1194 1322 τοῦνομα
1231 1252 1384 1318 Θεὸς,
1432 1255 1513 1307 ὅτι
1562 1255 1702 1309 κατά
1744 1257 1905 1325 φύσιν

333 1343 454 1408 ἐστὶ,
493 1344 590 1396 καὶ
635 1343 725 1397 διὰ
767 1343 958 1397 τούτου
1011 1344 1241 1409 δεικνύς.
1298 1347 1507 1417 Ὀνομα
1556 1348 1655 1418 μὲν
1697 1347 1804 1420 γὰρ
1829 1349 1904 1412 ὡς

333 1435 596 1506 ἀνθρώπῳ
620 1436 780 1506 τυχὸν
807 1435 988 1498 ίδικῶς
1017 1437 1169 1489 οὐδὲν
1199 1438 1264 1490 ἂν
1288 1438 1371 1510 εἴη
1399 1437 1543 1508 Θεῷο
1581 1439 1720 1510 πλὴν
1740 1441 1799 1505 ἐξ
1829 1434 1902 1492 ὧν

332 1525 456 1581 εἶναι
496 1528 716 1596 πέφυκε
764 1527 1050 1598 πολλαχῶς
1089 1529 1435 1598 ὀνομάζεται.
1468 1528 1596 1597 Φῶς
1629 1532 1759 1601 γὰρ,
1811 1533 1902 1585 καὶ

331 1618 446 1685 ζωὴ,
468 1618 566 1672 καὶ
581 1619 859 1687 δύναμις,
889 1619 982 1672 καὶ
1001 1617 1271 1684 ἀλήθεια,
1297 1620 1652 1690 μονογενὴς,
1681 1621 1773 1675 καὶ
1787 1624 1900 1678 ἀπο

329 1713 624 1781 (εὐγασμα.
658 1711 752 1763 καὶ
777 1710 1084 1781 χαρακτὴρ
1115 1711 1220 1766 τοῦ
1249 1713 1680 1782 γεννήσαντος,
1702 1718 1894 1783 ἕλεος,

331 1806 408 1855 κτὶ
463 1803 679 1870 σοφία,
734 1803 828 1855 καὶ
885 1801 1260 1872 δικαιοσύνη.
1308 1805 1403 1857 καὶ
1451 1805 1892 1874 ἀπολύτρωσις.
1929 1793 1972 1848 Β

329 1892 527 1956 Συνιεὶς
552 1893 609 1945 δὲ
632 1892 696 1963 δὴ
733 1893 897 1946 πάλιν
927 1895 954 1946 6
978 1895 1246 1965 μακάριος
1292 1895 1511 1960 Ἰακὼϐ,
1545 1897 1625 1950 ὃτι
1667 1897 1800 1963 Θεὸς
1833 1899 1900 1954 ἂν

327 1983 397 2054 εἵη
417 1983 629 2045 λοιπὸν,
711 1983 878 2055 μηδὲν
906 1985 1078 2052 ὸνομα
1109 1986 1429 2056 προσκέοιτο
1453 1987 1518 2041 ἂν
1547 1988 1750 2052 ἰδικῶς,
1779 1990 1901 2045 ἑκά·

325 2076 428 2128 λεοε
463 2076 528 2128 τὸ
555 2075 728 2146 ὄνομα
766 2075 860 2128 τοῦ
887 2076 1053 2129 τόπου
1081 2077 1314 2140 ἐκείνου,
1347 2097 1364 2129 ι
1387 2071 1538 2142 Εἶδος
1572 2073 1899 2133 Θεοῦ.Εἷδον

325 2167 416 2238 γὰρ
445 2168 585 2221 Θεὸν
614 2169 904 2240 πρόσωπον
930 2169 1065 2240 πρὸς
1100 2171 1412 2238 πρόσωπον,
1447 2173 1599 2240 φησὶ,
1637 2175 1731 2226 καὶ
1758 2174 1898 2228 ἐσώ-

324 2260 380 2330 θη
401 2263 430 2331 ἡ
453 2260 604 2331 ψυχή
633 2278 757 2331 μου.
780 2280 797 2312 ι
834 2260 1024 2332 Ἀθρει
1042 2261 1108 2333 δὴ
1123 2258 1215 2316 οὖν
1233 2263 1384 2327 ὅπως
1413 2264 1634 2334 γέγονεν
1657 2265 1896 2339 Ἰσραὴλ,

324 2351 580 2410 τουτέστι,
615 2349 764 2404 Θεὸν
791 2350 966 2420 ὀρῶν.
989 2352 1302 2423 Ἀνθρώπου
1329 2354 1672 2420 παλαίοντος,
1726 2357 1894 2430 ἐώρα,

321 2443 465 2511 equi,
513 2443 602 2496 τὸν
637 2444 772 2498 Θεὸν
806 2445 1096 2516 πρόσωπον
1129 2446 1267 2517 πρὸς
1315 2449 1623 2518 πρόσωπον,
1676 2451 1770 2504 καὶ
1805 2467 1896 2504 σε·

325 2534 523 2588 σῶσϐαι
584 2535 684 2606 τὴν
731 2536 926 2590 ἑαυτοῦ
975 2538 1172 2609 ψυχήν.
1215 2539 1281 2592 Ἦ
1333 2539 1442 2610 γάρ
1497 2558 1577 2594 τοι
1621 2542 1822 2610 γνῶσις
1862 2546 1894 2614 ἠ

320 2624 402 2676 ἐπὶ
432 2627 683 2696 Χριστῷ,
728 2627 920 2698 χρῆμά
954 2629 1072 2681 ὲστι
1129 2629 1418 2702 σωτήριον.
1475 2628 1608 2702 Θερς
1653 2627 1746 2684 οὖν
1787 2633 1896 2702 ἄρα

320 2717 403 2770 καὶ
424 2718 567 2788 μετά
603 2719 807 2790 σαρκὸς
835 2721 864 2773 6
885 2719 1076 2789 Λόγος.
1105 2719 1238 2774 Θεὸν
1263 2720 1372 2793 γὰρ
1410 2723 1716 2794 ἑωρακέναι
1758 2725 1894 2795 φησι

319 2810 603 2880 πρόσωπον
657 2810 795 2881 πρὸς
847 2810 1138 2882 πρόσωπον
1189 2814 1218 2866 6
1273 2813 1619 2884 πατριάρχης
1673 2814 1888 2870 Ἰακώϐ.

317 2899 724 2964 Ἀνατεῐλαντος
743 2901 802 2954 ’δὲ
828 2903 920 2955 τοῦ
953 2902 1128 2973 ἡλίου,
1155 2924 1171 2954 ι
1194 2903 1465 2976 Παρῆλοε,
1495 2907 1648 2975 φησὶ,
1679 2906 1740 2958 τὸ
1755 2903 1892 2970 εἶδος

317 2991 402 3045 τοῦ
437 2992 582 3047 Θεοῦ
605 3011 616 3022 ·
666 2994 830 3058 αὐτὸς
875 2993 930 3047 δὲ
967 2993 1242 3059 ὲπέσκαζε
1279 2997 1356 3068 τῷ
1394 2997 1572 3069 μηρῷ.
1602 3018 1620 3051 ι
1669 2999 1757 3062 Ὠς
1782 3000 1891 3071 γὰρ

315 3083 440 3155 εφην
493 3085 620 3156 ήδη,
658 3086 1088 3156 πεφωτισμένων
1120 3087 1229 3141 τῶν
1271 3089 1560 3151 Ἰουδαίων,
1610 3089 1890 3142 πέπαυται

315 3174 408 3246 μὲν
440 3179 474 3249 ἡ
529 3175 697 3247 πάλη.
746 3177 1039 3248 Παρήλασε
1084 3178 1141 3232 δὲ
1189 3179 1282 3232 καὶ
1314 3179 1375 3232 τὸ
1409 3174 1545 3242 εἶδος
1600 3179 1695 3232 τοῦ
1734 3180 1891 3245 Θεοῦ,

313 3268 610 3330 τουτέστιν,
645 3269 990 3340 ἀναϐέϐηκεν
1037 3271 1115 3334 είς
1154 3271 1415 3341 οὐρανοὺς
1441 3273 1468 3324 6
1495 3272 1743 3341 Χριστός.
1783 3273 1895 3326 Οὐκ

313 3360 658 3432 ἀπήλλακται
691 3361 748 3413 δὲ
794 3361 1098 3432 χωλότητος
1128 3362 1156 3414 6
1190 3360 1429 3432 Ἰσραήλ.
1478 3361 1750 3416 Σέσωσται
1787 3364 1894 3435 γὰρ

312 3452 401 3522 οὔχ
439 3455 615 3516 ἄπας.
661 3452 864 3523 Πάσχει
899 3453 956 3506 δὲ
993 3453 1182 3524 ὥσπερ
1238 3453 1324 3506 διὰ
1368 3453 1476 3507 τῶν
1523 3455 1894 3510 ἀπειθούντων

314 3542 397 3594 ἰπὶ
428 3544 490 3596 τὸ
524 3543 600 3613 μὴ
650 3545 729 3606 είς
775 3543 922 3596 Ξιπαν
958 3542 1290 3614 ὀρθοποδείν.
1327 3543 1754 3613 Μετωνόμασται
1785 3545 1894 3597 τοί⁴

311 3651 395 3686 νυν
437 3634 684 3704 Ἰσραὴλ,
717 3635 810 3686 καὶ
837 3635 916 3698 εἰς
953 3633 1078 3688 νοῦν
1108 3634 1318 3705 ὁρῶντα
1347 3633 1479 3688 Θεὸν
1512 3636 1540 3688 6
1571 3635 1894 3708 πτερνιστὴς

316 3728 711 3798 μετεγράξετο.
761 3728 872 3780 Καὶ
911 3726 962 3779 τί
999 3727 1138 3798 μετά
1168 3727 1328 3782 τοῦτο
1371 3729 1564 3794 πάλιν;
1597 3750 1613 3780 ε
1640 3731 1749 3784 Καὶ
1793 3734 1896 3786 Ἰα-

311 3819 417 3871 κὼὸ
449 3821 710 3888 ἀπαίρει,
743 3819 930 3889 φησιν,
973 3821 1052 3883 εις
1087 3820 1314 3891 σκηνὰς,
1346 3823 1440 3874 καὶ⁹
1481 3822 1739 3892 ἐποίησεν
1769 3825 1896 3876 ἐαυ-

312 3911 381 3980 τῷ
407 3911 615 3974 οἰκίας,
659 3911 754 3964 καὶ
800 3913 914 3974 τοῖς
959 3912 1213 3983 κτήνεσιν
1253 3912 1448 3966 ἑαυτοῦ
1499 3915 1722 3984 ἐποίησε
1755 3933 1890 3985 σκη-

311 4004 417 4066 νάς.
446 4003 554 4057 Διά
579 4003 740 4056 τοῦτο
777 4003 1004 4058 ὲκάλεσε
1037 4003 1097 4057 τὸ
1131 4005 1302 4076 ὄνομα
1341 4005 1434 4059 τοῦ
1450 4007 1618 4060 τόπου
1649 4009 1888 4072 ἐκείνου,

313 4095 537 4163 Σκηναί.
570 4115 588 4148 ι
654 4096 904 4160 ’Δκούεις
957 4096 1103 4160 ὅπως
1154 4097 1479 4168 κατῴκησεν
1531 4099 1590 4151 ὲν
1645 4105 1887 4171 σκηναῖς.

310 4186 544 4258 Σημεῐω
570 4187 616 4240 δ’
651 4187 720 4242 ἂν
766 4187 974 4256 γένοιτο
1000 4189 1092 4242 καὶ
1127 4188 1286 4242 τοῦτο
1341 4191 1512 4259 σαφὲς
1558 4191 1658 4261 τῆς
1707 4192 1786 4255 είς
1831 4193 1892 4244 τὸ

310 4279 533 4347 ἄμεινον
564 4279 914 4350 μεταδρομῑκ
941 4281 1039 4351 τῆς
1078 4281 1158 4344 εἰς
1195 4280 1410 4353 Ἰσραὴλ
1453 4281 1710 4345 διανοίας.
1749 4283 1890 4354 ξκη-

311 4320 530 4347 *ι’-’νυν
564 4320 912 4350 r‘"""t"'l'"l‘
952 4320 1037 4351 ἐι·
1078 4320 1156 4344 ν’*
1212 4320 1410 4353 ’νικίθ
1453 4320 1710 4345 ν’*ννωδν
1790 4320 1888 4354 '"I‘

309 4369 605 4438 νοποιήσας
644 4367 752 4439 γὰρ
805 4369 926 4440 ἥδη,
955 4371 1050 4423 καὶ
1095 4368 1414 4441 κατῴκησεν
1442 4372 1499 4424 ὲν
1529 4320 1888 4436 αὐταῖς.ΤΝοῦ

2009 527 2155 582 nalia
2180 544 2244 582 ac
2291 529 2566 584 mundana
2597 529 2802 584 nullius
2827 529 2986 600 plane
3013 529 3196 595 faciat,
3236 530 3392 600 173
3421 533 3602 601 potius

2010 618 2135 674 forti
2174 628 2338 689 atque
2369 619 2642 676 indefesso
2669 621 2872 688 animo,
2915 621 2980 676 ad
3009 637 3073 677 ea
3098 637 3220 692 quae
3249 622 3362 678 Deo
3385 623 3602 692 placent

2009 713 2338 780 contendat;
2382 714 2474 769 hic
2517 723 2712 786 potens
2737 715 2843 770 erit
2867 716 2921 769 in
2946 715 3284 780 hominibus,
3319 723 3375 770 et
3404 731 3599 771 corro-

2008 802 2292 858 borabitur
2313 820 2438 859 cum
2464 806 2594 860 Deo.
2621 805 2888 872 Quocirca
2916 808 3240 862 benedictus
3264 807 3488 876 quidem
3514 818 3601 863 est

2007 892 2228 948 divinus
2271 895 2459 961 Jacob,
2507 896 2708 952 obnixe
2739 913 2870 953 vero
2902 900 3146 968 rogabat,
3182 900 3370 954 dicens
3401 919 3413 951 :
3457 920 3475 950 ι
3509 899 3600 954 In—

2006 985 2127 1040 dica
2168 986 2303 1041 mihi
2340 1003 2542 1044 nomen
2583 998 2760 1046 tuum.
2803 991 2871 1046 Et
2903 991 3057 1056 dixit,
3092 992 3271 1061 inquit
3300 1010 3311 1044 :
3336 992 3516 1058 Quare
3541 1002 3600 1046 tu

2007 1076 2323 1149 interrogas
2345 1080 2450 1135 hoc
2477 1097 2677 1136 nomen
2702 1099 2884 1136 meum
2905 1083 2948 1114 "
2973 1084 2996 1137 ?
3024 1106 3041 1134 ι
3077 1085 3220 1138 Deus
3254 1100 3454 1140 nomen
3488 1101 3601 1140 non

2005 1169 2278 1237 enuntiat,
2311 1171 2458 1242 quod
2493 1174 2796 1228 secundum
2838 1184 3092 1228 naturam
3135 1175 3206 1230 sit
3234 1192 3332 1245 per
3359 1177 3464 1232 hoc
3507 1177 3604 1233 dc-
3638 1185 3678 1246 ’ί

2005 1261 2241 1316 clarans.
2279 1262 2488 1317 Nomen
2529 1264 2676 1318 enim
2714 1265 2846 1330 Deo,
2872 1265 3336 1335 quemadmodum
3364 1268 3598 1334 homini,

2005 1354 2238 1408 fortasse
2258 1356 2613 1425 peculiariter
2637 1357 2848 1411 nullum
2873 1366 2988 1424 est;
3017 1367 3274 1413 cmterum
3299 1361 3455 1415 exiis
3477 1378 3601 1432 qua:

2005 1456 2197 1515 suapte
2233 1455 2430 1502 natura
2454 1458 2557 1512 est,
2596 1447 2953 1502 multifariam
2999 1449 3340 1503 nominatur.
3398 1451 3598 1506 Lumen

2002 1536 2150 1588 enim
2205 1545 2261 1591 et
2288 1538 2416 1602 vita,
2459 1548 2513 1593 et
2562 1539 2816 1609 potentia,
2871 1546 2924 1591 et
2950 1539 3165 1604 veritas,
3192 1541 3511 1610 unigenitus,
3543 1549 3601 1597 et

2002 1622 2271 1692 splendor,
2328 1640 2392 1680 ac
2446 1628 2719 1680 character
2764 1625 2964 1691 Patris,
3011 1629 3392 1694 misericordia,
3424 1640 3480 1685 et
3502 1650 3598 1685 sa—

2003 1714 2222 1781 pientia,
2279 1723 2337 1770 et
2373 1716 2606 1785 justitia,
2663 1724 2720 1771 et
2759 1717 3066 1786 redemptio.
3113 1717 3425 1790 Intelligens
3466 1736 3598 1776 vero

2001 1821 2225 1860 rursum
2270 1806 2469 1862 beatus
2508 1807 2697 1874 Jacob,
2723 1809 2868 1878 quod
2910 1809 3055 1864 Deus
3081 1819 3242 1873 esset,
3269 1811 3356 1866 cui
3382 1812 3596 1867 nullum

2001 1897 2284 1965 proprium
2317 1912 2516 1952 nomen
2544 1897 2745 1952 ascribi
2776 1904 2977 1968 potest,
3018 1899 3236 1953 vocavit
3262 1915 3461 1954 nomen
3483 1899 3595 1965 loci

2002 1987 2167 2051 illius,
2193 2008 2210 2040 ‹
2239 1987 2427 2044 Facies
2450 1989 2566 2044 Dei.
2602 1989 2723 2044 Vidi
2745 1989 2895 2044 enim
2916 1989 3086 2044 Deum
3117 1989 3254 2044 faeie
3282 1991 3348 2044 ad
3377 1989 3590 2053 faciem,

2001 2078 2199 2147 inquit,
2238 2089 2294 2133 et
2329 2079 2476 2132 salva
2503 2078 2644 2132 facta
2669 2087 2754 2134 est
2779 2078 2962 2132 anima
3001 2094 3121 2132 mea
3156 2078 3221 2132 η.
3257 2099 3272 2128 ι
3325 2079 3455 2132 Vide
3488 2079 3593 2132 ita-

1999 2183 2107 2237 que
2144 2183 2254 2238 quo
2299 2177 2460 2239 pacto
2496 2168 2674 2224 factus
2719 2169 2792 2224 sit
2842 2167 3032 2234 Israel,
3073 2168 3177 2224 hoc
3222 2177 3329 2233 est,
3396 2168 3592 2223 videns

1999 2259 2190 2314 Deum.
2216 2260 2479 2316 Luctante
2503 2261 2726 2316 homine
2747 2259 2952 2316 vidisse
2978 2275 3036 2316 se
3081 2260 3261 2331 inquit
3313 2262 3484 2316 Deum
3508 2259 3591 2314 fa-

1999 2353 2083 2408 cie
2111 2353 2178 2409 ad
2204 2354 2420 2417 faciem,
2459 2363 2516 2409 et
2538 2354 2742 2409 salvam
2781 2352 2978 2409 factam
3002 2353 3176 2424 ipsius
3202 2354 3458 2408 animam.
3489 2351 3593 2408 Co—

1999 2445 2170 2515 gnitio
2199 2446 2346 2501 enim
2379 2446 2448 2502 de
2479 2445 2722 2510 Christo,
2767 2446 3024 2502 salutaris
3057 2462 3146 2501 res
3176 2457 3278 2501 est.
3305 2447 3450 2501 Deus
3485 2447 3591 2517 igi-

2000 2549 2089 2592 tur
2129 2539 2295 2593 etiam
2344 2539 2584 2594 Verbum
2630 2540 2995 2596 incarnatum.
3029 2541 3199 2595 Deum
3241 2541 3389 2595 enim
3414 2555 3471 2595 se
3502 2540 3590 2594 vi-

1997 2632 2142 2687 disse
2179 2633 2255 2687 ait
2295 2632 2436 2688 faeie
2484 2633 2552 2688 ad
2579 2633 2773 2689 faciem
2801 2635 3114 2705 patriarcha
3146 2634 3336 2689 Jacob.
3360 2633 3601 2690 Oriente

1997 2732 2179 2779 autem
2207 2725 2342 2790 sole,
2379 2745 2396 2778 ‹
2430 2726 2716 2796 praeteriit,
2749 2727 2950 2796 inquit,
2976 2725 3143 2781 facies
3166 2726 3284 2791 Dei,
3315 2726 3430 2794 ipse
3451 2740 3594 2778 vero

1995 2811 2334 2866 claudicabat
2369 2811 2575 2866 femore
2609 2827 2709 2867 suo
2735 2814 2801 2866 “.
2840 2834 2857 2866 ›
2895 2814 3056 2879 Nam,
3087 2825 3150 2870 ut
3172 2814 3335 2868 modo
3358 2813 3489 2875 dixi,
3516 2815 3583 2867 il-

1995 2901 2274 2955 luminatis
2315 2902 2536 2966 Iudaeis,
2590 2905 2824 2958 cessavit
2863 2905 3084 2974 quidem
3115 2906 3281 2960 lucta.
3317 2906 3586 2959 Praeteriit

1994 3001 2178 3047 autem
2219 2995 2383 3048 etiam
2423 2994 2588 3049 facies
2618 2997 2736 3059 Dei,
2780 2997 2886 3050 hoc
2921 3005 3026 3058 est,
3066 2996 3315 3050 ascendit
3343 2997 3393 3049 in
3417 2997 3588 3052 cmlos

1995 3084 2286 3140 Christus:
2324 3086 2489 3141 Israel
2528 3103 2658 3142 vero
2691 3103 2720 3141 a
2752 3088 3154 3142 claudicatione
3177 3089 3446 3142 liberatus
3474 3106 3589 3144 non

1997 3179 2098 3226 est.
2123 3171 2310 3242 Neque
2335 3177 2481 3228 enim
2512 3177 2803 3231 universus
2838 3178 3080 3232 salvatus
3111 3189 3216 3232 est.
3251 3178 3462 3233 Patitur
3483 3193 3593 3234 au-

1997 3274 2106 3319 tem
2149 3266 2552 3336 quodammodo
2597 3278 2821 3338 propter
2856 3269 3170 3324 incredulos
3213 3270 3415 3334 adhuc,
3471 3286 3589 3325 non-

1998 3357 2052 3410 in
2096 3357 2413 3411 universum
2460 3366 2608 3412 recte
2651 3359 3394 3431 incedere.'Cognominatus
3417 3361 3588 3432 igitur

1995 3455 2078 3502 est
2109 3448 2296 3513 Israel,
2338 3457 2392 3503 et
2421 3449 2802 3519 supplantator
2823 3453 3119 3507 translatus
3143 3462 3228 3507 est
3252 3453 3304 3506 in
3343 3461 3591 3508 mentem

1995 3539 2272 3595 videntem
2315 3541 2508 3598 Deum.
2545 3540 2686 3607 Quid
2714 3558 2845 3597 vero
2869 3543 3176 3613 deinceps?
3227 3565 3244 3595 ι
3283 3544 3352 3599 Et
3389 3544 3578 3611 Iacob,

1997 3631 2196 3702 inquit,
2227 3631 2462 3686 discedit
2499 3631 2552 3686 in
2582 3634 2956 3700 tabernacula,
2979 3645 3036 3690 et
3060 3635 3189 3690 fecit
3211 3635 3315 3690 sibi
3342 3636 3453 3690 illic
3479 3637 3580 3691 do-

1996 3738 2134 3787 mos,
2162 3732 2218 3778 et
2251 3725 2544 3794 pecoribus
2579 3726 2695 3780 suis
2737 3725 2869 3781 fecit
2922 3726 3296 3782 tabernacula.
3349 3728 3580 3798 Propter

1994 3815 2098 3870 hoc
2134 3816 2348 3871 vocavit
2386 3832 2587 3871 nomen
2614 3817 2719 3871 loci
2753 3817 2902 3872 illius
2924 3817 3297 3871 Tabernacula
3321 3820 3386 3872 δ’.
3421 3839 3437 3868 ›
3466 3821 3579 3872 Αυ-

1994 3909 2079 3964 dis
2123 3924 2232 3978 quo
2281 3919 2440 3978 pacto
2481 3910 2748 3964 habitavit
2793 3910 2850 3963 in
2891 3908 3161 3964 tentoriis.
3198 3909 3422 3979 Signum
3447 3925 3582 3963 vero

1995 4002 2160 4057 fuerit
2198 4003 2368 4056 etiam
2421 4002 2524 4056 hoc
2581 4001 2952 4064 manifestum,
3000 4009 3240 4054 mentem
3285 4001 3468 4054 Israeli
3521 4004 3576 4054 in

1994 4091 2191 4146 melius
2234 4091 2540 4146 transferri.
2606 4091 2887 4146 Exstruxit
2929 4092 3076 4146 enim
3113 4091 3486 4158 tabernacula,
3523 4103 3580 4148 ot

1995 4182 2264 4238 habitavit
2283 4184 2339 4238 in
2360 4183 2462 4239 eis.
2492 4183 2687 4239 Mentis
2711 4185 2860 4240 enim
2879 4185 2989 4255 jam
3015 4187 3315 4251 cernentis,
3347 4201 3578 4258 qumque

1994 4275 2090 4330 Dei
2133 4285 2354 4347 aspectu
2388 4275 2549 4347 digna
2598 4275 2784 4330 habita
2823 4276 2912 4339 sit.
2944 4283 3000 4330 et
3023 4292 3121 4346 per
3151 4277 3487 4334 incrementa
3521 4279 3576 4334 in

1995 4366 2192 4421 melius
2231 4367 2297 4421 ad
2336 4367 2732 4437 perfectionem
2761 4367 3065 4430 contendit,
3099 4369 3372 4436 pretiosus
3399 4385 3428 4424 a
3466 4371 3576 4424 Deo

311 4458 414 4528 γὰρ
428 4458 533 4530 ἠδη
557 4459 848 4530 βλέποντος
867 4461 961 4514 καὶ
980 4460 1316 4533 οεοπτ[ε]ίας
1334 4461 1766 4533 ἠξιωμένου,καὶ
1778 4467 1896 4529 ταῖς

2000 4460 2215 4515 fructus
2252 4470 2357 4523 est,
2409 4459 2569 4532 1,*ῚάΙ
2607 4474 2694 4515 res
2724 4459 3031 4514 mundanas
3059 4459 3266 4514 nullius
3291 4461 3452 4530 plane
3493 4460 3575 4514 fa-

311 4548 384 4614 είς
413 4549 476 4602 τὸ
501 4550 731 4620 ἄμεινον
767 4550 1069 4604 ἑπιδόσεσιν
1110 4554 1188 4616 είς
1233 4551 1547 4623 τελειότητα
1577 4552 1894 4626 πθραμμέο

310 4655 396 4692 νου
421 4658 484 4696 τε
526 4642 618 4695 καὶ
647 4641 986 4709 ἀναθέοντος,
1017 4644 1228 4714 καρπὸς
1257 4643 1322 4700 ἂν
1360 4645 1574 4714 γένοιτο
1605 4646 1757 4718 παρά
1777 4647 1897 4720 Θεῷ

305 4730 505 4801 τίμιος,
527 4732 591 4786 τὸ
630 4732 699 4785 δι’
735 4733 949 4796 οὐδενὸς
989 4734 1089 4804 μὲν
1138 4733 1219 4787 ἔτι
1249 4734 1519 4788 ποιεῖσθαι
1557 4735 1716 4805 λόγου
1744 4736 1814 4790 τὰ
1838 4739 1896 4790 ὲν

307 4821 440 4890 τῷδε
489 4822 570 4893 τῷ
618 4826 812 4896 κόσμῳ
862 4826 1186 4897 πράγματα,
1233 4826 1532 4898 παροικίαν
1591 4828 1648 4881 δὲ
1696 4827 1895 4898 μᾶλλον

306 4912 515 4968 οτισοαι
541 4915 646 4987 τὴν
687 4917 746 4969 ἐν
789 4915 1004 4987 σώματι
1050 4917 1213 4988 ζωήν.
1243 4917 1388 4982 Νοῦς
1417 4919 1525 4990 γὰρ
1563 4912 1718 4984 οὗτος
1742 4921 1894 4989 ἀγιο-

307 5003 528 5075 πρεττὴς
566 5006 664 5060 καὶ
711 5005 987 5071 πολιτείας
1037 5007 1316 5080 ὲξαιρέτου
1367 5011 1464 5064 καὶ
1505 5011 1891 5083 ἀνῳκισμένης

306 5095 542 5162 μήνυσις
592 5095 848 5168 ἀκριϐής.
900 5097 1116 5152 Πείοοιο
1168 5099 1214 5154 δ’
1237 5100 1304 5155 ἂν
1359 5101 1440 5164 τίς
1493 5101 1652 5156 τοῦτο
1705 5102 1892 5156 λοιπὸν

303 5185 586 5257 ὑπεροχῆς
635 5189 940 5260 ἀφιγμένου
991 5193 1085 5245 καὶ
1134 5191 1430 5262 ψάλλοντος
1477 5193 1571 5247 τοῦ
1620 5193 1890 5265 μακαρίου

305 5279 493 5333 Δαιιδ·
539 5300 554 5332 ι
582 5283 742 5346 ’Δνες
767 5300 879 5354 μοι,
914 5285 998 5338 ὅτι
1046 5285 1310 5354 πάροικος
1338 5285 1450 5352 ὲγὼ
1478 5287 1592 5356 ειμι
1638 5289 1695 5340 ὲν
1725 5288 1790 5356 τῇ
1823 5288 1894 5356 γῇ

302 5373 398 5424 καὶ
450 5374 858 5444 παρεπίδημος,
890 5375 1074 5440 καθὼς
1109 5376 1312 5440 πάντες
1358 5378 1406 5430 οί
1449 5378 1688 5445 πατέρες
1724 5395 1845 5448 μου.
1872 5395 1889 5426 ι

299 5459 520 5531 Γράφει
553 5463 609 5517 δὲ
665 5465 760 5518 καὶ
819 5465 849 5516 6
899 5465 1111 5530 Παῦλος
1166 5469 1278 5531 τοῖς
1328 5469 1407 5533 εἰς
1454 5468 1650 5540 μέτρον
1681 5468 1894 5540 ἡλικίας

299 5551 507 5618 ἥκουσι
547 5555 637 5608 τοῦ
680 5554 1049 5626 πληρώματος
1093 5557 1185 5609 τοῦ
1215 5558 1475 5629 Χριστοῦ,
1501 5563 1598 5613 καὶ
1626 5563 1701 5623 εἰς
1726 5560 1896 5630 ἄνδρα

369 5733 418 5766 ³⁹
446 5735 588 5790 Gen.
635 5754 799 5795 xxx".
826 5739 908 5794 εο.
988 5742 1031 5770 δ”
1062 5741 1198 5798 Ibid.
1229 5741 1314 5795 50.
1391 5741 1433 5774 ⁸⁸
1476 5743 1613 5797 Ibid.
1658 5746 1742 5798 3|.

1821 5747 1863 5777 δ’
1888 5749 2019 5802 Cen.
2067 5767 2246 5813 (mn,
2289 5747 2367 5799 l7.
2413 5743 2615 5798 "Psal.
2655 5757 2874 5803 XXXVIII.
2906 5739 2987 5794 I3.

1996 4569 2140 4615 cere,
2184 4562 2240 4607 at
2279 4553 2459 4623 potius
2507 4553 2674 4606 vitam
2720 4552 2774 4606 in
2821 4566 3048 4622 corpore
3080 4550 3573 4622 peregrinationem

1997 4643 2330 4698 existimare.
2380 4643 2456 4698 Ea
2505 4643 2652 4698 enim
2697 4656 2854 4696 mens
2891 4641 3077 4696 divina
3110 4649 3217 4705 est,
3255 4640 3576 4710 exitumque

1994 4737 2120 4792 vita:
2151 4735 2498 4790 manifestum
2535 4734 2604 4790 de
2641 4750 2698 4789 se
2724 4735 3004 4804 specimen
3027 4733 3259 4804 przebct.
3277 4733 3418 4788 Audi
3446 4748 3576 4787 vero

1997 4827 2216 4884 beatum
2247 4827 2414 4884 David
2434 4826 2504 4880 ad
2530 4825 2672 4881 hanc
2693 4825 3450 4894 excellentiamperductum,
3487 4822 3574 4877 di-

1997 4930 2214 4976 centem
2240 4935 2255 4972 :
2302 4941 2318 4969 ι
2351 4917 2589 4974 Remitte
2636 4917 2809 4980 mihi,.
2839 4915 2966 4986 quia
3008 4917 3216 4969 advena
3243 4929 3344 4984 ego
3365 4929 3486 4967 sum
3517 4913 3573 4966 in

2000 5017 2168 5069 terra.
2220 5017 2276 5062 et
2315 5007 2660 5079 peregrinus,
2711 5008 2855 5062 sicut
2894 5020 3084 5060 omnes
3123 5012 3306 5072 patres
3326 5001 3432 5056 mei
3454 5004 3516 5056 “.
3549 5024 3566 5053 ι

1999 5099 2206 5155 Scribit
2251 5113 2387 5155 vero
2427 5098 2592 5153 etiam
2642 5098 2862 5161 Paulus,
2915 5096 2983 5151 iis
3015 5095 3108 5165 qui
3153 5094 3220 5149 ad
3259 5109 3571 5149 mensuram

1995 5191 2172 5246 aetatis
2219 5189 2475 5243 venerint
2507 5186 2864 5259 plenitudinis
2909 5185 3136 5248 Christi,
3173 5184 3378 5255 quique
3411 5185 3470 5238 in
3491 5184 3571 5236 vi-

1997 5297 2118 5336 rum
2150 5280 2455 5351 perfectura
2491 5275 2765 5335 evaserint
2791 5293 2804 5328 :
2836 5294 2856 5328 ι
2884 5273 3002 5330 Non
3036 5274 3304 5329 habemus
3341 5274 3430 5328 hic
3455 5288 3571 5325 ma-

1997 5380 2218 5428 nentem
2240 5371 2540 5429 civitatem.
2573 5367 2667 5424 sed
2689 5367 2930 5422 futuram
2955 5365 3285 5436 inquirimus
3319 5363 3382 5426 ⁵⁸.
3418 5383 3435 5414 ι
3473 5380 3571 5417 cu-

1993 5465 2082 5536 jus
2133 5462 2315 5532 opifex
2353 5471 2408 5516 et
2454 5457 2674 5513 molitor
2709 5465 2794 5512 est
2844 5457 3005 5512 Deus.
3054 5455 3221 5511 Iacob
3249 5456 3431 5524 itaque
3456 5455 3571 5512 sive

2001 5558 2162 5613 Israel
2202 5555 2256 5610 in
2289 5549 2658 5608 tabernaculis
2681 5549 2956 5615 habitans,
2986 5547 3201 5618 signum
3230 5546 3453 5601 minim".
3478 5545 3573 5601 ob-

3070 5740 3107 5769 “
3145 5737 3312 5794 Iiebr.
3340 5751 3454 5797 xm,
3484 5734 3583 5814 H._
