4004 6204
372 301 481 359 Ξῗῦ

1361 297 1415 354 S.
1458 295 1733 358 CYRILLI
1773 295 2243 356 ALEXANDRINI
2279 296 2598 358 ARCHIEP.

3527 302 3632 361 τεο

372 428 595 472 scarum
622 412 806 479 fuerit,
838 408 906 468 iis
936 411 1031 482 qui
1068 424 1214 470 recte
1238 415 1444 473 sentire
1465 416 1656 483 velint,
1682 431 1770 471 res
1789 415 1948 487 hujus

2054 416 2260 470 τέλειον
2295 416 2635 487 ἀφιγμένοις⁸
2679 413 2834 468 tua:
2877 410 3072 483 εχομεν
3109 403 3211 468 ὧδε
3241 412 3504 486 μένουσαν
3541 420 3631 474 πό⁸

373 505 565 562 mundi
603 517 704 576 pro
741 502 1184 576 peregrinatione
1222 506 1644 563 habendasesse
1671 507 1739 561 iis
1764 506 1858 578 qui
1878 507 1946 562 ad

372 595 549 654 Deum
614 595 879 665 aspiraut,
945 602 1297 666 mentemque
1339 596 1667 652 illustratam
1720 596 1943 652 habent.

372 684 582 742 Deinde
622 685 758 740 abiit
787 704 806 736 ‹
835 685 891 738 in
921 683 1099 739 Salem
1126 686 1402 742 civitatem
1431 686 1800 743 Sichimorum
1824 687 1890 752 “,
1923 709 1939 740 ›

373 792 496 845 quae
533 783 617 831 est
654 776 711 829 in
748 783 892 830 terra
924 775 1182 832 Chanaan
1213 794 1226 831 :
1262 780 1355 834 ubi
1392 794 1613 835 rursum
1648 781 1831 851 justus
1860 781 1947 834 lu—

372 875 551 923 ctatus
606 877 710 933 est,
760 867 989 939 injurias
1033 869 1155 925 ﬁliae
1198 887 1310 926 suae
1357 871 1514 926 Dina:
1546 871 1724 926 illatas
1744 869 1944 926 ferens.

372 957 499 1013 Haec
519 958 688 1023 enim,
716 967 778 1013 ut
799 960 980 1028 puella
1000 969 1054 1015 et
1081 961 1233 1033 virgo
1257 962 1439 1017 adhuc
1457 962 1677 1028 blanda,
1707 962 1950 1033 paternis

373 1049 743 1104 tabernaculis
764 1066 982 1122 egressa
1003 1061 1106 1117 est,
1133 1052 1436 1108 incolarum
1456 1053 1597 1108 ﬁlias
1610 1054 1944 1123 conspicata.

370 1138 459 1194 Fit
486 1139 635 1194 enim
666 1140 1007 1211 plerumque,
1040 1150 1100 1196 ut
1128 1142 1397 1197 muliebre
1424 1158 1599 1214 genus
1622 1158 1949 1214 congressus

375 1246 501 1286 cum
550 1233 844 1288 coaetaneis
871 1233 1031 1288 avide
1086 1242 1326 1305 appetat.
1365 1235 1599 1305 Egressa
1640 1235 1824 1306 itaque
1864 1243 1950 1290 est

370 1324 591 1391 puclla;
626 1324 849 1378 Emmor
876 1340 1007 1380 vero
1034 1325 1180 1381 ﬁlius
1203 1325 1421 1381 Sichem
1465 1326 1518 1381 ei
1560 1327 1793 1397 turpiter
1835 1326 1948 1380 vim

370 1409 557 1466 intulit
585 1429 596 1464 :
624 1414 895 1482 stupravit
941 1413 1090 1468 enim
1134 1414 1422 1485 virginem,
1469 1425 1633 1485 atque
1675 1415 1947 1485 intempe-

369 1504 514 1559 ranti
553 1504 831 1561 desiderio
863 1514 1076 1576 captus,
1103 1507 1341 1578 puellam
1369 1522 1596 1562 uxorem
1623 1507 1824 1565 ducere
1852 1524 1947 1564 co—

368 1596 593 1665 gitabat.
637 1596 858 1652 Simeon
901 1614 1035 1654 vero
1083 1607 1142 1654 et
1184 1598 1318 1653 Levi
1357 1598 1557 1653 fratres
1595 1598 1663 1652 ad
1699 1598 1836 1654 iram
1859 1615 1950 1655 ac-

368 1688 540 1754 censi,
577 1689 978 1744 intolerabilem
1008 1690 1150 1745 hanc
1172 1691 1562 1746 contumeliam
1590 1700 1944 1757 censuerunt,

367 1780 684 1851 atrociaque
734 1780 998 1836 adversus
1048 1795 1146 1836 eos
1185 1781 1282 1851 qui
1310 1793 1433 1836 eam
1469 1781 1729 1854 injuriam
1753 1780 1954 1837 intule-

367 1879 526 1936 rant,
586 1871 813 1927 consilia
865 1873 1127 1928 inierunt.
1180 1872 1523 1929 Persuadent
1563 1872 1713 1927 enim
1758 1871 1954 1926 incolis

367 1959 754 2028 Sichimorum,
788 1970 849 2018 ut
873 1964 1115 2034 ipsorum
1140 1963 1617 2020 circumcisionem
1645 1979 1677 2018 a
1703 1962 1954 2033 patribus

364 2066 646 2126 acceptam
690 2064 855 2127 atque
896 2056 1155 2112 usitatam
1190 2056 1674 2128 amplecterentur.
1717 2054 1952 2111 Interfe-

365 2155 562 2203 cerunt
600 2157 782 2205 autem
813 2164 927 2215 eos,
954 2150 1104 2205 omni
1136 2149 1193 2204 in
1217 2149 1543 2204 universum‘
1570 2146 1951 2203 misericordia

365 2237 598 2294 sublata.
644 2239 914 2296 Caeterum
958 2240 1181 2310 indigne
1230 2239 1288 2295 id
1337 2239 1464 2294 tulit
1500 2239 1724 2295 divinus
1756 2238 1948 2303 Jacob,

365 2328 780 2400 increpavitque
825 2346 923 2386 eos
963 2330 1192 2386 dicens:
1248 2350 1267 2382 ι
1292 2329 1554 2387 Odiosum
1590 2345 1677 2385 me
1720 2329 1948 2396 fecistis,

365 2423 443 2480 ita
478 2431 541 2477 ut
578 2422 756 2478 malus
792 2421 896 2477 sim
920 2423 1177 2479 omnibus
1201 2422 1581 2478 habitantibus
1602 2430 1801 2476 terram
1824 2421 1888 2475 “.
1924 2440 1943 2474 ι

362 2516 552 2587 Neque
582 2515 730 2571 enim
764 2515 1150 2573 interfectores
1178 2516 1314 2570 iram
1350 2528 1507 2571 suam
1554 2521 1949 2583 temperarunt,

364 2620 545 2676 neque
582 2613 641 2660 ut
673 2620 704 2659 a
750 2612 904 2674 patre
940 2606 1090 2677 justo
1129 2605 1367 2671 educati,
1400 2604 1699 2676 quidquam
1742 2604 1950 2675 cogita-

363 2707 498 2754 runt
536 2712 729 2753 eorum
781 2712 903 2769 quae
957 2714 1069 2753 non
1101 2698 1261 2769 plane
1305 2696 1517 2753 nefaria
1539 2705 1742 2753 essent.
1777 2695 1953 2766 Depo-

362 2790 537 2861 pulati
580 2791 728 2847 enim
782 2798 912 2846 sunt
968 2798 1133 2861 atque
1181 2789 1599 2856 interfecerunt,
1639 2796 1697 2844 et
1728 2787 1951 2860 quidem

363 2897 461 2937 eos
516 2883 611 2952 qui
648 2883 801 2954 paria
836 2897 963 2938 cum
997 2882 1131 2953 ipsis
1162 2882 1403 2954 cogitare
1435 2882 1716 2946 volebant,
1748 2881 1952 2952 quique

364 2974 500 3045 ipsis
528 2974 897 3031 conﬁdebant.
925 2973 1183 3042 Quaenam
1215 2976 1381 3048 igitur
1412 2976 1543 3031 hinc
1562 2974 1724 3030 nobis
1743 2973 1955 3029 utilitas

2055 506 2160 572 λιν,
2185 506 2322 562 ἀλλὰ
2351 508 2453 579 τὴν
2481 506 2782 578 μέλλουσαν
2826 507 3218 580 ἐπιζητοῦμεν,
3245 527 3261 557 ι
3293 502 3361 580 ἦς
3388 510 3631 580 τεχνίτης

2055 600 2151 652 καὶ
2184 598 2517 670 δημιουργὸς
2539 600 2568 652 ὁ
2588 597 2743 662 Θεός.
2780 598 2852 651 Τὸ
2883 599 2941 652 ἐν
2984 601 3210 672 σκηναῖς
3230 594 3323 653 οῦν
3360 601 3469 671 ἄρα
3507 616 3631 654 κατ-

2055 693 2223 746 οικεῖν
2259 690 2476 747 ἑλέσθαι
2524 690 2617 745 τὸν
2667 690 2950 745 Θεσπέσιον
2998 689 3215 758 Ἰακὼϐ,
3251 693 3369 760 ἦτοι
3409 691 3502 747 τὸν
3543 694 3633 746 ἰσ-

2058 781 2215 854 ραὴλ,
2257 784 2482 853 σημεῖον
2505 782 2571 838 ἂν
2617 783 2847 852 γένοιτο,
2877 783 2975 838 καὶ
3016 783 3192 837 οὐδενί
3223 785 3332 836 που
3351 782 3491 854 τάχα
3527 783 3634 837 τῶν

2055 871 2460 945 εὐφρονούντων
2511 874 2850 945 ἁσυμφανές,
2912 873 2972 927 τὸ
3035 872 3328 943 παροικίαν
3383 873 3632 943 ἡγεῖσθαι

2057 965 2289 1037 πρέπειν
2305 964 2375 1019 τὰ
2396 966 2457 1018 ἐν
2476 964 2611 1036 τῷδε
2637 965 2717 1037 τῷ
2738 965 2928 1036 κόσμῳ
2959 965 3284 1036 πράγματα,
3331 964 3457 1029 τοὺς
3504 966 3634 1019 ἀνα-

2060 1051 2291 1120 μύοντας
2339 1040 2439 1125 ἤδη
2505 1053 2642 1125 πρὸς
2691 1054 2847 1122 Θεὸν,
2874 1054 2968 1108 καὶ
3004 1054 3097 1107 τὸν
3122 1053 3247 1108 νοῦν
3281 1053 3502 1125 ἔχοντας
3539 1057 3631 1109 ἐκ·

2055 1142 2336 1215 λελαμπρυ
2347 1144 2563 1215 σμένον.
2596 1139 2732 1198 Εἶτα
2760 1146 2970 1216 μέτεισι
3007 1164 3025 1196 ι
3047 1146 3126 1205 είς
3150 1144 3340 1217 Σαλὴμ
3365 1145 3521 1198 πόλιν
3546 1146 3631 1200 Σι-

2056 1233 2256 1305 κίμων,
2288 1234 2368 1307 »ἦ
2404 1237 2555 1289 ἐστιν
2585 1236 2642 1288 ἐν
2680 1237 2749 1306 γῇ
2786 1234 3026 1289 Χαναὰν·
3087 1227 3148 1288 οῦ
3194 1234 3258 1304 δὴ
3312 1233 3476 1288 πάλιν
3501 1235 3530 1286 ό
3553 1232 3632 1287 δί-

2056 1344 2210 1393 καιος
2237 1328 2671 1400 ἐγυμνάζετο,τὰ
2702 1328 2796 1382 ἐπὶ
2840 1329 2970 1401 Δίνᾳ
3003 1331 3072 1399 τῇ
3103 1327 3333 1399 θυγατρὶ
3352 1326 3635 1391 πεπονθὼς

2054 1417 2391 1490 ἀδικήματα.
2430 1420 2495 1473 Ἢ
2531 1420 2628 1489 μὲν
2655 1419 2763 1490 γὰρ
2799 1413 2890 1472 οἷά
2926 1436 2985 1473 τε
3019 1420 3201 1483 νεᾶνις
3228 1421 3323 1474 καὶ
3367 1418 3636 1491 παρθένος
3674 1410 3675 1413 “

2055 1507 2136 1562 ἔτι
2171 1508 2518 1581 κουρίζουσα,
2555 1509 2653 1580 τῆς
2682 1489 2775 1563 τοῦ
2807 1509 3014 1582 πατρὸς
3048 1509 3223 1575 ἐξέθει
3272 1489 3498 1582 σκηνῆς,
3535 1509 3639 1574 τὰς
3720 1489 3732 1502 ’

2053 1599 2163 1653 τῶν
2190 1601 2470 1670 ἐγχωρίων
2507 1599 2888 1655 ἐποπτεύουσα
2920 1601 3244 1673 θυγατέρας.
3282 1601 3638 1671 ’Ᾱνεπτόηται

2054 1690 2163 1763 γὰρ
2196 1692 2284 1745 ἀεὶ
2310 1690 2371 1745 τό
2399 1690 2531 1762 θῆλυ
2561 1692 2715 1758 γένος
2739 1694 2818 1757 είς
2855 1690 2917 1747 τὸ
2946 1694 3164 1765 ἀγαπᾷν
3198 1693 3512 1761 ἐπείγεσθαι
3543 1693 3639 1746 τὸν

1990 1789 2029 1844 Β
2060 1782 2298 1853 ἰσήλικα.
2355 1782 2564 1836 Οὐκοῦν
2609 1780 2782 1850 ἐξέθει
2842 1785 3005 1856 μὲνὴ
3052 1786 3263 1850 νεᾶνις·
3325 1784 3554 1858 Ἑμμὼρ
3576 1785 3640 1839 δέ

2053 1874 2224 1945 αὐτὴν
2255 1877 2284 1928 ό
2314 1872 2485 1944 Σιχέμ
2527 1874 2629 1928 οὐκ
2666 1877 2723 1927 ἐν
2768 1876 2958 1947 κόσμῳ
2989 1876 3366 1942 κατεϐιάζετο.
3393 1879 3639 1949 Διεπαρο

2054 1964 2270 2019 θένευσε
2321 1966 2452 2038 γὰρ,
2501 1968 2595 2019 καὶ
2627 1966 2873 2037 ἀσχέτως
2917 1967 3020 2039 ἤδη
3060 1986 3178 2032 πως
3224 1967 3520 2039 ἐπιθυμίας
3555 1969 3644 2029 ἐν

2052 2057 2234 2123 αλοὺς,
2268 2060 2363 2112 καὶ
2396 2058 2642 2113 σύνοικον
2662 2059 2815 2130 ἠξίου
2844 2059 3113 2117 ποιεῖσθαι
3142 2060 3239 2131 τὴν
3274 2061 3465 2132 κόρην.
3499 2062 3642 2114 Τότε

2050 2148 2139 2221 δὴ,
2174 2148 2295 2202 τότε
2343 2147 2567 2218 Συμεὼν
2600 2149 2695 2203 καὶ
2727 2150 2876 2213 Λευῖ,
2904 2150 2953 2203 οἱ
2979 2150 3077 2220 τῆς
3109 2149 3348 2214 νεάνιδος
3391 2149 3640 2221 ἀδελφοὶ,

2052 2239 2434 2312 παρεθήγοντο
2481 2241 2618 2315 πρὸς
2655 2242 2845 2317 ὀργὰς,
2898 2245 2993 2298 κα)⁵
3037 2244 3310 2316 ἀφόρητον
3357 2243 3646 2299 ἐποιοῦντο

2051 2332 2150 2404 τὴν
2178 2332 2356 2405 ὓϐριν,
2388 2333 2581 2389 ἀνόσιά
2606 2351 2666 2388 τε
2698 2334 2886 2389 λοιπὸν
2922 2336 3015 2389 καὶ
3053 2336 3197 2391 κατὰ
3242 2335 3351 2389 τῶν
3379 2334 3645 2407 ἠδικηκόο

2051 2442 2158 2478 των
2200 2425 2528 2480 ἐσκέπτοντο
2569 2426 2723 2498 δρᾷν.
2775 2426 3151 2481 Ἀναπείθουσι
3201 2425 3301 2499 μὲν
3351 2426 3461 2498 γὰρ
3510 2427 3645 2491 τοὺς

2051 2514 2160 2570 ἀπὸ
2197 2514 2459 2587 Σικίμων,
2484 2516 2582 2590 τὴν
2608 2515 2870 2590 πατρῴαν
2911 2518 3094 2581 αὐτοῖς
3117 2519 3211 2573 καὶ
3238 2515 3645 2588 νενομισμένην

2054 2606 2369 2662 συνελέσθαι
2403 2609 2727 2680 περιτομήν.
2785 2608 3145 2663 Ἀπεκτόνασι
3178 2610 3235 2662 δὲ
3281 2608 3481 2671 παντὸς
3520 2606 3647 2662 ἐλέ-

2050 2714 2144 2762 ους
2204 2698 2299 2752 καὶ
2358 2682 2659 2770 οἰκτιρμῶν
2705 2701 2786 2764 είς
2851 2699 2999 2754 ἅπαν
3054 2696 3428 2772 ἐξῃρημένων.
3491 2696 3644 2751 Ἀλλ’

2050 2790 2351 2862 ἠγανάκτει
2406 2791 2542 2862 πρὸς
2603 2788 2762 2865 τοῦτο
2810 2791 2932 2846 λίαν
2991 2793 3021 2844 ὁ
3079 2791 3368 2854 θεσπέσιος
3401 2787 3629 2853 Ἰακὼϐ,

2052 2881 2287 2953 ἐπετίμα
2321 2899 2381 2936 τε
2416 2881 2626 2951 λέγων’
2665 2902 2684 2935 ‹
2725 2883 2968 2955 Μισητόν
3002 2900 3070 2954 με
3103 2883 3458 2954 πεποιήκατε,
3492 2879 3647 2934 ὥστε

2052 2973 2287 3045 πονηρόν
2322 2991 2387 3045 με
2420 2968 2559 3027 εἶναι
2585 2976 2697 3038 τοῖς
2738 2974 3049 3029 κατοικοῦσι
3083 2974 3182 3046 τὴν
3222 2972 3349 3043 γῆν.
3377 2991 3396 3024 ι
3427 2972 3501 3025 Οὐ
3526 2970 3648 3045 γὰρ

362 3068 786 3138 proﬁciscatur?
813 3069 1003 3138 Neque
1029 3070 1176 3124 enim
1214 3069 1327 3124 ullo
1348 3076 1509 3137 pacto
1533 3067 1709 3122 otiosa
1731 3080 1796 3121 ac
1814 3080 1948 3120 vana

2057 3064 2400 3138 μεμέτρηται
2440 3069 2554 3129 τοῖς
2597 3065 2923 3120 ἀπεκτονόσι
2952 3065 3020 3119 τὰ
3058 3066 3117 3132 ἐξ
3155 3065 3344 3136 ὀργῆς,
3380 3062 3502 3118 οὔτε
3527 3062 3646 3135 μὴν

363 3132 449 3215 est
464 3160 649 3215 divina
686 3132 990 3230 Scriptura.
1015 3158 1174 3229 175
1198 3157 1311 3229 Age
1336 3132 1543 3227 itaque,
1567 3171 1670 3226 pro
1700 3155 1847 3211 virili
1871 3154 1948 3211 di-

2053 3132 2265 3219 ὧςὺπδ
2294 3132 2472 3227 πατρὶ
2517 3156 2888 3233 τεθραμμένοι
2937 3156 3132 3228 δικαίῳ
3179 3132 3555 3227 πεεέρονήκασί
3586 3132 3648 3209 τι

364 3267 577 3307 camus.

2049 3246 2159 3301 τῶν
2216 3248 2316 3301 οὐκ
2372 3248 2453 3312 εἰς
2517 3248 2665 3303 ἅπαν
2711 3249 3193 3321 ἐκτετραμμένων.
3241 3246 3646 3319 Πεπορθήκασι

364 3345 496 3417 γὰρ,
559 3344 894 3398 ἀπεκτόνασι
942 3343 999 3397 δὲ
1041 3343 1169 3406 τοὺς
1216 3342 1610 3414 συνελομένους
1646 3342 1716 3397 τὰ
1782 3343 1877 3425 ἶσα
1904 3343 2124 3414 φρονεῖν
2173 3343 2377 3410 αὐτοῖς,
2416 3343 2512 3397 καὶ
2550 3343 2732 3398 πίστει
2781 3345 3210 3418 τεθαρρηκότας.
3272 3343 3370 3407 Τίς
3415 3336 3507 3396 οὖν
3548 3342 3649 3394 ἐν·

363 3434 552 3490 τεῦθεν
582 3434 793 3503 γένοιτο
833 3434 898 3488 ἂν
928 3434 1007 3498 εἰς
1039 3435 1186 3505 ἡμᾶς
1249 3435 1282 3505 ἡ
1334 3433 1526 3507 ὄνησις
1583 3432 1968 3507 (είκαιόμυθος
2005 3433 2114 3505 γὰρ
2139 3434 2393 3507 οὐδαμῶς
2428 3438 2460 3507 ὴ
2507 3434 2866 3503 θεόπνευστος
2901 3437 3135 3510 Γραφὴ),
3170 3436 3303 3506 φέρε
3341 3432 3405 3505 δὴ
3458 3432 3647 3500 λέγω·

368 3546 467 3600 μεν
501 3529 576 3593 ὡς
608 3530 706 3584 ἔνι.

436 3630 488 3684 5.
528 3627 773 3699 Spiritali
813 3631 1165 3701 generatione
1209 3629 1379 3703 geniti
1406 3645 1620 3697 sumus,
1650 3633 1787 3693 etin
1809 3632 1953 3688 ﬁlios

365 3722 463 3778 Dei
500 3722 659 3777 asciti
705 3737 803 3793 per
841 3721 1143 3779 Christum.
1171 3724 1230 3779 Si
1254 3737 1385 3795 ergo
1410 3723 1692 3795 contingat
1712 3725 1951 3780 animam

366 3829 488 3886 quae
517 3818 632 3888 jam
678 3824 998 3887 regenerata
1039 3816 1111 3871 sit
1156 3831 1255 3887 per
1299 3824 1550 3872 sanctum
1594 3818 1949 3889 baptismum,

366 3907 588 3979 liliaque
632 3908 730 3963 Dei
772 3907 931 3974 facta,
964 3908 1244 3981 corrumpi
1282 3908 1514 3965 fortasse
1536 3908 1619 3979 ab
1642 3909 1710 3965 iis
1741 3925 1864 3980 quae
1895 3910 1951 3966 id

367 3997 546 4054 facere
588 3997 785 4064 solent,
830 3999 1090 4054 nimirum
1128 4000 1197 4055 ad
1234 4000 1476 4056 carnalia
1515 3999 1792 4057 desideria
1822 4017 1952 4072 pro-

366 4087 541 4158 lapsa,
591 4095 687 4143 aut
721 4088 926 4159 alioqui
970 4088 1038 4144 ad
1060 4084 1328 4144 absurdas
1351 4089 1730 4160 cogitationes,
1761 4105 1950 4146 veram

369 4176 438 4232 de
476 4177 589 4233 Deo
614 4176 982 4248 cognitionem
1007 4175 1424 4232 subvertentes:
1464 4176 1778 4249 huiusmodi
1801 4178 1948 4234 enim

370 4284 561 4326 revera
595 4276 725 4324 sunt
769 4269 1064 4340 impiorum
1104 4269 1487 4325 haereticorum
1509 4269 1819 4340 opiniones,
1853 4269 1949 4340 qui

370 4360 571 4434 injuria
602 4362 810 4418 aﬂectae
840 4361 1141 4418 secundum
1164 4360 1328 4417 fidem
1352 4361 1556 4416 fratres
1579 4368 1727 4425 sunt,
1754 4359 1868 4416 sive
1892 4360 1949 4415 in

371 4454 696 4512 sacerdotali
738 4454 935 4511 ordine
977 4454 1090 4509 sint
1128 4452 1436 4517 constituti,
1486 4451 1947 4523 quemadmodum

370 4546 485 4603 fere
505 4547 637 4602 Levi
651 4546 765 4602 sive
792 4546 848 4600 in
868 4554 1014 4601 statu
1034 4545 1382 4601 subditorum
1395 4551 1543 4611 sunt,
1561 4543 1784 4601 Simeon
1799 4544 1947 4600 enim

244 4660 251 4667 η
368 4636 766 4708 interpretatur
815 4634 1143 4700 obedientia,
1198 4636 1420 4707 indigne
1467 4635 1689 4707 quidem
1746 4635 1944 4700 ferant,

368 4730 414 4785 si
461 4728 733 4798 quispiam
774 4740 964 4783 eorum
1004 4726 1100 4797 qui
1132 4727 1435 4782 secundum
1464 4727 1628 4783 ﬁdem
1651 4727 1947 4783 familiares

367 4822 504 4893 ipsis
551 4826 699 4885 sunt,
753 4820 955 4891 injuria
1004 4818 1235 4875 aﬂ‘ectus
1265 4816 1373 4873 sit:
1418 4819 1514 4874 sed
1537 4834 1650 4874 non
1670 4817 1850 4874 adhuc
1875 4819 1944 4874 ad

367 4913 688 4986 sanguinem
726 4911 1046 4982 procedant,
1086 4925 1267 4982 neque
1313 4910 1580 4966 immanes
1603 4926 1633 4965 a
1657 4920 1947 4981 corrupto-

367 5005 522 5062 ribus
543 5020 733 5076 pmnas
764 5001 1002 5075 exigant,
1026 5017 1098 5058 ne
1127 5004 1355 5060 audiant
1371 5002 1652 5059 Christum
1671 5000 1945 5058 dicentem

367 5095 501 5166 ipsis
527 5112 542 5148 :
596 5114 614 5145 ι
642 5093 906 5149 Odiosum
946 5106 1035 5148 me
1057 5092 1286 5159 fecistis,
1314 5094 1389 5147 ita
1407 5092 1675 5160 utmalus
1697 5091 1802 5147 sim
1823 5107 1945 5146 om-

367 5186 533 5242 nibus
609 5186 987 5242 habitantibus
1060 5178 1282 5240 terram.
1341 5202 1360 5234 »
1418 5183 1731 5239 Meminisse
1796 5182 1945 5238 enim

333 5284 339 5290 ’
368 5287 587 5354 oportet
621 5280 768 5350 quod
806 5289 863 5335 et
900 5278 1151 5335 Salvator
1184 5278 1302 5349 ipse
1337 5277 1558 5332 beatum
1586 5276 1835 5343 Petrum,
1876 5289 1945 5332 eo

367 5372 516 5445 quod
544 5372 784 5446 gladium
800 5366 1112 5443 stringeret,
1129 5368 1459 5441 objurgavit,
1481 5367 1672 5424 dicens
1697 5384 1709 5423 :
1745 5388 1766 5419 ‹
1793 5367 1945 5424 Mitte

367 5463 609 5536 gladium
656 5474 812 5520 tuum
853 5462 911 5519 in
953 5462 1203 5534 vaginam
1234 5474 1386 5517 suam
1414 5477 1427 5514 :
1455 5475 1650 5518 omnes
1676 5461 1824 5516 enim
1848 5460 1979 5531 quis

369 5553 608 5627 gladium
642 5555 939 5623 accipiunt,
977 5554 1033 5607 in
1052 5551 1234 5624 gladio
1263 5551 1571 5609 morientur
1596 5551 1660 5605 ".
1703 5570 1721 5604 ι
1756 5550 1945 5621 Neque

2122 3633 2184 3682 ε’.
2217 3628 2474 3698 Γέννησιν
2512 3625 2614 3697 μὲν
2658 3625 2768 3697 γὰρ
2817 3625 3195 3699 γεγεννήμεθα
3232 3623 3646 3697 πνευματικὴν,

2052 3719 2149 3776 καὶ
2196 3722 2254 3774 ἐν
2285 3720 2496 3784 τέκνοις
2532 3718 2669 3774 Θεοῦ
2706 3719 3022 3791 τετάγμεθα
3066 3719 3155 3774 διὰ
3188 3717 3445 3789 Χριστοῦ.
3491 3716 3649 3773 υύκ-

2050 3813 2144 3869 οῦν
2200 3813 2248 3866 εί
2298 3811 2509 3881 γένοιτο
2556 3810 2734 3885 ψυχὴν
2766 3810 3218 3880 ἀναγεννηθεῖσαν
3262 3809 3363 3880 ήδη
3402 3807 3493 3862 διὰ
3537 3807 3645 3861 τοῦ

2050 3906 2207 3976 ἁγίου
2249 3904 2646 3975 βαπτίσματος,
2687 3905 2785 3957 καὶ⁸
2835 3905 2917 3968 είς
2975 3901 3249 3972 θυγατέρα
3297 3899 3433 3955 Θεοῦ
3469 3898 3648 3954 τεθει-

2054 3996 2244 4068 μένην,
2269 3993 2690 4067 καταφθαρῆναι
2716 3996 2881 4066 τυχὸν
2913 3994 3018 4048 ὑπὸ
3038 3993 3146 4048 τῶν
3170 3991 3329 4047 τοῦτο
3353 3991 3485 4062 δρᾷν
3506 3992 3644 4045 είω-

2050 4087 2243 4153 θότων,
2282 4084 2316 4159 ἢ
2361 4087 2444 4151 είς
2474 4084 2536 4139 τὸ
2580 4087 2800 4157 φρονεῖν
2841 4083 3056 4138 ἑλέσθαι
3096 4082 3164 4137 τὰ
3209 4081 3452 4153 σαρκικὰ
3491 4096 3645 4152 παρα

2050 4177 2491 4251 ενηνεγμένην,ἢ
2514 4178 2590 4242 ὠς
2609 4180 2687 4243 είς
2702 4180 2767 4232 ἐκ
2782 4177 2946 4232 τόπου
2971 4174 3404 4247 διεστραμμένας
3424 4173 3644 4239 ἐννοίας

2048 4270 2146 4335 τὰς
2174 4271 2303 4341 περὶ
2330 4268 2465 4323 Θεοῦ
2489 4267 2733 4341 (τοιαῦτα
2782 4269 2891 4341 γὰρ
2921 4266 3137 4337 ἀληθῶς
3163 4266 3231 4319 τὰ
3261 4265 3367 4318 τῶν
3404 4262 3644 4320 ἀνοσίων

1981 4387 2025 4442 υ
2054 4346 2342 4433 αίρεδτικῶν
2373 4356 2639 4430 δοξάρια)·
2676 4359 2726 4413 οἱ
2754 4357 2856 4428 τῆς
2874 4356 3209 4428 ἠδικημένης
3266 4354 3405 4411 κατὰ
3450 4352 3643 4409 πίστιν

2054 4452 2296 4521 ἀδελφοὶ,
2326 4452 2429 4509 κᾶν
2479 4453 2530 4507 εί
2576 4451 2730 4517 τάξιν
2754 4450 2929 4522 ἔχοιεν
2980 4450 3080 4521 τὴν
3112 4445 3416 4522 ἱερουργὸν,
3454 4445 3640 4500 καθά-

2054 4558 2162 4616 περ
2186 4542 2376 4613 ἀμέλει
2414 4542 2509 4596 καὶ
2529 4542 2558 4594 ὁ
2594 4539 2748 4606 Λευτ,
2782 4539 2886 4594 κᾶν
2908 4539 3019 4592 εἴτε
3055 4535 3279 4608 Συμεὼν
3313 4538 3516 4590 νοοῐντο
3539 4550 3643 4588 τυ-

2054 4635 2166 4713 χὸν,
2193 4633 2493 4698 τουτέστιν,
2524 4636 2577 4688 oi
2617 4635 2676 4688 ἐν
2729 4633 2883 4700 τάξει
2926 4630 3032 4685 τῶν
3087 4628 3344 4700 ὑπηκόων
3393 4627 3645 4699 κείμενοι

2052 4723 2435 4799 (ἑρμηνεύεται
2477 4724 2575 4797 μὲν
2617 4723 2725 4796 γὰρ
2762 4719 3003 4792 ὑπακοή
3057 4719 3337 4792 Συμεὼν),
3393 4721 3659 4788 ἀγανακέ

2053 4818 2290 4874 τοῦντων
2330 4818 2451 4889 μὲν,
2481 4819 2565 4872 ὅτι
2608 4815 2998 4871 πεπλεόνεκταί
3025 4832 3108 4878 τις
3144 4813 3251 4868 τῶν
3278 4811 3421 4867 κατὰ
3450 4811 3641 4866 πίστιν

2051 4911 2270 4967 οἰκείων
2297 4912 2482 4975 αὐτοῖς
2499 4927 2513 4942 '
2541 4910 2614 4982 μὴ
2648 4909 2755 4980 μὴν
2782 4908 2874 4964 καὶ
2910 4910 2989 4972 είς
3011 4902 3153 4978 αἷμα
3180 4905 3499 4977 χωρούντων
3525 4903 3638 4971 ἔτι,

2056 5002 2195 5072 μήτε
2227 5001 2335 5073 μὴν
2378 5001 2576 5073 ἀγρίας
2631 5001 2757 5064 τοὺς
2793 4999 3237 5071 κατεφθαρκότας
3275 4996 3641 5064 ἐξαιτούντων

2049 5095 2226 5163 δίκας,
2254 5096 2342 5150 ἵνα
2381 5094 2457 5167 μὴ
2510 5092 2801 5151 ἀκούσειαν
2829 5091 3066 5164 Χριστοῦ
3119 5093 3366 5162 λέγοντος
3408 5091 3636 5154 αὐτοῖς’

2059 5204 2078 5237 ι
2100 5184 2344 5254 Μισητόν
2364 5200 2431 5257 με
2449 5186 2803 5256 πεποιήκατε,
2832 5182 2973 5237 ὥστε
3004 5179 3240 5253 πονηρόν
3267 5196 3335 5251 με
3354 5177 3493 5234 εἶναι
3516 5181 3639 5243 τοῖς

2052 5274 2367 5331 κατοικοῦσι
2394 5274 2494 5344 τὴν
2522 5276 2646 5346 γῆν.
2672 5295 2691 5327 ι
2721 5273 3049 5346 Μεμνῆσθαι
3078 5270 3187 5344 γὰρ
3212 5272 3526 5340 ἀναγκαῖον,
3544 5269 3637 5325 ὅτι

2051 5367 2146 5422 καὶ
2175 5366 2335 5431 αὐτὸς
2357 5367 2386 5420 ό
2413 5365 2604 5438 Σωτὴρ
2639 5365 2939 5437 γυμνοῦντι
2959 5366 3057 5437 τὴν
3081 5366 3357 5437 μάχαιραν
3389 5361 3637 5432 ἐπετίμα

2051 5459 2182 5514 ποτὲ
2243 5457 2324 5529 τῷ
2371 5456 2641 5528 θεσπεσίῳ
2679 5458 2897 5529 Πέτρῳ,
2954 5457 3163 5527 λέγων·
3205 5475 3224 5508 ι
3257 5451 3636 5523 Ἀπόστρεψον

2049 5551 2149 5622 τὴν
2179 5550 2454 5623 μάχαιράν
2495 5567 2587 5605 σου
2626 5550 2706 5614 είς
2739 5549 2838 5623 τὴν
2868 5547 3039 5622 θήκην
3067 5548 3262 5618 αὐτῆς·
3300 5545 3498 5610 πάντες
3522 5543 3633 5615 γὰρ

441 5735 640 5796 “Gen.
672 5722 858 5807 smn,
882 5738 966 5795 18.
1046 5739 1090 5772 ³⁸
1130 5738 1268 5793 Gen.
1308 5754 1487 5810 xxxrv,
1520 5737 1605 5795 30.
1680 5738 1720 5769 "
1752 5736 1942 5793 Matth.
1970 5750 2092 5791 xxvi
2119 5774 2132 5801 ,
2171 5733 2257 5789 52.

760 5877 775 5884 -
800 5878 839 5886 -.η
854 5876 1017 5889 ...ε-ιη..-

1020 5887 1081 5896 ιο,
1634 5887 1680 5896 ορ.
