4032 6198
289 270 380 332 881

1281 265 1805 332 ςιΑΡΗγιιοιιυιι
1944 275 2244 336 GENESlM
2282 280 2410 337 LIB.
2454 276 2517 336 ν.

290 395 335 448 οἱ
365 389 620 454 λαϐόντες
655 389 821 464 μάχαι
833 407 954 460 ραν,
983 391 1039 444 ὲν
1069 393 1310 463 μαχαίρᾳ
1357 392 1704 450 ἀπολοῦνται.
1733 413 1752 446 ι
1787 394 1849 449 Ot‘

1965 398 2114 452 enim
2153 399 2352 470 gladiis
2393 401 2595 456 armari
2621 402 2881 459 convenit
2915 417 3034 468 nos,
3065 405 3158 474 qui
3195 399 3262 460 ad
3289 401 3548 476 pietatem

292 485 390 555 γάρ
420 499 503 536 τοι
539 481 836 553 μαχαίραις
867 481 1242 548 ἐξοπλίζεσθαι
1271 483 1390 536 κατ’
1419 483 1630 555 ἐχθρῶν
1660 485 1860 556 πρέποι

289 576 346 629 ἂν
381 574 554 645 ἡμᾶς,
597 574 724 636 τοὺς
768 575 868 640 τῆς
911 573 992 636 είς
1039 571 1173 626 Θεὸν
1223 573 1502 636 εὐσεϐείας
1533 573 1860 644 ὐπεραθλεῐν

289 665 618 737 ᾑρημένουςο
690 664 805 718 ἀλλ’
829 658 970 717 εἶναι
1001 664 1100 733 μὲν
1148 665 1464 735 τληπαθεῖς,
1504 667 1598 720 καὶ
1643 667 1690 718 εί
1738 665 1862 719 διώ-

288 775 393 810 κξιν
431 755 636 810 ἓλοιντό
684 772 847 818 τινες,
892 756 1130 824 εὐλογεῖν
1158 755 1214 808 δὲ
1260 755 1716 828 λοιδορουμένους,
1757 759 1859 812 πάι

289 863 504 918 σχοντας
544 847 621 918 μὴ
649 848 900 916 ἀπηχεῖν,
936 847 1287 918 παραδιδόναι
1317 848 1373 900 δὲ
1417 849 1614 918 μᾶλλον
1640 849 1718 920 τῷ
1741 850 1861 922 κρί-

287 956 418 992 νοντι
447 938 693 1002 δικαίως.
724 939 1184 1008 Παραφυλακτέον
1223 941 1281 996 δὲ
1328 944 1441 1005 τοῖς
1485 941 1857 1013 παραιτουμέε

287 1049 386 1095 νοις
418 1032 520 1102 τὴν
556 1031 928 1104 καταφθορὰν,
955 1033 1016 1086 τὸ
1071 1033 1146 1104 μὴ
1195 1035 1571 1106 ὲξοιχήσεσθαί
1623 1049 1714 1088 ποι
1760 1035 1859 1105 τῆς

287 1121 536 1191 πατρῴας
568 1122 794 1192 σκηνῆς,
822 1122 1089 1182 τουτέστι,
1127 1123 1221 1176 τοῦ
1257 1125 1406 1178 οἴκου
1447 1125 1541 1178 τοῦ
1569 1124 1727 1188 Θεοῦ,
1755 1143 1859 1195 μη-

283 1210 334 1266 δὲ
357 1215 473 1275 ταῖς
512 1212 623 1265 τῶν
672 1211 1005 1282 ἀλλοφύλων,
1031 1214 1149 1284 ἦτοι
1170 1216 1288 1279 ταῖς
1320 1216 1428 1269 τῶν
1459 1215 1853 1287 ἐτεροφρόνων,

287 1301 637 1371 προσϐάλλειν
673 1302 915 1369 ἀγέλαις.
967 1303 1286 1368 Ἐξελθοῦσα
1310 1305 1418 1376 γὰρ
1447 1306 1577 1359 Δίνα
1611 1306 1711 1374 τῆς
1750 1323 1855 1358 παι

284 1392 454 1463 τρῴας
477 1392 708 1462 σκηνῆς,
743 1393 826 1453 είς
861 1389 1009 1446 οἷκον
1043 1395 1324 1466 ἀπηνέχθη
1358 1396 1548 1466 Σιχέμ.
1591 1396 1727 1449 Ἀλλ’
1756 1397 1857 1450 οὐκ

285 1485 343 1536 ἂν
377 1483 612 1553 ὑϐρίσθη
647 1485 776 1537 ποτὲ
799 1487 912 1547 τοῖς
941 1483 1031 1537 τοῦ
1074 1485 1280 1556 πατρὸς
1310 1487 1602 1556 δωματίοις
1629 1487 1856 1557 ἐμφιλο-

283 1573 542 1644 χωροῦσα.
577 1575 672 1627 καὶ
703 1578 928 1649 σκηναῖς
956 1575 1128 1644 ἀγίων
1159 1576 1564 1647 ὲνδιαιτωμένη.
1603 1579 1725 1631 Ὅτι
1747 1578 1855 1650 γὰρ

279 1664 332 1716 τὸ
362 1665 551 1734 χρῆμα
586 1665 770 1728 καλὸν,
807 1666 897 1719 καὶ
925 1667 1003 1730 εἰς
1033 1666 1215 1736 ὄνησιν
1244 1669 1343 1721 οὐκ
1386 1668 1692 1733 ἀσυντελὲς,
1722 1671 1854 1724 ἀνοι-

1964 489 2023 544 in
2066 491 2238 546 Deum
2283 493 2690 559 contendimus,
2733 495 2830 550 sed
2870 496 3053 566 potius
3101 511 3222 554 esse
3257 498 3546 567 patientes,

1961 582 2176 638 etiamsi
2220 585 2472 639 nonnulli
2529 601 2632 642 nos
2683 587 2944 658 persequi
2986 589 3177 653 velint,
3220 588 3550 645 benedicere

1961 689 2094 728 vero
2121 675 2566 731 conviciantibus
2596 693 2610 730 :
2639 679 2931 747 patientes,
2955 680 3250 749 nequidem
3277 695 3544 746 mussare,

1962 765 2182 819 tradere
2201 773 2384 820 autem
2413 767 2596 835 potius
2613 767 2878 837 iudicanti
2896 761 3064 839 juste.
3081 768 3397 824 Cavendum
3415 786 3547 827 vero

1959 865 2044 910 est
2089 857 2159 910 iis
2200 857 2296 926 qui
2338 857 2624 913 interitum
2655 859 2830 916 vitare
2859 861 3051 922 velint,
3090 876 3160 914 ne
3217 869 3444 931 paterno
3468 871 3548 918 ta-

1959 946 2282 1014 bernaculo,
2321 949 2428 1004 hoc
2449 959 2554 1016 est,
2578 951 2741 1006 domo
2778 952 2872 1007 Dei
2904 953 3278 1022 egrediantur,
3308 968 3446 1008 neve
3477 955 3542 1010 ad

1959 1039 2390 1112 alienigenarum
2429 1042 2543 1097 sive
2587 1043 2972 1098 hereticorum
3022 1059 3215 1114 greges
3259 1045 3541 1099 accedant.

1959 1131 2190 1202 Egressa
2209 1135 2355 1188 enim
2380 1135 2513 1188 Dina
2533 1151 2564 1189 e
2591 1136 2946 1191 tabernacqu
2967 1145 3216 1206 paterno,
3242 1137 3296 1190 in
3320 1139 3544 1193 domum

1959 1223 2179 1278 Sichem
2202 1224 2381 1279 ablata
2401 1233 2504 1279 est.
2531 1225 2820 1295 Nunquam
2842 1241 2973 1280 vero
2996 1227 3328 1282 contumelia
3348 1227 3544 1284 aﬂ‘ecta

1955 1311 2173 1380 fuisset,
2194 1316 2239 1369 si
2269 1317 2514 1386 paternis
2538 1317 2749 1371 tedibus
2773 1317 3041 1390 bazsisset,
3067 1327 3124 1373 et
3154 1319 3208 1372 in
3229 1321 3432 1374 sanctis
3461 1330 3542 1374 ta-

1958 1406 2272 1462 bernaculis
2289 1408 2505 1463 assidue
2520 1418 2734 1464 versata
2747 1409 2960 1464 fuisset.
2979 1409 3134 1476 Quod
3152 1410 3298 1463 enim
3317 1410 3546 1480 pulchra

1958 1498 2360 1568 utilissimaque
2397 1514 2462 1554 ea
2499 1515 2588 1554 res
2636 1499 2708 1554 sit
2740 1501 2936 1556 beatus
2967 1501 3134 1555 David
3171 1501 3433 1566 declarat,
3467 1501 3542 1556 ita

1955 1605 2160 1645 canens
2193 1608 2206 1643 :
2245 1610 2263 1641 (
2295 1589 2467 1647 Unam
2494 1591 2622 1660 petii
2653 1608 2682 1646 a
2712 1592 2964 1657 Domino,
2988 1593 3130 1647 hanc
3151 1593 3450 1662 requiram,
3481 1599 3543 1646 ut

1958 1683 2200 1737 habitem
2225 1683 2279 1737 in
2315 1682 2480 1738 domo
2503 1684 2718 1738 Domini
2747 1684 3005 1739 omnibus
3025 1685 3221 1738 diebus
3237 1685 3363 1738 vitae
3384 1699 3539 1748 meae,

282 1754 447 1808 πείσει
485 1755 706 1824 ψάλλων
740 1759 768 1810 ὁ
806 1758 1074 1827 μακάριος
1114 1735 1294 1812 Δαϐίδ·
1333 1761 1514 1814 ιΜίαν
1561 1761 1849 1831 ᾐτησάμην

1958 1785 2018 1830 ut
2052 1775 2266 1830 videam
2298 1777 2634 1846 voluptatem
2665 1777 2901 1834 Domini.
2931 1785 2987 1830 et
3019 1777 3230 1830 visitem
3274 1777 3540 1846 templum

282 1847 414 1918 παρά
457 1848 691 1918 Κυρίου,
721 1849 925 1919 ταύτην
967 1850 1208 1920 ζητήσω,
1245 1850 1337 1904 τοῦ
1369 1855 1644 1905 κατοικεῖν
1700 1870 1766 1923 με
1793 1855 1852 1907 έν

281 1941 394 2009 οἴκῳ
437 1941 648 2009 Κυρίου
689 1943 869 2005 πάσας
899 1942 997 2005 τὰς
1027 1942 1238 2014 ἡμέρας
1294 1943 1395 2013 τῆς
1425 1942 1569 2014 ζωῆς
1604 1963 1726 2014 μου,
1757 1945 1850 1999 τοῦ

279 2032 490 2102 θεωρεῖν
523 2050 593 2102 με
641 2033 739 2103 τὴν
791 2035 1127 2104 τερπνότητα
1154 2036 1382 2106 Κυρίου,
1410 2037 1502 2088 καὶ
1529 2037 1854 2090 ἐπισκέπτε-

280 2124 387 2177 σθαι
417 2125 516 2176 τὸν
558 2125 687 2178 ναὸν
739 2124 832 2179 τὸν
884 2125 1038 2192 ἅγιον
1090 2126 1274 2180 αὐτοῦ.
1311 2128 1434 2180 Ὀτι
1467 2126 1671 2197 ἔκρυψέ
1695 2145 1762 2198 με
1795 2129 1852 2182 ὲν

281 2218 441 2286 σκηνῇ
489 2215 684 2280 αὐτοῦ,
718 2219 775 2269 έν
800 2219 985 2290 ἡμέρᾳ
1018 2219 1202 2272 κακῶν
1235 2236 1336 2288 μου
1380 2219 1650 2274 ἐσκέπασέ
1697 2238 1762 2291 με
1793 2223 1851 2275 ὲν

276 2307 572 2377 ἀποκρύφῳ
598 2307 696 2375 τῆς
746 2311 948 2380 σκηνῆς
987 2311 1214 2367 αὐτοῦ.»
1260 2310 1494 2380 Περιδεᾶ
1525 2313 1707 2365 τοίνυν
1758 2313 1852 2366 καὶ

274 2401 467 2471 ἄθυμον
502 2400 770 2468 γεγονότα
820 2402 1014 2472 κομιδῇ
1051 2401 1143 2454 τὸν
1179 2399 1395 2467 Ἰακὼϐ,
1429 2403 1686 2473 ἀπαίρειν
1734 2403 1854 2456 ἐκέ-

277 2490 416 2546 λευσε
447 2492 608 2555 Θεός.
652 2494 806 2562 Ἔχει
843 2494 900 2547 δὲ
929 2494 1131 2558 οὓτωςο
1171 2514 1189 2545 ι
1213 2490 1348 2548 Εῐπε
1393 2494 1449 2548 δὲ
1478 2497 1507 2548 6
1543 2494 1676 2558 Θεὸς
1715 2495 1851 2566 πρὸς

283 2580 504 2634 Ἰακώϐ·
552 2582 815 2645 ’Δναστάς
865 2583 1095 2653 ἀνάϐηθι
1141 2586 1220 2649 είς
1269 2584 1361 2639 τὸν
1410 2584 1573 2638 τόπον
1625 2584 1849 2656 Βαιθὴλ,

272 2673 354 2724 καὶ
387 2673 533 2725 οἴκει
581 2675 718 2736 ἐκεῖ,
756 2673 848 2726 καὶ
896 2673 1118 2744 ποίησον
1173 2676 1291 2728 ἐκεῖ
1332 2673 1724 2745 θυσιαστήριον
1771 2675 1850 2745 τῷ

271 2763 376 2832 Θεῷ
391 2763 468 2834 τῷ
488 2763 710 2833 ὀφθέντι
727 2779 828 2826 σοι,
854 2764 911 2816 έν
940 2763 1016 2833 τῷ
1035 2764 1451 2835 ἀποδιδράσκειν
1469 2781 1530 2817 σε
1556 2765 1664 2817 ἀπὸ
1690 2782 1852 2834 προσ-

268 2855 402 2909 ώπου
434 2855 614 2910 Ἠσαῦ
635 2855 730 2909 τοῦ
762 2856 989 2925 ἀδελφοῦ
1014 2875 1129 2911 σου.
1149 2854 1280 2911 Eine
1310 2859 1364 2911 δὲ
1399 2858 1593 2912 Ἰακὼϐ
1616 2859 1693 2930 τῷ
1716 2860 1852 2931 οἴκῳ

267 2947 440 3012 αὑτοῦ,
475 2947 573 3000 καὶ
598 2949 732 3001 πᾶσι
761 2951 872 3011 τοῖς
904 2948 1018 3017 μετ’
1053 2948 1238 3001 αὐτοῦ’
1269 2949 1472 3018 Ἀρατε
1528 2950 1654 3012 τοὺς
1695 2950 1851 3014 θεοὺς

1953 1875 2202 1923 sanctum
2244 1869 2384 1938 ejus.
2423 1871 2583 1940 176
2609 1868 2747 1936 Quia
2793 1869 3084 1924 abscondit
3132 1883 3219 1923 me
3253 1868 3308 1921 in
3359 1867 3542 1922 taber-

1952 1959 2150 2014 naculo
2177 1974 2296 2024 suo,
2335 1960 2390 2013 in
2421 1960 2511 2014 die
2543 1961 2810 2014 malorum
2832 1975 3082 2014 ineorum
3109 1959 3348 2029 protexit
3367 1975 3455 2012 me
3483 1958 3540 2012 in

1951 2047 2224 2118 profundo
2269 2048 2608 2102 tabernaculi
2650 2049 2734 2101 sui
2771 2048 2837 2118 ‘f'.
2888 2067 2906 2099 ι
2953 2048 3231 2102 Timidum
3271 2048 3456 2116 itaque
3483 2054 3541 2102 et

1952 2114 2210 2193 moestum
2253 2137 2410 2192 valde
2447 2137 2704 2192 effectum
2743 2114 2934 2202 Jacob,
2986 2139 3132 2192 Deus
3155 2114 3428 2207 proficisci
3447 2137 3539 2206 ju-

1952 2231 2065 2284 bet.
2094 2229 2174 2284 lta
2197 2244 2332 2284 vero
2361 2228 2528 2284 habet
2553 2247 2565 2282 :
2615 2248 2633 2279 ‹
2659 2229 2808 2284 Dixit
2840 2238 3024 2284 autem
3061 2229 3206 2283 Deus
3239 2228 3304 2283 ad
3329 2227 3498 2282 Jacob
3522 2243 3535 2280 :

1955 2321 2194 2394 Surgens
2246 2321 2482 2396 ascende
2535 2322 2591 2376 in
2632 2322 2816 2376 locum
2855 2322 3067 2386 Bethel,
3100 2329 3156 2374 et
3183 2321 3368 2374 habita
3407 2319 3537 2386 illic,

1951 2423 2008 2470 et
2045 2414 2128 2469 fac
2157 2414 2232 2468 ibi
2267 2414 2437 2469 altare
2475 2415 2608 2479 Deo,
2648 2413 2743 2483 qui
2768 2413 3021 2483 apparuit
3045 2412 3142 2468 tibi
3173 2427 3296 2467 cum
3326 2411 3540 2481 fugeres

1951 2522 1983 2561 a
2027 2506 2167 2562 facie
2216 2507 2360 2562 Esau
2403 2506 2590 2561 fratris
2633 2506 2732 2559 tui.
2774 2505 2921 2559 Dixit
2948 2513 3132 2558 autem
3158 2503 3328 2558 Jacob
3352 2501 3538 2556 domui

1951 2614 2084 2663 suae,
2119 2605 2176 2654 et
2206 2599 2464 2653 omnibus
2496 2598 2592 2668 qui
2621 2613 2746 2652 cum
2775 2611 2841 2651 eo
2873 2614 2884 2648 :
2923 2596 3120 2650 Tollite
3157 2594 3290 2649 deos
3332 2593 3539 2647 alienos

1952 2691 2020 2746 de
2056 2691 2238 2746 medio
2261 2698 2530 2753 vestrum,
2556 2699 2612 2745 et
2649 2688 3015 2752 mundamini,
3050 2694 3105 2741 et
3127 2693 3334 2740 mutate
3357 2694 3541 2739 vestes

1951 2785 2182 2842 vestras,
2229 2787 2286 2832 et
2323 2788 2613 2848 surgentes
2646 2777 3006 2831 ascendamus
3046 2776 3100 2829 in
3127 2775 3338 2838 Bethel,
3365 2781 3423 2829 et
3453 2772 3540 2828 fa.

1952 2869 2162 2925 ciamus
2195 2870 2271 2925 ibi
2310 2871 2483 2924 altare
2515 2871 2648 2933 Deo,
2687 2869 2780 2938 qui
2802 2867 3085 2922 exaudivit
3119 2882 3204 2920 me
3228 2867 3281 2919 in
3318 2866 3405 2920 die
3439 2865 3538 2920 tri-

1952 2961 2271 3024 bulationis,
2304 2960 2398 3030 qui
2429 2960 2534 3014 fuit
2576 2975 2790 3015 mecum
2837 2967 2894 3014 et
2932 2958 3162 3012 salvat-it
3209 2972 3294 3011 me
3339 2957 3394 3010 in
3450 2956 3538 3011 via

267 3042 385 3101 τοὺς
422 3039 749 3109 ἀλλοτρίους
785 3041 850 3092 ὲκ
894 3041 1059 3110 μέσου
1101 3039 1277 3111 ὑμῶν,
1311 3043 1408 3095 καὶ
1454 3039 1844 3113 καθαρίσθητε,

1952 3069 2066 3124 ῳιιιι
2093 3052 2389 3107 ambulavi.
2425 3051 2495 3107 Et
2532 3051 2807 3107 dederunt
2837 3050 3004 3107 Jacob
3033 3052 3166 3107 deos
3203 3050 3410 3105 alienos
3441 3046 3540 3118 qui

266 3132 350 3183 καὶ
379 3130 652 3194 ἀλλάξατε
685 3130 781 3192 τάς
811 3129 1001 3193 στολάς
1028 3131 1202 3200 ὑμῶν.
1233 3133 1327 3186 καὶ
1354 3133 1686 3196 ἀναστάντες
1710 3135 1840 3186 ἀνοι-

265 3219 440 3290 ϐῶμεν
475 3225 561 3284 εἰς
587 3220 812 3292 Βαιθὴλ,
836 3222 930 3274 καὶ¹
963 3223 1278 3292 ποιήσωμεν
1308 3223 1425 3276 ἐκεῖ
1456 3223 1844 3294 θυσιαστήριον

262 3313 333 3383 τῷ
361 3314 483 3381 8εῷ
533 3314 613 3384 τῷ
655 3313 1020 3368 ὲπακούσαντί
1053 3332 1143 3384 μοι
1196 3316 1256 3368 ὲν
1282 3315 1468 3387 ἡμέρᾳ
1505 3314 1756 3384 θλίψεως,
1786 3315 1845 3379 ὃς

264 3398 325 3473 ἦν
359 3407 474 3475 μετ’
513 3405 672 3474 ἐμοῦ,
705 3405 799 3457 καὶ
827 3404 1050 3457 διέσωσέ
1095 3422 1161 3474 με
1208 3407 1264 3458 ἐν
1297 3407 1364 3475 τῇ
1420 3405 1528 3474 ὁδῷ
1617 3405 1846 3477 ἐπορεύ-

266 3496 374 3568 θην.
414 3497 532 3550 Καὶ
577 3497 782 3549 ἔδωκαν
811 3497 887 3566 τῷ
927 3496 1120 3549 Ἰακὼϐ
1151 3498 1277 3562 τοὺς
1331 3498 1486 3562 θεοὺς
1528 3499 1845 3569 ἀλλοτρίους

265 3589 309 3639 οἳ
335 3583 472 3658 ἦσαν
517 3588 576 3638 ἐν
598 3589 717 3650 ταῖς
743 3588 928 3658 χερσὶν
962 3587 1161 3651 αὐτῶν,
1187 3588 1284 3642 καὶ
1313 3587 1383 3642 τά
1421 3588 1618 3642 ἐνώτια
1670 3590 1740 3644 τὰ
1783 3591 1842 3644 ὲν

265 3681 364 3743 τοῖς
391 3681 537 3733 ὠσὶν
575 3678 776 3742 αὐτῶν,
809 3680 904 3733 καὶ
950 3679 1294 3750 κατέκρυψεν
1334 3680 1476 3734 αὐτὰ
1518 3680 1715 3734 Ἰακὼϐ
1740 3681 1846 3734 ὑπὸ

266 3771 352 3841 τὴν
373 3770 695 3841 τερέϐινθον
735 3769 833 3841 τὴν
860 3771 919 3824 ἐν
950 3771 1217 3841 Σικίμοις,
1260 3773 1354 3825 καὶ
1383 3771 1674 3826 ἀπώλεσαν
1705 3772 1844 3826 αὑτά

266 3861 360 3924 ἓως
392 3862 496 3931 τῆς
531 3862 771 3932 σήμερον
801 3861 1034 3932 ἡμέρας.
1060 3881 1079 3914 ι
1115 3863 1450 3934 Προσεκάλει
1504 3865 1604 3934 μὲν
1653 3863 1716 3935 δὴ
1754 3865 1845 3918 τὸν

266 3947 459 4001 δίκαιον
489 3949 574 4012 είς
598 3948 802 4019 Βαιθὴλ
827 3950 934 4003 ἀπὸ
963 3951 1206 4022 Σικίμων
1235 3953 1264 4006 6
1289 3952 1398 4004 τῶν
1425 3953 1563 4006 ὅλων
1592 3953 1744 4017 Θεος.
1786 3954 1844 4007 '0

265 4037 314 4091 δὲ
437 4042 547 4093 οὐκ
590 4041 843 4112 ἀπειθὴς.
882 4036 1015 4096 Εἶτα
1044 4041 1282 4111 γεγονὼς
1323 4045 1382 4095 ἐν
1420 4043 1600 4107 Δουζά
1627 4044 1714 4097 διὰ
1745 4044 1844 4115 μέ-

269 4147 373 4190 σου,
407 4132 504 4184 ml.
529 4129 868 4202 θεοπτ[ε]ίας
887 4131 1207 4202 ¹Ιιῖτ,ιωμένος.
1235 4133 1328 4184 καὶ
1353 4134 1434 4184 ὅτι
1457 4131 1668 4184 πολλῶν
1694 4131 1844 4186 ἔσται

268 4222 438 4291 πατὴρ
473 4221 650 4275 ἐθνῶν
673 4224 793 4285 ταῖς
818 4222 1168 4291 ἐπαγγελίαις
1194 4222 1615 4293 ἐμπεδούμενος,
1639 4223 1848 4276 (Ἀνει-

268 4332 344 4368 σιν
368 4319 447 4379 εἰς
477 4315 706 4386 Βαιθὴλ,
741 4315 833 4366 καὶ
859 4313 1085 4384 ἔστησεν
1105 4316 1240 4379 ἐκεῖ,
1265 4316 1448 4386 φησιν,
1493 4313 1688 4369 Ἰακὼϐ
1720 4316 1845 4386 στή-

1945 3156 2102 3200 erant
2135 3144 2194 3198 in
2228 3145 2485 3199 manibus
2529 3144 2798 3213 ipsorum,
2839 3150 2896 3196 et
2933 3144 3156 3197 inaures
3187 3155 3309 3211 qua:
3356 3140 3410 3194 in
3443 3156 3539 3194 au-

1947 3235 2101 3290 ribus
2133 3236 2399 3305 ipsorum,
2446 3241 2503 3288 et
2533 3233 2822 3289 abscondit
2869 3250 2934 3289 ea
2967 3233 3136 3289 Jacob
3161 3233 3264 3288 sub
3287 3233 3536 3288 terebin-

1946 3327 2042 3381 tho
2097 3341 2218 3396 qua:
2253 3327 2310 3382 in
2341 3325 2624 3391 Sichimis,
2652 3334 2708 3381 et
2735 3325 2977 3396 perdidit
3015 3342 3078 3380 ea
3116 3341 3289 3395 usque
3339 3325 3394 3378 in
3440 3324 3540 3380 ho-

1945 3417 2200 3472 diernum
2235 3417 2382 3472 diem
2419 3417 2484 3470 δν.
2528 3436 2546 3468 ι
2593 3417 2899 3472 Advocavit
2946 3416 3170 3487 quidem
3201 3417 3409 3488 justum
3444 3415 3537 3471 Ja-

1946 3509 2050 3563 cob
2089 3508 2144 3562 in
2186 3508 2377 3563 Bethel
2398 3523 2466 3562 ex
2498 3507 2760 3562 Sichimis
2779 3508 2926 3562 Deus
2959 3507 3126 3562 totius
3147 3506 3409 3562 universi.
3433 3505 3538 3572 Qui

1946 3600 2170 3670 quidem
2216 3599 2320 3669 ipsi
2354 3615 2563 3654 morem
2618 3599 2808 3670 gessit.
2863 3597 3071 3654 Deinde
3133 3615 3257 3654 cum
3297 3598 3540 3653 venisset

1947 3690 2002 3745 in
2027 3689 2193 3755 Luza,
2225 3691 2521 3761 divinoque
2543 3700 2766 3760 aspectu
2795 3693 2992 3763 dignus
3033 3692 3273 3754 habitus,
3307 3700 3361 3745 et
3391 3689 3536 3760 quod

1946 3788 2105 3851 pater
2145 3781 2370 3836 futurus
2408 3792 2555 3836 esset
2596 3781 2893 3835 multarum
2930 3781 3173 3851 gentium
3213 3779 3535 3849 promissio-
3611 3773 3626 3788 “

1947 3873 2114 3927 nibus
2140 3872 2519 3936 confirmatus,
2554 3891 2572 3922 ‹
2601 3872 2846 3926 ascendit
2872 3872 2926 3924 in
2951 3871 3160 3923 Bethel.
3184 3870 3251 3922 Et
3273 3869 3480 3932 statuit,
3510 3887 3529 3920 ι

1948 3963 2150 4034 inquit,
2199 3982 2216 4013 ι
2247 3963 2323 4017 ibi
2366 3963 2534 4018 Jacob
2575 3962 2801 4015 titulum
2855 3962 2911 4015 in
2941 3961 3061 4014 loco
3096 3961 3152 4013 in
3186 3975 3295 4027 quo
3320 3959 3538 4014 locutus

1947 4063 2031 4109 est
2075 4069 2201 4107 cum
2242 4068 2308 4107 eo
2353 4054 2519 4116 Deus,
2558 4053 2776 4108 titulum
2807 4053 3106 4123 lapideum,
3145 4060 3200 4106 et
3223 4052 3536 4120 fecitsuper

1948 4161 2075 4201 eum
2105 4144 2364 4209 libamen,
2388 4153 2444 4200 et
2468 4144 2666 4200 effudit
2698 4162 2866 4217 super
2895 4159 3022 4200 cum
3059 4145 3263 4209 oleum,
3301 4153 3355 4198 et
3380 4159 3539 4198 voca-

1949 4238 2028 4293 vit
2056 4237 2224 4293 Jacob
2251 4253 2452 4292 nomen
2481 4237 2588 4292 loci
2616 4239 2783 4303 illius,
2823 4237 2877 4292 in
2908 4252 3016 4307 quo
3049 4237 3267 4291 locutus
3291 4236 3341 4290 ei
3369 4236 3534 4300 Deus,

1950 4329 2139 4385 Bethel
2192 4329 2258 4382 ‘°.
2294 4348 2312 4379 ›
2364 4329 2531 4383 Multa
2571 4339 2909 4384 concurrunt
2936 4329 3080 4383 haud
3115 4329 3346 4383 obscura
3373 4343 3538 4399 argu-

266 4405 356 4477 λην
391 4411 450 4460 ὲν
484 4407 568 4477 τῷ
600 4407 750 4477 τόπῳ
798 4399 842 4473 ᾧ
874 4406 1099 4476 ἐλάλησε
1134 4407 1251 4476 μετ’
1275 4406 1438 4460 αὑτοῦ
1464 4410 1492 4459 ὁ
1529 4407 1680 4472 Θεὸς,
1718 4409 1849 4476 στή-

1953 4433 2135 4478 menta
2188 4437 2289 4476 cur
2364 4435 2621 4474 reversus
2671 4420 2742 4474 sit
2791 4420 2958 4475 Jacob
3006 4420 3058 4472 in
3097 4429 3298 4474 terram
3347 4418 3533 4481 lsrael,

266 4498 358 4569 λην
386 4501 625 4570 λιθίνην,
672 4502 767 4553 κοιλ⁸
811 4499 1064 4552 ἔσπεισεν
1113 4499 1198 4552 ἐπ’
1226 4501 1396 4572 αὐτὴν
1450 4500 1706 4571 σπονδὴν,
1755 4500 1848 4554 καὶ

269 4593 486 4662 ἐπέχεεν
541 4593 627 4645 ἐπ’
654 4591 824 4660 αὐτὴν
883 4591 1080 4643 ἔλαιον.
1126 4591 1235 4644 Καὶ
1265 4592 1522 4645 ἐκάλεσεν
1557 4589 1753 4645 Ἰακὼϐ
1788 4591 1848 4642 τὸ

266 4683 426 4752 δνομα
487 4683 583 4736 τοῦ
622 4682 788 4735 τόπου
850 4684 907 4734 ὲν
947 4677 990 4749 ᾧ
1022 4682 1252 4752 ὲλάλησε
1287 4685 1403 4754 μετ’
1436 4682 1600 4736 αὑτοῦ
1631 4685 1659 4734 ὀ
1689 4683 1842 4747 Θεὸς,

269 4772 525 4845 Βαιθήλ.»
594 4773 773 4826 Πολλά
822 4772 963 4826 κατά
1015 4776 1210 4826 ταυτὸν
1269 4776 1349 4837 εἰς
1416 4774 1690 4841 ἀπόδειξιν
1744 4775 1845 4827 οὐκ

265 4865 560 4935 ἀσυμφανῆ
605 4864 698 4917 τοῦ
737 4864 1206 4935 μετατετραιρέναι
1240 4866 1330 4918 τὸν
1381 4865 1576 4918 Ἰακὼϐ
1627 4868 1708 4929 είς
1739 4867 1841 4937 γῆν

276 4954 514 5027 Ἰσραὴλ,
541 4957 635 5009 καὶ
677 4958 756 5017 είς
784 4956 842 5008 τὸ
887 4956 1110 5026 ἄμεινον
1136 4956 1482 5029 ἀσυγκρίτως
1511 4958 1840 5028 μεταφοίτη-

264 5062 342 5099 σιν
366 5049 533 5101 ἑλεῖν.
563 5046 869 5116 Κατῴκησε
896 5049 994 5117 μὲν
1018 5047 1124 5118 γὰρ
1147 5049 1204 5100 έν
1238 5050 1482 5116 σκηναῖς,
1505 5049 1533 5101 6
1565 5045 1625 5100 τὸ
1645 5049 1840 5119 πάροι-

262 5153 350 5190 κον
396 5143 456 5192 ὲν
494 5140 688 5210 κόσμῳ
728 5138 836 5191 τῶν
869 5138 1038 5207 ἁγίων
1095 5139 1154 5192 τὸ
1210 5138 1365 5207 γένος
1431 5139 1715 5210 μονονουχὶ
1752 5139 1842 5193 διὰ

260 5229 407 5282 τοῦδε
440 5231 824 5294 καταδεικνύς.
854 5227 988 5285 Εἶτα
1021 5227 1224 5301 μεταξὺ
1257 5230 1326 5282 τὰ
1370 5229 1462 5282 ἐπὶ
1503 5232 1570 5300 τῇ
1617 5229 1848 5301 θυγατρὶ

263 5321 651 5392 συμϐεϐηκότα
700 5321 907 5389 παθὼν,
963 5323 1057 5376 καὶ
1102 5321 1474 5391 λελυπημένος
1515 5322 1576 5375 οὐ
1610 5322 1847 5394 μετρίως

259 5417 366 5478 τοῖς
409 5415 658 5481 ἀγεννῶς
720 5415 1057 5486 ἡττωμένοις
1121 5415 1226 5467 ὑπὸ
1273 5413 1471 5485 θυμοῦ,
1499 5415 1725 5484 Συμεών
1757 5433 1839 5479 τε,

260 5520 328 5574 φη
338 5507 532 5574 phata!
554 5506 945 5576 Αευῒ,ὲπετίμα
955 5507 1141 5582 δεινῶς
1153 5507 1504 5578 ,ἀγιοπρεπὲς
1519 5508 1598 5560 ὄτι
1618 5506 1725 5580 [τὸ]
1751 5509 1846 5562 ἀν·-

326 5686 372 5718 ⁵⁹
399 5687 549 5742 Psal.
577 5705 718 5757 xxvr,
745 5690 796 5754 4,
830 5690 881 5743 5.

1950 4519 2113 4582 atquc
2154 4511 2208 4564 in
2253 4511 2758 4580 incomparabiliter
2799 4511 3083 4565 meliorem
3129 4517 3327 4563 statum
3360 4518 3538 4563 trans-

1947 4603 2110 4658 latus.
2150 4603 2428 4658 Habitavit
2452 4603 2599 4656 enim
2647 4603 2701 4656 in
2739 4603 3150 4658 tabernaculis:
3182 4601 3534 4672 peregrinum

1949 4694 2223 4766 siquidem
2266 4711 2388 4751 esse
2444 4695 2498 4750 in
2529 4703 2693 4760 terra,
2731 4711 2904 4767 genus
2939 4702 3254 4750 sanctorum
3294 4709 3391 4763 per
3433 4692 3536 4748 hoc

1950 4794 2162 4840 tantum
2213 4802 2324 4841 non
2382 4785 2684 4848 declarans.
2737 4786 3005 4840 Praeterea
3057 4785 3126 4838 ub
3171 4783 3294 4838 tilia:
3349 4798 3535 4838 casum

1949 4894 2210 4939 maerens,
2253 4892 2431 4946 neque
2481 4877 2835 4932 mediocriter
2873 4891 3174 4931 succensus
3211 4876 3338 4929 ﬁliis
3374 4875 3535 4945 dege-

1951 4968 2068 5022 neri
2104 4967 2184 5021 ira
2222 4967 2402 5030 victis,
2435 4965 2700 5031 Simeoni,
2743 4966 2986 5036 inquam,
3023 4973 3079 5018 et
3115 4964 3265 5025 Levi,
3297 4963 3531 5032 graviter

1947 5073 2044 5113 eos
2095 5057 2366 5128 objurgat,
2411 5057 2729 5127 patientiam
2776 5055 3228 5122 tolerantiamque
3260 5053 3315 5106 in
3351 5060 3523 5108 tenta-

1949 5146 2193 5202 tionibus
2230 5145 2434 5200 sanctis
2478 5147 2772 5201 convenire
2815 5145 2995 5214 rcipsa
3027 5141 3186 5197 nobis
3215 5141 3534 5198 ostendens.

1948 5240 2244 5310 Postquam
2297 5253 2430 5293 vero
2467 5249 2694 5294 vocatus
2735 5247 2819 5292 est
2849 5253 2878 5291 a
2925 5235 3056 5300 Deo,
3089 5233 3444 5304 ascenditque
3469 5233 3525 5289 in

1948 5330 2159 5395 Bethel,
2180 5329 2287 5385 hoc
2305 5338 2410 5395 est,
2435 5330 2491 5384 in
2525 5329 2748 5384 domum
2787 5329 2906 5394 Dei,
2942 5327 3047 5382 hoc
3072 5326 3220 5382 enim
3259 5326 3521 5395 interpre-

1950 5427 2095 5475 tatur
2133 5419 2344 5482 Betbel,
2398 5419 2666 5474 sacrificat
2709 5419 2840 5482 Deo,
2889 5428 2945 5474 et
2974 5418 3233 5489 princeps
3270 5432 3334 5472 ac
3358 5414 3520 5487 magi-

1951 5517 2064 5565 ster
2114 5523 2391 5564 sacrorum
2441 5509 2768 5564 declaratur.
2818 5508 2936 5575 Quo
2959 5507 3104 5563 enim
3126 5515 3284 5578 pacto
3305 5505 3529 5560 domum

965 5689 1005 5722 "
1027 5689 1163 5746 Gen.
1188 5707 1348 5756 xxxv,
1378 5692 1486 5746 1-4.
1565 5692 1611 5725 ⁸⁸
1639 5691 1773 5747 Ibid.
1809 5691 1992 5746 {4-15.
