4004 6204
1464 289 1519 346 S.
1562 290 1840 348 CYRILLI
1881 289 2347 347 ALEXANDRINI
2385 287 2700 346 ARCHIEP.

3619 274 3722 346 esi

477 412 572 468 Dei
597 407 826 464 introire
849 415 1119 478 oporteat,
1149 412 1397 478 posteros
1420 406 1534 460 sive
1557 421 1904 461 successores
1929 421 2053 460 suos

2158 405 2411 469 εξίκακον
2469 404 2563 458 καὶ
2602 403 2665 457 τὸ
2691 402 2964 474 τληπαθδς
3023 402 3080 457 ιν
3127 400 3240 467 τοϊς
3275 404 3722 474 πειρασμοῖς,όιά

476 503 657 558 docet.
714 500 871 570 177
905 500 1120 570 Ejicere
1157 498 1315 569 jubet
1340 497 1510 553 veluti
1539 497 1830 552 colluviem
1861 511 2054 566 quam-

477 593 605 648 dam
648 601 811 662 atque
850 590 1170 660 spurcitiem
1207 590 1340 644 deos
1381 589 1611 652 alienos,
1645 597 1703 642 et
1727 597 1944 642 mutare
1965 603 2060 644 ve-

476 694 626 740 stes:
663 682 811 753 quod
854 681 1076 750 quidem
1126 680 1296 735 moris
1325 687 1411 734 est
1445 678 1625 734 facere
1650 679 1812 733 nobis
1843 679 1897 732 in
1925 691 2056 733 con-

477 781 727 844 spectum
767 771 862 826 Dei
893 771 1122 836 vocatis,
1169 784 1232 824 ac
1267 769 1514 824 divinum
1565 769 1829 839 templum
1871 770 2055 841 ingre-

476 860 776 925 dientibus,
817 860 1093 930 praecipue
1127 875 1260 915 vero
1293 860 1466 914 sancti
1501 869 1748 930 tempore
1774 860 2052 930 baptismi.

475 953 704 1024 Oportet
718 953 866 1008 enim
891 967 1012 1016 nos,
1040 953 1209 1007 veluti
1239 952 1304 1007 de
1327 952 1509 1006 medio
1541 951 1732 1008 tollere
1766 952 1899 1007 deos
1918 951 2054 1006 alie-

475 1059 595 1106 nos,
635 1050 690 1098 et
724 1042 794 1096 ab
820 1041 1154 1113 ejuscemodi
1187 1056 1376 1096 errore
1430 1040 1776 1096 discedentes
1827 1040 2008 1095 dicere
2039 1059 2051 1094 :

483 1153 502 1183 ι
534 1133 812 1188 Renuntio
859 1134 980 1197 tibi,
1030 1133 1250 1198 Satana,
1292 1142 1347 1186 et
1390 1132 1657 1187 universae
1683 1147 1896 1202 pompae
1927 1140 2052 1194 ture,

473 1231 530 1278 et
567 1224 715 1279 omni
765 1225 938 1280 cultui
981 1232 1074 1279 tuo
1117 1225 1184 1278 ³¹.
1219 1245 1236 1276 ι
1305 1223 1532 1294 Oportet
1600 1223 1766 1278 etiam
1829 1224 2054 1277 omnino

474 1331 577 1371 nos
627 1325 842 1372 mutare
889 1324 1118 1379 vestem,
1180 1323 1488 1370 «eruentes
1539 1313 1763 1383 quidem
1810 1323 2052 1368 veterem

476 1406 755 1462 hominem
819 1416 1137 1476 corruptum
1204 1406 1507 1460 secundum
1565 1405 1837 1460 desideria
1896 1419 2052 1459 men-

475 1496 658 1560 dacii;
695 1494 917 1550 indutos
949 1511 1079 1551 vero
1114 1512 1315 1550 novum
1351 1511 1414 1549 ac
1445 1503 1766 1549 renovatum
1807 1495 1874 1548 ad
1915 1494 2053 1548 ima-

475 1587 657 1657 ginem
701 1587 823 1657 ejus
867 1587 959 1656 qui
991 1601 1115 1640 eum
1147 1587 1353 1641 creavit
1387 1589 1451 1640 ".
1481 1607 1498 1637 ι
1544 1586 1879 1656 Abiecerunt
1919 1603 2052 1642 vero

475 1678 638 1732 etiam
671 1678 892 1732 inaures
915 1693 1042 1733 suas
1067 1679 1328 1734 mulieres
1349 1695 1471 1749 qua:
1507 1694 1634 1734 cum
1655 1678 1823 1734 Jacob
1871 1688 2046 1734 erant.

2156 495 2500 567 πραγμάτων
2543 496 2676 565 ἡμῖν
2704 493 3040 564 ἀποφαίνων.
3084 493 3301 562 Ἐπειδὴ
3343 493 3400 546 δὲ
3460 493 3720 566 κέκληται

2157 589 2310 661 παρά
2339 589 2498 652 Θεοῦ,
2551 589 2642 642 καὶ
2676 587 3011 657 ἀναϐέϐηκεν
3055 589 3133 650 είς
3163 585 3384 656 Βαιθὴλ,
3420 587 3718 651 τουτέστιν,

2154 685 2234 746 είς
2269 679 2414 736 οἷκον
2443 680 2578 735 Θεοῦ
2611 679 3041 753 (διερμηνεύεται
3084 678 3192 750 γὰρ
3221 673 3324 732 ὦδε
3365 677 3611 750 Βαιθήλ)·
3646 681 3722 732 le-

2159 775 2378 845 ρουργεϊ
2415 773 2492 844 τῷ
2532 771 2672 844 Θεῷ,
2749 773 2843 825 καὶ
2902 771 3256 841 μυσταγωγὸς
3321 769 3719 823 ἀποδείκνυται.

2155 865 2290 917 Τίνα
2326 865 2436 935 γάρ
2486 865 2687 934 τρόπον
2745 865 2826 926 είς
2878 862 3024 916 οἶκον
3060 863 3195 915 ίέναι
3250 863 3515 931 προσήκει
3564 861 3722 924 Θεοῦ,

2155 954 2444 1026 καθίστησι
2479 955 2704 1025 ἐναργὲς
2727 958 2840 1018 τοῖς
2881 955 3162 1025 ἑπομένοις
3194 953 3362 1022 αὐτῷ.
3411 953 3725 1006 Ἀποϐαλεϊν

2154 1043 2264 1113 γὰρ
2297 1044 2551 1096 ἐκέλευσε
2581 1044 2845 1114 συρφετὸν
2872 1042 3062 1112 ὥσπερ
3094 1043 3214 1094 τινὰ
3260 1042 3353 1094 καὶ
3385 1042 3725 1112 ἀκαθαρσίαν

2153 1136 2280 1198 τοὺς
2306 1135 2618 1204 ἀλλοτρίους
2646 1134 2823 1199 θεοὺς,
2858 1136 2952 1187 καὶ
3001 1133 3230 1197 ἀλλάξαι
3271 1133 3369 1196 τὰς
3403 1133 3618 1195 στολάς.
3661 1136 3726 1184 'U

2152 1225 2218 1296 δὴ
2252 1227 2344 1278 καὶ
2376 1225 2508 1296 δρᾷν
2541 1225 2660 1288 ἔθος
2691 1229 2769 1290 είς
2807 1225 2930 1294 ὄψιν
2962 1227 3108 1296 ἡμᾶς
3151 1224 3518 1294 καλουμένους
3567 1223 3724 1285 Θεοῦ,

2155 1319 2248 1372 καὶ
2286 1320 2365 1383 είς
2397 1319 2489 1372 τὸν
2514 1319 2654 1372 θεῖον
2676 1317 2843 1372 αὑτοῦ
2863 1317 2987 1372 ναδν
3004 1317 3431 1380 είσελαύνοντας,
3458 1315 3596 1368 κατά
3635 1316 3724 1368 τὸν

2153 1414 2345 1482 καιρδν
2404 1409 2635 1480 μάλιστα
2683 1407 2776 1462 τοῦ
2839 1408 2994 1476 ἀγίου
3049 1407 3440 1478 βαπτίσματος.
3482 1409 3573 1460 Δεῖ
3619 1407 3726 1479 γὰρ

2153 1504 2302 1572 ἡμᾶς
2335 1501 2601 1556 ποιεῖσθαι
2635 1501 2732 1570 μὲν
2763 1500 2952 1569 ὥσπερ
2982 1501 3045 1552 ἐκ
3077 1499 3240 1569 μέσου
3269 1500 3394 1562 τοὺς
3415 1499 3726 1570 ἀλλοτρίους

2153 1593 2330 1658 θεοὺς,
2362 1593 2457 1647 καὶ
2479 1593 2581 1664 τῆς
2619 1592 2830 1646 τοιᾶσδε
2853 1591 3058 1662 πλάνης
3087 1591 3499 1662 ἀποφοιτῶντας
3523 1591 3725 1659 λέγειν·

2161 1705 2178 1738 ι
2210 1686 2612 1756 ’Δποτάσσομαί
2669 1702 2772 1750 σοι,
2833 1685 3070 1747 Σατανᾶ,
3104 1685 3199 1738 καὶ
3239 1683 3387 1756 πάσῃ
3423 1686 3490 1754 τῇ
3533 1689 3726 1755 πομπῇ

475 1768 852 1840 lngredientes
907 1771 1054 1824 enim
1091 1770 1257 1826 etiam
1307 1770 1522 1826 feminae
1569 1770 1623 1824 in
1663 1771 1886 1826 domum
1931 1772 2048 1836 Dei,

2157 1793 2270 1836 σου.
2315 1775 2410 1829 καὶ
2469 1745 2618 1846 πάσῃ
2669 1745 3010 1845 τῇΙλατρείᾳ
3058 1745 3221 1827 σου.»
3275 1745 3490 1843 Asina)"
3519 1745 3726 1835 miqu

475 1860 686 1914 nullum
735 1860 954 1929 quidem
1006 1861 1280 1916 carnalem
1310 1869 1561 1916 ornatum
1614 1862 1899 1926 habentes,
1935 1861 2050 1917 dis-

475 1949 751 2005 solventes
791 1966 921 2005 vero
978 1951 1126 2022 ipsos
1181 1952 1426 2026 capillos,
1476 1952 1544 2007 ab
1581 1954 1929 2009 accusatione
1955 1969 2051 2008 su-

475 2040 680 2110 perbia:
704 2056 802 2095 sua
827 2040 1070 2110 ipsarum
1095 2042 1272 2113 capita
1305 2042 1558 2098 liberant.
1598 2043 1713 2098 Hoc
1745 2044 1892 2099 enim
1931 2061 2052 2100 esse

474 2128 731 2194 arbitror,
773 2131 1014 2187 adimere
1059 2132 1164 2192 sibi
1208 2131 1469 2188 mulieres
1502 2143 1756 2188 ornatum
1797 2150 1961 2204 quem
1995 2136 2051 2192 in

475 2220 701 2275 auribus
740 2221 1022 2292 gerebant.
1065 2221 1202 2278 Cum
1239 2223 1407 2293 igitur
1440 2225 1852 2281 ascenderimus
1870 2226 1924 2280 in
1947 2227 2052 2282 Be-

477 2309 610 2375 thel,
643 2310 748 2366 hoc
776 2318 883 2377 est,
924 2313 980 2367 in
1005 2312 1235 2368 domum
1263 2313 1380 2377 Dei,
1429 2312 1665 2383 lapidem
1704 2314 1817 2369 illic
1848 2329 2051 2386 cogno-

474 2415 708 2466 scemus,
731 2402 990 2473 lapidem,
1012 2403 1256 2475 inquam,
1291 2403 1549 2468 electum,
1578 2405 1673 2474 qui
1693 2403 1871 2460 factus
1887 2415 1973 2461 est
1997 2407 2052 2461 in

474 2499 640 2562 caput
671 2493 876 2564 anguli,
899 2494 1004 2549 hoc
1022 2504 1124 2558 est,
1147 2493 1432 2550 Christum
1473 2496 1541 2550 ⁸⁸.
1583 2494 1907 2552 Videbimus
1953 2513 2051 2552 au-

475 2592 585 2638 tem
625 2598 753 2638 eum
783 2592 1010 2639 unctum
1040 2601 1070 2639 a
1104 2585 1266 2640 Patre
1299 2587 1354 2640 in
1381 2586 1626 2642 laetitiam
1651 2595 1708 2642 et
1737 2590 2056 2650 exsultatio-

472 2689 597 2728 nem
634 2675 784 2730 omni
811 2691 933 2746 quae
953 2677 1055 2732 sub
1089 2678 1236 2745 cmlo,
1251 2687 1336 2733 est
1358 2688 1642 2733 creaturae.
1667 2677 1876 2734 Unctus
1903 2680 2050 2734 enim

475 2773 577 2830 cst,
601 2773 662 2821 ut
686 2767 818 2832 dixi,
849 2783 876 2822 a
901 2769 1014 2840 Deo
1045 2783 1110 2824 ac
1131 2769 1294 2824 Patre
1319 2769 1491 2824 Filius
1525 2787 1537 2823 :
1593 2788 1611 2820 ι
1642 2767 1900 2825 Omnium
1949 2787 2050 2825 no-

474 2863 648 2911 strum
696 2857 904 2924 laetitia,
935 2859 1258 2916 universalis
1303 2861 1616 2925 exsultatio,
1657 2881 1675 2913 ι
1713 2864 1866 2933 juxta
1899 2864 2052 2918 Psal-

473 2947 649 3003 mista:
677 2963 867 3004 vocem
896 2951 960 3005 “.
995 2951 1194 3006 Videas
1234 2963 1418 3008 autem
1443 2953 1610 3007 etiam
1651 2952 1756 3008 hoc
1799 2954 2051 3023 praeﬁgu-

475 3047 653 3094 ratum
678 3040 733 3096 in
765 3041 834 3096 iis
861 3059 982 3114 qua:
1003 3043 1166 3099 modo
1199 3059 1230 3098 a
1257 3045 1418 3100 nobis
1451 3045 1597 3100 dicta
1626 3053 1772 3100 sunt.
1817 3064 1834 3096 ι
1868 3046 2055 3100 Erexit
2083 3081 2122 3136 ς

473 3129 620 3182 enim
648 3130 817 3186 Jacob
844 3133 1102 3202 lapidem,
1123 3133 1245 3188 oleo
1270 3149 1335 3188 ac
1351 3136 1480 3188 vino
1507 3137 1686 3206 ipsum
1715 3136 1897 3206 rigans
1924 3138 1991 3189 ⁸⁸.
2026 3155 2044 3187 ι

476 3219 519 3272 Τ
524 3235 661 3289 ypus
703 3236 835 3276 vero
873 3238 939 3277 ea
977 3239 1064 3278 res
1101 3232 1187 3278 est
1215 3225 1460 3294 mysterii
1485 3225 1714 3292 Christi,
1755 3242 1854 3295 per
1887 3243 2050 3296 quem

474 3319 531 3362 et
559 3324 684 3364 cum
717 3327 828 3382 quo
854 3313 968 3368 Deo
1004 3329 1067 3368 ac
1098 3315 1241 3375 Patri
1265 3316 1439 3386 gloria
1468 3331 1593 3372 cum
1625 3326 1814 3372 sancto
1845 3317 2053 3388 Spiritu

477 3401 531 3455 in
563 3402 760 3458 saecula
797 3405 1144 3460 saeculorum.
1188 3406 1382 3461 Amen.
1543 3401 1551 3409 ’

2152 1869 2302 1938 ἡμᾶς
2333 1865 2560 1931 ἀλλάξαι
2617 1867 2710 1920 καὶ
2744 1866 2842 1938 τὴν
2911 1865 3122 1936 στολὴν,
3167 1864 3566 1935 ἀποδυομένους
3629 1867 3729 1935 μὶν

2154 1957 2342 2028 ὥσπερ
2372 1959 2465 2012 τὸν
2496 1959 2723 2011 παλαιὸν
2749 1955 3063 2026 ἄνθρωπον,
3094 1956 3186 2009 τὸν
3208 1955 3561 2026 φθειρόμενον
3583 1957 3730 2008 κατά

2153 2051 2251 2113 τὰς
2295 2049 2590 2121 ἐπιθυμίας
2621 2049 2721 2119 τῆς
2763 2049 3015 2120 ἀπάτης·
3051 2046 3630 2118 μεταμφιεννυμένους
3671 2047 3731 2100 δὲ

2153 2143 2246 2196 τὸν
2271 2142 2508 2206 νέον,τδν
2534 2140 2994 2212 ἀνακαινούμενον
3021 2142 3142 2194 κατ’
3171 2140 3353 2193 είκόνα
3380 2139 3474 2217 τοᾷ
3505 2139 3733 2193 κτίσαν-

2153 2251 2244 2297 τος
2273 2234 2454 2287 αὐτόν.
2505 2228 2944 2301 Ἀποϐεόλήκασι
2991 2233 3048 2285 δὲ
3087 2233 3181 2284 καὶ
3210 2232 3278 2284 τὰ
3327 2233 3388 2284 ὲν
3454 2233 3567 2294 τοῖς
3594 2230 3733 2284 ὠσὶν

2153 2325 2208 2377 αἱ
2247 2324 2384 2394 μετά
2409 2323 2502 2377 τοῦ
2555 2323 2748 2377 Ἰακὼσ
2778 2325 3054 2392 γυναῖκες.
3100 2322 3449 2376 Είσελθοῦσαι
3475 2321 3585 2393 γάρ
3633 2321 3730 2375 καὶ

2153 2422 2412 2486 γυναῖκες
2435 2419 2516 2481 είς
2546 2413 2693 2470 οἷκον
2720 2415 2878 2478 Θεοῦ,
2910 2416 3172 2486 κόσμημα
3199 2413 3296 2484 μὲν
3329 2414 3479 2468 οὐδὲν
3511 2414 3735 2483 ἔχουσαι

2155 2508 2434 2578 σαρκικὸν,
2500 2505 2828 2562 ἀπολύουσαι
2885 2505 2942 2559 δὲ
2992 2507 3084 2559 καὶ
3148 2507 3317 2569 αὐτὰς
3373 2505 3469 2568 τάς
3513 2506 3732 2576 τρίχας,

2153 2599 2514 2670 ἐγκλημάτων
2540 2600 2680 2669 τάχα
2709 2617 2811 2654 που
2855 2599 2964 2653 τῶν
2997 2599 3055 2665 ἐξ
3089 2597 3370 2666 ἐμπλοκῆς
3398 2598 3494 2654 τὰς
3522 2598 3734 2650 ἑαυτῶν

2153 2691 2554 2746 ἀπαλλάττουσι
2595 2691 2854 2760 κεφαλάς.
2893 2688 3060 2744 Τοῦτο
3101 2689 3236 2744 εἷναί
3293 2707 3433 2760 φημι
3485 2689 3545 2742 τὸ
3579 2706 3736 2759 περι-

2154 2784 2295 2838 ελεῖν
2319 2782 2418 2844 τάς
2433 2785 2696 2851 γυναῖκας
2710 2781 2799 2834 τὸν
2817 2782 2877 2833 ὲν
2898 2783 3010 2844 τοῖς
3035 2781 3138 2834 ὠσὶ
3165 2781 3392 2850 κόσμον.
3422 2780 3590 2832 Ὅταν
3616 2779 3733 2831 τοί-

2153 2891 2246 2926 νυν
2276 2871 2565 2941 ἀναδῶμεν
2588 2873 2668 2936 εἰς
2696 2870 2917 2942 autem,
2955 2869 3250 2926 τουτέστιν.
3278 2873 3356 2932 εἰς
3396 2865 3541 2921 οἷκον
3567 2866 3734 2927 Θεοῦ,

2156 2965 2272 3016 ἐκεῖ
2305 2964 2396 3015 τὸν
2433 2964 2580 3016 λίθον
2633 2965 3069 3036 ὲπιγνωσόμεθα,
3117 2964 3262 3018 λίθον
3307 2961 3398 3014 τὸν
3450 2958 3734 3023 ἐκλεκτὸν,

2158 3051 2247 3103 τὸν
2269 3052 2349 3114 είς
2375 3052 2615 3124 κεφαλὴν
2635 3055 2898 3122 γεγόνοτα
2923 3055 3145 3124 γωνίας,
3180 3051 3424 3106 τουτέστι
3471 3050 3732 3120 Χριστόν.

2169 3141 2442 3212 Ὀψόμεθα
2469 3143 2526 3197 δὲ
2554 3145 2838 3215 χριόμενον
2870 3147 3021 3216 παρά
3059 3145 3153 3198 τοῦ
3182 3145 3392 3213 Πατρός
3417 3145 3492 3204 εἰς
3531 3141 3736 3210 εὖφρο’

2159 3232 2324 3303 σύνην
2356 3234 2448 3287 καὶ
2481 3235 2795 3306 ἀγαλλίαμα
2831 3236 2982 3308 πάσῃ
3011 3238 3076 3306 τῇ
3095 3237 3188 3288 ὑπ’
3234 3233 3484 3304 οὐρανόν.
3516 3231 3739 3300 Κέχρι-

2159 3338 2277 3374 σται
2301 3323 2427 3394 γάρ,
2454 3325 2528 3386 ὼς
2557 3323 2714 3394 ἔφην,
2733 3325 2885 3396 παρά
2902 3326 2994 3378 τοῦ
3013 3325 3148 3378 Θεοῦ
3171 3325 3263 3377 καὶ
3287 3323 3496 3393 Harpe;
3521 3324 3550 3375 ὁ
3575 3320 3736 3381 Υἱὸς,

2164 3431 2183 3465 ι
2214 3413 2277 3466 'H
2307 3416 2521 3467 πάντων
2543 3415 2697 3485 ἡμῶν
2722 3417 3050 3487 εὐφροσύνη,
3080 3417 3140 3469 τὸ
3165 3413 3540 3484 οίκουμενικὸν
3562 3412 3737 3479 ἁγαλο

475 3489 668 3562 ὶέαμα,
693 3511 712 3546 ι
748 3495 888 3549 κατά
947 3495 1047 3566 τὴν
1079 3496 1172 3548 τοῦ
1205 3496 1514 3561 Ψάλλοντος
1550 3498 1754 3568 φωνήν.
1816 3497 1976 3561 Ἰὅοις
2036 3499 2081 3552 δ’
2122 3500 2186 3553 ἂν
2223 3504 2316 3554 καὶ
2348 3503 2504 3556 τοῦτο
2537 3506 3082 3575 προανατυπούμενον
3119 3509 3176 3559 ὲν
3237 3509 3350 3568 τοῖς
3377 3504 3576 3572 ἀρτέως
3599 3505 3742 3572 ἡμῖν

476 3587 804 3656 εἰρημένοις.
837 3609 854 3639 ι
891 3589 1206 3659 Ἀνεστήλου
1241 3588 1349 3660 γὰρ
1390 3589 1584 3644 Ἰακὼὸ
1617 3591 1708 3644 τὸν
1740 3592 2087 3662 λίθον,ὲλαίῳ
2126 3610 2184 3646 τε
2216 3595 2309 3647 καὶ
2342 3596 2468 3666 οἴνῳ
2512 3598 2856 3668 καταρδεύων
2895 3597 3078 3654 αὐτόν.
3107 3617 3124 3648 ι
3159 3597 3341 3660 Τόπος
3380 3597 3435 3649 δὲ
3505 3595 3612 3667 ἀρα
3674 3594 3740 3649 τὸ

475 3677 750 3749 δρνῦμενον
795 3677 863 3751 ἦν
913 3682 1211 3752 μυστηρίου
1260 3679 1353 3734 τοῦ
1407 3681 1547 3736 κατά
1599 3684 1856 3754 Χριστὸν,
1920 3683 1987 3737 δι’
2021 3678 2081 3737 οὗ
2120 3687 2214 3740 καὶ
2278 3687 2395 3757 μεθ’
2418 3681 2476 3741 οὗ
2503 3689 2576 3759 τῷ
2615 3688 2734 3759 Θεῷ
2779 3689 2874 3742 καὶ
2929 3690 3103 3760 Πατρὶ
3132 3691 3164 3760 ἡ
3190 3688 3314 3755 δόξα
3345 3688 3458 3759 ἃμα
3485 3686 3562 3757 τῷ
3593 3687 3739 3756 ἁγίῳ

477 3768 755 3844 Πνεύματι
782 3774 861 3837 είς
886 3773 1010 3838 τοὺς
1038 3773 1238 3835 αίῶνας
1267 3771 1374 3824 τῶν
1408 3771 1640 3826 αἰώνων.
1682 3774 1875 3845 Ἀμήν.

498 3987 598 4001 κιο-υ-
607 3988 1072 3999 ———-._——.‘—-.....——..__——
1081 3987 1556 3997 ρκ’-..οςυ--ιοο--ς--ρ-οσ-ο-
1567 3987 1720 3994 ..η-...4.-
1728 3986 1788 3993 ——-
1799 3986 1852 3994 .-ο

1870 3983 2260 3992 ,ιε-οη-οο--ρ--μ
2279 3987 2344 3991 η..-
2363 3986 2386 3992 --

2545 3986 2624 3994 ,ο-
2653 3987 3052 3995 η--.-.--ο-Α-......-.
3071 3987 3300 3995 -._-———-——
3345 3987 3365 3992 ν
3413 3991 3452 3997 π
3483 3990 3610 3996 ηο--ο--
3629 3986 3709 4000 «ﬂ

1005 4137 1792 4257 ΓΛΑΦΥΡΩΝ
1853 4142 2091 4255 ΕΙΣ
2165 4143 2479 4269 ΤΗΝ
2540 4144 3182 4262 ΓΕΝΕΣΙΝ

1769 4367 2208 4454 ΒΙΒΛΙΟΝ
2281 4369 2381 4471 οῖ
2394 4373 2436 4452 ’.

731 4680 1643 4776 GLAPHYRORUM
1727 4686 1847 4775 IN
1926 4673 2450 4824 GENESlM
2544 4685 2898 4774 LIBER
2972 4685 3472 4778 SEXTUS.

1105 4985 1180 5039 De
1215 4985 1424 5057 Ioseph.

549 5123 711 5193 178
736 5122 785 5176 ί.
807 5122 1056 5192 Magnum
1077 5120 1298 5191 quidem
1322 5120 1515 5190 procul
1533 5118 1701 5174 dubio
1719 5125 1804 5175 est
1834 5120 2054 5190 pietatis

475 5214 817 5284 mysterium,
841 5213 945 5267 hoc
981 5221 1084 5276 est,
1109 5211 1360 5267 Christus
1388 5230 1399 5264 :
1444 5210 1750 5280 profundus
1775 5222 1958 5268 autem
1982 5213 2052 5267 de

479 5307 600 5377 ipso
623 5320 822 5369 sermo,
846 5303 1126 5375 ipsiusque
1150 5302 1542 5357 incarnationis
1575 5302 1894 5358 admirabile
1918 5317 2052 5358 con-

476 5398 683 5454 silium.
709 5396 901 5467 Neque
925 5411 1055 5452 vero
1079 5395 1148 5450 ab
1173 5395 1241 5450 iis
1267 5395 1361 5466 qui
1393 5395 1586 5450 leviter
1621 5403 1834 5450 tantum
1856 5396 2049 5458 velint,

477 5489 708 5560 intelligi
734 5487 931 5558 possit,
957 5486 1052 5542 sed
1085 5502 1113 5540 a
1154 5485 1540 5557 prudentibus,
1586 5491 1637 5538 et
1682 5484 1903 5555 quidem
1944 5500 2053 5538 non

554 5665 596 5693 "
623 5663 762 5720 Orat
813 5663 1019 5717 Eccles.
1098 5665 1142 5695 "
1170 5663 1286 5718 Col.
1318 5681 1396 5730 ιιι,
1453 5664 1506 5728 9,
1544 5662 1627 5716 l0.
1703 5663 1748 5692 "
1783 5661 1969 5716 Matth.
2009 5677 2113 5725 im,
2161 5661 2228 5714 η
2275 5668 2332 5713 et
2371 5659 2518 5714 alibi.

2668 4983 2803 5049 Περὶ
2848 4981 2952 5036 τοῦ
2989 4980 3229 5048 Ἰωσήφ.

2228 5127 2295 5174 α’.
2321 5119 2478 5186 Μέγα
2501 5117 2601 5185 μὲν
2634 5115 3081 5187 ὁμολογουμένως
3106 5113 3166 5168 τὸ
3190 5113 3284 5183 τῆς
3310 5111 3588 5174 εὐσεσείας
3623 5128 3737 5180 μυ-

2157 5214 2395 5284 στήριον,
2431 5207 2672 5262 τουτέστι
2715 5205 2971 5277 Χριστὸς,
3010 5203 3175 5275 βαθὺς
3220 5202 3277 5256 δὲ
3321 5201 3386 5273 δὴ
3421 5201 3542 5254 λίαν
3574 5202 3603 5253 ὁ
3642 5201 3738 5253 ἐπ’

2155 5300 2304 5372 αὐτῷ
2333 5299 2511 5366 λόγος,
2546 5298 2638 5351 καὶ
2665 5297 2695 5350 ό
2727 5297 2824 5366 τῆς
2857 5297 2992 5367 μετὰ
3029 5295 3230 5366 σαρκὸς
3262 5292 3572 5362 οίκονομίας
3601 5307 3740 5345 axo-

2157 5392 2277 5455 πός.
2334 5389 2473 5444 Ἀλλ’
2525 5388 2608 5460 εἴη
2665 5388 2762 5459 μὲν
2812 5386 2877 5442 ἂν
2920 5387 3120 5456 ἥκιστὰ
3174 5401 3237 5453 γε
3287 5387 3398 5447 τοῖς
3455 5382 3738 5435 ἐθέλουσιν

2155 5481 2359 5546 ἁπλῶς,
2409 5479 2616 5548 γένοιτο
2654 5478 2696 5530 δ’
2730 5477 2794 5530 ἂν
2827 5479 2938 5539 τοῖς
2986 5475 3300 5546 ἀρτίφροσιν
3344 5475 3442 5526 οὐκ
3473 5471 3738 5542 ἀνιδρωτὶ

2623 5658 2665 5688 ³⁵
2705 5657 2846 5712 Psal.
2877 5671 3014 5715 xuv,
3042 5656 3092 5706 κ.
3193 5653 3235 5681 ⁵⁵
3265 5652 3400 5705 Cen.
3455 5665 3609 5712 xxxv,
3642 5646 3728 5702 l5.
