  <div class='ocr_page' id='page_1' title='image "/cluster/home/n/w/nwhite01/storage/ocr_20150623/69/hvd.32044073501983/148.png"; bbox 0 0 4032 6198; ppageno 0'>
   <div class='ocr_carea' id='block_1_1' title="bbox 235 321 376 383">
    <p class='ocr_par' dir='ltr' id='par_1_1' title="bbox 235 321 376 383">
     <span class='ocr_line' id='line_1_1' title="bbox 235 321 376 383; baseline 0 -5"><span class='ocrx_word' id='word_1_1' title='bbox 235 321 376 383; x_wconf 74' lang='lat'><strong>.286</strong></span> 
     </span>
    </p>
   </div>
   <div class='ocr_carea' id='block_1_2' title="bbox 1267 289 2528 392">
    <p class='ocr_par' dir='ltr' id='par_1_2' title="bbox 1267 289 2528 392">
     <span class='ocr_line' id='line_1_2' title="bbox 1267 289 2528 392; baseline 0.005 -8"><span class='ocrx_word' id='word_1_2' title='bbox 1267 325 1786 389; x_wconf 79' lang='lat' dir='ltr'><strong>GLAPHYRORUM</strong></span> <span class='ocrx_word' id='word_1_3' title='bbox 1824 331 1890 389; x_wconf 85' lang='lat' dir='ltr'><strong>lN</strong></span> <span class='ocrx_word' id='word_1_4' title='bbox 1930 331 2230 392; x_wconf 70' lang='lat' dir='ltr'><strong>cenesm</strong></span> <span class='ocrx_word' id='word_1_5' title='bbox 2263 289 2399 392; x_wconf 34' lang='lat' dir='ltr'><strong>‘LlB.</strong></span> <span class='ocrx_word' id='word_1_6' title='bbox 2443 333 2528 392; x_wconf 80' lang='lat' dir='ltr'><strong>Vl.</strong></span> 
     </span>
    </p>
   </div>
   <div class='ocr_carea' id='block_1_3' title="bbox 3435 301 3582 393">
    <p class='ocr_par' dir='ltr' id='par_1_3' title="bbox 3435 301 3582 393">
     <span class='ocr_line' id='line_1_3' title="bbox 3435 301 3582 393; baseline 0 0"><span class='ocrx_word' id='word_1_7' title='bbox 3435 335 3538 393; x_wconf 68' lang='grc' dir='ltr'><strong>εδδ</strong></span> <span class='ocrx_word' id='word_1_8' title='bbox 3579 301 3582 304; x_wconf 22' lang='grc' dir='ltr'><strong>ί</strong></span> 
     </span>
    </p>
   </div>
   <div class='ocr_carea' id='block_1_4' title="bbox 276 431 1863 524">
    <p class='ocr_par' dir='ltr' id='par_1_4' title="bbox 276 431 1857 517">
     <span class='ocr_line' id='line_1_4' title="bbox 276 431 1857 517; baseline 0.01 -33"><span class='ocrx_word' id='word_1_9' title='bbox 276 431 569 501; x_wconf 76' lang='grc' dir='ltr'>συμφανής</span> <span class='ocrx_word' id='word_1_10' title='bbox 593 449 605 461; x_wconf 88' lang='grc'><strong>·</strong></span> <span class='ocrx_word' id='word_1_11' title='bbox 631 432 760 485; x_wconf 84' lang='grc' dir='ltr'>ἐπεί</span> <span class='ocrx_word' id='word_1_12' title='bbox 777 450 860 486; x_wconf 84' lang='grc' dir='ltr'><strong>τοι</strong></span> <span class='ocrx_word' id='word_1_13' title='bbox 883 437 948 505; x_wconf 78' lang='grc' dir='ltr'>τῇ</span> <span class='ocrx_word' id='word_1_14' title='bbox 981 434 1099 508; x_wconf 73' lang='grc' dir='ltr'>θείᾳ</span> <span class='ocrx_word' id='word_1_15' title='bbox 1140 440 1620 513; x_wconf 86' lang='grc' dir='ltr'>καταλαμπόμενοι</span> <span class='ocrx_word' id='word_1_16' title='bbox 1653 445 1857 517; x_wconf 83' lang='grc' dir='ltr'>χάριτι,</span> 
     </span>
    </p>
   </div>
   <div class='ocr_carea' id='block_1_5' title="bbox 1964 431 3540 524">
    <p class='ocr_par' dir='ltr' id='par_1_5' title="bbox 1965 445 3540 524">
     <span class='ocr_line' id='line_1_5' title="bbox 1965 445 3540 524; baseline -0.001 -19"><span class='ocrx_word' id='word_1_17' title='bbox 1965 450 2172 520; x_wconf 84' lang='lat' dir='ltr'><strong>absque</strong></span> <span class='ocrx_word' id='word_1_18' title='bbox 2212 449 2444 524; x_wconf 79' lang='lat' dir='ltr'><strong>labore:</strong></span> <span class='ocrx_word' id='word_1_19' title='bbox 2484 447 2930 521; x_wconf 82' lang='lat' dir='ltr'><strong>quandoquidem</strong></span> <span class='ocrx_word' id='word_1_20' title='bbox 2975 445 3161 504; x_wconf 88' lang='lat' dir='ltr'><strong>divina</strong></span> <span class='ocrx_word' id='word_1_21' title='bbox 3202 447 3377 519; x_wconf 85' lang='lat' dir='ltr'><strong>gratia</strong></span> <span class='ocrx_word' id='word_1_22' title='bbox 3409 447 3540 504; x_wconf 88' lang='lat' dir='ltr'><strong>illu-</strong></span> 
     </span>
    </p>
   </div>
   <div class='ocr_carea' id='block_1_6' title="bbox 277 523 1857 605">
    <p class='ocr_par' dir='ltr' id='par_1_6' title="bbox 277 523 1857 605">
     <span class='ocr_line' id='line_1_6' title="bbox 277 523 1857 605; baseline 0.008 -29"><span class='ocrx_word' id='word_1_23' title='bbox 277 525 434 593; x_wconf 73' lang='grc' dir='ltr'>σοφοὶ</span> <span class='ocrx_word' id='word_1_24' title='bbox 458 524 555 577; x_wconf 74' lang='grc' dir='ltr'>καὶ</span> <span class='ocrx_word' id='word_1_25' title='bbox 588 523 851 594; x_wconf 82' lang='grc' dir='ltr'>ἀγχίνοοι,</span> <span class='ocrx_word' id='word_1_26' title='bbox 885 527 1124 598; x_wconf 79' lang='grc' dir='ltr'><strong>νομικῶν</strong></span> <span class='ocrx_word' id='word_1_27' title='bbox 1142 547 1200 584; x_wconf 87' lang='grc' dir='ltr'><strong>τε</strong></span> <span class='ocrx_word' id='word_1_28' title='bbox 1229 532 1322 586; x_wconf 74' lang='grc' dir='ltr'>καὶ</span> <span class='ocrx_word' id='word_1_29' title='bbox 1343 537 1698 605; x_wconf 71' lang='grc' dir='ltr'><strong>προφητικῶν</strong></span> <span class='ocrx_word' id='word_1_30' title='bbox 1726 553 1857 604; x_wconf 75' lang='grc' dir='ltr'>συγο</span> 
     </span>
    </p>
   </div>
   <div class='ocr_carea' id='block_1_7' title="bbox 274 614 1859 692">
    <p class='ocr_par' dir='ltr' id='par_1_7' title="bbox 274 614 1859 692">
     <span class='ocr_line' id='line_1_7' title="bbox 274 614 1859 692; baseline 0.009 -27"><span class='ocrx_word' id='word_1_31' title='bbox 274 614 624 684; x_wconf 70' lang='grc' dir='ltr'><strong>γραμμάτων</strong></span> <span class='ocrx_word' id='word_1_32' title='bbox 652 615 790 692; x_wconf 75' lang='grc' dir='ltr'>εἰσὶν</span> <span class='ocrx_word' id='word_1_33' title='bbox 821 617 1206 688; x_wconf 80' lang='grc' dir='ltr'>ἐπιστήμονες.</span> <span class='ocrx_word' id='word_1_34' title='bbox 1232 622 1341 676; x_wconf 81' lang='lat' dir='ltr'><strong>Kal.</strong></span> <span class='ocrx_word' id='word_1_35' title='bbox 1362 623 1492 692; x_wconf 82' lang='grc' dir='ltr'>γοῦν</span> <span class='ocrx_word' id='word_1_36' title='bbox 1515 625 1544 676; x_wconf 87' lang='grc' dir='ltr'>ὁ</span> <span class='ocrx_word' id='word_1_37' title='bbox 1571 625 1859 691; x_wconf 81' lang='grc' dir='ltr'><strong>θεσπέσιος</strong></span> 
     </span>
    </p>
   </div>
   <div class='ocr_carea' id='block_1_8' title="bbox 276 707 1858 782">
    <p class='ocr_par' dir='ltr' id='par_1_8' title="bbox 276 707 1858 782">
     <span class='ocr_line' id='line_1_8' title="bbox 276 707 1858 782; baseline 0.01 -25"><span class='ocrx_word' id='word_1_38' title='bbox 276 707 502 776; x_wconf 78' lang='grc' dir='ltr'>Πέτρος,</span> <span class='ocrx_word' id='word_1_39' title='bbox 537 707 566 759; x_wconf 82' lang='grc' dir='ltr'><strong>ό</strong></span> <span class='ocrx_word' id='word_1_40' title='bbox 620 708 875 779; x_wconf 77' lang='grc' dir='ltr'>προῦχων</span> <span class='ocrx_word' id='word_1_41' title='bbox 930 711 989 764; x_wconf 84' lang='grc' dir='ltr'>ὲν</span> <span class='ocrx_word' id='word_1_42' title='bbox 1032 713 1320 782; x_wconf 79' lang='grc' dir='ltr'><strong>μαθηταῖς,</strong></span> <span class='ocrx_word' id='word_1_43' title='bbox 1379 717 1472 770; x_wconf 78' lang='grc' dir='ltr'>καὶ</span> <span class='ocrx_word' id='word_1_44' title='bbox 1515 717 1624 771; x_wconf 85' lang='grc' dir='ltr'><strong>τῶν</strong></span> <span class='ocrx_word' id='word_1_45' title='bbox 1684 719 1858 773; x_wconf 87' lang='grc' dir='ltr'>ἀλλων</span> 
     </span>
    </p>
   </div>
   <div class='ocr_carea' id='block_1_9' title="bbox 275 799 1864 882">
    <p class='ocr_par' dir='ltr' id='par_1_9' title="bbox 275 799 1864 882">
     <span class='ocr_line' id='line_1_9' title="bbox 275 799 1864 882; baseline 0.009 -33"><span class='ocrx_word' id='word_1_46' title='bbox 275 799 710 867; x_wconf 77' lang='grc' dir='ltr'>ὐπερκείμενος,</span> <span class='ocrx_word' id='word_1_47' title='bbox 772 800 1044 870; x_wconf 81' lang='grc' dir='ltr'><strong>ὡμολόγει</strong></span> <span class='ocrx_word' id='word_1_48' title='bbox 1101 804 1198 874; x_wconf 72' lang='grc' dir='ltr'>μὲν</span> <span class='ocrx_word' id='word_1_49' title='bbox 1253 805 1353 877; x_wconf 82' lang='grc' dir='ltr'><strong>τὴν</strong></span> <span class='ocrx_word' id='word_1_50' title='bbox 1414 808 1599 863; x_wconf 89' lang='grc' dir='ltr'>πίστιν</span> <span class='ocrx_word' id='word_1_51' title='bbox 1657 809 1864 882; x_wconf 80' lang='grc' dir='ltr'><strong>ὀρθῶς·</strong></span> 
     </span>
    </p>
   </div>
   <div class='ocr_carea' id='block_1_10' title="bbox 274 888 1860 974">
    <p class='ocr_par' dir='ltr' id='par_1_10' title="bbox 274 888 1860 974">
     <span class='ocr_line' id='line_1_10' title="bbox 274 888 1860 974; baseline 0.011 -35"><span class='ocrx_word' id='word_1_52' title='bbox 274 891 444 957; x_wconf 69' lang='grc' dir='ltr'>ἤκουε</span> <span class='ocrx_word' id='word_1_53' title='bbox 491 889 551 941; x_wconf 81' lang='grc' dir='ltr'><strong>δὲ</strong></span> <span class='ocrx_word' id='word_1_54' title='bbox 596 890 748 961; x_wconf 81' lang='grc' dir='ltr'><strong>παρά</strong></span> <span class='ocrx_word' id='word_1_55' title='bbox 779 888 1040 962; x_wconf 72' lang='grc' dir='ltr'><strong>Χριστοῦο</strong></span> <span class='ocrx_word' id='word_1_56' title='bbox 1082 911 1100 945; x_wconf 82' lang='grc' dir='ltr'><strong>ι</strong></span> <span class='ocrx_word' id='word_1_57' title='bbox 1129 895 1415 967; x_wconf 80' lang='grc' dir='ltr'><strong>Μακάριος</strong></span> <span class='ocrx_word' id='word_1_58' title='bbox 1445 893 1514 964; x_wconf 79' lang='grc' dir='ltr'>εἴ,</span> <span class='ocrx_word' id='word_1_59' title='bbox 1535 900 1716 970; x_wconf 86' lang='grc' dir='ltr'>Σίμων</span> <span class='ocrx_word' id='word_1_60' title='bbox 1745 901 1860 974; x_wconf 84' lang='grc' dir='ltr'><strong>Βάρ</strong></span> 
     </span>
    </p>
   </div>
   <div class='ocr_carea' id='block_1_11' title="bbox 284 974 1860 1058">
    <p class='ocr_par' dir='ltr' id='par_1_11' title="bbox 284 974 1860 1058">
     <span class='ocr_line' id='line_1_11' title="bbox 284 974 1860 1058; baseline 0.01 -26"><span class='ocrx_word' id='word_1_61' title='bbox 284 981 462 1044; x_wconf 72' lang='grc' dir='ltr'>Ἰωνᾶ,</span> <span class='ocrx_word' id='word_1_62' title='bbox 494 982 579 1034; x_wconf 83' lang='grc' dir='ltr'>ὅτι</span> <span class='ocrx_word' id='word_1_63' title='bbox 616 981 753 1051; x_wconf 80' lang='grc' dir='ltr'>σὰρξ</span> <span class='ocrx_word' id='word_1_64' title='bbox 776 983 871 1035; x_wconf 75' lang='grc' dir='ltr'><strong>καὶ</strong></span> <span class='ocrx_word' id='word_1_65' title='bbox 894 978 1033 1054; x_wconf 74' lang='grc' dir='ltr'>αἷμα</span> <span class='ocrx_word' id='word_1_66' title='bbox 1059 985 1158 1038; x_wconf 80' lang='grc' dir='ltr'><strong>οὐκ</strong></span> <span class='ocrx_word' id='word_1_67' title='bbox 1190 986 1509 1058; x_wconf 73' lang='grc' dir='ltr'>ἀπεκάλυψέ</span> <span class='ocrx_word' id='word_1_68' title='bbox 1547 1007 1662 1057; x_wconf 92' lang='grc' dir='ltr'>σοι,</span> <span class='ocrx_word' id='word_1_69' title='bbox 1685 974 1806 1046; x_wconf 48' lang='grc' dir='ltr'>’ἀλλ’</span> <span class='ocrx_word' id='word_1_70' title='bbox 1831 996 1860 1048; x_wconf 84' lang='grc' dir='ltr'><strong>ό</strong></span> 
     </span>
    </p>
   </div>
   <div class='ocr_carea' id='block_1_12' title="bbox 274 1074 1860 1159">
    <p class='ocr_par' dir='ltr' id='par_1_12' title="bbox 274 1074 1860 1159">
     <span class='ocr_line' id='line_1_12' title="bbox 274 1074 1860 1159; baseline 0.01 -34"><span class='ocrx_word' id='word_1_71' title='bbox 274 1074 469 1143; x_wconf 75' lang='grc' dir='ltr'>Πατήρ</span> <span class='ocrx_word' id='word_1_72' title='bbox 501 1090 605 1143; x_wconf 89' lang='grc' dir='ltr'><strong>μου</strong></span> <span class='ocrx_word' id='word_1_73' title='bbox 652 1075 681 1126; x_wconf 88' lang='grc' dir='ltr'><strong>ὀ</strong></span> <span class='ocrx_word' id='word_1_74' title='bbox 725 1075 785 1126; x_wconf 83' lang='grc' dir='ltr'>ὲν</span> <span class='ocrx_word' id='word_1_75' title='bbox 829 1079 943 1138; x_wconf 84' lang='grc' dir='ltr'>τοῖς</span> <span class='ocrx_word' id='word_1_76' title='bbox 970 1078 1236 1148; x_wconf 80' lang='grc' dir='ltr'>οὐρανοῖς.</span> <span class='ocrx_word' id='word_1_77' title='bbox 1279 1099 1298 1132; x_wconf 77' lang='grc' dir='ltr'><strong>ι</strong></span> <span class='ocrx_word' id='word_1_78' title='bbox 1333 1083 1702 1154; x_wconf 81' lang='grc' dir='ltr'>Μυσταγωγεϊ</span> <span class='ocrx_word' id='word_1_79' title='bbox 1751 1086 1860 1159; x_wconf 80' lang='grc' dir='ltr'>γὰρ</span> 
     </span>
    </p>
   </div>
   <div class='ocr_carea' id='block_1_13' title="bbox 271 1165 1861 1242">
    <p class='ocr_par' dir='ltr' id='par_1_13' title="bbox 271 1165 1861 1242">
     <span class='ocr_line' id='line_1_13' title="bbox 271 1165 1861 1242; baseline 0.007 -25"><span class='ocrx_word' id='word_1_80' title='bbox 271 1167 422 1234; x_wconf 62' lang='grc' dir='ltr'>ἡμᾶς</span> <span class='ocrx_word' id='word_1_81' title='bbox 455 1167 482 1218; x_wconf 85' lang='grc' dir='ltr'>ὁ</span> <span class='ocrx_word' id='word_1_82' title='bbox 505 1165 640 1228; x_wconf 76' lang='grc' dir='ltr'>Θεὸς</span> <span class='ocrx_word' id='word_1_83' title='bbox 677 1166 770 1218; x_wconf 74' lang='grc' dir='ltr'>καὶ</span> <span class='ocrx_word' id='word_1_84' title='bbox 814 1167 1004 1238; x_wconf 83' lang='grc' dir='ltr'>Πατὴρ</span> <span class='ocrx_word' id='word_1_85' title='bbox 1033 1169 1124 1222; x_wconf 82' lang='grc' dir='ltr'>τὸν</span> <span class='ocrx_word' id='word_1_86' title='bbox 1157 1172 1243 1240; x_wconf 74' lang='grc' dir='ltr'><strong>ἐφ’</strong></span> <span class='ocrx_word' id='word_1_87' title='bbox 1278 1171 1394 1242; x_wconf 83' lang='grc' dir='ltr'>Υίῷ</span> <span class='ocrx_word' id='word_1_88' title='bbox 1423 1173 1614 1242; x_wconf 79' lang='grc' dir='ltr'>λόγον·</span> <span class='ocrx_word' id='word_1_89' title='bbox 1651 1176 1861 1230; x_wconf 86' lang='grc' dir='ltr'>ἀνασώ-</span> 
     </span>
    </p>
   </div>
   <div class='ocr_carea' id='block_1_14' title="bbox 273 1255 1906 1338">
    <p class='ocr_par' dir='ltr' id='par_1_14' title="bbox 273 1255 1906 1338">
     <span class='ocr_line' id='line_1_14' title="bbox 273 1255 1906 1338; baseline 0.009 -31"><span class='ocrx_word' id='word_1_90' title='bbox 273 1258 354 1319; x_wconf 70' lang='grc' dir='ltr'>ζει</span> <span class='ocrx_word' id='word_1_91' title='bbox 383 1273 449 1308; x_wconf 91' lang='grc' dir='ltr'><strong>τε</strong></span> <span class='ocrx_word' id='word_1_92' title='bbox 477 1255 622 1308; x_wconf 75' lang='grc' dir='ltr'>οὕτω</span> <span class='ocrx_word' id='word_1_93' title='bbox 653 1256 838 1310; x_wconf 77' lang='grc' dir='ltr'>λοιπὸν</span> <span class='ocrx_word' id='word_1_94' title='bbox 864 1258 941 1322; x_wconf 84' lang='grc' dir='ltr'><strong>ὡς</strong></span> <span class='ocrx_word' id='word_1_95' title='bbox 974 1261 1186 1332; x_wconf 82' lang='grc' dir='ltr'><strong>Σωτῆρι</strong></span> <span class='ocrx_word' id='word_1_96' title='bbox 1221 1263 1593 1336; x_wconf 77' lang='grc' dir='ltr'>καὶΛυτρωτῇ</span> <span class='ocrx_word' id='word_1_97' title='bbox 1628 1283 1861 1338; x_wconf 82' lang='grc' dir='ltr'>προσκο-</span> <span class='ocrx_word' id='word_1_98' title='bbox 1903 1255 1906 1258; x_wconf 41' lang='grc'><strong>’</strong></span> 
     </span>
    </p>
   </div>
   <div class='ocr_carea' id='block_1_15' title="bbox 277 1347 1856 1428">
    <p class='ocr_par' dir='ltr' id='par_1_15' title="bbox 277 1347 1856 1428">
     <span class='ocr_line' id='line_1_15' title="bbox 277 1347 1856 1428; baseline 0.008 -29"><span class='ocrx_word' id='word_1_99' title='bbox 277 1347 453 1415; x_wconf 81' lang='grc' dir='ltr'>μίζων</span> <span class='ocrx_word' id='word_1_100' title='bbox 491 1348 663 1417; x_wconf 80' lang='grc' dir='ltr'>αὐτῷ.</span> <span class='ocrx_word' id='word_1_101' title='bbox 700 1367 720 1399; x_wconf 76' lang='grc' dir='ltr'><strong>ι</strong></span> <span class='ocrx_word' id='word_1_102' title='bbox 755 1348 944 1414; x_wconf 80' lang='grc' dir='ltr'>Οὐδεὶς</span> <span class='ocrx_word' id='word_1_103' title='bbox 972 1352 1082 1420; x_wconf 83' lang='grc' dir='ltr'>γὰρ</span> <span class='ocrx_word' id='word_1_104' title='bbox 1113 1353 1333 1424; x_wconf 76' lang='grc' dir='ltr'>ἔρχεται</span> <span class='ocrx_word' id='word_1_105' title='bbox 1377 1357 1513 1427; x_wconf 79' lang='grc' dir='ltr'>πρός</span> <span class='ocrx_word' id='word_1_106' title='bbox 1547 1375 1637 1427; x_wconf 86' lang='grc' dir='ltr'><strong>με,</strong></span> <span class='ocrx_word' id='word_1_107' title='bbox 1670 1360 1856 1428; x_wconf 73' lang='grc' dir='ltr'>φησὶν,</span> 
     </span>
    </p>
   </div>
   <div class='ocr_carea' id='block_1_16' title="bbox 273 1439 1854 1521">
    <p class='ocr_par' dir='ltr' id='par_1_16' title="bbox 273 1439 1854 1521">
     <span class='ocr_line' id='line_1_16' title="bbox 273 1439 1854 1521; baseline 0.009 -31"><span class='ocrx_word' id='word_1_108' title='bbox 273 1439 366 1492; x_wconf 71' lang='grc' dir='ltr'>ἐὰν</span> <span class='ocrx_word' id='word_1_109' title='bbox 395 1439 472 1510; x_wconf 80' lang='grc' dir='ltr'>μὴ</span> <span class='ocrx_word' id='word_1_110' title='bbox 503 1441 535 1492; x_wconf 85' lang='grc' dir='ltr'><strong>ό</strong></span> <span class='ocrx_word' id='word_1_111' title='bbox 569 1442 760 1512; x_wconf 83' lang='grc' dir='ltr'>Πατήρ</span> <span class='ocrx_word' id='word_1_112' title='bbox 797 1458 899 1513; x_wconf 86' lang='grc' dir='ltr'><strong>μου</strong></span> <span class='ocrx_word' id='word_1_113' title='bbox 942 1445 971 1496; x_wconf 84' lang='grc' dir='ltr'><strong>ό</strong></span> <span class='ocrx_word' id='word_1_114' title='bbox 1010 1445 1231 1516; x_wconf 71' lang='grc' dir='ltr'>πέμψας</span> <span class='ocrx_word' id='word_1_115' title='bbox 1269 1465 1336 1517; x_wconf 84' lang='grc' dir='ltr'><strong>με</strong></span> <span class='ocrx_word' id='word_1_116' title='bbox 1381 1449 1584 1521; x_wconf 80' lang='grc' dir='ltr'>ἑλκύσῃ</span> <span class='ocrx_word' id='word_1_117' title='bbox 1613 1450 1797 1506; x_wconf 78' lang='grc' dir='ltr'>αὐτόν.</span> <span class='ocrx_word' id='word_1_118' title='bbox 1836 1471 1854 1504; x_wconf 73' lang='grc' dir='ltr'>ι</span> 
     </span>
    </p>
   </div>
   <div class='ocr_carea' id='block_1_17' title="bbox 275 1531 1862 1613">
    <p class='ocr_par' dir='ltr' id='par_1_17' title="bbox 275 1531 1862 1613">
     <span class='ocr_line' id='line_1_17' title="bbox 275 1531 1862 1613; baseline 0.009 -31"><span class='ocrx_word' id='word_1_119' title='bbox 275 1533 392 1585; x_wconf 86' lang='grc' dir='ltr'>’Ὶνα</span> <span class='ocrx_word' id='word_1_120' title='bbox 421 1531 607 1586; x_wconf 90' lang='grc' dir='ltr'>τοίνυν</span> <span class='ocrx_word' id='word_1_121' title='bbox 642 1533 731 1586; x_wconf 77' lang='grc' dir='ltr'><strong>διὰ</strong></span> <span class='ocrx_word' id='word_1_122' title='bbox 777 1533 979 1606; x_wconf 78' lang='grc' dir='ltr'>πάσης,</span> <span class='ocrx_word' id='word_1_123' title='bbox 1021 1536 1097 1601; x_wconf 86' lang='grc' dir='ltr'>ὼς</span> <span class='ocrx_word' id='word_1_124' title='bbox 1148 1538 1278 1602; x_wconf 77' lang='grc' dir='ltr'>ἔπος</span> <span class='ocrx_word' id='word_1_125' title='bbox 1321 1542 1514 1605; x_wconf 76' lang='grc' dir='ltr'>εἰπεῖν,</span> <span class='ocrx_word' id='word_1_126' title='bbox 1557 1541 1656 1613; x_wconf 81' lang='grc' dir='ltr'><strong>τῆς</strong></span> <span class='ocrx_word' id='word_1_127' title='bbox 1698 1544 1862 1611; x_wconf 80' lang='grc' dir='ltr'>ἀγίας</span> 
     </span>
    </p>
   </div>
   <div class='ocr_carea' id='block_1_18' title="bbox 274 1623 1860 1708">
    <p class='ocr_par' dir='ltr' id='par_1_18' title="bbox 274 1623 1860 1708">
     <span class='ocr_line' id='line_1_18' title="bbox 274 1623 1860 1708; baseline 0.01 -33"><span class='ocrx_word' id='word_1_128' title='bbox 274 1623 516 1706; x_wconf 27' lang='grc' dir='ltr'>Γραφῆς,</span> <span class='ocrx_word' id='word_1_129' title='bbox 548 1625 642 1678; x_wconf 82' lang='grc' dir='ltr'><strong>τὸν</strong></span> <span class='ocrx_word' id='word_1_130' title='bbox 687 1626 776 1680; x_wconf 77' lang='grc' dir='ltr'><strong>ἐπ’</strong></span> <span class='ocrx_word' id='word_1_131' title='bbox 807 1627 957 1698; x_wconf 84' lang='grc' dir='ltr'>αὐτῷ</span> <span class='ocrx_word' id='word_1_132' title='bbox 1006 1629 1280 1695; x_wconf 73' lang='grc' dir='ltr'><strong>συνιέντες</strong></span> <span class='ocrx_word' id='word_1_133' title='bbox 1318 1632 1496 1701; x_wconf 86' lang='grc' dir='ltr'>λόγον,</span> <span class='ocrx_word' id='word_1_134' title='bbox 1520 1635 1611 1688; x_wconf 76' lang='grc' dir='ltr'>καὶ</span> <span class='ocrx_word' id='word_1_135' title='bbox 1644 1636 1860 1708; x_wconf 88' lang='grc' dir='ltr'>ἀπλανῆ</span> 
     </span>
    </p>
   </div>
   <div class='ocr_carea' id='block_1_19' title="bbox 271 1716 1862 1796">
    <p class='ocr_par' dir='ltr' id='par_1_19' title="bbox 271 1716 1862 1796">
     <span class='ocr_line' id='line_1_19' title="bbox 271 1716 1862 1796; baseline 0.009 -30"><span class='ocrx_word' id='word_1_136' title='bbox 271 1717 367 1786; x_wconf 76' lang='grc' dir='ltr'>τὴν</span> <span class='ocrx_word' id='word_1_137' title='bbox 391 1716 580 1770; x_wconf 86' lang='grc' dir='ltr'>πίστιν</span> <span class='ocrx_word' id='word_1_138' title='bbox 608 1717 978 1786; x_wconf 81' lang='grc' dir='ltr'><strong>συλλέγοντες,</strong></span> <span class='ocrx_word' id='word_1_139' title='bbox 1005 1720 1080 1792; x_wconf 83' lang='grc' dir='ltr'>μὴ</span> <span class='ocrx_word' id='word_1_140' title='bbox 1109 1723 1232 1786; x_wconf 81' lang='grc' dir='ltr'>ταῖς</span> <span class='ocrx_word' id='word_1_141' title='bbox 1264 1724 1560 1794; x_wconf 83' lang='grc' dir='ltr'>ὲπαράτοις</span> <span class='ocrx_word' id='word_1_142' title='bbox 1587 1725 1862 1796; x_wconf 76' lang='grc' dir='ltr'>διψυχίαις</span> 
     </span>
    </p>
   </div>
   <div class='ocr_carea' id='block_1_20' title="bbox 273 1806 1863 1888">
    <p class='ocr_par' dir='ltr' id='par_1_20' title="bbox 273 1806 1863 1888">
     <span class='ocr_line' id='line_1_20' title="bbox 273 1806 1863 1888; baseline 0.009 -31"><span class='ocrx_word' id='word_1_143' title='bbox 273 1806 565 1877; x_wconf 77' lang='grc' dir='ltr'><strong>σειομένην</strong></span> <span class='ocrx_word' id='word_1_144' title='bbox 612 1807 804 1879; x_wconf 86' lang='grc' dir='ltr'>ῶσπερ</span> <span class='ocrx_word' id='word_1_145' title='bbox 845 1810 938 1863; x_wconf 77' lang='grc' dir='ltr'>καὶ</span> <span class='ocrx_word' id='word_1_146' title='bbox 1002 1813 1456 1882; x_wconf 81' lang='grc' dir='ltr'>καταμεθὺουσαν</span> <span class='ocrx_word' id='word_1_147' title='bbox 1516 1816 1730 1888; x_wconf 78' lang='grc' dir='ltr'>ἔχωμεν</span> <span class='ocrx_word' id='word_1_148' title='bbox 1765 1818 1863 1888; x_wconf 78' lang='grc' dir='ltr'>τὴν</span> 
     </span>
    </p>
   </div>
   <div class='ocr_carea' id='block_1_21' title="bbox 275 1899 1864 1978">
    <p class='ocr_par' dir='ltr' id='par_1_21' title="bbox 275 1899 1864 1978">
     <span class='ocr_line' id='line_1_21' title="bbox 275 1899 1864 1978; baseline 0.009 -28"><span class='ocrx_word' id='word_1_149' title='bbox 275 1899 502 1970; x_wconf 78' lang='grc' dir='ltr'>καρδίαν</span> <span class='ocrx_word' id='word_1_150' title='bbox 530 1915 545 1930; x_wconf 77' lang='grc' dir='ltr'><strong>ο</strong></span> <span class='ocrx_word' id='word_1_151' title='bbox 587 1901 724 1971; x_wconf 80' lang='grc' dir='ltr'>μηδὲ</span> <span class='ocrx_word' id='word_1_152' title='bbox 755 1905 866 1965; x_wconf 79' lang='grc' dir='ltr'>τοῖς</span> <span class='ocrx_word' id='word_1_153' title='bbox 915 1902 973 1967; x_wconf 77' lang='grc' dir='ltr'>ἐξ</span> <span class='ocrx_word' id='word_1_154' title='bbox 1011 1904 1252 1973; x_wconf 81' lang='grc' dir='ltr'><strong>ἀμαθίας</strong></span> <span class='ocrx_word' id='word_1_155' title='bbox 1282 1908 1705 1978; x_wconf 79' lang='grc' dir='ltr'>περιπίπτοντες</span> <span class='ocrx_word' id='word_1_156' title='bbox 1737 1911 1864 1964; x_wconf 82' lang='grc' dir='ltr'><strong>κλό⁸</strong></span> 
     </span>
    </p>
   </div>
   <div class='ocr_carea' id='block_1_22' title="bbox 272 1989 1864 2072">
    <p class='ocr_par' dir='ltr' id='par_1_22' title="bbox 272 1989 1864 2072">
     <span class='ocr_line' id='line_1_22' title="bbox 272 1989 1864 2072; baseline 0.009 -32"><span class='ocrx_word' id='word_1_157' title='bbox 272 2004 376 2049; x_wconf 81' lang='grc' dir='ltr'>νοις</span> <span class='ocrx_word' id='word_1_158' title='bbox 401 2003 418 2018; x_wconf 75' lang='grc' dir='ltr'><strong>ο</strong></span> <span class='ocrx_word' id='word_1_159' title='bbox 443 1989 635 2043; x_wconf 78' lang='grc' dir='ltr'>λοιπὸν</span> <span class='ocrx_word' id='word_1_160' title='bbox 659 1992 949 2063; x_wconf 81' lang='grc' dir='ltr'><strong>ἀκούωμεν</strong></span> <span class='ocrx_word' id='word_1_161' title='bbox 974 1993 1221 2061; x_wconf 85' lang='grc' dir='ltr'>λέγοντος</span> <span class='ocrx_word' id='word_1_162' title='bbox 1247 1995 1381 2051; x_wconf 86' lang='grc' dir='ltr'><strong>Θεοῦ</strong></span> <span class='ocrx_word' id='word_1_163' title='bbox 1405 1997 1492 2051; x_wconf 84' lang='grc' dir='ltr'><strong>διὰ</strong></span> <span class='ocrx_word' id='word_1_164' title='bbox 1517 1998 1706 2068; x_wconf 79' lang='grc' dir='ltr'>φωνῆς</span> <span class='ocrx_word' id='word_1_165' title='bbox 1731 2016 1864 2072; x_wconf 86' lang='grc' dir='ltr'>προ-</span> 
     </span>
    </p>
   </div>
   <div class='ocr_carea' id='block_1_23' title="bbox 273 2079 1864 2156">
    <p class='ocr_par' dir='ltr' id='par_1_23' title="bbox 273 2079 1864 2156">
     <span class='ocr_line' id='line_1_23' title="bbox 273 2079 1864 2156; baseline 0.008 -25"><span class='ocrx_word' id='word_1_166' title='bbox 273 2079 478 2150; x_wconf 75' lang='grc' dir='ltr'>φητῶν·</span> <span class='ocrx_word' id='word_1_167' title='bbox 517 2099 538 2132; x_wconf 76' lang='grc' dir='ltr'><strong>σ</strong></span> <span class='ocrx_word' id='word_1_168' title='bbox 575 2081 900 2153; x_wconf 79' lang='grc' dir='ltr'>Ἠγάπησαν</span> <span class='ocrx_word' id='word_1_169' title='bbox 947 2087 1116 2138; x_wconf 83' lang='grc' dir='ltr'>κινεῖν</span> <span class='ocrx_word' id='word_1_170' title='bbox 1165 2087 1334 2151; x_wconf 82' lang='grc' dir='ltr'>πόδας</span> <span class='ocrx_word' id='word_1_171' title='bbox 1376 2088 1577 2156; x_wconf 83' lang='grc' dir='ltr'>αὐτῶν,</span> <span class='ocrx_word' id='word_1_172' title='bbox 1630 2091 1723 2144; x_wconf 78' lang='grc' dir='ltr'>καὶ</span> <span class='ocrx_word' id='word_1_173' title='bbox 1765 2091 1864 2144; x_wconf 76' lang='grc' dir='ltr'><strong>οὐκ</strong></span> 
     </span>
    </p>
   </div>
   <div class='ocr_carea' id='block_1_24' title="bbox 271 2170 1857 2251">
    <p class='ocr_par' dir='ltr' id='par_1_24' title="bbox 271 2170 1857 2251">
     <span class='ocr_line' id='line_1_24' title="bbox 271 2170 1857 2251; baseline 0.007 -29"><span class='ocrx_word' id='word_1_174' title='bbox 271 2170 584 2238; x_wconf 71' lang='grc' dir='ltr'>ἐφείσαντο,</span> <span class='ocrx_word' id='word_1_175' title='bbox 617 2174 712 2226; x_wconf 72' lang='grc' dir='ltr'>καὶ</span> <span class='ocrx_word' id='word_1_176' title='bbox 760 2176 788 2226; x_wconf 87' lang='grc' dir='ltr'><strong>ό</strong></span> <span class='ocrx_word' id='word_1_177' title='bbox 833 2175 964 2238; x_wconf 84' lang='grc' dir='ltr'>Θεὸς</span> <span class='ocrx_word' id='word_1_178' title='bbox 1009 2177 1110 2229; x_wconf 77' lang='grc' dir='ltr'>οὐκ</span> <span class='ocrx_word' id='word_1_179' title='bbox 1158 2177 1463 2251; x_wconf 80' lang='grc' dir='ltr'>ηὐδόκησεν</span> <span class='ocrx_word' id='word_1_180' title='bbox 1501 2182 1560 2233; x_wconf 82' lang='grc' dir='ltr'>ὲν</span> <span class='ocrx_word' id='word_1_181' title='bbox 1592 2180 1794 2244; x_wconf 82' lang='grc' dir='ltr'>αὐτοῖς.</span> <span class='ocrx_word' id='word_1_182' title='bbox 1838 2199 1857 2233; x_wconf 70' lang='grc' dir='ltr'>ι</span> 
     </span>
    </p>
   </div>
   <div class='ocr_carea' id='block_1_25' title="bbox 272 2261 1864 2343">
    <p class='ocr_par' dir='ltr' id='par_1_25' title="bbox 272 2261 1864 2343">
     <span class='ocr_line' id='line_1_25' title="bbox 272 2261 1864 2343; baseline 0.008 -30"><span class='ocrx_word' id='word_1_183' title='bbox 272 2261 544 2333; x_wconf 78' lang='grc' dir='ltr'>Ταύτῃτοι</span> <span class='ocrx_word' id='word_1_184' title='bbox 576 2262 666 2316; x_wconf 81' lang='grc' dir='ltr'><strong>διὰ</strong></span> <span class='ocrx_word' id='word_1_185' title='bbox 717 2264 928 2335; x_wconf 87' lang='grc' dir='ltr'>μυρίων</span> <span class='ocrx_word' id='word_1_186' title='bbox 975 2267 1116 2320; x_wconf 83' lang='grc' dir='ltr'>ὅσων</span> <span class='ocrx_word' id='word_1_187' title='bbox 1167 2269 1392 2322; x_wconf 84' lang='grc' dir='ltr'>είκόνων</span> <span class='ocrx_word' id='word_1_188' title='bbox 1443 2271 1591 2340; x_wconf 78' lang='grc' dir='ltr'>ἡμᾶς</span> <span class='ocrx_word' id='word_1_189' title='bbox 1636 2272 1864 2343; x_wconf 81' lang='grc' dir='ltr'>ὲμπεδοῖ</span> 
     </span>
    </p>
   </div>
   <div class='ocr_carea' id='block_1_26' title="bbox 272 2352 1864 2434">
    <p class='ocr_par' dir='ltr' id='par_1_26' title="bbox 272 2352 1864 2434">
     <span class='ocr_line' id='line_1_26' title="bbox 272 2352 1864 2434; baseline 0.008 -31"><span class='ocrx_word' id='word_1_190' title='bbox 272 2353 404 2422; x_wconf 78' lang='grc' dir='ltr'>πρὸς</span> <span class='ocrx_word' id='word_1_191' title='bbox 427 2353 531 2424; x_wconf 76' lang='grc' dir='ltr'><strong>τὴν</strong></span> <span class='ocrx_word' id='word_1_192' title='bbox 558 2352 840 2425; x_wconf 78' lang='grc' dir='ltr'>ἀλήθειαν,</span> <span class='ocrx_word' id='word_1_193' title='bbox 864 2357 954 2408; x_wconf 67' lang='grc' dir='ltr'>καὶ</span> <span class='ocrx_word' id='word_1_194' title='bbox 973 2358 1071 2427; x_wconf 80' lang='grc' dir='ltr'>τὴν</span> <span class='ocrx_word' id='word_1_195' title='bbox 1096 2359 1182 2410; x_wconf 78' lang='grc' dir='ltr'><strong>ἐπ’</strong></span> <span class='ocrx_word' id='word_1_196' title='bbox 1204 2359 1350 2430; x_wconf 82' lang='grc' dir='ltr'>αὐτῷ</span> <span class='ocrx_word' id='word_1_197' title='bbox 1373 2359 1555 2414; x_wconf 84' lang='grc' dir='ltr'>πίστιν</span> <span class='ocrx_word' id='word_1_198' title='bbox 1576 2363 1864 2434; x_wconf 86' lang='grc' dir='ltr'>χρησίμως</span> 
     </span>
    </p>
   </div>
   <div class='ocr_carea' id='block_1_27' title="bbox 271 2444 1863 2525">
    <p class='ocr_par' dir='ltr' id='par_1_27' title="bbox 271 2444 1863 2525">
     <span class='ocr_line' id='line_1_27' title="bbox 271 2444 1863 2525; baseline 0.008 -29"><span class='ocrx_word' id='word_1_199' title='bbox 271 2444 719 2514; x_wconf 60' lang='grc' dir='ltr'>πφκατεόἀλετο</span> <span class='ocrx_word' id='word_1_200' title='bbox 741 2446 806 2498; x_wconf 85' lang='grc' dir='ltr'><strong>τά</strong></span> <span class='ocrx_word' id='word_1_201' title='bbox 827 2448 964 2501; x_wconf 86' lang='grc' dir='ltr'><strong>κατά</strong></span> <span class='ocrx_word' id='word_1_202' title='bbox 988 2450 1178 2519; x_wconf 83' lang='grc' dir='ltr'>καιρὸν</span> <span class='ocrx_word' id='word_1_203' title='bbox 1202 2465 1263 2502; x_wconf 91' lang='grc' dir='ltr'><strong>συ</strong></span> <span class='ocrx_word' id='word_1_204' title='bbox 1272 2450 1585 2521; x_wconf 72' lang='grc' dir='ltr'>μϐαίνοντα,</span> <span class='ocrx_word' id='word_1_205' title='bbox 1603 2453 1863 2525; x_wconf 89' lang='grc' dir='ltr'>λαμπράς</span> 
     </span>
    </p>
   </div>
   <div class='ocr_carea' id='block_1_28' title="bbox 269 2535 1858 2612">
    <p class='ocr_par' dir='ltr' id='par_1_28' title="bbox 269 2535 1858 2612">
     <span class='ocr_line' id='line_1_28' title="bbox 269 2535 1858 2612; baseline 0.009 -24"><span class='ocrx_word' id='word_1_206' title='bbox 269 2535 459 2607; x_wconf 83' lang='grc' dir='ltr'>ὥσπερ</span> <span class='ocrx_word' id='word_1_207' title='bbox 503 2537 784 2602; x_wconf 74' lang='grc' dir='ltr'>ἀνατιθεὶς</span> <span class='ocrx_word' id='word_1_208' title='bbox 834 2539 933 2609; x_wconf 84' lang='grc' dir='ltr'>τῆς</span> <span class='ocrx_word' id='word_1_209' title='bbox 984 2541 1072 2594; x_wconf 77' lang='grc' dir='ltr'><strong>ἐπ’</strong></span> <span class='ocrx_word' id='word_1_210' title='bbox 1124 2541 1273 2612; x_wconf 82' lang='grc' dir='ltr'>αὐτῷ</span> <span class='ocrx_word' id='word_1_211' title='bbox 1323 2544 1576 2612; x_wconf 85' lang='grc' dir='ltr'>γνώσεως</span> <span class='ocrx_word' id='word_1_212' title='bbox 1620 2546 1858 2610; x_wconf 76' lang='grc' dir='ltr'>εἰκόνας.</span> 
     </span>
    </p>
   </div>
   <div class='ocr_carea' id='block_1_29' title="bbox 273 2627 1861 2700">
    <p class='ocr_par' dir='ltr' id='par_1_29' title="bbox 273 2627 1861 2700">
     <span class='ocr_line' id='line_1_29' title="bbox 273 2627 1861 2700; baseline 0.006 -18"><span class='ocrx_word' id='word_1_213' title='bbox 273 2627 507 2700; x_wconf 78' lang='grc' dir='ltr'>Ἰδωμεν</span> <span class='ocrx_word' id='word_1_214' title='bbox 537 2631 719 2684; x_wconf 86' lang='grc' dir='ltr'>τοίνυν</span> <span class='ocrx_word' id='word_1_215' title='bbox 752 2631 846 2684; x_wconf 76' lang='grc' dir='ltr'>καὶ</span> <span class='ocrx_word' id='word_1_216' title='bbox 875 2634 932 2684; x_wconf 82' lang='grc' dir='ltr'>ὲν</span> <span class='ocrx_word' id='word_1_217' title='bbox 970 2636 1082 2696; x_wconf 84' lang='grc' dir='ltr'>τοῖς</span> <span class='ocrx_word' id='word_1_218' title='bbox 1113 2633 1254 2687; x_wconf 83' lang='grc' dir='ltr'><strong>κατά</strong></span> <span class='ocrx_word' id='word_1_219' title='bbox 1287 2636 1379 2688; x_wconf 83' lang='grc' dir='ltr'>τὸν</span> <span class='ocrx_word' id='word_1_220' title='bbox 1420 2636 1706 2691; x_wconf 79' lang='grc' dir='ltr'>θεσπέσιον</span> <span class='ocrx_word' id='word_1_221' title='bbox 1749 2640 1861 2693; x_wconf 79' lang='grc' dir='ltr'><strong>Ἰω-</strong></span> 
     </span>
    </p>
   </div>
   <div class='ocr_carea' id='block_1_30' title="bbox 270 2718 1861 2798">
    <p class='ocr_par' dir='ltr' id='par_1_30' title="bbox 270 2718 1861 2798">
     <span class='ocr_line' id='line_1_30' title="bbox 270 2718 1861 2798; baseline 0.006 -27"><span class='ocrx_word' id='word_1_222' title='bbox 270 2718 398 2788; x_wconf 62' lang='grc' dir='ltr'>σὴφ,</span> <span class='ocrx_word' id='word_1_223' title='bbox 425 2721 478 2771; x_wconf 88' lang='grc' dir='ltr'><strong>εί</strong></span> <span class='ocrx_word' id='word_1_224' title='bbox 516 2719 614 2790; x_wconf 77' lang='grc' dir='ltr'>μὴ,</span> <span class='ocrx_word' id='word_1_225' title='bbox 652 2721 790 2789; x_wconf 84' lang='grc' dir='ltr'>ὅπερ</span> <span class='ocrx_word' id='word_1_226' title='bbox 833 2720 990 2790; x_wconf 66' lang='grc' dir='ltr'>ἔφην,</span> <span class='ocrx_word' id='word_1_227' title='bbox 1014 2720 1213 2792; x_wconf 81' lang='grc' dir='ltr'>ἀληθὲς</span> <span class='ocrx_word' id='word_1_228' title='bbox 1245 2723 1312 2776; x_wconf 83' lang='grc' dir='ltr'>ἂν</span> <span class='ocrx_word' id='word_1_229' title='bbox 1363 2723 1449 2796; x_wconf 76' lang='grc' dir='ltr'>εἴη</span> <span class='ocrx_word' id='word_1_230' title='bbox 1490 2727 1672 2780; x_wconf 81' lang='grc' dir='ltr'>πάλιν.</span> <span class='ocrx_word' id='word_1_231' title='bbox 1708 2729 1861 2798; x_wconf 83' lang='grc' dir='ltr'><strong>Ἔχει</strong></span> 
     </span>
    </p>
   </div>
   <div class='ocr_carea' id='block_1_31' title="bbox 268 2809 1862 2887">
    <p class='ocr_par' dir='ltr' id='par_1_31' title="bbox 268 2809 1862 2887">
     <span class='ocr_line' id='line_1_31' title="bbox 268 2809 1862 2887; baseline 0.006 -24"><span class='ocrx_word' id='word_1_232' title='bbox 268 2809 322 2864; x_wconf 74' lang='grc' dir='ltr'><strong>δὲ</strong></span> <span class='ocrx_word' id='word_1_233' title='bbox 358 2809 542 2873; x_wconf 73' lang='grc' dir='ltr'>οὕτως</span> <span class='ocrx_word' id='word_1_234' title='bbox 577 2812 648 2865; x_wconf 76' lang='grc' dir='ltr'><strong>τὰ</strong></span> <span class='ocrx_word' id='word_1_235' title='bbox 678 2813 766 2865; x_wconf 78' lang='grc' dir='ltr'><strong>ἐπ’</strong></span> <span class='ocrx_word' id='word_1_236' title='bbox 802 2813 970 2884; x_wconf 81' lang='grc' dir='ltr'>αὐτῷ·</span> <span class='ocrx_word' id='word_1_237' title='bbox 1011 2832 1029 2865; x_wconf 89' lang='grc' dir='ltr'>ι</span> <span class='ocrx_word' id='word_1_238' title='bbox 1075 2810 1244 2868; x_wconf 77' lang='grc' dir='ltr'>Αὗται</span> <span class='ocrx_word' id='word_1_239' title='bbox 1289 2816 1347 2870; x_wconf 78' lang='grc' dir='ltr'><strong>δὲ</strong></span> <span class='ocrx_word' id='word_1_240' title='bbox 1391 2820 1446 2869; x_wconf 84' lang='grc' dir='ltr'>αἱ</span> <span class='ocrx_word' id='word_1_241' title='bbox 1481 2818 1723 2887; x_wconf 75' lang='grc' dir='ltr'>γενέσεις</span> <span class='ocrx_word' id='word_1_242' title='bbox 1759 2822 1862 2873; x_wconf 82' lang='grc' dir='ltr'><strong>Ἰα-</strong></span> 
     </span>
    </p>
   </div>
   <div class='ocr_carea' id='block_1_32' title="bbox 271 2900 1859 2978">
    <p class='ocr_par' dir='ltr' id='par_1_32' title="bbox 271 2900 1859 2978">
     <span class='ocr_line' id='line_1_32' title="bbox 271 2900 1859 2978; baseline 0.007 -27"><span class='ocrx_word' id='word_1_243' title='bbox 271 2901 407 2951; x_wconf 81' lang='grc' dir='ltr'><strong>κώὸ·</strong></span> <span class='ocrx_word' id='word_1_244' title='bbox 453 2900 661 2971; x_wconf 75' lang='grc' dir='ltr'>Ἰωσὴφ</span> <span class='ocrx_word' id='word_1_245' title='bbox 709 2901 983 2956; x_wconf 80' lang='grc' dir='ltr'>δεκαεπτὰ</span> <span class='ocrx_word' id='word_1_246' title='bbox 1036 2904 1171 2956; x_wconf 78' lang='grc' dir='ltr'>ἐτῶν</span> <span class='ocrx_word' id='word_1_247' title='bbox 1249 2906 1511 2974; x_wconf 84' lang='grc' dir='ltr'>γεγονὼς,</span> <span class='ocrx_word' id='word_1_248' title='bbox 1558 2909 1859 2978; x_wconf 85' lang='grc' dir='ltr'>ποιμαίνων</span> 
     </span>
    </p>
   </div>
   <div class='ocr_carea' id='block_1_33' title="bbox 269 2990 1855 3071">
    <p class='ocr_par' dir='ltr' id='par_1_33' title="bbox 269 2990 1855 3071">
     <span class='ocr_line' id='line_1_33' title="bbox 269 2990 1855 3071; baseline 0.006 -26"><span class='ocrx_word' id='word_1_249' title='bbox 269 2990 334 3064; x_wconf 71' lang='grc' dir='ltr'>ἦν</span> <span class='ocrx_word' id='word_1_250' title='bbox 368 2994 515 3064; x_wconf 82' lang='grc' dir='ltr'><strong>μετά</strong></span> <span class='ocrx_word' id='word_1_251' title='bbox 549 2994 658 3046; x_wconf 91' lang='grc' dir='ltr'><strong>τῶν</strong></span> <span class='ocrx_word' id='word_1_252' title='bbox 697 2995 944 3063; x_wconf 59' lang='grc' dir='ltr'>ἀδελςῶν</span> <span class='ocrx_word' id='word_1_253' title='bbox 973 2997 1135 3050; x_wconf 82' lang='grc' dir='ltr'>αὑτοῦ</span> <span class='ocrx_word' id='word_1_254' title='bbox 1169 2999 1237 3052; x_wconf 76' lang='grc' dir='ltr'>τὰ</span> <span class='ocrx_word' id='word_1_255' title='bbox 1281 2999 1550 3071; x_wconf 78' lang='grc' dir='ltr'>πρόϐατα,</span> <span class='ocrx_word' id='word_1_256' title='bbox 1600 3004 1717 3064; x_wconf 76' lang='grc' dir='ltr'>νέος</span> <span class='ocrx_word' id='word_1_257' title='bbox 1760 3001 1855 3065; x_wconf 84' lang='grc' dir='ltr'>ὢν,</span> 
     </span>
    </p>
   </div>
   <div class='ocr_carea' id='block_1_34' title="bbox 1962 538 3542 614">
    <p class='ocr_par' dir='ltr' id='par_1_34' title="bbox 1962 538 3542 614">
     <span class='ocr_line' id='line_1_34' title="bbox 1962 538 3542 614; baseline 0 -17"><span class='ocrx_word' id='word_1_258' title='bbox 1962 543 2119 597; x_wconf 89' lang='lat' dir='ltr'><strong>strati</strong></span> <span class='ocrx_word' id='word_1_259' title='bbox 2133 543 2408 612; x_wconf 88' lang='lat' dir='ltr'><strong>sapientes</strong></span> <span class='ocrx_word' id='word_1_260' title='bbox 2422 551 2585 614; x_wconf 90' lang='lat' dir='ltr'><strong>atque</strong></span> <span class='ocrx_word' id='word_1_261' title='bbox 2604 540 2881 606; x_wconf 76' lang='lat' dir='ltr'><strong>industrii,</strong></span> <span class='ocrx_word' id='word_1_262' title='bbox 2896 539 3057 610; x_wconf 62' lang='lat' dir='ltr'><strong>etjqui</strong></span> <span class='ocrx_word' id='word_1_263' title='bbox 3073 539 3326 610; x_wconf 80' lang='lat' dir='ltr'><strong>legalium</strong></span> <span class='ocrx_word' id='word_1_264' title='bbox 3338 538 3542 610; x_wconf 86' lang='lat' dir='ltr'><strong>pariter</strong></span> 
     </span>
    </p>
   </div>
   <div class='ocr_carea' id='block_1_35' title="bbox 1959 630 3538 706">
    <p class='ocr_par' dir='ltr' id='par_1_35' title="bbox 1959 630 3538 706">
     <span class='ocr_line' id='line_1_35' title="bbox 1959 630 3538 706; baseline -0.003 -15"><span class='ocrx_word' id='word_1_265' title='bbox 1959 643 2016 691; x_wconf 91' lang='lat' dir='ltr'><strong>et</strong></span> <span class='ocrx_word' id='word_1_266' title='bbox 2062 635 2514 706; x_wconf 85' lang='lat' dir='ltr'><strong>propheticorum</strong></span> <span class='ocrx_word' id='word_1_267' title='bbox 2549 633 2881 704; x_wconf 91' lang='lat' dir='ltr'><strong>scriptorum</strong></span> <span class='ocrx_word' id='word_1_268' title='bbox 2917 641 3046 686; x_wconf 90' lang='lat' dir='ltr'><strong>sunt</strong></span> <span class='ocrx_word' id='word_1_269' title='bbox 3077 631 3261 702; x_wconf 89' lang='lat' dir='ltr'><strong>periti.</strong></span> <span class='ocrx_word' id='word_1_270' title='bbox 3295 630 3451 686; x_wconf 86' lang='lat' dir='ltr'><strong>Unde</strong></span> <span class='ocrx_word' id='word_1_271' title='bbox 3480 639 3538 688; x_wconf 90' lang='lat' dir='ltr'><strong>et</strong></span> 
     </span>
    </p>
   </div>
   <div class='ocr_carea' id='block_1_36' title="bbox 1960 720 3541 794">
    <p class='ocr_par' dir='ltr' id='par_1_36' title="bbox 1960 720 3541 794">
     <span class='ocr_line' id='line_1_36' title="bbox 1960 720 3541 794; baseline -0.003 -12"><span class='ocrx_word' id='word_1_272' title='bbox 1960 725 2184 782; x_wconf 90' lang='lat' dir='ltr'><strong>divinus</strong></span> <span class='ocrx_word' id='word_1_273' title='bbox 2203 727 2402 782; x_wconf 81' lang='lat' dir='ltr'><strong>Petrus</strong></span> <span class='ocrx_word' id='word_1_274' title='bbox 2416 725 2671 794; x_wconf 82' lang='lat' dir='ltr'><strong>princeps</strong></span> <span class='ocrx_word' id='word_1_275' title='bbox 2694 721 3110 792; x_wconf 89' lang='lat' dir='ltr'><strong>discipulorum,</strong></span> <span class='ocrx_word' id='word_1_276' title='bbox 3125 722 3356 790; x_wconf 88' lang='lat' dir='ltr'><strong>aliisque</strong></span> <span class='ocrx_word' id='word_1_277' title='bbox 3382 720 3541 793; x_wconf 82' lang='lat' dir='ltr'><strong>longe</strong></span> 
     </span>
    </p>
   </div>
   <div class='ocr_carea' id='block_1_37' title="bbox 1920 819 3543 894">
    <p class='ocr_par' dir='ltr' id='par_1_37' title="bbox 1920 819 3543 894">
     <span class='ocr_line' id='line_1_37' title="bbox 1920 819 3543 894; baseline -0.002 -17"><span class='ocrx_word' id='word_1_278' title='bbox 1920 845 1922 847; x_wconf 49' lang='grc' dir='ltr'><strong>ν</strong></span> <span class='ocrx_word' id='word_1_279' title='bbox 1959 820 2236 891; x_wconf 71' lang='lat' dir='ltr'><strong>mperior,</strong></span> <span class='ocrx_word' id='word_1_280' title='bbox 2262 821 2546 890; x_wconf 84' lang='lat' dir='ltr'><strong>professus</strong></span> <span class='ocrx_word' id='word_1_281' title='bbox 2568 821 2790 894; x_wconf 90' lang='lat' dir='ltr'><strong>quidem</strong></span> <span class='ocrx_word' id='word_1_282' title='bbox 2814 832 2898 878; x_wconf 90' lang='lat' dir='ltr'><strong>est</strong></span> <span class='ocrx_word' id='word_1_283' title='bbox 2928 823 3090 878; x_wconf 91' lang='lat' dir='ltr'><strong>ﬁdem</strong></span> <span class='ocrx_word' id='word_1_284' title='bbox 3128 832 3306 888; x_wconf 87' lang='lat' dir='ltr'><strong>recte;</strong></span> <span class='ocrx_word' id='word_1_285' title='bbox 3330 819 3543 875; x_wconf 85' lang='lat' dir='ltr'><strong>audivit</strong></span> 
     </span>
    </p>
   </div>
   <div class='ocr_carea' id='block_1_38' title="bbox 1959 910 3540 987">
    <p class='ocr_par' dir='ltr' id='par_1_38' title="bbox 1959 910 3540 987">
     <span class='ocr_line' id='line_1_38' title="bbox 1959 910 3540 987; baseline 0 -21"><span class='ocrx_word' id='word_1_286' title='bbox 1959 927 2094 966; x_wconf 86' lang='lat' dir='ltr'><strong>vero</strong></span> <span class='ocrx_word' id='word_1_287' title='bbox 2116 927 2147 966; x_wconf 88' lang='lat' dir='ltr'><strong>a</strong></span> <span class='ocrx_word' id='word_1_288' title='bbox 2180 912 2401 987; x_wconf 87' lang='lat' dir='ltr'><strong>Christo</strong></span> <span class='ocrx_word' id='word_1_289' title='bbox 2429 933 2440 967; x_wconf 92' lang='lat'>:</span> <span class='ocrx_word' id='word_1_290' title='bbox 2482 935 2498 967; x_wconf 77' lang='grc' dir='ltr'><strong>ι</strong></span> <span class='ocrx_word' id='word_1_291' title='bbox 2524 914 2721 970; x_wconf 82' lang='lat' dir='ltr'><strong>Beatus</strong></span> <span class='ocrx_word' id='word_1_292' title='bbox 2751 931 2832 978; x_wconf 87' lang='lat' dir='ltr'><strong>es,</strong></span> <span class='ocrx_word' id='word_1_293' title='bbox 2861 914 3049 970; x_wconf 88' lang='lat' dir='ltr'><strong>Simon</strong></span> <span class='ocrx_word' id='word_1_294' title='bbox 3087 911 3378 976; x_wconf 89' lang='lat' dir='ltr'><strong>Bar-Iona,</strong></span> <span class='ocrx_word' id='word_1_295' title='bbox 3411 910 3540 981; x_wconf 88' lang='lat' dir='ltr'><strong>quia</strong></span> 
     </span>
    </p>
   </div>
   <div class='ocr_carea' id='block_1_39' title="bbox 1961 1004 3542 1076">
    <p class='ocr_par' dir='ltr' id='par_1_39' title="bbox 1961 1004 3542 1076">
     <span class='ocr_line' id='line_1_39' title="bbox 1961 1004 3542 1076; baseline -0.003 -16"><span class='ocrx_word' id='word_1_296' title='bbox 1961 1020 2090 1060; x_wconf 90' lang='lat' dir='ltr'><strong>caro</strong></span> <span class='ocrx_word' id='word_1_297' title='bbox 2118 1011 2173 1058; x_wconf 90' lang='lat' dir='ltr'><strong>et</strong></span> <span class='ocrx_word' id='word_1_298' title='bbox 2210 1006 2434 1076; x_wconf 82' lang='lat' dir='ltr'><strong>sanguis</strong></span> <span class='ocrx_word' id='word_1_299' title='bbox 2458 1023 2568 1062; x_wconf 92' lang='lat' dir='ltr'><strong>non</strong></span> <span class='ocrx_word' id='word_1_300' title='bbox 2594 1007 2857 1062; x_wconf 86' lang='lat' dir='ltr'><strong>revelavit</strong></span> <span class='ocrx_word' id='word_1_301' title='bbox 2891 1004 3015 1069; x_wconf 89' lang='lat' dir='ltr'><strong>tibi,</strong></span> <span class='ocrx_word' id='word_1_302' title='bbox 3057 1004 3152 1060; x_wconf 87' lang='lat' dir='ltr'><strong>sed</strong></span> <span class='ocrx_word' id='word_1_303' title='bbox 3181 1004 3343 1059; x_wconf 86' lang='lat' dir='ltr'><strong>Pater</strong></span> <span class='ocrx_word' id='word_1_304' title='bbox 3386 1018 3542 1057; x_wconf 88' lang='lat' dir='ltr'><strong>meus</strong></span> 
     </span>
    </p>
   </div>
   <div class='ocr_carea' id='block_1_40' title="bbox 1961 1093 3541 1166">
    <p class='ocr_par' dir='ltr' id='par_1_40' title="bbox 1961 1093 3541 1166">
     <span class='ocr_line' id='line_1_40' title="bbox 1961 1093 3541 1166; baseline -0.002 -16"><span class='ocrx_word' id='word_1_305' title='bbox 1961 1097 2054 1166; x_wconf 91' lang='lat' dir='ltr'><strong>qui</strong></span> <span class='ocrx_word' id='word_1_306' title='bbox 2086 1104 2171 1151; x_wconf 92' lang='lat' dir='ltr'><strong>est</strong></span> <span class='ocrx_word' id='word_1_307' title='bbox 2215 1093 2270 1150; x_wconf 93' lang='lat' dir='ltr'><strong>in</strong></span> <span class='ocrx_word' id='word_1_308' title='bbox 2318 1098 2471 1153; x_wconf 77' lang='lat' dir='ltr'><strong>ccelis</strong></span> <span class='ocrx_word' id='word_1_309' title='bbox 2509 1097 2574 1153; x_wconf 83' lang='grc'><strong>⁸⁸.</strong></span> <span class='ocrx_word' id='word_1_310' title='bbox 2612 1118 2629 1149; x_wconf 78' lang='grc' dir='ltr'>ι</span> <span class='ocrx_word' id='word_1_311' title='bbox 2683 1097 2914 1153; x_wconf 84' lang='lat' dir='ltr'><strong>Instruit</strong></span> <span class='ocrx_word' id='word_1_312' title='bbox 2955 1097 3100 1152; x_wconf 90' lang='lat' dir='ltr'><strong>enim</strong></span> <span class='ocrx_word' id='word_1_313' title='bbox 3145 1111 3246 1149; x_wconf 90' lang='lat' dir='ltr'><strong>nos</strong></span> <span class='ocrx_word' id='word_1_314' title='bbox 3293 1094 3438 1149; x_wconf 88' lang='lat' dir='ltr'><strong>Deus</strong></span> <span class='ocrx_word' id='word_1_315' title='bbox 3477 1108 3541 1147; x_wconf 91' lang='lat' dir='ltr'><strong>ac</strong></span> 
     </span>
    </p>
   </div>
   <div class='ocr_carea' id='block_1_41' title="bbox 1961 1183 3541 1259">
    <p class='ocr_par' dir='ltr' id='par_1_41' title="bbox 1961 1183 3541 1259">
     <span class='ocr_line' id='line_1_41' title="bbox 1961 1183 3541 1259; baseline -0.001 -19"><span class='ocrx_word' id='word_1_316' title='bbox 1961 1185 2124 1240; x_wconf 87' lang='lat' dir='ltr'><strong>Pater</strong></span> <span class='ocrx_word' id='word_1_317' title='bbox 2153 1198 2404 1241; x_wconf 86' lang='lat' dir='ltr'><strong>sermone</strong></span> <span class='ocrx_word' id='word_1_318' title='bbox 2423 1187 2490 1242; x_wconf 88' lang='lat' dir='ltr'><strong>de</strong></span> <span class='ocrx_word' id='word_1_319' title='bbox 2511 1188 2672 1254; x_wconf 86' lang='lat' dir='ltr'><strong>Filio,</strong></span> <span class='ocrx_word' id='word_1_320' title='bbox 2695 1199 2860 1259; x_wconf 90' lang='lat' dir='ltr'><strong>atque</strong></span> <span class='ocrx_word' id='word_1_321' title='bbox 2889 1188 2964 1242; x_wconf 89' lang='lat' dir='ltr'><strong>ita</strong></span> <span class='ocrx_word' id='word_1_322' title='bbox 2989 1185 3280 1248; x_wconf 85' lang='lat' dir='ltr'><strong>instaurat,</strong></span> <span class='ocrx_word' id='word_1_323' title='bbox 3302 1183 3541 1238; x_wconf 78' lang='lat' dir='ltr'><strong>offerens</strong></span> 
     </span>
    </p>
   </div>
   <div class='ocr_carea' id='block_1_42' title="bbox 1962 1274 3541 1350">
    <p class='ocr_par' dir='ltr' id='par_1_42' title="bbox 1962 1274 3541 1350">
     <span class='ocr_line' id='line_1_42' title="bbox 1962 1274 3541 1350; baseline 0 -20"><span class='ocrx_word' id='word_1_324' title='bbox 1962 1291 2064 1331; x_wconf 92' lang='lat' dir='ltr'><strong>nos</strong></span> <span class='ocrx_word' id='word_1_325' title='bbox 2087 1276 2188 1347; x_wconf 91' lang='lat' dir='ltr'><strong>ipsi</strong></span> <span class='ocrx_word' id='word_1_326' title='bbox 2211 1286 2272 1333; x_wconf 92' lang='lat' dir='ltr'><strong>ut</strong></span> <span class='ocrx_word' id='word_1_327' title='bbox 2295 1277 2563 1334; x_wconf 83' lang='lat' dir='ltr'><strong>Salvatori</strong></span> <span class='ocrx_word' id='word_1_328' title='bbox 2587 1289 2748 1350; x_wconf 91' lang='lat' dir='ltr'><strong>atque</strong></span> <span class='ocrx_word' id='word_1_329' title='bbox 2767 1277 3142 1348; x_wconf 82' lang='lat' dir='ltr'><strong>Redemptori.</strong></span> <span class='ocrx_word' id='word_1_330' title='bbox 3171 1295 3188 1327; x_wconf 82' lang='grc' dir='ltr'><strong>ι</strong></span> <span class='ocrx_word' id='word_1_331' title='bbox 3206 1275 3376 1329; x_wconf 84' lang='lat' dir='ltr'><strong>Nemo</strong></span> <span class='ocrx_word' id='word_1_332' title='bbox 3393 1274 3541 1330; x_wconf 89' lang='lat' dir='ltr'><strong>enim</strong></span> 
     </span>
    </p>
   </div>
   <div class='ocr_carea' id='block_1_43' title="bbox 1961 1364 3541 1438">
    <p class='ocr_par' dir='ltr' id='par_1_43' title="bbox 1961 1364 3541 1438">
     <span class='ocr_line' id='line_1_43' title="bbox 1961 1364 3541 1438; baseline -0.001 -19"><span class='ocrx_word' id='word_1_333' title='bbox 1961 1367 2112 1420; x_wconf 85' lang='lat' dir='ltr'><strong>venit</strong></span> <span class='ocrx_word' id='word_1_334' title='bbox 2136 1367 2203 1421; x_wconf 87' lang='lat' dir='ltr'><strong>ad</strong></span> <span class='ocrx_word' id='word_1_335' title='bbox 2241 1383 2348 1432; x_wconf 93' lang='lat' dir='ltr'><strong>me,</strong></span> <span class='ocrx_word' id='word_1_336' title='bbox 2377 1367 2576 1438; x_wconf 87' lang='lat' dir='ltr'><strong>inquit,</strong></span> <span class='ocrx_word' id='word_1_337' title='bbox 2599 1369 2706 1424; x_wconf 91' lang='lat' dir='ltr'><strong>nisi</strong></span> <span class='ocrx_word' id='word_1_338' title='bbox 2740 1367 2898 1424; x_wconf 86' lang='lat' dir='ltr'><strong>Pater</strong></span> <span class='ocrx_word' id='word_1_339' title='bbox 2938 1382 3094 1422; x_wconf 90' lang='lat' dir='ltr'><strong>meus</strong></span> <span class='ocrx_word' id='word_1_340' title='bbox 3134 1366 3227 1436; x_wconf 88' lang='lat' dir='ltr'><strong>qui</strong></span> <span class='ocrx_word' id='word_1_341' title='bbox 3265 1364 3417 1419; x_wconf 88' lang='lat' dir='ltr'><strong>misit</strong></span> <span class='ocrx_word' id='word_1_342' title='bbox 3454 1379 3541 1418; x_wconf 86' lang='lat' dir='ltr'><strong>me</strong></span> 
     </span>
    </p>
   </div>
   <div class='ocr_carea' id='block_1_44' title="bbox 1965 1453 3537 1529">
    <p class='ocr_par' dir='ltr' id='par_1_44' title="bbox 1965 1453 3537 1529">
     <span class='ocr_line' id='line_1_44' title="bbox 1965 1453 3537 1529; baseline -0.003 -18"><span class='ocrx_word' id='word_1_343' title='bbox 1965 1458 2147 1512; x_wconf 83' lang='lat' dir='ltr'><strong>trahat</strong></span> <span class='ocrx_word' id='word_1_344' title='bbox 2175 1474 2302 1512; x_wconf 90' lang='lat' dir='ltr'><strong>eum</strong></span> <span class='ocrx_word' id='word_1_345' title='bbox 2329 1459 2425 1511; x_wconf 76' lang='grc'><strong>³⁷.»</strong></span> <span class='ocrx_word' id='word_1_346' title='bbox 2452 1457 2522 1516; x_wconf 89' lang='lat' dir='ltr'><strong>Ut</strong></span> <span class='ocrx_word' id='word_1_347' title='bbox 2554 1458 2738 1528; x_wconf 85' lang='lat' dir='ltr'><strong>itaque</strong></span> <span class='ocrx_word' id='word_1_348' title='bbox 2761 1475 2857 1529; x_wconf 91' lang='lat' dir='ltr'><strong>per</strong></span> <span class='ocrx_word' id='word_1_349' title='bbox 2882 1473 3124 1520; x_wconf 91' lang='lat' dir='ltr'><strong>omnem,</strong></span> <span class='ocrx_word' id='word_1_350' title='bbox 3148 1465 3209 1509; x_wconf 92' lang='lat' dir='ltr'><strong>ut</strong></span> <span class='ocrx_word' id='word_1_351' title='bbox 3238 1456 3311 1510; x_wconf 90' lang='lat' dir='ltr'><strong>ita</strong></span> <span class='ocrx_word' id='word_1_352' title='bbox 3335 1453 3537 1517; x_wconf 91' lang='lat' dir='ltr'><strong>dicam,</strong></span> 
     </span>
    </p>
   </div>
   <div class='ocr_carea' id='block_1_45' title="bbox 1963 1545 3538 1619">
    <p class='ocr_par' dir='ltr' id='par_1_45' title="bbox 1963 1545 3538 1619">
     <span class='ocr_line' id='line_1_45' title="bbox 1963 1545 3538 1619; baseline -0.003 -17"><span class='ocrx_word' id='word_1_353' title='bbox 1963 1564 2172 1603; x_wconf 89' lang='lat' dir='ltr'><strong>sacram</strong></span> <span class='ocrx_word' id='word_1_354' title='bbox 2197 1549 2560 1619; x_wconf 88' lang='lat' dir='ltr'><strong>Scripturam,</strong></span> <span class='ocrx_word' id='word_1_355' title='bbox 2587 1563 2896 1605; x_wconf 86' lang='lat' dir='ltr'><strong>sermonem</strong></span> <span class='ocrx_word' id='word_1_356' title='bbox 2919 1550 2986 1604; x_wconf 89' lang='lat' dir='ltr'><strong>de</strong></span> <span class='ocrx_word' id='word_1_357' title='bbox 3007 1548 3126 1617; x_wconf 91' lang='lat' dir='ltr'><strong>ipso</strong></span> <span class='ocrx_word' id='word_1_358' title='bbox 3149 1545 3538 1616; x_wconf 87' lang='lat' dir='ltr'><strong>intelligentes,</strong></span> 
     </span>
    </p>
   </div>
   <div class='ocr_carea' id='block_1_46' title="bbox 1963 1635 3542 1710">
    <p class='ocr_par' dir='ltr' id='par_1_46' title="bbox 1963 1635 3542 1710">
     <span class='ocr_line' id='line_1_46' title="bbox 1963 1635 3542 1710; baseline -0.001 -19"><span class='ocrx_word' id='word_1_359' title='bbox 1963 1653 2027 1693; x_wconf 91' lang='lat' dir='ltr'><strong>ac</strong></span> <span class='ocrx_word' id='word_1_360' title='bbox 2072 1639 2344 1694; x_wconf 87' lang='lat' dir='ltr'><strong>sinceram</strong></span> <span class='ocrx_word' id='word_1_361' title='bbox 2414 1640 2578 1695; x_wconf 86' lang='lat' dir='ltr'><strong>ﬁdem</strong></span> <span class='ocrx_word' id='word_1_362' title='bbox 2636 1639 2976 1710; x_wconf 79' lang='lat' dir='ltr'><strong>colligentes,</strong></span> <span class='ocrx_word' id='word_1_363' title='bbox 3034 1654 3146 1692; x_wconf 91' lang='lat' dir='ltr'><strong>non</strong></span> <span class='ocrx_word' id='word_1_364' title='bbox 3230 1635 3542 1691; x_wconf 85' lang='lat' dir='ltr'><strong>detestabili</strong></span> 
     </span>
    </p>
   </div>
   <div class='ocr_carea' id='block_1_47' title="bbox 1948 1728 3542 1802">
    <p class='ocr_par' dir='ltr' id='par_1_47' title="bbox 1948 1728 3542 1802">
     <span class='ocr_line' id='line_1_47' title="bbox 1948 1728 3542 1802; baseline -0.001 -18"><span class='ocrx_word' id='word_1_365' title='bbox 1948 1731 2132 1785; x_wconf 81' lang='lat' dir='ltr'><strong>animi</strong></span> <span class='ocrx_word' id='word_1_366' title='bbox 2173 1731 2493 1801; x_wconf 90' lang='lat' dir='ltr'><strong>duplicitate</strong></span> <span class='ocrx_word' id='word_1_367' title='bbox 2523 1731 2784 1787; x_wconf 77' lang='lat' dir='ltr'><strong>vacillans</strong></span> <span class='ocrx_word' id='word_1_368' title='bbox 2811 1729 3215 1802; x_wconf 90' lang='lat' dir='ltr'><strong>quodammodo</strong></span> <span class='ocrx_word' id='word_1_369' title='bbox 3245 1739 3301 1783; x_wconf 91' lang='lat' dir='ltr'><strong>et</strong></span> <span class='ocrx_word' id='word_1_370' title='bbox 3323 1728 3542 1783; x_wconf 89' lang='lat' dir='ltr'><strong>ebrium</strong></span> 
     </span>
    </p>
   </div>
   <div class='ocr_carea' id='block_1_48' title="bbox 1965 1819 3539 1893">
    <p class='ocr_par' dir='ltr' id='par_1_48' title="bbox 1965 1819 3539 1893">
     <span class='ocr_line' id='line_1_48' title="bbox 1965 1819 3539 1893; baseline -0.003 -18"><span class='ocrx_word' id='word_1_371' title='bbox 1965 1837 2061 1875; x_wconf 92' lang='lat' dir='ltr'><strong>cor</strong></span> <span class='ocrx_word' id='word_1_372' title='bbox 2083 1821 2404 1885; x_wconf 86' lang='lat' dir='ltr'><strong>habeamus.</strong></span> <span class='ocrx_word' id='word_1_373' title='bbox 2430 1837 2608 1892; x_wconf 91' lang='lat' dir='ltr'><strong>neque</strong></span> <span class='ocrx_word' id='word_1_374' title='bbox 2646 1821 2970 1893; x_wconf 65' lang='lat' dir='ltr'><strong>ignorantia:</strong></span> <span class='ocrx_word' id='word_1_375' title='bbox 2996 1821 3216 1876; x_wconf 89' lang='lat' dir='ltr'><strong>turbine</strong></span> <span class='ocrx_word' id='word_1_376' title='bbox 3240 1819 3539 1889; x_wconf 87' lang='lat' dir='ltr'><strong>rapiamur,</strong></span> 
     </span>
    </p>
   </div>
   <div class='ocr_carea' id='block_1_49' title="bbox 1965 1909 3538 1983">
    <p class='ocr_par' dir='ltr' id='par_1_49' title="bbox 1965 1909 3538 1983">
     <span class='ocr_line' id='line_1_49' title="bbox 1965 1909 3538 1983; baseline -0.004 -15"><span class='ocrx_word' id='word_1_377' title='bbox 1965 1913 2255 1968; x_wconf 85' lang='lat' dir='ltr'><strong>audiamus</strong></span> <span class='ocrx_word' id='word_1_378' title='bbox 2270 1914 2440 1967; x_wconf 91' lang='lat' dir='ltr'><strong>Deum</strong></span> <span class='ocrx_word' id='word_1_379' title='bbox 2460 1929 2556 1983; x_wconf 90' lang='lat' dir='ltr'><strong>per</strong></span> <span class='ocrx_word' id='word_1_380' title='bbox 2587 1929 2775 1968; x_wconf 88' lang='lat' dir='ltr'><strong>vocem</strong></span> <span class='ocrx_word' id='word_1_381' title='bbox 2805 1913 3200 1983; x_wconf 86' lang='lat' dir='ltr'><strong>prophetarum</strong></span> <span class='ocrx_word' id='word_1_382' title='bbox 3226 1909 3499 1964; x_wconf 86' lang='lat' dir='ltr'><strong>dicentem</strong></span> <span class='ocrx_word' id='word_1_383' title='bbox 3526 1926 3538 1961; x_wconf 93' lang='lat'>:</span> 
     </span>
    </p>
   </div>
   <div class='ocr_carea' id='block_1_50' title="bbox 1973 2005 3541 2074">
    <p class='ocr_par' dir='ltr' id='par_1_50' title="bbox 1973 2005 3541 2074">
     <span class='ocr_line' id='line_1_50' title="bbox 1973 2005 3541 2074; baseline -0.002 -17"><span class='ocrx_word' id='word_1_384' title='bbox 1973 2023 1990 2056; x_wconf 78' lang='grc' dir='ltr'><strong>ι</strong></span> <span class='ocrx_word' id='word_1_385' title='bbox 2018 2005 2340 2059; x_wconf 83' lang='lat' dir='ltr'><strong>Dilexerunt</strong></span> <span class='ocrx_word' id='word_1_386' title='bbox 2377 2019 2599 2060; x_wconf 88' lang='lat' dir='ltr'><strong>movere</strong></span> <span class='ocrx_word' id='word_1_387' title='bbox 2646 2005 2814 2074; x_wconf 88' lang='lat' dir='ltr'><strong>pedes</strong></span> <span class='ocrx_word' id='word_1_388' title='bbox 2851 2019 3000 2069; x_wconf 92' lang='lat' dir='ltr'><strong>suos,</strong></span> <span class='ocrx_word' id='word_1_389' title='bbox 3039 2013 3095 2058; x_wconf 90' lang='lat' dir='ltr'><strong>et</strong></span> <span class='ocrx_word' id='word_1_390' title='bbox 3136 2019 3246 2057; x_wconf 92' lang='lat' dir='ltr'><strong>non</strong></span> <span class='ocrx_word' id='word_1_391' title='bbox 3278 2015 3541 2072; x_wconf 85' lang='lat' dir='ltr'><strong>peperce-</strong></span> 
     </span>
    </p>
   </div>
   <div class='ocr_carea' id='block_1_51' title="bbox 1965 2092 3543 2166">
    <p class='ocr_par' dir='ltr' id='par_1_51' title="bbox 1965 2092 3543 2166">
     <span class='ocr_line' id='line_1_51' title="bbox 1965 2092 3543 2166; baseline -0.003 -17"><span class='ocrx_word' id='word_1_392' title='bbox 1965 2105 2114 2160; x_wconf 85' lang='lat' dir='ltr'><strong>runt,</strong></span> <span class='ocrx_word' id='word_1_393' title='bbox 2144 2105 2199 2150; x_wconf 90' lang='lat' dir='ltr'><strong>et</strong></span> <span class='ocrx_word' id='word_1_394' title='bbox 2224 2096 2370 2151; x_wconf 86' lang='lat' dir='ltr'><strong>Deus</strong></span> <span class='ocrx_word' id='word_1_395' title='bbox 2405 2111 2514 2151; x_wconf 90' lang='lat' dir='ltr'><strong>non</strong></span> <span class='ocrx_word' id='word_1_396' title='bbox 2539 2095 2870 2166; x_wconf 87' lang='lat' dir='ltr'><strong>complacuit</strong></span> <span class='ocrx_word' id='word_1_397' title='bbox 2893 2095 2996 2149; x_wconf 84' lang='lat' dir='ltr'><strong>sibi</strong></span> <span class='ocrx_word' id='word_1_398' title='bbox 3022 2095 3076 2149; x_wconf 86' lang='lat' dir='ltr'><strong>in</strong></span> <span class='ocrx_word' id='word_1_399' title='bbox 3101 2095 3182 2150; x_wconf 85' lang='lat' dir='ltr'><strong>eis</strong></span> <span class='ocrx_word' id='word_1_400' title='bbox 3205 2095 3302 2147; x_wconf 77' lang='grc'><strong>⁸⁸.»</strong></span> <span class='ocrx_word' id='word_1_401' title='bbox 3330 2092 3543 2147; x_wconf 82' lang='lat' dir='ltr'><strong>idcirco</strong></span> 
     </span>
    </p>
   </div>
   <div class='ocr_carea' id='block_1_52' title="bbox 1962 2175 3543 2256">
    <p class='ocr_par' dir='ltr' id='par_1_52' title="bbox 1962 2175 3543 2256">
     <span class='ocr_line' id='line_1_52' title="bbox 1962 2175 3543 2256; baseline -0.006 -16"><span class='ocrx_word' id='word_1_402' title='bbox 1962 2201 2062 2256; x_wconf 90' lang='lat' dir='ltr'><strong>per</strong></span> <span class='ocrx_word' id='word_1_403' title='bbox 2099 2185 2530 2240; x_wconf 88' lang='lat' dir='ltr'><strong>innumerabiles</strong></span> <span class='ocrx_word' id='word_1_404' title='bbox 2559 2183 2824 2254; x_wconf 85' lang='lat' dir='ltr'><strong>imagines</strong></span> <span class='ocrx_word' id='word_1_405' title='bbox 2846 2198 2909 2237; x_wconf 86' lang='lat' dir='ltr'><strong>ac</strong></span> <span class='ocrx_word' id='word_1_406' title='bbox 2934 2181 3133 2252; x_wconf 88' lang='lat' dir='ltr'><strong>ﬁguras</strong></span> <span class='ocrx_word' id='word_1_407' title='bbox 3169 2196 3269 2235; x_wconf 92' lang='lat' dir='ltr'><strong>nos</strong></span> <span class='ocrx_word' id='word_1_408' title='bbox 3303 2178 3368 2233; x_wconf 86' lang='lat' dir='ltr'><strong>ad</strong></span> <span class='ocrx_word' id='word_1_409' title='bbox 3395 2175 3543 2232; x_wconf 78' lang='lat' dir='ltr'><strong>veri-</strong></span> 
     </span>
    </p>
   </div>
   <div class='ocr_carea' id='block_1_53' title="bbox 1961 2273 3544 2348">
    <p class='ocr_par' dir='ltr' id='par_1_53' title="bbox 1961 2273 3544 2348">
     <span class='ocr_line' id='line_1_53' title="bbox 1961 2273 3544 2348; baseline -0.008 -16"><span class='ocrx_word' id='word_1_410' title='bbox 1961 2285 2131 2332; x_wconf 88' lang='lat' dir='ltr'><strong>tatem</strong></span> <span class='ocrx_word' id='word_1_411' title='bbox 2156 2277 2468 2342; x_wconf 84' lang='lat' dir='ltr'><strong>conﬁrmat,</strong></span> <span class='ocrx_word' id='word_1_412' title='bbox 2491 2277 2762 2348; x_wconf 88' lang='lat' dir='ltr'><strong>ﬁdemque</strong></span> <span class='ocrx_word' id='word_1_413' title='bbox 2783 2277 2837 2331; x_wconf 88' lang='lat' dir='ltr'><strong>in</strong></span> <span class='ocrx_word' id='word_1_414' title='bbox 2863 2277 3042 2347; x_wconf 90' lang='lat' dir='ltr'><strong>ipsum</strong></span> <span class='ocrx_word' id='word_1_415' title='bbox 3065 2273 3277 2328; x_wconf 88' lang='lat' dir='ltr'><strong>utiliter</strong></span> <span class='ocrx_word' id='word_1_416' title='bbox 3299 2277 3544 2341; x_wconf 62' lang='lat' dir='ltr'><strong>praestat,</strong></span> 
     </span>
    </p>
   </div>
   <div class='ocr_carea' id='block_1_54' title="bbox 1962 2364 3547 2442">
    <p class='ocr_par' dir='ltr' id='par_1_54' title="bbox 1962 2364 3547 2442">
     <span class='ocr_line' id='line_1_54' title="bbox 1962 2364 3547 2442; baseline -0.01 -9"><span class='ocrx_word' id='word_1_417' title='bbox 1962 2386 2026 2425; x_wconf 75' lang='lat' dir='ltr'><strong>ea</strong></span> <span class='ocrx_word' id='word_1_418' title='bbox 2059 2386 2180 2439; x_wconf 68' lang='lat' dir='ltr'><strong>quae</strong></span> <span class='ocrx_word' id='word_1_419' title='bbox 2215 2387 2314 2441; x_wconf 90' lang='lat' dir='ltr'><strong>per</strong></span> <span class='ocrx_word' id='word_1_420' title='bbox 2355 2381 2572 2442; x_wconf 91' lang='lat' dir='ltr'><strong>tempus</strong></span> <span class='ocrx_word' id='word_1_421' title='bbox 2601 2373 2946 2435; x_wconf 91' lang='lat' dir='ltr'><strong>acciderunt,</strong></span> <span class='ocrx_word' id='word_1_422' title='bbox 2989 2371 3170 2426; x_wconf 89' lang='lat' dir='ltr'><strong>claros</strong></span> <span class='ocrx_word' id='word_1_423' title='bbox 3212 2364 3547 2438; x_wconf 84' lang='lat' dir='ltr'><strong>cognitionis</strong></span> 
     </span>
    </p>
   </div>
   <div class='ocr_carea' id='block_1_55' title="bbox 1962 2454 3546 2534">
    <p class='ocr_par' dir='ltr' id='par_1_55' title="bbox 1962 2454 3546 2534">
     <span class='ocr_line' id='line_1_55' title="bbox 1962 2454 3546 2534; baseline -0.005 -19"><span class='ocrx_word' id='word_1_424' title='bbox 1962 2461 2030 2516; x_wconf 90' lang='lat' dir='ltr'><strong>de</strong></span> <span class='ocrx_word' id='word_1_425' title='bbox 2064 2463 2182 2532; x_wconf 93' lang='lat' dir='ltr'><strong>ipso</strong></span> <span class='ocrx_word' id='word_1_426' title='bbox 2225 2469 2385 2534; x_wconf 84' lang='lat' dir='ltr'><strong>typos</strong></span> <span class='ocrx_word' id='word_1_427' title='bbox 2423 2454 2788 2517; x_wconf 66' lang='lat' dir='ltr'><strong>constituens.</strong></span> <span class='ocrx_word' id='word_1_428' title='bbox 2822 2461 3120 2517; x_wconf 76' lang='lat' dir='ltr'><strong>Videamus</strong></span> <span class='ocrx_word' id='word_1_429' title='bbox 3157 2458 3341 2526; x_wconf 88' lang='lat' dir='ltr'><strong>itaque</strong></span> <span class='ocrx_word' id='word_1_430' title='bbox 3381 2454 3546 2509; x_wconf 91' lang='lat' dir='ltr'><strong>etiam</strong></span> 
     </span>
    </p>
   </div>
   <div class='ocr_carea' id='block_1_56' title="bbox 1963 2543 3547 2624">
    <p class='ocr_par' dir='ltr' id='par_1_56' title="bbox 1963 2543 3547 2624">
     <span class='ocr_line' id='line_1_56' title="bbox 1963 2543 3547 2624; baseline -0.006 -17"><span class='ocrx_word' id='word_1_431' title='bbox 1963 2555 2019 2607; x_wconf 92' lang='lat' dir='ltr'><strong>in</strong></span> <span class='ocrx_word' id='word_1_432' title='bbox 2045 2555 2111 2608; x_wconf 90' lang='lat' dir='ltr'><strong>iis</strong></span> <span class='ocrx_word' id='word_1_433' title='bbox 2152 2570 2274 2624; x_wconf 75' lang='lat' dir='ltr'><strong>qua:</strong></span> <span class='ocrx_word' id='word_1_434' title='bbox 2314 2553 2504 2608; x_wconf 89' lang='lat' dir='ltr'><strong>divino</strong></span> <span class='ocrx_word' id='word_1_435' title='bbox 2537 2554 2737 2623; x_wconf 90' lang='lat' dir='ltr'><strong>Ioseph</strong></span> <span class='ocrx_word' id='word_1_436' title='bbox 2772 2559 3096 2614; x_wconf 89' lang='lat' dir='ltr'><strong>evenerunt,</strong></span> <span class='ocrx_word' id='word_1_437' title='bbox 3142 2563 3212 2603; x_wconf 88' lang='lat' dir='ltr'><strong>an</strong></span> <span class='ocrx_word' id='word_1_438' title='bbox 3257 2561 3378 2617; x_wconf 70' lang='lat' dir='ltr'><strong>qua:</strong></span> <span class='ocrx_word' id='word_1_439' title='bbox 3433 2543 3547 2599; x_wconf 77' lang='lat' dir='ltr'><strong>dixi</strong></span> 
     </span>
    </p>
   </div>
   <div class='ocr_carea' id='block_1_57' title="bbox 1959 2640 3546 2716">
    <p class='ocr_par' dir='ltr' id='par_1_57' title="bbox 1959 2640 3546 2716">
     <span class='ocr_line' id='line_1_57' title="bbox 1959 2640 3546 2716; baseline -0.004 -18"><span class='ocrx_word' id='word_1_440' title='bbox 1959 2661 2089 2700; x_wconf 88' lang='lat' dir='ltr'><strong>vera</strong></span> <span class='ocrx_word' id='word_1_441' title='bbox 2108 2661 2300 2700; x_wconf 88' lang='lat' dir='ltr'><strong>rursus</strong></span> <span class='ocrx_word' id='word_1_442' title='bbox 2322 2653 2639 2716; x_wconf 88' lang='lat' dir='ltr'><strong>appareant.</strong></span> <span class='ocrx_word' id='word_1_443' title='bbox 2664 2645 2744 2700; x_wconf 90' lang='lat' dir='ltr'><strong>Ita</strong></span> <span class='ocrx_word' id='word_1_444' title='bbox 2765 2661 2896 2700; x_wconf 86' lang='lat' dir='ltr'><strong>vero</strong></span> <span class='ocrx_word' id='word_1_445' title='bbox 2919 2644 3129 2699; x_wconf 87' lang='lat' dir='ltr'><strong>habent</strong></span> <span class='ocrx_word' id='word_1_446' title='bbox 3155 2660 3167 2694; x_wconf 88' lang='lat'><strong>:</strong></span> <span class='ocrx_word' id='word_1_447' title='bbox 3195 2660 3212 2691; x_wconf 78' lang='grc' dir='ltr'><strong>ι</strong></span> <span class='ocrx_word' id='word_1_448' title='bbox 3239 2640 3332 2695; x_wconf 71' lang='lat' dir='ltr'><strong>llze</strong></span> <span class='ocrx_word' id='word_1_449' title='bbox 3361 2647 3546 2693; x_wconf 86' lang='lat' dir='ltr'><strong>autem</strong></span> 
     </span>
    </p>
   </div>
   <div class='ocr_carea' id='block_1_58' title="bbox 1960 2733 3544 2806">
    <p class='ocr_par' dir='ltr' id='par_1_58' title="bbox 1960 2733 3544 2806">
     <span class='ocr_line' id='line_1_58' title="bbox 1960 2733 3544 2806; baseline -0.006 -17"><span class='ocrx_word' id='word_1_450' title='bbox 1960 2743 2090 2790; x_wconf 88' lang='lat' dir='ltr'><strong>sunt</strong></span> <span class='ocrx_word' id='word_1_451' title='bbox 2119 2736 2505 2806; x_wconf 85' lang='lat' dir='ltr'><strong>generationes</strong></span> <span class='ocrx_word' id='word_1_452' title='bbox 2549 2735 2738 2790; x_wconf 89' lang='lat' dir='ltr'><strong>Iacob.</strong></span> <span class='ocrx_word' id='word_1_453' title='bbox 2777 2733 2978 2803; x_wconf 89' lang='lat' dir='ltr'><strong>Ioseph</strong></span> <span class='ocrx_word' id='word_1_454' title='bbox 3015 2747 3138 2786; x_wconf 93' lang='lat' dir='ltr'><strong>cum</strong></span> <span class='ocrx_word' id='word_1_455' title='bbox 3177 2737 3324 2784; x_wconf 86' lang='lat' dir='ltr'><strong>esset</strong></span> <span class='ocrx_word' id='word_1_456' title='bbox 3368 2740 3544 2781; x_wconf 84' lang='lat' dir='ltr'><strong>anno-</strong></span> 
     </span>
    </p>
   </div>
   <div class='ocr_carea' id='block_1_59' title="bbox 1961 2816 3545 2896">
    <p class='ocr_par' dir='ltr' id='par_1_59' title="bbox 1961 2816 3545 2896">
     <span class='ocr_line' id='line_1_59' title="bbox 1961 2816 3545 2896; baseline -0.008 -15"><span class='ocrx_word' id='word_1_457' title='bbox 1961 2843 2083 2881; x_wconf 87' lang='lat' dir='ltr'><strong>rum</strong></span> <span class='ocrx_word' id='word_1_458' title='bbox 2100 2826 2512 2896; x_wconf 87' lang='lat' dir='ltr'><strong>septemdecim,</strong></span> <span class='ocrx_word' id='word_1_459' title='bbox 2537 2826 2791 2896; x_wconf 90' lang='lat' dir='ltr'><strong>pascebat</strong></span> <span class='ocrx_word' id='word_1_460' title='bbox 2813 2840 2944 2879; x_wconf 91' lang='lat' dir='ltr'><strong>oves</strong></span> <span class='ocrx_word' id='word_1_461' title='bbox 2969 2838 3094 2878; x_wconf 91' lang='lat' dir='ltr'><strong>cum</strong></span> <span class='ocrx_word' id='word_1_462' title='bbox 3119 2819 3384 2874; x_wconf 88' lang='lat' dir='ltr'><strong>fratribus</strong></span> <span class='ocrx_word' id='word_1_463' title='bbox 3409 2816 3545 2882; x_wconf 85' lang='lat' dir='ltr'><strong>suis,</strong></span> 
     </span>
    </p>
   </div>
   <div class='ocr_carea' id='block_1_60' title="bbox 1960 2906 3546 2989">
    <p class='ocr_par' dir='ltr' id='par_1_60' title="bbox 1960 2906 3546 2989">
     <span class='ocr_line' id='line_1_60' title="bbox 1960 2906 3546 2989; baseline -0.009 -16"><span class='ocrx_word' id='word_1_464' title='bbox 1960 2919 2234 2973; x_wconf 84' lang='lat' dir='ltr'><strong>exsistens</strong></span> <span class='ocrx_word' id='word_1_465' title='bbox 2258 2918 2481 2989; x_wconf 82' lang='lat' dir='ltr'><strong>juvenis</strong></span> <span class='ocrx_word' id='word_1_466' title='bbox 2507 2932 2630 2972; x_wconf 92' lang='lat' dir='ltr'><strong>cum</strong></span> <span class='ocrx_word' id='word_1_467' title='bbox 2657 2916 2785 2971; x_wconf 88' lang='lat' dir='ltr'><strong>ﬁliis</strong></span> <span class='ocrx_word' id='word_1_468' title='bbox 2809 2915 2992 2978; x_wconf 71' lang='lat' dir='ltr'><strong>Ballze,</strong></span> <span class='ocrx_word' id='word_1_469' title='bbox 3032 2921 3232 2967; x_wconf 92' lang='lat' dir='ltr'><strong>etcum</strong></span> <span class='ocrx_word' id='word_1_470' title='bbox 3269 2909 3397 2962; x_wconf 87' lang='lat' dir='ltr'><strong>ﬁliis</strong></span> <span class='ocrx_word' id='word_1_471' title='bbox 3423 2906 3546 2961; x_wconf 90' lang='lat' dir='ltr'><strong>Zel-</strong></span> 
     </span>
    </p>
   </div>
   <div class='ocr_carea' id='block_1_61' title="bbox 1961 2997 3548 3080">
    <p class='ocr_par' dir='ltr' id='par_1_61' title="bbox 1961 2997 3548 3080">
     <span class='ocr_line' id='line_1_61' title="bbox 1961 2997 3548 3080; baseline -0.008 -16"><span class='ocrx_word' id='word_1_472' title='bbox 1961 3011 2104 3080; x_wconf 67' lang='lat' dir='ltr'><strong>phae,</strong></span> <span class='ocrx_word' id='word_1_473' title='bbox 2133 3009 2294 3079; x_wconf 81' lang='lat'><strong>179</strong></span> <span class='ocrx_word' id='word_1_474' title='bbox 2316 3023 2552 3063; x_wconf 87' lang='lat' dir='ltr'><strong>uxorum</strong></span> <span class='ocrx_word' id='word_1_475' title='bbox 2585 3007 2757 3078; x_wconf 85' lang='lat' dir='ltr'><strong>patris</strong></span> <span class='ocrx_word' id='word_1_476' title='bbox 2789 3006 2893 3061; x_wconf 91' lang='lat' dir='ltr'><strong>sui.</strong></span> <span class='ocrx_word' id='word_1_477' title='bbox 2919 3004 3116 3060; x_wconf 84' lang='lat' dir='ltr'><strong>Attulit</strong></span> <span class='ocrx_word' id='word_1_478' title='bbox 3149 3010 3329 3057; x_wconf 86' lang='lat' dir='ltr'><strong>autem</strong></span> <span class='ocrx_word' id='word_1_479' title='bbox 3345 2997 3548 3068; x_wconf 85' lang='lat' dir='ltr'><strong>Ioseph</strong></span> 
     </span>
    </p>
   </div>
   <div class='ocr_carea' id='block_1_62' title="bbox 271 3085 1863 3179">
    <p class='ocr_par' dir='ltr' id='par_1_62' title="bbox 271 3085 1860 3162">
     <span class='ocr_line' id='line_1_62' title="bbox 271 3085 1860 3162; baseline 0.005 -24"><span class='ocrx_word' id='word_1_480' title='bbox 271 3087 416 3155; x_wconf 73' lang='grc' dir='ltr'>μετὰ</span> <span class='ocrx_word' id='word_1_481' title='bbox 447 3085 558 3138; x_wconf 90' lang='grc' dir='ltr'><strong>τῶν</strong></span> <span class='ocrx_word' id='word_1_482' title='bbox 599 3086 732 3140; x_wconf 79' lang='grc' dir='ltr'>υἱῶν</span> <span class='ocrx_word' id='word_1_483' title='bbox 777 3087 1005 3151; x_wconf 76' lang='grc' dir='ltr'>Βάλλας,</span> <span class='ocrx_word' id='word_1_484' title='bbox 1039 3091 1134 3142; x_wconf 72' lang='grc' dir='ltr'>καὶ</span> <span class='ocrx_word' id='word_1_485' title='bbox 1160 3091 1301 3160; x_wconf 77' lang='grc' dir='ltr'>μετὰ</span> <span class='ocrx_word' id='word_1_486' title='bbox 1349 3092 1457 3144; x_wconf 87' lang='grc' dir='ltr'><strong>τῶν</strong></span> <span class='ocrx_word' id='word_1_487' title='bbox 1497 3093 1629 3146; x_wconf 85' lang='grc' dir='ltr'>υίῶν</span> <span class='ocrx_word' id='word_1_488' title='bbox 1653 3093 1860 3162; x_wconf 73' lang='grc' dir='ltr'>Ζελφᾶς</span> 
     </span>
    </p>
   </div>
   <div class='ocr_carea' id='block_1_63' title="bbox 1964 3085 3549 3179">
    <p class='ocr_par' dir='ltr' id='par_1_63' title="bbox 1966 3088 3549 3171">
     <span class='ocr_line' id='line_1_63' title="bbox 1966 3088 3549 3171; baseline -0.007 -16"><span class='ocrx_word' id='word_1_489' title='bbox 1966 3101 2304 3171; x_wconf 90' lang='lat' dir='ltr'><strong>vituperium</strong></span> <span class='ocrx_word' id='word_1_490' title='bbox 2352 3100 2555 3154; x_wconf 89' lang='lat' dir='ltr'><strong>malum</strong></span> <span class='ocrx_word' id='word_1_491' title='bbox 2599 3098 2667 3152; x_wconf 91' lang='lat' dir='ltr'><strong>ad</strong></span> <span class='ocrx_word' id='word_1_492' title='bbox 2705 3097 2874 3153; x_wconf 90' lang='lat' dir='ltr'><strong>lsrael</strong></span> <span class='ocrx_word' id='word_1_493' title='bbox 2914 3105 3128 3167; x_wconf 87' lang='lat' dir='ltr'><strong>patrem</strong></span> <span class='ocrx_word' id='word_1_494' title='bbox 3161 3107 3344 3148; x_wconf 89' lang='lat' dir='ltr'><strong>suum.</strong></span> <span class='ocrx_word' id='word_1_495' title='bbox 3378 3088 3549 3147; x_wconf 91' lang='lat' dir='ltr'><strong>Iacob</strong></span> 
     </span>
    </p>
   </div>
   <div class='ocr_carea' id='block_1_64' title="bbox 268 3178 1861 3256">
    <p class='ocr_par' dir='ltr' id='par_1_64' title="bbox 268 3178 1861 3256">
     <span class='ocr_line' id='line_1_64' title="bbox 268 3178 1861 3256; baseline 0.007 -27"><span class='ocrx_word' id='word_1_496' title='bbox 268 3178 377 3230; x_wconf 82' lang='grc' dir='ltr'><strong>τῶν</strong></span> <span class='ocrx_word' id='word_1_497' title='bbox 438 3179 716 3246; x_wconf 84' lang='grc' dir='ltr'>γυναικῶν</span> <span class='ocrx_word' id='word_1_498' title='bbox 766 3181 862 3232; x_wconf 81' lang='grc' dir='ltr'>τοῦ</span> <span class='ocrx_word' id='word_1_499' title='bbox 920 3181 1126 3251; x_wconf 77' lang='grc' dir='ltr'>πατρὸς</span> <span class='ocrx_word' id='word_1_500' title='bbox 1185 3183 1371 3237; x_wconf 78' lang='grc' dir='ltr'>αὑτοῦ.</span> <span class='ocrx_word' id='word_1_501' title='bbox 1431 3185 1750 3256; x_wconf 84' lang='grc' dir='ltr'>Κατήνεγκε</span> <span class='ocrx_word' id='word_1_502' title='bbox 1804 3187 1861 3240; x_wconf 82' lang='grc' dir='ltr'><strong>δὲ</strong></span> 
     </span>
    </p>
   </div>
   <div class='ocr_carea' id='block_1_65' title="bbox 279 3269 1857 3349">
    <p class='ocr_par' dir='ltr' id='par_1_65' title="bbox 279 3269 1857 3349">
     <span class='ocr_line' id='line_1_65' title="bbox 279 3269 1857 3349; baseline 0.006 -27"><span class='ocrx_word' id='word_1_503' title='bbox 279 3269 487 3340; x_wconf 61' lang='grc' dir='ltr'>Ἰωσὴφ</span> <span class='ocrx_word' id='word_1_504' title='bbox 516 3270 682 3339; x_wconf 69' lang='grc' dir='ltr'>ψόγον</span> <span class='ocrx_word' id='word_1_505' title='bbox 708 3272 945 3342; x_wconf 73' lang='grc' dir='ltr'>πονηρὸν</span> <span class='ocrx_word' id='word_1_506' title='bbox 974 3274 1110 3344; x_wconf 88' lang='grc' dir='ltr'>πρὸς</span> <span class='ocrx_word' id='word_1_507' title='bbox 1149 3275 1369 3347; x_wconf 82' lang='grc' dir='ltr'>Ἰσραὴλ</span> <span class='ocrx_word' id='word_1_508' title='bbox 1395 3277 1488 3330; x_wconf 82' lang='grc' dir='ltr'>τὸν</span> <span class='ocrx_word' id='word_1_509' title='bbox 1520 3279 1735 3349; x_wconf 84' lang='grc' dir='ltr'>πατέρα</span> <span class='ocrx_word' id='word_1_510' title='bbox 1765 3280 1857 3332; x_wconf 71' lang='lat' dir='ltr'><strong>a6-</strong></span> 
     </span>
    </p>
   </div>
   <div class='ocr_carea' id='block_1_66' title="bbox 270 3360 1864 3438">
    <p class='ocr_par' dir='ltr' id='par_1_66' title="bbox 270 3360 1864 3438">
     <span class='ocr_line' id='line_1_66' title="bbox 270 3360 1864 3438; baseline 0.006 -25"><span class='ocrx_word' id='word_1_511' title='bbox 270 3360 386 3414; x_wconf 75' lang='grc' dir='ltr'>τοῦ.</span> <span class='ocrx_word' id='word_1_512' title='bbox 443 3361 642 3414; x_wconf 83' lang='grc' dir='ltr'>Ἰακὼό</span> <span class='ocrx_word' id='word_1_513' title='bbox 663 3362 721 3416; x_wconf 80' lang='grc' dir='ltr'><strong>δὲ</strong></span> <span class='ocrx_word' id='word_1_514' title='bbox 755 3365 944 3431; x_wconf 74' lang='grc' dir='ltr'>ἠγάπα</span> <span class='ocrx_word' id='word_1_515' title='bbox 976 3365 1066 3417; x_wconf 81' lang='grc' dir='ltr'><strong>τὸν</strong></span> <span class='ocrx_word' id='word_1_516' title='bbox 1105 3365 1305 3437; x_wconf 82' lang='grc' dir='ltr'>Ἰωσὴφ</span> <span class='ocrx_word' id='word_1_517' title='bbox 1335 3367 1486 3438; x_wconf 84' lang='grc' dir='ltr'><strong>παρά</strong></span> <span class='ocrx_word' id='word_1_518' title='bbox 1507 3368 1714 3432; x_wconf 80' lang='grc' dir='ltr'>πάντας</span> <span class='ocrx_word' id='word_1_519' title='bbox 1739 3371 1864 3433; x_wconf 73' lang='grc' dir='ltr'>τοὺς</span> 
     </span>
    </p>
   </div>
   <div class='ocr_carea' id='block_1_67' title="bbox 273 3451 1864 3530">
    <p class='ocr_par' dir='ltr' id='par_1_67' title="bbox 273 3451 1864 3530">
     <span class='ocr_line' id='line_1_67' title="bbox 273 3451 1864 3530; baseline 0.005 -26"><span class='ocrx_word' id='word_1_520' title='bbox 273 3452 430 3515; x_wconf 74' lang='grc' dir='ltr'>υἱοὺς</span> <span class='ocrx_word' id='word_1_521' title='bbox 466 3452 656 3514; x_wconf 79' lang='grc' dir='ltr'>αὑτοῦ,</span> <span class='ocrx_word' id='word_1_522' title='bbox 702 3454 784 3505; x_wconf 78' lang='grc' dir='ltr'>ὅτι</span> <span class='ocrx_word' id='word_1_523' title='bbox 830 3453 944 3517; x_wconf 78' lang='grc' dir='ltr'>υίὸς</span> <span class='ocrx_word' id='word_1_524' title='bbox 979 3456 1164 3525; x_wconf 77' lang='grc' dir='ltr'>γήρως</span> <span class='ocrx_word' id='word_1_525' title='bbox 1204 3451 1271 3527; x_wconf 81' lang='grc' dir='ltr'>ἦν</span> <span class='ocrx_word' id='word_1_526' title='bbox 1304 3457 1473 3528; x_wconf 79' lang='grc' dir='ltr'>αὐτῷ.</span> <span class='ocrx_word' id='word_1_527' title='bbox 1517 3458 1769 3530; x_wconf 86' lang='grc' dir='ltr'>Ἐποίησε</span> <span class='ocrx_word' id='word_1_528' title='bbox 1809 3460 1864 3512; x_wconf 83' lang='grc' dir='ltr'><strong>δὲ</strong></span> 
     </span>
    </p>
   </div>
   <div class='ocr_carea' id='block_1_68' title="bbox 273 3546 1862 3620">
    <p class='ocr_par' dir='ltr' id='par_1_68' title="bbox 273 3546 1862 3620">
     <span class='ocr_line' id='line_1_68' title="bbox 273 3546 1862 3620; baseline 0.004 -22"><span class='ocrx_word' id='word_1_529' title='bbox 273 3548 428 3617; x_wconf 68' lang='grc' dir='ltr'>αὐτῷ</span> <span class='ocrx_word' id='word_1_530' title='bbox 452 3546 658 3617; x_wconf 81' lang='grc' dir='ltr'>χιτῶνα</span> <span class='ocrx_word' id='word_1_531' title='bbox 696 3546 956 3600; x_wconf 81' lang='grc' dir='ltr'>ποικίλον.</span> <span class='ocrx_word' id='word_1_532' title='bbox 996 3548 1215 3612; x_wconf 77' lang='grc' dir='ltr'>’ἰδόντες</span> <span class='ocrx_word' id='word_1_533' title='bbox 1247 3548 1302 3603; x_wconf 84' lang='grc' dir='ltr'><strong>δὲ</strong></span> <span class='ocrx_word' id='word_1_534' title='bbox 1340 3550 1390 3603; x_wconf 80' lang='grc' dir='ltr'><strong>οἱ</strong></span> <span class='ocrx_word' id='word_1_535' title='bbox 1430 3550 1650 3620; x_wconf 75' lang='grc' dir='ltr'>ἀδελφοὶ</span> <span class='ocrx_word' id='word_1_536' title='bbox 1678 3551 1862 3617; x_wconf 77' lang='grc' dir='ltr'>αὐτοῦ,</span> 
     </span>
    </p>
   </div>
   <div class='ocr_carea' id='block_1_69' title="bbox 1960 3178 3550 3261">
    <p class='ocr_par' dir='ltr' id='par_1_69' title="bbox 1960 3178 3550 3261">
     <span class='ocr_line' id='line_1_69' title="bbox 1960 3178 3550 3261; baseline -0.008 -14"><span class='ocrx_word' id='word_1_537' title='bbox 1960 3203 2142 3248; x_wconf 88' lang='lat' dir='ltr'><strong>autem</strong></span> <span class='ocrx_word' id='word_1_538' title='bbox 2166 3190 2426 3261; x_wconf 86' lang='lat' dir='ltr'><strong>diligebat</strong></span> <span class='ocrx_word' id='word_1_539' title='bbox 2452 3189 2656 3258; x_wconf 90' lang='lat' dir='ltr'><strong>Ioseph</strong></span> <span class='ocrx_word' id='word_1_540' title='bbox 2681 3204 2846 3258; x_wconf 87' lang='lat' dir='ltr'><strong>supra</strong></span> <span class='ocrx_word' id='word_1_541' title='bbox 2866 3201 3059 3241; x_wconf 86' lang='lat' dir='ltr'><strong>omnes</strong></span> <span class='ocrx_word' id='word_1_542' title='bbox 3083 3184 3225 3238; x_wconf 89' lang='lat' dir='ltr'><strong>ﬁlios</strong></span> <span class='ocrx_word' id='word_1_543' title='bbox 3245 3197 3394 3243; x_wconf 87' lang='lat' dir='ltr'><strong>suos,</strong></span> <span class='ocrx_word' id='word_1_544' title='bbox 3416 3178 3550 3250; x_wconf 86' lang='lat' dir='ltr'><strong>quia</strong></span> 
     </span>
    </p>
   </div>
   <div class='ocr_carea' id='block_1_70' title="bbox 1962 3271 3549 3340">
    <p class='ocr_par' dir='ltr' id='par_1_70' title="bbox 1962 3271 3549 3340">
     <span class='ocr_line' id='line_1_70' title="bbox 1962 3271 3549 3340; baseline -0.009 -2"><span class='ocrx_word' id='word_1_545' title='bbox 1962 3285 2109 3340; x_wconf 90' lang='lat' dir='ltr'><strong>ﬁlius</strong></span> <span class='ocrx_word' id='word_1_546' title='bbox 2158 3283 2462 3339; x_wconf 85' lang='lat' dir='ltr'><strong>senectutis</strong></span> <span class='ocrx_word' id='word_1_547' title='bbox 2514 3289 2634 3336; x_wconf 86' lang='lat' dir='ltr'><strong>erat</strong></span> <span class='ocrx_word' id='word_1_548' title='bbox 2672 3281 2745 3334; x_wconf 89' lang='lat' dir='ltr'><strong>ei.</strong></span> <span class='ocrx_word' id='word_1_549' title='bbox 2791 3279 2945 3334; x_wconf 87' lang='lat' dir='ltr'><strong>Fecit</strong></span> <span class='ocrx_word' id='word_1_550' title='bbox 2986 3284 3170 3332; x_wconf 90' lang='lat' dir='ltr'><strong>autem</strong></span> <span class='ocrx_word' id='word_1_551' title='bbox 3213 3274 3262 3330; x_wconf 90' lang='lat' dir='ltr'><strong>ei</strong></span> <span class='ocrx_word' id='word_1_552' title='bbox 3306 3271 3549 3328; x_wconf 87' lang='lat' dir='ltr'><strong>tunicam</strong></span> 
     </span>
    </p>
   </div>
   <div class='ocr_carea' id='block_1_71' title="bbox 1961 3368 3554 3441">
    <p class='ocr_par' dir='ltr' id='par_1_71' title="bbox 1961 3368 3554 3441">
     <span class='ocr_line' id='line_1_71' title="bbox 1961 3368 3554 3441; baseline -0.008 -11"><span class='ocrx_word' id='word_1_553' title='bbox 1961 3376 2187 3430; x_wconf 84' lang='lat' dir='ltr'><strong>variam.</strong></span> <span class='ocrx_word' id='word_1_554' title='bbox 2220 3375 2479 3431; x_wconf 84' lang='lat' dir='ltr'><strong>Videntes</strong></span> <span class='ocrx_word' id='word_1_555' title='bbox 2501 3389 2634 3428; x_wconf 77' lang='lat' dir='ltr'><strong>vero</strong></span> <span class='ocrx_word' id='word_1_556' title='bbox 2657 3372 2857 3426; x_wconf 78' lang='lat' dir='ltr'><strong>fratres</strong></span> <span class='ocrx_word' id='word_1_557' title='bbox 2889 3373 3011 3441; x_wconf 86' lang='lat' dir='ltr'><strong>ejus</strong></span> <span class='ocrx_word' id='word_1_558' title='bbox 3063 3368 3213 3439; x_wconf 89' lang='lat' dir='ltr'><strong>quod</strong></span> <span class='ocrx_word' id='word_1_559' title='bbox 3245 3381 3370 3422; x_wconf 91' lang='lat' dir='ltr'><strong>eum</strong></span> <span class='ocrx_word' id='word_1_560' title='bbox 3401 3379 3554 3421; x_wconf 88' lang='lat' dir='ltr'><strong>ama-</strong></span> 
     </span>
    </p>
   </div>
   <div class='ocr_carea' id='block_1_72' title="bbox 1963 3463 3549 3538">
    <p class='ocr_par' dir='ltr' id='par_1_72' title="bbox 1963 3463 3549 3538">
     <span class='ocr_line' id='line_1_72' title="bbox 1963 3463 3549 3538; baseline -0.007 -16"><span class='ocrx_word' id='word_1_561' title='bbox 1963 3477 2048 3522; x_wconf 88' lang='lat' dir='ltr'><strong>ret</strong></span> <span class='ocrx_word' id='word_1_562' title='bbox 2066 3476 2220 3538; x_wconf 91' lang='lat' dir='ltr'><strong>pater</strong></span> <span class='ocrx_word' id='word_1_563' title='bbox 2236 3483 2346 3538; x_wconf 83' lang='lat' dir='ltr'><strong>prae</strong></span> <span class='ocrx_word' id='word_1_564' title='bbox 2367 3466 2626 3521; x_wconf 90' lang='lat' dir='ltr'><strong>omnibus</strong></span> <span class='ocrx_word' id='word_1_565' title='bbox 2647 3464 2774 3518; x_wconf 84' lang='lat' dir='ltr'><strong>ﬁliis</strong></span> <span class='ocrx_word' id='word_1_566' title='bbox 2794 3463 2927 3529; x_wconf 89' lang='lat' dir='ltr'><strong>suis,</strong></span> <span class='ocrx_word' id='word_1_567' title='bbox 2947 3463 3185 3518; x_wconf 88' lang='lat' dir='ltr'><strong>oderunt</strong></span> <span class='ocrx_word' id='word_1_568' title='bbox 3203 3476 3350 3525; x_wconf 88' lang='lat' dir='ltr'><strong>eum,</strong></span> <span class='ocrx_word' id='word_1_569' title='bbox 3370 3471 3549 3528; x_wconf 90' lang='lat' dir='ltr'><strong>neque</strong></span> 
     </span>
    </p>
   </div>
   <div class='ocr_carea' id='block_1_73' title="bbox 1963 3552 3276 3628">
    <p class='ocr_par' dir='ltr' id='par_1_73' title="bbox 1963 3552 3276 3628">
     <span class='ocr_line' id='line_1_73' title="bbox 1963 3552 3276 3628; baseline -0.005 -17"><span class='ocrx_word' id='word_1_570' title='bbox 1963 3566 2218 3628; x_wconf 86' lang='lat' dir='ltr'><strong>poterant</strong></span> <span class='ocrx_word' id='word_1_571' title='bbox 2250 3557 2299 3611; x_wconf 93' lang='lat' dir='ltr'><strong>ei</strong></span> <span class='ocrx_word' id='word_1_572' title='bbox 2340 3557 2492 3626; x_wconf 90' lang='lat' dir='ltr'><strong>loqui</strong></span> <span class='ocrx_word' id='word_1_573' title='bbox 2524 3555 2823 3625; x_wconf 90' lang='lat' dir='ltr'><strong>quidquam</strong></span> <span class='ocrx_word' id='word_1_574' title='bbox 2848 3553 3138 3624; x_wconf 88' lang='lat' dir='ltr'><strong>paciﬁcum</strong></span> <span class='ocrx_word' id='word_1_575' title='bbox 3159 3552 3228 3606; x_wconf 75' lang='grc' dir='ltr'><strong>δ’.</strong></span> <span class='ocrx_word' id='word_1_576' title='bbox 3257 3570 3276 3603; x_wconf 73' lang='grc' dir='ltr'><strong>ι</strong></span> 
     </span>
    </p>
   </div>
   <div class='ocr_carea' id='block_1_74' title="bbox 272 3637 3551 3720">
    <p class='ocr_par' dir='ltr' id='par_1_74' title="bbox 272 3637 3551 3720">
     <span class='ocr_line' id='line_1_74' title="bbox 272 3637 3551 3720; baseline 0 -29"><span class='ocrx_word' id='word_1_577' title='bbox 272 3640 351 3691; x_wconf 75' lang='grc' dir='ltr'>ὅτι</span> <span class='ocrx_word' id='word_1_578' title='bbox 379 3641 415 3692; x_wconf 81' lang='grc' dir='ltr'>ὁ</span> <span class='ocrx_word' id='word_1_579' title='bbox 455 3639 640 3711; x_wconf 77' lang='grc' dir='ltr'>πατὴρ</span> <span class='ocrx_word' id='word_1_580' title='bbox 673 3640 838 3693; x_wconf 79' lang='grc' dir='ltr'>αὐτὸν</span> <span class='ocrx_word' id='word_1_581' title='bbox 874 3641 1018 3711; x_wconf 75' lang='grc' dir='ltr'>φιλεῖ</span> <span class='ocrx_word' id='word_1_582' title='bbox 1043 3644 1105 3694; x_wconf 79' lang='grc' dir='ltr'>ἐκ</span> <span class='ocrx_word' id='word_1_583' title='bbox 1139 3643 1356 3696; x_wconf 78' lang='grc' dir='ltr'>πάντων</span> <span class='ocrx_word' id='word_1_584' title='bbox 1384 3641 1493 3696; x_wconf 83' lang='grc' dir='ltr'><strong>τῶν</strong></span> <span class='ocrx_word' id='word_1_585' title='bbox 1525 3643 1656 3698; x_wconf 85' lang='grc' dir='ltr'>υἱῶν</span> <span class='ocrx_word' id='word_1_586' title='bbox 1683 3644 1867 3710; x_wconf 81' lang='grc' dir='ltr'>αὑτοῦ,</span> <span class='ocrx_word' id='word_1_587' title='bbox 1907 3648 2175 3720; x_wconf 80' lang='grc' dir='ltr'>ἐμίσησαν</span> <span class='ocrx_word' id='word_1_588' title='bbox 2235 3648 2418 3714; x_wconf 69' lang='grc' dir='ltr'>αὑτὸν,</span> <span class='ocrx_word' id='word_1_589' title='bbox 2444 3649 2537 3702; x_wconf 69' lang='grc' dir='ltr'>καὶ</span> <span class='ocrx_word' id='word_1_590' title='bbox 2563 3637 2664 3700; x_wconf 78' lang='grc' dir='ltr'>οὐκ</span> <span class='ocrx_word' id='word_1_591' title='bbox 2702 3646 2953 3701; x_wconf 71' lang='grc' dir='ltr'>ἐδύναντο</span> <span class='ocrx_word' id='word_1_592' title='bbox 2984 3645 3163 3698; x_wconf 83' lang='grc' dir='ltr'>λαλεῖν</span> <span class='ocrx_word' id='word_1_593' title='bbox 3221 3639 3370 3711; x_wconf 80' lang='grc' dir='ltr'>αὐτῷ</span> <span class='ocrx_word' id='word_1_594' title='bbox 3402 3638 3551 3693; x_wconf 79' lang='grc' dir='ltr'>οὐδὲν</span> 
     </span>
    </p>
   </div>
   <div class='ocr_carea' id='block_1_75' title="bbox 273 3736 622 3805">
    <p class='ocr_par' dir='ltr' id='par_1_75' title="bbox 273 3736 622 3805">
     <span class='ocr_line' id='line_1_75' title="bbox 273 3736 622 3805; baseline 0.006 -19"><span class='ocrx_word' id='word_1_595' title='bbox 273 3736 576 3805; x_wconf 76' lang='grc' dir='ltr'>εἰρηνικόν.</span> <span class='ocrx_word' id='word_1_596' title='bbox 605 3756 622 3788; x_wconf 77' lang='grc' dir='ltr'>ι</span> 
     </span>
    </p>
   </div>
   <div class='ocr_carea' id='block_1_76' title="bbox 343 3829 1952 3908">
    <p class='ocr_par' dir='ltr' id='par_1_76' title="bbox 343 3829 1952 3908">
     <span class='ocr_line' id='line_1_76' title="bbox 343 3829 1952 3908; baseline 0.009 -29"><span class='ocrx_word' id='word_1_597' title='bbox 343 3829 416 3898; x_wconf 76' lang='grc' dir='ltr'><strong>β’.</strong></span> <span class='ocrx_word' id='word_1_598' title='bbox 462 3829 764 3900; x_wconf 85' lang='grc' dir='ltr'>Πεποίηται</span> <span class='ocrx_word' id='word_1_599' title='bbox 800 3830 899 3899; x_wconf 86' lang='grc' dir='ltr'>μὲν</span> <span class='ocrx_word' id='word_1_600' title='bbox 930 3831 1038 3903; x_wconf 74' lang='grc' dir='ltr'><strong>γὰρ</strong></span> <span class='ocrx_word' id='word_1_601' title='bbox 1069 3833 1096 3884; x_wconf 88' lang='grc' dir='ltr'><strong>ό</strong></span> <span class='ocrx_word' id='word_1_602' title='bbox 1134 3832 1226 3886; x_wconf 74' lang='grc' dir='ltr'><strong>τοῦ</strong></span> <span class='ocrx_word' id='word_1_603' title='bbox 1257 3833 1460 3904; x_wconf 74' lang='grc' dir='ltr'>βιϐλίου</span> <span class='ocrx_word' id='word_1_604' title='bbox 1488 3838 1856 3908; x_wconf 73' lang='grc' dir='ltr'>συγγραφεὺς,</span> <span class='ocrx_word' id='word_1_605' title='bbox 1941 3886 1952 3892; x_wconf 83' lang='lat'><strong><em>_</em></strong></span> 
     </span>
    </p>
   </div>
   <div class='ocr_carea' id='block_1_77' title="bbox 273 3919 1862 3999">
    <p class='ocr_par' dir='ltr' id='par_1_77' title="bbox 273 3919 1862 3999">
     <span class='ocr_line' id='line_1_77' title="bbox 273 3919 1862 3999; baseline 0.007 -28"><span class='ocrx_word' id='word_1_606' title='bbox 273 3922 379 3973; x_wconf 84' lang='grc' dir='ltr'><strong>τῶν</strong></span> <span class='ocrx_word' id='word_1_607' title='bbox 412 3921 470 3987; x_wconf 77' lang='grc' dir='ltr'><strong>ἐξ</strong></span> <span class='ocrx_word' id='word_1_608' title='bbox 507 3919 676 3973; x_wconf 80' lang='grc' dir='ltr'><strong>Ἱισαῦ</strong></span> <span class='ocrx_word' id='word_1_609' title='bbox 711 3923 1007 3989; x_wconf 83' lang='grc' dir='ltr'>γεγονότων</span> <span class='ocrx_word' id='word_1_610' title='bbox 1041 3924 1419 3996; x_wconf 69' lang='grc' dir='ltr'>ἀπαρίθμησιν</span> <span class='ocrx_word' id='word_1_611' title='bbox 1450 3928 1670 3999; x_wconf 81' lang='grc' dir='ltr'>ἀκριϐῆ.</span> <span class='ocrx_word' id='word_1_612' title='bbox 1704 3929 1862 3991; x_wconf 84' lang='grc' dir='ltr'>Τίνες</span> 
     </span>
    </p>
   </div>
   <div class='ocr_carea' id='block_1_78' title="bbox 274 4012 1861 4090">
    <p class='ocr_par' dir='ltr' id='par_1_78' title="bbox 274 4012 1861 4090">
     <span class='ocr_line' id='line_1_78' title="bbox 274 4012 1861 4090; baseline 0.005 -26"><span class='ocrx_word' id='word_1_613' title='bbox 274 4013 380 4083; x_wconf 66' lang='grc' dir='ltr'>γὰρ</span> <span class='ocrx_word' id='word_1_614' title='bbox 419 4012 588 4066; x_wconf 80' lang='grc' dir='ltr'>τίνων</span> <span class='ocrx_word' id='word_1_615' title='bbox 618 4012 909 4080; x_wconf 77' lang='grc' dir='ltr'>ἐξέφυσαν,</span> <span class='ocrx_word' id='word_1_616' title='bbox 943 4015 1036 4068; x_wconf 77' lang='grc' dir='ltr'>καὶ</span> <span class='ocrx_word' id='word_1_617' title='bbox 1067 4016 1188 4068; x_wconf 79' lang='grc' dir='ltr'>ὅποι</span> <span class='ocrx_word' id='word_1_618' title='bbox 1216 4017 1345 4070; x_wconf 78' lang='grc' dir='ltr'>ποτὲ</span> <span class='ocrx_word' id='word_1_619' title='bbox 1374 4019 1474 4090; x_wconf 66' lang='grc' dir='ltr'>γῆς</span> <span class='ocrx_word' id='word_1_620' title='bbox 1503 4019 1727 4073; x_wconf 71' lang='grc' dir='ltr'>ἕκαστοι</span> <span class='ocrx_word' id='word_1_621' title='bbox 1766 4019 1861 4072; x_wconf 84' lang='grc' dir='ltr'><strong>αὑ-</strong></span> 
     </span>
    </p>
   </div>
   <div class='ocr_carea' id='block_1_79' title="bbox 273 4103 1860 4179">
    <p class='ocr_par' dir='ltr' id='par_1_79' title="bbox 273 4103 1860 4179">
     <span class='ocr_line' id='line_1_79' title="bbox 273 4103 1860 4179; baseline 0.006 -26"><span class='ocrx_word' id='word_1_622' title='bbox 273 4103 379 4155; x_wconf 79' lang='grc' dir='ltr'><strong>τῶν</strong></span> <span class='ocrx_word' id='word_1_623' title='bbox 406 4104 792 4173; x_wconf 77' lang='grc' dir='ltr'>κατῳκήκασι,</span> <span class='ocrx_word' id='word_1_624' title='bbox 836 4105 928 4157; x_wconf 77' lang='grc' dir='ltr'>καὶ</span> <span class='ocrx_word' id='word_1_625' title='bbox 975 4105 1072 4176; x_wconf 81' lang='grc' dir='ltr'>τὴν</span> <span class='ocrx_word' id='word_1_626' title='bbox 1103 4107 1242 4160; x_wconf 77' lang='grc' dir='ltr'>κατὰ</span> <span class='ocrx_word' id='word_1_627' title='bbox 1275 4109 1436 4162; x_wconf 85' lang='grc' dir='ltr'>τίνων</span> <span class='ocrx_word' id='word_1_628' title='bbox 1477 4109 1720 4179; x_wconf 81' lang='grc' dir='ltr'>διέλαχον</span> <span class='ocrx_word' id='word_1_629' title='bbox 1758 4110 1860 4179; x_wconf 83' lang='grc' dir='ltr'><strong>ἀρ-</strong></span> 
     </span>
    </p>
   </div>
   <div class='ocr_carea' id='block_1_80' title="bbox 273 4194 1858 4270">
    <p class='ocr_par' dir='ltr' id='par_1_80' title="bbox 273 4194 1858 4270">
     <span class='ocr_line' id='line_1_80' title="bbox 273 4194 1858 4270; baseline -0.007 -7"><span class='ocrx_word' id='word_1_630' title='bbox 273 4194 398 4263; x_wconf 59' lang='grc' dir='ltr'>λῆνε</span> <span class='ocrx_word' id='word_1_631' title='bbox 458 4194 524 4247; x_wconf 70' lang='grc' dir='ltr'><strong>τδ</strong></span> <span class='ocrx_word' id='word_1_632' title='bbox 560 4195 703 4265; x_wconf 68' lang='grc' dir='ltr'>ἱερὸν</span> <span class='ocrx_word' id='word_1_633' title='bbox 739 4196 883 4266; x_wconf 73' lang='grc' dir='ltr'>ἡμᾶς</span> <span class='ocrx_word' id='word_1_634' title='bbox 933 4196 1132 4262; x_wconf 78' lang='grc' dir='ltr'>ἐδίδαξε</span> <span class='ocrx_word' id='word_1_635' title='bbox 1180 4199 1452 4270; x_wconf 67' lang='grc' dir='ltr'>Γραμμα·</span> <span class='ocrx_word' id='word_1_636' title='bbox 1503 4200 1745 4268; x_wconf 86' lang='grc' dir='ltr'>γενναῖόν</span> <span class='ocrx_word' id='word_1_637' title='bbox 1795 4217 1858 4270; x_wconf 89' lang='grc' dir='ltr'><strong>γε</strong></span> 
     </span>
    </p>
   </div>
   <div class='ocr_carea' id='block_1_81' title="bbox 277 4285 1856 4364">
    <p class='ocr_par' dir='ltr' id='par_1_81' title="bbox 277 4285 1856 4364">
     <span class='ocr_line' id='line_1_81' title="bbox 277 4285 1856 4364; baseline 0.005 -26"><span class='ocrx_word' id='word_1_638' title='bbox 277 4286 383 4358; x_wconf 71' lang='grc' dir='ltr'>μὴν</span> <span class='ocrx_word' id='word_1_639' title='bbox 420 4285 600 4351; x_wconf 73' lang='grc' dir='ltr'>οὐδὲν,</span> <span class='ocrx_word' id='word_1_640' title='bbox 635 4285 750 4338; x_wconf 82' lang='grc' dir='ltr'>ἀλλ’</span> <span class='ocrx_word' id='word_1_641' title='bbox 791 4287 910 4340; x_wconf 73' lang='grc' dir='ltr'>οὐδὲ</span> <span class='ocrx_word' id='word_1_642' title='bbox 958 4289 1177 4360; x_wconf 81' lang='grc' dir='ltr'>μνήμης</span> <span class='ocrx_word' id='word_1_643' title='bbox 1221 4289 1369 4354; x_wconf 77' lang='grc' dir='ltr'>ἄξιον</span> <span class='ocrx_word' id='word_1_644' title='bbox 1407 4287 1749 4364; x_wconf 84' lang='grc' dir='ltr'>πεπραχότος</span> <span class='ocrx_word' id='word_1_645' title='bbox 1775 4311 1856 4346; x_wconf 85' lang='grc' dir='ltr'>τι·</span> 
     </span>
    </p>
   </div>
   <div class='ocr_carea' id='block_1_82' title="bbox 273 4378 1859 4454">
    <p class='ocr_par' dir='ltr' id='par_1_82' title="bbox 273 4378 1859 4454">
     <span class='ocr_line' id='line_1_82' title="bbox 273 4378 1859 4454; baseline 0.006 -24"><span class='ocrx_word' id='word_1_646' title='bbox 273 4379 381 4437; x_wconf 73' lang='grc' dir='ltr'>νός.</span> <span class='ocrx_word' id='word_1_647' title='bbox 415 4379 724 4449; x_wconf 73' lang='grc' dir='ltr'>Μονονουχὶ</span> <span class='ocrx_word' id='word_1_648' title='bbox 747 4378 804 4431; x_wconf 82' lang='grc' dir='ltr'><strong>δὲ</strong></span> <span class='ocrx_word' id='word_1_649' title='bbox 832 4381 1201 4450; x_wconf 79' lang='grc' dir='ltr'>παρανήχεται</span> <span class='ocrx_word' id='word_1_650' title='bbox 1229 4384 1356 4446; x_wconf 74' lang='grc' dir='ltr'>τοὺς</span> <span class='ocrx_word' id='word_1_651' title='bbox 1383 4384 1801 4454; x_wconf 82' lang='grc' dir='ltr'>ὠνομασμένους</span> <span class='ocrx_word' id='word_1_652' title='bbox 1830 4388 1859 4439; x_wconf 90' lang='grc' dir='ltr'><strong>ό</strong></span> 
     </span>
    </p>
   </div>
   <div class='ocr_carea' id='block_1_83' title="bbox 2037 3826 3551 3903">
    <p class='ocr_par' dir='ltr' id='par_1_83' title="bbox 2037 3826 3551 3903">
     <span class='ocr_line' id='line_1_83' title="bbox 2037 3826 3551 3903; baseline -0.003 -19"><span class='ocrx_word' id='word_1_653' title='bbox 2037 3831 2090 3884; x_wconf 75' lang='grc'><strong>2,</strong></span> <span class='ocrx_word' id='word_1_654' title='bbox 2132 3830 2285 3886; x_wconf 84' lang='lat' dir='ltr'><strong>Fecit</strong></span> <span class='ocrx_word' id='word_1_655' title='bbox 2308 3831 2542 3900; x_wconf 88' lang='lat' dir='ltr'><strong>scriptor</strong></span> <span class='ocrx_word' id='word_1_656' title='bbox 2558 3829 2684 3884; x_wconf 90' lang='lat' dir='ltr'><strong>libri</strong></span> <span class='ocrx_word' id='word_1_657' title='bbox 2705 3839 2950 3903; x_wconf 85' lang='lat' dir='ltr'><strong>apertam</strong></span> <span class='ocrx_word' id='word_1_658' title='bbox 2972 3826 3551 3883; x_wconf 89' lang='lat' dir='ltr'><strong>commemorationem</strong></span> 
     </span>
    </p>
   </div>
   <div class='ocr_carea' id='block_1_84' title="bbox 1966 3917 3552 3991">
    <p class='ocr_par' dir='ltr' id='par_1_84' title="bbox 1966 3917 3552 3991">
     <span class='ocr_line' id='line_1_84' title="bbox 1966 3917 3552 3991; baseline -0.004 -15"><span class='ocrx_word' id='word_1_659' title='bbox 1966 3938 2157 3976; x_wconf 91' lang='lat' dir='ltr'><strong>eorum</strong></span> <span class='ocrx_word' id='word_1_660' title='bbox 2183 3922 2276 3991; x_wconf 92' lang='lat' dir='ltr'><strong>qui</strong></span> <span class='ocrx_word' id='word_1_661' title='bbox 2319 3938 2387 3975; x_wconf 82' lang='lat' dir='ltr'><strong>ex</strong></span> <span class='ocrx_word' id='word_1_662' title='bbox 2422 3923 2566 3976; x_wconf 88' lang='lat' dir='ltr'><strong>Esau</strong></span> <span class='ocrx_word' id='word_1_663' title='bbox 2596 3922 2705 3975; x_wconf 89' lang='lat' dir='ltr'><strong>orti</strong></span> <span class='ocrx_word' id='word_1_664' title='bbox 2736 3928 2886 3975; x_wconf 88' lang='lat' dir='ltr'><strong>sunt.</strong></span> <span class='ocrx_word' id='word_1_665' title='bbox 2920 3918 3023 3984; x_wconf 87' lang='lat' dir='ltr'><strong>Qui</strong></span> <span class='ocrx_word' id='word_1_666' title='bbox 3061 3917 3208 3971; x_wconf 90' lang='lat' dir='ltr'><strong>enim</strong></span> <span class='ocrx_word' id='word_1_667' title='bbox 3241 3931 3310 3970; x_wconf 85' lang='lat' dir='ltr'><strong>ex</strong></span> <span class='ocrx_word' id='word_1_668' title='bbox 3347 3917 3552 3984; x_wconf 90' lang='lat' dir='ltr'><strong>quibus</strong></span> 
     </span>
    </p>
   </div>
   <div class='ocr_carea' id='block_1_85' title="bbox 1967 4005 3551 4080">
    <p class='ocr_par' dir='ltr' id='par_1_85' title="bbox 1967 4005 3551 4080">
     <span class='ocr_line' id='line_1_85' title="bbox 1967 4005 3551 4080; baseline -0.003 -15"><span class='ocrx_word' id='word_1_669' title='bbox 1967 4013 2080 4067; x_wconf 90' lang='lat' dir='ltr'><strong>nati</strong></span> <span class='ocrx_word' id='word_1_670' title='bbox 2119 4013 2248 4076; x_wconf 90' lang='lat' dir='ltr'><strong>sint,</strong></span> <span class='ocrx_word' id='word_1_671' title='bbox 2286 4019 2342 4065; x_wconf 91' lang='lat' dir='ltr'><strong>et</strong></span> <span class='ocrx_word' id='word_1_672' title='bbox 2384 4025 2546 4080; x_wconf 91' lang='lat' dir='ltr'><strong>quam</strong></span> <span class='ocrx_word' id='word_1_673' title='bbox 2575 4011 2810 4080; x_wconf 88' lang='lat' dir='ltr'><strong>quisque</strong></span> <span class='ocrx_word' id='word_1_674' title='bbox 2849 4008 3126 4079; x_wconf 87' lang='lat' dir='ltr'><strong>regionem</strong></span> <span class='ocrx_word' id='word_1_675' title='bbox 3166 4005 3446 4069; x_wconf 88' lang='lat' dir='ltr'><strong>habitarit,</strong></span> <span class='ocrx_word' id='word_1_676' title='bbox 3487 4020 3551 4060; x_wconf 87' lang='lat' dir='ltr'><strong>ac</strong></span> 
     </span>
    </p>
   </div>
   <div class='ocr_carea' id='block_1_86' title="bbox 1967 4098 3548 4172">
    <p class='ocr_par' dir='ltr' id='par_1_86' title="bbox 1967 4098 3548 4172">
     <span class='ocr_line' id='line_1_86' title="bbox 1967 4098 3548 4172; baseline -0.003 -16"><span class='ocrx_word' id='word_1_677' title='bbox 1967 4102 2169 4172; x_wconf 90' lang='lat' dir='ltr'><strong>quibus</strong></span> <span class='ocrx_word' id='word_1_678' title='bbox 2195 4102 2500 4171; x_wconf 89' lang='lat' dir='ltr'><strong>imperarit,</strong></span> <span class='ocrx_word' id='word_1_679' title='bbox 2533 4116 2690 4156; x_wconf 87' lang='lat' dir='ltr'><strong>sacra</strong></span> <span class='ocrx_word' id='word_1_680' title='bbox 2732 4099 3016 4170; x_wconf 88' lang='lat' dir='ltr'><strong>Scriptura</strong></span> <span class='ocrx_word' id='word_1_681' title='bbox 3041 4114 3142 4154; x_wconf 89' lang='lat' dir='ltr'><strong>nos</strong></span> <span class='ocrx_word' id='word_1_682' title='bbox 3167 4098 3354 4154; x_wconf 90' lang='lat' dir='ltr'><strong>docuit</strong></span> <span class='ocrx_word' id='word_1_683' title='bbox 3380 4115 3393 4152; x_wconf 90' lang='lat'>:</span> <span class='ocrx_word' id='word_1_684' title='bbox 3422 4112 3548 4152; x_wconf 90' lang='lat' dir='ltr'><strong>cum</strong></span> 
     </span>
    </p>
   </div>
   <div class='ocr_carea' id='block_1_87' title="bbox 1971 4189 3549 4264">
    <p class='ocr_par' dir='ltr' id='par_1_87' title="bbox 1971 4189 3549 4264">
     <span class='ocr_line' id='line_1_87' title="bbox 1971 4189 3549 4264; baseline -0.003 -16"><span class='ocrx_word' id='word_1_685' title='bbox 1971 4193 2193 4248; x_wconf 88' lang='lat' dir='ltr'><strong>interim</strong></span> <span class='ocrx_word' id='word_1_686' title='bbox 2240 4193 2379 4246; x_wconf 91' lang='lat' dir='ltr'><strong>nihil</strong></span> <span class='ocrx_word' id='word_1_687' title='bbox 2426 4193 2748 4264; x_wconf 68' lang='lat' dir='ltr'><strong>praeclarum</strong></span> <span class='ocrx_word' id='word_1_688' title='bbox 2792 4207 2972 4262; x_wconf 91' lang='lat' dir='ltr'><strong>neque</strong></span> <span class='ocrx_word' id='word_1_689' title='bbox 3019 4190 3286 4246; x_wconf 89' lang='lat' dir='ltr'><strong>memoria</strong></span> <span class='ocrx_word' id='word_1_690' title='bbox 3323 4189 3549 4260; x_wconf 87' lang='lat' dir='ltr'><strong>dignum</strong></span> 
     </span>
    </p>
   </div>
   <div class='ocr_carea' id='block_1_88' title="bbox 1967 4281 3552 4358">
    <p class='ocr_par' dir='ltr' id='par_1_88' title="bbox 1967 4281 3552 4358">
     <span class='ocr_line' id='line_1_88' title="bbox 1967 4281 3552 4358; baseline -0.005 -16"><span class='ocrx_word' id='word_1_691' title='bbox 1967 4286 2257 4358; x_wconf 90' lang='lat' dir='ltr'><strong>quisquam</strong></span> <span class='ocrx_word' id='word_1_692' title='bbox 2274 4301 2466 4342; x_wconf 90' lang='lat' dir='ltr'><strong>eorum</strong></span> <span class='ocrx_word' id='word_1_693' title='bbox 2485 4283 2734 4356; x_wconf 86' lang='lat' dir='ltr'><strong>gesserit.</strong></span> <span class='ocrx_word' id='word_1_694' title='bbox 2754 4283 2948 4338; x_wconf 86' lang='lat' dir='ltr'><strong>Ferme</strong></span> <span class='ocrx_word' id='word_1_695' title='bbox 2966 4282 3150 4351; x_wconf 88' lang='lat' dir='ltr'><strong>itaque</strong></span> <span class='ocrx_word' id='word_1_696' title='bbox 3165 4297 3358 4336; x_wconf 87' lang='lat' dir='ltr'><strong>eorum</strong></span> <span class='ocrx_word' id='word_1_697' title='bbox 3375 4281 3552 4335; x_wconf 85' lang='lat' dir='ltr'><strong>nomi-</strong></span> 
     </span>
    </p>
   </div>
   <div class='ocr_carea' id='block_1_89' title="bbox 1966 4371 3549 4447">
    <p class='ocr_par' dir='ltr' id='par_1_89' title="bbox 1966 4371 3549 4447">
     <span class='ocr_line' id='line_1_89' title="bbox 1966 4371 3549 4447; baseline -0.004 -15"><span class='ocrx_word' id='word_1_698' title='bbox 1966 4393 2035 4432; x_wconf 91' lang='lat' dir='ltr'><strong>na</strong></span> <span class='ocrx_word' id='word_1_699' title='bbox 2058 4392 2240 4433; x_wconf 82' lang='lat' dir='ltr'><strong>sermo</strong></span> <span class='ocrx_word' id='word_1_700' title='bbox 2264 4375 2550 4447; x_wconf 71' lang='lat' dir='ltr'><strong>praeteriit,</strong></span> <span class='ocrx_word' id='word_1_701' title='bbox 2568 4382 2732 4443; x_wconf 90' lang='lat' dir='ltr'><strong>atque</strong></span> <span class='ocrx_word' id='word_1_702' title='bbox 2753 4372 2820 4426; x_wconf 91' lang='lat' dir='ltr'><strong>ad</strong></span> <span class='ocrx_word' id='word_1_703' title='bbox 2843 4371 3088 4426; x_wconf 91' lang='lat' dir='ltr'><strong>divinum</strong></span> <span class='ocrx_word' id='word_1_704' title='bbox 3109 4371 3310 4440; x_wconf 89' lang='lat' dir='ltr'><strong>Ioseph</strong></span> <span class='ocrx_word' id='word_1_705' title='bbox 3335 4387 3392 4425; x_wconf 89' lang='lat' dir='ltr'><strong>se</strong></span> <span class='ocrx_word' id='word_1_706' title='bbox 3415 4386 3549 4425; x_wconf 88' lang='lat' dir='ltr'><strong>con-</strong></span> 
     </span>
    </p>
   </div>
   <div class='ocr_carea' id='block_1_90' title="bbox 270 4457 1863 4548">
    <p class='ocr_par' dir='ltr' id='par_1_90' title="bbox 270 4469 1857 4548">
     <span class='ocr_line' id='line_1_90' title="bbox 270 4469 1857 4548; baseline 0.001 -22"><span class='ocrx_word' id='word_1_707' title='bbox 270 4469 453 4538; x_wconf 71' lang='grc' dir='ltr'>λόγος,</span> <span class='ocrx_word' id='word_1_708' title='bbox 477 4469 736 4542; x_wconf 81' lang='grc' dir='ltr'>καταίρει</span> <span class='ocrx_word' id='word_1_709' title='bbox 761 4470 817 4524; x_wconf 80' lang='grc' dir='ltr'><strong>δὲ</strong></span> <span class='ocrx_word' id='word_1_710' title='bbox 851 4470 1040 4542; x_wconf 83' lang='grc' dir='ltr'>ὥσπερ</span> <span class='ocrx_word' id='word_1_711' title='bbox 1069 4473 1162 4526; x_wconf 73' lang='grc' dir='ltr'><strong>ἐπὶ</strong></span> <span class='ocrx_word' id='word_1_712' title='bbox 1185 4473 1277 4527; x_wconf 82' lang='grc' dir='ltr'>τὸν</span> <span class='ocrx_word' id='word_1_713' title='bbox 1311 4474 1596 4530; x_wconf 83' lang='grc' dir='ltr'>θεσπέσιον</span> <span class='ocrx_word' id='word_1_714' title='bbox 1637 4477 1857 4548; x_wconf 74' lang='grc' dir='ltr'>Ἱωσήςρο</span> 
     </span>
    </p>
   </div>
   <div class='ocr_carea' id='block_1_91' title="bbox 1964 4457 3547 4548">
    <p class='ocr_par' dir='ltr' id='par_1_91' title="bbox 1964 4457 3547 4536">
     <span class='ocr_line' id='line_1_91' title="bbox 1964 4457 3547 4536; baseline -0.006 -14"><span class='ocrx_word' id='word_1_715' title='bbox 1964 4467 2092 4533; x_wconf 83' lang='lat' dir='ltr'><strong>fert,</strong></span> <span class='ocrx_word' id='word_1_716' title='bbox 2114 4466 2294 4536; x_wconf 89' lang='lat' dir='ltr'><strong>deque</strong></span> <span class='ocrx_word' id='word_1_717' title='bbox 2327 4467 2394 4520; x_wconf 91' lang='lat' dir='ltr'><strong>iis</strong></span> <span class='ocrx_word' id='word_1_718' title='bbox 2419 4463 2512 4536; x_wconf 93' lang='lat' dir='ltr'><strong>qui</strong></span> <span class='ocrx_word' id='word_1_719' title='bbox 2538 4479 2607 4518; x_wconf 81' lang='lat' dir='ltr'><strong>ex</strong></span> <span class='ocrx_word' id='word_1_720' title='bbox 2631 4462 2896 4532; x_wconf 81' lang='lat' dir='ltr'><strong>sanguine</strong></span> <span class='ocrx_word' id='word_1_721' title='bbox 2923 4458 3094 4515; x_wconf 88' lang='lat' dir='ltr'><strong>Iacob</strong></span> <span class='ocrx_word' id='word_1_722' title='bbox 3126 4466 3276 4522; x_wconf 90' lang='lat' dir='ltr'><strong>sunt,</strong></span> <span class='ocrx_word' id='word_1_723' title='bbox 3301 4457 3547 4528; x_wconf 72' lang='lat' dir='ltr'><strong>splendi-</strong></span> 
     </span>
    </p>
   </div>
   <div class='ocr_carea' id='block_1_92' title="bbox 276 4562 1869 4637">
    <p class='ocr_par' dir='ltr' id='par_1_92' title="bbox 276 4562 1869 4637">
     <span class='ocr_line' id='line_1_92' title="bbox 276 4562 1869 4637; baseline 0.003 -21"><span class='ocrx_word' id='word_1_724' title='bbox 276 4566 370 4617; x_wconf 70' lang='lat' dir='ltr'><strong>tta&quot;.</strong></span> <span class='ocrx_word' id='word_1_725' title='bbox 416 4563 549 4626; x_wconf 76' lang='grc' dir='ltr'>τοὺς</span> <span class='ocrx_word' id='word_1_726' title='bbox 593 4562 653 4630; x_wconf 70' lang='grc' dir='ltr'>ἐξ</span> <span class='ocrx_word' id='word_1_727' title='bbox 695 4563 926 4632; x_wconf 81' lang='grc' dir='ltr'>αἵματος</span> <span class='ocrx_word' id='word_1_728' title='bbox 965 4562 1159 4618; x_wconf 82' lang='grc' dir='ltr'>Ἰακὼὸ</span> <span class='ocrx_word' id='word_1_729' title='bbox 1205 4564 1456 4637; x_wconf 79' lang='grc' dir='ltr'>λαμπρὸν</span> <span class='ocrx_word' id='word_1_730' title='bbox 1507 4568 1739 4622; x_wconf 79' lang='grc' dir='ltr'>ποιεῖται</span> <span class='ocrx_word' id='word_1_731' title='bbox 1786 4567 1869 4621; x_wconf 86' lang='grc' dir='ltr'><strong>δι-</strong></span> 
     </span>
    </p>
   </div>
   <div class='ocr_carea' id='block_1_93' title="bbox 275 4648 1866 4730">
    <p class='ocr_par' dir='ltr' id='par_1_93' title="bbox 275 4648 1866 4730">
     <span class='ocr_line' id='line_1_93' title="bbox 275 4648 1866 4730; baseline -0.006 -21"><span class='ocrx_word' id='word_1_732' title='bbox 275 4655 495 4724; x_wconf 77' lang='grc' dir='ltr'>ήγημα.</span> <span class='ocrx_word' id='word_1_733' title='bbox 522 4651 809 4716; x_wconf 82' lang='grc' dir='ltr'>Νεώτατος</span> <span class='ocrx_word' id='word_1_734' title='bbox 836 4652 934 4721; x_wconf 87' lang='grc' dir='ltr'>μὲν</span> <span class='ocrx_word' id='word_1_735' title='bbox 975 4648 1070 4708; x_wconf 78' lang='grc' dir='ltr'>οὖν</span> <span class='ocrx_word' id='word_1_736' title='bbox 1097 4653 1208 4706; x_wconf 89' lang='grc' dir='ltr'><strong>τῶν</strong></span> <span class='ocrx_word' id='word_1_737' title='bbox 1235 4655 1409 4709; x_wconf 75' lang='grc' dir='ltr'>ἄλλων</span> <span class='ocrx_word' id='word_1_738' title='bbox 1440 4658 1469 4709; x_wconf 87' lang='grc' dir='ltr'><strong>ό</strong></span> <span class='ocrx_word' id='word_1_739' title='bbox 1512 4657 1710 4729; x_wconf 80' lang='grc' dir='ltr'>Ἰωσὴφ</span> <span class='ocrx_word' id='word_1_740' title='bbox 1748 4662 1866 4730; x_wconf 71' lang='grc' dir='ltr'><strong>(ἐπ-</strong></span> 
     </span>
    </p>
   </div>
   <div class='ocr_carea' id='block_1_94' title="bbox 272 4739 1868 4819">
    <p class='ocr_par' dir='ltr' id='par_1_94' title="bbox 272 4739 1868 4819">
     <span class='ocr_line' id='line_1_94' title="bbox 272 4739 1868 4819; baseline 0 -17"><span class='ocrx_word' id='word_1_741' title='bbox 272 4746 578 4803; x_wconf 81' lang='grc' dir='ltr'>τακαίδεκα</span> <span class='ocrx_word' id='word_1_742' title='bbox 611 4743 723 4814; x_wconf 82' lang='grc' dir='ltr'>γὰρ</span> <span class='ocrx_word' id='word_1_743' title='bbox 749 4739 818 4815; x_wconf 79' lang='grc' dir='ltr'>ἦν</span> <span class='ocrx_word' id='word_1_744' title='bbox 841 4744 1021 4814; x_wconf 71' lang='grc' dir='ltr'>ἐτῶν),</span> <span class='ocrx_word' id='word_1_745' title='bbox 1056 4746 1277 4816; x_wconf 87' lang='grc' dir='ltr'>ίδρῶτός</span> <span class='ocrx_word' id='word_1_746' title='bbox 1308 4763 1370 4815; x_wconf 88' lang='grc' dir='ltr'><strong>γε</strong></span> <span class='ocrx_word' id='word_1_747' title='bbox 1409 4747 1516 4819; x_wconf 76' lang='grc' dir='ltr'>μὴν</span> <span class='ocrx_word' id='word_1_748' title='bbox 1552 4747 1652 4802; x_wconf 79' lang='grc' dir='ltr'><strong>οὐκ</strong></span> <span class='ocrx_word' id='word_1_749' title='bbox 1677 4749 1868 4818; x_wconf 78' lang='grc' dir='ltr'>ἡμέλει</span> 
     </span>
    </p>
   </div>
   <div class='ocr_carea' id='block_1_95' title="bbox 275 4835 1868 4910">
    <p class='ocr_par' dir='ltr' id='par_1_95' title="bbox 275 4835 1868 4910">
     <span class='ocr_line' id='line_1_95' title="bbox 275 4835 1868 4910; baseline 0.004 -21"><span class='ocrx_word' id='word_1_750' title='bbox 275 4835 603 4907; x_wconf 78' lang='grc' dir='ltr'>ποιμενικοῦ</span> <span class='ocrx_word' id='word_1_751' title='bbox 630 4851 643 4863; x_wconf 83' lang='lat'><strong>&#39;</strong></span> <span class='ocrx_word' id='word_1_752' title='bbox 677 4837 788 4898; x_wconf 75' lang='grc' dir='ltr'>τοῖς</span> <span class='ocrx_word' id='word_1_753' title='bbox 809 4835 866 4888; x_wconf 80' lang='grc' dir='ltr'><strong>δὲ</strong></span> <span class='ocrx_word' id='word_1_754' title='bbox 891 4836 1071 4900; x_wconf 85' lang='grc' dir='ltr'>ἀλλοις</span> <span class='ocrx_word' id='word_1_755' title='bbox 1095 4837 1348 4908; x_wconf 81' lang='grc' dir='ltr'>ἀδελφοῖς</span> <span class='ocrx_word' id='word_1_756' title='bbox 1374 4839 1578 4910; x_wconf 77' lang='grc' dir='ltr'>ἀναμὶξ</span> <span class='ocrx_word' id='word_1_757' title='bbox 1600 4840 1710 4894; x_wconf 85' lang='grc' dir='ltr'><strong>τῶν</strong></span> <span class='ocrx_word' id='word_1_758' title='bbox 1737 4841 1868 4895; x_wconf 84' lang='grc' dir='ltr'>ῐσων</span> 
     </span>
    </p>
   </div>
   <div class='ocr_carea' id='block_1_96' title="bbox 272 4927 1858 5004">
    <p class='ocr_par' dir='ltr' id='par_1_96' title="bbox 272 4927 1858 5004">
     <span class='ocr_line' id='line_1_96' title="bbox 272 4927 1858 5004; baseline 0.002 -23"><span class='ocrx_word' id='word_1_759' title='bbox 272 4930 482 5000; x_wconf 68' lang='grc' dir='ltr'>ἥπτετο</span> <span class='ocrx_word' id='word_1_760' title='bbox 519 4928 973 4997; x_wconf 82' lang='grc' dir='ltr'>σπουδασμάτων,</span> <span class='ocrx_word' id='word_1_761' title='bbox 1007 4927 1069 4980; x_wconf 79' lang='grc' dir='ltr'><strong>οὐ</strong></span> <span class='ocrx_word' id='word_1_762' title='bbox 1109 4930 1209 4999; x_wconf 83' lang='grc' dir='ltr'>τὴν</span> <span class='ocrx_word' id='word_1_763' title='bbox 1239 4932 1349 4993; x_wconf 86' lang='grc' dir='ltr'>τοῖς</span> <span class='ocrx_word' id='word_1_764' title='bbox 1383 4932 1439 4984; x_wconf 85' lang='grc' dir='ltr'>ὲν</span> <span class='ocrx_word' id='word_1_765' title='bbox 1475 4929 1585 5004; x_wconf 73' lang='grc' dir='ltr'><strong>ἥϐῃ</strong></span> <span class='ocrx_word' id='word_1_766' title='bbox 1613 4930 1858 5004; x_wconf 86' lang='grc' dir='ltr'>θυμηρε-</span> 
     </span>
    </p>
   </div>
   <div class='ocr_carea' id='block_1_97' title="bbox 273 5016 1856 5095">
    <p class='ocr_par' dir='ltr' id='par_1_97' title="bbox 273 5016 1856 5095">
     <span class='ocr_line' id='line_1_97' title="bbox 273 5016 1856 5095; baseline 0.003 -23"><span class='ocrx_word' id='word_1_767' title='bbox 273 5020 484 5088; x_wconf 74' lang='grc' dir='ltr'>στᾶτην</span> <span class='ocrx_word' id='word_1_768' title='bbox 517 5019 613 5071; x_wconf 74' lang='grc' dir='ltr'>καὶ</span> <span class='ocrx_word' id='word_1_769' title='bbox 644 5016 734 5071; x_wconf 86' lang='grc' dir='ltr'><strong>ἀεί</strong></span> <span class='ocrx_word' id='word_1_770' title='bbox 766 5034 879 5080; x_wconf 81' lang='grc' dir='ltr'><strong>πως</strong></span> <span class='ocrx_word' id='word_1_771' title='bbox 906 5020 1176 5090; x_wconf 73' lang='grc' dir='ltr'>προσφιλῆ</span> <span class='ocrx_word' id='word_1_772' title='bbox 1205 5020 1487 5092; x_wconf 75' lang='grc' dir='ltr'>ῥᾳστώνην</span> <span class='ocrx_word' id='word_1_773' title='bbox 1517 5023 1856 5095; x_wconf 80' lang='grc' dir='ltr'>τετιμηκώς·</span> 
     </span>
    </p>
   </div>
   <div class='ocr_carea' id='block_1_98' title="bbox 268 5107 1858 5185">
    <p class='ocr_par' dir='ltr' id='par_1_98' title="bbox 268 5107 1858 5185">
     <span class='ocr_line' id='line_1_98' title="bbox 268 5107 1858 5185; baseline 0.003 -22"><span class='ocrx_word' id='word_1_774' title='bbox 268 5111 330 5163; x_wconf 71' lang='grc' dir='ltr'>οὗ</span> <span class='ocrx_word' id='word_1_775' title='bbox 360 5109 466 5179; x_wconf 73' lang='grc' dir='ltr'>τὴν</span> <span class='ocrx_word' id='word_1_776' title='bbox 498 5109 748 5179; x_wconf 84' lang='grc' dir='ltr'>πρόωρον</span> <span class='ocrx_word' id='word_1_777' title='bbox 793 5107 886 5161; x_wconf 81' lang='grc' dir='ltr'>τοῦ</span> <span class='ocrx_word' id='word_1_778' title='bbox 933 5108 1048 5178; x_wconf 80' lang='grc' dir='ltr'>βίου</span> <span class='ocrx_word' id='word_1_779' title='bbox 1099 5112 1356 5180; x_wconf 80' lang='grc' dir='ltr'>φροντίδα</span> <span class='ocrx_word' id='word_1_780' title='bbox 1405 5115 1858 5185; x_wconf 81' lang='grc' dir='ltr'>παραιτούμενος,</span> 
     </span>
    </p>
   </div>
   <div class='ocr_carea' id='block_1_99' title="bbox 268 5198 1866 5272">
    <p class='ocr_par' dir='ltr' id='par_1_99' title="bbox 268 5198 1866 5272">
     <span class='ocr_line' id='line_1_99' title="bbox 268 5198 1866 5272; baseline 0.002 -19"><span class='ocrx_word' id='word_1_781' title='bbox 268 5200 393 5254; x_wconf 69' lang='grc' dir='ltr'>οὐδὲ</span> <span class='ocrx_word' id='word_1_782' title='bbox 423 5198 488 5252; x_wconf 77' lang='grc' dir='ltr'>τὸ</span> <span class='ocrx_word' id='word_1_783' title='bbox 521 5198 766 5252; x_wconf 79' lang='grc' dir='ltr'>ἀνεῖσθαι</span> <span class='ocrx_word' id='word_1_784' title='bbox 818 5199 1016 5268; x_wconf 79' lang='grc' dir='ltr'>μᾶλλον</span> <span class='ocrx_word' id='word_1_785' title='bbox 1053 5200 1353 5269; x_wconf 72' lang='grc' dir='ltr'>ἠγαπηκὼς</span> <span class='ocrx_word' id='word_1_786' title='bbox 1377 5239 1393 5264; x_wconf 89' lang='grc'><strong>,</strong></span> <span class='ocrx_word' id='word_1_787' title='bbox 1447 5203 1542 5256; x_wconf 80' lang='grc' dir='ltr'>ἂτε</span> <span class='ocrx_word' id='word_1_788' title='bbox 1585 5203 1649 5272; x_wconf 80' lang='grc' dir='ltr'><strong>δὴ</strong></span> <span class='ocrx_word' id='word_1_789' title='bbox 1683 5204 1778 5257; x_wconf 77' lang='grc' dir='ltr'>καὶ</span> <span class='ocrx_word' id='word_1_790' title='bbox 1807 5205 1866 5256; x_wconf 77' lang='grc' dir='ltr'>ὲν</span> 
     </span>
    </p>
   </div>
   <div class='ocr_carea' id='block_1_100' title="bbox 275 5287 1866 5366">
    <p class='ocr_par' dir='ltr' id='par_1_100' title="bbox 275 5287 1866 5366">
     <span class='ocr_line' id='line_1_100' title="bbox 275 5287 1866 5366; baseline 0.001 -22"><span class='ocrx_word' id='word_1_791' title='bbox 275 5291 593 5361; x_wconf 78' lang='grc' dir='ltr'>μειρακίοις</span> <span class='ocrx_word' id='word_1_792' title='bbox 626 5290 708 5342; x_wconf 79' lang='grc' dir='ltr'>ἔτι</span> <span class='ocrx_word' id='word_1_793' title='bbox 736 5290 921 5342; x_wconf 73' lang='grc' dir='ltr'><strong>τελῶν⁹</strong></span> <span class='ocrx_word' id='word_1_794' title='bbox 963 5291 1079 5344; x_wconf 84' lang='grc' dir='ltr'>ἀλλ’</span> <span class='ocrx_word' id='word_1_795' title='bbox 1109 5287 1196 5344; x_wconf 76' lang='grc' dir='ltr'>οἷα</span> <span class='ocrx_word' id='word_1_796' title='bbox 1236 5292 1568 5364; x_wconf 76' lang='grc' dir='ltr'>πρεσϐύτης,</span> <span class='ocrx_word' id='word_1_797' title='bbox 1613 5295 1690 5347; x_wconf 80' lang='grc' dir='ltr'><strong>ὲν.</strong></span> <span class='ocrx_word' id='word_1_798' title='bbox 1715 5295 1866 5366; x_wconf 72' lang='grc' dir='ltr'>εὐδίᾳ</span> 
     </span>
    </p>
   </div>
   <div class='ocr_carea' id='block_1_101' title="bbox 271 5380 1866 5454">
    <p class='ocr_par' dir='ltr' id='par_1_101' title="bbox 271 5380 1866 5454">
     <span class='ocr_line' id='line_1_101' title="bbox 271 5380 1866 5454; baseline 0.001 -19"><span class='ocrx_word' id='word_1_799' title='bbox 271 5384 378 5454; x_wconf 78' lang='grc' dir='ltr'>μὲν</span> <span class='ocrx_word' id='word_1_800' title='bbox 406 5383 512 5453; x_wconf 73' lang='grc' dir='ltr'>ἤδη</span> <span class='ocrx_word' id='word_1_801' title='bbox 544 5382 822 5451; x_wconf 84' lang='grc' dir='ltr'>λογισμῶν</span> <span class='ocrx_word' id='word_1_802' title='bbox 853 5382 1107 5449; x_wconf 80' lang='grc' dir='ltr'>γεγονὼς,</span> <span class='ocrx_word' id='word_1_803' title='bbox 1127 5383 1219 5435; x_wconf 76' lang='grc' dir='ltr'>καὶ</span> <span class='ocrx_word' id='word_1_804' title='bbox 1249 5382 1339 5434; x_wconf 80' lang='grc' dir='ltr'>τὸν</span> <span class='ocrx_word' id='word_1_805' title='bbox 1377 5383 1502 5436; x_wconf 82' lang='grc' dir='ltr'>νοῦν</span> <span class='ocrx_word' id='word_1_806' title='bbox 1528 5383 1667 5454; x_wconf 82' lang='grc' dir='ltr'>ἔχων</span> <span class='ocrx_word' id='word_1_807' title='bbox 1693 5380 1751 5436; x_wconf 76' lang='grc' dir='ltr'>εὖ</span> <span class='ocrx_word' id='word_1_808' title='bbox 1776 5383 1866 5452; x_wconf 69' lang='grc' dir='ltr'><strong>βεο</strong></span> 
     </span>
    </p>
   </div>
   <div class='ocr_carea' id='block_1_102' title="bbox 271 5471 1863 5544">
    <p class='ocr_par' dir='ltr' id='par_1_102' title="bbox 271 5471 1863 5544">
     <span class='ocr_line' id='line_1_102' title="bbox 271 5471 1863 5544; baseline -0.001 -18"><span class='ocrx_word' id='word_1_809' title='bbox 271 5473 494 5542; x_wconf 74' lang='grc' dir='ltr'>σηκότα</span> <span class='ocrx_word' id='word_1_810' title='bbox 518 5490 530 5502; x_wconf 92' lang='grc'><strong>·</strong></span> <span class='ocrx_word' id='word_1_811' title='bbox 567 5471 739 5541; x_wconf 81' lang='grc' dir='ltr'>πολιῴ</span> <span class='ocrx_word' id='word_1_812' title='bbox 775 5489 832 5524; x_wconf 90' lang='grc' dir='ltr'><strong>τε</strong></span> <span class='ocrx_word' id='word_1_813' title='bbox 866 5473 942 5542; x_wconf 81' lang='grc' dir='ltr'>τῷ</span> <span class='ocrx_word' id='word_1_814' title='bbox 977 5473 1118 5543; x_wconf 76' lang='grc' dir='ltr'>λόγῳ</span> <span class='ocrx_word' id='word_1_815' title='bbox 1152 5473 1452 5544; x_wconf 87' lang='grc' dir='ltr'>χρώμενος,</span> <span class='ocrx_word' id='word_1_816' title='bbox 1483 5475 1576 5527; x_wconf 73' lang='grc' dir='ltr'>καὶ</span> <span class='ocrx_word' id='word_1_817' title='bbox 1615 5475 1712 5544; x_wconf 75' lang='grc' dir='ltr'>τῆς</span> <span class='ocrx_word' id='word_1_818' title='bbox 1743 5476 1863 5526; x_wconf 73' lang='grc' dir='ltr'>ἐσο-</span> 
     </span>
    </p>
   </div>
   <div class='ocr_carea' id='block_1_103' title="bbox 273 5563 1862 5634">
    <p class='ocr_par' dir='ltr' id='par_1_103' title="bbox 273 5563 1862 5634">
     <span class='ocr_line' id='line_1_103' title="bbox 273 5563 1862 5634; baseline 0.028 -40"><span class='ocrx_word' id='word_1_819' title='bbox 273 5567 459 5634; x_wconf 63' lang='grc' dir='ltr'>μένης</span> <span class='ocrx_word' id='word_1_820' title='bbox 485 5563 864 5634; x_wconf 69' lang='grc' dir='ltr'>λαμπρότητος</span> <span class='ocrx_word' id='word_1_821' title='bbox 902 5565 1318 5634; x_wconf 76' lang='grc' dir='ltr'>προαναφαίνων</span> <span class='ocrx_word' id='word_1_822' title='bbox 1357 5566 1417 5618; x_wconf 79' lang='grc' dir='ltr'>τὸ</span> <span class='ocrx_word' id='word_1_823' title='bbox 1455 5564 1668 5630; x_wconf 64' lang='grc' dir='ltr'>κάλλος,</span> <span class='ocrx_word' id='word_1_824' title='bbox 1702 5563 1862 5617; x_wconf 49' lang='grc' dir='ltr'>ἔθων</span> 
     </span>
    </p>
   </div>
   <div class='ocr_carea' id='block_1_104' title="bbox 349 5749 874 5819">
    <p class='ocr_par' dir='ltr' id='par_1_104' title="bbox 349 5749 874 5819">
     <span class='ocr_line' id='line_1_104' title="bbox 349 5749 874 5819; baseline -0.004 -13"><span class='ocrx_word' id='word_1_825' title='bbox 349 5750 400 5783; x_wconf 77' lang='grc'>⁸⁸</span> <span class='ocrx_word' id='word_1_826' title='bbox 424 5749 618 5806; x_wconf 70' lang='lat' dir='ltr'><strong>Matth.</strong></span> <span class='ocrx_word' id='word_1_827' title='bbox 652 5767 757 5819; x_wconf 76' lang='lat' dir='ltr'><strong>xvt,</strong></span> <span class='ocrx_word' id='word_1_828' title='bbox 796 5750 874 5804; x_wconf 80' lang='lat' dir='ltr'><strong>l7.</strong></span> 
     </span>
    </p>
   </div>
   <div class='ocr_carea' id='block_1_105' title="bbox 1967 4550 3547 4617">
    <p class='ocr_par' dir='ltr' id='par_1_105' title="bbox 1967 4550 3547 4617">
     <span class='ocr_line' id='line_1_105' title="bbox 1967 4550 3547 4617; baseline -0.008 -4"><span class='ocrx_word' id='word_1_829' title='bbox 1967 4558 2091 4613; x_wconf 89' lang='lat' dir='ltr'><strong>dam</strong></span> <span class='ocrx_word' id='word_1_830' title='bbox 2146 4557 2521 4613; x_wconf 90' lang='lat' dir='ltr'><strong>narrationem</strong></span> <span class='ocrx_word' id='word_1_831' title='bbox 2569 4552 2829 4608; x_wconf 84' lang='lat' dir='ltr'><strong>instituit.</strong></span> <span class='ocrx_word' id='word_1_832' title='bbox 2887 4550 3146 4606; x_wconf 85' lang='lat' dir='ltr'><strong>Minimus</strong></span> <span class='ocrx_word' id='word_1_833' title='bbox 3191 4550 3378 4617; x_wconf 87' lang='lat' dir='ltr'><strong>itaque</strong></span> <span class='ocrx_word' id='word_1_834' title='bbox 3416 4555 3547 4601; x_wconf 87' lang='lat' dir='ltr'><strong>natu</strong></span> 
     </span>
    </p>
   </div>
   <div class='ocr_carea' id='block_1_106' title="bbox 1967 4641 3546 4716">
    <p class='ocr_par' dir='ltr' id='par_1_106' title="bbox 1967 4641 3546 4716">
     <span class='ocr_line' id='line_1_106' title="bbox 1967 4641 3546 4716; baseline -0.005 -14"><span class='ocrx_word' id='word_1_835' title='bbox 1967 4649 2110 4706; x_wconf 91' lang='lat' dir='ltr'><strong>inter</strong></span> <span class='ocrx_word' id='word_1_836' title='bbox 2126 4648 2268 4703; x_wconf 90' lang='lat' dir='ltr'><strong>ﬁlios</strong></span> <span class='ocrx_word' id='word_1_837' title='bbox 2282 4646 2504 4716; x_wconf 87' lang='lat' dir='ltr'><strong>Ioseph.</strong></span> <span class='ocrx_word' id='word_1_838' title='bbox 2531 4642 2923 4714; x_wconf 86' lang='lat' dir='ltr'><strong>septemdecim</strong></span> <span class='ocrx_word' id='word_1_839' title='bbox 2941 4641 3089 4698; x_wconf 90' lang='lat' dir='ltr'><strong>enim</strong></span> <span class='ocrx_word' id='word_1_840' title='bbox 3112 4647 3233 4696; x_wconf 88' lang='lat' dir='ltr'><strong>erat</strong></span> <span class='ocrx_word' id='word_1_841' title='bbox 3251 4655 3546 4703; x_wconf 88' lang='lat' dir='ltr'><strong>annorum,</strong></span> 
     </span>
    </p>
   </div>
   <div class='ocr_carea' id='block_1_107' title="bbox 1967 4729 3550 4808">
    <p class='ocr_par' dir='ltr' id='par_1_107' title="bbox 1967 4729 3550 4808">
     <span class='ocr_line' id='line_1_107' title="bbox 1967 4729 3550 4808; baseline -0.006 -15"><span class='ocrx_word' id='word_1_842' title='bbox 1967 4738 2213 4793; x_wconf 90' lang='lat' dir='ltr'><strong>laborem</strong></span> <span class='ocrx_word' id='word_1_843' title='bbox 2240 4735 2590 4808; x_wconf 88' lang='lat' dir='ltr'><strong>pastoritium</strong></span> <span class='ocrx_word' id='word_1_844' title='bbox 2621 4749 2729 4788; x_wconf 90' lang='lat' dir='ltr'><strong>non</strong></span> <span class='ocrx_word' id='word_1_845' title='bbox 2766 4731 3115 4796; x_wconf 87' lang='lat' dir='ltr'><strong>detrectavit,</strong></span> <span class='ocrx_word' id='word_1_846' title='bbox 3148 4729 3244 4785; x_wconf 89' lang='lat' dir='ltr'><strong>sed</strong></span> <span class='ocrx_word' id='word_1_847' title='bbox 3279 4745 3386 4784; x_wconf 90' lang='lat' dir='ltr'><strong>una</strong></span> <span class='ocrx_word' id='word_1_848' title='bbox 3425 4743 3550 4784; x_wconf 90' lang='lat' dir='ltr'><strong>cum</strong></span> 
     </span>
    </p>
   </div>
   <div class='ocr_carea' id='block_1_108' title="bbox 1965 4821 3546 4889">
    <p class='ocr_par' dir='ltr' id='par_1_108' title="bbox 1965 4821 3546 4889">
     <span class='ocr_line' id='line_1_108' title="bbox 1965 4821 3546 4889; baseline -0.007 -2"><span class='ocrx_word' id='word_1_849' title='bbox 1965 4832 2089 4888; x_wconf 89' lang='lat' dir='ltr'><strong>aliis</strong></span> <span class='ocrx_word' id='word_1_850' title='bbox 2130 4831 2394 4886; x_wconf 79' lang='lat' dir='ltr'><strong>fratribus</strong></span> <span class='ocrx_word' id='word_1_851' title='bbox 2428 4826 2622 4882; x_wconf 89' lang='lat' dir='ltr'><strong>iisdem</strong></span> <span class='ocrx_word' id='word_1_852' title='bbox 2671 4825 2870 4881; x_wconf 89' lang='lat' dir='ltr'><strong>studiis</strong></span> <span class='ocrx_word' id='word_1_853' title='bbox 2916 4823 3166 4889; x_wconf 84' lang='lat' dir='ltr'><strong>vacabat,</strong></span> <span class='ocrx_word' id='word_1_854' title='bbox 3208 4839 3317 4877; x_wconf 89' lang='lat' dir='ltr'><strong>non</strong></span> <span class='ocrx_word' id='word_1_855' title='bbox 3350 4821 3546 4886; x_wconf 91' lang='lat' dir='ltr'><strong>otium,</strong></span> 
     </span>
    </p>
   </div>
   <div class='ocr_carea' id='block_1_109' title="bbox 1965 4911 3548 4994">
    <p class='ocr_par' dir='ltr' id='par_1_109' title="bbox 1965 4911 3548 4994">
     <span class='ocr_line' id='line_1_109' title="bbox 1965 4911 3548 4994; baseline -0.008 -16"><span class='ocrx_word' id='word_1_856' title='bbox 1965 4939 2076 4994; x_wconf 90' lang='lat' dir='ltr'><strong>quo</strong></span> <span class='ocrx_word' id='word_1_857' title='bbox 2103 4924 2362 4993; x_wconf 76' lang='lat' dir='ltr'><strong>juventus</strong></span> <span class='ocrx_word' id='word_1_858' title='bbox 2406 4918 2680 4990; x_wconf 87' lang='lat' dir='ltr'><strong>imprimis</strong></span> <span class='ocrx_word' id='word_1_859' title='bbox 2709 4916 3032 4980; x_wconf 89' lang='lat' dir='ltr'><strong>delectatur,</strong></span> <span class='ocrx_word' id='word_1_860' title='bbox 3064 4923 3299 4976; x_wconf 84' lang='lat' dir='ltr'><strong>sectans,</strong></span> <span class='ocrx_word' id='word_1_861' title='bbox 3328 4927 3436 4966; x_wconf 90' lang='lat' dir='ltr'><strong>non</strong></span> <span class='ocrx_word' id='word_1_862' title='bbox 3467 4911 3548 4967; x_wconf 90' lang='lat' dir='ltr'><strong>in-</strong></span> 
     </span>
    </p>
   </div>
   <div class='ocr_carea' id='block_1_110' title="bbox 1970 5001 3546 5084">
    <p class='ocr_par' dir='ltr' id='par_1_110' title="bbox 1970 5001 3546 5084">
     <span class='ocr_line' id='line_1_110' title="bbox 1970 5001 3546 5084; baseline -0.008 -15"><span class='ocrx_word' id='word_1_863' title='bbox 1970 5012 2355 5084; x_wconf 85' lang='lat' dir='ltr'><strong>tempestivum</strong></span> <span class='ocrx_word' id='word_1_864' title='bbox 2405 5024 2707 5080; x_wconf 88' lang='lat' dir='ltr'><strong>parumque</strong></span> <span class='ocrx_word' id='word_1_865' title='bbox 2750 5015 2934 5076; x_wconf 88' lang='lat' dir='ltr'><strong>aptum</strong></span> <span class='ocrx_word' id='word_1_866' title='bbox 2961 5003 3104 5058; x_wconf 66' lang='grc' dir='ltr'>σείειιί</span> <span class='ocrx_word' id='word_1_867' title='bbox 3155 5017 3266 5056; x_wconf 64' lang='lat' dir='ltr'><strong>suae</strong></span> <span class='ocrx_word' id='word_1_868' title='bbox 3302 5001 3546 5056; x_wconf 88' lang='lat' dir='ltr'><strong>laborem</strong></span> 
     </span>
    </p>
   </div>
   <div class='ocr_carea' id='block_1_111' title="bbox 1969 5091 3550 5174">
    <p class='ocr_par' dir='ltr' id='par_1_111' title="bbox 1969 5091 3550 5174">
     <span class='ocr_line' id='line_1_111' title="bbox 1969 5091 3550 5174; baseline -0.011 -12"><span class='ocrx_word' id='word_1_869' title='bbox 1969 5103 2400 5174; x_wconf 84' lang='lat' dir='ltr'><strong>subterfugiens,</strong></span> <span class='ocrx_word' id='word_1_870' title='bbox 2425 5118 2604 5172; x_wconf 87' lang='lat' dir='ltr'><strong>neque</strong></span> <span class='ocrx_word' id='word_1_871' title='bbox 2630 5114 2822 5154; x_wconf 86' lang='lat' dir='ltr'><strong>vacare</strong></span> <span class='ocrx_word' id='word_1_872' title='bbox 2847 5096 3129 5157; x_wconf 88' lang='lat' dir='ltr'><strong>adamans,</strong></span> <span class='ocrx_word' id='word_1_873' title='bbox 3155 5101 3344 5162; x_wconf 87' lang='lat' dir='ltr'><strong>utpote</strong></span> <span class='ocrx_word' id='word_1_874' title='bbox 3368 5091 3550 5146; x_wconf 86' lang='lat' dir='ltr'><strong>adhuc</strong></span> 
     </span>
    </p>
   </div>
   <div class='ocr_carea' id='block_1_112' title="bbox 1972 5184 3549 5270">
    <p class='ocr_par' dir='ltr' id='par_1_112' title="bbox 1972 5184 3549 5270">
     <span class='ocr_line' id='line_1_112' title="bbox 1972 5184 3549 5270; baseline -0.008 -19"><span class='ocrx_word' id='word_1_875' title='bbox 1972 5196 2267 5270; x_wconf 86' lang='lat' dir='ltr'><strong>pueritiam</strong></span> <span class='ocrx_word' id='word_1_876' title='bbox 2307 5211 2494 5266; x_wconf 85' lang='lat' dir='ltr'><strong>agens,</strong></span> <span class='ocrx_word' id='word_1_877' title='bbox 2528 5193 2622 5248; x_wconf 87' lang='lat' dir='ltr'><strong>sed</strong></span> <span class='ocrx_word' id='word_1_878' title='bbox 2653 5189 2820 5245; x_wconf 87' lang='lat' dir='ltr'><strong>veluti</strong></span> <span class='ocrx_word' id='word_1_879' title='bbox 2853 5202 3038 5248; x_wconf 83' lang='lat' dir='ltr'><strong>senex,</strong></span> <span class='ocrx_word' id='word_1_880' title='bbox 3063 5195 3119 5240; x_wconf 91' lang='lat' dir='ltr'><strong>et</strong></span> <span class='ocrx_word' id='word_1_881' title='bbox 3157 5184 3549 5255; x_wconf 88' lang='lat' dir='ltr'><strong>cogitationum</strong></span> 
     </span>
    </p>
   </div>
   <div class='ocr_carea' id='block_1_113' title="bbox 1972 5275 3548 5360">
    <p class='ocr_par' dir='ltr' id='par_1_113' title="bbox 1972 5275 3548 5360">
     <span class='ocr_line' id='line_1_113' title="bbox 1972 5275 3548 5360; baseline -0.01 -15"><span class='ocrx_word' id='word_1_882' title='bbox 1972 5288 2306 5360; x_wconf 66' lang='lat' dir='ltr'><strong>prazstantia,</strong></span> <span class='ocrx_word' id='word_1_883' title='bbox 2351 5285 2660 5353; x_wconf 87' lang='lat' dir='ltr'><strong>mentisque</strong></span> <span class='ocrx_word' id='word_1_884' title='bbox 2702 5282 2899 5336; x_wconf 90' lang='lat' dir='ltr'><strong>robore</strong></span> <span class='ocrx_word' id='word_1_885' title='bbox 2940 5277 3224 5348; x_wconf 68' lang='lat' dir='ltr'><strong>praeditus,</strong></span> <span class='ocrx_word' id='word_1_886' title='bbox 3275 5291 3340 5333; x_wconf 87' lang='lat' dir='ltr'><strong>ac</strong></span> <span class='ocrx_word' id='word_1_887' title='bbox 3389 5275 3548 5332; x_wconf 86' lang='lat' dir='ltr'><strong>senili</strong></span> 
     </span>
    </p>
   </div>
   <div class='ocr_carea' id='block_1_114' title="bbox 1973 5368 3550 5442">
    <p class='ocr_par' dir='ltr' id='par_1_114' title="bbox 1973 5368 3550 5442">
     <span class='ocr_line' id='line_1_114' title="bbox 1973 5368 3550 5442; baseline -0.007 -8"><span class='ocrx_word' id='word_1_888' title='bbox 1973 5379 2184 5434; x_wconf 80' lang='lat' dir='ltr'><strong>ratione</strong></span> <span class='ocrx_word' id='word_1_889' title='bbox 2221 5388 2411 5442; x_wconf 89' lang='lat' dir='ltr'><strong>utens,</strong></span> <span class='ocrx_word' id='word_1_890' title='bbox 2454 5375 2734 5442; x_wconf 88' lang='lat' dir='ltr'><strong>futurique</strong></span> <span class='ocrx_word' id='word_1_891' title='bbox 2775 5369 3082 5441; x_wconf 88' lang='lat' dir='ltr'><strong>splendoris</strong></span> <span class='ocrx_word' id='word_1_892' title='bbox 3115 5368 3550 5438; x_wconf 88' lang='lat' dir='ltr'><strong>pulcherrimum</strong></span> 
     </span>
    </p>
   </div>
   <div class='ocr_carea' id='block_1_115' title="bbox 1973 5457 3551 5540">
    <p class='ocr_par' dir='ltr' id='par_1_115' title="bbox 1973 5457 3551 5540">
     <span class='ocr_line' id='line_1_115' title="bbox 1973 5457 3551 5540; baseline -0.008 -14"><span class='ocrx_word' id='word_1_893' title='bbox 1973 5469 2248 5540; x_wconf 81' lang='lat' dir='ltr'><strong>specimen</strong></span> <span class='ocrx_word' id='word_1_894' title='bbox 2271 5468 2462 5532; x_wconf 86' lang='lat' dir='ltr'><strong>edens,</strong></span> <span class='ocrx_word' id='word_1_895' title='bbox 2488 5465 2681 5519; x_wconf 87' lang='lat' dir='ltr'><strong>merito</strong></span> <span class='ocrx_word' id='word_1_896' title='bbox 2704 5463 2865 5517; x_wconf 84' lang='lat' dir='ltr'><strong>beato</strong></span> <span class='ocrx_word' id='word_1_897' title='bbox 2891 5459 3376 5530; x_wconf 85' lang='lat' dir='ltr'><strong>amantissimoque</strong></span> <span class='ocrx_word' id='word_1_898' title='bbox 3406 5457 3551 5529; x_wconf 82' lang='lat' dir='ltr'><strong>patri</strong></span> 
     </span>
    </p>
   </div>
   <div class='ocr_carea' id='block_1_116' title="bbox 1972 5551 3550 5624">
    <p class='ocr_par' dir='ltr' id='par_1_116' title="bbox 1972 5551 3550 5624">
     <span class='ocr_line' id='line_1_116' title="bbox 1972 5551 3550 5624; baseline -0.006 -7"><span class='ocrx_word' id='word_1_899' title='bbox 1972 5561 2388 5618; x_wconf 88' lang='lat' dir='ltr'><strong>admirationem</strong></span> <span class='ocrx_word' id='word_1_900' title='bbox 2441 5559 2523 5613; x_wconf 88' lang='lat' dir='ltr'><strong>sui</strong></span> <span class='ocrx_word' id='word_1_901' title='bbox 2565 5553 2892 5620; x_wconf 78' lang='lat' dir='ltr'><strong>concitavit,</strong></span> <span class='ocrx_word' id='word_1_902' title='bbox 2935 5561 2991 5607; x_wconf 91' lang='lat' dir='ltr'><strong>et</strong></span> <span class='ocrx_word' id='word_1_903' title='bbox 3035 5551 3101 5607; x_wconf 82' lang='lat' dir='ltr'><strong>ad</strong></span> <span class='ocrx_word' id='word_1_904' title='bbox 3157 5552 3420 5624; x_wconf 79' lang='lat' dir='ltr'><strong>majorem</strong></span> <span class='ocrx_word' id='word_1_905' title='bbox 3464 5552 3550 5608; x_wconf 73' lang='lat' dir='ltr'><strong>sui</strong></span> 
     </span>
    </p>
   </div>
   <div class='ocr_carea' id='block_1_117' title="bbox 959 5746 2667 5821">
    <p class='ocr_par' dir='ltr' id='par_1_117' title="bbox 959 5746 2667 5821">
     <span class='ocr_line' id='line_1_117' title="bbox 959 5746 2667 5821; baseline -0.004 -14"><span class='ocrx_word' id='word_1_906' title='bbox 959 5751 999 5777; x_wconf 79' lang='grc'><strong>³⁷</strong></span> <span class='ocrx_word' id='word_1_907' title='bbox 1028 5751 1182 5807; x_wconf 82' lang='lat' dir='ltr'><strong>Ioan.</strong></span> <span class='ocrx_word' id='word_1_908' title='bbox 1217 5753 1389 5821; x_wconf 54' lang='lat' dir='ltr'><strong>vn“.</strong></span> <span class='ocrx_word' id='word_1_909' title='bbox 1471 5753 1512 5780; x_wconf 69' lang='lat'>“</span> <span class='ocrx_word' id='word_1_910' title='bbox 1541 5752 1742 5808; x_wconf 81' lang='lat' dir='ltr'><strong>Icrem.</strong></span> <span class='ocrx_word' id='word_1_911' title='bbox 1777 5768 1882 5821; x_wconf 70' lang='lat' dir='ltr'><strong>xw,</strong></span> <span class='ocrx_word' id='word_1_912' title='bbox 1920 5750 1998 5805; x_wconf 84' lang='grc'><strong>10.</strong></span> <span class='ocrx_word' id='word_1_913' title='bbox 2066 5752 2107 5782; x_wconf 69' lang='grc'><strong>⁵⁹</strong></span> <span class='ocrx_word' id='word_1_914' title='bbox 2145 5751 2279 5806; x_wconf 76' lang='lat' dir='ltr'><strong>Gen.</strong></span> <span class='ocrx_word' id='word_1_915' title='bbox 2311 5762 2507 5815; x_wconf 73' lang='lat' dir='ltr'><strong>xxxv&quot;,</strong></span> <span class='ocrx_word' id='word_1_916' title='bbox 2549 5746 2667 5802; x_wconf 33' lang='lat'><strong>2-11.</strong></span> 
     </span>
    </p>
   </div>
  </div>
