4004 6204
447 252 552 311 287

1476 255 1532 313 S.
1574 257 1845 314 CYRILLI
1883 251 2355 311 ALEXANDRINI
2394 247 2710 311 ARCHIEP.

450 380 696 424 amorem
724 382 788 425 ac
811 381 1000 426 curam
1022 368 1363 442 provocavit.
1387 390 1405 420 ι
1421 368 1555 425 Erat
1575 371 1725 426 enim
1754 369 1912 442 ipsi,»
1936 369 2022 424 in-

2153 366 2331 434 ιάζετο
2361 369 2461 438 μιν
2507 369 2733 431 εἰκότως
2774 367 2929 438 παρά
2960 383 3020 437 γε
3052 366 3133 438 τῷ
3167 368 3420 440 μακαρίῳ
3473 371 3566 425 καὶ
3617 391 3707 444 φιν.

451 459 595 530 quit,
618 478 637 511 ε
655 460 823 517 etiam
850 460 994 516 ﬁlius
1016 459 1318 516 senectutis
1341 459 1405 514 ‘°.
1420 478 1438 511 ι
1456 459 1621 531 Atqui
1644 461 1906 532 quidnam
1924 460 2030 515 hoc

453 548 574 606 est?
596 549 841 606 Affectus
867 550 982 605 sive
1009 549 1401 621 dispositiones
1438 565 1559 620 qua:
1592 550 1648 605 in
1687 549 1848 606 nobis
1879 556 2027 615 sunt,

454 641 633 697 oratio
656 649 842 696 nostra
869 640 1177 713 investigat.
1198 641 1496 697 Parentum
1513 641 1659 696 enim
1679 657 1808 714 erga
1827 640 2032 696 liberos

455 750 610 791 amor
653 733 879 804 a'qualis
921 734 978 789 in
1030 735 1353 791 universum
1390 733 1670 789 nonnullis
1708 746 1813 800 est,
1853 749 2032 804 neque

454 824 567 880 ulla
600 824 815 880 ratione
836 824 1140 895 inaequalis.
1165 824 1402 894 Superat
1424 831 1608 879 autem
1628 839 2027 894 saepenumero,

456 923 513 971 et
548 916 660 970 vim
686 916 853 972 infert
875 917 1045 973 menti
1083 925 1301 982 natura,
1325 916 1664 987 persuadens
1694 915 1818 971 aliis
1844 926 1906 969 ut
1930 900 2034 970 ali-

457 1006 588 1078 quid
626 1008 862 1077 amplius
887 1008 1261 1079 egentioribus
1281 1008 1603 1078 largiantur,
1628 1016 1816 1079 utpote
1841 1008 1937 1078 qui
1978 1008 2035 1062 in

457 1110 526 1151 eo
548 1105 694 1153 statu
722 1098 833 1154 sint
879 1109 941 1153 ut
982 1100 1186 1171 majore
1223 1115 1359 1154 cura
1380 1100 1675 1170 indigeant.
1701 1099 1877 1155 Aliter
1904 1114 2036 1154 vero

461 1186 523 1243 fit
565 1204 960 1260 nonnunquam
1007 1198 1068 1245 ut
1131 1190 1354 1261 quidam
1402 1200 1662 1262 parentes
1707 1192 1911 1246 amoris
1950 1191 2037 1248 sui

460 1279 853 1335 abundantiam
875 1282 932 1336 in
956 1282 1179 1339 ultimos
1210 1283 1309 1338 abs
1333 1298 1391 1339 se
1418 1292 1577 1337 natos
1604 1282 1910 1347 conferant,
1935 1298 2038 1338 an-

466 1371 727 1425 teriorem
777 1387 1022 1428 amorem
1065 1375 1367 1444 posteriore
1419 1374 1825 1444 quodammodo
1868 1375 1925 1429 in
1980 1390 2039 1430 se

463 1461 728 1532 rapiente.
751 1461 1024 1520 Novitaris
1051 1465 1199 1520 enim
1220 1467 1484 1554 appe.tens
1499 1474 1583 1521 est
1600 1466 1839 1521 humana
1863 1481 2037 1533 mens,

465 1559 633 1622 atque
657 1568 848 1608 eorum
878 1554 1102 1624 quidem
1131 1556 1223 1625 qui
1241 1557 1396 1627 prius
1415 1557 1531 1612 nati
1558 1565 1707 1623 sunt,
1731 1556 2040 1613 satietatem

464 1656 575 1696 non
603 1643 791 1713 abjicit
818 1661 831 1697 :
853 1660 1043 1699 eorum
1069 1661 1202 1702 vero
1224 1649 1319 1718 qui
1342 1648 1592 1703 nondum
1620 1647 1755 1713 nati,
1781 1655 1880 1702 aut
1902 1648 2040 1703 alio-

465 1727 560 1797 qui
594 1744 786 1784 recens
825 1732 1078 1801 acquisiti
1122 1742 1271 1800 sunt,
1308 1736 1579 1807 potiorem
1618 1752 1808 1791 curam
1849 1737 2034 1803 habet,

470 1814 631 1887 180
651 1826 707 1873 et
735 1820 1066 1878 ferventiore
1092 1840 1189 1880 eos
1213 1841 1401 1881 amore
1430 1828 1800 1898 prosequitur.
1820 1828 2039 1883 Amavit

466 1907 651 1977 itaque
675 1925 786 1980 pra:
822 1912 945 1968 aliis
984 1914 1205 1971 divinus
1243 1917 1412 1974 Jacob
1437 1918 1662 1989 Ioseph,
1695 1938 1713 1971 ι
1739 1921 1867 1990 quia
1893 1920 2040 1977 ﬁlius

466 1999 766 2055 senectutis
805 2000 909 2071 ipsi
947 2012 1087 2059 erat.
1116 2024 1135 2056 ›
1178 2005 1475 2062 Sciendum
1512 2016 1697 2063 autem
1746 2021 1828 2067 est
1864 2012 2031 2081 quod,

464 2090 569 2146 etsi
592 2090 747 2147 Liatn
770 2109 997 2150 uxorem
1023 2096 1240 2153 duxerit
1263 2086 1318 2154 in
1347 2098 1609 2165 Charran,
1636 2101 1835 2158 amavit
1870 2104 2035 2162 etiam

467 2179 695 2247 Rachel,
730 2199 852 2254 qua:
887 2185 1188 2257 Josephum
1229 2191 1469 2261 peperit,
1513 2200 1570 2248 et
1610 2193 1723 2263 jam
1751 2193 2036 2261 moritura,

467 2272 770 2345 Benjamin.
817 2276 898 2332 Ad
946 2278 1050 2334 hoc
1096 2280 1354 2347 dicimus,
1402 2283 1593 2339 ambos
1636 2284 1860 2354 quidem
1902 2285 2043 2341 ﬁlios

468 2360 640 2418 fuisse
663 2367 991 2435 senectutis;
1023 2369 1225 2426 bonam
1251 2387 1378 2427 vero
1406 2372 1606 2444 Joseph
1632 2374 1891 2439 indolem,
1911 2390 2046 2445 qua-

467 2452 577 2509 lem
594 2456 777 2511 caeteri
796 2473 988 2514 omnes
1004 2475 1117 2515 non
1134 2461 1430 2528 habebant,
1451 2463 1506 2519 in
1522 2479 1686 2519 causa
1701 2463 1888 2528 fuisse,
1907 2472 1969 2520 ut
1984 2465 2040 2521 in

470 2544 621 2602 hunc
651 2563 764 2618 prae
792 2548 916 2604 aliis
948 2552 1297 2621 potissimum
1341 2569 1509 2610 senex
1540 2571 1845 2626 propensus
1878 2555 2036 2613 foret.

471 2635 550 2693 Ita
577 2639 724 2693 enim
752 2640 857 2697 sibi
884 2655 1234 2712 persuaserat
1254 2645 1500 2701 futurum
1528 2662 1657 2702 eum
1672 2648 2046 2705 verisimiliter

473 2729 823 2800 splendidum
864 2740 1028 2805 atque
1074 2735 1379 2804 illustrem;
1408 2738 1610 2810 quippe
1649 2739 1766 2811 qui,
1802 2741 2048 2813 negleCta

469 2818 777 2890 Iuventutis
817 2823 1062 2891 lascivia,
1106 2827 1288 2882 virum
1314 2828 1428 2899 jam
1474 2829 1782 2900 perfectum
1824 2846 1940 2900 prae
1989 2845 2049 2886 se

473 2910 705 2980 ferebat,
735 2931 844 2985 quo
868 2924 1028 2986 pacto
1050 2932 1161 2973 non
1193 2918 1551 2975 admirandus
1576 2922 1680 2976 sit?
1700 2921 1900 2977 Beatus
1918 2935 2050 2976 vero

2129 456 2405 530 λοστόργῳ
2436 458 2628 530 πατρὶ,
2652 458 2877 528 ἀγάπης
2898 475 2956 512 τε
2983 458 3079 512 καὶ
3103 457 3317 528 φειδοῦς
3342 459 3703 531 διαφερόντως

2130 548 2368 620 ἠξιοῦτο.
2410 568 2429 602 ι
2465 545 2574 604 Ἦν
2604 549 2710 624 γάρ
2744 549 2915 622 αὐτῷ,
2954 549 3108 622 φησὶ,
3143 549 3238 604 καὶ
3286 551 3475 623 γήρως
3515 553 3647 617 υἱός.
3679 574 3699 607 ε

2130 643 2243 697 Καὶ
2268 644 2321 697 τί
2358 642 2517 697 τοῦτό
2553 646 2704 710 seu;
2749 644 2864 708 Τὰς
2910 645 2966 699 ὲν
3006 645 3141 714 ήμῖν
3191 643 3458 708 διαθέσεις
3497 648 3525 700 ὁ
3552 646 3703 715 λόγος

2132 736 2266 808 ἡμῖν
2290 733 2753 806 πολυπραγμονεῖ.
2794 737 2859 790 Ai
2892 734 2992 805 μὲν
3029 733 3138 805 γὰρ
3167 735 3262 788 ἐπὶ
3296 736 3453 788 παισὶ
3475 735 3583 787 τῶν
3609 752 3703 805 γε-

2133 824 2474 895 γεννηκότων
2502 823 2895 895 φιλοστοργίαι,
2932 822 3040 877 ἴσαι
3082 841 3144 879 τε
3174 824 3254 886 είς
3292 822 3438 877 ἅπαν
3467 824 3617 895 παρά
3643 827 3705 892 γέ

2132 934 2266 980 τισι,
2290 917 2384 969 καὶ
2413 916 2533 968 κατ’
2571 916 2760 969 οὐδένα
2801 915 3002 987 τρόπον
3021 915 3078 968 ὲν
3097 914 3293 985 μείοσι.
3316 914 3634 970 Πλεονεκτεῖ
3650 917 3707 971 δὲ

2136 1008 2395 1070 πολλάκις
2425 1009 2517 1062 καὶ
2549 1005 2938 1073 καταϐιάζεται
2969 1007 3059 1060 τὸν
3101 1005 3226 1059 νοῦν
3265 1008 3298 1077 ή
3345 1006 3525 1075 φύσις,
3567 1008 3707 1061 ἀπο⁶

2137 1101 2320 1172 νεῖμαί
2356 1118 2410 1154 τι
2442 1099 2617 1172 βραχὺ
2648 1098 2801 1170 παρά
2823 1100 2947 1162 τοὺς
2978 1097 3174 1161 ἀλλους
3203 1096 3577 1168 συμπείθουσα
3600 1100 3711 1162 τοῖς

2139 1191 2618 1263 καταδεεστέροις,
2664 1191 2759 1246 ἅτε
2806 1189 2871 1262 δὴ
2917 1190 3012 1244 καὶ
3063 1190 3399 1260 ὑπάρχουσιν
3449 1191 3507 1243 ὲν
3553 1190 3712 1261 χρείᾳ

2140 1279 2354 1352 φειδοῦς
2380 1281 2479 1352 τῆς
2517 1282 2996 1353 προὺργιαιτέρας.
3024 1279 3232 1343 ’Δλλως
3262 1296 3321 1332 τε
3362 1278 3568 1335 πολλῶν
3595 1278 3708 1334 ἐσθ’

2138 1373 2228 1427 ὅτε
2252 1372 2682 1448 γεγεννημένων,
2708 1370 3005 1442 καταλήγει
3036 1388 3173 1436 πως,
3195 1371 3289 1426 καὶ
3316 1371 3393 1442 τῷ
3415 1370 3711 1441 τελευταίῳ

2139 1465 2325 1519 λοιπὸν
2371 1464 2719 1536 ἑνορμίζεται
2768 1464 2867 1534 τῆς
2913 1464 3133 1534 ἀγάπης
3179 1466 3240 1518 το
3289 1464 3564 1534 περιττὸν,
3613 1464 3712 1534 τὴν

2141 1557 2234 1610 ἐπὶ
2256 1558 2372 1620 τοῖς
2402 1554 2734 1628 προλαϐοῦσι
2772 1554 3175 1627 φιλοστοργίαν,
3218 1556 3313 1611 τοῦ
3362 1559 3479 1628 μετ’
3514 1558 3713 1623 αὐτοὺς

2144 1649 2226 1712 είς
2250 1646 2438 1701 ἑαυτόν
2469 1663 2586 1710 πως
2612 1645 2968 1719 ἁρπάζοντος.
2994 1644 3304 1710 Φιλόκαινος
3326 1648 3435 1718 γὰρ
3452 1648 3482 1700 ὁ
3502 1646 3717 1718 ἀνθρώ-

2146 1755 2300 1801 πινος
2324 1737 2469 1802 νοῦς,
2495 1738 2591 1792 καὶ
2620 1738 2727 1791 τῶν
2750 1736 2850 1809 μὲν
2874 1737 2975 1809 ήδη
3005 1738 3413 1808 προγεγονότων
3439 1739 3531 1792 τὸν
3560 1738 3722 1809 κόρον

2147 1833 2248 1886 οὐκ
2283 1830 2619 1886 ἀποσείεταιο
2673 1829 2786 1885 τῶν
2829 1830 2888 1884 δὲ
2917 1830 3071 1885 οῦπω
3102 1830 3404 1901 παρόντων,
3435 1830 3467 1900 ἢ
3499 1830 3594 1884 καὶ
3626 1831 3723 1901 ἀρ-

2147 1924 2277 1989 τίως
2306 1924 2727 1996 πεπορισμένων
2768 1924 3141 1996 μεταποιεῖται
3182 1922 3323 1987 λίαν,
3363 1923 3456 1977 καὶ
3488 1924 3727 1990 ἀκμαιο-

2149 2016 2315 2089 τέραν
2341 2016 2426 2068 ἐπ’
2475 2016 2653 2081 αὐτοῖς
2683 2014 2780 2085 τὴν
2816 2014 3110 2085 ἐπιθυμίαν
3145 2013 3461 2085 είσδέχεται.
3503 2012 3727 2080 Ἥγάπα

2150 2107 2331 2162 τοίνυν
2373 2106 2524 2178 παρά
2564 2107 2691 2170 τοὺς
2733 2104 2929 2169 ἀλλους
2983 2103 3075 2158 τὸν
3114 2102 3310 2175 Ἰωσὴφ
3358 2103 3387 2155 ὁ
3434 2101 3726 2165 θεσπέσιος

2148 2195 2372 2261 Ἰακὼϐ,
2400 2214 2421 2249 ε
2446 2195 2570 2251 Ὀτι
2599 2194 2787 2265 γήρως
2813 2190 2926 2254 υίὸς
2962 2184 3028 2261 ἦν
3059 2187 3228 2259 αὐτῷ.
3266 2206 3283 2239 ι
3323 2186 3399 2256 (1)
3428 2185 3631 2239 ’ἰστέον
3666 2189 3724 2235 οε

2148 2292 2252 2357 ὅτι,
2288 2289 2461 2344 καίτοι
2500 2288 2600 2357 τὴν
2625 2285 2789 2341 Λείαν
2824 2281 3361 2357 προεισοικισάμενος
3385 2281 3442 2332 έν
3470 2277 3725 2349 Χαρρὰν,

2149 2382 2402 2453 ἠγάπησε
2428 2379 2526 2450 τὴν
2554 2374 2778 2447 Ῥαχὴλ,
2806 2375 2840 2446 ἢ
2869 2374 2961 2428 τὸν
2988 2372 3185 2441 Ἰωσὴφ
3209 2370 3481 2430 ὲκτέτοκε,
3516 2370 3613 2421 καὶ
3635 2386 3726 2421 τεο

2148 2472 2392 2528 λευτῶσα
2407 2472 2497 2525 τὸν
2519 2468 2794 2534 Βενιαμίν.
2822 2464 2964 2537 Πρὸς
2981 2463 3045 2535 δὴ
3057 2461 3216 2516 τοῦτό
3243 2477 3440 2531 φαμεν,
3457 2460 3539 2515 ὅτι
3557 2460 3731 2527 ἄμφω

2157 2559 2256 2631 μὲν
2280 2560 2452 2630 ἥστην
2479 2558 2665 2628 γήρως
2698 2553 2817 2608 υίώ.
2861 2553 2935 2607 Τὸ
2988 2552 3046 2606 δέ
3092 2568 3157 2620 γε
3199 2551 3293 2604 τοῦ
3337 2549 3535 2618 Ἰωσὴφ
3590 2547 3732 2618 πρὸς

2155 2650 2264 2703 πᾶν
2291 2646 2471 2701 ὁτιοῦν
2511 2646 2705 2716 εὐφυὲς
2732 2645 2833 2698 οὐκ
2869 2641 2981 2696 ῐσον
3014 2643 3098 2712 ἐφ’
3132 2641 3367 2696 ἀπασιψ
3408 2636 3731 2719 ἑτεροκλινῆ

2154 2739 2212 2794 δὲ
2249 2737 2438 2810 ὥσπερ
2483 2736 2579 2792 καὶ
2626 2736 2713 2790 ἐπ’
2752 2734 2916 2789 αὑτὸν
2966 2731 3259 2787 νενευκότα
3306 2727 3592 2796 παρέδειξε
3638 2726 3735 2780 τὸν

2157 2828 2487 2901 πρεσϐύτην.
2520 2825 2869 2894 Διελογίζετο.
2887 2824 2995 2895 γάρ
3032 2839 3159 2888 που,
3198 2820 3339 2874 κατά
3363 2820 3423 2872 τδ
3458 2816 3629 2881 εἰκὸς,
3656 2815 3735 2881 ὡς

2159 2920 2310 2976 ἔσται
2338 2918 2587 2991 λαμπρὸς
2614 2917 2710 2971 καὶ
2735 2916 3000 2987 ἀοίδιμος.
3034 2915 3143 2969 Καὶ
3163 2915 3191 2967 ὁ
3220 2913 3328 2967 τῶν
3350 2910 3450 2981 τῆς
3478 2910 3739 2976 νεότητος

477 3000 648 3059 Iacob
701 3005 756 3060 in
804 3005 923 3077 ipso
972 3008 1145 3079 magis
1190 3025 1355 3080 quam
1394 3009 1452 3065 in
1505 3010 1627 3065 aliis
1675 3011 1803 3064 novi
1849 3009 2049 3080 aliquid

2162 3010 2549 3083 σκιρτημάτων
2580 3011 2639 3063 οὐ
2667 3006 3061 3081 πεφροντικὼς,
3096 3007 3175 3069 είς
3204 3005 3375 3075 ἀνδρα
3413 3001 3512 3073 ήδη
3535 3000 3735 3065 τελῶν,

475 3095 680 3152 eﬂ'ecit.
706 3097 970 3153 Tunicam
993 3102 1143 3155 enim
1165 3102 1216 3156 ei
1243 3103 1584 3171 comparavit
1612 3102 1840 3168 variam,
1876 3111 1931 3156 et
1955 3102 2053 3158 de-

479 3186 811 3241 centissimis
850 3188 1099 3243 vestibus
1138 3189 1373 3244 ornavit.
1409 3188 1553 3256 Quid
1600 3190 1766 3261 igitur
1798 3191 1905 3246 hoc
1949 3192 2055 3248 sibi

476 3271 634 3326 vult?
656 3272 1001 3328 Exstimulati
1029 3284 1157 3330 sunt
1179 3277 1246 3331 ad
1269 3277 1407 3333 iram
1435 3277 1531 3333 ﬁlii
1550 3279 1769 3350 Zelpha:
1793 3287 1849 3336 et
1873 3282 2054 3347 Baiias,

480 3362 799 3433 pariterque
833 3362 888 3418 in
920 3365 1224 3420 absurdum
1268 3368 1430 3438 plane
1478 3385 1773 3426 maerorem
1817 3372 2055 3445 abrepti,

481 3450 853 3525 invidiamque
900 3455 1162 3513 adversus
1206 3458 1614 3516 adolescentem
1665 3472 2056 3533 conceperunt,

481 3544 649 3599 etiam
678 3545 717 3600 ii
741 3546 835 3616 qui
865 3562 931 3601 ex
957 3547 1130 3604 libera
1155 3550 1271 3605 nati
1297 3559 1474 3617 erant,
1501 3551 1598 3608 Lia
1621 3554 1880 3609 nimirum
1910 3573 1923 3609 :
1948 3571 2059 3611 non

481 3635 632 3705 quod
670 3635 785 3706 ipse
811 3651 907 3692 eos
935 3638 1043 3693 ulla
1067 3638 1268 3710 injuria
1300 3641 1567 3707 aii'ecerit,
1597 3643 1693 3698 sed
1729 3643 1896 3713 patris
1931 3660 2059 3717 erga

481 3739 610 3780 eum
627 3740 801 3791 amor,
824 3727 1077 3799 bonaque
1101 3732 1258 3801 pueri
1284 3731 1496 3788 indoles
1512 3733 1725 3804 iniusta:
1748 3734 2060 3791 invidentia

481 3812 728 3873 ﬂammas
773 3819 907 3890 ipsis
950 3820 1196 3888 immisit,
1237 3822 1545 3896 linguaeque
1592 3825 1888 3881 virulentia
1933 3843 2061 3882 eum

482 3904 840 3978 impetebant,
853 3910 1226 3968 conviciantes
1243 3921 1299 3969 et
1317 3914 1716 3971 calumniantes
1740 3931 1804 3971 ea
1829 3932 1927 3986 per
1942 3933 2063 3987 quae

483 4012 585 4069 par
606 4008 728 4055 erat
757 4002 1019 4072 juvenem
1054 4005 1295 4061 inimicis
1332 4007 1629 4076 opprobrio
1665 4022 1805 4063 esse.
1835 4007 1970 4073 Hoc,
2004 4018 2064 4064 ut

483 4088 749 4153 arbitror,
772 4100 858 4146 est
881 4110 894 4145 :
926 4113 944 4144 ι
968 4093 1357 4150 Etatluleruut
1373 4096 1577 4167 Joseph
1597 4098 1939 4169 vituperium
1956 4115 2066 4155 ma-

484 4176 597 4232 lum
615 4178 683 4234 ad
697 4180 861 4235 Israel
881 4190 1090 4251 patrem
1106 4201 1287 4239 suum.
1302 4186 1593 4251 rQuocirca
1611 4188 1782 4243 veluti
1800 4190 2065 4259 prazludia

485 4271 735 4340 quaedam
789 4279 844 4328 et
898 4275 1158 4345 primitiae
1201 4276 1496 4347 impiorum
1535 4278 1894 4334 consiliorum
1932 4281 2066 4350 ipsis

2158 3099 2276 3163 πῶς
2306 3099 2405 3152 οὐκ
2455 3096 2521 3152 ἂν
2570 3098 2776 3166 γένοιτο
2826 3093 3442 3164 τῶντεθαυμασμένων;
3489 3093 3736 3145 Κεκαιν-

2157 3185 2398 3259 ούργηκε
2451 3186 2506 3239 δέ
2559 3203 2608 3238 τι
2691 3184 2846 3255 παρά
2884 3184 3010 3248 τοὺς
3042 3182 3235 3246 ἀλλους
3268 3183 3355 3235 ἐπ’
3386 3180 3534 3249 αὐτῷ
3579 3180 3680 3232 καὶ
3708 3178 3740 3232 ό

2163 3277 2431 3350 μακάριος
2461 3264 2682 3329 Ἰακώϐ-
2709 3274 2912 3347 χιτῶνά
2936 3290 2995 3328 τε
3031 3272 3140 3344 γὰρ
3170 3272 3447 3341 ἐξυφαίνει
3467 3268 3740 3329 ποικίλον,

2160 3365 2256 3419 καὶ
2300 3364 2606 3435 ἔσθήμασιν
2654 3362 2817 3434 ἐτίμα
2861 3364 2973 3426 τοῖς
3024 3361 3507 3433 ἐκπρεπεστάτοις.
3543 3358 3611 3411 Τί
3645 3355 3743 3413 οὖν

2159 3454 2448 3520 ὲντεῦθεν;
2484 3453 2865 3526 Κατεθήγοντο
2896 3453 3031 3524 πρὸς
3078 3452 3247 3523 ὀργὰς
3294 3439 3359 3506 οί’
3387 3451 3492 3506 ἀπὸ
3521 3450 3743 3518 Ζελφᾶς

2160 3566 2219 3603 τε
2249 3547 2344 3602 καὶ
2372 3546 2599 3611 Βάλλας,
2628 3544 3120 3615 συναπεκομίζοντο
3147 3543 3204 3596 δὲ
3225 3542 3432 3605 τούτοις
3458 3544 3536 3604 είς
3559 3540 3745 3610 λύπην

2162 3638 2566 3709 ὲκτοπωτάτην,
2602 3634 2813 3691 καὶτὸν
2852 3634 2943 3688 ἐπὶ
2970 3632 3050 3702 τῷ
3082 3633 3351 3704 μειρακίῳ
3390 3631 3576 3685 λοιπὸν
3622 3633 3745 3684 el:—

2162 3730 2406 3799 εδέχοντο
2454 3728 2667 3797 φθόνον,
2695 3728 2743 3780 οἱ
2788 3727 2852 3779 ὲκ
2879 3723 2979 3794 τῆς
3016 3722 3324 3791 ἐλευθέρας.
3364 3721 3503 3792 φημὶ
3539 3719 3603 3786 δὴ
3640 3718 3748 3788 τῆς

2163 3820 2346 3883 Λείας.
2383 3818 2587 3874 Ἦδίκει
2638 3816 2736 3888 μὲν
2768 3816 2877 3887 γὰρ
2913 3815 3111 3877 αὐτοὺς
3149 3813 3178 3865 ὁ
3216 3810 3430 3873 νεανίας
3470 3809 3663 3864 οὐδέν·
3711 3811 3747 3879 ἡ

2163 3912 2220 3966 δὲ
2246 3910 2340 3965 τοῦ
2370 3910 2576 3982 πατρὸς
2609 3909 2885 3979 ἀγάπησις
2922 3905 3015 3963 καὶ
3048 3904 3108 3959 τὸ
3138 3903 3231 3958 τοῦ
3280 3901 3467 3966 παιδὸς
3516 3900 3744 3970 εὐφυὲς,

2162 4003 2262 4074 τῆς
2295 4001 2482 4056 ἀδίκου
2529 3998 2825 4070 βασκανίας
2873 3996 3056 4059 αὐτοῖς
3102 3992 3326 4047 ἐνετίθει
3359 3991 3418 4045 τὸ
3447 3990 3591 4060 πῦρ”
3645 3990 3749 4043 καὶ

2163 4095 2276 4157 τοῖς
2300 4091 2409 4147 ἀπὸ
2446 4089 2692 4160 γλώττης
2746 4085 3134 4158 κατηκόντιζον
3179 4084 3334 4147 τέως.
3377 4080 3748 4152 διαλοιδοροΰ-

2169 4183 2319 4256 μενοι
2368 4199 2487 4247 πως
2535 4182 2626 4237 καῖ
2662 4179 3032 4251 διασύροντες.
3075 4176 3158 4246 ἐφ’
3209 4169 3289 4239 οἷς
3341 4170 3408 4247 ἦν
3454 4174 3601 4236 εἰκὸς
3650 4173 3749 4226 τὸν

2168 4275 2366 4346 ἔφηϐον
2386 4274 2487 4347 ήδη
2506 4270 2963 4336 κατονειδίζεσθαι
2983 4270 3111 4342 παρ’
3128 4259 3747 4341 ἐχθρῶν.Τοῦτο,οἷμαι,

485 4361 710 4421 fuerunt
730 4367 982 4423 convicia
1012 4377 1176 4440 atque
1205 4370 1503 4441 opprobria
1524 4370 1750 4426 eﬂ'renis
1775 4369 1977 4444 linguae
1996 4388 2049 4427 ex

2169 4365 2287 4421 ἐστὶ
2318 4365 2400 4431 τὸ,
2459 4384 2477 4416 ι
2520 4365 2880 4434 Κατήνεγκαν
2929 4360 2987 4415 δὲ
3037 4359 3235 4431 Ἰωσὴφ
3286 4358 3450 4430 ψόγον
3503 4354 3751 4444 πονηρὸν

488 4452 693 4511 invidia
716 4456 978 4528 profecta.
999 4459 1126 4517 Haac
1143 4476 1275 4516 vero
1297 4461 1365 4516 ad
1389 4462 1610 4533 gravius
1631 4461 1819 4517 odium
1842 4442 2049 4542 accens:

2169 4454 2306 4526 πρὸς
2339 4451 2555 4522 Ἰσραὴλ
2588 4452 2679 4504 τὸν
2718 4451 2933 4521 πατέρα
2980 4448 3178 4504 αὐτῶν.
3216 4467 3234 4498 ι
3285 4445 3490 4531 οὐκοῦν
3510 4442 3753 4515 ἀκροϐοἰ

487 4554 592 4613 est,
617 4548 996 4619 hujuscemodi
1035 4549 1102 4609 de
1143 4567 1327 4607 causa.
1365 4552 1512 4608 Deus
1548 4552 1697 4608 enim
1735 4551 2073 4610 adolescenti

490 4638 644 4707 prius
670 4639 959 4705 indicarat,
990 4639 1169 4710 ipsum
1206 4657 1465 4698 successu
1495 4644 1763 4714 temporis
1798 4643 2067 4700 illustrem

490 4732 654 4797 atque
678 4727 976 4799 gloriosum
1007 4730 1144 4796 fore,
1176 4730 1547 4804 fratribusque
1571 4735 1686 4790 suis
1720 4736 2066 4806 praestantio-

492 4833 630 4886 rem,
645 4828 701 4875 et
715 4820 946 4878 summis
962 4822 1267 4880 honoribus
1289 4825 1597 4882 ornandum
1615 4842 1760 4883 esse.
1771 4826 1902 4894 Quae
1921 4834 2072 4883 certe

493 4913 813 4982 provocatio
860 4913 1265 4971 adolescentem
1323 4916 1393 4972 ad
1446 4917 1669 4974 virtutis
1722 4917 2064 4974 desiderium

493 5004 745 5059 acuebat.
806 5003 1275 5072 Quemadmodum
1331 5007 1481 5063 enim
1541 5009 1857 5080 pmdotribse
1882 5050 1896 5073 ,
1945 5024 2070 5063 cum

490 5092 724 5163 juvenes
762 5103 1098 5170 perungunt,
1127 5099 1341 5157 animos
1378 5101 1610 5167 addunt,
1651 5110 1821 5171 utque
1851 5101 2072 5156 labores

493 5182 712 5243 fortiter
735 5189 987 5255 tolerent,
1014 5191 1268 5258 suadent,
1303 5192 1526 5264 praemia
1551 5192 1687 5263 ipsis
1709 5192 2065 5262 explicantes,

496 5292 618 5346 quae
632 5280 995 5336 certaminum
1014 5283 1255 5352 praefecti
1273 5298 1371 5339 sua
1387 5283 1718 5340 liberalitate
1734 5291 2066 5356 proponunt,

499 5376 867 5439 spectatorum
894 5372 1134 5444 denique
1155 5373 1364 5430 faustas
1395 5375 1815 5431 acclamationes
1848 5374 2067 5430 laudes-

499 5473 609 5528 que
637 5470 693 5517 et
725 5464 1053 5535 applausus:
1087 5466 1164 5522 ita
1189 5468 1353 5523 etiam
1389 5468 1555 5535 Deus,
1600 5484 1724 5524 cum
1759 5467 1910 5524 videt
1946 5467 2065 5521 ani-

572 5559 620 5593 ⁸⁸
654 5559 789 5616 Gen.
816 5572 1023 5619 xxxv",
1049 5557 1083 5611 5

2165 4545 2349 4615 λισμοὶ
2373 4543 2470 4614 μὲν
2496 4541 2685 4614 ὥσπερ
2706 4541 2814 4595 τῶν
2842 4540 3071 4595 ἀνοσίων
3094 4526 3425 4612 σκεμμάτων
3454 4536 3752 4606 γεγόνασιν

2164 4635 2431 4706 ἀπαρχαὶ,
2455 4633 2764 4704 φιλοψογίαι
2785 4649 2845 4686 τε
2876 4633 2970 4687 καὶ
2994 4630 3307 4705 σκώμματα
3346 4630 3414 4684 τά
3441 4628 3547 4682 ἀπὸ
3570 4629 3757 4697 γλώτ-

2163 4742 2264 4797 της
2352 4721 2680 4795 ἀχαλινώτου
2776 4722 2869 4776 καὶ
2942 4721 3121 4793 φθόνῳ
3203 4720 3390 4774 λοιπὸν
3450 4719 3757 4789 ὑπηρετεῖν

2165 4818 2523 4888 τεταγμένης.
2574 4816 2879 4870 Ἀνεκαίετο
2927 4813 2983 4867 δὲ
3025 4813 3093 4868 τὰ
3138 4813 3272 4882 πρὸς
3314 4809 3512 4883 ἔχθραν
3559 4808 3756 4873 αὐτοῖς

2168 4909 2549 4981 ἔντονωτέραν,
2585 4909 2649 4962 ὲκ
2679 4907 2890 4962 τοιᾶσδὲ
2933 4923 3074 4970 τινος
3119 4905 3330 4968 αίτίας*
3382 4903 3458 4975 τῷ
3498 4902 3593 4973 μὲν
3637 4903 3757 4975 γὰρ

2168 4997 2352 5074 νεανίᾳ
2387 5001 2779 5073 προαναφαίνει
2825 5000 2977 5064 Θεὸς,
3024 4998 3101 5063 ὡς
3149 4997 3302 5052 ἔσται
3346 4996 3488 5051 κατὰ
3518 4997 3759 5068 καιροὺς

2168 5095 2419 5169 λαμπρὸς
2438 5094 2533 5149 καὶ¹
2556 5093 2915 5157 ἁπόϐλεπτος,
2946 5091 3042 5147 καὶ
3079 5089 3190 5144 τῶν
3231 5089 3477 5159 ἀδελφῶν
3501 5090 3558 5142 ἐν
3587 5088 3756 5158 ἀμείο

2175 5206 2313 5247 νοσι.
2345 5189 2441 5241 καὶ
2470 5188 2592 5251 ταῖς
2644 5187 2722 5251 εἰς
2755 5183 2909 5256 λῆξιν
2957 5183 3228 5246 εὐκλείαις
3280 5181 3757 5252 κατεστεμμένος.

2176 5276 2484 5348 Πρόκλησις
2516 5274 2591 5341 δὲ,
2635 5270 2810 5347 οἶμαι,
2839 5274 2900 5327 τὸ
2933 5272 3208 5346 δρώμενον
3254 5269 3351 5345 ἦν,
3394 5270 3649 5326 ἀκονῶσα
3691 5273 3759 5326 τὸ

2180 5368 2463 5439 μειράκιον
2490 5367 2568 5430 είς
2609 5365 2795 5434 ἔφεσιν
2830 5364 3050 5435 ἀρετῆς.
3087 5363 3296 5434 Ὀνπερ
3334 5361 3440 5433 γάρ
3474 5362 3674 5432 τρόπον
3702 5362 3761 5415 οι

2178 5455 2518 5529 παιδοτρίϐαι
2552 5454 2679 5518 τοῦς
2699 5452 2850 5516 νέους
2876 5451 3205 5520 ἀλείφοντες,
3229 5449 3608 5518 παραθήγουσι
3646 5446 3761 5513 μὲν

574 5650 650 5722 (Ι)
687 5649 887 5722 Supple
906 5665 968 5704 ex
995 5648 1181 5722 codice
1208 5646 1503 5722 llarlaaano
1526 5664 1538 5699 :
1582 5638 2049 5722 'Aitif,_olpat,_gz.

2153 5643 2231 5706 οὺς
2273 5644 2428 5697 τοῦτο
2469 5644 2598 5716 ὲρεῐ,
2614 5638 2728 5704 πῶς
2767 5636 2830 5692 ἃν
2864 5636 3035 5692 νοοῖτο
3058 5633 3239 5705 γήρως
3261 5631 3375 5694 υἱὸς
3404 5632 3433 5683 ὸ
3454 5626 3745 5692 θεσπέσιος

513 5712 733 5792 Ἰωσὴφ,
766 5712 944 5774 καίτοι
978 5719 1092 5790 μετ’
1127 5718 1285 5773 αὑτὸν
1317 5717 1598 5786 γεγονότος
1625 5714 1718 5766 τοῦ
1747 5712 2022 5783 Βενιαμίν.
