4032 6198
259 263 367 318 989

1275 256 1791 316 GLAPHYRORUM
1832 258 1895 313 IN
1936 258 2233 315 GENESIM
2275 260 2402 316 LIB.
2447 260 2531 316 Vl.

3420 267 3526 328 290

261 382 342 444 εἰς
363 379 738 450 εὐτολμότατα
767 379 1109 450 τολμήματα,
1141 380 1231 432 καὶ⁵
1254 380 1313 433 τὸ
1339 380 1609 450 τληπαθὲς
1630 377 1821 432 ἑλέσθα

1951 393 2092 430 mam
2140 377 2280 431 bona
2316 377 2500 432 indole
2526 375 2864 447 probataque
2913 385 2968 431 et
3021 377 3176 448 181
3207 377 3524 452 incorrupta

261 474 430 542 τιμᾷν
460 468 835 532 ἀναπείθουσι,
855 471 922 523 τὰ
943 471 1079 540 γέρα
1104 470 1588 542 προαγορεύοντες,
1607 468 1642 523 ὃ.
1663 472 1727 540 τῇ
1751 467 1841 521 τοῦ

261 565 419 635 νικᾷν
452 563 733 615 συνθέουσι
763 561 890 631 δόξῃ
922 562 974 614 αἱ
999 561 1107 614 τῶν
1131 560 1608 629 ἁγωνοθετούντων
1638 559 1842 629 φιλοτι-

262 657 407 726 μίαι,
444 655 546 718 τὰς
569 654 720 725 παρὰ
743 653 853 707 τῶν
888 653 1176 724 θεωμένων
1212 653 1506 723 εὐφημίας,
1534 652 1660 714 τοὺς
1684 649 1843 704 ἐπαί-

259 760 408 808 νους,
445 744 572 806 τοὺς
603 743 850 812 κρότουςο
890 741 1040 796 οῦτω
1071 742 1163 795 καὶ
1190 744 1218 796 ὁ
1247 741 1352 794 τῶν
1381 741 1516 794 ὅλων
1535 739 1686 802 Θεὸς,
1715 740 1842 792 ὅταν

259 833 345 901 τδῃ
396 831 578 902 ψυχὴν
627 832 837 902 εύφυᾶ,
886 831 1096 902 δοκίμῳ
1146 849 1205 884 τε
1258 833 1353 885 καὶ
1398 831 1671 902 ἀκιὸδήλῳ
1722 831 1840 883 δια-

258 924 581 995 πρέπουσαν
621 923 717 994 νῷ,
750 923 844 976 καὶ
887 923 1024 993 πρὸς
1065 924 1173 976 πᾶν
1209 922 1318 975 τῶν
1350 923 1586 993 ἀρίστων
1618 920 1842 990 ἔχουσαν

257 1015 602 1086 ἐπιτηδείως,
654 1015 809 1068 καλεῖ
846 1014 910 1085 δὴ
950 1015 1071 1069 τότε
1112 1015 1248 1086 πρδς
1275 1013 1334 1068 τὸ
1368 1014 1498 1085 δρᾷν
1531 1012 1744 1066 ἑλέσθαι
1779 1011 1841 1065 τὸ

256 1105 495 1173 ἀγαθόν’
550 1105 978 1176 προαναδεικνὺς
1013 1105 1081 1157 τὰ
1123 1105 1376 1174 ἐσόμενα,
1423 1103 1518 1156 καὶ
1563 1100 1841 1163 διανιστὰς

253 1195 618 1266 οἰκονομικῶς
669 1197 750 1258 εἰς
803 1195 1131 1266 προθυμίαν,
1179 1195 1334 1264 δῆλον
1379 1194 1434 1247 δὲ
1487 1195 1568 1247 ὅτι
1604 1193 1705 1264 τὴν
1753 1195 1838 1245 ἐπ’

253 1287 500 1357 ἀρεταῖς.
533 1287 755 1357 Ὀραμα
785 1285 962 1338 τοίνυν
986 1285 1079 1338 καὶ
1103 1285 1251 1356 ὀμφή
1275 1302 1358 1347 τις
1387 1283 1593 1338 ἄνωθεν
1623 1281 1836 1351 ἐπεφοί-

251 1378 386 1447 τησὲ
425 1395 556 1430 ποτε
602 1377 680 1447 τῷ
719 1376 843 1448 νέῳ,
885 1378 1026 1446 φημὶ
1061 1375 1124 1446 δὴ
1157 1375 1234 1445 τῷ
1271 1376 1496 1446 Ἰωσήφ·
1525 1377 1554 1428 ό
1585 1373 1662 1438 δὲ,
1685 1370 1837 1442 οἶμαί

253 1483 381 1530 που,
410 1465 704 1536 θαυμάσας
752 1465 1098 1519 ἀνεκοινοῦτο
1127 1469 1236 1528 τοῖς
1278 1466 1547 1534 ἀδελφοῖς,
1581 1463 1723 1518 οὕτω
1754 1463 1838 1516 λέ-

254 1577 396 1626 γων’
441 1579 460 1609 ι
513 1557 808 1612 Ἀκούσατε
845 1557 938 1610 τοῦ
981 1558 1231 1610 ἐνυπνίου
1261 1557 1451 1610 τούτου
1491 1551 1550 1610 οὗ
1585 1556 1837 1609 ὲνυπνιάυ

250 1651 410 1721 σθηνο
451 1651 630 1721 ᾫμην
670 1651 818 1720 ἡμᾶς
866 1648 1148 1719 δεσμεύειν
1173 1648 1464 1719 δράγματα
1489 1649 1546 1700 ἐν
1579 1647 1726 1717 μέσῳ
1757 1645 1835 1717 τῷ

1947 476 2127 524 mente
2162 469 2467 539 praeditam,
2506 476 2668 537 alque
2702 468 2768 523 ad
2796 483 3014 523 omnem
3039 469 3298 524 virtutem
3321 474 3524 542 Optime

1945 567 2338 628 comparatam,
2364 566 2480 612 tum
2506 557 2728 613 demum
2759 567 2916 614 vocat
2936 559 3001 614 ad
3029 558 3232 613 bonum
3257 572 3522 629 praastan-

1944 650 2095 715 dum,
2115 659 2538 720 praemonstrans
2551 650 2756 714 futura,
2771 651 3123 721 excitansque
3139 654 3523 710 miroartiﬁeio

1943 741 2010 796 ad
2047 742 2279 796 virtutes
2310 742 2564 796 alacriter
2589 742 3016 811 amplectendas.
3046 742 3197 796 Visio
3241 742 3425 813 itaque
3466 753 3523 800 et

1944 848 2046 886 vox
2062 833 2306 903 quaedam
2323 834 2540 889 coalitus
2557 833 2746 904 juveni
2761 833 2980 896 accidit,
2993 834 3254 903 Josepho,
3271 835 3518 904 inquam;

1941 924 2124 994 qui.ut
2149 925 3052 990 reor,admiratus,conununicavit
3070 926 3122 980 id
3141 926 3427 991 fratribus;
3443 928 3518 983 ita

1941 1015 2168 1070 dicens:
2202 1036 2219 1066 ι
2249 1017 2753 1071 Auditesomnium
2797 1033 2976 1071 meum
3019 1019 3164 1088 quod
3200 1017 3467 1072 somniavi
3499 1035 3513 1070 :

1939 1108 2203 1163 Putabam
2245 1125 2345 1164 nos
2389 1109 2557 1180 ligare
2600 1110 2910 1179 manipulos
2955 1110 3008 1163 in
3055 1110 3235 1164 medio
3277 1125 3426 1179 agro,
3460 1117 3517 1165 et

1939 1198 2176 1253 surrexit
2204 1215 2360 1253 meus
2402 1199 2714 1268 manipulus
2757 1207 2812 1254 et
2855 1207 3071 1253 erectus
3109 1208 3224 1265 est;
3263 1199 3514 1254 conversi

1938 1302 2123 1346 autem
2161 1291 2427 1362 manipuli
2451 1293 2614 1347 vestri
2645 1292 3010 1347 adoraverunt
3036 1307 3217 1346 meum
3261 1293 3514 1362 manipu-

1937 1383 2072 1438 lum.
2104 1383 2367 1439 Dixerunt
2390 1393 2571 1440 autem
2606 1385 2657 1440 ei
2683 1385 2880 1439 fratres
2912 1385 3031 1454 ejus
3061 1401 3073 1437 :
3104 1383 3380 1452 Numquid
3421 1401 3511 1440 re-

1937 1489 2110 1544 gnans
2141 1473 2393 1546 regnabis
2415 1489 2581 1544 super
2605 1489 2724 1537 nos,
2758 1481 2852 1526 aut
2872 1473 3164 1526 dominans
3187 1472 3510 1529 dominabe-

1937 1564 2015 1618 ris
2051 1563 2243 1618 nobis?
2268 1564 2334 1619 Et
2370 1563 2703 1619 addiderunt
2727 1563 2906 1618 adhuc
2947 1562 3076 1616 odio
3118 1562 3322 1615 habere
3352 1577 3506 1628 eum,

1935 1664 2160 1724 pr0pter
2185 1655 2394 1710 somnia
2419 1655 2539 1725 ejus
2564 1664 2618 1709 et
2656 1653 2824 1708 verba
2846 1653 2910 1706 δ’.
2944 1671 2961 1702 ι
2994 1651 3129 1705 Vide
3175 1651 3359 1720 itaque
3397 1666 3512 1720 quo

247 1742 440 1811 πεδίῳ,
470 1743 566 1794 καὶ
591 1742 787 1811 ἀνέστη
812 1742 872 1795 τὸ
894 1741 1024 1812 ἐμὸν
1046 1741 1265 1812 δράγμα
1288 1740 1381 1810 καὶ
1398 1737 1648 1807 ὠρθὼθη’
1676 1754 1821 1807 περι-

1931 1756 2089 1816 pacto
2139 1748 2194 1801 in
2245 1747 2312 1801 iis
2355 1754 2565 1802 crescat
2607 1745 2832 1809 invidia,
2879 1759 2943 1799 ac
2987 1743 3160 1798 veluti
3203 1742 3508 1796 fomentum

248 1835 563 1904 στραφέντα
587 1834 645 1887 δὲ
675 1835 744 1887 τὰ
769 1834 1054 1906 δράγματα
1091 1833 1269 1903 ὑμῶν,
1305 1829 1721 1902 προσεκύνησαν
1752 1828 1830 1898 τῷ

249 1927 364 1997 ὲμῴ
396 1926 695 1995 δράγματι.
727 1921 897 1978 Εἶπον
922 1925 979 1978 δὲ
1001 1923 1147 1995 αύτῷ
1177 1925 1229 1976 οἱ
1261 1921 1510 1990 ἀδελφοί·
1543 1919 1636 1990 Μὴ
1679 1919 1830 1989 βασι·

246 2021 416 2074 λεύων
448 2019 786 2090 βασιλεύσεις
831 2018 914 2087 ἐφ’
947 2019 1114 2088 ἡμᾶς,
1151 2014 1479 2087 ἢκυριεύων
1522 2012 1829 2084 κυριεύσεις

245 2111 433 2180 mum;
473 2109 583 2164 Καὶ
615 2107 942 2180 προσέθεντο
965 2108 1046 2160 ἔτι
1079 2109 1257 2178 μισεῖν
1286 2106 1469 2168 αὑτὸν,
1495 2105 1680 2158 ἕνεκεν
1718 2103 1827 2155 τῶν

243 2201 513 2255 ἐνυπνίων
554 2199 745 2264 αὑτοῦ,
777 2200 872 2253 καὶ
917 2201 1103 2253 ἕνεκεν
1143 2197 1250 2252 τῶν
1285 2197 1544 2269 ῥημάτων
1573 2193 1755 2250 αὑτοῦ.
1801 2214 1819 2245 δ

246 2291 439 2369 ’Δθρει
481 2293 545 2364 δὴ
573 2289 689 2359 οῦν,
722 2293 803 2346 ὅτι
852 2292 985 2364 πρὸς
1013 2290 1251 2344 ἐπίδοσιν
1290 2291 1469 2351 αὐτοῖς
1493 2287 1562 2341 τὰ
1588 2287 1684 2358 τῆς
1725 2287 1822 2357 βα-

243 2386 474 2448 σκανίας
510 2386 736 2454 οἴχεται,
787 2385 882 2438 καὶ
923 2384 1130 2456 τροφὴν
1161 2384 1350 2452 ὥσπερ
1390 2382 1511 2434 τινα
1547 2379 1824 2434 ποιοῦνται

238 2477 313 2546 τῷ
343 2475 532 2546 φθόνῳ
606 2475 675 2529 τὰ
716 2477 780 2529 ὲκ
828 2474 935 2527 τῶν
965 2473 1231 2528 ἐνυπνίων
1284 2470 1712 2542 ὑποδηλούμενα.
1759 2471 1823 2523 Οἱ

237 2569 339 2640 γὰρ
373 2568 517 2630 ὅλως
543 2568 642 2638 τὴν
674 2568 848 2638 ἀρχὴν
885 2567 946 2620 ού
989 2567 1222 2638 μετρίως
1253 2563 1823 2634 ἀσχάλλοντες,διαφε-

240 2663 447 2730 ρόντως
483 2661 562 2712 ὅτι
607 2660 889 2729 τετίμητο.
936 2657 1052 2721 πῶς
1091 2656 1155 2710 ἃν
1181 2657 1358 2709 οἰστὸν
1390 2657 1714 2727 ἐποιήσαντο
1761 2655 1822 2709 τὸ

238 2749 460 2802 ἑλέσθαι
490 2748 580 2801 καὶ
608 2749 955 2817 προσκυνεῖν,
986 2748 1078 2799 καὶ
1105 2745 1256 2811 τάξιν
1286 2745 1434 2815 αύτῷ
1460 2745 1696 2815 τηρῆσαι
1721 2744 1820 2816 τὴν

237 2833 336 2892 ὧδε
360 2840 574 2910 σεπτὴν
599 2839 696 2892 καὶ
722 2839 856 2892 πολὺ
882 2837 1000 2890 λίαν
1029 2837 1446 2909 ύπερηρμένην;
1473 2835 1617 2907 Πλὴν
1646 2837 1822 2890 έκεῖνο

236 2933 384 2998 ἄξιον
433 2933 584 2995 ίδεῖν,
628 2930 747 2994 πῶς
776 2931 862 2983 ἀεὶ
895 2933 922 2983 ὁ
955 2929 1144 3000 φθόνος
1193 2929 1414 2984 ἀνοσίαν
1453 2928 1565 2997 ἔχει
1597 2927 1695 2997 τὴν
1726 2925 1820 2994 ἔφ-

232 3033 368 3099 οδον,
407 3034 506 3085 καὶ
526 3032 618 3086 διὰ
636 3031 744 3083 τῶν
774 3030 904 3083 ῐσων
927 3027 1144 3099 ἔρχεται
1177 3021 1382 3076 κακῶν.
1416 3019 1732 3090 Εύρησομεν
1760 3016 1816 3071 δὲ

1930 1837 2204 1907 quoddam
2241 1838 2318 1892 illi
2355 1838 2635 1908 prtebeant
2669 1852 2733 1891 ea
2763 1852 2884 1906 qua:
2908 1851 3005 1906 per
3030 1834 3307 1888 somnium
3334 1833 3507 1904 signi-

1928 1928 2180 1984 ﬁcantur.
2219 1929 2324 1996 Qui
2355 1930 2502 1984 enim
2544 1929 2700 1983 initio
2735 1927 3017 1999 tegerrime
3072 1925 3321 1980 ferebant
3357 1923 3508 1995 quod

1927 2016 2139 2072 honore
2169 2017 2498 2081 afﬁceretur,
2524 2033 2762 2086 quonam
2807 2023 2968 2086 pacto
3001 2015 3286 2070 tolerabile
3313 2015 3504 2068 existi-

1927 2110 2128 2164 maturi
2164 2117 2322 2164 erant
2352 2109 2529 2179 ipsum
2564 2108 2778 2162 adorari
2815 2116 2978 2176 atque
3019 2107 3073 2161 in
3111 2106 3251 2160 adeo
3280 2105 3504 2160 sublimi

1927 2197 2190 2268 dignitate
2257 2197 2740 2252 constituendum?
2795 2195 3065 2251 Caeterum
3127 2195 3260 2250 illud
3322 2211 3505 2265 operta

1926 2290 2162 2360 pretium
2188 2297 2272 2344 est
2296 2289 2506 2354 videre,
2534 2306 2642 2360 quo
2667 2298 2826 2358 pacto
2850 2288 3056 2342 invidia
3083 2289 3311 2357 impium
3353 2303 3501 2342 sem-

1899 2381 1906 2389 '
1923 2395 2022 2450 per
2047 2381 2351 2450 ingressum
2389 2379 2574 2441 habet,
2601 2389 2656 2434 et
2682 2395 2779 2449 per
2805 2377 3030 2447 aequalia
3064 2377 3203 2432 mala
3229 2377 3500 2446 procedit.

1923 2471 2273 2528 Inveniemus
2303 2480 2486 2527 autem
2515 2472 2661 2526 illam
2683 2487 2802 2526 esse
2831 2470 2999 2525 feram
3039 2485 3256 2532 ezecam,
3281 2470 3504 2542 Deoquc

1923 2572 2340 2634 repugnantem.
2367 2563 2758 2620 Animadverte
2777 2563 2950 2626 enim,
2975 2577 3100 2615 eum
3127 2561 3273 2616 Deus
3297 2560 3500 2631 Joseph

1921 2655 2314 2720 prrenuntiaret
2352 2652 2549 2708 fotum
2571 2651 2757 2721 gloria:
2794 2651 3136 2722 dignitatem,
3171 2667 3235 2706 ac
3274 2666 3500 2708 necesse

1921 2751 2066 2797 esset
2108 2744 2256 2812 ipsos
2292 2743 2367 2799 ita
2409 2758 2594 2797 secum
2625 2743 2888 2812 cogitare,
2931 2750 3192 2812 certoque
3232 2749 3498 2809 statuere,

1922 2834 2093 2888 Deum
2135 2842 2281 2888 recte
2315 2833 2652 2903 judicantem
2690 2849 3037 2903 nequaquam
3080 2834 3497 2891 immerentibus

1921 2939 2164 2978 summos
2183 2924 2420 2979 honores
2442 2923 2789 2990 delaturum;
2831 2923 3052 2990 deinde,
3079 2940 3203 2979 cum
3229 2942 3330 2996 par
3351 2933 3500 2981 esset

1920 3029 2016 3069 eos
2053 3015 2223 3070 laetari
2250 3017 2322 3070 ob
2347 3015 2592 3080 fratrem,
2626 3016 2716 3071 cui
2757 3015 3094 3085 amplissima
3131 3032 3256 3086 spes
3295 3032 3496 3088 propo-

237 3080 368 3099 ηη.
411 3080 616 3086 "mw"
957 3080 1024 3099 ,μ
1496 3080 1508 3089 .
1551 3080 1562 3090 ,
1633 3080 1646 3088 ,

231 3126 439 3193 τυφλόν
467 3141 526 3177 τε
550 3125 644 3176 καὶ
663 3122 930 3192 θεομάχον
958 3121 1040 3173 ὃτι
1081 3117 1318 3188 μάλιστα
1337 3111 1396 3165 τὸ
1424 3110 1628 3182 θηρίον.
1668 3111 1816 3165 Ἐπι-

1923 3107 2046 3170 sita,
2082 3115 2138 3160 et
2167 3106 2350 3164 divina
2385 3108 2665 3162 voluntate
2705 3107 3008 3161 honoratus
3051 3080 3189 3172 erat,
3221 3080 3324 3162 hoc
3364 3080 3496 3178 qui-

231 3219 385 3288 τήρει
419 3216 552 3286 γὰρ,
590 3216 737 3278 ὅπως
766 3213 901 3267 Θεοῦ
926 3208 1384 3282 προαγγέλλοντος
1407 3203 1484 3272 τῷ
1499 3204 1696 3274 Ἰωσὴφ
1717 3202 1816 3274 τὴν

235 3311 328 3381 τῆς
387 3312 664 3379 ἐσομένης
723 3306 974 3368 εὐκλείας
1028 3301 1406 3372 λαμπρότητα,
1461 3297 1577 3350 δέον
1641 3297 1816 3349 ὲκεῐνο

227 3400 644 3471 διενθυμεῖσθαι
676 3398 864 3468 σαφῶς
885 3437 901 3463 ,
931 3397 1005 3458 ὡς
1035 3397 1135 3448 οὐκ
1165 3393 1230 3448 ἂν
1259 3395 1286 3446 ό
1311 3392 1379 3445 τὰ
1399 3391 1581 3445 δίκαια
1615 3388 1816 3460 κρίνων

229 3493 355 3557 Θεὸς
381 3493 663 3545 ὲποίσειεν
686 3490 752 3544 ἂν
781 3492 894 3553 τοῖς
931 3490 1028 3558 ούχ
1061 3486 1202 3539 ἑλεῖν
1229 3484 1401 3550 ἀξίοις
1429 3483 1525 3546 τὰς
1557 3481 1816 3536 ἀνωτάτω

229 3589 416 3654 τιμὰς,
466 3580 585 3636 εἶτα
607 3584 814 3654 χαίρειν
835 3583 920 3636 ἐπ’
942 3580 1156 3651 ἀδελφῷ
1183 3576 1612 3647 διαφανεστάτην
1639 3575 1814 3646 ἔχοντι

231 3679 322 3746 τὴν
368 3677 570 3730 ἐλπίδα
613 3677 706 3729 καὶ
744 3675 864 3745 θεία
906 3675 1071 3744 ψήφῳ
1113 3669 1492 3740 τετιμημένῳ·
1530 3665 1686 3720 τοῦτο
1717 3665 1815 3736 μὲν

228 3767 284 3818 ού
313 3767 671 3836 δεδράκασιν,
717 3764 1004 3834 ἁδρότερον
1038 3763 1095 3815 δὲ
1139 3758 1233 3812 τοῦ
1275 3758 1467 3828 φθόνου
1503 3754 1812 3810 διανιστῶσι

227 3857 284 3908 τὸ
313 3858 566 3926 κέντρον,
598 3857 690 3908 καὶ
724 3853 905 3924 θηρῶν
932 3853 1086 3923 δίκην
1122 3849 1584 3921 έπιμεμανήκασι,
1624 3862 1814 3916 μονον-

225 3951 339 4020 ουχὶ
386 3951 491 4002 καὶ
539 3947 897 4018 ἐπιτιμῶντες
942 3944 1062 4016 Θεῷ
1093 3943 1170 4015 τῷ
1209 3943 1305 4013 τὴν
1331 3941 1486 4006 δόξαν
1519 3941 1812 4010 ὑπισχνου-

229 4041 392 4112 μένῳ,
426 4041 521 4092 καὶ
547 4040 628 4092 ὁτι
652 4038 940 4109 περίοπτος
963 4036 1117 4090 ἔσται
1139 4032 1620 4106 προαναφαίνοντι.
1644 4032 1686 4084 Τ
1689 4029 1813 4084 οῦτο

225 4133 456 4199 γεγονὸς
484 4131 792 4200 εὑρήσομεν
836 4129 927 4182 ἐπί
963 4146 1021 4181 τε
1059 4128 1197 4180 Κὰῖν
1228 4127 1323 4179 καὶ
1364 4123 1548 4178 Ἀϐελ.
1596 4121 1812 4193 Ἐπειδὴ

230 4221 327 4290 γὰρ
351 4225 380 4276 ό
400 4222 515 4274 τῶν
539 4221 677 4274 ὅλων
697 4220 829 4284 Θεὸς
850 4220 946 4290 τὴν
969 4219 1136 4273 ’Ἅϐελ
1164 4217 1354 4271 θυσίαν
1377 4215 1611 4272 ἐπαίνων
1635 4211 1810 4283 ἠξίου,

224 4313 314 4363 καὶ
340 4312 458 4383 πῦρ
489 4310 704 4373 καθιεὶς
729 4308 1047 4381 οὐρανόθεν,
1079 4307 1290 4378 ἐδέχετο
1331 4305 1426 4377 τὴν
1451 4303 1809 4375 δωροφορίαν.

1919 3198 2042 3252 dem
2087 3214 2196 3252 non
2241 3198 2508 3262 fecerunt,
2554 3207 2610 3254 at
2650 3200 2833 3268 potius
2880 3199 3064 3254 acrius
3108 3198 3174 3253 ad
3235 3199 3496 3254 invidiam

1917 3288 2357 3352 exstimulantur,
2402 3298 2564 3360 atque
2604 3289 2776 3344 instar
2828 3289 3069 3345 ferarum
3129 3289 3494 3356 insanierunt,

1919 3389 2130 3436 tantum
2154 3395 2262 3434 non
2286 3389 2672 3435 succensentes
2696 3381 2826 3444 Deo,
2848 3381 2940 3450 qui
2960 3380 3063 3450 ipsi
3081 3396 3207 3434 eum
3227 3380 3494 3436 honorem

1916 3471 2262 3540 promiserat,
2283 3472 2538 3542 quodque
2565 3471 2906 3526 admirabilis
2931 3472 3148 3527 futurus
3167 3481 3332 3535 esset,
3357 3489 3496 3544 pra:-

1917 3559 2206 3615 indicarat.
2235 3561 2348 3617 Hoc
2371 3561 2548 3631 ipsum
2574 3562 2640 3616 de
2663 3561 2795 3617 Cain
2836 3571 2891 3617 et
2930 3562 3062 3617 Abel
3105 3561 3306 3618 factum
3337 3562 3492 3616 inve-

1917 3652 2152 3707 niemus.
2201 3652 2339 3706 Cum
2387 3651 2535 3706 enim
2579 3652 2725 3706 Deus
2781 3652 3110 3706 sacriﬁcium
3169 3651 3354 3706 Abelis
3393 3667 3494 3720 ap-

1916 3743 2210 3814 probaret,
2259 3742 2610 3811 demissoque
2674 3743 2797 3813 igne
2859 3743 3111 3806 cmlitus,
3157 3742 3491 3796 oblationem

1916 3835 2270 3906 suscepisset,
2315 3845 2369 3891 et
2405 3834 2561 3890 Caini
2616 3834 2946 3887 sacriﬁcium
3001 3840 3283 3887 aversatus
3324 3839 3490 3895 esset.

1913 3927 2384 3997 sanguinolentam
2396 3925 2578 3978 statim
2599 3924 2854 3977 invidiam
2873 3922 3142 3990 concepit,
3157 3929 3210 3974 et
3227 3921 3491 3975 adversus

1914 4031 2208 4086 supernam
2245 4014 2583 4069 voluntatem
2617 4011 2890 4081 propriam
2919 4009 3321 4079 quodammodo
3351 4010 3488 4064 iram

1914 4109 1971 4164 in
2010 4109 2183 4163 aciem
2230 4107 2493 4170 educens,
2531 4105 2656 4159 dolo
2701 4103 2924 4158 fratrem
2967 4103 3284 4174 aggreditur
3328 4111 3491 4172 atque

1914 4202 2193 4258 interﬁcit.
2218 4200 2445 4270 Semper
2469 4200 2614 4254 enim
2642 4198 2696 4252 in
2722 4198 2826 4252 hoc
2849 4197 3051 4252 desinit
3080 4197 3237 4266 182
3263 4196 3488 4252 invidia.

1911 4294 2181 4351 (laterum
2207 4292 2468 4363 quidnam
2495 4291 2578 4345 ha:
2604 4289 2841 4343 visiones
2878 4287 3225 4358 signiﬁcent?
3248 4287 3496 4355 Manipu-

225 4404 288 4470 τῇ
318 4376 440 4454 τοῦ*
463 4401 606 4455 Καῗν
643 4401 704 4455 ού
737 4376 1289 4472 προσέσχηκάς-τὸν
1321 4376 1607 4470 μιαιφόνον
1649 4395 1811 4458 εὐθὺς

1923 4387 2028 4440 lum
2053 4385 2275 4456 quidem
2303 4384 2358 4438 in
2393 4384 2608 4453 signum
2635 4379 2898 4449 temporis
2935 4378 3288 4448 accipiemus.
3317 4376 3492 4430 Unius

225 4492 531 4562 εἰσεδέχετο
553 4493 766 4561 φθόνον,
787 4493 881 4546 καὶ
904 4493 1024 4555 ταῖς
1044 4490 1249 4545 ἄνωθεν
1269 4489 1469 4560 ψήφοις
1491 4489 1590 4560 τὴν
1605 4488 1810 4541 οἰκείαν

224 4581 414 4656 ὥσπερ
453 4583 766 4650 ἀντεξάγων
795 4583 987 4654 ὀργὴν,
1017 4582 1154 4652 δόλῳ
1203 4581 1412 4652 μέτεισι
1443 4581 1534 4634 τὸν
1561 4580 1808 4650 ἀδελφὺν,

224 4675 318 4725 καὶ
349 4674 418 4744 δὴ
448 4675 544 4726 καὶ
577 4673 834 4728 διόλλυσι.
876 4673 1192 4743 Καταλήγει
1223 4672 1331 4743 γάρ
1359 4687 1474 4734 πως
1501 4673 1560 4724 ὲν
1599 4670 1810 4734 τούτοις

221 4765 248 4815 ὁ
274 4761 472 4831 φθόνος
664 4762 824 4815 Ἀλλὰ
850 4763 930 4826 τίς
966 4763 1032 4816 ἂν
1079 4763 1290 4832 γένοιτο
1323 4762 1430 4815 τῶν
1458 4761 1750 4832 ὁραμάτων
1781 4761 1810 4813 ό

220 4852 376 4921 νύῦς;
409 4855 650 4924 Δράγμα
691 4853 749 4906 δὲ
786 4853 894 4924 γὰρ
921 4855 1000 4917 είς
1025 4852 1218 4925 καιροῦ
1263 4854 1486 4922 σημεῖον
1515 4850 1809 4920 παραδεξό·

223 4943 385 5012 μεθα.
416 4943 493 4996 Τό
527 4959 591 5010 γε
629 4940 736 5012 μὴν
763 4943 822 4993 ἐν
850 4941 976 5012 δόξῃ
1009 4940 1302 5012 περιφανὲς
1330 4941 1364 5010 ἡ
1387 4937 1480 4990 τοῦ
1503 4937 1618 5000 ἐνὸς
1653 4938 1809 5006 ἔγερ-

220 5050 299 5096 σις
337 5033 723 5103 ύπεμφήνειεν
757 5030 974 5084 ἄν.”υτι
1004 5031 1186 5083 τοίνυν
1215 5029 1338 5101 ἡξει
1365 5027 1578 5098 καιρὸς,
1600 5026 1722 5080 καθ’
1749 5027 1807 5078 ὂν

219 5126 372 5180 ἔσται
402 5126 510 5197 μὲν
539 5123 769 5194 εὐκλεὴς
808 5126 835 5177 ό
864 5122 1149 5186 θεσπέσιος
1189 5119 1406 5192 Ἰωσὴφ,
1451 5121 1806 5173 ὑποπεσεῖται

215 5217 270 5274 δέ
315 5216 522 5290 ὥσπερ
566 5214 717 5286 αὐτῷ
768 5217 863 5270 καὶ
913 5215 1344 5286 ὸπενεχθήσεται
1387 5213 1480 5267 καὶ
1524 5210 1661 5282 αὑτὴ
1697 5209 1806 5264 τῶν

217 5307 478 5378 ἀδελφῶν
518 5307 553 5378 η
590 5306 819 5379 πληθὺς.
869 5306 1257 5378 προῦπέδιιξεν
1288 5302 1708 5376 αἰνιγματωδῶς
1745 5301 1806 5356 τὸ

217 5395 384 5450 αὐτοῦ
447 5393 676 5464 δράγμα
720 5394 870 5466 παρὰ
901 5395 1009 5448 τῶν
1050 5394 1256 5468 ἑτέρων
1307 5393 1804 5466 προσκυνούμενον.

229 5487 364 5543 Ἀλλ’
394 5486 465 5540 οῦ
505 5485 668 5556 μέχρι
704 5485 910 5541 τούτων
943 5487 1022 5558 τῷ
1059 5487 1258 5560 Ἰωσὴφ
1282 5486 1351 5541 τὰ
1373 5485 1630 5542 ἐνύπνια·
1669 5485 1804 5540 ἀλλά

284 5677 327 5709 ⁸³
359 5675 515 5733 Gen.
545 5689 744 5742 xxxvii,
771 5672 889 5734 6-8.

1914 4491 2046 4531 vero
2068 4473 2332 4544 manipuli
2357 4471 2564 4527 erectio
2587 4469 2890 4542 gloriosum
2917 4468 3094 4536 ipsum
3127 4465 3374 4519 futurum
3401 4463 3490 4516 in-

1914 4567 2197 4624 dicaverit.
2235 4565 2390 4632 Quod
2431 4565 2594 4635 igitur
2625 4569 2918 4617 venturum
2949 4567 3094 4614 esset
3137 4565 3350 4626 tempus
3379 4570 3491 4625 quo

1911 4658 2113 4728 Ioseph
2143 4657 2198 4712 in
2227 4669 2443 4712 summo
2467 4655 2679 4709 honore
2710 4667 2773 4707 ac
2809 4650 3072 4720 dignitate
3101 4653 3250 4702 esset
3289 4643 3493 4701 consti-

1915 4749 2173 4814 tuendus,
2218 4748 2476 4820 quodque
2533 4743 2635 4815 ipsi
2684 4741 3026 4814 subjicienda
3079 4745 3229 4795 esset
3276 4737 3490 4806 reliqua

1911 4842 2143 4897 fratrum
2179 4835 2737 4908 multitudo,ﬁgurate
2769 4829 3208 4903 praemonstravit
3234 4828 3487 4896 manipu-

1915 4931 2001 4985 lus
2025 4931 2198 5001 ipsius
2221 4928 2290 4982 ab
2315 4927 2438 4981 aliis
2457 4925 2736 4979 adoratus.
2752 4921 3022 4976 Cteterum
3049 4934 3157 4972 non
3180 4917 3286 4970 hoc
3309 4915 3486 4968 solum

1914 5021 2249 5078 insomnium
2273 5016 2511 5088 Josepho
2545 5013 2765 5075 accidit,
2791 5011 2889 5066 sed
2915 5008 3065 5064 aliud
3096 5007 3260 5060 etiam
3290 5003 3357 5056 ad
3382 5003 3488 5058 hoc

1914 5129 2072 5169 usum
2087 5112 2267 5166 denuo
2279 5110 2441 5166 beato
2458 5107 2601 5180 patri
2618 5122 2681 5162 ac
2696 5103 2960 5160 fratribus
2976 5097 3238 5154 narravit.
3253 5093 3448 5156 «Vidit,
3463 5111 3480 5144 ι

1911 5205 2085 5268 enim,
2114 5202 2316 5273 inquit,
2355 5221 2372 5252 ι
2401 5210 2458 5256 et
2506 5201 2740 5255 alterum
2791 5194 3088 5254 somnium,
3137 5196 3194 5244 et
3243 5186 3489 5245 narravit

1913 5297 2047 5356 illud
2075 5295 2217 5367 patri
2241 5309 2342 5349 suo
2373 5303 2430 5349 et
2459 5292 2722 5346 fratribus
2749 5289 2884 5351 suis,
2922 5293 2980 5360 et
3008 5282 3181 5338 dixit:
3211 5276 3487 5335 Somniavi

1912 5405 2042 5448 ecce
2066 5387 2339 5444 somnium
2369 5385 2633 5443 alterum;
2656 5381 2801 5436 sicut
2823 5379 2904 5434 sol
2919 5385 2975 5432 et
3002 5377 3130 5430 luna
3153 5382 3210 5430 et
3232 5369 3488 5428 undecim

1914 5481 2086 5540 stellae
2112 5477 2416 5537 adorabant
2438 5491 2548 5534 me.
2572 5475 2640 5534 Et
2667 5470 2972 5546 increpavit
2997 5482 3124 5526 eum
3158 5474 3314 5541 pater
3332 5474 3488 5530 suus.
