4032 6198
565 298 668 357 ‘19!

1627 294 1683 351 S.
1720 291 1999 351 CYRILLI
2030 288 2500 346 ALEXANDRIN!
2539 286 2857 344 ARCHiEP.

3713 281 3813 338 Q92

564 424 623 473 et
652 412 859 470 dixitei
900 430 913 466 :
955 410 1097 480 Quid
1143 411 1416 467 somnium
1466 411 1570 467 hoc
1638 411 1784 484 quod
1830 409 2146 466 somniasti?

2254 425 2300 462 τι
2330 407 2424 461 καὶ
2456 407 2644 476 ἓτερον
2677 405 2770 458 ἐπὶ
2800 402 2934 474 τῷδε
2958 401 3305 472 τεθεαμένος,
3335 399 3630 469 ἀφηγεῐται
3662 402 3811 453 πάλιν

565 505 843 577 Numquid
878 505 1165 561 venientes
1178 506 1466 562 veniemus
1494 521 1617 577 ego,
1645 512 1703 561 et
1737 512 1916 560 mater
1945 514 2061 567 tua,
2089 512 2146 558 et

565 597 764 655 fratres
789 597 886 661 tui,
914 596 983 651 ad
1009 596 1348 653 adorandum
1381 607 1435 654 te
1468 612 1634 670 super
1667 597 1906 653 terram?
1928 595 2148 653 invide-

570 697 701 744 runt
725 696 908 742 autem
947 687 1000 742 ei
1038 686 1241 743 fratres
1274 690 1414 759 ejus,
1448 697 1505 745 at
1547 696 1703 760 pater
1746 689 1868 759 ejus
1910 686 2149 743 servavit

569 780 801 835 verbum
829 776 1281 834 ⁸⁸.»Ατιίῆοίοειιε
1308 795 1499 842 senex,
1525 788 1582 836 et
1598 795 1837 850 superna
1854 779 2149 850 prudentia

569 869 865 925 excellens.
890 867 1151 939 intelligit
1178 870 1326 925 enim
1352 870 1629 925 visionum
1665 870 1776 925 vim
1805 888 1817 925 :
1844 870 2149 941 increpavit

571 968 755 1014 autem
796 959 995 1023 tilium,
1022 959 1214 1015 dicens
1240 977 1254 1014 :
1285 979 1305 1012 ι
1332 959 1611 1031 Numquid
1645 960 1931 1017 venientes
1956 960 2147 1016 venie-

572 1066 697 1108 mus
727 1067 849 1122 ego,
873 1059 930 1107 et
957 1057 1267 1119 materitua,
1291 1060 1348 1108 et
1371 1053 1570 1108 fratres
1592 1052 1692 1119 tui,
1721 1053 1787 1108 ad
1808 1052 2150 1108 adorandum

575 1147 627 1195 te
653 1155 820 1210 super
844 1146 1085 1196 terram?
1110 1161 1128 1193 ι
1159 1141 1231 1197 Et
1253 1142 1378 1212 quis
1408 1141 1693 1197 advertat?
1724 1150 1786 1196 ut
1823 1140 2046 1211 sapiens
2083 1155 2151 1196 ac

573 1230 887 1286 necessaria
928 1231 1230 1302 increpatio
1256 1231 1523 1287 adhibita.
1551 1230 1806 1287 Occurrit
1845 1230 1994 1286 enim
2030 1230 2151 1286 ele-

574 1331 768 1392 ganter
786 1320 1138 1383 audientium.
1153 1322 1461 1388 invidiae,et
1481 1323 1650 1378 nimia
1675 1320 2004 1378 confidentia
2026 1336 2152 1392 per—

574 1412 759 1468 fusum
787 1413 1047 1483 juvenem
1087 1414 1386 1484 compescit
1411 1429 1476 1469 ac
1501 1422 1790 1484 temperat,
1816 1427 1994 1482 neque
2018 1412 2152 1467 sinit

577 1504 980 1559 adolescentem
1028 1504 1431 1560 insomniorum
1475 1520 1573 1576 spe
1615 1505 1815 1559 fratres
1845 1502 2148 1575 despicere,

576 1593 1063 1664 neque’bonorem
1097 1596 1240 1666 patri
1276 1595 1525 1652 debitum
1567 1598 1734 1652 stulte
1776 1604 2148 1662 contemnere,

2247 499 2410 554 αὑτοῦ
2465 497 2599 570 πέρι
2626 496 2704 567 τῷ
2757 495 3013 568 μακαρίῳ
3063 492 3231 564 πατρὶ
3278 492 3518 555 καὶτοῖς
3547 491 3808 560 ἀδελφοῖς.

2254 609 2274 644 ι
2308 586 2431 646 Είδε
2459 589 2590 660 γὰρ,
2623 587 2810 658 φησὶν,
2848 585 3101 640 ἐνύπνιον
3149 584 3356 655 ἓτερον,
3400 583 3496 637 καὶ
3527 582 3812 654 διηγήσατο

2247 685 2381 741 αὐτὸ
2416 684 2495 755 τῷ
2536 683 2700 754 πατρὶ
2747 679 2911 735 αὑτοῦ
2944 679 3039 734 καὶ
3080 680 3195 741 τοῖς
3224 676 3473 746 ἀδελφοῖς
3504 674 3690 738 αὐτοῦ,
3725 678 3812 730 καὶ

2248 772 2402 830 εἶπεν
2426 794 2439 805 ·
2481 775 2613 828 Ἰδοὺ
2646 772 3058 841 ἐνυπνιασάμην
3085 769 3336 823 ἐνύπνιον
3371 769 3580 840 ἕτερον*
3613 768 3812 830 Ὠσπερ

2249 871 2278 923 6
2319 868 2467 941 ἥλιος
2513 866 2664 939 καὶὴ
2712 864 2907 937 σελήνη
2939 864 3036 919 καὶ
3061 862 3254 916 ἕνδεκα
3293 861 3523 931 ἀστέρες
3554 857 3814 941 προσεκύ-

2249 978 2374 1017 νουν
2403 978 2493 1032 με.
2523 960 2635 1014 Καὶ
2671 957 3002 1029 ἐπετίμησεν
3047 955 3195 1027 αὐτῷ
3220 956 3250 1008 ό
3282 953 3465 1024 πατὴρ
3508 952 3695 1017 αὑτοῦ,
3730 954 3814 1006 καὶ

2251 1047 2404 1107 εἷπεν
2449 1050 2627 1122 αὐτῷ’
2670 1050 2737 1103 Τί
2769 1049 2831 1103 τὸ
2868 1047 3117 1102 ἐνύπνιον
3163 1046 3322 1101 τοῦτο
3368 1045 3397 1098 6
3428 1044 3812 1113 ἐνυπιάσθηςς

2249 1140 2400 1214 ’Δρά
2420 1159 2484 1210 γε
2511 1140 2754 1204 ἐλθόντες
2776 1137 3109 1209 ἐλευσόμεθα
3129 1135 3240 1206 ἐγώ
3261 1153 3321 1190 τε
3351 1136 3495 1206 καὶὴ
3521 1139 3702 1206 μήτηρ
3726 1149 3813 1188 σου

2252 1237 2346 1292 καὶ
2361 1238 2410 1291 οί
2425 1235 2640 1305 ἀδελφοί
2661 1250 2757 1287 σου
2773 1229 3148 1304 προσκυνῆσαί
3168 1247 3250 1284 σοι
3269 1229 3361 1283 ἐπὶ
3374 1228 3480 1300 τὴν
3495 1228 3600 1299 γῆν
3616 1242 3631 1291 ;
3667 1225 3814 1297 Ἐζήο

2249 1327 2430 1381 λωσαν
2458 1325 2515 1379 δέ
2547 1323 2710 1379 αὐτὸν
2748 1323 2798 1377 oi
2831 1322 3050 1393 ἀδελφοὶ
3078 1318 3264 1387 αὐτοῦ,
3292 1322 3322 1375 6
3353 1319 3410 1373 δὲ
3444 1318 3626 1390 πατὴρ
3656 1315 3811 1371 αὑτοῦ
3908 1304 3914 1311 ’

2249 1418 2483 1488 διετήρει
2507 1415 2569 1470 τὸ
2589 1417 2759 1487 ῥῆμα.
2804 1431 2822 1464 ι
2856 1411 3127 1483 Εὐτεχνὴς
3155 1411 3184 1464 6
3215 1407 3548 1481 πρεσϐύτης,
3579 1407 3675 1460 καὶ
3704 1406 3816 1468 ταῖς

2251 1507 2511 1563 ἀνωτάτω
2534 1504 2843 1576 διαπρεπὴς
2871 1503 3189 1575 ἀγχινοίαις.
3220 1501 3441 1571 Συνίησι
3462 1499 3562 1571 μὲν
3588 1495 3696 1569 γάρ
3718 1496 3817 1550 τῶν

2251 1599 2541 1671 ὁραμάτων
2554 1598 2653 1670 τὴν
2684 1596 2913 1666 δύναμιν
2934 1614 2947 1627 ·
2966 1595 3206 1665 ἐπετίμα
3239 1591 3297 1646 δέ
3314 1590 3389 1662 τῷ
3410 1589 3581 1654 παιδὶ,
3613 1587 3788 1657 λέγων
3804 1605 3816 1619 ·

578 1685 1018 1756 intempestivam
1059 1686 1257 1743 futura:
1294 1687 1576 1758 dignitatis
1616 1689 1993 1744 excellentiam
2044 1688 2150 1744 sibi

2257 1710 2278 1745 ι
2313 1687 2460 1762 *Δρά
2486 1707 2549 1759 γε
2581 1689 2826 1753 ἐλθόντες
2853 1686 3185 1758 ἐλευσόμεθα
3214 1682 3325 1754 ἐγὼ
3356 1701 3417 1738 τε
3446 1683 3545 1737 καὶ
3575 1683 3604 1754 ἢ
3647 1681 3819 1753 μήτηρ

579 1777 902 1848 arrogando.
928 1777 1065 1833 Vide
1092 1778 1240 1835 enim
1276 1793 1386 1849 quo
1425 1786 1585 1850 pacto
1621 1779 1903 1851 ingeniose
1943 1780 2152 1836 insom-

2255 1799 2351 1836 σου
2373 1761 2466 1836 καὶ
2487 1781 2536 1834 oi
2552 1779 2769 1851 ἀδελφοί
2794 1795 2886 1833 σου
2903 1775 3274 1851 προσκυνῆσαί
3297 1791 3379 1829 σοι
3401 1774 3495 1827 ἐπὶ
3514 1773 3611 1845 τὴν
3633 1771 3773 1843 γῆν;
3801 1793 3817 1824 ι

581 1868 801 1923 niorum
829 1870 940 1923 vim
973 1868 1041 1924 ad
1089 1876 1302 1924 certum
1351 1884 1633 1941 egressum
1677 1870 1894 1942 redigit.
1940 1870 2153 1926 Mortua

574 1957 729 2012 enim
761 1958 873 2029 jam
912 1959 1138 2026 Rachel,
1180 1976 1302 2031 qua:
1330 1962 1630 2032 Josephum
1656 1962 1910 2032 peperit:
1944 1960 2154 2018 «Num-

581 2048 714 2119 quid
740 2064 861 2120 ego,
886 2049 1082 2120 inquit,
1101 2059 1158 2106 et
1180 2060 1354 2107 mater
1383 2060 1476 2109 tua
1499 2052 1852 2109 adorabimus
1874 2052 2156 2109 tebF'ecit

581 2151 766 2197 autem
803 2143 877 2209 id,
903 2151 963 2198 ut
1001 2142 1163 2199 modo
1187 2144 1322 2209 dixi,
1345 2152 1407 2199 ut
1430 2145 1692 2216 juvenilis
1721 2145 1922 2201 mentis
1955 2143 2154 2202 fastum

582 2230 939 2304 infringeret,
983 2242 1040 2289 et
1088 2235 1413 2289 concitatam
1458 2236 1571 2306 jam
1608 2234 1666 2291 in
1706 2237 1886 2307 ipsum
1925 2235 2156 2293 fratrum

584 2323 850 2379 invidiam
913 2327 1141 2395 sopiret.
1190 2324 1562 2383 Nihilominus
1625 2337 1810 2383 tamen
1870 2335 2165 2398 exspectat.

578 2416 747 2471 etiam
773 2416 889 2486 ipse
917 2431 1035 2471 rem
1058 2416 1132 2471 ita
1164 2426 1506 2472 eventuram.
1535 2416 1922 2472 Audivitenim
1945 2432 2155 2488 nequa-

582 2521 747 2576 quam
771 2505 1049 2583 languide,
1072 2506 1168 2563 sed
1191 2523 1295 2565 nec
1323 2507 1623 2564 obliviosos
1650 2508 1831 2565 reddit
1851 2523 2153 2575 sermones,

583 2597 803 2653 tametsi
838 2596 918 2653 rei
966 2597 1266 2653 vanitatem
1319 2599 1616 2654 incusaret.
1658 2618 1677 2650 ι
1720 2598 1971 2654 Servavit
2008 2599 2154 2654 enim

581 2687 754 2762 ipsos,
784 2710 803 2744 ι
834 2689 1032 2762 inquit,
1056 2688 1297 2746 confisus
1318 2690 1580 2746 nimirum
1628 2690 1884 2747 celeriter
1906 2690 1961 2746 id
1987 2691 2157 2762 perﬁ-

581 2783 860 2842 ciendum.
904 2781 976 2836 At
1004 2795 1137 2836 vero
1165 2787 1288 2851 post
1327 2781 1486 2853 183
1527 2780 1927 2836 insomniorum
1959 2797 2155 2837 narra-

584 2875 791 2933 tionem
821 2891 840 2924 ι
862 2871 1118 2928 abierunt
1146 2869 1372 2942 quidem
1412 2871 1631 2937 fratres,
1656 2888 1765 2929 una
1804 2888 1928 2928 cum
1969 2883 2156 2944 pasto-

583 2966 739 3021 ribus
778 2962 850 3019 ad
885 2961 1221 3034 pascendum
1256 2961 1314 3017 in
1345 2960 1565 3018 Sicbem
1605 2963 1671 3017 “.
1699 2984 1717 3015 ›
1746 2963 1955 3019 Deinde
1988 2975 2157 3034 parvo

2255 1871 2366 1925 Καὶ
2411 1869 2496 1934 τίς
2536 1870 2603 1924 ἂν
2633 1871 2838 1935 νοοῖτο;
2881 1866 3045 1937 σοφὸς
3082 1865 3140 1920 δὲ
3168 1866 3316 1928 ὅπως
3341 1864 3435 1919 καὶ
3465 1863 3761 1932 ἀναγκαῖος
3796 1864 3824 1917 6

2255 1961 2355 2032 τῆς
2385 1959 2753 2030 ἐπιτιμήσεως
2796 1957 3017 2029 τρόπος.
3081 1954 3401 2009 ’Δνακόπτει
3443 1954 3541 2025 μὲν
3591 1955 3707 2025 γάρ
3742 1953 3824 2007 εὐ·

2256 2049 2408 2121 φυῶς
2441 2049 2549 2123 τῷν
2570 2047 2934 2121 ἀκροωμένων
2964 2044 3056 2099 τὸν
3087 2045 3301 2116 φθόνον,
3342 2045 3436 2099 καὶ
3474 2043 3667 2115 θράσει
3697 2045 3826 2113 ἀφο-

2260 2145 2408 2216 ρήτῳ
2438 2141 2529 2196 τὸν
2560 2140 2842 2195 νεανίσκον
2873 2138 3273 2210 καταχεόμενον
3299 2136 3610 2192 τιθασσεὺει
3644 2134 3828 2190 λοιπὸν

2255 2234 2454 2309 τρόπον
2475 2232 2616 2297 τινὰ,
2643 2233 2736 2287 καὶ
2763 2229 2919 2286 καλεῖ
2948 2229 3085 2301 πρὸς
3107 2229 3168 2283 τδ
3194 2222 3435 2301 ἦμερονπ
3470 2229 3570 2283 οὐκ
3599 2230 3665 2301 ἐᾷ
3693 2228 3755 2283 δέ
3773 2227 3828 2282 τδ

2260 2326 2542 2397 μειράκιον
2568 2327 2632 2395 τῇ
2658 2323 2766 2377 τῶν
2804 2321 3066 2376 ἐνυπνίων
3100 2321 3276 2375 ἐλπίδι
3310 2320 3827 2385 καταλαζονεΰεσθαι

2255 2419 2364 2474 τῶν
2392 2418 2657 2488 ἀδελφῶν,
2693 2417 2808 2471 ἀλλ’
2837 2417 2957 2470 οὐδὲ
2985 2416 3086 2487 τῆς
3112 2417 3193 2481 είς
3222 2415 3437 2488 πατέρα
3471 2418 3640 2488 τιμῆς
3672 2416 3829 2472 ἀδού-

2256 2510 2364 2574 λως
2388 2508 2689 2578 ὀλιγωρεῖν,
2731 2505 3012 2579 μονονουχὶ
3037 2506 3132 2561 καὶ
3161 2507 3409 2578 πρόωρον
3438 2507 3535 2577 τῆς
3565 2506 3830 2579 ἐσομένης

2257 2601 2632 2673 λαμπρότητος
2654 2598 2751 2670 τὴν
2772 2598 3046 2670 ὑπεροχὴν
3076 2598 3341 2670 ἁρπάζειν
3371 2601 3428 2652 ἐν
3458 2598 3659 2669 ἐαυτῷ.
3690 2600 3829 2673 Ὅρα

2257 2693 2366 2765 γὰρ
2394 2693 2544 2755 ὅπως
2574 2690 2916 2763 περιίστησιν
2953 2689 3168 2758 εὐφυῶς
3196 2692 3277 2755 είς
3300 2689 3525 2744 ἔκϐασιν
3559 2691 3660 2744 οὐκ
3683 2690 3829 2746 ἐνδε-

2258 2785 2495 2857 χομένην
2521 2784 2629 2837 τῶν
2656 2784 2947 2855 ὁραμάτων
2967 2782 3064 2853 τὴν
3095 2782 3340 2852 δύναμιν.
3375 2781 3695 2852 Τεθνεὼσης
3727 2783 3832 2854 γὰρ

2259 2879 2359 2950 ἤδη
2397 2880 2496 2949 τῆς
2528 2874 2747 2948 Ῥαχὴλ,
2776 2875 2811 2947 ἥ
2838 2877 2929 2929 τὸν
2966 2874 3166 2944 Ἰωσὴφ
3196 2872 3444 2926 ἐκτέτοκε
3463 2913 3479 2941 ,
3518 2891 3537 2923 ι
3577 2873 3670 2943 Μὴ
3701 2872 3829 2941 ἐγὼ.

2260 2968 2414 3038 φησὶ,
2444 2967 2536 3020 καὶ
2566 2967 2599 3037 ἡ
2633 2968 2814 3036 μήτηρ
2848 2981 2942 3018 σου
2969 2962 3418 3035 προσκυνήσομεν
3447 2978 3561 3029 σοις
3604 2979 3624 3014 ι
3661 2963 3839 3034 Ἕδρα

582 3061 708 3126 post
727 3052 912 3124 elapso
944 3060 1189 3122 tempore
1212 3050 1383 3107 mittit
1416 3059 1571 3122 pater
1598 3052 1856 3122 juvenem
1889 3053 2152 3122 quaesitu-

2259 3059 2317 3112 δὲ
2344 3057 2520 3121 τοῦτο,
2546 3057 2798 3128 καθάπερ
2838 3055 2973 3127 ἐφην
3005 3054 3226 3125 ἀρτίως,
3260 3053 3354 3108 καὶ
3387 3054 3483 3124 τῆς
3513 3054 3608 3108 τοῦ
3650 3054 3833 3109 vacvi-

583 3159 707 3201 rum
738 3144 974 3199 fratres:
1009 3164 1026 3193 ι
1056 3142 1334 3212 Numquid
1373 3142 1572 3198 fratres
1598 3143 1675 3197 tui
1718 3151 1952 3212 pascunt
1974 3144 2030 3198 in
2067 3143 2156 3199 Si-

583 3236 778 3292 cbem?
802 3233 962 3299 Veni,
1002 3234 1215 3288 mittam
1254 3241 1307 3290 te
1344 3234 1412 3288 ad
1453 3249 1568 3289 eos.
1604 3233 1673 3289 Et
1713 3234 1851 3289 dixit
1890 3235 1982 3290 ei:
2016 3235 2157 3290 Ecce

582 3342 707 3398 ego.
743 3324 896 3381 Dixit
942 3333 1126 3380 autem
1174 3325 1226 3380 ei
1272 3324 1477 3380 lsrael:
1532 3325 1749 3381 Vadens
1784 3325 1909 3381 vide
1953 3326 1999 3381 si
2039 3326 2156 3381 sani

583 3424 714 3474 sunt
759 3415 958 3471 fratres
1008 3416 1119 3482 tui,
1167 3426 1225 3472 et
1277 3432 1428 3482 oves,
1471 3425 1526 3473 et
1568 3417 1822 3472 renuntia
1861 3416 1996 3471 mihi
2025 3416 2093 3470 ⁸⁸.
2129 3435 2148 3467 ι

582 3507 993 3578 Promptissime
1023 3508 1189 3580 igitur
1216 3524 1275 3564 se
1296 3509 1503 3565 iturum
1527 3507 1819 3579 promittit,
1847 3523 1911 3563 ac
1932 3508 2155 3579 quidem

582 3598 969 3671 proficiscitur,
994 3600 1355 3670 discessitque
1385 3614 1417 3654 e
1444 3600 1583 3654 valle
1606 3599 1882 3655 Chebron.
1907 3598 2155 3670 Cumque

580 3690 942 3763 percurrisset
970 3699 1136 3747 totam
1164 3689 1536 3755 solitudinem,
1562 3690 1759 3747 obvius
1781 3690 2003 3761 quidam
2026 3704 2153 3745 eum

581 3782 813 3855 rogavit,
855 3795 1021 3854 quam
1053 3782 1125 3838 ob
1169 3797 1412 3848 causam,
1452 3782 1618 3849 unde,
1659 3798 1789 3854 quo,
1823 3791 1880 3839 et
1912 3782 1979 3839 ad
2016 3798 2155 3853 quos

580 3877 708 3933 iret.
739 3896 758 3928 ι
787 3874 890 3943 Qui
926 3876 1110 3932 statim
1146 3873 1431 3946 reSpondit
1456 3892 1469 3928 :
1496 3875 1717 3932 Fratres
1746 3890 1901 3931 meos
1928 3890 2148 3946 quaero;

582 3968 764 4035 indica
803 3967 941 4022 mihi
982 3965 1076 4022 ubi
1115 3975 1367 4037 pascunt.
1413 3965 1563 4022 Dixit
1606 3975 1789 4022 autem
1832 3967 1885 4023 ei
1924 3967 2088 4023 homo
2135 3985 2149 4020 :

580 4058 946 4121 Recesserunt
977 4057 1108 4113 hinc
1139 4077 1152 4112 :
1186 4058 1372 4115 audivi
1408 4060 1556 4117 enim
1595 4075 1692 4115 eos
1728 4060 2014 4116 dicentes:
2049 4058 2151 4114 Ea-

580 4162 703 4202 mus
731 4147 787 4202 in
825 4145 1080 4217 Dothaim
1111 4147 1176 4200 “.
1213 4168 1230 4199 ι
1258 4149 1378 4215 Quo
1401 4165 1528 4204 cum
1559 4151 1928 4218 pervenisset,
1968 4150 2151 4221 inopi-

579 4245 710 4295 nato
744 4237 1152 4291 circumventus
1204 4247 1305 4293 est.
1354 4240 1671 4310 Opportune
1724 4244 1871 4296 enim
1922 4241 2149 4306 invidia,

2262 3166 2392 3203 σκου
2424 3148 2618 3218 φρενὸς
2650 3145 2974 3215 κατασόρων
3002 3144 3093 3197 τὶν
3117 3145 3299 3213 ὄγκον,
3329 3143 3423 3197 καὶ
3449 3142 3557 3197 τῶν
3585 3143 3835 3214 ἀδελφῶν

2258 3243 2349 3295 τὸν
2404 3239 2772 3311 ἐγηγερμένον
2836 3239 2923 3291 ἐπ’
2979 3237 3142 3291 αὐτὸν
3202 3234 3548 3295 κατευνάξων
3613 3236 3832 3305 φθόνον.

2262 3330 2519 3385 Ἐσεσθαί
2540 3347 2602 3399 γε
2637 3328 2741 3400 μὴν
2767 3327 3039 3399 προοδοκᾷ
3063 3327 3124 3380 τὸ
3153 3327 3339 3399 χρῆμα
3366 3325 3548 3390 αὑτός.
3598 3326 3836 3399 ’Λκήκοε

2258 3423 2366 3493 γάρ
2394 3424 2453 3475 οὐ
2501 3421 2815 3493 παρέργως,
2848 3418 2960 3474 ἀλλ’
3003 3419 3125 3472 οὐδὲ
3171 3417 3342 3488 λήθης
3373 3418 3558 3482 ἀξίους
3594 3423 3840 3473 ποιεῖται

2256 3515 2382 3577 τοὺς
2412 3513 2625 3583 λόγους,
2677 3514 2724 3565 εί
2770 3512 2863 3564 καὶ
2902 3510 2964 3564 τὸ
3008 3512 3214 3563 εἰκαῖον
3268 3509 3446 3564 αὐτῶν
3495 3509 3837 3581 κατέγραφε.

2264 3628 2283 3660 ι
2322 3607 2603 3676 Τετήρηκε
2646 3603 2756 3675 γὰρ
2786 3603 3005 3665 αὐτοὺς,
3046 3621 3065 3654 ι
3098 3601 3181 3655 ὄτι
3212 3602 3306 3655 καὶ
3331 3603 3411 3664 είς
3456 3601 3631 3672 πέρας
3664 3601 3838 3673 ἐκὸήο

2258 3715 2443 3752 σονται
2482 3696 2622 3767 τάχα
2675 3712 2776 3749 που
2807 3691 3183 3766 τεθαρρηκώς.
3221 3691 3376 3747 Μετά
3411 3692 3465 3745 δέ
3495 3708 3557 3758 γε
3592 3692 3691 3763 τὴν
3733 3693 3837 3746 τῶν

2257 3789 2521 3843 ἐνυπνίων
2566 3787 2871 3858 ἀφήγησιν,
2939 3805 2957 3837 ι
3025 3785 3332 3855 ’Λπῴχοντο
3386 3784 3484 3855 μὲν
3527 3786 3577 3836 οἱ
3611 3784 3838 3853 ἀδελφοὶ

2253 3886 2368 3946 τοῖς
2393 3881 2657 3945 αίπολίοις
2683 3879 2820 3951 ὁμοῦ
2849 3879 3175 3951 κατανέμειν
3208 3878 3267 3933 ἐν
3297 3877 3487 3948 Σιχέμ.
3523 3896 3542 3930 ι
3578 3871 3722 3931 Εἶτα
3747 3894 3837 3949 μι⁸

2256 3973 2387 4045 κροῦ
2422 3972 2510 4027 διά
2560 3973 2724 4041 μέσου
2778 3970 3142 4042 παραθέοντος
3180 3969 3395 4040 χρόνου,
3438 3968 3748 4040 προτρέπει
3780 3969 3840 4022 τὸ

2260 4065 2541 4137 μειράκιον
2581 4061 2813 4134 όπατὴρ
2854 4057 3284 4133 ἐπισκεψόμενον
3331 4059 3466 4113 ίέναι
3509 4059 3638 4122 τοὺς
3679 4059 3831 4112 ἀδελ·

2257 4155 2410 4226 φούς.
2457 4173 2474 4207 ι
2524 4152 2657 4224 Οὐχὶ
2706 4151 2835 4225 γὰρ,
2885 4151 3070 4223 φησὶν,
3127 4150 3176 4204 οί
3212 4148 3427 4219 ἀδελφοί
3478 4164 3571 4201 σου
3603 4149 3843 4219 ποιμαίο

2256 4265 2436 4303 νουσιν
2466 4250 2524 4302 ἐν
2555 4246 2759 4318 Σιχέμ;
2804 4244 2976 4314 Δεῦρο
3007 4241 3290 4297 ἀποστελῶ
3322 4257 3381 4294 σε
3426 4241 3562 4312 πρὸς
3607 4241 3835 4304 αὖτοός.

580 4328 727 4400 quod
765 4328 897 4383 olim
928 4327 1214 4399 cogitarat,
1239 4329 1444 4385 effecit.
1482 4329 1794 4387 Interficere
1827 4331 1993 4401 igitur
2020 4347 2147 4386 eum

2254 4343 2364 4395 Καὶ
2400 4335 2552 4394 εἶπεν
2589 4337 2757 4409 αὐτῷ·
2798 4336 2928 4390 Ἰδοὺ
2954 4334 3084 4403 ἐγώ.
3121 4329 3256 4387 Εἷπε
3301 4331 3359 4385 δέ
3386 4332 3535 4404 αὐτῷ
3581 4333 3835 4406 Ἰσραήλ·

580 4422 807 4478 omnino
837 4422 1132 4494 cupiebant
1161 4421 1257 4477 filii
1306 4422 1652 4487 ancillarum,
1678 4421 1863 4485 Ballae,
1893 4420 2141 4491 inquam,

2254 4430 2540 4504 Πορευθεὶς
2599 4427 2673 4481 ἴδε
2717 4429 2765 4479 εί
2810 4425 3142 4494 ὑγιαίνουσιν
3174 4426 3224 4478 οί
3254 4423 3470 4493 ἀδελφοί
3500 4439 3593 4476 σου
3632 4425 3735 4477 καὶ
3772 4424 3838 4477 τὰ

578 4524 637 4569 et
674 4512 911 4583 Zelphae.
941 4514 1208 4570 Dixerunt
1246 4514 1437 4569 enim:
1476 4533 1494 4565 ι
1521 4513 1660 4568 Ecce
1698 4512 2000 4568 somniator
2052 4511 2144 4568 ille

2254 4523 2518 4596 πρόϐατα,
2564 4519 2657 4574 καὶ
2690 4516 3010 4586 ἀνάγγειλόν
3057 4534 3163 4589 μοι.
3204 4535 3223 4569 ι
3280 4514 3681 4589 Προθυμότατα
3738 4516 3850 4584 μὲν

579 4605 749 4659 venit.
772 4603 928 4658 Nunc
947 4619 1078 4674 ergo
1101 4603 1363 4669 accedite,
1380 4603 1693 4659 occidamus
1720 4618 1871 4667 eum,
1895 4611 1951 4658 et
1982 4602 2150 4674 proji-

2254 4612 2345 4670 οὖν
2395 4614 2531 4666 ίέναι
2581 4608 3111 4677 κατεπαγγέλλεται,
3176 4608 3271 4662 καὶ
3322 4606 3387 4678 δὴ
3434 4607 3530 4661 καὶ
3576 4605 3835 4677 ἀπαίρει,

577 4694 786 4751 ciamus
803 4710 929 4751 eum
948 4694 1001 4749 in
1028 4709 1194 4750 unam
1214 4695 1594 4759 cisternarum,
1609 4693 1924 4750 etdicemus
1940 4711 1954 4747 :
1970 4693 2151 4750 Bestia

2256 4708 2349 4761 atati.
2394 4701 2822 4774 ἀποκεχώρηκεν
2858 4702 2921 4753 ἐκ
2961 4700 3060 4768 τῆς
3111 4699 3353 4763 κοιλάδος
3394 4696 3641 4768 Κεδρὼν.
3709 4698 3839 4752 Ἕκα

580 4786 721 4843 mala
746 4786 1041 4843 devoravit
1056 4801 1214 4851 eum;
1237 4793 1295 4841 et
1315 4785 1627 4841 videbimus
1648 4785 1778 4856 quid
1802 4785 1913 4842 sint
1940 4786 2152 4841 somnia

2254 4795 2555 4872 περιθέοντι
2592 4793 2648 4847 δέ
2696 4792 2793 4863 τὴν
2834 4791 3057 4864 ἔρημον,
3107 4790 3210 4862 ἔφη
3259 4806 3343 4853 τις
3386 4787 3700 4861 περιτυχὼν
3751 4789 3839 4857 ἐφ.

575 4901 713 4973 ejus.
744 4899 988 4956 Audiens
1010 4915 1143 4956 vero
1168 4899 1385 4965 Ruben,
1407 4899 1635 4955 abstulit
1657 4914 1783 4955 eum
1813 4898 1879 4954 de
1898 4899 2155 4954 manibus

576 5005 790 5053 eorum,
818 4989 1008 5046 dicens
1034 5007 1047 5043 :
1080 4987 1199 5044 Non
1236 4989 1613 5058 percntiamus
1642 5002 1768 5043 eum
1803 4989 1859 5043 in
1886 4988 2149 5043 animam.

576 5081 722 5137 Dixit
756 5089 939 5136 autem
977 5081 1058 5137 eis
1093 5081 1324 5136 Ruben:
1359 5079 1439 5135 Ne
1468 5079 1765 5135 eli'undatis
1796 5080 2149 5151 sanguinem;

575 5175 828 5246 projicite
844 5188 971 5229 eum
993 5174 1046 5228 in
1068 5189 1231 5227 unam
1255 5172 1620 5228 cisternarum
1637 5170 1853 5236 harum,
1879 5186 1999 5241 quae
2022 5180 2151 5226 sunt

576 5266 633 5320 in
662 5265 982 5331 solitudine,
1008 5280 1231 5321 manum
1254 5270 1440 5320 autem
1463 5278 1532 5318 ne
1557 5262 1856 5317 intuleritis
1888 5262 1961 5317 ei.
2000 5261 2151 5316 Dixit

574 5364 758 5412 autem
809 5356 890 5412 sic
939 5365 999 5411 ut
1045 5358 1284 5427 eriperet
1321 5370 1448 5409 eum
1502 5353 1571 5410 de
1617 5352 1872 5409 manibus
1935 5368 2149 5416 eorum,

573 5454 629 5502 et
681 5442 935 5501 redderet
990 5459 1115 5498 eum
1165 5444 1305 5514 patri
1340 5458 1440 5499 suo
1468 5443 1531 5499 “.
1565 5461 1584 5494 ι
1632 5440 1910 5498 Exnentes
1967 5440 2152 5513 itaque

574 5534 772 5605 Ioseph
834 5544 983 5590 veste
1056 5535 1245 5598 varia.
1319 5536 1659 5591 demiserunt
1721 5533 1776 5587 in
1835 5534 2150 5595 cisternam,

2249 4894 2357 4964 ὅτῳ
2384 4907 2441 4945 τε
2466 4891 2613 4961 ἥκοι,
2644 4888 2738 4941 καὶ
2762 4887 2882 4940 ὅποι
2911 4885 3063 4947 ποτὲ,
3103 4885 3198 4938 καὶ
3221 4885 3314 4937 ἐπὶ
3337 4883 3489 4947 τίνας
3514 4882 3680 4939 ίεται.
3712 4902 3736 4935 ι
3780 4884 3841 4936 ὀ

2249 4982 2305 5036 δὲ
2353 4980 2490 5054 πρὸς
2546 4978 2718 5032 ταῦτα
2767 4973 2959 5039 εὐθόςο
3009 4976 3171 5039 Τοὺςι
3199 4974 3463 5045 ἀδελφούς
3500 4991 3602 5046 μου
3657 4974 3836 5045 ζητῶ.

2251 5069 2585 5139 ἀπάγγειλόν
2607 5085 2697 5139 μοι
2727 5066 2830 5121 ποῦ
2862 5066 3170 5137 βόσκουσιν.
3195 5063 3330 5121 Eine
3360 5065 3416 5120 δὲ
3439 5065 3609 5136 αὐτῷ,
3639 5069 3837 5139 φησὶν,

2250 5167 2279 5218 6
2311 5164 2615 5233 ἄνθρωπος,
2646 5160 2960 5229 ἀπήρκασιν
2998 5157 3265 5212 ἐντεῦθεν.
3301 5160 3545 5212 Ἤκουσα
3590 5157 3706 5230 γὰρ
3740 5158 3840 5211 αὖα

2246 5255 2353 5308 τῶν
2402 5254 2695 5323 λεγόντων·
2752 5250 3110 5323 Πορευθῶμεν
3163 5251 3242 5316 είς
3301 5249 3523 5320 Δοθαῒμ.
3562 5268 3582 5299 ι
3621 5243 3703 5303 Οὒ
3736 5249 3843 5304 καὶ

2248 5348 2571 5420 ἀφιγμένος,
2600 5347 2880 5417 ἀδοκήτως
2901 5342 3312 5398 ἐπεϐουλεύετο.
3348 5341 3475 5396 Ἐπὶ
3497 5338 3696 5411 καιροῦ
3724 5340 3843 5411 γὰρ

2250 5441 2439 5512 ὥσπερ
2464 5442 2492 5494 ό
2520 5439 2710 5509 φθόνος
2737 5439 2798 5492 τὸ
2832 5437 2998 5493 πάλαι
3029 5436 3220 5491 δοκοῦν
3253 5431 3557 5507 εἰργάζετο.
3594 5432 3842 5502 Διαχρή-

2253 5530 2451 5585 σασθαι
2500 5532 2597 5601 μὲν
2642 5526 2734 5584 οὖν
2784 5531 2863 5594 είς
2913 5528 3058 5583 ἅπαν
3112 5525 3418 5597 ἐπεθύμουν
3449 5522 3611 5578 αὑτὸν
3643 5523 3691 5574 oi
3726 5519 3845 5576 ἀπὸ

641 5717 683 5746 ⁸⁸
714 5713 848 5771 Gen.
884 5729 1077 5786 nam,
1108 5715 1253 5772 9-H.
1331 5718 1377 5749 ⁸³
1400 5717 1536 5772 ibid.
1564 5717 1644 5770 12.
1714 5718 1758 5748 ⁸³
1781 5716 1918 5771 ibid.
1941 5716 2027 5783 i5,
2078 5716 2152 5771 li.

2254 5718 2283 5750 "
2307 5717 2445 5773 ibid.
2476 5717 2653 5772 15-17.
2713 5718 2760 5749 “
2785 5715 2921 5772 Ibid.
2959 5714 3140 5771 f9-22.
