4032 6198
545 275 649 334 293

1588 259 1644 315 S.
1688 256 1965 315 CYRILLI
2005 249 2480 309 ALEXANDRINI
2517 246 2835 304 ARCHIEP.

3702 241 3810 297 Μ

552 397 634 444 tes
661 401 760 442 eos
795 393 849 439 et
883 387 1115 435 onustos
1146 376 1215 431 ad
1246 375 1557 430 libertatem
1593 387 1692 442 per
1731 370 1894 425 ﬁdem
1925 366 2139 421 vocavit

2256 345 2656 427 ὒςκοπιῶντας
2698 357 2894 421 αὐτοὺς
2945 357 3037 410 καὶ
3073 351 3563 426 κατηχθισμένους,
3603 354 3683 417 είς
3712 355 3812 426 τὴν

550 479 741 534 dicens
773 493 785 528 :
819 493 837 526 ι
861 472 1053 529 Venite
1077 469 1145 524 ad
1166 482 1277 532 me,
1301 479 1494 520 omnes
1518 464 1613 533 qui
1640 461 1903 516 laboratis
1925 468 1981 514 et
1997 473 2128 513 onc-

552 571 656 625 rati
693 566 848 628 estis,
882 571 939 618 et
969 576 1070 631 ego
1107 558 1348 612 reﬁciam
1373 570 1472 609 vos
1503 555 1569 606 ⁷⁸.
1605 571 1623 605 ι
1663 550 1770 606 Sed
1813 546 2128 620 hujusmodi

550 661 774 731 quidem
817 662 902 710 est
938 653 1037 706 Lia
1077 669 1091 702 :
1132 648 1258 720 puri
1293 654 1476 700 autem
1507 651 1635 698 sunt
1663 640 1956 696 admodum
1985 636 2129 694 oculi

552 729 778 807 Eacbel.
810 745 959 800 Vidit
1001 743 1151 797 enim
1206 737 1453 794 Ecclesia
1493 751 1561 790 ex
1606 733 1862 805 gentibus
1901 729 2131 801 gloriam

551 839 776 901 Christi,
799 844 855 890 et
883 836 936 888 in
977 833 1094 903 ipso
1126 832 1344 885 Patrem
1371 846 1384 884 :
1410 834 1601 882 vocata
1631 835 1811 880 autem
1843 831 1928 877 est
1957 821 2024 875 ad
2049 821 2131 877 l'a-

551 931 926 987 miliaritatem
953 921 1254 994 spiritualis
1275 919 1483 990 sponsi,
1511 918 1616 972 hoc
1638 925 1742 980 est,
1760 914 1986 977 Christi,
2011 920 2135 982 post

553 1023 808 1094 primam.
838 1017 996 1087 185
1019 1015 1139 1086 Ipsa
1161 1013 1307 1069 enim
1336 1010 1633 1066 novissima
1663 1016 1766 1072 est,
1795 1021 1986 1076 rugam
2023 1020 2134 1058 non

554 1115 785 1173 habens,
833 1111 1115 1178 antiquata
1160 1105 1356 1176 prima,
1404 1118 1466 1156 ac
1502 1109 1790 1172 postquam
1815 1096 2125 1157 consenuit,

553 1217 726 1276 prope
753 1201 896 1255 facto
917 1199 1037 1268 ejus
1063 1195 1312 1250 interitu.
1339 1193 1738 1262 Interpretatur
1764 1196 1947 1240 autem
1969 1185 2137 1240 etiam

557 1275 784 1355 Rachel,
812 1290 906 1344 Dei
928 1287 1079 1344 ovile.
1106 1285 1260 1341 Ovile
1285 1284 1432 1339 enim
1457 1279 1842 1336 Salvatorisest
1858 1275 2135 1332 Ecclesia:

557 1386 652 1458 qui
677 1382 881 1440 Iudaeis
927 1379 1150 1450 quidem
1191 1375 1329 1432 dixit
1362 1390 1462 1444 per
1502 1371 1792 1442 quemdam
1824 1374 2140 1422 sanctorum

558 1456 957 1548 prOphetarum
995 1488 1008 1527 :
1056 1489 1074 1521 ‹
1105 1470 1173 1526 Ει
1219 1469 1331 1523 dixi
1364 1485 1376 1521 :
1411 1465 1532 1520 Non
1569 1476 1788 1534 pascam
1831 1473 1949 1514 vos.
1983 1456 2142 1523 Quod

560 1567 819 1629 moritur,
859 1563 1149 1626 moriatur,
1182 1569 1238 1616 et
1269 1558 1416 1629 quod
1447 1555 1653 1618 deficit,
1687 1552 1923 1616 deﬁciat,
1958 1558 2014 1604 et
2051 1564 2142 1603 re-

560 1661 776 1730 liquiae;
803 1658 1033 1713 devoret
1054 1655 1435 1724 unusquisque
1459 1663 1654 1704 carnes
1673 1643 1907 1716 proximi
1935 1642 2020 1698 sui
2037 1640 2103 1696 ⁷⁸.
2118 1660 2135 1692 ι

2234 455 2322 508 διὰ
2372 454 2608 514 πίστεως
2663 451 2846 505 ἄνεσιν
2893 447 3077 502 ἐκάλει
3118 447 3312 514 λέγων·
3353 463 3371 495 ς
3412 442 3577 497 Δεῦτε
3615 445 3812 510 πάντες

2237 545 2370 615 πρός
2409 561 2499 613 με.
2528 545 2576 596 οἱ
2599 540 2898 604 κοπιῶντες
2926 539 3019 596 καὶ
3049 533 3660 609 πεφορτισμένοι,κάγὼ
3682 537 3810 590 ἀνα-

2237 635 2432 690 παύσω
2477 634 2639 703 ὑμᾶς.
2680 652 2698 683 ι
2749 631 2910 684 Ἀλλὰ
2945 629 3075 682 Λεία
3122 630 3218 699 μὲν
3259 629 3315 680 ὲν
3355 626 3588 688 τούτοις.
3634 626 3813 681 Καθα·

2241 729 2324 799 pol
2361 727 2414 778 δὲ
2463 725 2601 793 ἄγαν
2649 725 2698 776 οἱ
2733 723 2832 792 τῆς
2871 720 3074 791 Ῥαχὴλ
3103 717 3392 788 ὀφθαλμοί.
3422 716 3684 770 Τεθέαται
3708 717 3814 788 γὰρ

2239 821 2272 888 ἡ
2291 817 2348 883 ἐξ
2378 816 2545 870 ἐθνῶν
2574 814 2868 884 Ἐκκλησία
2891 815 2988 883 τὴν
3010 812 3166 878 δόξαν
3200 809 3460 882 Χριστοῦ,
3481 811 3574 862 καὶ
3597 811 3652 861 ὲν
3673 809 3815 878 αὐτῷ

2239 910 2330 960 τὸν
2380 907 2624 976 Πατέρα’
2681 905 2937 974 κέκληται
2978 903 3033 955 δὲ
3071 901 3206 972 πρὸς
3250 900 3521 959 οἰκείωσιν
3561 897 3657 950 τοῦ
3696 916 3817 969 νοη-

2239 997 2333 1051 τοῦ
2379 995 2635 1066 νυμφίου,
2676 991 2921 1047 τουτέστι
2969 990 3228 1062 Χριστοῦ,
3264 989 3403 1060 μετὰ
3433 994 3529 1060 τὴν
3577 999 3817 1058 πρωτην.

2245 1087 2394 1159 Αὕτη
2425 1088 2592 1158 γάρὴ
2628 1085 2871 1156 νεωτάτη
2925 1083 3110 1154 ῥυτίδα
3149 1083 3222 1154 μὴ
3257 1084 3476 1152 ἔχουσα,
3514 1082 3693 1135 καίτοι
3725 1099 3823 1134 πα-

2243 1178 2570 1248 λαιωθείσης
2626 1179 2726 1246 τῆς
2773 1176 3019 1246 πρώτης,
3070 1175 3166 1228 καὶ
3211 1176 3332 1227 ἐπεί
3372 1191 3455 1227 τοι
3491 1178 3820 1244 γεγήρακεν,

2246 1271 2411 1340 ἐγγὺς
2459 1268 2758 1338 γενομένης
2806 1265 3132 1338 ἀφανισμοῦ.
3185 1265 3577 1336 Ἐρμηνεὺεται
3627 1265 3681 1318 δὲ
3729 1265 3823 1317 καὶ

2246 1362 2280 1432 ἡ
2317 1360 2536 1431 Ῥαχὴλ,
2572 1359 2718 1414 θεοῦ
2749 1359 3046 1426 ποίμνιον.
3086 1357 3342 1426 Ποίμνιον
3369 1357 3478 1428 γὰρ
3516 1356 3608 1409 τοῦ
3646 1358 3827 1428 Σωτῆο

2251 1467 2340 1521 ρος
2370 1451 2402 1521 ἡ
2439 1448 2771 1519 Ἐκκλησία·
2819 1447 2878 1510 ὃς
2923 1445 3192 1507 Ἰουδαίοις
3231 1446 3327 1514 μὲν
3363 1446 3569 1513 ἔφασκε
3619 1446 3688 1498 δι’
3712 1445 3826 1509 ὲνδς

2247 1543 2355 1595 τῶν
2377 1541 2544 1609 ἁγίων
2561 1538 2872 1612 προφητῶν·
2903 1557 2920 1590 ι
2958 1538 3069 1591 Καὶ
3095 1532 3242 1589 εἶπεν
3271 1537 3344 1589 Οὐ
3377 1537 3629 1607 ποιμανῶ
3660 1537 3826 1606 ὑμᾶς.

2249 1635 2323 1688 Τὸ
2351 1632 2694 1701 ἀποθνῆσκον
2724 1629 3137 1701 ἀποθνησκέτω,
3170 1631 3266 1682 καὶ
3292 1629 3352 1682 τὸ
3385 1629 3635 1682 ἐκλεῖπον
3667 1628 3833 1680 ἐκλεξα

562 1754 640 1809 De
671 1751 832 1806 nobis
859 1764 990 1803 vero
1022 1765 1034 1800 :
1073 1766 1090 1798 ι
1121 1745 1262 1801 Oves
1302 1758 1438 1798 meae
1468 1754 1661 1796 vocem
1695 1752 1869 1792 meam
1899 1733 2148 1796 audiunt,

2256 1725 2405 1779 πέτω
2426 1763 2441 1788 ,
2491 1723 2585 1776 καὶ
2630 1723 2699 1776 τὰ
2739 1722 3074 1776 κατάλοιπα·
3108 1719 3440 1776 κατεσθιὲτω
3476 1720 3707 1779 ἕκαστος
3735 1720 3833 1785 τὰς

563 1853 620 1901 et
640 1849 949 1914 sequuntur
973 1855 1060 1894 me
1082 1856 1096 1906 ;
1123 1846 1179 1893 et
1197 1853 1296 1908 ego
1319 1836 1390 1891 do
1416 1835 1549 1906 ipsis
1569 1833 1738 1889 vitam
1760 1837 2019 1884 :eternam
2040 1825 2107 1880 ".
2121 1844 2140 1875 ι

563 1937 663 1993 Est
696 1937 862 2007 igitur
898 1944 1086 2005 pastor
1122 1935 1325 1994 bonus,
1367 1936 1422 1983 et
1481 1928 1536 1981 in
1575 1923 1832 1980 omnibus
1873 1921 1988 1989 ipse
2028 1916 2147 1988 pri-

567 2045 683 2085 mas
709 2027 984 2083 obtinens.
1024 2023 1261 2079 Vocatus
1287 2026 1469 2073 autem
1503 2026 1584 2071 est
1621 2015 1787 2070 etiam
1821 2011 1960 2074 ovis,
1993 2016 2148 2078 post-

567 2135 730 2189 quam
752 2118 929 2172 i‘actus
943 2123 1026 2169 est
1040 2115 1225 2168 homo.
1241 2110 1453 2165 Idcirco
1466 2101 2151 2177 sapiensJoannesJudazo-

570 2220 692 2259 rum
732 2205 949 2274 populis
983 2202 1160 2272 ipsum
1199 2197 1460 2260 ostendit,
1483 2196 1674 2258 dicens
1704 2211 1714 2246 :
1751 2213 1768 2243 ε
1801 2193 1939 2246 Ecce
1965 2192 2153 2261 Agnus

573 2294 668 2350 Dei
734 2294 932 2348 tollens
991 2298 1214 2361 peccata
1273 2287 1466 2342 mundi
1499 2287 1565 2339 "°.
1606 2305 1622 2337 ι
1677 2283 1956 2339 lnnumcri
2002 2281 2152 2337 enim

571 2382 790 2439 mactati
830 2389 978 2443 sunt,
1009 2381 1160 2450 juxta
1207 2377 1342 2448 legis
1381 2376 1630 2438 formam,
1656 2373 1751 2429 sed
1789 2374 1974 2427 nullus
2006 2371 2154 2426 dele-

571 2473 650 2530 vit
677 2480 897 2544 peccata
920 2470 1132 2527 mundi.
1159 2488 1176 2520 c
1198 2467 1538 2538 Impossibile
1552 2467 1698 2520 enim
1719 2472 1803 2519 est
1832 2463 2153 2534 sanguinem

575 2571 861 2619 taurorum
907 2569 963 2616 et
1013 2560 1295 2614 hircorum
1345 2557 1538 2612 tollere
1562 2561 1783 2625 peccata
1811 2555 1877 2607 ".
1905 2574 1923 2605 ι
1952 2553 2155 2612 Abstu-

573 2655 650 2710 lit.
663 2662 846 2709 autem
877 2659 1098 2724 peccata
1125 2650 1314 2706 mundi
1343 2648 1529 2720 Agnus
1559 2647 1942 2702 immaculatus
1965 2660 2151 2710 verus,

573 2747 986 2804 immaculatum
1021 2743 1372 2799 sacriﬁcium.
1411 2741 1540 2796 Ideo
1571 2740 1735 2794 etiam
1763 2748 1823 2793 ut
1848 2739 1968 2794 ovis
1993 2753 2156 2809 repu-

578 2846 720 2894 tatus
739 2845 824 2890 est
847 2836 1132 2889 uobiscum
1167 2835 1232 2887 ⁷⁸.
1263 2834 1502 2888 Vocctur
1525 2839 1709 2886 autem
1742 2831 1948 2885 idcirco
1968 2831 2158 2886 Eccle-

574 2929 667 2984 siae
689 2927 852 2990 ﬁlius,
879 2935 940 2981 ut
965 2925 1365 2996 primogenitus
1392 2925 1447 2978 in
1473 2923 1738 2978 fratribus
1765 2925 1831 2976 ⁷³.
1860 2922 2156 2978 Sciendum

574 3033 705 3072 vero
737 3017 882 3087 quod
904 3024 958 3070 et
979 3016 1180 3086 .Ioseph
1208 3016 1622 3085 interpretatur,
1657 3013 1879 3083 adjectio
1904 3022 1958 3066 et
1984 3014 2155 3065 incre-

2258 1817 2468 1888 σάρκας
2521 1813 2616 1869 τοῦ
2661 1813 2888 1882 πλησίον
2939 1811 3125 1868 αὐτοῦ.
3169 1830 3188 1864 ι
3227 1811 3414 1881 Ἠμῶν
3460 1812 3515 1864 δὲ
3575 1810 3640 1882 δὴ
3683 1813 3833 1884 πέρι,

2261 1927 2280 1961 ι
2311 1908 2394 1962 Τὰ
2439 1906 2689 1978 πρόϐατα
2751 1903 2821 1956 τὰ
2874 1903 2982 1974 ὲμά
3035 1903 3129 1973 τῆς
3168 1902 3352 1972 φωνῆς
3396 1920 3498 1973 μου
3554 1901 3835 1961 ἀκούουσι.

2257 2001 2351 2056 καὶ
2406 1996 2755 2053 ἀκολουθοῦσι
2822 2013 2954 2067 μοι,
3011 1994 3170 2066 κάγὼ
3221 1995 3414 2065 δίδωμι
3470 1995 3659 2058 αὐτοῖς
3695 1995 3840 2066 ζωὴν

2257 2091 2500 2148 αἰώνιον.
2538 2109 2556 2144 ι
2584 2091 2739 2144 Ἔστι
2777 2089 2873 2160 μὲν
2906 2083 2999 2143 οὖν
3028 2087 3230 2160 ποιμὴν
3266 2087 3489 2156 ἀγαθὸς,
3522 2091 3616 2141 καὶ
3651 2091 3710 2140 ὲν
3740 2091 3842 2142 πᾶ-

2259 2200 2342 2237 σιν
2368 2183 2530 2246 αὐτὸς
2562 2180 2874 2253 πρωτεύων.
2909 2180 3296 2252 Κεχρημάτικε
3317 2179 3373 2234 δὲ
3413 2180 3510 2234 πιιαδ⁹
3540 2179 3840 2251 πρόϐατον,

2258 2275 2381 2329 ὲπεί
2403 2293 2484 2328 τοι
2519 2275 2708 2343 γέγονε
2739 2272 3046 2344 καθ’-ημᾶς,
3086 2273 3196 2326 Καὶ
3229 2273 3357 2342 γοῦν
3385 2275 3414 2325 6
3459 2273 3623 2341 σοφὸς
3663 2274 3847 2326 Ἰωάνα-

2259 2387 2356 2438 νης
2392 2370 2504 2430 τοῖς
2541 2365 2806 2420 Ἰουδαίων
2847 2365 3040 2434 δήμοις
3080 2364 3240 2417 αὐτὸν
3284 2363 3599 2436 παρέδειξε,
3631 2363 3844 2432 λέγων·

2265 2476 2283 2508 ι
2327 2456 2430 2510 Ἴδε
2463 2458 2491 2508 ό
2523 2455 2691 2525 ἀμνὸς
2727 2453 2820 2508 τοῦ
2865 2444 3000 2506 Θεοῦ
3043 2456 3070 2507 6
3103 2454 3273 2525 αἴρων
3302 2454 3399 2525 τὴν
3433 2456 3712 2526 ἁμαρτίαν
3750 2455 3847 2509 τοῦ

2260 2546 2487 2616 κόσμου.
2527 2563 2545 2596 ι
2576 2543 2776 2615 Μυρίοι
2816 2544 2914 2615 μὲν
2939 2544 3046 2619 γὰρ
3075 2544 3424 2612 ἐσφάττοντο,
3458 2545 3602 2598 κατὰ
3629 2544 3725 2598 τὸν
3751 2543 3851 2601 τοῦ

2260 2640 2424 2710 νόμου
2475 2638 2667 2702 τύπον,
2721 2638 2836 2692 ἀλλ’
2893 2637 3068 2698 οὐδεὶς
3116 2638 3384 2708 ἀπήλειψε
3431 2639 3528 2710 τὴν
3567 2639 3854 2710 ἁμαρτίαν

2261 2731 2354 2786 τοῦ
2415 2730 2639 2801 κόσμου.
2696 2748 2713 2781 ι
2765 2729 3055 2783 Ἀδύνατον
3121 2729 3220 2801 γὰρ
3277 2726 3413 2801 αἷμα
3475 2731 3693 2802 ταύρων
3759 2729 3856 2784 καὶ

2261 2823 2478 2893 τράγων
2524 2821 2779 2892 ἀφαιρεῖν
2826 2821 3116 2891 ἁμαρτίαν.
3161 2840 3179 2871 ι
3228 2821 3492 2892 Ἀνῄρηκε
3527 2821 3584 2874 δὲ
3620 2819 3715 2872 τοῦ
3762 2819 3858 2873 κό-

2264 2930 2401 2984 σμου
2437 2912 2534 2982 τὴν
2578 2913 2854 2983 ἁμαρτίαν
2885 2915 2913 2965 6
2960 2913 3133 2983 ἀμνὸς
3171 2913 3199 2964 6
3237 2912 3536 2982 ἄμωμος,ό
3567 2911 3856 2980 ἀληθινὸς,

2263 3005 2322 3058 τὸ
2361 3005 2590 3074 ἄμωμον
2634 3005 2847 3075 ἱερεῖον.
2900 3003 3110 3057 Οὐκοῦν
3143 3004 3235 3056 καὶ
3273 3003 3347 3065 ὡς
3389 3002 3666 3074 πρόϐατον
3698 3004 3859 3058 λελό-

577 3117 811 3163 mentum
840 3107 957 3160 Dci.
1003 3106 1230 3176 Semper
1253 3105 1398 3159 enim
1423 3111 1654 3172 augetur
1673 3108 1730 3155 et
1749 3102 1947 3156 crescit
1975 3111 2148 3156 sancta

2276 3113 2458 3164 γισται
2505 3095 2623 3166 μεθ’
2648 3095 2823 3165 ἡμῶν.
2855 3095 3090 3150 Καλοῖτο
3127 3095 3173 3148 δ’
3212 3095 3278 3149 ἂν
3304 3095 3390 3148 διὰ
3426 3096 3585 3149 τοῦτο
3615 3097 3713 3150 καὶ
3754 3097 3860 3169 τῆς

576 3197 812 3252 ﬁliorum
839 3193 1097 3247 Ecclesia:
1122 3193 1434 3247 multitudo.
1463 3189 1728 3256 Quocirca
1755 3190 1921 3244 etiam
1951 3191 2160 3245 dictum

577 3297 663 3342 est
683 3284 750 3338 ad
773 3299 892 3338 eam
929 3301 942 3335 :
989 3302 1006 3332 ‹
1033 3283 1185 3336 Tolle
1211 3282 1266 3336 in
1291 3281 1525 3336 circuitu
1552 3281 1739 3335 oculos
1763 3289 1906 3346 tuos,
1931 3281 2084 3346 Sion,
2106 3291 2162 3337 et

577 3376 724 3429 vide.
766 3374 905 3428 Ecce
943 3375 1252 3443 congregati
1295 3381 1442 3436 sunt,
1472 3381 1529 3426 et
1557 3379 1828 3426 venerunt
1862 3371 1929 3426 ad
1954 3381 2006 3426 te
2035 3372 2101 3424 ³ο.
2134 3391 2152 3423 ι

578 3463 647 3518 Et
671 3477 889 3515 rursum
917 3479 930 3513 :
969 3481 986 3512 ι
1019 3462 1157 3516 Ecce
1186 3463 1241 3516 hi
1276 3462 1344 3516 de
1370 3463 1528 3532 longe
1553 3463 1801 3527 veniunt,
1827 3462 1884 3518 hi
1911 3462 1980 3517 ab
2008 3463 2164 3533 aqui-

579 3553 726 3614 lone,
763 3559 819 3605 et
855 3551 909 3605 hi
944 3567 974 3605 a
1004 3551 1143 3604 mari
1171 3569 1182 3606 :
1211 3552 1306 3605 alii
1332 3566 1465 3605 vero
1491 3567 1521 3606 e
1550 3558 1694 3605 terra
1719 3551 2011 3607 Persarum
2037 3554 2102 3609 3‘.
2135 3573 2152 3606 ι

583 3644 858 3713 Scriptum
895 3651 980 3698 est
1011 3651 1194 3698 autem
1221 3644 1388 3700 etiam
1422 3644 1479 3698 in
1509 3643 1738 3698 Actibus
1762 3645 2157 3715 apostolorum,

582 3735 785 3789 alicubi
809 3735 1053 3805 quidem,
1081 3735 1227 3803 quod
1266 3735 1466 3806 adjecit
1503 3735 1725 3805 quidem
1763 3736 2028 3791 Dominus
2050 3737 2159 3792 sal-

579 3835 735 3882 vatos
758 3827 1005 3897 quotidie
1033 3827 1088 3880 in
1115 3826 1350 3892 idem";
1382 3826 1582 3882 alicubi
1607 3841 1736 3881 vero
1763 3845 1775 3883 ς
1813 3827 2009 3884 (Αυοιὶ
2030 3843 2160 3884 vero

579 3928 709 3975 sunt
751 3919 936 3989 potius
975 3918 1265 3974 credentes
1303 3918 1556 3984 Domino,
1591 3917 1970 3974 multitudines
2007 3920 2159 3974 viro~

583 4027 704 4065 rum
745 4018 801 4064 et
845 4012 1138 4067 mulierum
1161 4011 1226 4064 ⁸³.
1260 4030 1278 4061 ι
1311 4010 1545 4075 Idcirco,
1578 4018 1640 4064 ut
1663 4012 1827 4081 paulo
1867 4020 1993 4068 ante
2024 4012 2157 4080 dixi,

581 4100 778 4154 merito
811 4112 1102 4156 censeatur
1140 4102 1443 4170 spiritualis
1474 4101 1696 4172 Ioseph,
1721 4103 1824 4158 hoc
1848 4113 1950 4169 est,
1977 4105 2069 4174 qui
2103 4105 2159 4160 in

579 4190 820 4253 Christo,
847 4191 1082 4260 adiectio
1106 4191 1221 4244 sive
1244 4191 1646 4246 incrementum
1673 4194 1789 4250 Dei.
1818 4195 2005 4263 Neque
2028 4210 2159 4250 vero

577 4295 610 4337 a
651 4295 818 4350 scapo
859 4281 1320 4346 aberraverimus,
1347 4281 1392 4336 si
1433 4282 1720 4337 credentes
1755 4284 1812 4338 in
1849 4286 2048 4354 ipsum,
2074 4295 2157 4341 at-

578 4389 687 4443 que
711 4372 1007 4442 ipsummet
1029 4374 1104 4428 ita
1132 4373 1488 4444 appellemus.
1514 4374 1633 4444 Ipse
1660 4375 1808 4429 cnim
1839 4385 1922 4430 est
1954 4385 2117 4447 caput
2141 4395 2154 4430 :

577 4479 780 4535 corpus
800 4474 982 4520 autem
1007 4476 1063 4521 et
1088 4466 1335 4521 membra
1361 4483 1429 4522 ex
1450 4477 1604 4538 parte
1628 4484 1727 4523 nos
1751 4468 1818 4525 “.
1840 4467 2017 4539 Atque
2041 4471 2156 4540 ipse

578 4555 802 4626 quidem
825 4557 956 4610 vitis
984 4575 995 4609 :
1027 4557 1356 4613 inhaeremus
1383 4569 1562 4613 autem
1589 4559 1691 4628 ipsi
1720 4577 1820 4616 nos
1849 4563 2022 4618 instar
2043 4563 2157 4632 pal-

579 4655 794 4709 mitum,
833 4647 1042 4701 unitate
1084 4649 1384 4704 secundum
1427 4650 1680 4718 spiritum
1720 4668 1820 4722 per
1852 4655 2158 4708 sanctiﬁca-

578 4737 781 4794 tionem
831 4737 1089 4807 colligati.
1139 4739 1412 4795 Caeterum
1458 4761 1477 4793 ι
1520 4751 1667 4807 erat,
1705 4743 1910 4814 inquit,
1951 4746 2154 4817 Ioseph

574 4827 968 4896 septemdecim
1006 4845 1275 4885 annorum
1295 4830 1362 4885 ⁸⁵.
1402 4852 1420 4883 ι
1453 4833 1522 4887 Et
1553 4834 1696 4904 quod
1739 4836 1961 4906 quidem
1994 4837 2153 4907 juve-

575 4914 662 4975 nis
699 4914 1016 4981 admodum,
1049 4918 1209 4988 186
1235 4918 1477 4976 declarat
1513 4937 1611 4992 per
1645 4924 1771 4989 hoc,
1801 4932 1861 4979 ut
1890 4916 2151 4992 arbitror,

575 5007 736 5064 nobis
763 5022 914 5064 saera
944 5007 1248 5079 Scriptura.
1289 5009 1656 5069 Novissimum
1685 5024 1870 5070 autem
1903 5017 2149 5071 omnium

573 5099 740 5155 etiam
780 5099 960 5170 ipsum
984 5101 1395 5157 Emmanuelem
1431 5118 1552 5159 esse
1588 5104 1843 5172 dicimus,
1887 5108 2151 5178 temporis

575 5189 796 5258 quidem
824 5191 1206 5263 antiquitatem
1242 5192 1309 5248 iis
1349 5193 1443 5263 qui
1477 5201 1605 5248 ante
1645 5194 1824 5267 ipsum
1855 5197 1966 5252 nati
1997 5207 2146 5263 sunt,

574 5280 948 5348 ascribentes,
994 5293 1054 5338 ut
1103 5284 1238 5340 Mosi
1291 5289 1348 5339 et
1395 5284 1679 5356 prophetis
1720 5305 1732 5341 :
1777 5288 2151 5346 examinantes

574 5387 708 5429 vero
747 5373 1076 5444 scriptorum
1111 5376 1242 5442 vim,
1286 5376 1432 5432 aliud
1496 5376 1626 5447 quid
1659 5379 1825 5435 etiam
1863 5380 1948 5437 his
1979 5381 2149 5452 signi—

645 5507 693 5581 [³
719 5508 908 5565 Matth.
938 5527 1011 5573 χι.
1048 5511 1135 5566 28.
1212 5515 1258 5546 "
1293 5514 1459 5572 Zach.
1502 5532 1577 5581 xu,
1627 5518 1678 5574 9.

1785 5523 1833 5554 "
1860 5521 2017 5591 Joan.
2046 5536 2101 5582 χ,
2131 5523 2221 5586 27,
2261 5522 2350 5578 28.
2428 5526 2475 5558 "
2510 5526 2721 5591 Joan.r,
2748 5528 2836 5583 ἓξ).

2276 3187 2600 3258 Ἐκκλησίας
2627 3189 2739 3250 υίὸς
2766 3188 2840 3251 ὡς
2873 3189 3213 3258 πρωτότοκος
3248 3189 3304 3240 ὲν
3331 3187 3600 3257 ἀδελφοῖς.
3649 3189 3858 3241 ’ἰστέον

2262 3278 2320 3333 δὲ
2355 3280 2434 3332 ὅτι
2487 3279 2577 3334 καὶ
2622 3279 2819 3348 Ἰωσὴφ
2853 3279 3212 3350 ἑρμηνεύεται
3247 3280 3563 3348 προσθήκη
3607 3281 3704 3334 καὶ
3748 3281 3860 3334 αὗ-

2265 3372 2446 3440 ξησις
2479 3371 2650 3426 Θεοῦ.
2696 3371 2807 3424 Ἀεὶ
2834 3371 2944 3441 γὰρ
2973 3373 3054 3434 είς
3087 3370 3312 3439 αὔξησιν
3339 3371 3447 3424 τῶν
3477 3373 3575 3442 τῆς
3614 3372 3863 3442 Ἐκκληο

2265 3460 2383 3523 σίας
2409 3459 2613 3514 τέκνων
2642 3461 2672 3530 ἡ
2701 3459 2831 3527 ἁγία
2860 3459 3069 3530 πληθὺς
3096 3460 3406 3516 ὲπιδίδοται.
3433 3460 3732 3531 Τοιγάρτοι
3762 3463 3862 3515 καὶ

2263 3551 2476 3622 εἴρηται
2507 3551 2642 3623 πρὸς
2667 3552 2834 3621 αὑτήν
2853 3569 2866 3582 ο
2903 3570 2922 3604 ι
2949 3547 3019 3604 Ἀ
3031 3569 3119 3623 ρον
3162 3551 3344 3623 κύκλῳ
3373 3554 3497 3615 τοὺς
3533 3553 3862 3624 ὀφθαλμούς

2263 3641 2568 3707 σου,Σιὼν,
2606 3641 2702 3695 κα)⁸
2759 3642 2835 3695 ἰδὲ
2883 3643 3110 3706 πάντας.
3161 3644 3292 3697 Ἰδοὺ
3349 3644 3717 3716 συνήχθησαν,
3759 3647 3861 3700 καὶ

2261 3734 2494 3805 ἦλθοσαν
2518 3733 2653 3805 πρὸς
2677 3733 2734 3785 σέ
2756 3773 2770 3788 .
2799 3753 2818 3784 ι
2842 3734 2952 3787 Καὶ
2978 3735 3163 3788 πάλιν
3190 3754 3208 3786 ι
3232 3735 3364 3789 Ἰδοὺ
3387 3729 3532 3790 οὗτοι
3560 3738 3862 3807 πόρρωθεν

2261 3825 2532 3895 ἔρχονται,
2567 3819 2712 3879 οὗτοι
2740 3823 2846 3877 ἀπὸ
2875 3823 3066 3896 βορρᾶ,
3093 3825 3186 3878 καὶ
3221 3819 3366 3879 οὗτοι
3393 3826 3502 3878 ἀπὸ
3541 3825 3860 3898 θαλάσσης,

2261 3914 2411 3969 ἄλλοι
2440 3915 2497 3966 δὲ
2521 3916 2585 3967 ἐκ
2607 3914 2704 3985 τῆς
2731 3914 2977 3985 Περσῶν.
3003 3933 3020 3964 ι
3060 3915 3371 3985 Γέγραπται
3412 3915 3466 3968 δὲ
3495 3917 3589 3970 καὶ
3628 3917 3687 3968 ἐν
3727 3921 3864 3981 ταῖς

2259 4007 2500 4080 Πράξεσι
2537 4006 2645 4061 τῶν
2691 4006 3006 4061 ἀποστόλων
3039 4023 3052 4036 ·
3090 4007 3166 4076 πῆ
3200 4009 3317 4079 μὲν,
3341 4010 3422 4062 δτι
3448 4010 3475 4061 ό
3509 4008 3607 4079 μὲν
3641 4008 3862 4080 Κύριος

2265 4101 2567 4174 προσετίθει
2582 4103 2707 4165 τοὺς
2721 4101 3058 4171 σωζομένους
3074 4102 3195 4156 καθ’
3215 4102 3428 4173 ἡμέραν
3447 4103 3540 4156 ἐπὶ
3556 4102 3722 4155 ταυτό
3735 4118 3746 4128 ·
3779 4103 3860 4174 πῆ

2260 4197 2316 4250 δὲ
2356 4195 2418 4267 δὴ
2457 4192 2522 4251 αὖ
2545 4213 2558 4228 ·
2597 4194 2850 4250 «Μᾶλλον
2878 4194 2934 4247 δὲ
2969 4194 3352 4266 προσετίθεντο
3383 4195 3733 4260 πιστεύοντες
3775 4196 3863 4265 τῷ

2261 4289 2450 4358 Κυρίῳ
2485 4287 2660 4357 πλήθη
2702 4284 2912 4356 ἀνδρῶν
2946 4300 3005 4338 τε
3051 4286 3142 4338 καὶ
3164 4285 3456 4352 γυναικῶν.
3490 4305 3508 4335 ι
3549 4285 3859 4357 Ταύτῃτοι,

2262 4380 2510 4450 καθάπερ
2558 4378 2655 4449 ἤδη
2711 4366 2992 4448 προεῖπον.
3027 4379 3185 4430 νοοῖτ⁹
3217 4377 3283 4431 ἂν
3330 4379 3554 4441 είκότως
3595 4382 3624 4433 ό
3656 4381 3860 4450 νοητὸς

2275 4469 2492 4538 Ἰωσὴφ,
2521 4467 2819 4528 τουτέστιν,
2842 4470 2889 4520 οἱ
2917 4468 2975 4520 ὲν
3006 4467 3542 4540 Χριστῷ,προσθήκη
3568 4469 3728 4523 Θεοῦ.
3748 4471 3859 4524 Ἵοι

2253 4560 2297 4613 δ’
2324 4559 2390 4613 ἂν
2408 4562 2536 4630 ἡμῖν
2559 4561 2586 4612 6
2607 4559 2761 4626 λόγος
2793 4561 2894 4612 οὐκ
2921 4561 3028 4613 ἀπὸ
3053 4561 3253 4614 σκοποῦ
3280 4563 3409 4624 τοὺς
3442 4564 3521 4622 εἰς
3564 4562 3732 4615 αὐτὸν
3761 4581 3860 4618 πι-

2256 4651 2590 4712 στεύσαντας
2609 4649 2810 4702 ὡσανεὶ
2838 4649 2934 4705 καὶ
2963 4651 3504 4724 αὑτὸνοίκονομικῶς
3536 4653 3854 4724 ὀνομάζων.

2257 4743 2410 4795 Ἐστι
2441 4741 2733 4811 γὰρ,αὑτὸς
2758 4743 2854 4812 μὲν
2875 4745 2908 4813 ἡ
2938 4744 3167 4815 κεφαλή·
3202 4745 3360 4815 σῶμα
3389 4745 3444 4798 δὲ
3473 4746 3567 4798 καὶ
3599 4747 3766 4818 μέλη,
3787 4749 3860 4802 ἐκ

2256 4833 2457 4901 μέρους
2485 4835 2664 4901 ἡμεῖς.
2682 4833 2791 4886 Καὶ
2807 4833 2968 4897 αὐτὸς
2993 4835 3092 4904 μὲν
3108 4837 3140 4906 ἡ
3160 4835 3423 4906 ἄμπελος·
3437 4837 3858 4909 ὲμπεφύκαμεν

2258 4923 2315 4978 δὲ
2345 4923 2640 4993 κλημάτων
2665 4923 2818 4994 δίκην
2851 4926 3033 4997 ἡμεῖς,
3051 4926 3242 4982 ἐνώσει
3275 4931 3338 4999 τῇ
3362 4929 3504 4983 κατά
3527 4928 3754 5000 πνεῦμα
3779 4930 3858 4985 δι’

2257 5015 2529 5086 ἀγιασμοῦ
2548 5017 2736 5070 συνδού
2745 5034 2915 5088 μενοι.
2935 5019 3071 5074 Ἀλλ’
3097 5015 3256 5086 (Ἶίν,
3281 5021 3466 5092 φησὶν,
3485 5021 3685 5093 Ἰωσὴφ
3707 5021 3856 5078 δέκα

2257 5108 2352 5162 καὶ
2383 5107 2521 5162 ἑπτά
2557 5107 2715 5163 ἐτῶν.
2765 5128 2783 5160 ι
2820 5111 2930 5164 Καὶ
2962 5111 3046 5165 ὅτι
3098 5113 3197 5182 μὲν
3235 5112 3359 5178 νέος
3398 5114 3615 5185 κομιδῇ.
3657 5131 3856 5187 παρα-

2255 5199 2480 5266 δείξειεν
2502 5200 2592 5264 ἂν,
2622 5198 2777 5271 οῐμαί
2806 5220 2928 5266 που,
2949 5204 3042 5256 καὶ
3069 5203 3155 5258 διὰ
3181 5205 3388 5259 τούτων
3414 5207 3545 5276 ἡμῖν
3565 5208 3600 5276 ἡ
3622 5205 3855 5277 Γραφή.

2256 5291 2544 5347 Νεώτατον
2579 5293 2635 5347 δὲ
2660 5295 2768 5347 τῶν
2799 5294 2975 5349 ἀλλων
3013 5298 3107 5351 xui.
3155 5298 3318 5352 αὑτὸν
3342 5295 3482 5354 εἷναί
3517 5315 3702 5368 φαμεν
3750 5299 3858 5352 τὸν

2269 5383 2636 5457 Ἐμμανουήλ,
2679 5387 2741 5442 τὸ
2773 5389 2830 5440 ὲν
2851 5388 3027 5461 χρόνῳ
3059 5390 3434 5462 πρεσϐύτερον
3462 5394 3574 5453 τοῖς
3601 5384 3711 5461 πρὸ
3745 5391 3861 5444 αὐ-

2939 5530 3172 5587 "Hebr.
3205 5548 3258 5597 ι,
3297 5535 3350 5588 4.
3429 5533 3475 5564 ⁷⁸
3499 5531 3602 5588 Isa.
3629 5548 3745 5597 Lm,
3786 5536 3852 5594 7.

571 5577 619 5611 τ’
645 5577 801 5632 Rom.
837 5597 952 5642 vm,
977 5581 1063 5634 29.
1141 5581 1187 5615 '°
1207 5584 1311 5639 Isa.
1345 5601 1484 5649 xux,
1515 5577 1613 5655 i8;
1655 5591 1819 5654 Lx,4.
1897 5589 1940 5622 ⁸⁸
1969 5577 2148 5645 ἰείη

573 5643 752 5681 πηιιηρ
803 5664 836 5681 υ
879 5649 947 5681 2η
1042 5649 1087 5681 οι
1116 5653 1230 5681 (τι...
1286 5670 1460 5681 -........
1521 5655 1542 5681 ι

2267 5577 2364 5650 η.
2443 5577 2864 5662 υλόἶῗὶὶξὶἧ.
2943 5577 3350 5666 η’ᾸὶῖΪνῖὶίξ
3415 5601 3461 5636 ³³
3500 5577 3848 5681 Eoi-KNS

571 5643 774 5722 Ephes,
803 5664 854 5712 ν,
879 5649 964 5707 30.
1042 5649 1087 5682 ⁸⁸
1116 5653 1250 5712 Gen.
1285 5643 1483 5721 xxxv",
1521 5655 1568 5709 l.
