4032 6198
311 353 401 412 29ἳ
422 384 433 391 π

1318 345 1843 404 GLAPllYRORlIM
1884 346 1949 401 IN
1990 343 2291 403 GENESIM
2330 344 2463 401 LIB.
2499 342 2593 401 VL

3485 346 3605 419 293,

308 475 398 532 τοῦ
440 457 731 543 γεγονόσιν
782 471 1153 535 ἁνάπτοντες,
1196 462 1309 525 οἷον
1341 470 1516 542 Maian
1564 469 1663 522 καὶ
1697 470 1907 541 προφη-

2010 466 2165 524 ﬁcari
2193 466 2652 524 existimabimus.
2685 464 2971 523 Describet
2999 466 3147 523 enim
3177 469 3340 529 nobis
3361 469 3603 530 fortasse-

306 582 461 633 ταις·
488 561 950 629 έκόασανίζοντες
974 561 1032 616 δὲ
1059 562 1168 615 τῶν
1197 560 1604 633 γεγραμμένων
1628 561 1728 632 τὴν
1741 559 1801 613 δύ
1813 577 1902 613 να-

308 677 419 733 μιν,
449 656 757 731 οἰησόμεθὰ
777 673 834 710 τι
870 657 963 710 καὶ
987 654 1175 727 ἕτερον
1196 653 1287 708 διὰ
1330 652 1523 707 τούτου
1551 652 1903 724 κατασημαί-

303 752 515 808 νεσθαι.
553 747 923 821 Καταγράψει
970 748 1081 820 γάρ
1118 764 1237 811 πως
1288 748 1421 817 ἡμῖν
1462 744 1559 800 καὶ
1602 745 1734 799 αὐτὸ
1761 744 1901 815 τάχα

304 866 406 903 που
437 848 545 920 τῆς
580 845 722 919 μετὰ
748 843 954 916 σαρκὸς
978 842 1292 914 οἰκονομίας
1318 841 1381 895 τὸ
1406 839 1543 912 βαθὺ
1578 839 1899 911 μυστήριον,

2009 559 2404 616 incarnationis
2436 559 2607 614 altum
2642 560 2964 631 mysterium
2991 560 3156 617 etiam
3188 578 3459 620 annorum
3489 581 3591 621 nu-

2009 666 2219 707 merus.
2259 651 2319 707 ld
2368 651 2532 706 modo
2574 651 2762 722 aliquo
2812 652 3037 722 planum
3077 654 3280 723 facere,
3323 666 3593 729 quantum

2006 744 2157 810 licet,
2197 744 2543 811 conabimur,
2583 752 2645 799 ut
2674 744 2843 801 etiam
2880 746 2939 801 in
2985 748 3109 805 aliis
3146 749 3389 807 diximus
3430 751 3591 821 locis,

2008 854 2277 910 quantum
2311 832 2689 895 commemini.

306 944 396 997 καὶ
430 944 461 996 6
486 940 601 997 τῶν
629 939 765 995 ἐτῶν
794 938 1050 1011 ἀριθμός.
1087 938 1201 992 Καὶ
1224 935 1351 992 τίνα
1402 935 1468 1007 δὴ
1497 935 1720 1010 τρόπον,
1762 935 2084 1006 διατρανοῦν
2126 935 2204 999 ὡς
2249 936 2328 989 ἔνι
2368 935 2737 1008 πειράσομαι·
2793 936 2869 1001 ὡς
2915 937 3023 1010 γὰρ
3092 938 3230 1012 ἔφην
3267 941 3368 1015 ἤδη
3408 944 3502 997 καὶ
3535 944 3595 997 ὲν

305 1035 533 1105 ἑτέροιςσ
569 1031 926 1105 μεμνήσομαι
947 1028 1078 1101 γάρ.

367 1128 433 1181 δ’.
484 1123 653 1189 Ἐθος
680 1124 748 1194 τῇ
778 1120 901 1193 θείᾳ
935 1119 1153 1191 Γραφῇ,
1201 1117 1329 1182 τοὺς
1356 1116 1550 1173 ἀνόπιν
1592 1116 1770 1178 ἰόντας
1795 1115 1905 1171 τῶν

302 1213 580 1288 ἀριθμῶν,
628 1209 769 1283 μετὰ
808 1210 911 1279 τὴν
938 1207 1124 1270 αὐτοῖς
1156 1205 1500 1277 τεταγμένην
1534 1203 1901 1275 ἐκπλήρωσιν,

300 1306 648 1376 τελειότητος
709 1300 984 1356 ποιεῖσθαι
1021 1298 1289 1371 σύμϐολα.
1343 1293 1472 1352 Οἷόν
1501 1296 1555 1350 τί
1593 1312 1770 1367 φημιο
1798 1294 1903 1348 Τὸν

302 1399 437 1454 δέκα
469 1398 631 1468 εῐπερ
666 1412 752 1459 τις
782 1393 1227 1464 ἀναμετρήσαιτο
1246 1390 1345 1446 καὶ
1369 1388 1727 1462 ὑπερτρέχειν
1761 1386 1903 1441 ἕλοι-

301 1511 383 1558 το,
424 1491 592 1546 πάλιν
628 1489 694 1542 ἐκ
738 1488 963 1559 μονάδος
1015 1483 1263 1557 ἄρξεται,
1301 1484 1553 1555 καθάπερ
1608 1483 1689 1547 είς
1747 1483 1901 1545 τέλος

303 1585 586 1657 κατσίρων
606 1581 793 1636 αὐτόν.
826 1579 1060 1651 Ὁμοίως
1094 1578 1191 1631 ἐπὶ
1217 1576 1318 1647 τῆς
1350 1575 1678 1647 ἑϐδομάδος..
1710 1574 1907 1646 Ἀρεά-

305 1693 468 1750 μενος
528 1673 641 1745 γὰρ
676 1674 742 1725 ἐκ
785 1668 1008 1743 πρώτης
1030 1708 1047 1733 ,
1085 1667 1263 1722 ἄνεισι
1305 1665 1408 1737 μὲν
1454 1661 1651 1736 ἐφεξῆς
1681 1664 1775 1718 ἐπὶ
1803 1665 1902 1737 τὴν

303 1743 545 1846 ίὸδόμην
567 1787 583 1803 ’
608 1743 618 1745 ⁷
639 1767 758 1825 εἷτα
800 1764 1172 1829 κατακλείσας
1214 1765 1295 1828 είς
1324 1762 1478 1827 τέλος
1506 1762 1599 1815 τὸν
1628 1761 1736 1816 τῶν
1764 1761 1902 1833 ἡμεο
1931 1743 1975 1799 Β

305 1866 419 1938 ρῶν
461 1863 719 1938 ἀριθμὸν,
749 1859 1013 1931 ἐπανήξει
1045 1857 1211 1912 πάλιν
1249 1856 1343 1910 ἐπὶ
1385 1855 1485 1928 τὴν
1518 1852 1759 1927 πρώτην.
1801 1855 1905 1908 Τε-

300 1958 582 2029 λειότητος
628 1950 723 2009 οὖν
765 1955 876 2025 ἄρα
923 1950 1185 2025 ταύτῃτοι
1238 1949 1478 2002 ποιεῖται
1532 1948 1736 2016 σημεῖα
1774 1946 1904 2009 τοὺς

301 2047 405 2108 ὧδε
445 2051 674 2123 ἔχοντας
715 2047 828 2101 τῶν
874 2043 1126 2117 ἀριθμῶν
1172 2043 1202 2095 6
1246 2041 1392 2114 ίερὸς
1421 2043 1553 2113 ἡμῖν
1582 2042 1762 2110 λόγος.
1791 2039 1903 2095 Καὶ

299 2146 433 2216 γοῦν
464 2145 534 2215 τῇ
565 2142 674 2196 τῶν
695 2139 975 2194 ταλάντων
1005 2136 1262 2207 διανομῇ,
1293 2133 1386 2189 τὸν
1406 2136 1488 2199 εἰς
1516 2133 1669 2206 λῆξιν
1696 2132 1902 2206 ἥκοντα

301 2236 592 2310 φιλεργίας
636 2233 735 2304 τῆς
764 2234 908 2286 κατὰ
930 2229 1087 2293 Θεὸν,
1123 2228 1258 2282 δέκα
1289 2226 1454 2299 φησιν
1484 2225 1771 2297 εἰληφέναι
1803 2225 1902 2279 τά-

301 2333 504 2392 λαντα,
531 2328 626 2383 καλ⁸
666 2328 773 2400 μὴν
815 2325 911 2381 καὶ
943 2324 1133 2379 ἐπάνω
1159 2321 1436 2376 τεθεῖσθαι
1474 2320 1685 2375 πόλεων
1725 2319 1858 2374 δέκα
1883 2334 1898 2348 ·

301 2427 382 2481 δτι
407 2424 521 2478 τῶν
554 2421 963 2493 εὐδοκιμήσεων
989 2417 1290 2489 τελειότητι
1318 2415 1496 2486 πάντη
1527 2432 1587 2468 τε
1627 2413 1723 2469 καὶ
1766 2416 1903 2469 πάν-

300 2535 408 2582 τως
442 2515 787 2588 ίσομοιρήσει
829 2510 899 2565 τὰ
932 2498 1092 2582 γέρα,
1136 2509 1228 2563 διὰ
1255 2507 1448 2562 τούτου
1482 2506 1839 2573 καταδεικνὺς
1875 2510 1904 2561 6

300 2608 513 2663 τούτων
545 2606 855 2677 διανομεὺς,
886 2601 1135 2655 τουτέστι
1170 2600 1408 2673 Χριστός
1429 2615 1444 2629 ’
1474 2600 1706 2671 Στεῖραν
1736 2598 1794 2653 δέ
1837 2616 1903 2668 γε

298 2702 486 2755 τεκεῖν
524 2698 686 2762 ἑπτὰ,
716 2696 826 2750 τῶν
856 2697 1029 2765 ἁγίων
1052 2711 1135 2759 τις
1171 2693 1298 2764 ἔφη,
1330 2689 1394 2745 τὸ
1424 2689 1579 2746 ἑπτά
1607 2707 1710 2744 που
1733 2689 1905 2756 τιθεὶς

301 2792 430 2846 ἀντὶ
462 2789 563 2845 τοῦ
592 2789 820 2855 πολλὰ,
851 2787 948 2842 καὶ
981 2789 1082 2841 ὅσα
1123 2786 1287 2858 τυχὸν
1320 2786 1401 2850 είς
1431 2785 1635 2840 τέλειον
1669 2784 1905 2859 ἀριθμὸν

301 2882 754 2952 καταλογισθεῖεν
765 2880 834 2935 ἂν
844 2878 950 2935 ὑπό
965 2897 1061 2934 του
1075 2878 1179 2934 τῶν
1190 2877 1339 2952 dbia]
1355 2881 1575 2952 μετρεῖν
1585 2878 1901 2952 ᾑρημένων.

302 2975 480 3029 ὀταν
511 2974 692 3048 τοίνυν
728 2970 953 3043 λέγηται
995 2970 1126 3041 περὶ
1170 2966 1264 3024 τοῦ
1311 2969 1529 3040 Ἰωσὴφ,
1552 2970 1634 3024 ὅτι
1666 2965 1734 3043 ἦν
1765 2969 1902 3026 ἑτῶν

299 3069 438 3124 δέκα
468 3066 566 3122 καί
588 3065 753 3132 ἑπτὰ,
782 3062 1156 3124 συντεθεῖσθαι
1175 3062 1420 3133 δώσομεν
1442 3062 1532 3117 τὸν
1547 3062 1901 3134 Ἐμμανουὴλ
1928 3084 1975 3148 C

299 3164 379 3226 είς
416 3160 517 3213 ἕνα
542 3157 781 3233 Χριστὸν
809 3157 906 3212 καὶ
930 3155 1057 3209 Υίὸν
1096 3156 1162 3209 ὲκ
1185 3154 1331 3208 δυοῖν
1369 3153 1619 3219 τελείοιν,
1649 3153 1902 3226 θεότητός

300 3268 358 3307 τε
383 3253 485 3307 καὶ
519 3249 961 3322 ἁνθρωπότητος.
997 3246 1073 3301 Οὐ
1113 3246 1224 3317 γάρ
1259 3262 1342 3299 τοι
1388 3242 1812 3315 παραδεξόμεθα
1838 3242 1903 3297 τό

300 3362 417 3401 τισι
444 3343 664 3407 δοκοῦν,
692 3343 962 3413 οἰομένοις
987 3341 1069 3395 ὅτι
1094 3339 1272 3410 ιῐωχῆς
1294 3337 1518 3409 λογικῆς
1538 3338 1568 3391 6
1588 3337 1729 3403 θεῖος
1760 3340 1904 3393 ἐκεῖ·

302 3454 395 3502 νος
424 3435 705 3490 κεκένωτο
735 3432 883 3497 ναὸς,
914 3431 973 3485 ὃν
1008 3432 1072 3484 ὲκ
1099 3431 1200 3500 τῆς
1233 3429 1394 3498 ἁγίας
1422 3427 1702 3501 Παρθένου
1735 3429 1904 3499 πεφό-

307 3545 482 3602 ρηκεν
510 3529 542 3582 6
566 3524 701 3590 Θεὸς
732 3525 926 3593 Λόγος.
963 3521 1107 3576 Ἀλλ’
1142 3520 1333 3593 ὥσπερ
1361 3516 1431 3593 ἦν
1460 3519 1665 3584 τέλειος
1699 3521 1757 3574 ὲν
1786 3520 1906 3574 θεό-

306 3639 471 3695 τητι,
534 3618 682 3673 οὕτω
731 3619 825 3671 καὶ
882 3618 940 3669 ὲν
1005 3613 1420 3686 ἀνθρωπότητι,
1487 3610 1626 3683 πλὴν
1677 3612 1759 3676 εἰς
1808 3609 1903 3664 ἕνα

309 3715 676 3787 συγκείμενος
744 3710 1069 3782 ἀπορῥήτως
1125 3723 1187 3760 τε
1247 3705 1343 3759 καὶ
1388 3704 1529 3776 ὑπὲρ
1560 3702 1705 3758 νοῦν.
1757 3703 1904 3757 Οὐκ-

308 3808 404 3863 οῦν
467 3804 731 3878 σημαίνει
797 3802 895 3874 μὲν
976 3799 1039 3854 τὸ
1117 3798 1324 3852 τέλειον
1392 3797 1450 3850 ὲν
1518 3796 1735 3865 θεότητι
1810 3793 1906 3847 καὶ

312 3897 699 3956 ὁπαινίττεταί
757 3913 876 3960 πως
938 3894 1070 3966 ἡμῖν
1115 3893 1144 3945 6
1216 3890 1349 3945 δέκα
1401 3887 1656 3961 ἀριθμός.
1714 3885 1788 3940 Τὸ
1847 3885 1905 3939 δὲ

310 3991 486 4055 οὕτως
521 3989 665 4062 ἔχον,
708 3991 766 4041 ὲν
820 3974 1198 4057 ἀνθρωπότητι
1233 3983 1397 4037 πάλιν
1428 3981 1801 4054 ὑπεμφήνειεν
1839 3979 1907 4034 ἂν

315 4082 537 4145 δέπτὰ,
589 4077 1073 4151 μειονεκτοῦμενος
1114 4079 1213 4149 μὲν
1258 4075 1335 4140 ὼς
1367 4075 1427 4128 ἐν
1466 4073 1656 4145 Τριάδι
1684 4072 1779 4126 τοῦ
1820 4070 1908 4125 δέο

311 4193 407 4242 κα,
442 4171 881 4245 ὲπενηνεγμένος
908 4170 965 4223 δὲ
996 4168 1145 4239 αὐτῷ
1177 4167 1271 4221 καὶ
1300 4165 1465 4220 οἱονεὶ
1493 4163 1904 4236 προσκείμενος.

311 4268 472 4323 Μετὰ
507 4266 623 4336 γάρ
650 4282 735 4317 τοι
762 4263 854 4317 τὸν
881 4260 1011 4315 δέκα
1050 4259 1280 4332 ἀριθμὸν
1306 4257 1652 4331 συμϐέϐηκεν
1680 4258 1709 4310 6
1746 4257 1904 4310 ἑπτά.

324 4358 415 4414 Ἐν
450 4358 703 4429 ὑπεροχῇ
740 4355 798 4408 δὲ
838 4351 1070 4425 Τριάδος
1096 4392 1111 4413 .
1165 4351 1412 4404 τουτέστι
1457 4347 1746 4421 Θεότητος,
1785 4349 1814 4401 6
1845 4349 1909 4401 ὲκ

2078 1114 2132 1168 4.
2174 1111 2325 1169 Solet
2361 1127 2515 1168 sacra
2556 1112 2842 1184 Scriptura
2880 1130 3143 1173 numeros
3173 1127 3321 1178 retro
3360 1122 3591 1183 descen-
3656 1146 3667 1172 τ

2006 1203 2221 1270 dentes,
2263 1211 2387 1273 post
2423 1218 2522 1258 eos
2552 1204 2663 1275 jam
2707 1205 2956 1275 expletos
2992 1216 3049 1263 et
3090 1208 3372 1275 decursos.
3406 1218 3591 1286 perie-
3662 1194 3669 1204 ’

2004 1296 2208 1352 ctionis
2247 1296 2587 1351 constituere
2627 1297 2801 1352 veluti
2848 1299 3113 1371 symbola.
3154 1303 3321 1360 Verbi
3366 1311 3542 1379 gratia
3576 1335 3587 1368 :

2005 1386 2296 1443 denarium
2337 1388 2383 1442 si
2422 1388 2549 1458 quis
2591 1384 2938 1455 remetiatur,
2975 1398 3031 1447 et
3067 1408 3395 1463 percurrere
3436 1401 3590 1467 velit,

2005 1476 2209 1533 iterum
2256 1477 2326 1532 ab
2375 1492 2489 1533 uno
2528 1477 2841 1546 inchoabit,
2881 1480 3036 1537 velut
3074 1484 3142 1539 ad
3196 1483 3360 1541 ﬁnem
3418 1504 3599 1562 usque

2006 1570 2191 1641 ipsum
2242 1570 2604 1628 deducturus.
2651 1571 2715 1628 In
2761 1574 3076 1643 septenario
3123 1576 3257 1633 item
3312 1580 3590 1640 similiter.

2006 1661 2335 1733 Auspicatus
2374 1663 2524 1718 enim
2565 1663 2635 1719 ab
2674 1665 2909 1731 unitate,
2944 1666 3207 1740 deinceps
3232 1670 3301 1727 ad
3333 1682 3591 1745 septena-

2004 1757 2147 1813 rium
2186 1758 2479 1829 pervenit;
2518 1759 2587 1814 ad
2631 1758 2797 1814 ﬁnem
2838 1776 3012 1831 usque
3050 1777 3331 1831 emensus,
3367 1768 3463 1838 qui
3508 1778 3595 1826 est

2002 1857 2212 1919 septem
2245 1848 2462 1904 dierum
2497 1865 2783 1915 numerus,
2819 1851 2966 1907 redit
2997 1852 3198 1910 deinde
3232 1854 3301 1911 ad
3328 1857 3590 1927 primum.

2004 1938 2187 1996 Sacra:
2227 1939 2453 1997 Littera:
2494 1941 2680 2024 itaque
2728 1943 3115 2017 hujuscemodi
3156 1964 3422 2007 numeros
3462 1968 3593 2025 per-

2004 2031 2260 2088 fectionis
2293 2032 2450 2105 signa
2481 2017 2712 2089 faciunt.
2742 2034 2914 2107 Igitur
2948 2036 3005 2091 in
3032 2038 3365 2095 talentorum
3399 2017 3592 2099 distri-

2003 2123 2232 2181 butione
2265 2125 2336 2182 ad
2368 2134 2576 2183 sortem
2607 2125 3017 2183 beereditariam
3045 2130 3359 2188 venientem
3390 2133 3595 2190 seduli—

2003 2216 2132 2272 tatis
2171 2231 2300 2287 erga
2326 2216 2522 2283 Deum,
2552 2216 2743 2273 decem
2781 2220 3059 2291 accepisse
3088 2222 3291 2279 talenta
3325 2225 3401 2280 ait
3428 2223 3497 2293 ⁸⁸,
3533 2240 3593 2285 ει

2003 2317 2154 2365 retro
2173 2310 2340 2367 urbes
2358 2310 2551 2367 decem
2562 2312 2614 2367 ei
2634 2312 2886 2380 datas”,
2900 2313 3048 2385 quod
3061 2314 3129 2370 ad
3154 2316 3393 2373 nominis
3411 2319 3597 2390 splen-

2004 2402 2196 2459 dorem
2224 2403 2551 2474 perfectioni
2580 2406 2732 2461 omni
2759 2413 2816 2462 et
2839 2406 3047 2479 ubique
3076 2411 3301 2479 prmmia
3325 2411 3591 2484 adapten-

2005 2487 2120 2548 tur.
2160 2495 2266 2549 Per
2296 2495 2413 2552 haec
2448 2497 2697 2554 ostendit
2726 2490 3069 2556 'distrihutor
3095 2501 3317 2570 horum,
3354 2504 3460 2561 hoc
3485 2517 3590 2574 est,

2002 2588 2277 2672 Qbristus,
2304 2593 2549 2649 sterilem
2584 2603 2797 2666 septem
2833 2598 3138 2669 peperisse,
3161 2609 3228 2655 ut
3264 2601 3341 2657 ait
3371 2616 3593 2662 sancto-

2005 2698 2127 2739 rum
2164 2686 2467 2756 quispiam,
2498 2698 2697 2759 septem
2737 2704 2950 2759 ponens
2983 2707 3085 2761 pro
3119 2691 3321 2759 multis,
3356 2711 3411 2751 et
3441 2713 3593 2766 quae-

2005 2792 2222 2849 cunque
2266 2779 2592 2848 obveniunt,
2632 2783 2702 2839 ad
2747 2784 3052 2855 perfectum
3097 2789 3347 2844 revocari
3388 2801 3596 2860 queant

2005 2886 2321 2938 numerum,
2350 2873 2432 2929 sic
2457 2873 2604 2930 dicta
2631 2877 2995 2934 remetiendo.
3019 2877 3156 2935 Cum
3184 2881 3371 2952 itaque
3402 2884 3471 2939 de
3497 2885 3594 2941 10-

2006 2964 2141 3035 seph
2170 2964 2406 3032 dicatur,
2438 2981 2712 3023 annorum
2741 2967 2910 3026 fuisse
2941 2972 3358 3042 septemdecim,
3385 2979 3593 3033 consti-

2007 3063 2163 3113 tuere
2204 3056 2459 3114 videatur
2512 3075 2579 3115 ac
2638 3060 2846 3118 referre
2894 3062 3310 3122 Emmanuelem
3367 3067 3425 3123 in
3482 3085 3597 3126 uno

2004 3147 2228 3206 Christo
2267 3165 2332 3207 ac
2358 3151 2519 3218 Filio,
2546 3167 2579 3208 e
2611 3151 2830 3211 duobus
2865 3156 3195 3226 perfectum,
3224 3159 3512 3219 divinitate
3541 3171 3593 3221 et

2005 3241 2372 3300 humanitate.
2398 3244 2516 3300 Non
2542 3245 2691 3300 enim
2719 3247 3040 3318 recipimus,
3066 3250 3214 3321 quod
3244 3252 3470 3323 quidam
3501 3270 3593 3312 as-

2006 3344 2216 3402 serunt,
2242 3335 2492 3392 divinum
2523 3337 2660 3393 illud
2695 3338 2793 3394 Dei
2828 3341 3093 3412 templum
3132 3343 3314 3400 anima
3349 3346 3594 3404 caruisse

2008 3426 2286 3494 rationali,
2318 3428 2464 3499 quod
2491 3445 2522 3485 e
2554 3440 2743 3487 sancta
2766 3432 2991 3504 Virgine
3020 3434 3167 3490 Deus
3194 3436 3436 3493 Verbum
3463 3454 3594 3509 pro-

2008 3518 2152 3574 tulit.
2182 3519 2289 3576 Sed
2321 3529 2382 3575 ut
2412 3520 2467 3576 in
2494 3521 2699 3579 deitate
2733 3524 3012 3594 perfectus
3031 3537 3170 3594 erat,
3202 3528 3282 3585 sic
3313 3539 3369 3585 et
3402 3529 3456 3586 in
3486 3531 3592 3586 hu-
3617 3550 3621 3554 λ

2008 3626 2170 3666 mana
2201 3612 2309 3668 fuit
2344 3622 2571 3680 natura,
2607 3632 2753 3672 unus
2792 3625 2975 3673 tamen
3010 3620 3282 3677 exsistens
3328 3620 3594 3680 ineffabili

2009 3704 2461 3777 intellectumque
2498 3717 2793 3778 superante
2823 3710 3009 3766 modo.
3041 3712 3297 3784 Designat
3329 3714 3513 3787 itaque
3536 3724 3598 3773 et

2009 3797 2255 3854 involute
2304 3800 2467 3855 nobis
2510 3800 2784 3872 signiﬁcat
2838 3803 3235 3879 perfectionem
3288 3806 3344 3861 in
3388 3808 3595 3864 deitate

2009 3890 2270 3946 denarius
2321 3906 2609 3948 numerus.
2661 3893 2820 3960 Quod
2878 3910 3004 3951 eum
3062 3896 3139 3950 ita
3189 3896 3287 3962 sit,
3336 3907 3595 3968 septena-

2011 3981 2130 4035 rius
2188 3982 2433 4037 vicissim
2495 3983 2897 4038 humanitatem
2954 3984 3118 4039 nobis
3175 3986 3453 4054 exhibeat,
3497 3992 3594 4060 qui

2011 4072 2194 4127 minor
2249 4079 2335 4127 est
2392 4072 2620 4128 denario
2677 4072 2772 4144 qui
2832 4074 2890 4130 in
2951 4076 3219 4133 Trinitate
3280 4079 3439 4151 187
3485 4090 3592 4148 est,

2010 4172 2069 4221 et
2122 4163 2252 4219 huic
2304 4164 2550 4221 inclusus
2598 4175 2656 4221 et
2697 4166 2851 4223 velut
2901 4169 3199 4241 subjectus.
3250 4171 3379 4228 Post
3422 4172 3593 4229 dena-

2012 4256 2156 4312 rium
2223 4257 2371 4313 enim
2426 4259 2773 4330 septenarius
2823 4261 3044 4317 accidit.
3104 4263 3165 4319 In
3209 4267 3596 4336 exsuperantia

2013 4366 2145 4407 vero
2208 4359 2265 4406 et
2324 4351 2662 4409 sublimitate
2717 4353 3041 4419 Trinitatis,
3104 4357 3211 4412 hoc
3273 4367 3358 4414 est
3423 4360 3599 4415 deita-

314 4451 537 4522 ῐΙατρὸς
567 4448 706 4511 Θεὸς
749 4445 949 4514 Δόγος’
985 4446 1042 4498 εν
1073 4442 1330 4515 ὑφιζήσει
1364 4441 1420 4495 δὲ
1454 4441 1515 4495 τὸ
1545 4438 1905 4513 ἀνθρώπινον,

2014 4441 2103 4506 tis,
2131 4441 2226 4513 qui
2251 4456 2319 4496 ex
2346 4443 2506 4498 Patre
2526 4444 2672 4500 Deus
2691 4444 2932 4501 Verbum
2960 4465 2972 4500 :
2993 4447 3051 4501 in
3075 4448 3441 4506 submissione
3464 4467 3597 4508 vero

318 4543 411 4599 xui
440 4541 581 4598 Θεοῦ
612 4539 770 4610 δόξης
791 4539 849 4591 ὲν
880 4536 1077 4608 μείοσι.
1107 4534 1217 4588 Καὶ
1241 4535 1271 4586 6
1301 4532 1399 4604 μὲν
1427 4531 1558 4597 Θεὸς
1585 4531 1759 4601 Λόγος
1781 4531 1913 4584 νοεῖο

317 4652 409 4690 ται
460 4631 681 4706 προὼν,
742 4627 1078 4700 προσγέγονε
1123 4624 1180 4679 δὲ
1230 4622 1380 4694 αὐτῷ
1434 4622 1498 4677 τὸ
1547 4620 1909 4695 ἀνθρώπινον.

319 4726 535 4781 Οὐκοῦν
563 4722 881 4793 ἀναγκαίως
908 4717 1271 4792 προτέτακται
1308 4715 1408 4787 μὲν
1440 4716 1468 4768 ὁ
1492 4713 1625 4769 δέκα
1656 4713 1910 4787 ἀριθμὸς,

320 4814 685 4888 ἐπενήνεκταί
718 4830 781 4882 γε
821 4811 926 4883 μὴν
969 4812 997 4864 6
1039 4809 1199 4864 ἑπτά.
1255 4827 1273 4859 ι
1320 4805 1517 4879 Ἰωσὴφ
1565 4805 1695 4878 γὰρ,
1726 4807 1913 4878 φησὶν,

319 4908 456 4962 δέκα
487 4907 581 4960 καὶ
613 4904 754 4958 ἑπτὰ
776 4898 846 4974 ἧν
882 4900 1041 4967 ἐτῶν.
1072 4919 1091 4951 ι
1123 4899 1313 4972 Ἀθρει
1339 4898 1403 4970 δή
1441 4914 1532 4968 μοι
1575 4897 1711 4969 πρὸς
1744 4898 1918 4971 τούτῳ

319 4999 387 5052 τὸ
424 4996 765 5071 πρόσκαιρόν
810 5011 868 5048 τε
916 4994 1012 5047 καὶ
1046 4991 1304 5063 ἄναρχον,
1334 4990 1408 5054 ὠς
1438 4989 1495 5043 ἒν
1533 5006 1596 5059 γε
1618 4990 1683 5061 δὴ
1715 4989 1914 5063 χρόνῳ,

320 5094 497 5164 φημὶ,
548 5088 648 5145 τοῦ
690 5084 1066 5158 Ἐμμανουήλ.
1112 5085 1309 5152 Γέγονε
1348 5083 1446 5155 μὲν
1502 5082 1611 5154 γὰρ
1639 5083 1777 5137 ἑτῶν
1814 5084 1920 5138 ἀπ..

319 5183 629 5255 αρίθμησις
654 5179 731 5243 ὡς
762 5180 824 5232 ὲν
852 5176 1023 5230 εἰκόνι
1049 5175 1126 5247 τῷ
1140 5175 1341 5246 Ἰωσήφ
1362 5188 1377 5205 ⁶
1401 5172 1516 5227 ἀλλ’
1550 5174 1915 5246 ἐπενήνεκται

317 5275 389 5329 τὸ
419 5295 438 5328 ι
476 5275 565 5347 ἦν.
621 5291 640 5324 ι
677 5270 959 5341 Κέκληται
999 5268 1098 5340 μὲν
1144 5266 1255 5339 γὰρ
1288 5269 1368 5331 είς
1406 5266 1618 5335 γένεσιν
1652 5266 1752 5340 τὴν
1788 5266 1893 5322 καθ

319 5368 477 5438 ἡμᾶς
504 5364 829 5436 νοουμένην,
860 5364 951 5416 καὶ
969 5362 1049 5425 εὶς
1081 5359 1221 5413 ἐτῶν
1250 5357 1482 5431 ἀριθμὸν
1503 5357 1590 5412 διὰ
1622 5359 1680 5413 τὸ
1701 5359 1915 5432 ἀνθρώ-

314 5473 506 5521 πινον.
541 5459 723 5513 καίτοι
750 5455 882 5517 Θεὸς
922 5453 998 5508 ὢν
1027 5455 1055 5506 6
1078 5453 1265 5522 Λόγος.
1300 5449 1445 5505 Ἀλλ’
1474 5451 1663 5521 ἕψεται
1696 5453 1917 5518 πάντως

309 5551 385 5609 εδ
426 5572 447 5605 ι
466 5547 539 5623 ἦν
559 5571 582 5603 ι
616 5548 786 5620 αὕτῷ.
809 5548 1031 5601 Νοεϊται
1049 5546 1157 5615 γὰρ
1181 5544 1274 5599 καὶ
1292 5543 1439 5597 ἔστιν
1466 5542 1681 5613 ἀληθῶς
1696 5544 1775 5614 τῷ
1796 5544 1915 5617 Θεῷ

314 5648 419 5700 καὶ
483 5642 666 5699 Πατοὶ
717 5638 1021 5703 ωναῖδιος,
1066 5636 1182 5700 καὶ,
1231 5636 1306 5699 ὡς
1345 5638 1374 5689 ὁ
1420 5634 1705 5700 θεσπέσιὸς
1751 5654 1917 5708 φησιν

403 5827 455 5895 "_
475 5829 827 5894 Matth.xxv,
856 5827 1046 5884 M-QS‘.
1121 5828 1188 5861 “'
1221 5828 1354 5885 Luc.
1390 5845 1500 5898 xxx,
1544 5829 1631 5888 17.

653 5925 932 5985 ΡΑτιιοῐ..
965 5921 1082 5984 Gn.
1133 5921 1338 5985 LXIX.

2013 4543 2097 4590 est
2123 4534 2365 4591 humana
2404 4535 2650 4592 conditio
2678 4544 2736 4593 et
2772 4536 2868 4592 Dei
2894 4538 3067 4609 gloria
3106 4539 3307 4596 minor.
3342 4541 3411 4597 Et
3452 4542 3599 4600 Deus

2013 4627 2237 4699 quidem
2277 4629 2521 4687 Verbum
2560 4630 2884 4703 intelligitur
2917 4632 3315 4704 praeexsistere,
3358 4633 3596 4693 humana

2012 4736 2147 4777 vero
2183 4722 2238 4776 in
2271 4722 2365 4779 illo
2392 4732 2590 4780 natura
2619 4725 2914 4782 subsecuta
2937 4735 3040 4782 est.
3067 4726 3432 4795 Quamobrem
3456 4744 3597 4800 pra:-

2015 4811 2162 4867 cedit
2191 4814 2503 4871 necessario
2531 4815 2793 4873 denarius
2813 4833 3108 4884 numerus;
3136 4818 3388 4889 sequitur
3416 4829 3600 4891 septe-

2013 4904 2225 4958 narius.
2262 4922 2280 4955 ι
2307 4903 2508 4976 Joseph
2539 4906 2723 4977 itaque
2751 4907 2944 4963 decem
2981 4916 3038 4963 et
3080 4916 3289 4979 septem
3329 4925 3603 4965 annorum

2014 5004 2186 5051 erat.»
2215 4994 2517 5052 Considera
2545 4999 2680 5053 mihi
2706 4998 2774 5054 ad
2797 4999 2917 5056 haec
2937 5000 3330 5069 temporarium
3361 5007 3418 5055 et
3450 5003 3607 5071 prin-

2015 5086 2161 5158 cipio
2183 5101 2398 5153 carens,
2423 5097 2485 5144 ut
2506 5090 2600 5159 qui
2644 5089 2700 5144 in
2738 5098 2982 5160 tempore
3022 5089 3146 5153 fuit,
3175 5088 3350 5158 ipsius
3379 5089 3605 5144 Emma—

2017 5178 2219 5234 nuelis.
2242 5179 2371 5235 Fuit
2398 5181 2545 5237 enim
2575 5198 2847 5238 annorum
2885 5181 3252 5247 enumeratio,
3282 5190 3344 5253 u_t
3372 5182 3439 5238 in’
3463 5182 3604 5239 ima-

2019 5269 2143 5342 gine
2165 5285 2263 5327 seu
2285 5271 2477 5344 ﬁgura,
2496 5275 2553 5329 in
2577 5274 2838 5344 Josepho.
2863 5275 2934 5328 At
2957 5273 3204 5328 additum
3225 5283 3329 5340 est,
3354 5293 3372 5326 ι
3399 5285 3543 5341 erat;
3578 5295 3597 5326 ι

2018 5373 2249 5419 vocatus
2263 5375 2346 5420 est
2365 5366 2513 5421 enim
2541 5368 2607 5422 ad
2636 5367 3049 5437 generationem
3071 5366 3374 5422 secundum
3396 5383 3498 5423 nos
3521 5369 3604 5422 in-

2020 5454 2321 5519 tellectam,
2367 5466 2425 5511 et
2470 5458 2539 5512 ad
2584 5473 2878 5512 numerum
2927 5472 3197 5513 annorum
3244 5458 3603 5519 humanitatis

2020 5560 2205 5611 causa,
2236 5548 2337 5602 etsi
2364 5557 2513 5604 esset
2534 5549 2680 5605 Deus
2703 5550 2967 5615 Verbum,
2990 5549 3089 5605 sed
3118 5549 3180 5604 τὸ
3208 5568 3228 5600 ι
3256 5558 3399 5613 erat,
3433 5572 3451 5602 δ
3487 5571 3606 5613 om-

2023 5635 2158 5691 nino
2189 5637 2266 5693 illi
2294 5638 2585 5711 _convenit.
2615 5638 2942 5713 lntelligitur
2972 5638 3140 5704 enim,
3179 5648 3374 5709 estque
3414 5656 3618 5701 revera

3123 5908 3197 5971 10
