4032 6198
482 385 587 441 229

1510 385 1565 443 8.
1610 387 1884 446 CYRILLl
1927 384 2395 442 ALEXANDRINI
2435 385 2751 444 ARCHJEP.

3637 394 3737 451 ιοο

484 498 596 555 Deo
626 505 682 552 et
708 496 852 552 Patri
878 506 1184 555 coaeternus
1211 518 1221 554 :
1250 509 1416 570 utque
1442 499 1661 556 divinus
1690 500 1766 556 ait
1787 500 2023 557 Joannes
2049 518 2052 551 :

2181 498 2454 566 Ἰωάννης,
2487 518 2506 550 ι
2554 499 2642 552 Ἐν
2680 500 2820 572 ἀρχῇ
2856 494 2922 571 ἦν
2956 501 2983 553 6
3018 501 3188 570 Λόγος
3210 543 3223 565 ,
3259 504 3351 556 καὶ
3397 505 3424 556 6
3473 505 3644 573 Λόγος
3670 503 3739 578 ἦν

491 608 507 638 ι
551 588 610 644 ln
639 589 915 660 principio
959 600 1078 646 erat
1103 591 1364 656 Verbum,
1393 603 1447 646 et
1473 592 1716 647 Verbum
1759 600 1878 647 erat
1918 591 2059 662 apud

459 675 673 749 .Deum,
707 691 763 732 et
799 679 944 734 Deus
978 687 1098 733 erat
1121 679 1361 736 Verbum
1387 678 1452 735 ⁸⁷.
1487 700 1504 732 ι
1542 681 1728 736 Dicam
1770 681 1936 752 igitur
1962 680 2060 736 de-

470 759 592 824 ’ῐιιιο
630 787 642 822 :
681 770 882 841 Joseph
920 773 1104 843 itaque
1151 772 1540 843 septemdecim
1584 789 1851 828 annorum
1890 772 2061 844 patris

477 859 562 913 sui
589 875 780 931 greges
811 863 960 932 pavit
982 879 1106 917 cum
1137 864 1259 918 aliis
1282 864 1542 918 fratribus
1565 864 1780 935 Zelphae
1803 865 2057 928 etBallte,

477 949 584 1005 hoc
614 959 718 1014 est,
743 952 1065 1007 ancillarum
1090 953 1236 1008 ﬁliis.
1265 955 1504 1009 Verbum
1529 955 1676 1010 enim
1707 955 1801 1010 Dei
1830 971 1959 1009 caro
1979 956 2060 1009 fa-

480 1049 628 1094 ctum
645 1041 960 1098 Judaeorum
982 1045 1258 1115 regionem
1284 1061 1502 1101 sursum
1527 1047 1785 1102 deorsum
1810 1063 2062 1117 peragra-

481 1132 579 1196 vit,
606 1134 932 1205 recolligens
955 1137 1359 1206 quodammodo
1383 1140 1447 1194 ad
1473 1154 1714 1194 amorem
1739 1155 1865 1210 erga
1889 1141 2060 1194 Deum

480 1239 546 1279 ac
572 1225 789 1280 Patrem
807 1243 936 1282 oves
962 1229 1206 1298 perditas
1229 1230 1424 1284 domus
1450 1231 1635 1285 lsrael.
1656 1231 1813 1296 Nam,
1843 1239 1905 1284 ut
1934 1231 2062 1286 bea-

481 1327 570 1372 tus
603 1319 806 1374 Paulus
842 1320 1035 1374 scribit
1061 1338 1073 1373 :
1113 1339 1131 1372 ι
1162 1321 1308 1376 Deus
1330 1331 1447 1376 erat
1474 1323 1529 1376 in
1551 1322 1769 1378 Christo
1793 1323 2059 1378 mundum

478 1408 585 1463 sibi
612 1409 714 1478 ipsi
743 1409 1045 1465 concilians
1066 1409 1134 1466 ⁸⁸.
1171 1430 1190 1462 ι
1221 1412 1376 1466 Pavit
1399 1413 1582 1482 itaque
1606 1413 1927 1467 Emmanuel
1951 1427 2060 1468 una

477 1515 605 1556 cum
635 1501 702 1556 iis
724 1501 817 1571 qui
843 1502 898 1556 in
929 1503 1251 1558 servitutem
1273 1504 1386 1558 nati
1415 1512 1592 1570 erant,
1615 1503 1818 1574 quique
1840 1520 1905 1558 ex
1927 1503 2062 1558 dua—

480 1594 584 1649 bus
616 1595 829 1649 ancillis
863 1595 1111 1664 spurium
1137 1594 1470 1665 minimeque
1494 1595 1745 1650 liberum!
1759 1604 1940 1650 ortum
1969 1611 2062 1650 na-

479 1685 554 1739 cti
583 1693 758 1740 erant.
793 1685 927 1739 Nam
953 1693 1076 1755 post
1101 1701 1330 1756 regnum
1349 1687 1660 1752 Jeroboam,
1687 1687 2061 1744 discesserunt

478 1777 549 1831 ab
575 1777 881 1832 Jerusalem
911 1777 1103 1832 decem
1131 1777 1334 1844 tribus;
1372 1779 1631 1834 abierunt
1665 1787 1845 1834 autem
1876 1788 1930 1834 et
1964 1780 2060 1834 ha-

478 1871 795 1927 bitaverunt
837 1871 893 1926 in
937 1871 1202 1938 Samaria,
1232 1873 1594 1930 transferente
1635 1889 1702 1929 eo
1742 1874 2054 1930 Jeroboam.

478 1963 752 2018 Errarunt
775 1964 946 2028 enim,
984 1964 1390 2035 adoraruntque
1431 1966 1542 2020 illic
1589 1966 1793 2020 vitulos
1837 1981 2054 2020 aureos.

468 2057 633 2113 'Unde
673 2066 728 2113 et
759 2073 859 2128 per
892 2073 1080 2112 vocem
1126 2059 1378 2114 Ezechiel
1411 2059 1580 2113 veluti
1615 2059 1751 2114 duas
1799 2059 2060 2115 mulieres

477 2149 803 2203 fornicarias
832 2148 1078 2219 increpat
1107 2149 1251 2205 Deus
1290 2150 1361 2204 ita
1388 2151 1576 2206 dicens
1617 2168 1630 2203 :
1677 2171 1695 2202 ι
1733 2151 1833 2205 Fili
1877 2150 2058 2206 homi-

477 2239 587 2304 nis,
616 2239 738 2294 duaa
766 2239 1026 2295 mulieres
1063 2250 1221 2296 erant
1262 2241 1386 2296 ﬁlia:
1417 2241 1610 2296 matris
1643 2242 1830 2306 unius,
1857 2251 1912 2298 et
1942 2240 2057 2296 for-

477 2331 674 2385 nicatae
707 2339 836 2386 sunt
865 2332 920 2386 in
954 2331 1215 2403 Egypto;
1253 2332 1308 2386 in
1341 2334 1628 2404 iuventute
1657 2349 1754 2388 sua
1778 2333 2059 2391 fornicata!

477 2430 626 2487 sunt,
652 2423 765 2478 illic
795 2423 1118 2478 ceciderunt
1146 2423 1314 2478 ubera
1343 2440 1552 2491 earum,
1592 2435 1649 2480 et
1672 2425 1785 2482 illic
1815 2425 2024 2498 devirgi
2043 2457 2057 2468 -

477 2523 622 2570 natae
658 2523 804 2580 sunt,
831 2522 885 2570 et
910 2516 1133 2570 nomina
1156 2532 1346 2571 earum
1373 2515 1525 2572 Oolla
1553 2518 1761 2584 senior,
1787 2527 1843 2575 et
1865 2518 2058 2575 Ooliba

471 2607 662 2678 junior
685 2623 841 2662 soror
871 2610 1010 2679 ejus,
1040 2618 1095 2663 et
1118 2609 1272 2664 factm
1304 2618 1432 2666 sunt
1453 2611 1608 2676 mihi,
1640 2618 1696 2666 et
1725 2621 2058 2682 pepererunt

477 2702 619 2758 ﬁlios
662 2715 717 2757 et
761 2702 933 2768 ﬁlias,
977 2711 1032 2757 et
1077 2703 1299 2756 nomina
1356 2703 1518 2773 188
1548 2717 1774 2770 earum,
1810 2703 2056 2759 Samaria

474 2792 651 2861 Oolla,
685 2801 741 2850 et
761 2795 1066 2850 Jerusalem
1090 2793 1282 2850 Ooliba
1316 2795 1382 2848 δ’.
1415 2814 1434 2846 ι
1465 2796 1621 2851 Pavit
1654 2795 1838 2866 itaque
1867 2811 2058 2868 greges

475 2887 642 2942 homo
671 2887 851 2943 factus
876 2887 1065 2953 Filius,
1101 2903 1210 2943 una
1234 2903 1360 2942 cum
1386 2887 1453 2942 iis
1477 2888 1571 2958 qui
1608 2903 1675 2942 ex
1699 2889 1965 2944 servitute
2002 2896 2060 2944 et

476 2981 838 3036 fornicatione
879 2981 1050 3051 geniti
1092 2990 1239 3036 sunt.
1293 2982 1470 3037 Duces
1514 2981 1662 3036 enim
1704 2988 1834 3036 sunt
1876 2982 2057 3036 adhuc

475 3073 866 3138 lsraelitarum,
902 3072 1103 3143 legales
1138 3072 1400 3142 prazfccti,
1437 3072 1670 3126 docente
1707 3071 1910 3140 alioqui
1942 3072 2054 3142 jam

2166 591 2301 661 πρὸς
2335 591 2425 644 τὸν
2457 591 2611 654 Θεὸν,
2639 593 2732 644 καὶ
2770 591 2902 655 Θεὸς
2929 587 2995 662 ἦν
3037 593 3066 644 6
3108 594 3298 660 Λόγος.
3332 612 3351 644 ι
3395 594 3604 648 υὺκοῦν
3631 599 3740 669 ἐρῶ

2163 681 2434 746 εἰσαῦθις
2469 681 2610 736 Δέκα
2654 682 2753 752 μὲν
2791 684 2884 736 καὶ
2929 683 3066 736 ἑπτὰ
3101 685 3238 737 ὲτῶν
3269 680 3338 756 ἦν
3378 685 3574 756 Ἰωσὴφ
3601 689 3629 740 ό
3655 687 3740 740 θι-

2166 772 2409 835 σπέσιος,
2438 773 2537 835 τάς
2558 772 2613 826 δὲ
2641 772 2736 825 τοῦ
2768 775 2974 844 πατρὸς
2996 774 3196 842 ἀγέλας
3217 777 3599 846 συνεποίμαινε
3627 780 3740 841 τοῖς

2163 862 2434 932 ἀδελφοῖς,
2469 865 2582 928 τοῖς
2617 865 2726 918 ἀπὸ
2755 866 2984 934 Ζελφᾶς,
3013 868 3184 937 φημὶ,
3217 869 3312 922 καὶ
3335 868 3564 935 Βάλλας,
3587 887 3741 924 τουτ-

2163 956 2299 1021 έστι,
2325 959 2435 1020 τοῖς
2455 958 2518 1010 ἐκ
2548 957 2910 1029 θεραπαινῶν.
2961 958 3206 1028 Γεγονὼς
3245 960 3356 1032 γὰρ
3400 962 3686 1032 ἄνθρωπος
3713 967 3745 1018 6

2164 1048 2228 1100 ὲκ
2257 1047 2390 1100 Θεοῦ
2424 1049 2616 1116 Λόγος,
2651 1051 2749 1119 τὴν
2776 1051 2884 1103 τῶν
2925 1051 3194 1104 Ἰουδαίων
3234 1053 3348 1106 ἀνω
3374 1071 3432 1106 τε
3464 1055 3556 1107 καὶ
3589 1055 3742 1109 κάτω

2165 1137 2408 1206 περιέθει
2453 1140 2655 1208 χώραν,
2724 1142 3058 1212 συναγείρων
3103 1141 3294 1214 ὥσπερ
3337 1145 3416 1207 είς
3457 1145 3740 1213 ἀγάπησιν

2163 1229 2260 1298 τὴν
2292 1229 2425 1301 πρὸς
2442 1229 2572 1282 Θεὸν
2600 1233 2695 1284 καὶ
2717 1231 2935 1302 Πατέρα
2977 1233 3292 1286 ἀπολωλότα
3321 1236 3569 1306 πρόϐατα
3589 1238 3744 1291 οἴκου

2177 1321 2414 1392 Ἰσραήλ.
2453 1323 2541 1385 Ὣς
2567 1324 2676 1394 γάρ
2709 1325 2737 1376 6
2775 1325 3045 1395 μακάριος
3084 1326 3285 1397 γράφει
3308 1327 3542 1392 Παῦλος,
3570 1330 3745 1392 «Θεὸς

2159 1408 2228 1484 ἦν
2258 1416 2315 1466 ὲν
2345 1414 2586 1486 Χριστῷ,
2612 1417 2816 1486 κόσμον
2848 1417 3027 1486 ἑαυτῷ
3053 1419 3469 1474 καταλλάσσων.
3511 1423 3743 1476 ι’Ἑποί-

2165 1521 2320 1576 μαινε
2356 1505 2536 1558 τοίνυν
2572 1507 2687 1568 τοῖς
2716 1508 2796 1570 είς
2821 1505 3064 1560 δουλείαν
3093 1510 3515 1580 γεγεννημένοις
3547 1513 3575 1564 6
3610 1513 3746 1581 Ἐμ-

2165 1596 2424 1666 μανουὴλ,
2449 1595 2544 1649 καὶ
2575 1598 2687 1658 τοῖς
2720 1597 2882 1649 οἱονεί
2917 1615 3034 1661 πως
3063 1600 3127 1651 ὲκ
3165 1599 3257 1652 δύο
3295 1601 3618 1667 παιδισκῶν,
3652 1605 3746 1656 νό-

2162 1687 2283 1758 θην,
2316 1689 2410 1741 καὶ
2455 1689 2554 1741 οὐκ
2605 1688 2892 1758 ἐλευθέραν
2913 1689 3134 1758 λαχοῦσι
3175 1690 3273 1761 τὴν
3301 1692 3537 1759 γένεσιν.
3579 1695 3742 1748 Μετά

2162 1780 2270 1851 γάρ
2299 1797 2380 1833 τοι
2406 1781 2504 1850 τὴν
2535 1780 2628 1833 τοῦ
2672 1779 2956 1851 ’ῐέροὸοάμ
2987 1781 3280 1851 βασιλείαν,
3305 1784 3606 1856 ίάπήρκασι
3637 1786 3741 1856 μὲν

2161 1874 2259 1944 τῆς
2319 1871 2669 1944 Ἰερουσαλὴμ
2716 1875 2772 1926 αί
2816 1873 2949 1927 δέκα
2988 1874 3171 1944 φυλαὶ,
3203 1877 3513 1946 κατῴχοντο
3543 1877 3600 1931 δὲ
3642 1880 3742 1931 καὶ

2160 1965 2545 2034 κατῳκήκασιν
2601 1963 2659 2017 ὲν
2706 1965 2772 2034 τῇ
2819 1964 3137 2036 Σαμαρείᾳ,
3191 1967 3602 2038 παραφέροντος
3658 1970 3745 2031 είς

2159 2055 2316 2109 τοῦτο
2346 2055 2442 2108 τοῦ
2499 2054 2798 2126 Ἱεροϐοάμ.
2834 2055 3215 2118 Πεπλάνηνται
3255 2057 3312 2112 δὲ
3363 2060 3456 2111 καὶ
3501 2075 3747 2129 προσκε-

2159 2148 2428 2219 κυνήκασι
2473 2149 2592 2210 ταῖς
2638 2146 2904 2216 δαμάλεσι
2952 2149 3074 2210 ταῖς
3121 2151 3352 2219 χρυσαῖς
3396 2151 3531 2202 ἐκεῖ.
3571 2149 3742 2203 Ὅθεν

2159 2242 2255 2296 καὶ
2287 2241 2375 2295 διὰ
2413 2241 2599 2312 φωνῆς
2632 2241 2889 2313 Ἰεζεκιὴλ
2909 2282 2924 2307 ,
2959 2241 3035 2305 ὡς
3061 2241 3154 2295 δύο
3171 2246 3436 2310 γυναῖκας
3462 2246 3739 2314 ἐκπεπορο

2157 2337 2420 2406 νευμένας
2451 2336 2745 2406 κατῃτιᾶτο
2773 2332 2928 2398 Θεὸς,
2954 2334 3096 2387 οὕτω
3122 2334 3316 2403 λέγων·
3347 2354 3367 2387 ι
3399 2336 3496 2388 Υἱὲ
3520 2335 3736 2406 ἀνθρὼ-

2157 2443 2285 2493 που,
2319 2426 2413 2480 δύο
2444 2429 2696 2496 γυναῖκες
2714 2422 2855 2496 ἦσαν
2895 2425 3196 2497 Θυγατέρες
3227 2427 3430 2496 μητρὸς
3463 2429 3614 2498 μιᾶς,
3642 2429 3739 2481 καὶ

2158 2517 2552 2589 ὲξεπόρνευσαν
2609 2520 2666 2571 ἐν
2701 2520 2767 2589 τῇ
2803 2518 3087 2588 Αἰγύπτῳ,
3117 2520 3175 2571 ὲν
3207 2520 3272 2587 τῇ
3309 2518 3521 2589 νεότητι
3554 2518 3736 2571 αὐτῶν

2156 2612 2491 2685 ἐπόρνευσαν
2513 2651 2526 2675 ,
2559 2612 2652 2666 καὶ
2699 2611 2890 2664 ἔπεσον
2920 2613 2969 2664 oi
3005 2613 3198 2681 μαστοὶ
3249 2611 3447 2666 αὐτῶν.
3485 2612 3632 2665 Ἐκεῖ
3658 2613 3740 2666 διο

2156 2701 2651 2776 επαρθενεύθησαν.
2685 2703 2766 2756 Τά
2808 2703 2864 2756 δὲ
2910 2703 3149 2772 ὀνόματα
3203 2701 3407 2766 αὐτῶν,
3467 2701 3655 2756 Ὀόλλα
3701 2706 3735 2774 ἡ

2159 2795 2526 2866 πρεσϐυτέρα,
2553 2795 2646 2849 καὶ
2687 2795 2900 2848 Ὀολίδα
2930 2795 2963 2864 ὴ
2993 2792 3196 2863 ἀδελφὴ
3227 2795 3416 2865 αὐτῆς.
3466 2795 3576 2847 Καὶ
3612 2793 3740 2862 ἐγέ-

2157 2888 2308 2942 νοντό
2340 2905 2451 2957 μοι,
2480 2887 2574 2940 καὶ
2626 2885 2810 2938 ἔτεκον
2843 2885 2991 2948 υἱοὺς
3035 2885 3126 2938 καὶ
3173 2884 3477 2955 θυγατέρας
3498 2901 3510 2913 °
3537 2885 3636 2938 καὶ
3668 2883 3744 2938 τὰ

2157 2980 2394 3049 ὀνόματα
2420 2979 2620 3044 αὐτῶν,
2650 2977 2983 3048 Σαμάρειαή
3017 2976 3224 3044 Ὀόλλα,
3253 2977 3347 3030 καὶ
3376 2976 3741 3048 Ἰερουσαλὴμ

2158 3073 2190 3142 ἠ
2225 3069 2492 3124 Ὀολίὸα.ι
2524 3069 2917 3138 Συνεποίμαινε
2959 3069 3137 3124 τοίνυν
3166 3068 3288 3122 καθ’
3315 3070 3462 3138 ἡμᾶς
3495 3069 3738 3137 γεγονὼς

472 3176 639 3236 atque
662 3166 968 3219 instruente
995 3164 1212 3218 Christo
1232 3179 1327 3217 eos
1350 3164 1443 3232 qui
1464 3163 1532 3216 ad
1557 3163 1732 3232 ipsum
1759 3161 2047 3228 accedunt,

2155 3164 2182 3215 6
2211 3161 2337 3224 Υίὸς
2355 3163 2467 3224 τοῖς
2490 3162 2553 3214 ὲκ
2579 3161 2820 3224 δουλείας
2842 3163 2955 3232 ἅμα
2983 3161 3077 3215 καὶ
3102 3163 3166 3214 ὲκ
3194 3161 3448 3230 πορνείας
3475 3177 3741 3230 γεγεννηο

467 3268 530 3312 et
559 3259 625 3312 ad
654 3257 903 3312 veritatis
922 3257 1066 3309 viam
1097 3254 1424 3318 deducente,
1455 3271 1575 3324 qua)
1597 3254 1819 3324 quidem
1853 3255 1941 3308 via
1971 3255 2052 3324 ip-

471 3354 648 3404 s'emet
683 3355 786 3403 est.
813 3347 1027 3402 Idcirco
1058 3346 1223 3400 etiam
1262 3346 1401 3400 dixit
1436 3364 1449 3399 :
1486 3365 1501 3396 ι
1534 3347 1646 3416 Ego
1672 3361 1791 3400 sum
1815 3345 1902 3399 via
1926 3346 1990 3398 ³ο.
2024 3365 2043 3397 ι

469 3441 738 3496 Caeterum
769 3440 975 3496 Scriba:
1005 3447 1061 3494 et
1087 3439 1344 3494 Pharisaei
1378 3440 1724 3510 lcgisperitiae
1755 3438 1916 3494 laude
1956 3455 2049 3494 ee-

470 3531 671 3594 lebres,
702 3539 972 3601 paverunt
997 3531 1053 3585 in
1079 3531 1333 3595 tribulos,
1365 3531 1418 3584 in
1445 3532 1649 3601 spinas,
1686 3529 1740 3584 in
1779 3545 2047 3596 errorem,

467 3623 527 3679 In
550 3621 826 3677 doctrinas
855 3628 910 3676 et
944 3629 1213 3692 prmeepta
1244 3622 1527 3676 hominum
1558 3640 1569 3675 :
1600 3622 1689 3676 hic
1710 3637 1841 3675 vero
1864 3622 1918 3675 in
1947 3621 2048 3677 bo—

468 3727 596 3770 nam
628 3719 908 3782 pasturam
945 3721 1002 3766 et
1040 3712 1209 3766 veluti
1251 3712 1308 3765 in
1349 3712 1576 3767 herbam
1620 3711 2048 3777 ﬁoridissimam,

465 3805 795 3877 evangelica:
820 3805 1079 3858 nimirum
1101 3803 1402 3875 disciplinae
1427 3804 1851 3874 pulcherrimam
1875 3803 2052 3858 admi-

470 3897 806 3967 rabilemque
827 3895 1215 3968 cognitionem.
1240 3895 1415 3966 Atque
1439 3895 1516 3950 illi
1540 3895 1761 3966 quidem
1780 3902 1938 3950 erant
1955 3910 2051 3965 pa-

465 4002 644 4045 Stores
668 3991 806 4060 pigri
835 4005 899 4045 ac
923 3989 1204 4053 vecordes,
1230 4005 1292 4043 ac
1314 3996 1578 4059 praeterea
1597 3996 1912 4059 acceptorcs
1931 4003 2050 4041 mu-

467 4097 684 4143 uerum,
717 4096 1038 4150 summeque
1062 4082 1258 4135 attenti
1295 4081 1364 4134 ad
1401 4087 1669 4150 quaestum
1704 4079 2048 4145 faciendum,

476 4193 494 4220 ι
525 4171 874 4224 comedentes
907 4172 1010 4234 lac,
1032 4173 1180 4224 molli
1202 4173 1325 4225 lana
1358 4171 1565 4235 induti,
1593 4181 1648 4226 et
1677 4172 1875 4243 pingue
1904 4187 2052 4228 mac-

467 4262 730 4326 tautes“,
768 4262 958 4333 ijuxta
990 4263 1270 4331 propheta“.
1288 4277 1477 4317 vocem
1505 4280 1519 4315 :
1550 4264 1874 4318 mercenarii
1896 4272 1952 4319 et
1971 4255 2049 4318 fa-

2157 3253 2354 3324 μένοις.
2379 3253 2762 3324 Καθηγοῦνται
2788 3252 2898 3322 γάρ
2938 3252 3017 3306 ἔτι
3040 3253 3149 3306 τῶν
3170 3252 3230 3317 ἐξ
3268 3252 3484 3323 Ἰσραὴλ
3516 3255 3565 3306 οί
3593 3251 3742 3306 κατὰ

2152 3343 2316 3414 νόμον
2356 3342 2790 3414 προεστηκότες,
2865 3343 3044 3395 καίτοι
3099 3342 3439 3405 διδάσκοντος
3487 3341 3590 3411 ἤδη
3639 3343 3740 3394 καὶ

2155 3431 2641 3506 μυσταγωγοῦντος
2667 3433 2904 3504 Χριστοῦ
2929 3434 3052 3496 τοὺς
3077 3433 3398 3504 προσιόντας
3431 3431 3604 3500 αὐτῷ,
3641 3431 3744 3486 καὶ

2150 3528 2229 3590 είς
2257 3526 2354 3596 τὴν
2381 3526 2477 3596 τῆς
2503 3524 2761 3596 ἀληθείας
2787 3523 3216 3594 ἀποκομίζοντος
3254 3525 3462 3597 τρίϐον.
3498 3522 3649 3596 Αὕτη
3677 3523 3743 3578 δὲ

2151 3611 2220 3687 ἦν
2253 3615 2436 3677 αὑτός.
2487 3615 2779 3684 Τοιγάρτοι
2820 3613 2916 3666 καὶ
2963 3613 3220 3682 ἔφασκεν·
3265 3632 3284 3665 ι
3346 3611 3490 3681 Ἐγώ
3525 3615 3642 3684 εἰμι
3695 3616 3740 3686 ὴ

2151 3708 2286 3770 ὁδός.
2335 3725 2354 3758 ι
2407 3705 2546 3758 Ἀλλ’
2577 3707 2626 3758 οί
2672 3706 2770 3776 μὲν
2809 3706 3159 3776 Γραμματεῖς
3189 3707 3283 3760 καὶ
3317 3707 3600 3776 Φαρισαῖοι
3638 3705 3743 3758 καὶ

2150 3798 2250 3869 τὴν
2294 3797 2392 3868 τῆς
2435 3796 2756 3866 νομοθεσίας
2793 3797 3008 3867 ἔχοντες
3051 3797 3228 3864 δόξαν,
3279 3797 3612 3851 κατέδοσκον
3655 3800 3744 3862 είς

2150 3888 2456 3961 τριϐόλους,
2485 3890 2564 3952 είς
2605 3887 2869 3953 ἀκάνθας,
2912 3891 2993 3952 είς
3031 3888 3318 3958 πλάνησιν,
3365 3889 3444 3952 είς
3480 3888 3744 3941 διδασκα-

2150 3981 2269 4044 λίας
2299 3979 2392 4034 καὶ
2415 3979 2728 4052 ἐντάλματα
2757 3979 3059 4051 ἀνθρώπων
3078 3999 3090 4011 ·
3123 3982 3151 4034 6
3181 3979 3237 4032 δὲ
3276 3981 3356 4042 είς
3396 3980 3566 4050 νομὴν
3596 3980 3743 4047 ἀγαο

2152 4073 2272 4145 θὴν,
2317 4071 2413 4128 καὶ
2461 4072 2540 4136 είς
2585 4073 2723 4125 πόαν
2753 4071 2940 4143 ὥσπερ
2967 4071 3386 4142 εὐανθεστάτην,
3419 4071 3529 4124 τῶν
3567 4071 3742 4139 εὐαγ-

2151 4163 2386 4234 γελικῶν
2441 4163 2825 4236 παιδευμάτων
2885 4163 2986 4235 τὴν
3022 4164 3199 4233 εὐφυᾶ
3259 4163 3352 4216 καὶ
3401 4158 3740 4231 άξιάγαστον

2153 4257 2374 4326 γνῶσιν.
2422 4258 2531 4310 Καὶ
2563 4259 2612 4310 οἱ
2654 4258 2751 4328 μὲν
2795 4252 2935 4326 ἦσαν
2971 4256 3227 4325 ποιμένες
3269 4253 3500 4327 ρᾴθυμοί
3545 4270 3606 4306 τε
3639 4254 3741 4307 καὶ

465 4351 662 4414 stuosi,
681 4351 1002 4421 nullumque
1021 4352 1178 4421 plane
1205 4367 1306 4422 pro
1327 4351 1523 4406 ovibus
1545 4351 1785 4406 laborem
1810 4352 2052 4406 subeun-

2155 4351 2622 4412 ἀναπεπτωκότες,
2653 4349 2747 4403 καὶ⁵
2787 4348 2924 4420 πρός
2947 4365 3010 4417 γε
3042 4347 3272 4411 τούτοις,
3305 4347 3610 4419 λημμάτων
3639 4349 3740 4416 ἡτ-

465 4451 584 4496 tes:
614 4440 704 4494 hic
729 4447 914 4496 autem
937 4449 1054 4496 erat
1079 4450 1266 4510 pastor
1288 4440 1486 4506 bonus,
1520 4459 1538 4491 ι
1563 4439 1800 4494 animam
1830 4455 2043 4510 ponens

463 4546 565 4599 pro
607 4531 806 4586 ovibus
837 4531 904 4583 ’³.
947 4550 965 4582 ι
994 4531 1263 4586 Caeterum
1304 4529 1765 4601 quemadmodum
1795 4529 1891 4584 ﬁlii
1917 4529 2041 4584 Zel-

463 4621 586 4690 pha:
614 4628 672 4674 et
706 4620 868 4674 Balla:
898 4621 1254 4689 approbrium
1295 4621 1498 4675 malum
1531 4622 1910 4690 excogitarunt
1941 4619 2040 4675 ad-

463 4725 658 4764 versus
694 4709 927 4779 Josepb,
975 4710 1051 4764 ita
1097 4712 1262 4766 etiam
1305 4712 1599 4781 impiorum
1642 4712 2042 4767 Pharisaeorum

463 4801 830 4872 perditissima
854 4801 1148 4858 multitudo
1174 4804 1546 4859 Emmanuelis
1581 4804 1806 4876 gloriam
1845 4804 2047 4858 calum-

463 4893 606 4947 niari
635 4893 794 4948 veriti
820 4906 929 4947 non
953 4901 1100 4958 sunt,
1124 4894 1523 4950 Samaritanum
1547 4912 1611 4951 ac
1631 4896 1742 4950 viui
1766 4903 2038 4966 potorem,

462 4986 1132 5066 (Immonium‘babentem
1174 4988 1241 5052 ",
1287 4999 1343 5042 et
1383 5004 1486 5059 ope
1529 4988 1838 5044 Beelzebub
1883 4987 2041 5060 adju-

463 5093 581 5134 tum
623 5082 798 5138 malos
835 5083 1064 5152 spiritus
1096 5099 1162 5138 ex
1197 5081 1428 5138 inﬁrmis
1460 5083 1786 5153 corporibus
1813 5082 2039 5152 ejicien-

465 5182 574 5227 wm
605 5173 772 5244 impie
805 5182 1062 5230 vocantes
1085 5177 1151 5228 “.
1178 5174 1390 5229 Idcirco
1413 5189 1513 5243 per
1537 5188 1727 5228 vocem
1762 5173 2041 5244 propheta:

459 5269 728 5325 adversus
759 5271 1074 5326 Judaaorum
1105 5269 1564 5332 maledicentiam,
1603 5267 1928 5328 exclamavit
1957 5266 2041 5321 di-

462 5374 595 5417 cens
620 5359 852 5431 ipsemet
879 5361 1200 5422 Emmanuel
1229 5379 1243 5415 :
1281 5380 1298 5412 ι
1331 5359 1423 5415 Va:
1462 5359 1614 5428 ipsis,
1660 5359 1920 5429 quoniam
1955 5373 2042 5412 re-

454 5461 750 5508 cesserunt
769 5469 799 5508 a
824 5469 928 5508 me.
953 5453 1134 5511 Miseri
1162 5463 1311 5518 sunt,
1337 5452 1596 5524 quoniam
1621 5451 1785 5522 impie
1813 5459 2044 5523 egerunt

458 5542 521 5599 In
548 5561 655 5602 me.
681 5547 794 5618 Ego
824 5549 1032 5603 redemi
1059 5564 1156 5603 eos
1181 5567 1192 5601 :
1222 5549 1324 5618 ipsi
1356 5556 1540 5604 autem
1563 5546 1734 5602 locuti
1759 5553 1887 5600 sunt
1909 5559 2041 5598 con-

516 5740 735 5798 "Joan.
789 5763 828 5809 ι,
865 5748 916 5814 l,
994 5746 1041 5780 ⁸⁸
1065 5749 1114 5803 ΙΙ
1138 5749 1246 5804 Cor
1299 5750 1460 5811 v,l9.
1540 5752 1584 5784 "
1613 5749 1812 5805 Ezecb.
1849 5766 2000 5814 χχιιι,
2037 5750 2155 5806 2-4.
2259 5751 2295 5783 ⁹⁴

520 5856 531 5874 .
568 5815 644 5868 Η.
757 5817 801 5849 ⁸³
832 5819 989 5873 Joau.
1032 5835 1142 5878 \‘lll,
1173 5820 1276 5878 .48;
1314 5821 1501 5876 Matth.
1529 5839 1597 5878 ιιι.
1631 5821 1712 5874 l9.
1818 5822 1862 5852 ”
1884 5822 2074 5878 Matth.
2102 5838 2194 5878 xu.
2229 5821 2295 5874 27

1937 5838 2074 5878 attn.
2102 5838 2194 5888 xu,
2229 5838 2316 5874 αι.

461 5831 531 5874 ιι.
568 5815 644 5868 Η.
757 5817 801 5849 ⁸³
832 5819 989 5873 Joau.
1032 5835 1142 5884 \‘lll,
1173 5820 1276 5885 .48;
1314 5821 1597 5893 Matthxi,
1631 5821 1712 5874 l9.

2147 4441 2401 4512 τώμενοι,
2459 4441 2552 4494 καὶ
2603 4439 2974 4511 φιλοκέρδειαν
3017 4439 3299 4502 νοσοῦντες
3349 4439 3619 4510 ἐσχάτηνο
3670 4438 3740 4491 τὸ

2152 4549 2173 4584 ι
2217 4532 2358 4600 γάλα
2397 4531 2791 4596 κατεσθίοντες,
2836 4513 2922 4584 τά.
2951 4531 3070 4603 ἔρια
3120 4530 3601 4601 περιϐαλλόμενοι,
3636 4529 3739 4583 καὶ

2147 4624 2208 4677 τὸ
2228 4625 2374 4694 παχὺ
2403 4623 2721 4690 σφάζοντες,
2763 4642 2782 4675 ι
2823 4623 2965 4676 κατά
3013 4624 3110 4694 τὴν
3144 4624 3238 4676 τοῦ
3289 4624 3566 4694 προφήτου
3612 4641 3736 4692 φω-

2149 4716 2278 4786 νήν·
2322 4712 2579 4784 μισθωτοὶ
2614 4714 2708 4766 καὶ
2761 4715 3052 4786 ἀγέρωχοι,
3098 4715 3191 4768 καὶ
3226 4714 3410 4783 ὀλίγου
3450 4713 3737 4778 παντελῶς

2150 4804 2423 4868 ἀξιοῦντες
2454 4803 2615 4872 λόγου
2661 4804 2720 4858 τὸ
2777 4823 2795 4856 ι
2833 4805 3029 4876 χρῆναι
3061 4808 3241 4858 πονεῖν
3275 4805 3414 4875 ὑπὲρ
3449 4804 3560 4857 τῶν
3596 4822 3745 4876 προ-

2148 4895 2344 4949 ϐάτων.
2389 4913 2407 4946 ι
2428 4893 2568 4948 Ἀλλ’
2598 4893 2785 4965 ὥσπερ
2815 4896 2864 4948 οἱ
2893 4896 3002 4948 ἀπὸ
3043 4895 3252 4964 Ζελφᾶς
3279 4911 3339 4947 τε
3372 4895 3466 4948 καί
3495 4893 3737 4962 Βάλλας,

2145 4985 2312 5056 ψόγον
2352 4985 2583 5057 πονηρὸν
2610 4987 2922 5056 κατήγαγον
2959 4987 3053 5038 ἐπὶ
3081 4985 3170 5038 τὸν
3217 4984 3435 5055 Ἰωσὴφ,
3461 4983 3607 5037 οὓτω
3641 4984 3735 5038 καί

2148 5078 2254 5133 τῶν
2305 5077 2534 5131 ἀνοσίων
2587 5077 2898 5148 Φαρισαίων
2949 5079 2983 5150 ἡ
3039 5077 3463 5151 δυστροπωτάτη
3517 5076 3739 5148 πληθὺς

2145 5169 2533 5240 διαϐεϐλήκασι
2585 5169 2676 5222 τὸν
2749 5170 3149 5240 Ἐμμανουήλ,
3216 5170 3311 5223 καὶ
3370 5172 3737 5238 συκοφαντεῖν

2147 5264 2470 5332 ἀπετόλμων
2501 5260 2599 5332 τὴν
2624 5261 2782 5326 δόξαν
2815 5263 3006 5315 αὐτοῦ’
3043 5263 3415 5335 Σαμαρείτην,
3462 5262 3558 5314 καὶ
3591 5263 3740 5314 οἰνο-

2150 5356 2338 5425 πότην,
2391 5355 2486 5406 καὶ
2520 5353 2858 5424 δαιμονῶντα
2904 5353 3042 5426 πρὸς
3091 5355 3324 5419 τούτοις,
3367 5354 3461 5408 καὶ
3481 5356 3604 5415 ταῖς
3637 5353 3737 5405 τοῦ

2149 5446 2475 5512 Βεελζεὸοὺλ
2508 5448 2806 5517 ἐνεργείαις
2829 5447 3122 5518 ὲπικουροῦ
3131 5465 3289 5520 μενον
3316 5448 3397 5510 είς
3415 5463 3476 5511 γε
3495 5446 3555 5497 τὸ
3579 5445 3738 5498 δόντι⁸

2152 5540 2296 5606 σθαι,
2321 5541 2483 5612 φημὶ,
2512 5539 2584 5594 τὰ
2601 5539 2810 5611 πονηρὰ
2831 5540 2936 5592 τῶν
2956 5539 3392 5611 ὴρῤωστηκότων
3419 5535 3740 5603 ἐξελαύνειν

3493 5747 3538 5782 υ
3571 5739 3737 5802 Joan.

2259 5751 2304 5783 ⁹⁰
2345 5751 2500 5806 Joan.
2537 5768 2644 5817 xiv,
2677 5752 2730 5808 6.
2823 5753 2864 5787 "
2897 5752 3098 5808 Ezceb.
3143 5751 3400 5818 xxxiv,3.
