  <div class='ocr_page' id='page_1' title='image "/cluster/home/n/w/nwhite01/storage/ocr_20150623/69/hvd.32044073501983/156.png"; bbox 0 0 4032 6198; ppageno 0'>
   <div class='ocr_carea' id='block_1_1' title="bbox 373 335 464 391">
    <p class='ocr_par' dir='ltr' id='par_1_1' title="bbox 373 335 464 391">
     <span class='ocr_line' id='line_1_1' title="bbox 373 335 464 391; baseline -0.044 0"><span class='ocrx_word' id='word_1_1' title='bbox 373 335 464 391; x_wconf 73' lang='lat' dir='ltr'><strong>3m</strong></span> 
     </span>
    </p>
   </div>
   <div class='ocr_carea' id='block_1_2' title="bbox 1355 321 2623 386">
    <p class='ocr_par' dir='ltr' id='par_1_2' title="bbox 1355 321 2623 386">
     <span class='ocr_line' id='line_1_2' title="bbox 1355 321 2623 386; baseline -0.009 0"><span class='ocrx_word' id='word_1_2' title='bbox 1355 324 1877 386; x_wconf 76' lang='lat' dir='ltr'><strong>GLAPHYROBUM</strong></span> <span class='ocrx_word' id='word_1_3' title='bbox 1916 323 1983 380; x_wconf 80' lang='lat' dir='ltr'><strong>IN</strong></span> <span class='ocrx_word' id='word_1_4' title='bbox 2022 322 2324 382; x_wconf 74' lang='lat' dir='ltr'><strong>GENESIM</strong></span> <span class='ocrx_word' id='word_1_5' title='bbox 2364 322 2493 378; x_wconf 79' lang='lat' dir='ltr'><strong>LIB.</strong></span> <span class='ocrx_word' id='word_1_6' title='bbox 2537 321 2623 378; x_wconf 72' lang='lat' dir='ltr'><strong>VI.</strong></span> 
     </span>
    </p>
   </div>
   <div class='ocr_carea' id='block_1_3' title="bbox 3523 279 3628 374">
    <p class='ocr_par' dir='ltr' id='par_1_3' title="bbox 3523 279 3628 374">
     <span class='ocr_line' id='line_1_3' title="bbox 3523 279 3628 374; baseline -0.019 0"><span class='ocrx_word' id='word_1_7' title='bbox 3523 279 3628 374; x_wconf 72' lang='lat' dir='ltr'><strong>sos</strong></span> 
     </span>
    </p>
   </div>
   <div class='ocr_carea' id='block_1_4' title="bbox 373 431 1967 520">
    <p class='ocr_par' dir='ltr' id='par_1_4' title="bbox 373 443 1946 520">
     <span class='ocr_line' id='line_1_4' title="bbox 373 443 1946 520; baseline -0.006 -15"><span class='ocrx_word' id='word_1_8' title='bbox 373 449 680 520; x_wconf 78' lang='grc' dir='ltr'>πνεύματα,</span> <span class='ocrx_word' id='word_1_9' title='bbox 709 446 987 511; x_wconf 68' lang='grc' dir='ltr'>δυσσεϐῶς</span> <span class='ocrx_word' id='word_1_10' title='bbox 1015 445 1391 517; x_wconf 76' lang='grc' dir='ltr'>ὀνομάζοντες.</span> <span class='ocrx_word' id='word_1_11' title='bbox 1418 445 1708 517; x_wconf 84' lang='grc' dir='ltr'>Τοιγάρτοι</span> <span class='ocrx_word' id='word_1_12' title='bbox 1733 445 1828 499; x_wconf 72' lang='grc' dir='ltr'><strong>καὶ</strong></span> <span class='ocrx_word' id='word_1_13' title='bbox 1859 443 1946 498; x_wconf 83' lang='grc' dir='ltr'><strong>διά</strong></span> 
     </span>
    </p>
   </div>
   <div class='ocr_carea' id='block_1_5' title="bbox 2067 431 3628 520">
    <p class='ocr_par' dir='ltr' id='par_1_5' title="bbox 2067 431 3628 507">
     <span class='ocr_line' id='line_1_5' title="bbox 2067 431 3628 507; baseline -0.001 -14"><span class='ocrx_word' id='word_1_14' title='bbox 2067 455 2134 496; x_wconf 90' lang='lat' dir='ltr'><strong>.ra</strong></span> <span class='ocrx_word' id='word_1_15' title='bbox 2173 455 2261 495; x_wconf 88' lang='lat' dir='ltr'><strong>me</strong></span> <span class='ocrx_word' id='word_1_16' title='bbox 2288 438 2574 495; x_wconf 88' lang='lat' dir='ltr'><strong>mendacia</strong></span> <span class='ocrx_word' id='word_1_17' title='bbox 2598 438 2667 492; x_wconf 81' lang='lat'><strong>&quot;.</strong></span> <span class='ocrx_word' id='word_1_18' title='bbox 2700 456 2718 490; x_wconf 74' lang='grc' dir='ltr'><strong>ι</strong></span> <span class='ocrx_word' id='word_1_19' title='bbox 2747 437 2815 492; x_wconf 83' lang='lat' dir='ltr'><strong>Et</strong></span> <span class='ocrx_word' id='word_1_20' title='bbox 2842 449 3059 492; x_wconf 82' lang='lat' dir='ltr'><strong>rursum</strong></span> <span class='ocrx_word' id='word_1_21' title='bbox 3088 452 3102 489; x_wconf 87' lang='lat'><strong>:</strong></span> <span class='ocrx_word' id='word_1_22' title='bbox 3135 453 3151 486; x_wconf 86' lang='grc' dir='ltr'><strong>ι</strong></span> <span class='ocrx_word' id='word_1_23' title='bbox 3179 431 3389 491; x_wconf 89' lang='lat' dir='ltr'><strong>Cadent</strong></span> <span class='ocrx_word' id='word_1_24' title='bbox 3429 434 3484 489; x_wconf 90' lang='lat' dir='ltr'><strong>ln</strong></span> <span class='ocrx_word' id='word_1_25' title='bbox 3510 435 3628 507; x_wconf 84' lang='lat' dir='ltr'><strong>gla-</strong></span> 
     </span>
    </p>
   </div>
   <div class='ocr_carea' id='block_1_6' title="bbox 381 534 1953 609">
    <p class='ocr_par' dir='ltr' id='par_1_6' title="bbox 381 534 1953 609">
     <span class='ocr_line' id='line_1_6' title="bbox 381 534 1953 609; baseline -0.003 -18"><span class='ocrx_word' id='word_1_26' title='bbox 381 537 560 608; x_wconf 78' lang='grc' dir='ltr'>φωνῆς</span> <span class='ocrx_word' id='word_1_27' title='bbox 611 538 895 609; x_wconf 74' lang='grc' dir='ltr'><strong>προφήτου</strong></span> <span class='ocrx_word' id='word_1_28' title='bbox 945 536 1044 606; x_wconf 74' lang='grc' dir='ltr'>τῆς</span> <span class='ocrx_word' id='word_1_29' title='bbox 1091 536 1199 590; x_wconf 84' lang='grc' dir='ltr'>τῶν</span> <span class='ocrx_word' id='word_1_30' title='bbox 1241 536 1511 591; x_wconf 76' lang='grc' dir='ltr'><strong>Ἰουδαίων</strong></span> <span class='ocrx_word' id='word_1_31' title='bbox 1550 534 1953 607; x_wconf 76' lang='grc' dir='ltr'><strong>ἀθυροστομίας</strong></span> 
     </span>
    </p>
   </div>
   <div class='ocr_carea' id='block_1_7' title="bbox 376 627 1953 701">
    <p class='ocr_par' dir='ltr' id='par_1_7' title="bbox 376 627 1953 701">
     <span class='ocr_line' id='line_1_7' title="bbox 376 627 1953 701; baseline -0.001 -19"><span class='ocrx_word' id='word_1_32' title='bbox 376 629 778 701; x_wconf 82' lang='grc' dir='ltr'>κατεκεκράγει</span> <span class='ocrx_word' id='word_1_33' title='bbox 827 627 1004 696; x_wconf 86' lang='grc' dir='ltr'>λέγων</span> <span class='ocrx_word' id='word_1_34' title='bbox 1043 627 1204 692; x_wconf 79' lang='grc' dir='ltr'>αὐτὸς</span> <span class='ocrx_word' id='word_1_35' title='bbox 1238 631 1265 682; x_wconf 83' lang='grc' dir='ltr'>ό</span> <span class='ocrx_word' id='word_1_36' title='bbox 1318 628 1693 699; x_wconf 78' lang='grc' dir='ltr'><strong>Ἐμμανουήλ·</strong></span> <span class='ocrx_word' id='word_1_37' title='bbox 1756 646 1775 680; x_wconf 78' lang='grc' dir='ltr'><strong>ι</strong></span> <span class='ocrx_word' id='word_1_38' title='bbox 1817 628 1953 681; x_wconf 82' lang='grc' dir='ltr'>Οὐαὶ</span> 
     </span>
    </p>
   </div>
   <div class='ocr_carea' id='block_1_8' title="bbox 372 720 1953 793">
    <p class='ocr_par' dir='ltr' id='par_1_8' title="bbox 372 720 1953 793">
     <span class='ocr_line' id='line_1_8' title="bbox 372 720 1953 793; baseline -0.002 -16"><span class='ocrx_word' id='word_1_39' title='bbox 372 722 572 785; x_wconf 74' lang='grc' dir='ltr'>αὐτοῖς,</span> <span class='ocrx_word' id='word_1_40' title='bbox 603 722 686 774; x_wconf 85' lang='grc' dir='ltr'>ὅτι</span> <span class='ocrx_word' id='word_1_41' title='bbox 716 721 1076 793; x_wconf 79' lang='grc' dir='ltr'>ἀπεπήδήσαν</span> <span class='ocrx_word' id='word_1_42' title='bbox 1109 721 1203 774; x_wconf 83' lang='grc' dir='ltr'>ἀπ’</span> <span class='ocrx_word' id='word_1_43' title='bbox 1223 720 1378 792; x_wconf 79' lang='grc' dir='ltr'>ἐμοῦ.</span> <span class='ocrx_word' id='word_1_44' title='bbox 1415 720 1649 775; x_wconf 84' lang='grc' dir='ltr'>Δείλαιοί</span> <span class='ocrx_word' id='word_1_45' title='bbox 1676 723 1836 788; x_wconf 75' lang='grc' dir='ltr'>εἰσιν,</span> <span class='ocrx_word' id='word_1_46' title='bbox 1871 720 1953 774; x_wconf 83' lang='grc' dir='ltr'>ὅτι</span> 
     </span>
    </p>
   </div>
   <div class='ocr_carea' id='block_1_9' title="bbox 373 811 1948 886">
    <p class='ocr_par' dir='ltr' id='par_1_9' title="bbox 373 811 1948 886">
     <span class='ocr_line' id='line_1_9' title="bbox 373 811 1948 886; baseline 0 -21"><span class='ocrx_word' id='word_1_47' title='bbox 373 813 645 886; x_wconf 71' lang='grc' dir='ltr'>ὴσέὁησαν</span> <span class='ocrx_word' id='word_1_48' title='bbox 688 816 768 877; x_wconf 90' lang='grc' dir='ltr'><strong>είς</strong></span> <span class='ocrx_word' id='word_1_49' title='bbox 822 813 943 883; x_wconf 83' lang='grc' dir='ltr'>ἐμέ.</span> <span class='ocrx_word' id='word_1_50' title='bbox 999 811 1144 881; x_wconf 84' lang='grc' dir='ltr'>Ἐγὼ</span> <span class='ocrx_word' id='word_1_51' title='bbox 1189 812 1245 866; x_wconf 77' lang='grc' dir='ltr'>δὲ</span> <span class='ocrx_word' id='word_1_52' title='bbox 1290 811 1688 886; x_wconf 87' lang='grc' dir='ltr'>ἐλυτρωσάμην</span> <span class='ocrx_word' id='word_1_53' title='bbox 1724 812 1948 882; x_wconf 54' lang='grc' dir='ltr'><strong>αὐτούς,⁸</strong></span> 
     </span>
    </p>
   </div>
   <div class='ocr_carea' id='block_1_10' title="bbox 374 904 1948 978">
    <p class='ocr_par' dir='ltr' id='par_1_10' title="bbox 374 904 1948 978">
     <span class='ocr_line' id='line_1_10' title="bbox 374 904 1948 978; baseline 0.002 -21"><span class='ocrx_word' id='word_1_54' title='bbox 374 905 523 957; x_wconf 76' lang='grc' dir='ltr'>αὐτοὶ</span> <span class='ocrx_word' id='word_1_55' title='bbox 549 904 605 957; x_wconf 84' lang='grc' dir='ltr'>δὲ</span> <span class='ocrx_word' id='word_1_56' title='bbox 633 904 1011 975; x_wconf 78' lang='grc' dir='ltr'>κατελάλησαν</span> <span class='ocrx_word' id='word_1_57' title='bbox 1039 904 1205 977; x_wconf 72' lang='grc' dir='ltr'>ψευδῆ</span> <span class='ocrx_word' id='word_1_58' title='bbox 1239 905 1359 960; x_wconf 82' lang='grc' dir='ltr'>κατ’</span> <span class='ocrx_word' id='word_1_59' title='bbox 1387 905 1544 978; x_wconf 84' lang='grc' dir='ltr'>ἐμοῦ.</span> <span class='ocrx_word' id='word_1_60' title='bbox 1585 925 1604 959; x_wconf 79' lang='grc' dir='ltr'><strong>ι</strong></span> <span class='ocrx_word' id='word_1_61' title='bbox 1631 908 1738 961; x_wconf 76' lang='grc' dir='ltr'>Καὶ</span> <span class='ocrx_word' id='word_1_62' title='bbox 1770 906 1948 960; x_wconf 81' lang='grc' dir='ltr'>πάλιν·</span> 
     </span>
    </p>
   </div>
   <div class='ocr_carea' id='block_1_11' title="bbox 380 996 1955 1069">
    <p class='ocr_par' dir='ltr' id='par_1_11' title="bbox 380 996 1955 1069">
     <span class='ocr_line' id='line_1_11' title="bbox 380 996 1955 1069; baseline 0.003 -21"><span class='ocrx_word' id='word_1_63' title='bbox 380 1014 397 1047; x_wconf 79' lang='grc' dir='ltr'><strong>ι</strong></span> <span class='ocrx_word' id='word_1_64' title='bbox 421 996 724 1051; x_wconf 82' lang='grc' dir='ltr'>Πεσοῦνται</span> <span class='ocrx_word' id='word_1_65' title='bbox 752 999 810 1049; x_wconf 85' lang='grc' dir='ltr'><strong>ἐν</strong></span> <span class='ocrx_word' id='word_1_66' title='bbox 837 999 1085 1069; x_wconf 77' lang='grc' dir='ltr'><strong>ῥομφαίᾳ</strong></span> <span class='ocrx_word' id='word_1_67' title='bbox 1114 998 1165 1051; x_wconf 75' lang='lat' dir='ltr'><strong>oi</strong></span> <span class='ocrx_word' id='word_1_68' title='bbox 1193 999 1452 1069; x_wconf 81' lang='grc' dir='ltr'>ἄρχοντες</span> <span class='ocrx_word' id='word_1_69' title='bbox 1476 998 1675 1065; x_wconf 78' lang='grc' dir='ltr'>αὐτῶν,</span> <span class='ocrx_word' id='word_1_70' title='bbox 1704 1000 1771 1054; x_wconf 87' lang='grc' dir='ltr'>δι’</span> <span class='ocrx_word' id='word_1_71' title='bbox 1795 1002 1955 1053; x_wconf 79' lang='grc' dir='ltr'>ἁπαι-</span> 
     </span>
    </p>
   </div>
   <div class='ocr_carea' id='block_1_12' title="bbox 374 1084 1956 1160">
    <p class='ocr_par' dir='ltr' id='par_1_12' title="bbox 374 1084 1956 1160">
     <span class='ocr_line' id='line_1_12' title="bbox 374 1084 1956 1160; baseline 0.001 -20"><span class='ocrx_word' id='word_1_72' title='bbox 374 1084 588 1140; x_wconf 80' lang='grc' dir='ltr'>δευσίαν</span> <span class='ocrx_word' id='word_1_73' title='bbox 619 1085 866 1155; x_wconf 76' lang='grc' dir='ltr'><strong>γλώττης</strong></span> <span class='ocrx_word' id='word_1_74' title='bbox 917 1086 1121 1142; x_wconf 80' lang='grc' dir='ltr'>αὐτῶν.</span> <span class='ocrx_word' id='word_1_75' title='bbox 1164 1106 1183 1139; x_wconf 78' lang='grc' dir='ltr'><strong>ι</strong></span> <span class='ocrx_word' id='word_1_76' title='bbox 1221 1088 1582 1160; x_wconf 80' lang='grc' dir='ltr'>Πεφλυάρηκε</span> <span class='ocrx_word' id='word_1_77' title='bbox 1611 1088 1788 1142; x_wconf 83' lang='grc' dir='ltr'>τοίνυν</span> <span class='ocrx_word' id='word_1_78' title='bbox 1813 1086 1956 1143; x_wconf 76' lang='grc' dir='ltr'>κατὰ</span> 
     </span>
    </p>
   </div>
   <div class='ocr_carea' id='block_1_13' title="bbox 374 1177 1955 1253">
    <p class='ocr_par' dir='ltr' id='par_1_13' title="bbox 374 1177 1955 1253">
     <span class='ocr_line' id='line_1_13' title="bbox 374 1177 1955 1253; baseline 0.004 -23"><span class='ocrx_word' id='word_1_79' title='bbox 374 1177 610 1249; x_wconf 75' lang='grc' dir='ltr'><strong>Χριστοῦ</strong></span> <span class='ocrx_word' id='word_1_80' title='bbox 641 1178 749 1232; x_wconf 83' lang='grc' dir='ltr'><strong>τῶν</strong></span> <span class='ocrx_word' id='word_1_81' title='bbox 779 1180 1090 1249; x_wconf 76' lang='grc' dir='ltr'><strong>Φαρισαίων</strong></span> <span class='ocrx_word' id='word_1_82' title='bbox 1134 1180 1195 1233; x_wconf 82' lang='grc' dir='ltr'>τὸ</span> <span class='ocrx_word' id='word_1_83' title='bbox 1232 1182 1439 1250; x_wconf 88' lang='grc' dir='ltr'>στῖφος,</span> <span class='ocrx_word' id='word_1_84' title='bbox 1473 1180 1537 1234; x_wconf 80' lang='grc' dir='ltr'>τὸ</span> <span class='ocrx_word' id='word_1_85' title='bbox 1562 1179 1735 1253; x_wconf 83' lang='grc' dir='ltr'>θρασύ</span> <span class='ocrx_word' id='word_1_86' title='bbox 1764 1198 1821 1234; x_wconf 87' lang='grc' dir='ltr'><strong>τε</strong></span> <span class='ocrx_word' id='word_1_87' title='bbox 1862 1182 1955 1236; x_wconf 73' lang='grc' dir='ltr'><strong>καὶ</strong></span> 
     </span>
    </p>
   </div>
   <div class='ocr_carea' id='block_1_14' title="bbox 373 1268 1955 1343">
    <p class='ocr_par' dir='ltr' id='par_1_14' title="bbox 373 1268 1955 1343">
     <span class='ocr_line' id='line_1_14' title="bbox 373 1268 1955 1343; baseline 0.003 -20"><span class='ocrx_word' id='word_1_88' title='bbox 373 1269 743 1340; x_wconf 79' lang='grc' dir='ltr'>ἀνελεύθερον.</span> <span class='ocrx_word' id='word_1_89' title='bbox 778 1272 889 1324; x_wconf 57' lang='grc' dir='ltr'><strong>Καὶ⁵</strong></span> <span class='ocrx_word' id='word_1_90' title='bbox 921 1271 1102 1335; x_wconf 83' lang='grc' dir='ltr'>τοῦτο,</span> <span class='ocrx_word' id='word_1_91' title='bbox 1131 1268 1310 1343; x_wconf 83' lang='grc' dir='ltr'>οἶμαι,</span> <span class='ocrx_word' id='word_1_92' title='bbox 1352 1275 1470 1328; x_wconf 86' lang='grc' dir='ltr'><strong>ἐστί</strong></span> <span class='ocrx_word' id='word_1_93' title='bbox 1511 1273 1572 1328; x_wconf 82' lang='grc' dir='ltr'>τὸ</span> <span class='ocrx_word' id='word_1_94' title='bbox 1607 1278 1955 1342; x_wconf 81' lang='grc' dir='ltr'><strong>κατενεγκεῖν</strong></span> 
     </span>
    </p>
   </div>
   <div class='ocr_carea' id='block_1_15' title="bbox 375 1361 1953 1437">
    <p class='ocr_par' dir='ltr' id='par_1_15' title="bbox 375 1361 1953 1437">
     <span class='ocr_line' id='line_1_15' title="bbox 375 1361 1953 1437; baseline 0.004 -24"><span class='ocrx_word' id='word_1_95' title='bbox 375 1362 499 1424; x_wconf 74' lang='grc' dir='ltr'>τοὺς</span> <span class='ocrx_word' id='word_1_96' title='bbox 545 1361 808 1431; x_wconf 75' lang='grc' dir='ltr'>ἀδελφοὺς</span> <span class='ocrx_word' id='word_1_97' title='bbox 836 1362 1005 1432; x_wconf 74' lang='grc' dir='ltr'>ψόγον</span> <span class='ocrx_word' id='word_1_98' title='bbox 1042 1363 1280 1436; x_wconf 80' lang='grc' dir='ltr'>πονηρὸν</span> <span class='ocrx_word' id='word_1_99' title='bbox 1326 1364 1465 1419; x_wconf 72' lang='grc' dir='ltr'>κατὰ</span> <span class='ocrx_word' id='word_1_100' title='bbox 1501 1365 1724 1437; x_wconf 84' lang='grc' dir='ltr'>Ἰωσήφ.</span> <span class='ocrx_word' id='word_1_101' title='bbox 1754 1384 1772 1417; x_wconf 79' lang='grc' dir='ltr'><strong>ι</strong></span> <span class='ocrx_word' id='word_1_102' title='bbox 1814 1364 1953 1419; x_wconf 81' lang='grc' dir='ltr'>Ἀλλ’</span> 
     </span>
    </p>
   </div>
   <div class='ocr_carea' id='block_1_16' title="bbox 376 1450 1956 1525">
    <p class='ocr_par' dir='ltr' id='par_1_16' title="bbox 376 1450 1956 1525">
     <span class='ocr_line' id='line_1_16' title="bbox 376 1450 1956 1525; baseline 0.001 -22"><span class='ocrx_word' id='word_1_103' title='bbox 376 1450 651 1519; x_wconf 69' lang='grc' dir='ltr'>ἠγαπᾶτο,</span> <span class='ocrx_word' id='word_1_104' title='bbox 702 1451 889 1521; x_wconf 66' lang='grc' dir='ltr'>φησιν,</span> <span class='ocrx_word' id='word_1_105' title='bbox 926 1450 1079 1522; x_wconf 86' lang='grc' dir='ltr'><strong>παρά</strong></span> <span class='ocrx_word' id='word_1_106' title='bbox 1107 1451 1202 1505; x_wconf 77' lang='grc' dir='ltr'>τοῦ</span> <span class='ocrx_word' id='word_1_107' title='bbox 1239 1452 1465 1525; x_wconf 83' lang='grc' dir='ltr'>πατρὸς,</span> <span class='ocrx_word' id='word_1_108' title='bbox 1503 1453 1585 1507; x_wconf 86' lang='grc' dir='ltr'>ὃτι</span> <span class='ocrx_word' id='word_1_109' title='bbox 1621 1452 1733 1516; x_wconf 73' lang='grc' dir='ltr'>υίὸς</span> <span class='ocrx_word' id='word_1_110' title='bbox 1767 1453 1956 1525; x_wconf 80' lang='grc' dir='ltr'><strong>γήρως</strong></span> 
     </span>
    </p>
   </div>
   <div class='ocr_carea' id='block_1_17' title="bbox 372 1538 1954 1616">
    <p class='ocr_par' dir='ltr' id='par_1_17' title="bbox 372 1538 1954 1616">
     <span class='ocr_line' id='line_1_17' title="bbox 372 1538 1954 1616; baseline 0.002 -21"><span class='ocrx_word' id='word_1_111' title='bbox 372 1538 436 1614; x_wconf 63' lang='grc' dir='ltr'><strong>ἦν</strong></span> <span class='ocrx_word' id='word_1_112' title='bbox 474 1542 649 1614; x_wconf 76' lang='grc' dir='ltr'>αὐτῷ.</span> <span class='ocrx_word' id='word_1_113' title='bbox 687 1561 708 1595; x_wconf 75' lang='grc' dir='ltr'><strong>ι</strong></span> <span class='ocrx_word' id='word_1_114' title='bbox 745 1542 1011 1611; x_wconf 76' lang='grc' dir='ltr'><strong>Γεγόνασι</strong></span> <span class='ocrx_word' id='word_1_115' title='bbox 1047 1545 1146 1614; x_wconf 83' lang='grc' dir='ltr'>μὲν</span> <span class='ocrx_word' id='word_1_116' title='bbox 1178 1544 1288 1616; x_wconf 83' lang='grc' dir='ltr'>γὰρ</span> <span class='ocrx_word' id='word_1_117' title='bbox 1320 1546 1415 1598; x_wconf 71' lang='grc' dir='ltr'><strong>καὶ</strong></span> <span class='ocrx_word' id='word_1_118' title='bbox 1454 1544 1630 1616; x_wconf 72' lang='grc' dir='ltr'>ἕτεροι</span> <span class='ocrx_word' id='word_1_119' title='bbox 1679 1543 1954 1615; x_wconf 77' lang='grc' dir='ltr'><strong>ποιμένες,</strong></span> 
     </span>
    </p>
   </div>
   <div class='ocr_carea' id='block_1_18' title="bbox 266 1635 1957 1709">
    <p class='ocr_par' dir='ltr' id='par_1_18' title="bbox 266 1635 1957 1709">
     <span class='ocr_line' id='line_1_18' title="bbox 266 1635 1957 1709; baseline 0.001 -19"><span class='ocrx_word' id='word_1_120' title='bbox 266 1698 269 1701; x_wconf 96' lang='lat'><em>_</em></span> <span class='ocrx_word' id='word_1_121' title='bbox 375 1635 530 1690; x_wconf 82' lang='grc' dir='ltr'>καλοί</span> <span class='ocrx_word' id='word_1_122' title='bbox 580 1652 643 1688; x_wconf 88' lang='grc' dir='ltr'><strong>τε</strong></span> <span class='ocrx_word' id='word_1_123' title='bbox 700 1635 795 1689; x_wconf 74' lang='grc' dir='ltr'>καὶ</span> <span class='ocrx_word' id='word_1_124' title='bbox 831 1635 1044 1702; x_wconf 75' lang='grc' dir='ltr'>ἁγαθοὶ,</span> <span class='ocrx_word' id='word_1_125' title='bbox 1099 1636 1208 1706; x_wconf 83' lang='grc' dir='ltr'><strong>πρὸ</strong></span> <span class='ocrx_word' id='word_1_126' title='bbox 1250 1635 1354 1707; x_wconf 77' lang='grc' dir='ltr'>τῆς</span> <span class='ocrx_word' id='word_1_127' title='bbox 1398 1635 1492 1690; x_wconf 82' lang='grc' dir='ltr'>τοῦ</span> <span class='ocrx_word' id='word_1_128' title='bbox 1517 1638 1768 1709; x_wconf 80' lang='grc' dir='ltr'><strong>Σωτῆρος</strong></span> <span class='ocrx_word' id='word_1_129' title='bbox 1799 1636 1957 1708; x_wconf 81' lang='grc' dir='ltr'>ἡμῶν</span> 
     </span>
    </p>
   </div>
   <div class='ocr_carea' id='block_1_19' title="bbox 376 1723 1957 1798">
    <p class='ocr_par' dir='ltr' id='par_1_19' title="bbox 376 1723 1957 1798">
     <span class='ocr_line' id='line_1_19' title="bbox 376 1723 1957 1798; baseline 0.001 -20"><span class='ocrx_word' id='word_1_130' title='bbox 376 1723 703 1789; x_wconf 68' lang='grc' dir='ltr'><strong>ἀναδείξεως</strong></span> <span class='ocrx_word' id='word_1_131' title='bbox 731 1724 832 1791; x_wconf 84' lang='grc' dir='ltr'>τῆς</span> <span class='ocrx_word' id='word_1_132' title='bbox 864 1725 922 1797; x_wconf 76' lang='grc' dir='ltr'><strong>ἐν</strong></span> <span class='ocrx_word' id='word_1_133' title='bbox 950 1725 1138 1796; x_wconf 83' lang='grc' dir='ltr'>κόσμῳ</span> <span class='ocrx_word' id='word_1_134' title='bbox 1170 1727 1263 1779; x_wconf 70' lang='grc' dir='ltr'>καὶ</span> <span class='ocrx_word' id='word_1_135' title='bbox 1286 1725 1421 1795; x_wconf 79' lang='grc' dir='ltr'>μετὰ</span> <span class='ocrx_word' id='word_1_136' title='bbox 1452 1726 1653 1798; x_wconf 86' lang='grc' dir='ltr'>σαρκός</span> <span class='ocrx_word' id='word_1_137' title='bbox 1674 1744 1687 1757; x_wconf 86' lang='lat'><strong>&#39;</strong></span> <span class='ocrx_word' id='word_1_138' title='bbox 1726 1726 1821 1780; x_wconf 74' lang='grc' dir='ltr'><strong>καὶ</strong></span> <span class='ocrx_word' id='word_1_139' title='bbox 1851 1726 1957 1798; x_wconf 84' lang='grc' dir='ltr'>πρό</span> 
     </span>
    </p>
   </div>
   <div class='ocr_carea' id='block_1_20' title="bbox 376 1816 1957 1890">
    <p class='ocr_par' dir='ltr' id='par_1_20' title="bbox 376 1816 1957 1890">
     <span class='ocr_line' id='line_1_20' title="bbox 376 1816 1957 1890; baseline 0.004 -23"><span class='ocrx_word' id='word_1_140' title='bbox 376 1833 434 1885; x_wconf 78' lang='grc' dir='ltr'><strong>γε</strong></span> <span class='ocrx_word' id='word_1_141' title='bbox 485 1816 599 1869; x_wconf 84' lang='grc' dir='ltr'>τῶν</span> <span class='ocrx_word' id='word_1_142' title='bbox 642 1816 821 1870; x_wconf 83' lang='grc' dir='ltr'>ἄλλων</span> <span class='ocrx_word' id='word_1_143' title='bbox 862 1817 1070 1888; x_wconf 74' lang='grc' dir='ltr'>Μωσῆς</span> <span class='ocrx_word' id='word_1_144' title='bbox 1094 1819 1124 1870; x_wconf 84' lang='grc' dir='ltr'><strong>ὁ</strong></span> <span class='ocrx_word' id='word_1_145' title='bbox 1150 1817 1454 1881; x_wconf 78' lang='grc' dir='ltr'>θεσπέσιος,</span> <span class='ocrx_word' id='word_1_146' title='bbox 1501 1819 1594 1871; x_wconf 76' lang='grc' dir='ltr'>καὶ</span> <span class='ocrx_word' id='word_1_147' title='bbox 1630 1821 1679 1873; x_wconf 68' lang='lat' dir='ltr'><strong>oi</strong></span> <span class='ocrx_word' id='word_1_148' title='bbox 1721 1818 1957 1890; x_wconf 79' lang='grc' dir='ltr'>καθεξῆς</span> 
     </span>
    </p>
   </div>
   <div class='ocr_carea' id='block_1_21' title="bbox 376 1905 1959 1980">
    <p class='ocr_par' dir='ltr' id='par_1_21' title="bbox 376 1905 1959 1980">
     <span class='ocr_line' id='line_1_21' title="bbox 376 1905 1959 1980; baseline 0.004 -23"><span class='ocrx_word' id='word_1_149' title='bbox 376 1906 472 1969; x_wconf 72' lang='grc' dir='ltr'>τὰς</span> <span class='ocrx_word' id='word_1_150' title='bbox 508 1905 738 1973; x_wconf 72' lang='grc' dir='ltr'>λογικὰς</span> <span class='ocrx_word' id='word_1_151' title='bbox 791 1906 995 1976; x_wconf 80' lang='grc' dir='ltr'>ἀγέλας</span> <span class='ocrx_word' id='word_1_152' title='bbox 1033 1907 1524 1979; x_wconf 83' lang='grc' dir='ltr'>διαποιμαίνοντες.</span> <span class='ocrx_word' id='word_1_153' title='bbox 1582 1907 1729 1980; x_wconf 82' lang='grc' dir='ltr'><strong>Πλὴν</strong></span> <span class='ocrx_word' id='word_1_154' title='bbox 1768 1909 1959 1980; x_wconf 81' lang='grc' dir='ltr'>διαφε-</span> 
     </span>
    </p>
   </div>
   <div class='ocr_carea' id='block_1_22' title="bbox 378 1997 1958 2072">
    <p class='ocr_par' dir='ltr' id='par_1_22' title="bbox 378 1997 1958 2072">
     <span class='ocr_line' id='line_1_22' title="bbox 378 1997 1958 2072; baseline 0.005 -23"><span class='ocrx_word' id='word_1_155' title='bbox 378 1998 581 2069; x_wconf 82' lang='grc' dir='ltr'>ρόντως</span> <span class='ocrx_word' id='word_1_156' title='bbox 612 1997 866 2068; x_wconf 73' lang='grc' dir='ltr'>ἠγάπησε</span> <span class='ocrx_word' id='word_1_157' title='bbox 896 1998 987 2051; x_wconf 77' lang='grc' dir='ltr'>τὸν</span> <span class='ocrx_word' id='word_1_158' title='bbox 1015 1998 1189 2053; x_wconf 80' lang='grc' dir='ltr'><strong>Υἱὸνὸ</strong></span> <span class='ocrx_word' id='word_1_159' title='bbox 1213 2001 1423 2072; x_wconf 73' lang='grc' dir='ltr'>Πατὴρ,</span> <span class='ocrx_word' id='word_1_160' title='bbox 1444 2000 1621 2054; x_wconf 86' lang='grc' dir='ltr'>καίτοι</span> <span class='ocrx_word' id='word_1_161' title='bbox 1648 2001 1958 2058; x_wconf 89' lang='grc' dir='ltr'>τελευταῖον</span> 
     </span>
    </p>
   </div>
   <div class='ocr_carea' id='block_1_23' title="bbox 374 2089 1960 2165">
    <p class='ocr_par' dir='ltr' id='par_1_23' title="bbox 374 2089 1960 2165">
     <span class='ocr_line' id='line_1_23' title="bbox 374 2089 1960 2165; baseline 0.004 -21"><span class='ocrx_word' id='word_1_162' title='bbox 374 2089 500 2144; x_wconf 70' lang='grc' dir='ltr'>ὄντα</span> <span class='ocrx_word' id='word_1_163' title='bbox 544 2089 688 2160; x_wconf 86' lang='grc' dir='ltr'><strong>μετά</strong></span> <span class='ocrx_word' id='word_1_164' title='bbox 720 2090 850 2153; x_wconf 74' lang='grc' dir='ltr'>τοὺς</span> <span class='ocrx_word' id='word_1_165' title='bbox 882 2090 1097 2156; x_wconf 78' lang='grc' dir='ltr'>ἄλλους.</span> <span class='ocrx_word' id='word_1_166' title='bbox 1142 2093 1237 2146; x_wconf 70' lang='grc' dir='ltr'>καὶ</span> <span class='ocrx_word' id='word_1_167' title='bbox 1268 2093 1326 2145; x_wconf 88' lang='grc' dir='ltr'><strong>ἐν</strong></span> <span class='ocrx_word' id='word_1_168' title='bbox 1362 2093 1611 2165; x_wconf 78' lang='grc' dir='ltr'>ἐσχάτοις</span> <span class='ocrx_word' id='word_1_169' title='bbox 1640 2094 1735 2150; x_wconf 80' lang='grc' dir='ltr'><strong>τοῦ</strong></span> <span class='ocrx_word' id='word_1_170' title='bbox 1765 2095 1960 2161; x_wconf 84' lang='grc' dir='ltr'>αἰῶνος</span> 
     </span>
    </p>
   </div>
   <div class='ocr_carea' id='block_1_24' title="bbox 375 2180 1958 2256">
    <p class='ocr_par' dir='ltr' id='par_1_24' title="bbox 375 2180 1958 2256">
     <span class='ocr_line' id='line_1_24' title="bbox 375 2180 1958 2256; baseline 0.004 -22"><span class='ocrx_word' id='word_1_171' title='bbox 375 2182 647 2250; x_wconf 76' lang='grc' dir='ltr'>γεγονότα</span> <span class='ocrx_word' id='word_1_172' title='bbox 676 2184 911 2253; x_wconf 86' lang='grc' dir='ltr'>καιροῖς.</span> <span class='ocrx_word' id='word_1_173' title='bbox 954 2182 1211 2254; x_wconf 86' lang='grc' dir='ltr'>Ἀρμόσει</span> <span class='ocrx_word' id='word_1_174' title='bbox 1247 2183 1347 2255; x_wconf 79' lang='grc' dir='ltr'>μὲν</span> <span class='ocrx_word' id='word_1_175' title='bbox 1381 2180 1473 2239; x_wconf 77' lang='grc' dir='ltr'><strong>οὖν</strong></span> <span class='ocrx_word' id='word_1_176' title='bbox 1504 2183 1582 2256; x_wconf 81' lang='grc' dir='ltr'>τῷ</span> <span class='ocrx_word' id='word_1_177' title='bbox 1622 2185 1818 2241; x_wconf 80' lang='grc' dir='ltr'>Ἰακὼϐ</span> <span class='ocrx_word' id='word_1_178' title='bbox 1845 2186 1958 2240; x_wconf 76' lang='grc' dir='ltr'>υἱόν</span> 
     </span>
    </p>
   </div>
   <div class='ocr_carea' id='block_1_25' title="bbox 376 2272 1959 2351">
    <p class='ocr_par' dir='ltr' id='par_1_25' title="bbox 376 2272 1959 2351">
     <span class='ocr_line' id='line_1_25' title="bbox 376 2272 1959 2351; baseline 0.006 -26"><span class='ocrx_word' id='word_1_179' title='bbox 376 2278 565 2347; x_wconf 79' lang='grc' dir='ltr'>γήρως</span> <span class='ocrx_word' id='word_1_180' title='bbox 605 2272 751 2345; x_wconf 71' lang='grc' dir='ltr'>ἔχειν</span> <span class='ocrx_word' id='word_1_181' title='bbox 803 2275 897 2330; x_wconf 81' lang='grc' dir='ltr'><strong>τὸν</strong></span> <span class='ocrx_word' id='word_1_182' title='bbox 953 2275 1173 2348; x_wconf 83' lang='grc' dir='ltr'>Ἰωσήφ.</span> <span class='ocrx_word' id='word_1_183' title='bbox 1204 2276 1337 2343; x_wconf 80' lang='grc' dir='ltr'>Θεὸς</span> <span class='ocrx_word' id='word_1_184' title='bbox 1368 2278 1426 2331; x_wconf 90' lang='grc' dir='ltr'><strong>δέ</strong></span> <span class='ocrx_word' id='word_1_185' title='bbox 1454 2279 1696 2351; x_wconf 89' lang='grc' dir='ltr'>ἀγήρως,</span> <span class='ocrx_word' id='word_1_186' title='bbox 1722 2279 1959 2350; x_wconf 77' lang='grc' dir='ltr'>ἄναρχος</span> 
     </span>
    </p>
   </div>
   <div class='ocr_carea' id='block_1_26' title="bbox 376 2367 1962 2445">
    <p class='ocr_par' dir='ltr' id='par_1_26' title="bbox 376 2367 1962 2445">
     <span class='ocr_line' id='line_1_26' title="bbox 376 2367 1962 2445; baseline 0.003 -23"><span class='ocrx_word' id='word_1_187' title='bbox 376 2384 431 2422; x_wconf 78' lang='grc' dir='ltr'><strong>τε</strong></span> <span class='ocrx_word' id='word_1_188' title='bbox 460 2368 564 2423; x_wconf 78' lang='grc' dir='ltr'><strong>καὶ</strong></span> <span class='ocrx_word' id='word_1_189' title='bbox 593 2367 854 2440; x_wconf 79' lang='grc' dir='ltr'>ἀναυξὴς,</span> <span class='ocrx_word' id='word_1_190' title='bbox 875 2367 968 2422; x_wconf 76' lang='grc' dir='ltr'>καὶ</span> <span class='ocrx_word' id='word_1_191' title='bbox 1005 2369 1091 2422; x_wconf 73' lang='grc' dir='ltr'>ἀεὶ</span> <span class='ocrx_word' id='word_1_192' title='bbox 1120 2369 1452 2433; x_wconf 86' lang='grc' dir='ltr'>παντέλειος.</span> <span class='ocrx_word' id='word_1_193' title='bbox 1482 2370 1750 2445; x_wconf 83' lang='grc' dir='ltr'>Ταύτῃτοι</span> <span class='ocrx_word' id='word_1_194' title='bbox 1782 2371 1962 2441; x_wconf 83' lang='grc' dir='ltr'>σοφῶς</span> 
     </span>
    </p>
   </div>
   <div class='ocr_carea' id='block_1_27' title="bbox 377 2459 1964 2534">
    <p class='ocr_par' dir='ltr' id='par_1_27' title="bbox 377 2459 1964 2534">
     <span class='ocr_line' id='line_1_27' title="bbox 377 2459 1964 2534; baseline 0.002 -21"><span class='ocrx_word' id='word_1_195' title='bbox 377 2460 477 2531; x_wconf 81' lang='grc' dir='ltr'>τῆς</span> <span class='ocrx_word' id='word_1_196' title='bbox 510 2459 610 2513; x_wconf 75' lang='grc' dir='ltr'>τοῦ</span> <span class='ocrx_word' id='word_1_197' title='bbox 641 2461 944 2531; x_wconf 80' lang='grc' dir='ltr'><strong>πρέποντος</strong></span> <span class='ocrx_word' id='word_1_198' title='bbox 985 2460 1158 2533; x_wconf 87' lang='grc' dir='ltr'>θήρας</span> <span class='ocrx_word' id='word_1_199' title='bbox 1198 2462 1545 2534; x_wconf 80' lang='grc' dir='ltr'>ἀφαμαρτεῖν</span> <span class='ocrx_word' id='word_1_200' title='bbox 1584 2464 1686 2518; x_wconf 86' lang='grc' dir='ltr'><strong>οὐκ</strong></span> <span class='ocrx_word' id='word_1_201' title='bbox 1716 2462 1964 2533; x_wconf 78' lang='grc' dir='ltr'>ἐφιέντες</span> 
     </span>
    </p>
   </div>
   <div class='ocr_carea' id='block_1_28' title="bbox 378 2550 1964 2626">
    <p class='ocr_par' dir='ltr' id='par_1_28' title="bbox 378 2550 1964 2626">
     <span class='ocr_line' id='line_1_28' title="bbox 378 2550 1964 2626; baseline 0.004 -25"><span class='ocrx_word' id='word_1_202' title='bbox 378 2551 470 2605; x_wconf 76' lang='grc' dir='ltr'><strong>τὸν</strong></span> <span class='ocrx_word' id='word_1_203' title='bbox 497 2550 680 2618; x_wconf 78' lang='grc' dir='ltr'>λόγον,</span> <span class='ocrx_word' id='word_1_204' title='bbox 714 2551 899 2621; x_wconf 81' lang='grc' dir='ltr'>γήρως</span> <span class='ocrx_word' id='word_1_205' title='bbox 937 2551 1125 2624; x_wconf 84' lang='grc' dir='ltr'>ὥσπερ</span> <span class='ocrx_word' id='word_1_206' title='bbox 1149 2551 1262 2605; x_wconf 76' lang='grc' dir='ltr'>υἱὸν</span> <span class='ocrx_word' id='word_1_207' title='bbox 1290 2553 1652 2623; x_wconf 80' lang='grc' dir='ltr'>γεγεννῆσθαί</span> <span class='ocrx_word' id='word_1_208' title='bbox 1679 2570 1860 2626; x_wconf 85' lang='grc' dir='ltr'>φαμεν</span> <span class='ocrx_word' id='word_1_209' title='bbox 1884 2553 1964 2626; x_wconf 80' lang='grc' dir='ltr'>τῷ</span> 
     </span>
    </p>
   </div>
   <div class='ocr_carea' id='block_1_29' title="bbox 378 2639 1962 2714">
    <p class='ocr_par' dir='ltr' id='par_1_29' title="bbox 378 2639 1962 2714">
     <span class='ocr_line' id='line_1_29' title="bbox 378 2639 1962 2714; baseline 0.003 -21"><span class='ocrx_word' id='word_1_210' title='bbox 378 2639 501 2712; x_wconf 81' lang='grc' dir='ltr'><strong>Θεῷ</strong></span> <span class='ocrx_word' id='word_1_211' title='bbox 536 2639 635 2693; x_wconf 64' lang='grc' dir='ltr'><strong>καὶ⁵</strong></span> <span class='ocrx_word' id='word_1_212' title='bbox 666 2640 845 2711; x_wconf 75' lang='grc' dir='ltr'>Πατρὶ</span> <span class='ocrx_word' id='word_1_213' title='bbox 863 2639 954 2694; x_wconf 77' lang='grc' dir='ltr'><strong>τὸν</strong></span> <span class='ocrx_word' id='word_1_214' title='bbox 1001 2641 1373 2712; x_wconf 71' lang='grc' dir='ltr'>Ἐμμανουήλ.</span> <span class='ocrx_word' id='word_1_215' title='bbox 1412 2642 1489 2707; x_wconf 85' lang='grc' dir='ltr'>ὡς</span> <span class='ocrx_word' id='word_1_216' title='bbox 1523 2645 1582 2697; x_wconf 90' lang='grc' dir='ltr'><strong>ἐν</strong></span> <span class='ocrx_word' id='word_1_217' title='bbox 1619 2643 1833 2714; x_wconf 79' lang='grc' dir='ltr'>χρόνοις</span> <span class='ocrx_word' id='word_1_218' title='bbox 1866 2660 1962 2713; x_wconf 90' lang='grc' dir='ltr'>γε-</span> 
     </span>
    </p>
   </div>
   <div class='ocr_carea' id='block_1_30' title="bbox 379 2730 1962 2805">
    <p class='ocr_par' dir='ltr' id='par_1_30' title="bbox 379 2730 1962 2805">
     <span class='ocr_line' id='line_1_30' title="bbox 379 2730 1962 2805; baseline 0.003 -21"><span class='ocrx_word' id='word_1_219' title='bbox 379 2731 582 2798; x_wconf 82' lang='grc' dir='ltr'>γονότα</span> <span class='ocrx_word' id='word_1_220' title='bbox 634 2732 749 2794; x_wconf 85' lang='grc' dir='ltr'>τοῖς</span> <span class='ocrx_word' id='word_1_221' title='bbox 787 2730 1122 2796; x_wconf 79' lang='grc' dir='ltr'>τελευταίοις</span> <span class='ocrx_word' id='word_1_222' title='bbox 1170 2732 1267 2786; x_wconf 83' lang='grc' dir='ltr'>τοῦ</span> <span class='ocrx_word' id='word_1_223' title='bbox 1312 2733 1528 2797; x_wconf 78' lang='grc' dir='ltr'>αἰῶνος,</span> <span class='ocrx_word' id='word_1_224' title='bbox 1581 2733 1825 2805; x_wconf 81' lang='grc' dir='ltr'>δηλονότι</span> <span class='ocrx_word' id='word_1_225' title='bbox 1867 2733 1962 2788; x_wconf 80' lang='grc' dir='ltr'>τοῦ</span> 
     </span>
    </p>
   </div>
   <div class='ocr_carea' id='block_1_31' title="bbox 378 2822 1961 2895">
    <p class='ocr_par' dir='ltr' id='par_1_31' title="bbox 378 2822 1961 2895">
     <span class='ocr_line' id='line_1_31' title="bbox 378 2822 1961 2895; baseline 0.001 -19"><span class='ocrx_word' id='word_1_226' title='bbox 378 2822 708 2888; x_wconf 76' lang='grc' dir='ltr'>ἐνεστῶτος,</span> <span class='ocrx_word' id='word_1_227' title='bbox 750 2823 843 2877; x_wconf 69' lang='grc' dir='ltr'><strong>καὶ</strong></span> <span class='ocrx_word' id='word_1_228' title='bbox 872 2824 994 2877; x_wconf 81' lang='grc' dir='ltr'>ἐπεί</span> <span class='ocrx_word' id='word_1_229' title='bbox 1014 2840 1094 2876; x_wconf 90' lang='grc' dir='ltr'><strong>τοι</strong></span> <span class='ocrx_word' id='word_1_230' title='bbox 1126 2825 1242 2895; x_wconf 88' lang='grc' dir='ltr'>μετ’</span> <span class='ocrx_word' id='word_1_231' title='bbox 1269 2824 1430 2877; x_wconf 81' lang='grc' dir='ltr'>αὐτὸν</span> <span class='ocrx_word' id='word_1_232' title='bbox 1447 2824 1632 2895; x_wconf 74' lang='grc' dir='ltr'>ἔτερος</span> <span class='ocrx_word' id='word_1_233' title='bbox 1660 2823 1851 2888; x_wconf 80' lang='grc' dir='ltr'>οὐδείς.</span> <span class='ocrx_word' id='word_1_234' title='bbox 1886 2826 1961 2878; x_wconf 82' lang='grc' dir='ltr'><strong>Οὐ</strong></span> 
     </span>
    </p>
   </div>
   <div class='ocr_carea' id='block_1_32' title="bbox 380 2913 1964 2988">
    <p class='ocr_par' dir='ltr' id='par_1_32' title="bbox 380 2913 1964 2988">
     <span class='ocr_line' id='line_1_32' title="bbox 380 2913 1964 2988; baseline 0.001 -21"><span class='ocrx_word' id='word_1_235' title='bbox 380 2917 495 2988; x_wconf 76' lang='grc' dir='ltr'>γὰρ</span> <span class='ocrx_word' id='word_1_236' title='bbox 540 2917 603 2967; x_wconf 89' lang='grc' dir='ltr'><strong>ἐν</strong></span> <span class='ocrx_word' id='word_1_237' title='bbox 649 2914 822 2986; x_wconf 80' lang='grc' dir='ltr'>ἑτέρῳ</span> <span class='ocrx_word' id='word_1_238' title='bbox 862 2913 1131 2977; x_wconf 75' lang='grc' dir='ltr'>σώζεσθαι</span> <span class='ocrx_word' id='word_1_239' title='bbox 1163 2913 1573 2985; x_wconf 81' lang='grc' dir='ltr'>προσδοκῶμεν.</span> <span class='ocrx_word' id='word_1_240' title='bbox 1624 2915 1872 2985; x_wconf 82' lang='grc' dir='ltr'>Ἀρκέσει</span> <span class='ocrx_word' id='word_1_241' title='bbox 1899 2914 1964 2987; x_wconf 86' lang='grc' dir='ltr'>δὴ</span> 
     </span>
    </p>
   </div>
   <div class='ocr_carea' id='block_1_33' title="bbox 383 3005 1963 3078">
    <p class='ocr_par' dir='ltr' id='par_1_33' title="bbox 383 3005 1963 3078">
     <span class='ocr_line' id='line_1_33' title="bbox 383 3005 1963 3078; baseline 0.001 -18"><span class='ocrx_word' id='word_1_242' title='bbox 383 3007 575 3077; x_wconf 75' lang='grc' dir='ltr'>μόνος,</span> <span class='ocrx_word' id='word_1_243' title='bbox 628 3006 710 3060; x_wconf 84' lang='grc' dir='ltr'>ὅτι</span> <span class='ocrx_word' id='word_1_244' title='bbox 752 3006 887 3077; x_wconf 75' lang='grc' dir='ltr'>μηδέ</span> <span class='ocrx_word' id='word_1_245' title='bbox 945 3007 1003 3058; x_wconf 88' lang='grc' dir='ltr'><strong>ἐν</strong></span> <span class='ocrx_word' id='word_1_246' title='bbox 1052 3005 1196 3077; x_wconf 86' lang='grc' dir='ltr'>ἄλλῳ</span> <span class='ocrx_word' id='word_1_247' title='bbox 1235 3006 1446 3060; x_wconf 85' lang='grc' dir='ltr'>κεῖσθαί</span> <span class='ocrx_word' id='word_1_248' title='bbox 1497 3023 1677 3077; x_wconf 80' lang='grc' dir='ltr'>φαμεν</span> <span class='ocrx_word' id='word_1_249' title='bbox 1719 3006 1818 3078; x_wconf 82' lang='grc' dir='ltr'>τὴν</span> <span class='ocrx_word' id='word_1_250' title='bbox 1868 3007 1963 3062; x_wconf 82' lang='grc' dir='ltr'>τοῦ</span> 
     </span>
    </p>
   </div>
   <div class='ocr_carea' id='block_1_34' title="bbox 2054 525 3633 605">
    <p class='ocr_par' dir='ltr' id='par_1_34' title="bbox 2054 525 3633 605">
     <span class='ocr_line' id='line_1_34' title="bbox 2054 525 3633 605; baseline -0.004 -16"><span class='ocrx_word' id='word_1_251' title='bbox 2054 533 2146 589; x_wconf 89' lang='lat' dir='ltr'><strong>dio</strong></span> <span class='ocrx_word' id='word_1_252' title='bbox 2172 532 2449 605; x_wconf 85' lang='lat' dir='ltr'><strong>principes</strong></span> <span class='ocrx_word' id='word_1_253' title='bbox 2470 545 2684 597; x_wconf 90' lang='lat' dir='ltr'><strong>eorum,</strong></span> <span class='ocrx_word' id='word_1_254' title='bbox 2712 535 2937 600; x_wconf 81' lang='lat' dir='ltr'><strong>propter</strong></span> <span class='ocrx_word' id='word_1_255' title='bbox 2958 526 3287 597; x_wconf 90' lang='lat' dir='ltr'><strong>imperitiam</strong></span> <span class='ocrx_word' id='word_1_256' title='bbox 3314 525 3514 598; x_wconf 69' lang='lat' dir='ltr'><strong>lingua:</strong></span> <span class='ocrx_word' id='word_1_257' title='bbox 3540 541 3633 582; x_wconf 89' lang='lat' dir='ltr'><strong>eo-</strong></span> 
     </span>
    </p>
   </div>
   <div class='ocr_carea' id='block_1_35' title="bbox 2055 615 3629 697">
    <p class='ocr_par' dir='ltr' id='par_1_35' title="bbox 2055 615 3629 697">
     <span class='ocr_line' id='line_1_35' title="bbox 2055 615 3629 697; baseline -0.007 -14"><span class='ocrx_word' id='word_1_258' title='bbox 2055 643 2177 683; x_wconf 86' lang='lat' dir='ltr'><strong>rum</strong></span> <span class='ocrx_word' id='word_1_259' title='bbox 2197 628 2261 681; x_wconf 81' lang='lat'><strong>“.</strong></span> <span class='ocrx_word' id='word_1_260' title='bbox 2283 626 2479 697; x_wconf 60' lang='lat' dir='ltr'><strong>ylmpie</strong></span> <span class='ocrx_word' id='word_1_261' title='bbox 2506 625 2674 696; x_wconf 90' lang='lat' dir='ltr'><strong>igitur</strong></span> <span class='ocrx_word' id='word_1_262' title='bbox 2696 624 2914 677; x_wconf 89' lang='lat' dir='ltr'><strong>locutus</strong></span> <span class='ocrx_word' id='word_1_263' title='bbox 2937 627 3023 676; x_wconf 89' lang='lat' dir='ltr'><strong>est</strong></span> <span class='ocrx_word' id='word_1_264' title='bbox 3047 616 3308 673; x_wconf 88' lang='lat' dir='ltr'><strong>adversus</strong></span> <span class='ocrx_word' id='word_1_265' title='bbox 3323 615 3629 684; x_wconf 84' lang='lat' dir='ltr'><strong>Christum,</strong></span> 
     </span>
    </p>
   </div>
   <div class='ocr_carea' id='block_1_36' title="bbox 2054 708 3634 789">
    <p class='ocr_par' dir='ltr' id='par_1_36' title="bbox 2054 708 3634 789">
     <span class='ocr_line' id='line_1_36' title="bbox 2054 708 3634 789; baseline -0.006 -14"><span class='ocrx_word' id='word_1_266' title='bbox 2054 719 2234 775; x_wconf 81' lang='lat' dir='ltr'><strong>audax</strong></span> <span class='ocrx_word' id='word_1_267' title='bbox 2274 727 2436 789; x_wconf 89' lang='lat' dir='ltr'><strong>atque</strong></span> <span class='ocrx_word' id='word_1_268' title='bbox 2470 715 2761 788; x_wconf 85' lang='lat' dir='ltr'><strong>impudens</strong></span> <span class='ocrx_word' id='word_1_269' title='bbox 2795 712 3195 770; x_wconf 72' lang='lat' dir='ltr'><strong>Pharisaeorum</strong></span> <span class='ocrx_word' id='word_1_270' title='bbox 3233 717 3427 766; x_wconf 70' lang='lat' dir='ltr'><strong>coetus.</strong></span> <span class='ocrx_word' id='word_1_271' title='bbox 3455 708 3634 780; x_wconf 75' lang='lat' dir='ltr'><strong>Atque</strong></span> 
     </span>
    </p>
   </div>
   <div class='ocr_carea' id='block_1_37' title="bbox 2054 800 3635 877">
    <p class='ocr_par' dir='ltr' id='par_1_37' title="bbox 2054 800 3635 877">
     <span class='ocr_line' id='line_1_37' title="bbox 2054 800 3635 877; baseline -0.007 -11"><span class='ocrx_word' id='word_1_272' title='bbox 2054 811 2181 877; x_wconf 88' lang='lat' dir='ltr'><strong>hoc,</strong></span> <span class='ocrx_word' id='word_1_273' title='bbox 2210 817 2273 866; x_wconf 91' lang='lat' dir='ltr'><strong>ut</strong></span> <span class='ocrx_word' id='word_1_274' title='bbox 2304 810 2566 874; x_wconf 78' lang='lat' dir='ltr'><strong>arbitror,</strong></span> <span class='ocrx_word' id='word_1_275' title='bbox 2592 816 2696 874; x_wconf 87' lang='lat' dir='ltr'><strong>est,</strong></span> <span class='ocrx_word' id='word_1_276' title='bbox 2730 806 2925 861; x_wconf 77' lang='lat' dir='ltr'><strong>fratres</strong></span> <span class='ocrx_word' id='word_1_277' title='bbox 2945 802 3247 859; x_wconf 76' lang='lat' dir='ltr'><strong>obtendere</strong></span> <span class='ocrx_word' id='word_1_278' title='bbox 3275 800 3635 872; x_wconf 86' lang='lat' dir='ltr'><strong>opprobrium</strong></span> 
     </span>
    </p>
   </div>
   <div class='ocr_carea' id='block_1_38' title="bbox 2054 890 3636 970">
    <p class='ocr_par' dir='ltr' id='par_1_38' title="bbox 2054 890 3636 970">
     <span class='ocr_line' id='line_1_38' title="bbox 2054 890 3636 970; baseline -0.006 -11"><span class='ocrx_word' id='word_1_279' title='bbox 2054 903 2261 959; x_wconf 89' lang='lat' dir='ltr'><strong>malum</strong></span> <span class='ocrx_word' id='word_1_280' title='bbox 2290 902 2557 958; x_wconf 87' lang='lat' dir='ltr'><strong>adversus</strong></span> <span class='ocrx_word' id='word_1_281' title='bbox 2590 900 2811 970; x_wconf 90' lang='lat' dir='ltr'><strong>Ioseph.</strong></span> <span class='ocrx_word' id='word_1_282' title='bbox 2842 917 2862 950; x_wconf 82' lang='grc' dir='ltr'><strong>ι</strong></span> <span class='ocrx_word' id='word_1_283' title='bbox 2900 899 3071 954; x_wconf 87' lang='lat' dir='ltr'><strong>Porro</strong></span> <span class='ocrx_word' id='word_1_284' title='bbox 3104 895 3339 951; x_wconf 90' lang='lat' dir='ltr'><strong>dilectus</strong></span> <span class='ocrx_word' id='word_1_285' title='bbox 3367 890 3507 961; x_wconf 86' lang='lat' dir='ltr'><strong>erat,</strong></span> <span class='ocrx_word' id='word_1_286' title='bbox 3545 894 3636 949; x_wconf 90' lang='lat' dir='ltr'><strong>in-</strong></span> 
     </span>
    </p>
   </div>
   <div class='ocr_carea' id='block_1_39' title="bbox 2055 983 3636 1065">
    <p class='ocr_par' dir='ltr' id='par_1_39' title="bbox 2055 983 3636 1065">
     <span class='ocr_line' id='line_1_39' title="bbox 2055 983 3636 1065; baseline -0.006 -16"><span class='ocrx_word' id='word_1_287' title='bbox 2055 994 2194 1065; x_wconf 88' lang='lat' dir='ltr'><strong>quit,</strong></span> <span class='ocrx_word' id='word_1_288' title='bbox 2225 1009 2257 1048; x_wconf 91' lang='lat' dir='ltr'><strong>a</strong></span> <span class='ocrx_word' id='word_1_289' title='bbox 2283 1001 2459 1064; x_wconf 85' lang='lat' dir='ltr'><strong>patre,</strong></span> <span class='ocrx_word' id='word_1_290' title='bbox 2485 991 2614 1063; x_wconf 86' lang='lat' dir='ltr'><strong>quia</strong></span> <span class='ocrx_word' id='word_1_291' title='bbox 2640 989 2786 1045; x_wconf 83' lang='lat' dir='ltr'><strong>ﬁlius</strong></span> <span class='ocrx_word' id='word_1_292' title='bbox 2814 986 3113 1043; x_wconf 88' lang='lat' dir='ltr'><strong>senectutis</strong></span> <span class='ocrx_word' id='word_1_293' title='bbox 3137 992 3257 1041; x_wconf 88' lang='lat' dir='ltr'><strong>crat</strong></span> <span class='ocrx_word' id='word_1_294' title='bbox 3284 983 3409 1055; x_wconf 84' lang='lat' dir='ltr'><strong>ipsi.</strong></span> <span class='ocrx_word' id='word_1_295' title='bbox 3442 1003 3461 1036; x_wconf 77' lang='grc' dir='ltr'><strong>ι</strong></span> <span class='ocrx_word' id='word_1_296' title='bbox 3490 983 3636 1041; x_wconf 83' lang='lat' dir='ltr'><strong>Fue-</strong></span> 
     </span>
    </p>
   </div>
   <div class='ocr_carea' id='block_1_40' title="bbox 2054 1075 3639 1151">
    <p class='ocr_par' dir='ltr' id='par_1_40' title="bbox 2054 1075 3639 1151">
     <span class='ocr_line' id='line_1_40' title="bbox 2054 1075 3639 1151; baseline -0.005 -10"><span class='ocrx_word' id='word_1_297' title='bbox 2054 1094 2187 1141; x_wconf 90' lang='lat' dir='ltr'><strong>runt</strong></span> <span class='ocrx_word' id='word_1_298' title='bbox 2218 1084 2367 1140; x_wconf 90' lang='lat' dir='ltr'><strong>enim</strong></span> <span class='ocrx_word' id='word_1_299' title='bbox 2407 1084 2574 1139; x_wconf 91' lang='lat' dir='ltr'><strong>etiam</strong></span> <span class='ocrx_word' id='word_1_300' title='bbox 2618 1082 2711 1137; x_wconf 87' lang='lat' dir='ltr'><strong>alii</strong></span> <span class='ocrx_word' id='word_1_301' title='bbox 2754 1088 3003 1151; x_wconf 85' lang='lat' dir='ltr'><strong>pastores</strong></span> <span class='ocrx_word' id='word_1_302' title='bbox 3041 1076 3203 1151; x_wconf 88' lang='lat' dir='ltr'><strong>probi</strong></span> <span class='ocrx_word' id='word_1_303' title='bbox 3243 1091 3309 1131; x_wconf 89' lang='lat' dir='ltr'><strong>ac</strong></span> <span class='ocrx_word' id='word_1_304' title='bbox 3340 1075 3473 1132; x_wconf 91' lang='lat' dir='ltr'><strong>boni</strong></span> <span class='ocrx_word' id='word_1_305' title='bbox 3508 1085 3639 1133; x_wconf 80' lang='lat' dir='ltr'><strong>ante</strong></span> 
     </span>
    </p>
   </div>
   <div class='ocr_carea' id='block_1_41' title="bbox 2057 1164 3635 1241">
    <p class='ocr_par' dir='ltr' id='par_1_41' title="bbox 2057 1164 3635 1241">
     <span class='ocr_line' id='line_1_41' title="bbox 2057 1164 3635 1241; baseline -0.006 -9"><span class='ocrx_word' id='word_1_306' title='bbox 2057 1164 2358 1232; x_wconf 80' lang='lat' dir='ltr'><strong>Salvatoris</strong></span> <span class='ocrx_word' id='word_1_307' title='bbox 2381 1174 2558 1231; x_wconf 89' lang='lat' dir='ltr'><strong>nostri</strong></span> <span class='ocrx_word' id='word_1_308' title='bbox 2583 1173 2641 1228; x_wconf 88' lang='lat' dir='ltr'><strong>in</strong></span> <span class='ocrx_word' id='word_1_309' title='bbox 2659 1170 2925 1227; x_wconf 91' lang='lat' dir='ltr'><strong>mundum</strong></span> <span class='ocrx_word' id='word_1_310' title='bbox 2944 1185 3045 1241; x_wconf 91' lang='lat' dir='ltr'><strong>per</strong></span> <span class='ocrx_word' id='word_1_311' title='bbox 3063 1183 3284 1225; x_wconf 88' lang='lat' dir='ltr'><strong>carnem</strong></span> <span class='ocrx_word' id='word_1_312' title='bbox 3305 1167 3635 1235; x_wconf 85' lang='lat' dir='ltr'><strong>adventum;</strong></span> 
     </span>
    </p>
   </div>
   <div class='ocr_carea' id='block_1_42' title="bbox 2054 1257 3640 1342">
    <p class='ocr_par' dir='ltr' id='par_1_42' title="bbox 2054 1257 3640 1342">
     <span class='ocr_line' id='line_1_42' title="bbox 2054 1257 3640 1342; baseline -0.009 -15"><span class='ocrx_word' id='word_1_313' title='bbox 2054 1278 2223 1342; x_wconf 88' lang='lat' dir='ltr'><strong>atque</strong></span> <span class='ocrx_word' id='word_1_314' title='bbox 2245 1270 2390 1325; x_wconf 91' lang='lat' dir='ltr'><strong>inter</strong></span> <span class='ocrx_word' id='word_1_315' title='bbox 2420 1267 2560 1323; x_wconf 90' lang='lat' dir='ltr'><strong>alios</strong></span> <span class='ocrx_word' id='word_1_316' title='bbox 2574 1264 2795 1322; x_wconf 83' lang='lat' dir='ltr'><strong>divinus</strong></span> <span class='ocrx_word' id='word_1_317' title='bbox 2810 1264 3042 1337; x_wconf 78' lang='lat' dir='ltr'><strong>Moyses,</strong></span> <span class='ocrx_word' id='word_1_318' title='bbox 3066 1261 3270 1333; x_wconf 88' lang='lat' dir='ltr'><strong>quique</strong></span> <span class='ocrx_word' id='word_1_319' title='bbox 3287 1259 3450 1331; x_wconf 80' lang='lat'><strong>189</strong></span> <span class='ocrx_word' id='word_1_320' title='bbox 3485 1257 3640 1314; x_wconf 86' lang='lat' dir='ltr'><strong>dein-</strong></span> 
     </span>
    </p>
   </div>
   <div class='ocr_carea' id='block_1_43' title="bbox 2055 1352 3641 1437">
    <p class='ocr_par' dir='ltr' id='par_1_43' title="bbox 2055 1352 3641 1437">
     <span class='ocr_line' id='line_1_43' title="bbox 2055 1352 3641 1437; baseline -0.008 -15"><span class='ocrx_word' id='word_1_321' title='bbox 2055 1381 2186 1437; x_wconf 87' lang='lat' dir='ltr'><strong>ceps</strong></span> <span class='ocrx_word' id='word_1_322' title='bbox 2217 1364 2513 1420; x_wconf 87' lang='lat' dir='ltr'><strong>rationales</strong></span> <span class='ocrx_word' id='word_1_323' title='bbox 2533 1377 2728 1435; x_wconf 78' lang='lat' dir='ltr'><strong>greges</strong></span> <span class='ocrx_word' id='word_1_324' title='bbox 2754 1366 3045 1432; x_wconf 85' lang='lat' dir='ltr'><strong>paverunt.</strong></span> <span class='ocrx_word' id='word_1_325' title='bbox 3068 1356 3339 1413; x_wconf 69' lang='lat' dir='ltr'><strong>Cteterum</strong></span> <span class='ocrx_word' id='word_1_326' title='bbox 3361 1352 3641 1425; x_wconf 63' lang='lat' dir='ltr'><strong>praecipuo</strong></span> 
     </span>
    </p>
   </div>
   <div class='ocr_carea' id='block_1_44' title="bbox 2055 1442 3641 1526">
    <p class='ocr_par' dir='ltr' id='par_1_44' title="bbox 2055 1442 3641 1526">
     <span class='ocr_line' id='line_1_44' title="bbox 2055 1442 3641 1526; baseline -0.007 -16"><span class='ocrx_word' id='word_1_327' title='bbox 2055 1454 2294 1526; x_wconf 88' lang='lat' dir='ltr'><strong>quodam</strong></span> <span class='ocrx_word' id='word_1_328' title='bbox 2329 1468 2516 1508; x_wconf 89' lang='lat' dir='ltr'><strong>amore</strong></span> <span class='ocrx_word' id='word_1_329' title='bbox 2540 1458 2867 1524; x_wconf 87' lang='lat' dir='ltr'><strong>prosecutus</strong></span> <span class='ocrx_word' id='word_1_330' title='bbox 2887 1455 2973 1505; x_wconf 88' lang='lat' dir='ltr'><strong>est</strong></span> <span class='ocrx_word' id='word_1_331' title='bbox 3005 1447 3179 1503; x_wconf 84' lang='lat' dir='ltr'><strong>illium</strong></span> <span class='ocrx_word' id='word_1_332' title='bbox 3209 1453 3387 1516; x_wconf 89' lang='lat' dir='ltr'><strong>pater,</strong></span> <span class='ocrx_word' id='word_1_333' title='bbox 3422 1442 3641 1500; x_wconf 86' lang='lat' dir='ltr'><strong>etiamsi</strong></span> 
     </span>
    </p>
   </div>
   <div class='ocr_carea' id='block_1_45' title="bbox 2054 1532 3643 1614">
    <p class='ocr_par' dir='ltr' id='par_1_45' title="bbox 2054 1532 3643 1614">
     <span class='ocr_line' id='line_1_45' title="bbox 2054 1532 3643 1614; baseline -0.008 -12"><span class='ocrx_word' id='word_1_334' title='bbox 2054 1545 2390 1602; x_wconf 85' lang='lat' dir='ltr'><strong>novissimus</strong></span> <span class='ocrx_word' id='word_1_335' title='bbox 2434 1543 2604 1600; x_wconf 87' lang='lat' dir='ltr'><strong>fuerit</strong></span> <span class='ocrx_word' id='word_1_336' title='bbox 2644 1550 2769 1614; x_wconf 90' lang='lat' dir='ltr'><strong>post</strong></span> <span class='ocrx_word' id='word_1_337' title='bbox 2805 1542 2962 1605; x_wconf 90' lang='lat' dir='ltr'><strong>alios,</strong></span> <span class='ocrx_word' id='word_1_338' title='bbox 3004 1547 3063 1595; x_wconf 91' lang='lat' dir='ltr'><strong>et</strong></span> <span class='ocrx_word' id='word_1_339' title='bbox 3102 1538 3160 1592; x_wconf 85' lang='lat' dir='ltr'><strong>in</strong></span> <span class='ocrx_word' id='word_1_340' title='bbox 3207 1535 3417 1590; x_wconf 81' lang='lat' dir='ltr'><strong>ultimis</strong></span> <span class='ocrx_word' id='word_1_341' title='bbox 3455 1532 3643 1591; x_wconf 68' lang='lat' dir='ltr'><strong>saeculi</strong></span> 
     </span>
    </p>
   </div>
   <div class='ocr_carea' id='block_1_46' title="bbox 2057 1626 3642 1707">
    <p class='ocr_par' dir='ltr' id='par_1_46' title="bbox 2057 1626 3642 1707">
     <span class='ocr_line' id='line_1_46' title="bbox 2057 1626 3642 1707; baseline -0.008 -14"><span class='ocrx_word' id='word_1_342' title='bbox 2057 1637 2420 1707; x_wconf 87' lang='lat' dir='ltr'><strong>temporibus.</strong></span> <span class='ocrx_word' id='word_1_343' title='bbox 2463 1635 2766 1692; x_wconf 88' lang='lat' dir='ltr'><strong>Conveniet</strong></span> <span class='ocrx_word' id='word_1_344' title='bbox 2805 1634 2992 1703; x_wconf 87' lang='lat' dir='ltr'><strong>itaque</strong></span> <span class='ocrx_word' id='word_1_345' title='bbox 3030 1628 3198 1687; x_wconf 88' lang='lat' dir='ltr'><strong>Iacob</strong></span> <span class='ocrx_word' id='word_1_346' title='bbox 3228 1628 3402 1682; x_wconf 87' lang='lat' dir='ltr'><strong>filium</strong></span> <span class='ocrx_word' id='word_1_347' title='bbox 3436 1626 3642 1682; x_wconf 83' lang='lat' dir='ltr'><strong>habere</strong></span> 
     </span>
    </p>
   </div>
   <div class='ocr_carea' id='block_1_47' title="bbox 2057 1719 3643 1796">
    <p class='ocr_par' dir='ltr' id='par_1_47' title="bbox 2057 1719 3643 1796">
     <span class='ocr_line' id='line_1_47' title="bbox 2057 1719 3643 1796; baseline -0.008 -11"><span class='ocrx_word' id='word_1_348' title='bbox 2057 1728 2360 1785; x_wconf 88' lang='lat' dir='ltr'><strong>senectutis</strong></span> <span class='ocrx_word' id='word_1_349' title='bbox 2379 1726 2605 1796; x_wconf 90' lang='lat' dir='ltr'><strong>Ioseph.</strong></span> <span class='ocrx_word' id='word_1_350' title='bbox 2630 1726 2777 1781; x_wconf 90' lang='lat' dir='ltr'><strong>Deus</strong></span> <span class='ocrx_word' id='word_1_351' title='bbox 2804 1731 2989 1780; x_wconf 86' lang='lat' dir='ltr'><strong>autem</strong></span> <span class='ocrx_word' id='word_1_352' title='bbox 3020 1736 3302 1792; x_wconf 79' lang='lat' dir='ltr'><strong>nunquam</strong></span> <span class='ocrx_word' id='word_1_353' title='bbox 3328 1719 3568 1775; x_wconf 86' lang='lat' dir='ltr'><strong>senescit</strong></span> <span class='ocrx_word' id='word_1_354' title='bbox 3586 1726 3643 1773; x_wconf 89' lang='lat' dir='ltr'><strong>et</strong></span> 
     </span>
    </p>
   </div>
   <div class='ocr_carea' id='block_1_48' title="bbox 2057 1811 3642 1887">
    <p class='ocr_par' dir='ltr' id='par_1_48' title="bbox 2057 1811 3642 1887">
     <span class='ocr_line' id='line_1_48' title="bbox 2057 1811 3642 1887; baseline -0.004 -16"><span class='ocrx_word' id='word_1_355' title='bbox 2057 1816 2333 1887; x_wconf 90' lang='lat' dir='ltr'><strong>principio</strong></span> <span class='ocrx_word' id='word_1_356' title='bbox 2369 1824 2541 1880; x_wconf 87' lang='lat' dir='ltr'><strong>caret,</strong></span> <span class='ocrx_word' id='word_1_357' title='bbox 2567 1830 2745 1885; x_wconf 91' lang='lat' dir='ltr'><strong>neque</strong></span> <span class='ocrx_word' id='word_1_358' title='bbox 2780 1814 3120 1869; x_wconf 85' lang='lat' dir='ltr'><strong>incrementa</strong></span> <span class='ocrx_word' id='word_1_359' title='bbox 3155 1811 3377 1882; x_wconf 90' lang='lat' dir='ltr'><strong>accipit,</strong></span> <span class='ocrx_word' id='word_1_360' title='bbox 3412 1818 3468 1865; x_wconf 91' lang='lat' dir='ltr'><strong>et</strong></span> <span class='ocrx_word' id='word_1_361' title='bbox 3496 1824 3642 1865; x_wconf 88' lang='lat' dir='ltr'><strong>sem-</strong></span> 
     </span>
    </p>
   </div>
   <div class='ocr_carea' id='block_1_49' title="bbox 2056 1903 3641 1981">
    <p class='ocr_par' dir='ltr' id='par_1_49' title="bbox 2056 1903 3641 1981">
     <span class='ocr_line' id='line_1_49' title="bbox 2056 1903 3641 1981; baseline -0.005 -16"><span class='ocrx_word' id='word_1_362' title='bbox 2056 1924 2159 1980; x_wconf 90' lang='lat' dir='ltr'><strong>per</strong></span> <span class='ocrx_word' id='word_1_363' title='bbox 2182 1919 2268 1965; x_wconf 89' lang='lat' dir='ltr'><strong>est</strong></span> <span class='ocrx_word' id='word_1_364' title='bbox 2303 1910 2565 1966; x_wconf 85' lang='lat' dir='ltr'><strong>omnibus</strong></span> <span class='ocrx_word' id='word_1_365' title='bbox 2589 1909 2839 1981; x_wconf 90' lang='lat' dir='ltr'><strong>partibus</strong></span> <span class='ocrx_word' id='word_1_366' title='bbox 2862 1907 3316 1979; x_wconf 85' lang='lat' dir='ltr'><strong>perfectissimus.</strong></span> <span class='ocrx_word' id='word_1_367' title='bbox 3352 1903 3641 1972; x_wconf 87' lang='lat' dir='ltr'><strong>Quocirca,</strong></span> 
     </span>
    </p>
   </div>
   <div class='ocr_carea' id='block_1_50' title="bbox 2058 1998 3641 2066">
    <p class='ocr_par' dir='ltr' id='par_1_50' title="bbox 2058 1998 3641 2066">
     <span class='ocr_line' id='line_1_50' title="bbox 2058 1998 3641 2066; baseline -0.003 -9"><span class='ocrx_word' id='word_1_368' title='bbox 2058 2016 2129 2057; x_wconf 89' lang='lat' dir='ltr'><strong>ne</strong></span> <span class='ocrx_word' id='word_1_369' title='bbox 2170 2017 2354 2057; x_wconf 89' lang='lat' dir='ltr'><strong>sermo</strong></span> <span class='ocrx_word' id='word_1_370' title='bbox 2395 2019 2426 2057; x_wconf 91' lang='lat' dir='ltr'><strong>a</strong></span> <span class='ocrx_word' id='word_1_371' title='bbox 2468 2012 2621 2058; x_wconf 90' lang='lat' dir='ltr'><strong>recto</strong></span> <span class='ocrx_word' id='word_1_372' title='bbox 2667 2002 2918 2066; x_wconf 86' lang='lat' dir='ltr'><strong>aberret,</strong></span> <span class='ocrx_word' id='word_1_373' title='bbox 2955 2001 3191 2057; x_wconf 91' lang='lat' dir='ltr'><strong>dicimus</strong></span> <span class='ocrx_word' id='word_1_374' title='bbox 3230 1998 3641 2057; x_wconf 88' lang='lat' dir='ltr'><strong>Emmanuelem</strong></span> 
     </span>
    </p>
   </div>
   <div class='ocr_carea' id='block_1_51' title="bbox 2059 2091 3643 2163">
    <p class='ocr_par' dir='ltr' id='par_1_51' title="bbox 2059 2091 3643 2163">
     <span class='ocr_line' id='line_1_51' title="bbox 2059 2091 3643 2163; baseline 0 -16"><span class='ocrx_word' id='word_1_375' title='bbox 2059 2094 2461 2163; x_wconf 87' lang='lat' dir='ltr'><strong>quodammodo</strong></span> <span class='ocrx_word' id='word_1_376' title='bbox 2492 2095 2691 2150; x_wconf 87' lang='lat' dir='ltr'><strong>Filium</strong></span> <span class='ocrx_word' id='word_1_377' title='bbox 2732 2093 3034 2149; x_wconf 87' lang='lat' dir='ltr'><strong>senectutis</strong></span> <span class='ocrx_word' id='word_1_378' title='bbox 3072 2093 3221 2148; x_wconf 88' lang='lat' dir='ltr'><strong>Patri</strong></span> <span class='ocrx_word' id='word_1_379' title='bbox 3253 2091 3550 2158; x_wconf 82' lang='lat' dir='ltr'><strong>exstitisse,</strong></span> <span class='ocrx_word' id='word_1_380' title='bbox 3575 2105 3643 2147; x_wconf 84' lang='lat' dir='ltr'><strong>eo</strong></span> 
     </span>
    </p>
   </div>
   <div class='ocr_carea' id='block_1_52' title="bbox 2060 2184 3646 2256">
    <p class='ocr_par' dir='ltr' id='par_1_52' title="bbox 2060 2184 3646 2256">
     <span class='ocr_line' id='line_1_52' title="bbox 2060 2184 3646 2256; baseline -0.001 -16"><span class='ocrx_word' id='word_1_381' title='bbox 2060 2186 2209 2256; x_wconf 89' lang='lat' dir='ltr'><strong>quod</strong></span> <span class='ocrx_word' id='word_1_382' title='bbox 2234 2187 2292 2241; x_wconf 90' lang='lat' dir='ltr'><strong>in</strong></span> <span class='ocrx_word' id='word_1_383' title='bbox 2316 2187 2526 2242; x_wconf 85' lang='lat' dir='ltr'><strong>ultimis</strong></span> <span class='ocrx_word' id='word_1_384' title='bbox 2550 2187 2736 2244; x_wconf 68' lang='lat' dir='ltr'><strong>saeculi</strong></span> <span class='ocrx_word' id='word_1_385' title='bbox 2768 2184 3110 2255; x_wconf 89' lang='lat' dir='ltr'><strong>temporibus</strong></span> <span class='ocrx_word' id='word_1_386' title='bbox 3133 2184 3470 2255; x_wconf 87' lang='lat' dir='ltr'><strong>apparuerit,</strong></span> <span class='ocrx_word' id='word_1_387' title='bbox 3506 2198 3646 2253; x_wconf 75' lang='lat' dir='ltr'><strong>pm-</strong></span> 
     </span>
    </p>
   </div>
   <div class='ocr_carea' id='block_1_53' title="bbox 2061 2277 3644 2351">
    <p class='ocr_par' dir='ltr' id='par_1_53' title="bbox 2061 2277 3644 2351">
     <span class='ocr_line' id='line_1_53' title="bbox 2061 2277 3644 2351; baseline 0 -18"><span class='ocrx_word' id='word_1_388' title='bbox 2061 2279 2235 2334; x_wconf 88' lang='lat' dir='ltr'><strong>sentis</strong></span> <span class='ocrx_word' id='word_1_389' title='bbox 2256 2280 2542 2346; x_wconf 89' lang='lat' dir='ltr'><strong>nimirum,</strong></span> <span class='ocrx_word' id='word_1_390' title='bbox 2566 2288 2623 2335; x_wconf 92' lang='lat' dir='ltr'><strong>et</strong></span> <span class='ocrx_word' id='word_1_391' title='bbox 2650 2281 2779 2351; x_wconf 86' lang='lat' dir='ltr'><strong>quia</strong></span> <span class='ocrx_word' id='word_1_392' title='bbox 2816 2287 2942 2350; x_wconf 90' lang='lat' dir='ltr'><strong>post</strong></span> <span class='ocrx_word' id='word_1_393' title='bbox 2966 2278 3145 2349; x_wconf 90' lang='lat' dir='ltr'><strong>ipsum</strong></span> <span class='ocrx_word' id='word_1_394' title='bbox 3168 2277 3311 2333; x_wconf 89' lang='lat' dir='ltr'><strong>alius</strong></span> <span class='ocrx_word' id='word_1_395' title='bbox 3325 2292 3509 2333; x_wconf 90' lang='lat' dir='ltr'><strong>nemo.</strong></span> <span class='ocrx_word' id='word_1_396' title='bbox 3534 2277 3644 2333; x_wconf 88' lang='lat' dir='ltr'><strong>Ne-</strong></span> 
     </span>
    </p>
   </div>
   <div class='ocr_carea' id='block_1_54' title="bbox 2061 2367 3648 2442">
    <p class='ocr_par' dir='ltr' id='par_1_54' title="bbox 2061 2367 3648 2442">
     <span class='ocr_line' id='line_1_54' title="bbox 2061 2367 3648 2442; baseline -0.001 -17"><span class='ocrx_word' id='word_1_397' title='bbox 2061 2385 2170 2441; x_wconf 90' lang='lat' dir='ltr'><strong>que</strong></span> <span class='ocrx_word' id='word_1_398' title='bbox 2191 2370 2338 2426; x_wconf 90' lang='lat' dir='ltr'><strong>enim</strong></span> <span class='ocrx_word' id='word_1_399' title='bbox 2361 2371 2418 2426; x_wconf 88' lang='lat' dir='ltr'><strong>in</strong></span> <span class='ocrx_word' id='word_1_400' title='bbox 2437 2372 2547 2427; x_wconf 89' lang='lat' dir='ltr'><strong>alio</strong></span> <span class='ocrx_word' id='word_1_401' title='bbox 2565 2372 2762 2427; x_wconf 85' lang='lat' dir='ltr'><strong>salvari</strong></span> <span class='ocrx_word' id='word_1_402' title='bbox 2782 2377 3166 2442; x_wconf 77' lang='lat' dir='ltr'><strong>exspectamus</strong></span> <span class='ocrx_word' id='word_1_403' title='bbox 3186 2369 3255 2423; x_wconf 85' lang='grc'><strong>⁹⁷.</strong></span> <span class='ocrx_word' id='word_1_404' title='bbox 3286 2367 3498 2425; x_wconf 76' lang='lat' dir='ltr'><strong>Sufﬁcit</strong></span> <span class='ocrx_word' id='word_1_405' title='bbox 3514 2384 3648 2424; x_wconf 88' lang='lat' dir='ltr'><strong>vero</strong></span> 
     </span>
    </p>
   </div>
   <div class='ocr_carea' id='block_1_55' title="bbox 2059 2461 3647 2534">
    <p class='ocr_par' dir='ltr' id='par_1_55' title="bbox 2059 2461 3647 2534">
     <span class='ocr_line' id='line_1_55' title="bbox 2059 2461 3647 2534; baseline -0.001 -17"><span class='ocrx_word' id='word_1_406' title='bbox 2059 2463 2235 2527; x_wconf 90' lang='lat' dir='ltr'><strong>solus,</strong></span> <span class='ocrx_word' id='word_1_407' title='bbox 2262 2463 2393 2534; x_wconf 89' lang='lat' dir='ltr'><strong>quia</strong></span> <span class='ocrx_word' id='word_1_408' title='bbox 2426 2479 2607 2534; x_wconf 90' lang='lat' dir='ltr'><strong>neque</strong></span> <span class='ocrx_word' id='word_1_409' title='bbox 2640 2464 2697 2519; x_wconf 93' lang='lat' dir='ltr'><strong>in</strong></span> <span class='ocrx_word' id='word_1_410' title='bbox 2729 2464 2837 2519; x_wconf 89' lang='lat' dir='ltr'><strong>alio</strong></span> <span class='ocrx_word' id='word_1_411' title='bbox 2866 2466 3027 2519; x_wconf 88' lang='lat' dir='ltr'><strong>sitam</strong></span> <span class='ocrx_word' id='word_1_412' title='bbox 3052 2478 3176 2520; x_wconf 89' lang='lat' dir='ltr'><strong>esse</strong></span> <span class='ocrx_word' id='word_1_413' title='bbox 3197 2461 3435 2519; x_wconf 88' lang='lat' dir='ltr'><strong>dicimus</strong></span> <span class='ocrx_word' id='word_1_414' title='bbox 3457 2461 3647 2518; x_wconf 85' lang='lat' dir='ltr'><strong>mundi</strong></span> 
     </span>
    </p>
   </div>
   <div class='ocr_carea' id='block_1_56' title="bbox 2061 2555 3647 2628">
    <p class='ocr_par' dir='ltr' id='par_1_56' title="bbox 2061 2555 3647 2628">
     <span class='ocr_line' id='line_1_56' title="bbox 2061 2555 3647 2628; baseline 0.001 -19"><span class='ocrx_word' id='word_1_415' title='bbox 2061 2555 2296 2611; x_wconf 86' lang='lat' dir='ltr'><strong>salutem</strong></span> <span class='ocrx_word' id='word_1_416' title='bbox 2343 2571 2409 2613; x_wconf 90' lang='lat' dir='ltr'><strong>ac</strong></span> <span class='ocrx_word' id='word_1_417' title='bbox 2432 2557 2622 2612; x_wconf 87' lang='lat' dir='ltr'><strong>vitam.</strong></span> <span class='ocrx_word' id='word_1_418' title='bbox 2648 2556 2769 2627; x_wconf 82' lang='lat' dir='ltr'><strong>ipse</strong></span> <span class='ocrx_word' id='word_1_419' title='bbox 2792 2556 2976 2628; x_wconf 85' lang='lat' dir='ltr'><strong>itaque</strong></span> <span class='ocrx_word' id='word_1_420' title='bbox 3001 2571 3103 2612; x_wconf 88' lang='lat' dir='ltr'><strong>nos</strong></span> <span class='ocrx_word' id='word_1_421' title='bbox 3131 2557 3190 2611; x_wconf 90' lang='lat' dir='ltr'><strong>in</strong></span> <span class='ocrx_word' id='word_1_422' title='bbox 3214 2555 3413 2613; x_wconf 70' lang='lat' dir='ltr'><strong>saecula</strong></span> <span class='ocrx_word' id='word_1_423' title='bbox 3430 2564 3647 2627; x_wconf 85' lang='lat' dir='ltr'><strong>.pascet,</strong></span> 
     </span>
    </p>
   </div>
   <div class='ocr_carea' id='block_1_57' title="bbox 2059 2645 3652 2718">
    <p class='ocr_par' dir='ltr' id='par_1_57' title="bbox 2059 2645 3652 2718">
     <span class='ocr_line' id='line_1_57' title="bbox 2059 2645 3652 2718; baseline 0.002 -18"><span class='ocrx_word' id='word_1_424' title='bbox 2059 2645 2212 2717; x_wconf 82' lang='lat' dir='ltr'><strong>juxta</strong></span> <span class='ocrx_word' id='word_1_425' title='bbox 2233 2646 2535 2703; x_wconf 65' lang='lat' dir='ltr'><strong>Psalmistaa</strong></span> <span class='ocrx_word' id='word_1_426' title='bbox 2549 2662 2741 2703; x_wconf 89' lang='lat' dir='ltr'><strong>vocem</strong></span> <span class='ocrx_word' id='word_1_427' title='bbox 2762 2647 2832 2713; x_wconf 76' lang='lat'><strong>“,</strong></span> <span class='ocrx_word' id='word_1_428' title='bbox 2852 2646 3170 2718; x_wconf 80' lang='lat' dir='ltr'><strong>subditique</strong></span> <span class='ocrx_word' id='word_1_429' title='bbox 3211 2648 3423 2703; x_wconf 90' lang='lat' dir='ltr'><strong>erimus</strong></span> <span class='ocrx_word' id='word_1_430' title='bbox 3441 2646 3548 2718; x_wconf 91' lang='lat' dir='ltr'><strong>ipsi</strong></span> <span class='ocrx_word' id='word_1_431' title='bbox 3569 2646 3652 2703; x_wconf 83' lang='lat' dir='ltr'><strong>di-</strong></span> 
     </span>
    </p>
   </div>
   <div class='ocr_carea' id='block_1_58' title="bbox 2061 2735 3652 2809">
    <p class='ocr_par' dir='ltr' id='par_1_58' title="bbox 2061 2735 3652 2809">
     <span class='ocr_line' id='line_1_58' title="bbox 2061 2735 3652 2809; baseline 0.002 -18"><span class='ocrx_word' id='word_1_432' title='bbox 2061 2735 2227 2801; x_wconf 90' lang='lat' dir='ltr'><strong>lecto,</strong></span> <span class='ocrx_word' id='word_1_433' title='bbox 2254 2737 2351 2807; x_wconf 88' lang='lat' dir='ltr'><strong>qui</strong></span> <span class='ocrx_word' id='word_1_434' title='bbox 2380 2737 2637 2808; x_wconf 89' lang='lat' dir='ltr'><strong>apparuit</strong></span> <span class='ocrx_word' id='word_1_435' title='bbox 2656 2736 2882 2807; x_wconf 88' lang='lat' dir='ltr'><strong>quidem</strong></span> <span class='ocrx_word' id='word_1_436' title='bbox 2902 2737 2959 2793; x_wconf 90' lang='lat' dir='ltr'><strong>in</strong></span> <span class='ocrx_word' id='word_1_437' title='bbox 2990 2736 3202 2793; x_wconf 85' lang='lat' dir='ltr'><strong>ultimis</strong></span> <span class='ocrx_word' id='word_1_438' title='bbox 3225 2738 3410 2793; x_wconf 66' lang='lat' dir='ltr'><strong>saeculi</strong></span> <span class='ocrx_word' id='word_1_439' title='bbox 3439 2745 3652 2809; x_wconf 80' lang='lat' dir='ltr'><strong>tempo-</strong></span> 
     </span>
    </p>
   </div>
   <div class='ocr_carea' id='block_1_59' title="bbox 2063 2826 3658 2900">
    <p class='ocr_par' dir='ltr' id='par_1_59' title="bbox 2063 2826 3658 2900">
     <span class='ocr_line' id='line_1_59' title="bbox 2063 2826 3658 2900; baseline 0.001 -19"><span class='ocrx_word' id='word_1_440' title='bbox 2063 2826 2242 2893; x_wconf 87' lang='lat' dir='ltr'><strong>ribus,</strong></span> <span class='ocrx_word' id='word_1_441' title='bbox 2272 2836 2331 2882; x_wconf 92' lang='lat' dir='ltr'><strong>ut</strong></span> <span class='ocrx_word' id='word_1_442' title='bbox 2363 2829 2528 2884; x_wconf 89' lang='lat' dir='ltr'><strong>modo</strong></span> <span class='ocrx_word' id='word_1_443' title='bbox 2563 2828 2701 2894; x_wconf 83' lang='lat' dir='ltr'><strong>dixi,</strong></span> <span class='ocrx_word' id='word_1_444' title='bbox 2737 2843 2905 2885; x_wconf 86' lang='lat' dir='ltr'><strong>carne</strong></span> <span class='ocrx_word' id='word_1_445' title='bbox 2941 2837 3241 2899; x_wconf 87' lang='lat' dir='ltr'><strong>assumpta,</strong></span> <span class='ocrx_word' id='word_1_446' title='bbox 3266 2829 3658 2900; x_wconf 60' lang='lat' dir='ltr'><strong>praesistebat</strong></span> 
     </span>
    </p>
   </div>
   <div class='ocr_carea' id='block_1_60' title="bbox 2064 2919 3655 2976">
    <p class='ocr_par' dir='ltr' id='par_1_60' title="bbox 2064 2919 3655 2976">
     <span class='ocr_line' id='line_1_60' title="bbox 2064 2919 3655 2976; baseline 0.002 -3"><span class='ocrx_word' id='word_1_447' title='bbox 2064 2933 2132 2973; x_wconf 88' lang='lat' dir='ltr'><strong>au</strong></span> <span class='ocrx_word' id='word_1_448' title='bbox 2141 2926 2248 2974; x_wconf 90' lang='lat' dir='ltr'><strong>tem</strong></span> <span class='ocrx_word' id='word_1_449' title='bbox 2262 2920 2501 2975; x_wconf 88' lang='lat' dir='ltr'><strong>utDeus.</strong></span> <span class='ocrx_word' id='word_1_450' title='bbox 2512 2919 2916 2976; x_wconf 89' lang='lat' dir='ltr'><strong>Dicimusenim</strong></span> <span class='ocrx_word' id='word_1_451' title='bbox 2927 2934 3185 2976; x_wconf 83' lang='lat' dir='ltr'><strong>cumesse</strong></span> <span class='ocrx_word' id='word_1_452' title='bbox 3201 2930 3534 2976; x_wconf 63' lang='lat' dir='ltr'><strong>coaternum</strong></span> <span class='ocrx_word' id='word_1_453' title='bbox 3553 2920 3655 2976; x_wconf 84' lang='lat' dir='ltr'><strong>Pa-</strong></span> 
     </span>
    </p>
   </div>
   <div class='ocr_carea' id='block_1_61' title="bbox 2066 3008 3652 3082">
    <p class='ocr_par' dir='ltr' id='par_1_61' title="bbox 2066 3008 3652 3082">
     <span class='ocr_line' id='line_1_61' title="bbox 2066 3008 3652 3082; baseline 0.002 -18"><span class='ocrx_word' id='word_1_454' title='bbox 2066 3009 2160 3064; x_wconf 81' lang='lat' dir='ltr'><strong>tri.</strong></span> <span class='ocrx_word' id='word_1_455' title='bbox 2183 3008 2454 3076; x_wconf 86' lang='lat' dir='ltr'><strong>Quocirca</strong></span> <span class='ocrx_word' id='word_1_456' title='bbox 2471 3010 2708 3067; x_wconf 89' lang='lat' dir='ltr'><strong>dilectus</strong></span> <span class='ocrx_word' id='word_1_457' title='bbox 2730 3011 2955 3081; x_wconf 90' lang='lat' dir='ltr'><strong>quidem</strong></span> <span class='ocrx_word' id='word_1_458' title='bbox 2974 3018 3061 3067; x_wconf 90' lang='lat' dir='ltr'><strong>est</strong></span> <span class='ocrx_word' id='word_1_459' title='bbox 3083 3027 3114 3067; x_wconf 89' lang='lat' dir='ltr'><strong>a</strong></span> <span class='ocrx_word' id='word_1_460' title='bbox 3139 3018 3296 3082; x_wconf 85' lang='lat' dir='ltr'><strong>patre</strong></span> <span class='ocrx_word' id='word_1_461' title='bbox 3319 3012 3652 3067; x_wconf 76' lang='lat' dir='ltr'><strong>excellenter</strong></span> 
     </span>
    </p>
   </div>
   <div class='ocr_carea' id='block_1_62' title="bbox 381 3091 1967 3189">
    <p class='ocr_par' dir='ltr' id='par_1_62' title="bbox 381 3091 1965 3168">
     <span class='ocr_line' id='line_1_62' title="bbox 381 3091 1965 3168; baseline 0.001 -20"><span class='ocrx_word' id='word_1_462' title='bbox 381 3097 598 3167; x_wconf 82' lang='grc' dir='ltr'>κόσμου</span> <span class='ocrx_word' id='word_1_463' title='bbox 648 3096 923 3166; x_wconf 84' lang='grc' dir='ltr'>σωτηρίαν</span> <span class='ocrx_word' id='word_1_464' title='bbox 980 3096 1075 3149; x_wconf 78' lang='grc' dir='ltr'><strong>καὶ</strong></span> <span class='ocrx_word' id='word_1_465' title='bbox 1115 3094 1282 3167; x_wconf 82' lang='grc' dir='ltr'>ζωήν.</span> <span class='ocrx_word' id='word_1_466' title='bbox 1343 3096 1514 3160; x_wconf 77' lang='grc' dir='ltr'>Αὐτὸς</span> <span class='ocrx_word' id='word_1_467' title='bbox 1557 3091 1651 3151; x_wconf 78' lang='grc' dir='ltr'><strong>οὖν</strong></span> <span class='ocrx_word' id='word_1_468' title='bbox 1688 3098 1840 3168; x_wconf 76' lang='grc' dir='ltr'>ἡμᾶς</span> <span class='ocrx_word' id='word_1_469' title='bbox 1885 3099 1965 3161; x_wconf 86' lang='grc' dir='ltr'><strong>είς</strong></span> 
     </span>
    </p>
   </div>
   <div class='ocr_carea' id='block_1_63' title="bbox 2067 3091 3656 3189">
    <p class='ocr_par' dir='ltr' id='par_1_63' title="bbox 2067 3103 3656 3175">
     <span class='ocr_line' id='line_1_63' title="bbox 2067 3103 3656 3175; baseline 0.001 -15"><span class='ocrx_word' id='word_1_470' title='bbox 2067 3103 2289 3175; x_wconf 88' lang='lat' dir='ltr'><strong>Ioseph.</strong></span> <span class='ocrx_word' id='word_1_471' title='bbox 2320 3104 2539 3160; x_wconf 79' lang='lat' dir='ltr'><strong>Vestem</strong></span> <span class='ocrx_word' id='word_1_472' title='bbox 2568 3112 2753 3160; x_wconf 89' lang='lat' dir='ltr'><strong>autem</strong></span> <span class='ocrx_word' id='word_1_473' title='bbox 2789 3103 2892 3175; x_wconf 91' lang='lat' dir='ltr'><strong>ipsi</strong></span> <span class='ocrx_word' id='word_1_474' title='bbox 2913 3104 3069 3160; x_wconf 89' lang='lat' dir='ltr'><strong>dedit</strong></span> <span class='ocrx_word' id='word_1_475' title='bbox 3091 3104 3322 3171; x_wconf 88' lang='lat' dir='ltr'><strong>variam,</strong></span> <span class='ocrx_word' id='word_1_476' title='bbox 3347 3105 3520 3162; x_wconf 90' lang='lat' dir='ltr'><strong>veluti</strong></span> <span class='ocrx_word' id='word_1_477' title='bbox 3539 3105 3656 3161; x_wconf 77' lang='lat' dir='ltr'><strong>exi-</strong></span> 
     </span>
    </p>
   </div>
   <div class='ocr_carea' id='block_1_64' title="bbox 381 3185 1965 3259">
    <p class='ocr_par' dir='ltr' id='par_1_64' title="bbox 381 3185 1965 3259">
     <span class='ocr_line' id='line_1_64' title="bbox 381 3185 1965 3259; baseline -0.001 -17"><span class='ocrx_word' id='word_1_478' title='bbox 381 3187 599 3249; x_wconf 78' lang='grc' dir='ltr'>αίῶνας</span> <span class='ocrx_word' id='word_1_479' title='bbox 633 3189 909 3257; x_wconf 75' lang='grc' dir='ltr'>ποιμανεῖ.</span> <span class='ocrx_word' id='word_1_480' title='bbox 952 3186 1092 3241; x_wconf 83' lang='grc' dir='ltr'><strong>κατά</strong></span> <span class='ocrx_word' id='word_1_481' title='bbox 1117 3186 1215 3259; x_wconf 70' lang='grc' dir='ltr'>τὴν</span> <span class='ocrx_word' id='word_1_482' title='bbox 1268 3185 1365 3259; x_wconf 82' lang='grc' dir='ltr'>τοῦ</span> <span class='ocrx_word' id='word_1_483' title='bbox 1403 3187 1712 3252; x_wconf 77' lang='grc' dir='ltr'>Ψάλλοντος</span> <span class='ocrx_word' id='word_1_484' title='bbox 1760 3187 1965 3259; x_wconf 85' lang='grc' dir='ltr'>φωνὴν,</span> 
     </span>
    </p>
   </div>
   <div class='ocr_carea' id='block_1_65' title="bbox 380 3279 1970 3357">
    <p class='ocr_par' dir='ltr' id='par_1_65' title="bbox 380 3279 1970 3357">
     <span class='ocr_line' id='line_1_65' title="bbox 380 3279 1970 3357; baseline -0.001 -21"><span class='ocrx_word' id='word_1_485' title='bbox 380 3282 482 3336; x_wconf 76' lang='grc' dir='ltr'><strong>καὶ</strong></span> <span class='ocrx_word' id='word_1_486' title='bbox 526 3279 623 3335; x_wconf 82' lang='grc' dir='ltr'>ὑπ’</span> <span class='ocrx_word' id='word_1_487' title='bbox 681 3279 834 3351; x_wconf 83' lang='grc' dir='ltr'>αὐτῷ</span> <span class='ocrx_word' id='word_1_488' title='bbox 884 3279 1179 3351; x_wconf 82' lang='grc' dir='ltr'>κεισόμεθα</span> <span class='ocrx_word' id='word_1_489' title='bbox 1237 3279 1314 3351; x_wconf 82' lang='grc' dir='ltr'>τῷ</span> <span class='ocrx_word' id='word_1_490' title='bbox 1372 3281 1665 3357; x_wconf 78' lang='grc' dir='ltr'>ἀγαπητῷ,</span> <span class='ocrx_word' id='word_1_491' title='bbox 1704 3281 1970 3353; x_wconf 80' lang='grc' dir='ltr'>πεφηνότι</span> 
     </span>
    </p>
   </div>
   <div class='ocr_carea' id='block_1_66' title="bbox 385 3370 1971 3446">
    <p class='ocr_par' dir='ltr' id='par_1_66' title="bbox 385 3370 1971 3446">
     <span class='ocr_line' id='line_1_66' title="bbox 385 3370 1971 3446; baseline -0.002 -19"><span class='ocrx_word' id='word_1_492' title='bbox 385 3374 488 3446; x_wconf 75' lang='grc' dir='ltr'>μὲν</span> <span class='ocrx_word' id='word_1_493' title='bbox 543 3375 601 3427; x_wconf 85' lang='grc' dir='ltr'><strong>ἐν</strong></span> <span class='ocrx_word' id='word_1_494' title='bbox 651 3374 901 3444; x_wconf 84' lang='grc' dir='ltr'>ἐσχάτοις</span> <span class='ocrx_word' id='word_1_495' title='bbox 944 3372 1039 3427; x_wconf 76' lang='grc' dir='ltr'>τοῦ</span> <span class='ocrx_word' id='word_1_496' title='bbox 1068 3373 1263 3436; x_wconf 83' lang='grc' dir='ltr'>αἰῶνος</span> <span class='ocrx_word' id='word_1_497' title='bbox 1304 3375 1533 3443; x_wconf 85' lang='grc' dir='ltr'>καιροῖς,</span> <span class='ocrx_word' id='word_1_498' title='bbox 1561 3370 1811 3445; x_wconf 73' lang='grc' dir='ltr'>καθάπερ</span> <span class='ocrx_word' id='word_1_499' title='bbox 1835 3372 1971 3442; x_wconf 77' lang='grc' dir='ltr'>ἔφην</span> 
     </span>
    </p>
   </div>
   <div class='ocr_carea' id='block_1_67' title="bbox 382 3462 1967 3538">
    <p class='ocr_par' dir='ltr' id='par_1_67' title="bbox 382 3462 1967 3538">
     <span class='ocr_line' id='line_1_67' title="bbox 382 3462 1967 3538; baseline -0.002 -18"><span class='ocrx_word' id='word_1_500' title='bbox 382 3465 633 3538; x_wconf 77' lang='grc' dir='ltr'>ἀρτίως,</span> <span class='ocrx_word' id='word_1_501' title='bbox 686 3464 820 3535; x_wconf 84' lang='grc' dir='ltr'><strong>μετά</strong></span> <span class='ocrx_word' id='word_1_502' title='bbox 870 3464 1101 3535; x_wconf 75' lang='grc' dir='ltr'>σαρκὸς,</span> <span class='ocrx_word' id='word_1_503' title='bbox 1158 3463 1595 3535; x_wconf 83' lang='grc' dir='ltr'>προῦφεστηκότι</span> <span class='ocrx_word' id='word_1_504' title='bbox 1629 3463 1687 3516; x_wconf 89' lang='grc' dir='ltr'><strong>δέ</strong></span> <span class='ocrx_word' id='word_1_505' title='bbox 1727 3465 1802 3527; x_wconf 85' lang='grc' dir='ltr'>ὡς</span> <span class='ocrx_word' id='word_1_506' title='bbox 1828 3462 1967 3533; x_wconf 80' lang='grc' dir='ltr'>Θεῷ.</span> 
     </span>
    </p>
   </div>
   <div class='ocr_carea' id='block_1_68' title="bbox 383 3552 1974 3628">
    <p class='ocr_par' dir='ltr' id='par_1_68' title="bbox 383 3552 1974 3628">
     <span class='ocr_line' id='line_1_68' title="bbox 383 3552 1974 3628; baseline -0.002 -16"><span class='ocrx_word' id='word_1_507' title='bbox 383 3557 577 3628; x_wconf 73' lang='grc' dir='ltr'>Φαμὲν</span> <span class='ocrx_word' id='word_1_508' title='bbox 596 3556 707 3627; x_wconf 83' lang='grc' dir='ltr'><strong>γάρ</strong></span> <span class='ocrx_word' id='word_1_509' title='bbox 731 3552 869 3609; x_wconf 80' lang='grc' dir='ltr'>εἶναι</span> <span class='ocrx_word' id='word_1_510' title='bbox 889 3557 966 3626; x_wconf 71' lang='grc' dir='ltr'>τῷ</span> <span class='ocrx_word' id='word_1_511' title='bbox 987 3556 1160 3626; x_wconf 75' lang='grc' dir='ltr'>Πατρὶ</span> <span class='ocrx_word' id='word_1_512' title='bbox 1183 3554 1471 3608; x_wconf 76' lang='grc' dir='ltr'>συνατδιον.</span> <span class='ocrx_word' id='word_1_513' title='bbox 1489 3554 1698 3608; x_wconf 71' lang='grc' dir='ltr'>Οὐκοῦν</span> <span class='ocrx_word' id='word_1_514' title='bbox 1719 3557 1974 3625; x_wconf 72' lang='grc' dir='ltr'>ἠγαπᾶτο</span> 
     </span>
    </p>
   </div>
   <div class='ocr_carea' id='block_1_69' title="bbox 387 3646 1973 3720">
    <p class='ocr_par' dir='ltr' id='par_1_69' title="bbox 387 3646 1973 3720">
     <span class='ocr_line' id='line_1_69' title="bbox 387 3646 1973 3720; baseline -0.001 -17"><span class='ocrx_word' id='word_1_515' title='bbox 387 3650 493 3720; x_wconf 78' lang='grc' dir='ltr'>μὲν</span> <span class='ocrx_word' id='word_1_516' title='bbox 522 3647 677 3718; x_wconf 85' lang='grc' dir='ltr'><strong>παρά</strong></span> <span class='ocrx_word' id='word_1_517' title='bbox 701 3648 795 3701; x_wconf 75' lang='grc' dir='ltr'>τοῦ</span> <span class='ocrx_word' id='word_1_518' title='bbox 819 3647 1024 3719; x_wconf 71' lang='grc' dir='ltr'>πατρὸς</span> <span class='ocrx_word' id='word_1_519' title='bbox 1052 3646 1412 3717; x_wconf 72' lang='grc' dir='ltr'>διαφερόντως</span> <span class='ocrx_word' id='word_1_520' title='bbox 1445 3648 1473 3699; x_wconf 84' lang='grc' dir='ltr'><strong>ὁ</strong></span> <span class='ocrx_word' id='word_1_521' title='bbox 1514 3648 1713 3718; x_wconf 81' lang='grc' dir='ltr'>Ἰωσήφ</span> <span class='ocrx_word' id='word_1_522' title='bbox 1732 3663 1745 3676; x_wconf 74' lang='grc' dir='ltr'>ο</span> <span class='ocrx_word' id='word_1_523' title='bbox 1769 3646 1973 3718; x_wconf 84' lang='grc' dir='ltr'>χιτῶνα</span> 
     </span>
    </p>
   </div>
   <div class='ocr_carea' id='block_1_70' title="bbox 385 3740 1971 3812">
    <p class='ocr_par' dir='ltr' id='par_1_70' title="bbox 385 3740 1971 3812">
     <span class='ocr_line' id='line_1_70' title="bbox 385 3740 1971 3812; baseline -0.002 -16"><span class='ocrx_word' id='word_1_524' title='bbox 385 3741 444 3796; x_wconf 76' lang='grc' dir='ltr'>δὲ</span> <span class='ocrx_word' id='word_1_525' title='bbox 481 3740 640 3812; x_wconf 81' lang='grc' dir='ltr'>αὐτῷ</span> <span class='ocrx_word' id='word_1_526' title='bbox 698 3740 942 3795; x_wconf 78' lang='grc' dir='ltr'>ποικίλον</span> <span class='ocrx_word' id='word_1_527' title='bbox 997 3740 1189 3806; x_wconf 81' lang='grc' dir='ltr'>ἐδίδου,</span> <span class='ocrx_word' id='word_1_528' title='bbox 1225 3740 1392 3811; x_wconf 80' lang='grc' dir='ltr'>γέρας</span> <span class='ocrx_word' id='word_1_529' title='bbox 1430 3740 1620 3810; x_wconf 82' lang='grc' dir='ltr'>ὥσπερ</span> <span class='ocrx_word' id='word_1_530' title='bbox 1668 3740 1971 3812; x_wconf 82' lang='grc' dir='ltr'>ἐξαίρετον,</span> 
     </span>
    </p>
   </div>
   <div class='ocr_carea' id='block_1_71' title="bbox 386 3832 1975 3906">
    <p class='ocr_par' dir='ltr' id='par_1_71' title="bbox 386 3832 1975 3906">
     <span class='ocr_line' id='line_1_71' title="bbox 386 3832 1975 3906; baseline -0.001 -18"><span class='ocrx_word' id='word_1_531' title='bbox 386 3834 489 3888; x_wconf 68' lang='grc' dir='ltr'><strong>καὶ</strong></span> <span class='ocrx_word' id='word_1_532' title='bbox 540 3834 646 3904; x_wconf 74' lang='grc' dir='ltr'>τῆς</span> <span class='ocrx_word' id='word_1_533' title='bbox 683 3832 912 3904; x_wconf 78' lang='grc' dir='ltr'>ἐνούσης</span> <span class='ocrx_word' id='word_1_534' title='bbox 965 3833 1347 3906; x_wconf 71' lang='grc' dir='ltr'>φιλοστοργίας</span> <span class='ocrx_word' id='word_1_535' title='bbox 1394 3832 1626 3903; x_wconf 85' lang='grc' dir='ltr'>μήνυσιν</span> <span class='ocrx_word' id='word_1_536' title='bbox 1667 3833 1872 3906; x_wconf 85' lang='grc' dir='ltr'>ἐναργῆ</span> <span class='ocrx_word' id='word_1_537' title='bbox 1912 3832 1975 3886; x_wconf 83' lang='grc' dir='ltr'><strong>τὸ</strong></span> 
     </span>
    </p>
   </div>
   <div class='ocr_carea' id='block_1_72' title="bbox 387 3922 1974 3999">
    <p class='ocr_par' dir='ltr' id='par_1_72' title="bbox 387 3922 1974 3999">
     <span class='ocr_line' id='line_1_72' title="bbox 387 3922 1974 3999; baseline -0.001 -18"><span class='ocrx_word' id='word_1_538' title='bbox 387 3928 587 3999; x_wconf 71' lang='grc' dir='ltr'>χρῆμα</span> <span class='ocrx_word' id='word_1_539' title='bbox 618 3926 807 3989; x_wconf 86' lang='grc' dir='ltr'>τιθείς.</span> <span class='ocrx_word' id='word_1_540' title='bbox 826 3922 1044 3997; x_wconf 79' lang='grc' dir='ltr'>Ἀλλ’ἦν</span> <span class='ocrx_word' id='word_1_541' title='bbox 1064 3926 1157 3979; x_wconf 80' lang='grc' dir='ltr'>καὶ</span> <span class='ocrx_word' id='word_1_542' title='bbox 1180 3926 1338 3979; x_wconf 79' lang='grc' dir='ltr'>τοῦτο</span> <span class='ocrx_word' id='word_1_543' title='bbox 1359 3928 1471 3988; x_wconf 86' lang='grc' dir='ltr'>τοῖς</span> <span class='ocrx_word' id='word_1_544' title='bbox 1496 3925 1746 3995; x_wconf 80' lang='grc' dir='ltr'>ἀδελφοῖς</span> <span class='ocrx_word' id='word_1_545' title='bbox 1769 3925 1974 3995; x_wconf 79' lang='grc' dir='ltr'>βασκα-</span> 
     </span>
    </p>
   </div>
   <div class='ocr_carea' id='block_1_73' title="bbox 389 4006 1977 4092">
    <p class='ocr_par' dir='ltr' id='par_1_73' title="bbox 389 4006 1977 4092">
     <span class='ocr_line' id='line_1_73' title="bbox 389 4006 1977 4092; baseline -0.001 -19"><span class='ocrx_word' id='word_1_546' title='bbox 389 4019 517 4083; x_wconf 83' lang='grc' dir='ltr'>νίας</span> <span class='ocrx_word' id='word_1_547' title='bbox 562 4006 863 4092; x_wconf 77' lang='grc' dir='ltr'>ἐρέθισμα,</span> <span class='ocrx_word' id='word_1_548' title='bbox 902 4020 997 4073; x_wconf 86' lang='grc' dir='ltr'><strong>καὶ</strong></span> <span class='ocrx_word' id='word_1_549' title='bbox 1035 4017 1231 4088; x_wconf 78' lang='grc' dir='ltr'>φθόνου</span> <span class='ocrx_word' id='word_1_550' title='bbox 1273 4018 1583 4089; x_wconf 80' lang='grc' dir='ltr'>πρόφασιςο</span> <span class='ocrx_word' id='word_1_551' title='bbox 1640 4017 1827 4079; x_wconf 86' lang='grc' dir='ltr'>καθὼς</span> <span class='ocrx_word' id='word_1_552' title='bbox 1880 4019 1977 4072; x_wconf 71' lang='grc' dir='ltr'><strong>καὶ</strong></span> 
     </span>
    </p>
   </div>
   <div class='ocr_carea' id='block_1_74' title="bbox 389 4107 1979 4182">
    <p class='ocr_par' dir='ltr' id='par_1_74' title="bbox 389 4107 1979 4182">
     <span class='ocr_line' id='line_1_74' title="bbox 389 4107 1979 4182; baseline -0.003 -16"><span class='ocrx_word' id='word_1_553' title='bbox 389 4112 529 4166; x_wconf 79' lang='grc' dir='ltr'>αὐτὸ</span> <span class='ocrx_word' id='word_1_554' title='bbox 578 4111 692 4165; x_wconf 83' lang='grc' dir='ltr'><strong>τῶν</strong></span> <span class='ocrx_word' id='word_1_555' title='bbox 741 4112 1079 4182; x_wconf 84' lang='grc' dir='ltr'>πραγμάτων</span> <span class='ocrx_word' id='word_1_556' title='bbox 1125 4109 1325 4174; x_wconf 76' lang='grc' dir='ltr'>διδάξει</span> <span class='ocrx_word' id='word_1_557' title='bbox 1370 4109 1431 4163; x_wconf 85' lang='grc' dir='ltr'>τὸ</span> <span class='ocrx_word' id='word_1_558' title='bbox 1477 4108 1673 4180; x_wconf 82' lang='grc' dir='ltr'>πέρας.</span> <span class='ocrx_word' id='word_1_559' title='bbox 1715 4107 1979 4177; x_wconf 80' lang='grc' dir='ltr'>Ἐπεμαί-</span> 
     </span>
    </p>
   </div>
   <div class='ocr_carea' id='block_1_75' title="bbox 389 4197 1978 4272">
    <p class='ocr_par' dir='ltr' id='par_1_75' title="bbox 389 4197 1978 4272">
     <span class='ocr_line' id='line_1_75' title="bbox 389 4197 1978 4272; baseline -0.005 -15"><span class='ocrx_word' id='word_1_560' title='bbox 389 4219 549 4257; x_wconf 88' lang='grc' dir='ltr'>νοντο</span> <span class='ocrx_word' id='word_1_561' title='bbox 578 4202 641 4256; x_wconf 81' lang='grc' dir='ltr'>δὲ</span> <span class='ocrx_word' id='word_1_562' title='bbox 680 4201 778 4255; x_wconf 76' lang='grc' dir='ltr'><strong>καὶ</strong></span> <span class='ocrx_word' id='word_1_563' title='bbox 811 4201 862 4255; x_wconf 83' lang='grc' dir='ltr'><strong>οἱ</strong></span> <span class='ocrx_word' id='word_1_564' title='bbox 897 4202 1178 4272; x_wconf 77' lang='grc' dir='ltr'>Φαρισαῖοι</span> <span class='ocrx_word' id='word_1_565' title='bbox 1218 4198 1296 4271; x_wconf 80' lang='grc' dir='ltr'>τῷ</span> <span class='ocrx_word' id='word_1_566' title='bbox 1326 4198 1700 4270; x_wconf 80' lang='grc' dir='ltr'>ἠγαπημένῳ,</span> <span class='ocrx_word' id='word_1_567' title='bbox 1731 4197 1978 4252; x_wconf 83' lang='grc' dir='ltr'>τουτέστι</span> 
     </span>
    </p>
   </div>
   <div class='ocr_carea' id='block_1_76' title="bbox 389 4287 1982 4365">
    <p class='ocr_par' dir='ltr' id='par_1_76' title="bbox 389 4287 1982 4365">
     <span class='ocr_line' id='line_1_76' title="bbox 389 4287 1982 4365; baseline -0.003 -18"><span class='ocrx_word' id='word_1_568' title='bbox 389 4293 646 4365; x_wconf 83' lang='grc' dir='ltr'>Χριστῷ,</span> <span class='ocrx_word' id='word_1_569' title='bbox 678 4292 768 4347; x_wconf 83' lang='grc' dir='ltr'>διά</span> <span class='ocrx_word' id='word_1_570' title='bbox 807 4309 891 4347; x_wconf 86' lang='grc' dir='ltr'><strong>τοι</strong></span> <span class='ocrx_word' id='word_1_571' title='bbox 925 4293 986 4345; x_wconf 82' lang='grc' dir='ltr'><strong>τὸ</strong></span> <span class='ocrx_word' id='word_1_572' title='bbox 1023 4292 1175 4363; x_wconf 87' lang='grc' dir='ltr'><strong>παρά</strong></span> <span class='ocrx_word' id='word_1_573' title='bbox 1201 4291 1336 4346; x_wconf 77' lang='grc' dir='ltr'>θεοῦ</span> <span class='ocrx_word' id='word_1_574' title='bbox 1371 4292 1468 4346; x_wconf 61' lang='grc' dir='ltr'><strong>καὶ⁵</strong></span> <span class='ocrx_word' id='word_1_575' title='bbox 1505 4290 1721 4362; x_wconf 82' lang='grc' dir='ltr'>Πατρδς</span> <span class='ocrx_word' id='word_1_576' title='bbox 1745 4287 1982 4343; x_wconf 79' lang='grc' dir='ltr'>ποικιλό-</span> 
     </span>
    </p>
   </div>
   <div class='ocr_carea' id='block_1_77' title="bbox 390 4380 1980 4457">
    <p class='ocr_par' dir='ltr' id='par_1_77' title="bbox 390 4380 1980 4457">
     <span class='ocr_line' id='line_1_77' title="bbox 390 4380 1980 4457; baseline -0.002 -18"><span class='ocrx_word' id='word_1_577' title='bbox 390 4385 601 4457; x_wconf 73' lang='grc' dir='ltr'>τροπόν</span> <span class='ocrx_word' id='word_1_578' title='bbox 632 4402 756 4440; x_wconf 88' lang='grc' dir='ltr'>τινα</span> <span class='ocrx_word' id='word_1_579' title='bbox 793 4384 1206 4456; x_wconf 77' lang='grc' dir='ltr'>κατημφιέσθαι</span> <span class='ocrx_word' id='word_1_580' title='bbox 1250 4384 1431 4450; x_wconf 78' lang='grc' dir='ltr'>δόξαν.</span> <span class='ocrx_word' id='word_1_581' title='bbox 1485 4382 1846 4454; x_wconf 86' lang='grc' dir='ltr'>Τεθαύμαστο</span> <span class='ocrx_word' id='word_1_582' title='bbox 1870 4380 1980 4451; x_wconf 70' lang='grc' dir='ltr'><strong>γὰρ</strong></span> 
     </span>
    </p>
   </div>
   <div class='ocr_carea' id='block_1_78' title="bbox 2066 3195 3651 3268">
    <p class='ocr_par' dir='ltr' id='par_1_78' title="bbox 2066 3195 3651 3268">
     <span class='ocr_line' id='line_1_78' title="bbox 2066 3195 3651 3268; baseline -0.001 -16"><span class='ocrx_word' id='word_1_583' title='bbox 2066 3195 2246 3252; x_wconf 77' lang='lat' dir='ltr'><strong>mium</strong></span> <span class='ocrx_word' id='word_1_584' title='bbox 2274 3195 2482 3252; x_wconf 89' lang='lat' dir='ltr'><strong>donum</strong></span> <span class='ocrx_word' id='word_1_585' title='bbox 2513 3206 2571 3253; x_wconf 87' lang='lat' dir='ltr'><strong>et</strong></span> <span class='ocrx_word' id='word_1_586' title='bbox 2609 3195 2957 3252; x_wconf 87' lang='lat' dir='ltr'><strong>manifestum</strong></span> <span class='ocrx_word' id='word_1_587' title='bbox 2990 3195 3217 3263; x_wconf 87' lang='lat' dir='ltr'><strong>amoris,</strong></span> <span class='ocrx_word' id='word_1_588' title='bbox 3241 3212 3352 3268; x_wconf 91' lang='lat' dir='ltr'><strong>quo</strong></span> <span class='ocrx_word' id='word_1_589' title='bbox 3370 3212 3497 3253; x_wconf 88' lang='lat' dir='ltr'><strong>eum</strong></span> <span class='ocrx_word' id='word_1_590' title='bbox 3529 3211 3651 3267; x_wconf 89' lang='lat' dir='ltr'><strong>pro-</strong></span> 
     </span>
    </p>
   </div>
   <div class='ocr_carea' id='block_1_79' title="bbox 2071 3285 3655 3358">
    <p class='ocr_par' dir='ltr' id='par_1_79' title="bbox 2071 3285 3655 3358">
     <span class='ocr_line' id='line_1_79' title="bbox 2071 3285 3655 3358; baseline 0.001 -15"><span class='ocrx_word' id='word_1_591' title='bbox 2071 3287 2427 3357; x_wconf 86' lang='lat' dir='ltr'><strong>sequebatur,</strong></span> <span class='ocrx_word' id='word_1_592' title='bbox 2452 3295 2858 3358; x_wconf 76' lang='lat' dir='ltr'><strong>argumentum.</strong></span> <span class='ocrx_word' id='word_1_593' title='bbox 2894 3285 3168 3343; x_wconf 66' lang='lat' dir='ltr'><strong>Caaterum</strong></span> <span class='ocrx_word' id='word_1_594' title='bbox 3201 3295 3322 3344; x_wconf 90' lang='lat' dir='ltr'><strong>erat</strong></span> <span class='ocrx_word' id='word_1_595' title='bbox 3359 3288 3525 3344; x_wconf 87' lang='lat' dir='ltr'><strong>etiam</strong></span> <span class='ocrx_word' id='word_1_596' title='bbox 3550 3287 3655 3344; x_wconf 89' lang='lat' dir='ltr'><strong>hoc</strong></span> 
     </span>
    </p>
   </div>
   <div class='ocr_carea' id='block_1_80' title="bbox 2070 3378 3651 3445">
    <p class='ocr_par' dir='ltr' id='par_1_80' title="bbox 2070 3378 3651 3445">
     <span class='ocr_line' id='line_1_80' title="bbox 2070 3378 3651 3445; baseline 0.003 -11"><span class='ocrx_word' id='word_1_597' title='bbox 2070 3378 2338 3435; x_wconf 80' lang='lat' dir='ltr'><strong>fratribus</strong></span> <span class='ocrx_word' id='word_1_598' title='bbox 2367 3378 2682 3435; x_wconf 74' lang='lat' dir='ltr'><strong>invidentite</strong></span> <span class='ocrx_word' id='word_1_599' title='bbox 2701 3379 3109 3435; x_wconf 87' lang='lat' dir='ltr'><strong>irritamentum</strong></span> <span class='ocrx_word' id='word_1_600' title='bbox 3148 3389 3313 3445; x_wconf 83' lang='lat' dir='ltr'><strong>atque</strong></span> <span class='ocrx_word' id='word_1_601' title='bbox 3334 3380 3446 3435; x_wconf 86' lang='lat' dir='ltr'><strong>odii</strong></span> <span class='ocrx_word' id='word_1_602' title='bbox 3467 3392 3651 3438; x_wconf 84' lang='lat' dir='ltr'><strong>causa.</strong></span> 
     </span>
    </p>
   </div>
   <div class='ocr_carea' id='block_1_81' title="bbox 2064 3468 3653 3540">
    <p class='ocr_par' dir='ltr' id='par_1_81' title="bbox 2064 3468 3653 3540">
     <span class='ocr_line' id='line_1_81' title="bbox 2064 3468 3653 3540; baseline -0.001 -16"><span class='ocrx_word' id='word_1_603' title='bbox 2064 3468 2536 3540; x_wconf 88' lang='lat' dir='ltr'><strong>quemadmodum</strong></span> <span class='ocrx_word' id='word_1_604' title='bbox 2560 3468 2642 3525; x_wconf 89' lang='lat' dir='ltr'><strong>rei</strong></span> <span class='ocrx_word' id='word_1_605' title='bbox 2673 3470 2854 3525; x_wconf 79' lang='lat' dir='ltr'><strong>exitus</strong></span> <span class='ocrx_word' id='word_1_606' title='bbox 2885 3470 3207 3527; x_wconf 87' lang='lat' dir='ltr'><strong>declarabit.</strong></span> <span class='ocrx_word' id='word_1_607' title='bbox 3228 3469 3459 3526; x_wconf 81' lang='lat' dir='ltr'><strong>Accensi</strong></span> <span class='ocrx_word' id='word_1_608' title='bbox 3487 3469 3653 3525; x_wconf 84' lang='lat' dir='ltr'><strong>etiam</strong></span> 
     </span>
    </p>
   </div>
   <div class='ocr_carea' id='block_1_82' title="bbox 2073 3559 3654 3627">
    <p class='ocr_par' dir='ltr' id='par_1_82' title="bbox 2073 3559 3654 3627">
     <span class='ocr_line' id='line_1_82' title="bbox 2073 3559 3654 3627; baseline -0.001 -10"><span class='ocrx_word' id='word_1_609' title='bbox 2073 3568 2205 3617; x_wconf 89' lang='lat' dir='ltr'><strong>sunt</strong></span> <span class='ocrx_word' id='word_1_610' title='bbox 2239 3561 2320 3619; x_wconf 85' lang='lat' dir='ltr'><strong>ira</strong></span> <span class='ocrx_word' id='word_1_611' title='bbox 2346 3560 2610 3618; x_wconf 88' lang='lat' dir='ltr'><strong>adversus</strong></span> <span class='ocrx_word' id='word_1_612' title='bbox 2645 3561 2930 3627; x_wconf 88' lang='lat' dir='ltr'><strong>dilectum,</strong></span> <span class='ocrx_word' id='word_1_613' title='bbox 2958 3562 3069 3619; x_wconf 89' lang='lat' dir='ltr'><strong>hoc</strong></span> <span class='ocrx_word' id='word_1_614' title='bbox 3081 3571 3168 3618; x_wconf 90' lang='lat' dir='ltr'><strong>est</strong></span> <span class='ocrx_word' id='word_1_615' title='bbox 3190 3559 3490 3626; x_wconf 83' lang='lat' dir='ltr'><strong>Christum,</strong></span> <span class='ocrx_word' id='word_1_616' title='bbox 3510 3560 3654 3616; x_wconf 84' lang='lat' dir='ltr'><strong>Pha-</strong></span> 
     </span>
    </p>
   </div>
   <div class='ocr_carea' id='block_1_83' title="bbox 2064 3647 3655 3721">
    <p class='ocr_par' dir='ltr' id='par_1_83' title="bbox 2064 3647 3655 3721">
     <span class='ocr_line' id='line_1_83' title="bbox 2064 3647 3655 3721; baseline -0.003 -14"><span class='ocrx_word' id='word_1_617' title='bbox 2064 3651 2240 3717; x_wconf 71' lang='lat' dir='ltr'><strong>risaei,</strong></span> <span class='ocrx_word' id='word_1_618' title='bbox 2276 3650 2402 3707; x_wconf 90' lang='lat' dir='ltr'><strong>ideo</strong></span> <span class='ocrx_word' id='word_1_619' title='bbox 2445 3651 2594 3721; x_wconf 90' lang='lat' dir='ltr'><strong>quod</strong></span> <span class='ocrx_word' id='word_1_620' title='bbox 2625 3666 2659 3708; x_wconf 91' lang='lat' dir='ltr'><strong>a</strong></span> <span class='ocrx_word' id='word_1_621' title='bbox 2690 3652 2806 3707; x_wconf 90' lang='lat' dir='ltr'><strong>Deo</strong></span> <span class='ocrx_word' id='word_1_622' title='bbox 2836 3665 2901 3708; x_wconf 86' lang='lat' dir='ltr'><strong>ac</strong></span> <span class='ocrx_word' id='word_1_623' title='bbox 2943 3652 3103 3707; x_wconf 88' lang='lat' dir='ltr'><strong>Patre</strong></span> <span class='ocrx_word' id='word_1_624' title='bbox 3131 3648 3456 3706; x_wconf 80' lang='lat' dir='ltr'><strong>multiformi</strong></span> <span class='ocrx_word' id='word_1_625' title='bbox 3484 3647 3655 3719; x_wconf 79' lang='lat' dir='ltr'><strong>gloria</strong></span> 
     </span>
    </p>
   </div>
   <div class='ocr_carea' id='block_1_84' title="bbox 2075 3739 3657 3801">
    <p class='ocr_par' dir='ltr' id='par_1_84' title="bbox 2075 3739 3657 3801">
     <span class='ocr_line' id='line_1_84' title="bbox 2075 3739 3657 3801; baseline -0.004 -1"><span class='ocrx_word' id='word_1_626' title='bbox 2075 3744 2301 3800; x_wconf 90' lang='lat' dir='ltr'><strong>indutus</strong></span> <span class='ocrx_word' id='word_1_627' title='bbox 2319 3743 2508 3799; x_wconf 85' lang='lat' dir='ltr'><strong>fuerit.</strong></span> <span class='ocrx_word' id='word_1_628' title='bbox 2536 3744 2724 3801; x_wconf 77' lang='lat' dir='ltr'><strong>Multis</strong></span> <span class='ocrx_word' id='word_1_629' title='bbox 2741 3744 2890 3799; x_wconf 91' lang='lat' dir='ltr'><strong>enim</strong></span> <span class='ocrx_word' id='word_1_630' title='bbox 2911 3758 3102 3799; x_wconf 85' lang='lat' dir='ltr'><strong>revera</strong></span> <span class='ocrx_word' id='word_1_631' title='bbox 3121 3741 3299 3797; x_wconf 88' lang='lat' dir='ltr'><strong>modis</strong></span> <span class='ocrx_word' id='word_1_632' title='bbox 3317 3739 3657 3796; x_wconf 81' lang='lat' dir='ltr'><strong>admirabilis</strong></span> 
     </span>
    </p>
   </div>
   <div class='ocr_carea' id='block_1_85' title="bbox 2074 3833 3658 3908">
    <p class='ocr_par' dir='ltr' id='par_1_85' title="bbox 2074 3833 3658 3908">
     <span class='ocr_line' id='line_1_85' title="bbox 2074 3833 3658 3908; baseline -0.005 -15"><span class='ocrx_word' id='word_1_633' title='bbox 2074 3836 2200 3901; x_wconf 88' lang='lat' dir='ltr'><strong>fuit,</strong></span> <span class='ocrx_word' id='word_1_634' title='bbox 2247 3837 2445 3908; x_wconf 90' lang='lat' dir='ltr'><strong>partim</strong></span> <span class='ocrx_word' id='word_1_635' title='bbox 2485 3837 2710 3907; x_wconf 90' lang='lat' dir='ltr'><strong>quidem</strong></span> <span class='ocrx_word' id='word_1_636' title='bbox 2752 3846 2817 3891; x_wconf 91' lang='lat' dir='ltr'><strong>ut</strong></span> <span class='ocrx_word' id='word_1_637' title='bbox 2854 3834 3161 3898; x_wconf 86' lang='lat' dir='ltr'><strong>vivificans,</strong></span> <span class='ocrx_word' id='word_1_638' title='bbox 3197 3833 3398 3904; x_wconf 88' lang='lat' dir='ltr'><strong>partim</strong></span> <span class='ocrx_word' id='word_1_639' title='bbox 3430 3846 3564 3888; x_wconf 86' lang='lat' dir='ltr'><strong>vero</strong></span> <span class='ocrx_word' id='word_1_640' title='bbox 3597 3841 3658 3891; x_wconf 85' lang='lat' dir='ltr'><strong>ut</strong></span> 
     </span>
    </p>
   </div>
   <div class='ocr_carea' id='block_1_86' title="bbox 2074 3922 3658 3995">
    <p class='ocr_par' dir='ltr' id='par_1_86' title="bbox 2074 3922 3658 3995">
     <span class='ocr_line' id='line_1_86' title="bbox 2074 3922 3658 3995; baseline -0.006 -11"><span class='ocrx_word' id='word_1_641' title='bbox 2074 3928 2191 3993; x_wconf 83' lang='lat' dir='ltr'><strong>lux,</strong></span> <span class='ocrx_word' id='word_1_642' title='bbox 2208 3938 2265 3984; x_wconf 90' lang='lat' dir='ltr'><strong>et</strong></span> <span class='ocrx_word' id='word_1_643' title='bbox 2286 3929 2597 3983; x_wconf 87' lang='lat' dir='ltr'><strong>illuminare</strong></span> <span class='ocrx_word' id='word_1_644' title='bbox 2616 3928 2805 3981; x_wconf 84' lang='lat' dir='ltr'><strong>valens</strong></span> <span class='ocrx_word' id='word_1_645' title='bbox 2822 3940 2918 3981; x_wconf 91' lang='lat' dir='ltr'><strong>eos</strong></span> <span class='ocrx_word' id='word_1_646' title='bbox 2937 3925 3031 3995; x_wconf 93' lang='lat' dir='ltr'><strong>qui</strong></span> <span class='ocrx_word' id='word_1_647' title='bbox 3053 3925 3110 3979; x_wconf 92' lang='lat' dir='ltr'><strong>in</strong></span> <span class='ocrx_word' id='word_1_648' title='bbox 3132 3922 3395 3988; x_wconf 87' lang='lat' dir='ltr'><strong>tenebris,</strong></span> <span class='ocrx_word' id='word_1_649' title='bbox 3418 3929 3481 3976; x_wconf 89' lang='lat' dir='ltr'><strong>ut</strong></span> <span class='ocrx_word' id='word_1_650' title='bbox 3497 3936 3658 3977; x_wconf 82' lang='lat' dir='ltr'><strong>mun-</strong></span> 
     </span>
    </p>
   </div>
   <div class='ocr_carea' id='block_1_87' title="bbox 2076 4013 3658 4088">
    <p class='ocr_par' dir='ltr' id='par_1_87' title="bbox 2076 4013 3658 4088">
     <span class='ocr_line' id='line_1_87' title="bbox 2076 4013 3658 4088; baseline -0.006 -13"><span class='ocrx_word' id='word_1_651' title='bbox 2076 4020 2215 4075; x_wconf 87' lang='lat' dir='ltr'><strong>daus</strong></span> <span class='ocrx_word' id='word_1_652' title='bbox 2243 4020 2510 4088; x_wconf 88' lang='lat' dir='ltr'><strong>leprosos,</strong></span> <span class='ocrx_word' id='word_1_653' title='bbox 2545 4017 2929 4085; x_wconf 85' lang='lat' dir='ltr'><strong>suscitansque</strong></span> <span class='ocrx_word' id='word_1_654' title='bbox 2962 4014 3220 4070; x_wconf 82' lang='lat' dir='ltr'><strong>facillime</strong></span> <span class='ocrx_word' id='word_1_655' title='bbox 3248 4013 3415 4069; x_wconf 87' lang='lat' dir='ltr'><strong>etiam</strong></span> <span class='ocrx_word' id='word_1_656' title='bbox 3446 4013 3658 4074; x_wconf 70' lang='lat' dir='ltr'><strong>olentes</strong></span> 
     </span>
    </p>
   </div>
   <div class='ocr_carea' id='block_1_88' title="bbox 2078 4104 3660 4178">
    <p class='ocr_par' dir='ltr' id='par_1_88' title="bbox 2078 4104 3660 4178">
     <span class='ocr_line' id='line_1_88' title="bbox 2078 4104 3660 4178; baseline -0.003 -11"><span class='ocrx_word' id='word_1_657' title='bbox 2078 4121 2349 4175; x_wconf 89' lang='lat' dir='ltr'><strong>mortuos,</strong></span> <span class='ocrx_word' id='word_1_658' title='bbox 2381 4118 2446 4164; x_wconf 92' lang='lat' dir='ltr'><strong>ut</strong></span> <span class='ocrx_word' id='word_1_659' title='bbox 2477 4107 2653 4164; x_wconf 87' lang='lat' dir='ltr'><strong>maria</strong></span> <span class='ocrx_word' id='word_1_660' title='bbox 2676 4108 2988 4177; x_wconf 88' lang='lat' dir='ltr'><strong>increpans,</strong></span> <span class='ocrx_word' id='word_1_661' title='bbox 3016 4115 3181 4176; x_wconf 88' lang='lat' dir='ltr'><strong>atque</strong></span> <span class='ocrx_word' id='word_1_662' title='bbox 3208 4104 3344 4176; x_wconf 84' lang='lat' dir='ltr'><strong>ipsis</strong></span> <span class='ocrx_word' id='word_1_663' title='bbox 3379 4120 3479 4161; x_wconf 89' lang='lat' dir='ltr'><strong>sua</strong></span> <span class='ocrx_word' id='word_1_664' title='bbox 3502 4113 3660 4178; x_wconf 72' lang='lat' dir='ltr'><strong>pote-</strong></span> 
     </span>
    </p>
   </div>
   <div class='ocr_carea' id='block_1_89' title="bbox 2079 4195 3661 4268">
    <p class='ocr_par' dir='ltr' id='par_1_89' title="bbox 2079 4195 3661 4268">
     <span class='ocr_line' id='line_1_89' title="bbox 2079 4195 3661 4268; baseline -0.006 -8"><span class='ocrx_word' id='word_1_665' title='bbox 2079 4210 2220 4260; x_wconf 88' lang='lat' dir='ltr'><strong>state</strong></span> <span class='ocrx_word' id='word_1_666' title='bbox 2244 4201 2505 4258; x_wconf 84' lang='lat' dir='ltr'><strong>ﬂuetibus</strong></span> <span class='ocrx_word' id='word_1_667' title='bbox 2526 4206 2737 4255; x_wconf 88' lang='lat' dir='ltr'><strong>vectus.</strong></span> <span class='ocrx_word' id='word_1_668' title='bbox 2766 4197 2978 4254; x_wconf 88' lang='lat' dir='ltr'><strong>Idcirco</strong></span> <span class='ocrx_word' id='word_1_669' title='bbox 3000 4195 3175 4253; x_wconf 66' lang='lat' dir='ltr'><strong>Iudazi</strong></span> <span class='ocrx_word' id='word_1_670' title='bbox 3201 4195 3437 4255; x_wconf 87' lang='lat' dir='ltr'><strong>subinde</strong></span> <span class='ocrx_word' id='word_1_671' title='bbox 3468 4197 3661 4268; x_wconf 79' lang='lat' dir='ltr'><strong>inopes</strong></span> 
     </span>
    </p>
   </div>
   <div class='ocr_carea' id='block_1_90' title="bbox 2081 4288 3661 4359">
    <p class='ocr_par' dir='ltr' id='par_1_90' title="bbox 2081 4288 3661 4359">
     <span class='ocr_line' id='line_1_90' title="bbox 2081 4288 3661 4359; baseline -0.003 -11"><span class='ocrx_word' id='word_1_672' title='bbox 2081 4292 2295 4349; x_wconf 87' lang='lat' dir='ltr'><strong>consilii</strong></span> <span class='ocrx_word' id='word_1_673' title='bbox 2328 4291 2655 4359; x_wconf 61' lang='lat' dir='ltr'><strong>invidiaeque</strong></span> <span class='ocrx_word' id='word_1_674' title='bbox 2682 4288 2919 4344; x_wconf 84' lang='lat' dir='ltr'><strong>ﬂammis</strong></span> <span class='ocrx_word' id='word_1_675' title='bbox 2938 4296 3302 4345; x_wconf 59' lang='lat' dir='ltr'><strong>exaestuantes</strong></span> <span class='ocrx_word' id='word_1_676' title='bbox 3329 4290 3474 4346; x_wconf 89' lang='lat' dir='ltr'><strong>inter</strong></span> <span class='ocrx_word' id='word_1_677' title='bbox 3497 4305 3557 4346; x_wconf 91' lang='lat' dir='ltr'><strong>se</strong></span> <span class='ocrx_word' id='word_1_678' title='bbox 3578 4288 3661 4347; x_wconf 84' lang='lat' dir='ltr'><strong>di-</strong></span> 
     </span>
    </p>
   </div>
   <div class='ocr_carea' id='block_1_91' title="bbox 2081 4379 3660 4455">
    <p class='ocr_par' dir='ltr' id='par_1_91' title="bbox 2081 4379 3660 4455">
     <span class='ocr_line' id='line_1_91' title="bbox 2081 4379 3660 4455; baseline -0.002 -14"><span class='ocrx_word' id='word_1_679' title='bbox 2081 4385 2282 4442; x_wconf 86' lang='lat' dir='ltr'><strong>cebant</strong></span> <span class='ocrx_word' id='word_1_680' title='bbox 2307 4402 2320 4440; x_wconf 92' lang='lat'><strong>:</strong></span> <span class='ocrx_word' id='word_1_681' title='bbox 2354 4404 2372 4436; x_wconf 74' lang='grc'><strong>(</strong></span> <span class='ocrx_word' id='word_1_682' title='bbox 2402 4382 2547 4451; x_wconf 86' lang='lat' dir='ltr'><strong>Quid</strong></span> <span class='ocrx_word' id='word_1_683' title='bbox 2570 4380 2840 4438; x_wconf 83' lang='lat' dir='ltr'><strong>facimus?</strong></span> <span class='ocrx_word' id='word_1_684' title='bbox 2859 4380 2988 4451; x_wconf 89' lang='lat' dir='ltr'><strong>quia</strong></span> <span class='ocrx_word' id='word_1_685' title='bbox 3011 4379 3177 4436; x_wconf 87' lang='lat' dir='ltr'><strong>homo</strong></span> <span class='ocrx_word' id='word_1_686' title='bbox 3198 4380 3290 4437; x_wconf 87' lang='lat' dir='ltr'><strong>hic</strong></span> <span class='ocrx_word' id='word_1_687' title='bbox 3315 4382 3486 4440; x_wconf 86' lang='lat' dir='ltr'><strong>multa</strong></span> <span class='ocrx_word' id='word_1_688' title='bbox 3508 4384 3660 4455; x_wconf 83' lang='lat' dir='ltr'><strong>signa</strong></span> 
     </span>
    </p>
   </div>
   <div class='ocr_carea' id='block_1_92' title="bbox 390 4464 1967 4548">
    <p class='ocr_par' dir='ltr' id='par_1_92' title="bbox 390 4472 1967 4548">
     <span class='ocr_line' id='line_1_92' title="bbox 390 4472 1967 4548; baseline -0.002 -20"><span class='ocrx_word' id='word_1_689' title='bbox 390 4476 541 4530; x_wconf 71' lang='grc' dir='ltr'>γα.τά</span> <span class='ocrx_word' id='word_1_690' title='bbox 558 4475 807 4541; x_wconf 76' lang='grc' dir='ltr'>πολλοὺς,</span> <span class='ocrx_word' id='word_1_691' title='bbox 822 4472 998 4546; x_wconf 79' lang='grc' dir='ltr'>οἶμαι,</span> <span class='ocrx_word' id='word_1_692' title='bbox 1023 4476 1277 4547; x_wconf 74' lang='grc' dir='ltr'>τρόπουςο</span> <span class='ocrx_word' id='word_1_693' title='bbox 1305 4476 1463 4531; x_wconf 81' lang='grc' dir='ltr'>τοῦτο</span> <span class='ocrx_word' id='word_1_694' title='bbox 1481 4476 1580 4548; x_wconf 77' lang='grc' dir='ltr'>μὲν</span> <span class='ocrx_word' id='word_1_695' title='bbox 1603 4474 1681 4540; x_wconf 85' lang='grc' dir='ltr'>ὡς</span> <span class='ocrx_word' id='word_1_696' title='bbox 1700 4472 1967 4539; x_wconf 30' lang='grc' dir='ltr'>ζωοποιὸςχ</span> 
     </span>
    </p>
   </div>
   <div class='ocr_carea' id='block_1_93' title="bbox 2067 4464 3662 4548">
    <p class='ocr_par' dir='ltr' id='par_1_93' title="bbox 2087 4470 3662 4543">
     <span class='ocr_line' id='line_1_93' title="bbox 2087 4470 3662 4543; baseline -0.002 -11"><span class='ocrx_word' id='word_1_697' title='bbox 2087 4476 2220 4532; x_wconf 87' lang='lat' dir='ltr'><strong>facit</strong></span> <span class='ocrx_word' id='word_1_698' title='bbox 2256 4476 2325 4531; x_wconf 80' lang='lat'><strong>”.</strong></span> <span class='ocrx_word' id='word_1_699' title='bbox 2356 4493 2375 4527; x_wconf 74' lang='grc' dir='ltr'><strong>ι</strong></span> <span class='ocrx_word' id='word_1_700' title='bbox 2402 4474 2565 4530; x_wconf 86' lang='lat' dir='ltr'><strong>Varia</strong></span> <span class='ocrx_word' id='word_1_701' title='bbox 2597 4472 2784 4543; x_wconf 90' lang='lat' dir='ltr'><strong>itaque</strong></span> <span class='ocrx_word' id='word_1_702' title='bbox 2814 4470 2982 4527; x_wconf 82' lang='lat' dir='ltr'><strong>vestis</strong></span> <span class='ocrx_word' id='word_1_703' title='bbox 3013 4479 3172 4542; x_wconf 89' lang='lat' dir='ltr'><strong>typus</strong></span> <span class='ocrx_word' id='word_1_704' title='bbox 3208 4481 3292 4529; x_wconf 89' lang='lat' dir='ltr'><strong>est</strong></span> <span class='ocrx_word' id='word_1_705' title='bbox 3312 4472 3662 4529; x_wconf 83' lang='lat' dir='ltr'><strong>multiformis</strong></span> 
     </span>
    </p>
   </div>
   <div class='ocr_carea' id='block_1_94' title="bbox 393 4564 1980 4638">
    <p class='ocr_par' dir='ltr' id='par_1_94' title="bbox 393 4564 1980 4638">
     <span class='ocr_line' id='line_1_94' title="bbox 393 4564 1980 4638; baseline 0.001 -19"><span class='ocrx_word' id='word_1_706' title='bbox 393 4565 557 4622; x_wconf 79' lang='grc' dir='ltr'>τοῦτο</span> <span class='ocrx_word' id='word_1_707' title='bbox 586 4567 646 4621; x_wconf 74' lang='grc' dir='ltr'>δὲ</span> <span class='ocrx_word' id='word_1_708' title='bbox 671 4566 748 4631; x_wconf 85' lang='grc' dir='ltr'>ὡς</span> <span class='ocrx_word' id='word_1_709' title='bbox 799 4567 917 4638; x_wconf 85' lang='grc' dir='ltr'><strong>φῶς</strong></span> <span class='ocrx_word' id='word_1_710' title='bbox 954 4569 1049 4623; x_wconf 74' lang='grc' dir='ltr'><strong>καὶ</strong></span> <span class='ocrx_word' id='word_1_711' title='bbox 1098 4569 1493 4638; x_wconf 75' lang='grc' dir='ltr'>καταφωτίζειν</span> <span class='ocrx_word' id='word_1_712' title='bbox 1521 4564 1632 4634; x_wconf 76' lang='grc' dir='ltr'>οἶός</span> <span class='ocrx_word' id='word_1_713' title='bbox 1659 4585 1717 4622; x_wconf 87' lang='grc' dir='ltr'><strong>τε</strong></span> <span class='ocrx_word' id='word_1_714' title='bbox 1746 4568 1875 4630; x_wconf 74' lang='grc' dir='ltr'>τοὺς</span> <span class='ocrx_word' id='word_1_715' title='bbox 1922 4567 1980 4621; x_wconf 79' lang='grc' dir='ltr'><strong>ἐν</strong></span> 
     </span>
    </p>
   </div>
   <div class='ocr_carea' id='block_1_95' title="bbox 396 4658 1981 4734">
    <p class='ocr_par' dir='ltr' id='par_1_95' title="bbox 396 4658 1981 4734">
     <span class='ocr_line' id='line_1_95' title="bbox 396 4658 1981 4734; baseline 0.002 -23"><span class='ocrx_word' id='word_1_716' title='bbox 396 4660 614 4731; x_wconf 72' lang='grc' dir='ltr'>ικὸτῳ,</span> <span class='ocrx_word' id='word_1_717' title='bbox 664 4658 740 4724; x_wconf 82' lang='grc' dir='ltr'>ὡς</span> <span class='ocrx_word' id='word_1_718' title='bbox 783 4660 1018 4733; x_wconf 84' lang='grc' dir='ltr'>λεπροὺς</span> <span class='ocrx_word' id='word_1_719' title='bbox 1065 4661 1407 4734; x_wconf 75' lang='grc' dir='ltr'>καθαρίζων,</span> <span class='ocrx_word' id='word_1_720' title='bbox 1464 4662 1559 4717; x_wconf 77' lang='grc' dir='ltr'>καὶ</span> <span class='ocrx_word' id='word_1_721' title='bbox 1597 4660 1828 4733; x_wconf 74' lang='grc' dir='ltr'>νεκροὺς</span> <span class='ocrx_word' id='word_1_722' title='bbox 1876 4660 1981 4715; x_wconf 80' lang='grc' dir='ltr'>κᾶν</span> 
     </span>
    </p>
   </div>
   <div class='ocr_carea' id='block_1_96' title="bbox 393 4750 1982 4826">
    <p class='ocr_par' dir='ltr' id='par_1_96' title="bbox 393 4750 1982 4826">
     <span class='ocr_line' id='line_1_96' title="bbox 393 4750 1982 4826; baseline 0.001 -23"><span class='ocrx_word' id='word_1_723' title='bbox 393 4751 503 4824; x_wconf 68' lang='grc' dir='ltr'><strong>ἢδη</strong></span> <span class='ocrx_word' id='word_1_724' title='bbox 574 4752 947 4817; x_wconf 68' lang='grc' dir='ltr'>δυσιαδοῦντας</span> <span class='ocrx_word' id='word_1_725' title='bbox 993 4755 1171 4826; x_wconf 77' lang='grc' dir='ltr'>ῥᾷστα</span> <span class='ocrx_word' id='word_1_726' title='bbox 1227 4754 1459 4826; x_wconf 86' lang='grc' dir='ltr'>ἐγείρων</span> <span class='ocrx_word' id='word_1_727' title='bbox 1474 4793 1500 4819; x_wconf 64' lang='grc'><strong>,,</strong></span> <span class='ocrx_word' id='word_1_728' title='bbox 1555 4753 1631 4817; x_wconf 79' lang='grc' dir='ltr'><strong>ὡς</strong></span> <span class='ocrx_word' id='word_1_729' title='bbox 1685 4750 1982 4816; x_wconf 86' lang='grc' dir='ltr'>θαλάσσαις</span> 
     </span>
    </p>
   </div>
   <div class='ocr_carea' id='block_1_97' title="bbox 395 4841 1984 4916">
    <p class='ocr_par' dir='ltr' id='par_1_97' title="bbox 395 4841 1984 4916">
     <span class='ocr_line' id='line_1_97' title="bbox 395 4841 1984 4916; baseline 0.003 -22"><span class='ocrx_word' id='word_1_730' title='bbox 395 4842 698 4912; x_wconf 73' lang='grc' dir='ltr'>ἐπιτιμῶν,</span> <span class='ocrx_word' id='word_1_731' title='bbox 740 4844 835 4898; x_wconf 81' lang='grc' dir='ltr'>καὶ</span> <span class='ocrx_word' id='word_1_732' title='bbox 876 4847 1061 4911; x_wconf 79' lang='grc' dir='ltr'>αὐτοῖς</span> <span class='ocrx_word' id='word_1_733' title='bbox 1098 4847 1190 4900; x_wconf 85' lang='grc' dir='ltr'>ἐπ’</span> <span class='ocrx_word' id='word_1_734' title='bbox 1215 4845 1466 4914; x_wconf 79' lang='grc' dir='ltr'>ἐξουσίας</span> <span class='ocrx_word' id='word_1_735' title='bbox 1497 4844 1863 4916; x_wconf 76' lang='grc' dir='ltr'>ἐποχούμενος</span> <span class='ocrx_word' id='word_1_736' title='bbox 1884 4841 1984 4898; x_wconf 78' lang='grc' dir='ltr'><strong>κύ-</strong></span> 
     </span>
    </p>
   </div>
   <div class='ocr_carea' id='block_1_98' title="bbox 398 4933 1981 5008">
    <p class='ocr_par' dir='ltr' id='par_1_98' title="bbox 398 4933 1981 5008">
     <span class='ocr_line' id='line_1_98' title="bbox 398 4933 1981 5008; baseline 0.003 -23"><span class='ocrx_word' id='word_1_737' title='bbox 398 4948 558 5001; x_wconf 78' lang='grc' dir='ltr'>μασι.</span> <span class='ocrx_word' id='word_1_738' title='bbox 621 4933 735 4987; x_wconf 79' lang='grc' dir='ltr'><strong>Καὶ</strong></span> <span class='ocrx_word' id='word_1_739' title='bbox 779 4934 913 5003; x_wconf 79' lang='grc' dir='ltr'>γοῦν</span> <span class='ocrx_word' id='word_1_740' title='bbox 953 4936 1053 5008; x_wconf 78' lang='grc' dir='ltr'>ήδη</span> <span class='ocrx_word' id='word_1_741' title='bbox 1092 4954 1214 5002; x_wconf 87' lang='grc' dir='ltr'><strong>πως</strong></span> <span class='ocrx_word' id='word_1_742' title='bbox 1276 4936 1513 4991; x_wconf 81' lang='grc' dir='ltr'>Ἰουδαῖοι</span> <span class='ocrx_word' id='word_1_743' title='bbox 1565 4935 1981 5008; x_wconf 82' lang='grc' dir='ltr'>διηπορηκότες,</span> 
     </span>
    </p>
   </div>
   <div class='ocr_carea' id='block_1_99' title="bbox 396 5022 1983 5103">
    <p class='ocr_par' dir='ltr' id='par_1_99' title="bbox 396 5022 1983 5103">
     <span class='ocr_line' id='line_1_99' title="bbox 396 5022 1983 5103; baseline 0.003 -29"><span class='ocrx_word' id='word_1_744' title='bbox 396 5023 496 5075; x_wconf 75' lang='grc' dir='ltr'><strong>καὶ</strong></span> <span class='ocrx_word' id='word_1_745' title='bbox 522 5022 606 5094; x_wconf 81' lang='grc' dir='ltr'>τῷ</span> <span class='ocrx_word' id='word_1_746' title='bbox 642 5023 741 5092; x_wconf 86' lang='grc' dir='ltr'>τῆς</span> <span class='ocrx_word' id='word_1_747' title='bbox 770 5023 1067 5094; x_wconf 83' lang='grc' dir='ltr'>βασκανίας</span> <span class='ocrx_word' id='word_1_748' title='bbox 1099 5026 1243 5103; x_wconf 62' lang='grc' dir='ltr'>πυρὶ</span> <span class='ocrx_word' id='word_1_749' title='bbox 1265 5024 1450 5081; x_wconf 78' lang='grc' dir='ltr'>λοιπὸν</span> <span class='ocrx_word' id='word_1_750' title='bbox 1490 5024 1780 5097; x_wconf 73' lang='grc' dir='ltr'>ἀφορήτους</span> <span class='ocrx_word' id='word_1_751' title='bbox 1810 5041 1983 5079; x_wconf 73' lang='grc' dir='ltr'>καται</span> 
     </span>
    </p>
   </div>
   <div class='ocr_carea' id='block_1_100' title="bbox 393 5115 1983 5191">
    <p class='ocr_par' dir='ltr' id='par_1_100' title="bbox 393 5115 1983 5191">
     <span class='ocr_line' id='line_1_100' title="bbox 393 5115 1983 5191; baseline 0.004 -26"><span class='ocrx_word' id='word_1_752' title='bbox 393 5115 750 5186; x_wconf 78' lang='grc' dir='ltr'>τρυχόμενοι,</span> <span class='ocrx_word' id='word_1_753' title='bbox 788 5116 923 5187; x_wconf 82' lang='grc' dir='ltr'>πρὸς</span> <span class='ocrx_word' id='word_1_754' title='bbox 962 5117 1226 5189; x_wconf 85' lang='grc' dir='ltr'>ἀλλήλους</span> <span class='ocrx_word' id='word_1_755' title='bbox 1272 5117 1479 5191; x_wconf 66' lang='grc' dir='ltr'>ἔλεγον·</span> <span class='ocrx_word' id='word_1_756' title='bbox 1516 5136 1535 5168; x_wconf 77' lang='grc' dir='ltr'>σ</span> <span class='ocrx_word' id='word_1_757' title='bbox 1581 5116 1646 5170; x_wconf 87' lang='grc' dir='ltr'>Τί</span> <span class='ocrx_word' id='word_1_758' title='bbox 1683 5115 1983 5186; x_wconf 74' lang='grc' dir='ltr'>ποιοῦμενς</span> 
     </span>
    </p>
   </div>
   <div class='ocr_carea' id='block_1_101' title="bbox 392 5201 1978 5281">
    <p class='ocr_par' dir='ltr' id='par_1_101' title="bbox 392 5201 1978 5281">
     <span class='ocr_line' id='line_1_101' title="bbox 392 5201 1978 5281; baseline 0.003 -23"><span class='ocrx_word' id='word_1_759' title='bbox 392 5204 483 5259; x_wconf 74' lang='grc' dir='ltr'><strong>δτι</strong></span> <span class='ocrx_word' id='word_1_760' title='bbox 518 5201 676 5272; x_wconf 70' lang='grc' dir='ltr'>οὗτος</span> <span class='ocrx_word' id='word_1_761' title='bbox 710 5207 743 5262; x_wconf 82' lang='grc' dir='ltr'><strong>δ</strong></span> <span class='ocrx_word' id='word_1_762' title='bbox 790 5207 1076 5279; x_wconf 76' lang='grc' dir='ltr'>ἄνθρωπος</span> <span class='ocrx_word' id='word_1_763' title='bbox 1106 5208 1277 5264; x_wconf 80' lang='grc' dir='ltr'>πολλά</span> <span class='ocrx_word' id='word_1_764' title='bbox 1305 5213 1508 5281; x_wconf 81' lang='grc' dir='ltr'>σημεῖα</span> <span class='ocrx_word' id='word_1_765' title='bbox 1536 5211 1698 5264; x_wconf 78' lang='grc' dir='ltr'>ποιεῖ.</span> <span class='ocrx_word' id='word_1_766' title='bbox 1741 5226 1762 5261; x_wconf 72' lang='grc' dir='ltr'><strong>ι</strong></span> <span class='ocrx_word' id='word_1_767' title='bbox 1794 5208 1978 5279; x_wconf 78' lang='grc' dir='ltr'>Αίνιγ-</span> 
     </span>
    </p>
   </div>
   <div class='ocr_carea' id='block_1_102' title="bbox 395 5294 1980 5372">
    <p class='ocr_par' dir='ltr' id='par_1_102' title="bbox 395 5294 1980 5372">
     <span class='ocr_line' id='line_1_102' title="bbox 395 5294 1980 5372; baseline 0.003 -21"><span class='ocrx_word' id='word_1_768' title='bbox 395 5312 485 5368; x_wconf 77' lang='grc' dir='ltr'><strong>μα</strong></span> <span class='ocrx_word' id='word_1_769' title='bbox 511 5296 579 5370; x_wconf 72' lang='grc' dir='ltr'>δὴ</span> <span class='ocrx_word' id='word_1_770' title='bbox 597 5294 737 5352; x_wconf 74' lang='grc' dir='ltr'><strong>οὗνὸ</strong></span> <span class='ocrx_word' id='word_1_771' title='bbox 756 5299 1123 5372; x_wconf 83' lang='grc' dir='ltr'>παμποίκιλος</span> <span class='ocrx_word' id='word_1_772' title='bbox 1142 5302 1275 5372; x_wconf 80' lang='grc' dir='ltr'>ἡμῖν</span> <span class='ocrx_word' id='word_1_773' title='bbox 1300 5299 1468 5370; x_wconf 85' lang='grc' dir='ltr'>χιτών</span> <span class='ocrx_word' id='word_1_774' title='bbox 1496 5303 1612 5356; x_wconf 82' lang='grc' dir='ltr'>ἐστι</span> <span class='ocrx_word' id='word_1_775' title='bbox 1640 5301 1742 5372; x_wconf 84' lang='grc' dir='ltr'><strong>τῆς</strong></span> <span class='ocrx_word' id='word_1_776' title='bbox 1762 5300 1980 5355; x_wconf 79' lang='grc' dir='ltr'>πολυει·</span> 
     </span>
    </p>
   </div>
   <div class='ocr_carea' id='block_1_103' title="bbox 389 5387 1981 5464">
    <p class='ocr_par' dir='ltr' id='par_1_103' title="bbox 389 5387 1981 5464">
     <span class='ocr_line' id='line_1_103' title="bbox 389 5387 1981 5464; baseline 0.004 -23"><span class='ocrx_word' id='word_1_777' title='bbox 389 5387 525 5454; x_wconf 77' lang='grc' dir='ltr'>δοῦς</span> <span class='ocrx_word' id='word_1_778' title='bbox 567 5389 842 5457; x_wconf 76' lang='grc' dir='ltr'>εὐκλείας,</span> <span class='ocrx_word' id='word_1_779' title='bbox 885 5395 951 5463; x_wconf 77' lang='grc' dir='ltr'>ἥν</span> <span class='ocrx_word' id='word_1_780' title='bbox 982 5393 1013 5446; x_wconf 79' lang='grc' dir='ltr'><strong>ὁ</strong></span> <span class='ocrx_word' id='word_1_781' title='bbox 1045 5391 1179 5457; x_wconf 76' lang='grc' dir='ltr'>Θεὸς</span> <span class='ocrx_word' id='word_1_782' title='bbox 1214 5394 1309 5447; x_wconf 72' lang='grc' dir='ltr'>καὶ</span> <span class='ocrx_word' id='word_1_783' title='bbox 1336 5392 1528 5464; x_wconf 79' lang='grc' dir='ltr'>Πατὴρ</span> <span class='ocrx_word' id='word_1_784' title='bbox 1564 5392 1868 5464; x_wconf 83' lang='grc' dir='ltr'>περιθεῖναι</span> <span class='ocrx_word' id='word_1_785' title='bbox 1894 5392 1981 5447; x_wconf 79' lang='grc' dir='ltr'>λέ-</span> 
     </span>
    </p>
   </div>
   <div class='ocr_carea' id='block_1_104' title="bbox 389 5479 1981 5553">
    <p class='ocr_par' dir='ltr' id='par_1_104' title="bbox 389 5479 1981 5553">
     <span class='ocr_line' id='line_1_104' title="bbox 389 5479 1981 5553; baseline 0.003 -22"><span class='ocrx_word' id='word_1_786' title='bbox 389 5493 558 5548; x_wconf 73' lang='grc' dir='ltr'>γεται</span> <span class='ocrx_word' id='word_1_787' title='bbox 578 5479 655 5551; x_wconf 83' lang='grc' dir='ltr'>τῷ</span> <span class='ocrx_word' id='word_1_788' title='bbox 688 5480 802 5552; x_wconf 83' lang='grc' dir='ltr'><strong>Υἱῷ</strong></span> <span class='ocrx_word' id='word_1_789' title='bbox 830 5482 953 5536; x_wconf 84' lang='grc' dir='ltr'>καθ’</span> <span class='ocrx_word' id='word_1_790' title='bbox 977 5483 1128 5553; x_wconf 66' lang='grc' dir='ltr'>ἡμᾶς</span> <span class='ocrx_word' id='word_1_791' title='bbox 1170 5482 1447 5553; x_wconf 80' lang='grc' dir='ltr'>γενομένῳ</span> <span class='ocrx_word' id='word_1_792' title='bbox 1472 5480 1559 5536; x_wconf 73' lang='grc' dir='ltr'><strong>διὰ</strong></span> <span class='ocrx_word' id='word_1_793' title='bbox 1604 5483 1664 5535; x_wconf 84' lang='grc' dir='ltr'>τὸ</span> <span class='ocrx_word' id='word_1_794' title='bbox 1703 5481 1981 5553; x_wconf 78' lang='grc' dir='ltr'>ἀνθρώπιο</span> 
     </span>
    </p>
   </div>
   <div class='ocr_carea' id='block_1_105' title="bbox 394 5569 1982 5647">
    <p class='ocr_par' dir='ltr' id='par_1_105' title="bbox 394 5569 1982 5647">
     <span class='ocr_line' id='line_1_105' title="bbox 394 5569 1982 5647; baseline -0.001 -19"><span class='ocrx_word' id='word_1_795' title='bbox 394 5588 510 5628; x_wconf 61' lang='grc' dir='ltr'>νῡν.</span> <span class='ocrx_word' id='word_1_796' title='bbox 550 5572 704 5626; x_wconf 69' lang='grc' dir='ltr'>Ἐπεὶ</span> <span class='ocrx_word' id='word_1_797' title='bbox 749 5573 813 5627; x_wconf 89' lang='grc' dir='ltr'>τό</span> <span class='ocrx_word' id='word_1_798' title='bbox 845 5591 908 5643; x_wconf 74' lang='grc' dir='ltr'><strong>γε</strong></span> <span class='ocrx_word' id='word_1_799' title='bbox 952 5569 1087 5647; x_wconf 82' lang='grc' dir='ltr'>ἧκον</span> <span class='ocrx_word' id='word_1_800' title='bbox 1122 5576 1199 5638; x_wconf 83' lang='grc' dir='ltr'>εἰς</span> <span class='ocrx_word' id='word_1_801' title='bbox 1226 5573 1359 5629; x_wconf 76' lang='grc' dir='ltr'>ἰδίαν</span> <span class='ocrx_word' id='word_1_802' title='bbox 1387 5573 1568 5645; x_wconf 81' lang='grc' dir='ltr'>φύσιν,</span> <span class='ocrx_word' id='word_1_803' title='bbox 1593 5573 1755 5637; x_wconf 80' lang='grc' dir='ltr'>αὑτός</span> <span class='ocrx_word' id='word_1_804' title='bbox 1780 5576 1928 5628; x_wconf 79' lang='grc' dir='ltr'>ἐστιν</span> <span class='ocrx_word' id='word_1_805' title='bbox 1952 5575 1982 5627; x_wconf 86' lang='grc' dir='ltr'>ὀ</span> 
     </span>
    </p>
   </div>
   <div class='ocr_carea' id='block_1_106' title="bbox 2083 4562 3663 4640">
    <p class='ocr_par' dir='ltr' id='par_1_106' title="bbox 2083 4562 3663 4640">
     <span class='ocr_line' id='line_1_106' title="bbox 2083 4562 3663 4640; baseline -0.003 -17"><span class='ocrx_word' id='word_1_806' title='bbox 2083 4568 2290 4640; x_wconf 67' lang='lat' dir='ltr'><strong>gloriae,</strong></span> <span class='ocrx_word' id='word_1_807' title='bbox 2314 4581 2423 4638; x_wconf 85' lang='lat' dir='ltr'><strong>qua</strong></span> <span class='ocrx_word' id='word_1_808' title='bbox 2444 4565 2593 4622; x_wconf 89' lang='lat' dir='ltr'><strong>Deus</strong></span> <span class='ocrx_word' id='word_1_809' title='bbox 2613 4579 2678 4621; x_wconf 88' lang='lat' dir='ltr'><strong>ac</strong></span> <span class='ocrx_word' id='word_1_810' title='bbox 2698 4565 2863 4620; x_wconf 85' lang='lat' dir='ltr'><strong>Pater</strong></span> <span class='ocrx_word' id='word_1_811' title='bbox 2883 4562 3066 4619; x_wconf 87' lang='lat' dir='ltr'><strong>induit</strong></span> <span class='ocrx_word' id='word_1_812' title='bbox 3086 4563 3307 4630; x_wconf 85' lang='lat' dir='ltr'><strong>Filium,</strong></span> <span class='ocrx_word' id='word_1_813' title='bbox 3331 4564 3492 4620; x_wconf 87' lang='lat' dir='ltr'><strong>nobis</strong></span> <span class='ocrx_word' id='word_1_814' title='bbox 3513 4565 3663 4620; x_wconf 81' lang='lat' dir='ltr'><strong>siml-</strong></span> 
     </span>
    </p>
   </div>
   <div class='ocr_carea' id='block_1_107' title="bbox 2082 4656 3663 4730">
    <p class='ocr_par' dir='ltr' id='par_1_107' title="bbox 2082 4656 3663 4730">
     <span class='ocr_line' id='line_1_107' title="bbox 2082 4656 3663 4730; baseline -0.003 -14"><span class='ocrx_word' id='word_1_815' title='bbox 2082 4660 2191 4716; x_wconf 88' lang='lat' dir='ltr'><strong>lem</strong></span> <span class='ocrx_word' id='word_1_816' title='bbox 2222 4658 2429 4715; x_wconf 85' lang='lat' dir='ltr'><strong>factum</strong></span> <span class='ocrx_word' id='word_1_817' title='bbox 2460 4664 2690 4730; x_wconf 87' lang='lat' dir='ltr'><strong>propter</strong></span> <span class='ocrx_word' id='word_1_818' title='bbox 2721 4656 3142 4713; x_wconf 87' lang='lat' dir='ltr'><strong>humanitatem.</strong></span> <span class='ocrx_word' id='word_1_819' title='bbox 3175 4656 3459 4728; x_wconf 88' lang='lat' dir='ltr'><strong>Siquidem</strong></span> <span class='ocrx_word' id='word_1_820' title='bbox 3493 4668 3663 4728; x_wconf 86' lang='lat' dir='ltr'><strong>quan-</strong></span> 
     </span>
    </p>
   </div>
   <div class='ocr_carea' id='block_1_108' title="bbox 2082 4748 3665 4825">
    <p class='ocr_par' dir='ltr' id='par_1_108' title="bbox 2082 4748 3665 4825">
     <span class='ocr_line' id='line_1_108' title="bbox 2082 4748 3665 4825; baseline -0.006 -15"><span class='ocrx_word' id='word_1_821' title='bbox 2082 4762 2203 4811; x_wconf 89' lang='lat' dir='ltr'><strong>tum</strong></span> <span class='ocrx_word' id='word_1_822' title='bbox 2237 4752 2309 4809; x_wconf 89' lang='lat' dir='ltr'><strong>ad</strong></span> <span class='ocrx_word' id='word_1_823' title='bbox 2344 4752 2622 4825; x_wconf 85' lang='lat' dir='ltr'><strong>propriam</strong></span> <span class='ocrx_word' id='word_1_824' title='bbox 2656 4751 2835 4822; x_wconf 84' lang='lat' dir='ltr'><strong>ipsius</strong></span> <span class='ocrx_word' id='word_1_825' title='bbox 2869 4757 3124 4805; x_wconf 88' lang='lat' dir='ltr'><strong>naturam</strong></span> <span class='ocrx_word' id='word_1_826' title='bbox 3172 4750 3389 4815; x_wconf 82' lang='lat' dir='ltr'><strong>attinet,</strong></span> <span class='ocrx_word' id='word_1_827' title='bbox 3429 4748 3547 4821; x_wconf 87' lang='lat' dir='ltr'><strong>ipse</strong></span> <span class='ocrx_word' id='word_1_828' title='bbox 3581 4755 3665 4804; x_wconf 87' lang='lat' dir='ltr'><strong>est</strong></span> 
     </span>
    </p>
   </div>
   <div class='ocr_carea' id='block_1_109' title="bbox 2082 4841 3662 4915">
    <p class='ocr_par' dir='ltr' id='par_1_109' title="bbox 2082 4841 3662 4915">
     <span class='ocr_line' id='line_1_109' title="bbox 2082 4841 3662 4915; baseline -0.003 -14"><span class='ocrx_word' id='word_1_829' title='bbox 2082 4845 2351 4902; x_wconf 87' lang='lat' dir='ltr'><strong>Dominus</strong></span> <span class='ocrx_word' id='word_1_830' title='bbox 2395 4841 2584 4915; x_wconf 62' lang='lat' dir='ltr'><strong>gloriae</strong></span> <span class='ocrx_word' id='word_1_831' title='bbox 2606 4883 2622 4909; x_wconf 86' lang='lat'><strong>,</strong></span> <span class='ocrx_word' id='word_1_832' title='bbox 2664 4842 2884 4899; x_wconf 88' lang='lat' dir='ltr'><strong>tametsi</strong></span> <span class='ocrx_word' id='word_1_833' title='bbox 2907 4883 2923 4909; x_wconf 86' lang='lat'><strong>,</strong></span> <span class='ocrx_word' id='word_1_834' title='bbox 2976 4849 3203 4913; x_wconf 90' lang='lat' dir='ltr'><strong>propter</strong></span> <span class='ocrx_word' id='word_1_835' title='bbox 3245 4841 3662 4898; x_wconf 85' lang='lat' dir='ltr'><strong>similitudinem</strong></span> 
     </span>
    </p>
   </div>
   <div class='ocr_carea' id='block_1_110' title="bbox 2087 4929 3664 5009">
    <p class='ocr_par' dir='ltr' id='par_1_110' title="bbox 2087 4929 3664 5009">
     <span class='ocr_line' id='line_1_110' title="bbox 2087 4929 3664 5009; baseline -0.003 -18"><span class='ocrx_word' id='word_1_836' title='bbox 2087 4950 2253 5009; x_wconf 89' lang='lat' dir='ltr'><strong>quam</strong></span> <span class='ocrx_word' id='word_1_837' title='bbox 2267 4934 2556 4991; x_wconf 86' lang='lat' dir='ltr'><strong>nobiscum</strong></span> <span class='ocrx_word' id='word_1_838' title='bbox 2577 4934 2985 5000; x_wconf 72' lang='lat' dir='ltr'><strong>babet,dicat:c</strong></span> <span class='ocrx_word' id='word_1_839' title='bbox 2999 4933 3184 4998; x_wconf 81' lang='lat' dir='ltr'><strong>Pater,</strong></span> <span class='ocrx_word' id='word_1_840' title='bbox 3207 4929 3444 4989; x_wconf 75' lang='lat' dir='ltr'><strong>clariﬁca</strong></span> <span class='ocrx_word' id='word_1_841' title='bbox 3468 4929 3664 4986; x_wconf 81' lang='lat' dir='ltr'><strong>Filium</strong></span> 
     </span>
    </p>
   </div>
   <div class='ocr_carea' id='block_1_111' title="bbox 2087 5018 3665 5095">
    <p class='ocr_par' dir='ltr' id='par_1_111' title="bbox 2087 5018 3665 5095">
     <span class='ocr_line' id='line_1_111' title="bbox 2087 5018 3665 5095; baseline -0.005 -11"><span class='ocrx_word' id='word_1_842' title='bbox 2087 5036 2246 5084; x_wconf 87' lang='lat' dir='ltr'><strong>tuum</strong></span> <span class='ocrx_word' id='word_1_843' title='bbox 2281 5028 2321 5080; x_wconf 73' lang='grc' dir='ltr'><strong>ι.</strong></span> <span class='ocrx_word' id='word_1_844' title='bbox 2349 5044 2370 5079; x_wconf 71' lang='grc' dir='ltr'><strong>ι</strong></span> <span class='ocrx_word' id='word_1_845' title='bbox 2396 5023 2688 5095; x_wconf 71' lang='grc' dir='ltr'>Ηίείείιοτ</span> <span class='ocrx_word' id='word_1_846' title='bbox 2722 5024 2792 5080; x_wconf 89' lang='lat' dir='ltr'><strong>de</strong></span> <span class='ocrx_word' id='word_1_847' title='bbox 2814 5024 2998 5080; x_wconf 87' lang='lat' dir='ltr'><strong>causis</strong></span> <span class='ocrx_word' id='word_1_848' title='bbox 3031 5036 3169 5093; x_wconf 81' lang='lat' dir='ltr'><strong>quas</strong></span> <span class='ocrx_word' id='word_1_849' title='bbox 3197 5018 3471 5083; x_wconf 84' lang='lat' dir='ltr'><strong>recensul,</strong></span> <span class='ocrx_word' id='word_1_850' title='bbox 3496 5021 3665 5076; x_wconf 75' lang='lat' dir='ltr'><strong>exsti-</strong></span> 
     </span>
    </p>
   </div>
   <div class='ocr_carea' id='block_1_112' title="bbox 2088 5108 3665 5186">
    <p class='ocr_par' dir='ltr' id='par_1_112' title="bbox 2088 5108 3665 5186">
     <span class='ocr_line' id='line_1_112' title="bbox 2088 5108 3665 5186; baseline -0.005 -11"><span class='ocrx_word' id='word_1_851' title='bbox 2088 5118 2280 5175; x_wconf 86' lang='lat' dir='ltr'><strong>mulati</strong></span> <span class='ocrx_word' id='word_1_852' title='bbox 2312 5125 2442 5173; x_wconf 87' lang='lat' dir='ltr'><strong>sunt</strong></span> <span class='ocrx_word' id='word_1_853' title='bbox 2459 5116 2528 5173; x_wconf 84' lang='lat' dir='ltr'><strong>ad</strong></span> <span class='ocrx_word' id='word_1_854' title='bbox 2546 5116 2684 5172; x_wconf 86' lang='lat' dir='ltr'><strong>iram</strong></span> <span class='ocrx_word' id='word_1_855' title='bbox 2708 5124 2875 5186; x_wconf 86' lang='lat' dir='ltr'><strong>atque</strong></span> <span class='ocrx_word' id='word_1_856' title='bbox 2902 5112 3164 5170; x_wconf 86' lang='lat' dir='ltr'><strong>invidiam</strong></span> <span class='ocrx_word' id='word_1_857' title='bbox 3185 5109 3284 5167; x_wconf 77' lang='lat' dir='ltr'><strong>ﬁlii</strong></span> <span class='ocrx_word' id='word_1_858' title='bbox 3305 5108 3665 5177; x_wconf 81' lang='lat' dir='ltr'><strong>ancillarum;</strong></span> 
     </span>
    </p>
   </div>
   <div class='ocr_carea' id='block_1_113' title="bbox 2088 5200 3668 5283">
    <p class='ocr_par' dir='ltr' id='par_1_113' title="bbox 2088 5200 3668 5283">
     <span class='ocr_line' id='line_1_113' title="bbox 2088 5200 3668 5283; baseline -0.005 -17"><span class='ocrx_word' id='word_1_859' title='bbox 2088 5219 2353 5283; x_wconf 65' lang='lat' dir='ltr'><strong>praeterea</strong></span> <span class='ocrx_word' id='word_1_860' title='bbox 2383 5209 2440 5265; x_wconf 87' lang='lat' dir='ltr'><strong>in</strong></span> <span class='ocrx_word' id='word_1_861' title='bbox 2458 5208 2833 5281; x_wconf 79' lang='lat' dir='ltr'><strong>suspicionem</strong></span> <span class='ocrx_word' id='word_1_862' title='bbox 2867 5205 3182 5262; x_wconf 88' lang='lat' dir='ltr'><strong>inciderunt</strong></span> <span class='ocrx_word' id='word_1_863' title='bbox 3215 5218 3285 5260; x_wconf 78' lang='lat' dir='ltr'><strong>ex</strong></span> <span class='ocrx_word' id='word_1_864' title='bbox 3322 5200 3521 5260; x_wconf 83' lang='lat' dir='ltr'><strong>somnii</strong></span> <span class='ocrx_word' id='word_1_865' title='bbox 3543 5216 3668 5259; x_wconf 77' lang='lat' dir='ltr'><strong>nar-</strong></span> 
     </span>
    </p>
   </div>
   <div class='ocr_carea' id='block_1_114' title="bbox 2080 5295 3668 5372">
    <p class='ocr_par' dir='ltr' id='par_1_114' title="bbox 2080 5295 3668 5372">
     <span class='ocr_line' id='line_1_114' title="bbox 2080 5295 3668 5372; baseline -0.004 -16"><span class='ocrx_word' id='word_1_866' title='bbox 2080 5302 2316 5356; x_wconf 89' lang='lat' dir='ltr'><strong>ratione.</strong></span> <span class='ocrx_word' id='word_1_867' title='bbox 2336 5300 2497 5372; x_wconf 80' lang='lat'><strong>190</strong></span> <span class='ocrx_word' id='word_1_868' title='bbox 2507 5301 2921 5357; x_wconf 63' lang='lat' dir='ltr'><strong>Praenoscentes</strong></span> <span class='ocrx_word' id='word_1_869' title='bbox 2932 5295 3080 5353; x_wconf 90' lang='lat' dir='ltr'><strong>enim</strong></span> <span class='ocrx_word' id='word_1_870' title='bbox 3094 5295 3224 5368; x_wconf 87' lang='lat' dir='ltr'><strong>quia</strong></span> <span class='ocrx_word' id='word_1_871' title='bbox 3249 5309 3508 5352; x_wconf 84' lang='lat' dir='ltr'><strong>successu</strong></span> <span class='ocrx_word' id='word_1_872' title='bbox 3533 5302 3668 5350; x_wconf 82' lang='lat' dir='ltr'><strong>tem—</strong></span> 
     </span>
    </p>
   </div>
   <div class='ocr_carea' id='block_1_115' title="bbox 2079 5381 3669 5465">
    <p class='ocr_par' dir='ltr' id='par_1_115' title="bbox 2079 5381 3669 5465">
     <span class='ocr_line' id='line_1_115' title="bbox 2079 5381 3669 5465; baseline -0.004 -18"><span class='ocrx_word' id='word_1_873' title='bbox 2079 5391 2234 5465; x_wconf 88' lang='lat' dir='ltr'><strong>poris</strong></span> <span class='ocrx_word' id='word_1_874' title='bbox 2259 5391 2431 5449; x_wconf 89' lang='lat' dir='ltr'><strong>futuri</strong></span> <span class='ocrx_word' id='word_1_875' title='bbox 2453 5397 2638 5448; x_wconf 86' lang='lat' dir='ltr'><strong>essent</strong></span> <span class='ocrx_word' id='word_1_876' title='bbox 2661 5388 2869 5445; x_wconf 88' lang='lat' dir='ltr'><strong>subditi</strong></span> <span class='ocrx_word' id='word_1_877' title='bbox 2886 5387 3064 5455; x_wconf 86' lang='lat' dir='ltr'><strong>fratri,</strong></span> <span class='ocrx_word' id='word_1_878' title='bbox 3094 5400 3330 5457; x_wconf 87' lang='lat' dir='ltr'><strong>eumque</strong></span> <span class='ocrx_word' id='word_1_879' title='bbox 3360 5381 3669 5450; x_wconf 79' lang='lat' dir='ltr'><strong>adoraturi,</strong></span> 
     </span>
    </p>
   </div>
   <div class='ocr_carea' id='block_1_116' title="bbox 2085 5475 3669 5557">
    <p class='ocr_par' dir='ltr' id='par_1_116' title="bbox 2085 5475 3669 5557">
     <span class='ocr_line' id='line_1_116' title="bbox 2085 5475 3669 5557; baseline -0.006 -17"><span class='ocrx_word' id='word_1_880' title='bbox 2085 5485 2267 5557; x_wconf 91' lang='lat' dir='ltr'><strong>ipsum</strong></span> <span class='ocrx_word' id='word_1_881' title='bbox 2293 5499 2429 5540; x_wconf 87' lang='lat' dir='ltr'><strong>vero</strong></span> <span class='ocrx_word' id='word_1_882' title='bbox 2453 5484 2613 5554; x_wconf 86' lang='lat' dir='ltr'><strong>longe</strong></span> <span class='ocrx_word' id='word_1_883' title='bbox 2636 5481 2984 5553; x_wconf 88' lang='lat' dir='ltr'><strong>superiorem</strong></span> <span class='ocrx_word' id='word_1_884' title='bbox 3006 5477 3147 5545; x_wconf 87' lang='lat' dir='ltr'><strong>fore,</strong></span> <span class='ocrx_word' id='word_1_885' title='bbox 3179 5484 3344 5548; x_wconf 89' lang='lat' dir='ltr'><strong>atque</strong></span> <span class='ocrx_word' id='word_1_886' title='bbox 3366 5475 3424 5531; x_wconf 89' lang='lat' dir='ltr'><strong>iu</strong></span> <span class='ocrx_word' id='word_1_887' title='bbox 3454 5483 3669 5533; x_wconf 86' lang='lat' dir='ltr'><strong>tantum</strong></span> 
     </span>
    </p>
   </div>
   <div class='ocr_carea' id='block_1_117' title="bbox 2084 5568 3672 5649">
    <p class='ocr_par' dir='ltr' id='par_1_117' title="bbox 2084 5568 3672 5649">
     <span class='ocr_line' id='line_1_117' title="bbox 2084 5568 3672 5649; baseline -0.005 -16"><span class='ocrx_word' id='word_1_888' title='bbox 2084 5577 2273 5649; x_wconf 63' lang='lat' dir='ltr'><strong>gloriae</strong></span> <span class='ocrx_word' id='word_1_889' title='bbox 2302 5576 2579 5649; x_wconf 79' lang='lat' dir='ltr'><strong>fastigium</strong></span> <span class='ocrx_word' id='word_1_890' title='bbox 2612 5574 2985 5640; x_wconf 86' lang='lat' dir='ltr'><strong>evehendum,</strong></span> <span class='ocrx_word' id='word_1_891' title='bbox 3013 5578 3076 5628; x_wconf 95' lang='lat' dir='ltr'><strong>ut</strong></span> <span class='ocrx_word' id='word_1_892' title='bbox 3097 5570 3168 5627; x_wconf 85' lang='lat' dir='ltr'><strong>ab</strong></span> <span class='ocrx_word' id='word_1_893' title='bbox 3196 5570 3332 5642; x_wconf 89' lang='lat' dir='ltr'><strong>ipsis</strong></span> <span class='ocrx_word' id='word_1_894' title='bbox 3366 5568 3537 5626; x_wconf 84' lang='lat' dir='ltr'><strong>etiam</strong></span> <span class='ocrx_word' id='word_1_895' title='bbox 3571 5583 3672 5641; x_wconf 82' lang='lat' dir='ltr'><strong>pa-</strong></span> 
     </span>
    </p>
   </div>
   <div class='ocr_carea' id='block_1_118' title="bbox 484 5747 1967 5825">
    <p class='ocr_par' dir='ltr' id='par_1_118' title="bbox 484 5755 1967 5825">
     <span class='ocr_line' id='line_1_118' title="bbox 484 5755 1967 5825; baseline 0 -14"><span class='ocrx_word' id='word_1_896' title='bbox 484 5755 532 5788; x_wconf 83' lang='grc'><strong><em>⁹⁹</em></strong></span> <span class='ocrx_word' id='word_1_897' title='bbox 554 5756 691 5812; x_wconf 76' lang='lat' dir='ltr'><strong>Osee</strong></span> <span class='ocrx_word' id='word_1_898' title='bbox 714 5772 809 5823; x_wconf 79' lang='lat' dir='ltr'><strong>vn,</strong></span> <span class='ocrx_word' id='word_1_899' title='bbox 846 5756 936 5813; x_wconf 72' lang='lat' dir='ltr'><strong>l3.</strong></span> <span class='ocrx_word' id='word_1_900' title='bbox 1040 5758 1087 5789; x_wconf 78' lang='lat'><strong>“</strong></span> <span class='ocrx_word' id='word_1_901' title='bbox 1110 5756 1246 5813; x_wconf 83' lang='lat' dir='ltr'><strong>ibid.</strong></span> <span class='ocrx_word' id='word_1_902' title='bbox 1288 5757 1375 5813; x_wconf 71' lang='lat' dir='ltr'><strong>id.</strong></span> <span class='ocrx_word' id='word_1_903' title='bbox 1454 5756 1497 5792; x_wconf 82' lang='grc'><strong>⁰¹</strong></span> <span class='ocrx_word' id='word_1_904' title='bbox 1523 5758 1644 5814; x_wconf 77' lang='lat' dir='ltr'><strong>Act.</strong></span> <span class='ocrx_word' id='word_1_905' title='bbox 1674 5772 1745 5825; x_wconf 80' lang='lat' dir='ltr'><strong>tv,</strong></span> <span class='ocrx_word' id='word_1_906' title='bbox 1775 5755 1863 5811; x_wconf 70' lang='grc'><strong>12.</strong></span> <span class='ocrx_word' id='word_1_907' title='bbox 1937 5758 1967 5790; x_wconf 77' lang='grc'><strong>⁸³</strong></span> 
     </span>
    </p>
   </div>
   <div class='ocr_carea' id='block_1_119' title="bbox 2067 5747 3496 5825">
    <p class='ocr_par' dir='ltr' id='par_1_119' title="bbox 2067 5747 3496 5822">
     <span class='ocr_line' id='line_1_119' title="bbox 2067 5747 3496 5822; baseline -0.003 -12"><span class='ocrx_word' id='word_1_908' title='bbox 2067 5756 2145 5810; x_wconf 69' lang='lat' dir='ltr'><strong>al.</strong></span> <span class='ocrx_word' id='word_1_909' title='bbox 2180 5771 2351 5822; x_wconf 57' lang='lat' dir='ltr'><strong>nvi),</strong></span> <span class='ocrx_word' id='word_1_910' title='bbox 2375 5754 2460 5812; x_wconf 73' lang='lat' dir='ltr'><strong>l5.</strong></span> <span class='ocrx_word' id='word_1_911' title='bbox 2537 5753 2583 5787; x_wconf 83' lang='lat'><strong>”</strong></span> <span class='ocrx_word' id='word_1_912' title='bbox 2610 5753 2761 5812; x_wconf 80' lang='lat' dir='ltr'><strong>Ioan.</strong></span> <span class='ocrx_word' id='word_1_913' title='bbox 2798 5768 2872 5819; x_wconf 73' lang='grc' dir='ltr'>ιι,</span> <span class='ocrx_word' id='word_1_914' title='bbox 2915 5752 3003 5808; x_wconf 68' lang='grc'><strong>47.</strong></span> <span class='ocrx_word' id='word_1_915' title='bbox 3084 5751 3419 5815; x_wconf 77' lang='lat' dir='ltr'><strong>&#39;Ioan.xvu,</strong></span> <span class='ocrx_word' id='word_1_916' title='bbox 3445 5747 3496 5805; x_wconf 78' lang='grc' dir='ltr'>ί.</span> 
     </span>
    </p>
   </div>
  </div>
