4032 6198
371 322 482 380 303

1397 317 1454 374 S.
1495 316 1767 372 CYRILLI
1807 314 2275 372 ALEXANDRINI
2314 315 2630 372 ARCHIEP.

3530 313 3631 370 306

377 438 628 493 rentibus
653 435 996 502 adoraretur,
1021 434 1347 490 frendebant
1380 433 1658 499 dentibus,
1685 441 1738 487 et
1770 431 1837 487 de
1870 432 1954 486 in-

2069 433 2157 503 τῆς
2183 431 2340 502 δόξης
2365 432 2567 502 Κύριος
2593 444 2606 460 ⁶
2642 429 2743 484 κᾶν
2794 431 2842 484 εί
2893 430 3042 498 λέγοι
3076 427 3234 499 τυχδν
3280 426 3632 500 οἰκονομικῶς

376 527 698 586 terficiendo
718 543 784 583 eo
800 527 1129 599 cogitarunt.
1153 523 1476 579 Exacerbati
1494 539 1624 579 vero
1643 531 1772 578 sunt
1789 523 1956 577 etiam

373 617 570 682 Judzei,
596 631 774 686 neque
797 630 991 686 parum
1013 614 1217 678 alllicti,
1246 613 1609 684 intelligentes
1630 613 1957 668 Emmanue-

373 711 482 764 lem
512 709 661 780 ipsos
692 707 860 762 etiam
889 714 1107 762 sanctos
1134 716 1316 777 patres
1345 714 1751 776 superaturum,
1779 705 1956 776 quod-

373 816 481 870 que
510 801 578 855 ab
609 800 758 854 omni
806 799 1009 869 populo
1048 797 1360 853 adorandus
1385 806 1546 864 esset,
1576 797 1685 852 imo
1714 814 1846 853 vero
1886 797 1956 852 ab

377 895 636 948 universa
667 899 834 946 terra.
878 890 1054 961 Atque
1083 891 1248 960 hujus
1287 891 1366 944 rei
1406 890 1610 946 conscii
1650 889 1905 946 dicebant
1939 905 1952 944 :

382 1006 400 1036 ι
429 984 531 1039 llic
570 991 654 1038 est
677 982 852 1038 haeres
892 1001 904 1036 :
934 983 1138 1046 venite,
1178 981 1492 1037 occidamus
1527 997 1676 1047 eum,
1709 990 1765 1037 et
1788 996 1956 1037 occu-

376 1093 570 1148 pemus
596 1075 974 1130 haereditatem
999 1075 1238 1144 ipsius”;
1269 1094 1285 1126 ι
1331 1074 1547 1128 dicente
1586 1075 1753 1129 etiam
1796 1074 1958 1128 beato

375 1167 548 1224 David
588 1166 884 1236 Unigenito
916 1165 1201 1220 incarnato
1245 1182 1258 1218 :
1292 1183 1310 1215 ι
1341 1163 1546 1220 Omnes
1591 1173 1781 1236 gentes
1822 1180 1958 1234 quas

375 1259 556 1315 fecisti
583 1259 827 1322 venient,
853 1264 909 1311 et
933 1256 1239 1311 adorabunt
1275 1271 1457 1310 coram
1502 1265 1574 1321 te,
1605 1256 1832 1309 Domine
1857 1255 1896 1320 ”;
1932 1274 1949 1306 ι

378 1349 583 1405 alicubi
628 1364 761 1404 vero
814 1362 1036 1402 rursum
1087 1346 1254 1402 etiam
1304 1347 1547 1417 ipsorum
1588 1345 1957 1401 lsraelitarum

379 1441 644 1496 adversus
685 1439 970 1495 Christum
1012 1438 1276 1493 invidiam
1319 1439 1652 1509 impiamque
1696 1438 1836 1492 iram
1887 1438 1958 1492 ob

377 1531 568 1586 oeulos
594 1538 830 1601 ponente
881 1541 1045 1609 atque
1069 1529 1285 1585 dicente
1314 1547 1327 1583 :
1357 1548 1375 1581 ι
1404 1529 1668 1584 Dominus
1690 1529 1956 1599 regnavit,

380 1623 690 1678 irascantur
715 1621 901 1692 papuli
927 1621 969 1673 δ.
999 1639 1016 1671 ι
1047 1619 1192 1676 Satis
1226 1620 1409 1689 itaque
1440 1619 1650 1674 crudeli
1685 1627 1846 1688 atque
1871 1619 1958 1672 in-

380 1713 589 1767 domita
620 1712 934 1768 Judzeorum
969 1709 1176 1765 invidia
1209 1721 1448 1776 ostensa,
1473 1718 1782 1780 opportune
1807 1710 1960 1764 dica-

2057 526 2144 580 διὰ
2172 529 2269 597 τὴν
2311 530 2448 599 πρὸς
2479 528 2628 598 ἡμᾶς
2671 524 2946 596 ὁμοίωσινο
2983 542 3001 575 ι
3042 525 3226 595 Πάτερ
3245 565 3260 591 ,
3290 523 3512 589 δόξασόν
3541 539 3632 577 σου

2057 615 2151 670 τὸν
2188 617 2336 670 Υίόν.
2383 637 2399 668 ι
2433 615 2810 688 Παρεθήγοντο
2841 615 2907 686 δὴ
2935 610 3029 668 οῦν
3063 616 3142 676 είς
3170 614 3346 678 λύπας
3376 617 3424 667 οί
3454 615 3518 668 ὲκ
3549 613 3635 667 θε-
3677 611 3688 629 ’

2060 707 2360 779 ραπαινῶν,
2391 709 2473 777 ἐφ’
2500 703 2580 770 οἷς
2601 706 2738 778 ἔφην
2767 707 2988 776 ἀρτίως.
3023 707 3135 759 Καὶ
3158 706 3295 776 πρός
3324 723 3387 774 γε
3419 707 3483 776 δὴ
3511 706 3634 760 τού-

2057 816 2188 863 τοις,
2220 797 2451 852 ὕποπτοι
2494 797 2751 867 γεγόνασι
2785 797 2871 851 διὰ
2900 798 3001 868 τὴν
3059 797 3167 850 τῶν
3211 797 3478 851 ἐνυπνίων
3529 799 3638 866 ἀφ-

2059 892 2281 963 ήγησιν.
2303 893 2346 943 Π
2355 890 2885 962 ροαναμανθάνοντες
2899 890 3031 961 γὰρ,
3049 891 3122 953 ὼς
3137 890 3290 944 αὐτοὶ
3310 891 3406 962 μὲν
3427 891 3637 944 ἔσονται

2059 983 2202 1037 κατά
2248 985 2476 1053 καιροὺς
2527 981 2634 1036 ύπὺ
2679 982 2868 1046 πόδας,
2918 983 3013 1036 καὶ
3068 982 3443 1053 προσκυνηταί
3483 997 3498 1010 ·
3525 983 3637 1036 ὁδὲ

2058 1072 2178 1125 λίαν
2216 1072 2280 1143 δὴ
2322 1072 2726 1144 ὑπερκείσεται,
2762 1074 2852 1125 καὶ
2889 1073 2968 1135 είς
3009 1071 3167 1124 τοῦτο
3208 1072 3366 1142 δόξης
3409 1073 3640 1143 ἀναδρα-

2062 1168 2242 1236 μεῖται
2271 1165 2477 1228 λοιπὸν,
2519 1163 2594 1228 ὡς
2629 1165 2725 1218 καὶ
2751 1166 2936 1228 αὐτοῖς
2980 1163 3233 1232 γενέσθαι
3261 1167 3641 1235 προσκυνητδν

2057 1261 2170 1320 τοῖς
2195 1255 2580 1325 γεγεννηκὸσιν
2607 1271 2623 1287 ο
2676 1256 2959 1328 ὲπέτριζον
3007 1256 3107 1326 ἤδη
3139 1253 3270 1319 τνὺς
3301 1255 3522 1319 ὀδόντας
3545 1256 3643 1308 αύ-

2057 1347 2186 1412 τῶν,
2218 1348 2312 1402 καὶ
2342 1345 2440 1411 τὰς
2473 1348 2570 1401 ἐπὶ
2605 1347 2666 1400 τὸ
2695 1347 2892 1418 χρῆναι
2937 1349 3107 1418 φονᾷν
3150 1347 3480 1416 είσεδέχοντο
3507 1345 3644 1414 γνὼ-

2063 1457 2189 1510 μας.
2219 1438 2604 1509 Παρωξύνοντο
2643 1437 2700 1492 δὲ
2735 1439 2829 1492 καὶ
2852 1439 2900 1492 oi
2929 1439 3192 1503 Ἰουδαῖοι,
3216 1439 3312 1491 καὶ
3340 1437 3643 1508 λελύπηντο

2060 1530 2121 1582 ού
2151 1529 2387 1600 μικρῶς,
2422 1528 2785 1600 μανθάνοντες
2811 1530 3003 1583 ὃτικαὶ
3034 1530 3230 1592 αὐτοὺς
3255 1528 3645 1600 ὑπερκείσεται

2060 1621 2186 1684 τοὺς
2217 1620 2402 1688 ἁγίους
2428 1620 2724 1692 Πατέραςό
2747 1620 3114 1691 Ἐμμανουὴλ,
3140 1619 3235 1674 καὶ
3263 1618 3647 1691 προσκυνητδς

2064 1711 2216 1765 ἔσται
2246 1713 2412 1768 παντὶ
2443 1712 2521 1783 τῷ
2567 1712 2701 1784 λαῷ,
2735 1713 2934 1783 μᾶλλον
2963 1713 3020 1766 δὲ
3066 1714 3254 1783 ἁπάσῃ
3283 1713 3349 1782 τῇ
3391 1712 3484 1781 γῇ.
3530 1709 3648 1762 Καὶ

379 1819 504 1859 mus
545 1802 910 1858 intolerabilia
949 1808 1005 1856 et
1034 1801 1450 1873 sanguinolenta
1484 1800 1748 1867 facinora,
1784 1800 1960 1856 unde-

2069 1804 2220 1858 τοῦτο
2251 1808 2522 1869 συνιέντες
2555 1805 2791 1874 ἔφασκον
2813 1821 2827 1836 ο
2857 1799 3022 1867 Οὗτός
3048 1807 3197 1857 ἐστιν
3226 1806 3254 1857 6
3283 1802 3644 1874 κληρονόμος,

376 1911 598 1966 quaque
628 1895 912 1950 historiam
948 1887 1434 1963 sectantes,'atque
1471 1893 1527 1948 in
1559 1892 1735 1961 ipsum
1775 1891 1957 1946 incar-

2061 1890 2214 1944 δεῦτε
2245 1890 2647 1961 ἀποκτείνωμεν
2669 1889 2849 1958 αὑτὸν,
2877 1891 2971 1944 καὶ
2997 1889 3359 1962 κατάσχωμεν
3385 1891 3482 1963 τὴν
3508 1891 3644 1962 κλη-

381 1987 621 2040 nationis
637 1985 914 2056 Unigeniti
930 1999 1157 2055 scopum
1185 1991 1552 2039 recurrentes.
1568 1982 1800 2038 Deducit
1815 1981 1962 2038 enim

2069 1981 2319 2053 ρονομίαν
2341 1979 2524 2034 αὐτοῦ’
2560 2001 2578 2034 ι
2613 1981 2789 2034 καίτοι
2811 1980 2903 2033 τοῦ
2931 1980 3199 2052 μακαρίου
3220 1979 3382 2033 Δαϐιδ
3401 1982 3645 2048 ἀναφανο

375 2095 488 2134 nos
511 2093 577 2134 eo
608 2091 807 2132 sermo.

2069 2073 2146 2127 Ξὺν
2193 2072 2442 2141 λέγοντος
2471 2073 2916 2144 ένηνθρωπηκότι
2945 2073 3024 2144 τῷ
3048 2075 3363 2143 Μονογενεῖ’
3396 2092 3414 2124 ι
3455 2071 3648 2124 Πάντα

376 2171 451 2224 τὰ
497 2170 623 2240 ἔθνη
673 2169 773 2223 ὅσα
813 2169 1094 2240 ἐποίησας,
1126 2167 1316 2239 ἥξουσι
1355 2167 1449 2222 καὶ
1491 2163 1960 2237 προσκυνήσουσιν
1999 2163 2228 2219 ὲνὼπιόν
2271 2181 2386 2231 σου⁹
2454 2163 2630 2236 Κύριε
2661 2179 2675 2192 ⁶
2719 2183 2738 2216 ι
2783 2163 2972 2219 ἄλλοτε
3005 2163 3048 2217 δ’
3079 2161 3147 2218 αὖ
3173 2164 3267 2218 καὶ
3291 2162 3470 2216 αὐτῶν
3533 2160 3651 2214 τῶν

385 2263 444 2329 ἐξ
486 2261 703 2334 Ἰσραὴλ
739 2261 829 2315 τὸν
858 2262 952 2315 ἐπὶ
981 2259 1200 2332 Χριστῷ
1243 2260 1437 2330 φθόνον
1485 2259 1578 2312 καὶ
1639 2258 1740 2327 τὴν
1802 2257 2022 2310 ἀνοσίαν
2061 2257 2227 2329 ὀργὴν
2258 2257 2542 2326 καταφανῆ
2586 2256 2826 2319 τιθέντος
2855 2257 2950 2309 καὶ
2975 2255 3242 2325 λέγοντος
3289 2276 3307 2306 ι
3347 2255 3406 2307 ὐ
3437 2251 3649 2324 Κύριος

386 2355 758 2421 ἐϐασίλευσεν,
789 2355 1195 2426 όργιζέσθωσαν
1236 2355 1375 2408 λαοί.
1411 2371 1429 2404 ι
1472 2350 1863 2422 Ἀποχρώντως
1893 2350 1958 2423 δὴ
1994 2347 2086 2405 οὖν
2118 2352 2208 2404 τὸν
2250 2350 2434 2421 ἀπηνῆ
2503 2349 2595 2402 καὶ
2641 2349 2933 2403 ἀτίθασσον
2971 2349 3079 2402 τῶν
3129 2347 3398 2402 Ἰουδαίων
3465 2359 3638 2397 καταο

376 2445 656 2511 δείξαντες
685 2444 899 2515 φθόνον,
931 2445 1022 2496 ἐπὶ
1066 2443 1255 2514 καιροῦ
1293 2444 1544 2514 λέγωμεν
1568 2443 1636 2496 τὰ
1662 2437 1925 2495 δύσοιστά
1951 2457 2012 2493 τε
2049 2441 2144 2494 καὶ
2176 2442 2436 2511 μιαιφόνα
2473 2439 2821 2510 τολμήματα,
2853 2442 3099 2511 πανταχῆ
3145 2439 3235 2492 τὸν
3266 2440 3364 2510 τῆς
3402 2437 3648 2508 ἱστορίας

389 2536 811 2608 παραθλίὸοντες
844 2535 1021 2604 λόγον,
1050 2536 1145 2588 καὶ
1176 2535 1255 2598 είς
1282 2534 1443 2588 αὑτὸν
1476 2534 1575 2604 τῆς
1613 2531 2076 2604 ὲνανθρωπήσεως
2108 2531 2201 2584 τοῦ
2271 2530 2610 2600 Μονογενοῦς
2658 2530 2974 2596 άναθέοντες
3038 2533 3129 2586 τὸν
3193 2532 3413 2586 σκοπόν.
3485 2531 3649 2583 Ἀνασ

376 2630 605 2699 ’κομίζει
644 2628 752 2700 γὰρ
787 2621 945 2689 αὖθις
970 2626 1050 2689 εἰς
1073 2623 1230 2678 τοῦτο
1264 2625 1412 2695 ἡμᾶς
1442 2625 1470 2677 6
1501 2622 1677 2692 λόγος.

457 2724 510 2778 5.
531 2721 730 2792 Ioseph
747 2720 968 2791 quidem
997 2718 1170 2789 patris
1193 2717 1277 2772 sui
1299 2718 1452 2788 jussu
1481 2717 1539 2773 in
1560 2716 1777 2772 Siehem
1801 2715 1968 2786 profi-

2145 2720 2206 2766 e'.
2253 2711 2413 2766 ’ἰέναι
2449 2712 2548 2783 μὲν
2580 2713 2690 2785 γάρ
2718 2715 2774 2766 ὲν
2804 2713 2974 2785 Σιχὲμ
2999 2713 3089 2767 τὸν
3115 2713 3400 2769 θεσπέσιον
3444 2715 3647 2790 Ἰωσὴφ

377 2815 634 2879 -οἰεοίιιιι,
660 2812 1036 2868 sciscitaturus
1065 2827 1135 2864 an
1162 2809 1400 2872 valeant,
1431 2817 1598 2878 atque
1624 2807 1719 2862 ubi
1746 2815 1803 2862 et
1827 2821 1966 2877 quo-

2071 2806 2134 2859 τὸ
2159 2803 2252 2857 τοῦ
2294 2805 2497 2875 πατρὸς
2524 2805 2804 2858 ἀναπείθει
2829 2805 3162 2875 πρόσταγμα
3184 2847 3199 2871 ,
3231 2808 3350 2860 εἷπε
3361 2824 3390 2876 ρ
3415 2809 3556 2861 εἰσὶν
3585 2813 3649 2864 έν

389 2906 553 2962 modo
579 2911 804 2976 pascant
844 2902 1062 2958 fratres.
1105 2901 1225 2972 Ipse
1251 2916 1384 2956 vero
1413 2900 1550 2966 abit,
1589 2914 1656 2954 ac
1683 2898 1968 2953 difﬁculter

2074 2895 2417 2965 εύρωστίαις,
2451 2896 2545 2948 καὶ
2584 2895 2706 2948 ὅποι
2729 2895 2859 2949 ποτὲ
2889 2897 2983 2950 καὶ
3024 2898 3145 2952 τίνα
3191 2899 3254 2969 δὴ
3289 2900 3488 2969 τρόπον
3527 2902 3651 2956 διαο

390 3013 488 3054 cos
519 2997 748 3060 invenit,
783 3010 892 3049 non
925 2993 1153 3064 quidem
1187 2993 1244 3047 in
1271 2992 1511 3055 Sicbem,
1543 2999 1601 3044 at
1626 2991 1809 3060 potius
1832 3004 1963 3058 pro-

387 3092 564 3148 fectos
593 3091 649 3145 in
688 3087 958 3143 Dotbaim.
1002 3085 1176 3138 Simul
1210 3092 1375 3153 atque
1410 3098 1542 3138 vero
1578 3082 1966 3136 adventantem

392 3179 692 3250 conspicati
721 3185 866 3240 sunt,
890 3175 1138 3229 odiosum
1165 3172 1299 3242 ipsis
1319 3180 1378 3226 et
1406 3185 1626 3242 gravem
1651 3170 1852 3235 rident,
1878 3170 1968 3224 di-

391 3279 580 3328 centes
603 3287 616 3322 :
651 3287 668 3318 ι
694 3269 834 3322 Ecce
855 3264 1152 3319 somniator
1173 3262 1264 3316 ille
1287 3261 1437 3316 venit
1457 3261 1498 3315 '.
1529 3279 1548 3312 ι
1575 3259 1820 3329 Cumque
1839 3275 1967 3314 cum

394 3358 705 3416 interﬁcere
735 3355 1070 3418 statuissent,
1104 3351 1358 3422 prohibet
1389 3351 1604 3406 Ruben.
1632 3350 1970 3405 Dimiserunt

395 3452 578 3519 itaque
611 3448 666 3502 in
698 3459 860 3499 unam
897 3443 1210 3505 cisternam,
1235 3439 1524 3494 consilium
1556 3438 1748 3493 Ruben
1777 3453 1968 3508 asper-

395 3547 609 3595 nantes.
653 3538 839 3606 Neque
879 3534 1051 3588 multo
1078 3540 1220 3603 post,
1248 3531 1505 3586 eductum
1543 3531 1801 3601 juvenem
1827 3545 1859 3584 e
1885 3529 1969 3584 ci-

385 3639 585 3687 eterna
618 3627 985 3683 vendiderunt
1015 3623 1304 3678 lsmaelitis
1341 3624 1398 3677 in
1427 3621 1717 3693 Egyptum
1740 3620 1970 3690 profici-

396 3721 696 3779 scentibus.
731 3719 926 3774 Ruben
957 3733 1090 3773 vero
1119 3731 1244 3771 cum
1268 3715 1334 3770 ad
1365 3715 1656 3769 cisternam
1682 3713 1965 3778 rediisset,

385 3829 576 3887 neque
635 3814 894 3885 juvenem
941 3810 1278 3880 reperisset,
1341 3816 1619 3861 mortuum
1676 3806 1786 3876 jam
1845 3820 1968 3859 cre-

365 3907 536 3964 'dens
599 3914 770 3974 atque
837 3902 906 3956 ab
962 3900 1144 3971 impiis
1224 3897 1514 3953 homicidis
1581 3895 1968 3958 interfectum,

401 3996 782 4055 molestissime
824 3994 877 4047 id
912 3993 1054 4047 tulit.
1095 3991 1164 4046 Et
1199 3989 1399 4060 Joseph
1441 3986 1664 4058 quidem
1703 3985 1973 4040 abductus

393 4100 479 4148 est
516 4091 572 4145 in
614 4088 924 4158 Egyptum.
964 4086 1124 4138 Pater
1155 4097 1283 4136 vero
1326 4080 1482 4144 luxit,
1516 4079 1802 4147 multoque
1831 4084 1971 4131 tem-

401 4195 536 4251 pore
603 4176 1010 4233 mmstissimam
1079 4173 1251 4226 vitam
1320 4170 1448 4240 egit.
1523 4169 1719 4226 Missus
1789 4175 1972 4223 autem

400 4281 486 4328 est
541 4287 572 4326 a
627 4271 742 4325 Deo
797 4282 862 4322 ac
899 4268 1057 4322 Patre
1107 4264 1222 4334 ipse
1263 4260 1525 4316 Dominus
1574 4267 1761 4313 noster
1819 4259 1976 4314 Jesus

402 4363 655 4420 Christus
685 4402 701 4429 ,
781 4367 844 4415 ut
907 4357 1214 4428 exploraret
1304 4350 1577 4407 lsraelitas
1649 4363 1718 4402 an
1795 4348 1978 4403 adhuc

407 4455 564 4527 191
579 4453 809 4510 sanitate
824 4447 1040 4522 praediti
1063 4452 1265 4509 essent,
1286 4438 1640 4498 intellectuali
1666 4437 1928 4493 nimirum
1957 4453 1972 4490 :

404 4546 646 4614 itemque
697 4559 766 4598 an
816 4555 947 4596 oves
984 4538 1118 4608 ipsis
1150 4532 1454 4590 commissze
1477 4529 1532 4582 in
1559 4528 1720 4583 bonis
1759 4527 1978 4598 pascuis

401 4643 774 4698 versarentur,
807 4644 986 4700 neque
1011 4634 1294 4697 pastorum
1321 4637 1455 4677 cura
1470 4619 1746 4676 destitutae
1771 4627 1976 4674 essent.

401 4726 674 4782 Caeterum
703 4722 900 4776 fratres
932 4716 1139 4772 inventi
1175 4721 1322 4778 sunt,
1365 4728 1476 4767 non
1504 4711 1560 4766 in
1601 4710 1841 4778 Sicbem,
1882 4711 1979 4766 sed

406 4820 464 4872 in
522 4815 794 4871 Dotbaim.
837 4811 1055 4866 Sicbem
1096 4808 1488 4877 interpretatur
1536 4805 1802 4858 humerus.
1866 4802 1981 4856 Hoc

407 4913 589 4961 autem
621 4901 926 4958 membrum
948 4901 1162 4970 signum
1189 4904 1273 4952 est
1302 4895 1615 4966 diligentiae.
1648 4893 1811 4949 Sacra
1833 4891 1980 4946 enim

405 4995 690 5067 Scriptura
715 4992 988 5050 interdum
1016 5005 1116 5061 pro
1145 4989 1362 5051 robore,
1398 4986 1672 5042 interdum
1699 4999 1800 5055 pro
1818 4999 1982 5053 opere

404 5092 556 5147 hunc
593 5097 779 5160 typum
822 5091 1069 5154 usurpat,
1108 5089 1171 5136 ut
1216 5078 1394 5134 illud:
1433 5099 1452 5130 ι
1481 5080 1557 5132 Da
1605 5092 1702 5132 cor
1735 5084 1892 5130 tuum
1923 5074 1982 5128 in

406 5182 668 5236 humeros
695 5180 737 5244 ⁸,
769 5199 785 5230 ι
807 5177 912 5232 hoc
930 5184 1033 5240 est,
1069 5175 1124 5229 in
1151 5171 1392 5228 studium
1421 5168 1704 5240 operandi.
1729 5167 1981 5222 Dothaim

407 5279 592 5328 autem
632 5270 1026 5339 interpretatur
1059 5266 1274 5336 defectio
1305 5278 1518 5333 magna.
1554 5259 1808 5315 Israelita:
1854 5274 1984 5330 ergo

407 5362 734 5434 deprehensi
787 5369 934 5425 sunt,
975 5375 1084 5414 non
1127 5357 1349 5428 quidem
1387 5355 1579 5409 dantes
1610 5365 1834 5421 operam
1870 5350 1985 5405 vir-

410 5458 532 5518 tuti,
561 5472 739 5526 neque
772 5454 839 5508 iis
872 5469 992 5523 quae
1029 5453 1116 5506 lex
1150 5450 1364 5520 probat,
1397 5446 1493 5503 sed
1525 5446 1580 5500 in
1606 5459 1799 5514 magna
1821 5442 1984 5513 justi-

408 5549 496 5604 tim
526 5557 687 5616 atque
721 5547 856 5601 adeo
892 5544 1070 5600 omnis
1121 5541 1393 5612 aequitatis
1439 5537 1762 5595 defectione.
1798 5535 1984 5603 Neque

2068 2985 2451 3055 ποιμαίνουσιν
2504 2984 2912 3057 ὲποπτεύσηται
2968 2986 3095 3050 τοὺς
3134 2988 3414 3056 ἀδελφούς.
3476 2991 3534 3044 ’0
3586 2993 3650 3046 δὲ

2068 3074 2254 3129 ἄπεισι
2285 3075 2404 3146 μὲν,
2434 3075 2680 3148 εὑρίσκει
2708 3075 2764 3128 δὲ
2799 3077 2972 3147 μόλις,
2999 3078 3200 3148 ἥκιστα
3233 3081 3332 3149 μὲν
3361 3082 3418 3134 ὲν
3449 3083 3647 3155 Σιχὲμ,

2067 3168 2490 3238 κατοιχομένους
2548 3168 2606 3221 δὲ
2656 3168 2856 3240 μᾶλλον
2915 3171 2995 3232 είς
3039 3169 3267 3241 Δοθαϊμ.
3327 3171 3418 3236 Ὠς
3477 3173 3534 3227 δὲ
3577 3176 3650 3248 δὴ

2070 3259 2362 3332 προσιόντα
2388 3259 2692 3326 τεθέανται,
2729 3260 2924 3334 πικρὸν
2969 3262 3065 3316 καὶ
3095 3264 3486 3334 ἀπηχθημένον
3525 3285 3652 3337 μει-

2067 3350 2244 3416 διῶσι,
2272 3351 2541 3420 λέγοντες*
2587 3372 2606 3406 ι
2649 3353 2757 3407 Ἴδε
2785 3353 2814 3404 ὁ
2851 3353 3214 3424 ὲνυπνιαστὴς
3253 3355 3457 3420 ἐκεῖνος
3483 3356 3651 3427 ἔρχε-

2067 3458 2179 3494 ται.
2217 3460 2236 3492 ι
2271 3441 2679 3514 Διαχρήσασθαι
2707 3442 2764 3495 δὲ
2795 3442 3151 3514 βουλομένους
3197 3446 3454 3516 ἀπείργει
3489 3448 3588 3518 μὲν
3620 3451 3651 3500 6

2081 3534 2338 3603 Ῥουϐείμ
2360 3551 2375 3567 ο
2412 3535 2671 3588 καθίεσαν
2693 3535 2736 3587 δ’
2757 3531 2850 3589 οῦν
2887 3537 2967 3599 εἰς
2998 3537 3094 3590 ἕνα
3131 3539 3242 3592 τῶν
3277 3537 3514 3603 λάκκων,
3548 3542 3651 3594 καὶ

2068 3626 2170 3696 τῆς
2199 3625 2292 3678 τοῦ
2337 3625 2594 3696 Ῥουὸεὶμ
2636 3625 2948 3696 συμϐουλῆς
2987 3626 3375 3699 ἀλογήσαντες.
3410 3629 3545 3683 Μετ’
3581 3633 3648 3684 οὐ

2074 3717 2208 3770 πολὺ
2249 3717 2306 3770 δὲ
2345 3717 2438 3770 τοῦ
2474 3717 2680 3770 λάκκου
2715 3718 2807 3772 τὸν
2832 3719 3050 3774 νεανίαν
3075 3720 3502 3791 ἁνιμησάμενοι,
3530 3727 3650 3787 τοῖς

2084 3808 2454 3880 Ἰσμαηλίταις
2505 3809 2767 3863 ἀπέδοντο
2814 3810 3234 3864 καταϐαίνουσιν
3285 3814 3366 3876 είς
3405 3812 3504 3882 τὴν
3544 3814 3650 3867 Δί-

2071 3901 2337 3968 γυπτίων.
2392 3901 2799 3972 ’Υπονοστήσας
2831 3919 2895 3970 γε
2938 3903 3045 3974 μὴν
3102 3904 3195 3956 ἐπὶ
3231 3903 3324 3958 τὸν
3373 3904 3576 3959 λάκκον
3619 3908 3652 3960 ό

2084 3991 2366 4063 Ῥουὸεὶμ,
2399 3986 2520 4046 εἶτα
2549 3992 2610 4046 τὺ
2643 3993 2929 4065 μειράκιον
2961 3994 3059 4065 οὐχ
3093 3995 3290 4066 εὑρὼν,
3327 3996 3650 4052 έκτεθνάναι

2073 4081 2130 4135 δὲ
2155 4081 2255 4154 ἤδη
2286 4082 2514 4154 νομίσας
2535 4122 2549 4147 ,
2587 4081 2747 4154 ἔργον
2789 4099 2848 4135 τε
2879 4082 3130 4152 γενέσθαι
3171 4084 3270 4154 τῆς
3297 4083 3406 4137 τῶν
3440 4083 3653 4154 φονῶν-

2076 4190 2183 4226 των
2246 4174 2631 4246 ἀνοσιότητος,
2683 4173 3081 4246 δεδυσφόρηκεν
3133 4175 3193 4227 οὐ
3263 4175 3476 4247 μικρόν.
3534 4177 3652 4230 Καὶ

2007 4242 2051 4296 ί)
2079 4264 2426 4336 ἀπεκομίσθη
2477 4242 2574 4334 μὲν
2634 4265 2832 4335 Ἰωσὴφ
2858 4242 3302 4334 θείςίΑἴγυπτον·
3341 4242 3652 4337 τεθρήνηκε

2076 4353 2134 4407 δὲ
2161 4355 2190 4406 6
2230 4355 2433 4427 πατὴρ,
2463 4357 2556 4408 καὶ
2586 4355 2746 4426 μέχρι
2790 4355 2986 4409 πολλοῦ
3016 4357 3372 4428 κατοιμὼζων
3399 4357 3645 4411 διετέλει.

2089 4445 2393 4514 ’Δπεστάλη
2417 4444 2480 4498 δὲ
2524 4443 2674 4514 παρά
2705 4445 2797 4498 τοῦ
2823 4446 2960 4499 Θεοῦ
2993 4448 3086 4501 καὶ
3124 4448 3335 4518 Πατρὸς
3365 4447 3458 4501 καὶ
3487 4448 3652 4512 αὐτὸς

2077 4538 2105 4588 ὁ
2143 4535 2346 4605 Κύριος
2368 4534 2522 4605 ἡμῶν
2562 4535 2770 4606 Ἰησοῦς
2793 4539 3042 4608 Χριστὸς,
3067 4539 3498 4609 ἐπισκεψόμενος
3523 4540 3652 4602 τοὺς

2079 4625 2140 4692 ἐξ
2191 4627 2430 4697 Ἰσραὴλ,
2469 4627 2518 4678 εί
2559 4627 2894 4682 διατελοῦσιν
2925 4631 2982 4682 ὲν
3020 4630 3377 4700 εύρωστίαις,
3401 4630 3562 4700 δῆλον
3592 4632 3652 4684 δὲ

2077 4719 2159 4771 ὅτι
2175 4720 2294 4781 ταῖς
2317 4719 2568 4788 νοηταῖς,
2615 4720 2709 4772 καὶ
2750 4723 2798 4773 εί
2831 4721 3136 4792 μεμένηκεν
3181 4724 3238 4774 ὲν
3278 4721 3426 4794 καλῷ
3453 4721 3525 4774 τά
3555 4721 3652 4774 ὑπ’

2080 4809 2279 4872 αὐτοὺς
2307 4808 2623 4880 θρέμματα,
2659 4809 2760 4881 τῆς
2781 4811 2890 4864 τῶν
2919 4812 3191 4881 ποιμένων
3215 4813 3516 4875 ἐπιεικείας
3549 4812 3654 4866 οῦκ

2080 4899 2550 4969 ἀπομοιρήσαντα.
2593 4899 2730 4952 Ἀλλ’
2770 4899 3029 4972 εὕρηνται
3062 4903 3159 4972 μὲν
3208 4903 3308 4956 ούκ
3356 4903 3414 4956 ἐν
3453 4901 3651 4972 Σιχὲμ,

2081 4989 2196 5044 ἀλλ’
2244 4991 2303 5043 ὲν
2341 4989 2567 5060 Δοθαῖμ.
2619 4991 2681 5044 'll
2727 4992 2896 5062 Σιχὲμ
2937 4987 3095 5062 ὦμος
3135 4994 3516 5064 ἑρμηνεύεται.
3548 4994 3654 5064 Ση-

2086 5083 2236 5152 μεῖον
2259 5081 2305 5134 δ’
2340 5082 2404 5135 ἂν
2437 5083 2648 5150 γένοιτο
2677 5083 2960 5155 φιλεργίας
2986 5085 3045 5137 τὸ
3080 5085 3262 5155 μέλος.
3295 5085 3653 5139 Κατείθισται

2082 5171 2191 5242 γάρ
2236 5191 2351 5236 πως
2405 5175 2440 5245 ἡ
2488 5174 2841 5239 θεόπνευστος
2874 5177 3095 5246 Γραφὴ,
3141 5176 3273 5230 ποτὲ
3321 5178 3419 5249 μὲν
3476 5178 3650 5247 ἰσχὺν,

2084 5264 2215 5316 ποτὲ
2245 5263 2304 5317 δὲ
2357 5265 2437 5328 είς
2479 5264 2640 5335 ἔργου
2675 5265 2846 5321 τύπον
2887 5267 3156 5322 ποιεῖσθαι
3192 5269 3285 5323 τὸν
3323 5262 3493 5340 ὦμον.
3526 5263 3654 5322 Οἷον

2086 5356 2259 5410 ἐκεῖνό
2285 5374 2465 5428 φαμεν
2489 5357 2570 5423 τὸ,
2598 5376 2617 5410 ‹
2648 5357 2745 5422 Δδς
2765 5359 2990 5430 καρδίαν
3023 5377 3116 5414 σου
3145 5364 3223 5425 είς
3250 5363 3374 5425 τοὺς
3399 5361 3604 5432 ὤμους,
3627 5380 3646 5410 ι

2086 5448 2380 5511 τουτέστιν,
2421 5450 2500 5511 είς
2533 5449 2832 5520 φιλεργίαν.
2855 5451 3060 5523 Δοθαῒμ
3084 5453 3139 5507 δὲ
3165 5454 3344 5517 πάλιν,
3380 5454 3655 5520 ἔκλειψις

2086 5542 2283 5608 ἱκανή.
2323 5541 2753 5614 Κατελήφθησαν
2795 5543 2971 5598 τοίνυν
3005 5547 3052 5598 oi
3099 5545 3156 5612 ἐξ
3203 5546 3437 5618 Ἰσραὴλ,
3460 5547 3559 5599 οὐκ
3597 5548 3654 5599 ἐν

479 5731 502 5763 ⁸
523 5727 810 5793 Μαῖα-ιιι,
847 5727 899 5779 7.
981 5725 1000 5755 ³
1031 5722 1170 5778 Psal.
1191 5736 1382 5785 Lxxxv,
1419 5719 1474 5773 9.
1551 5719 1573 5750 ⁸
1604 5716 1743 5773 Psal.
1771 5729 1946 5777 xcvnr,

2107 5715 2127 5746 ⁸
2161 5714 2295 5770 Gen.
2331 5729 2527 5778 xxxv",
2560 5712 2648 5768 20.
2725 5716 2746 5747 ⁸
2771 5715 2972 5772 Jerem.
3016 5733 3155 5782 xxxx,
3183 5717 3264 5777 21.
