4032 6198
366 135 474 213 sos

365 338 631 407 κιμήσεσι
678 336 800 400 ταῖς
851 338 996 392 κατά
1048 339 1141 395 τὸν
1189 343 1382 415 νόμον,
1433 344 1550 400 ἀλλ’
1608 349 1667 405 ἐν
1706 349 1947 420 ἐκλείψει

365 427 558 500 πολλῇ,
590 426 942 502 δικαιοσύνης
969 430 1212 504 δηλονότι
1248 437 1343 490 καὶ
1376 437 1596 511 ἀπάσης
1623 440 1945 507 ἐπιεικείας.

365 519 441 572 Οὐ
466 519 579 587 γὰρ
598 512 666 590 ῆν
701 537 721 571 ι
756 518 965 585 δίκαιος
1006 523 1128 578 οὐδὲ
1155 519 1255 593 εἷς,
1287 527 1388 581 οὐκ
1414 524 1484 601 ῆν
1512 531 1683 586 ποιῶν
1715 534 1949 606 χρηστόν

364 628 534 681 τητα,
562 611 666 665 οὒκ
702 607 773 685 ῆν
811 613 918 679 ἕως
950 615 1070 681 ἑνός
1096 633 1111 648 ·
1148 635 1169 670 ι
1202 617 1341 685 ἀλλ’,
1377 620 1454 685 ῶς
1483 621 1618 688 Θεός
1654 625 1757 679 πού
1810 643 1945 697 φησι

366 702 451 757 διὰ
478 705 580 776 τῆς
606 706 703 759 τοῦ
735 709 1019 779 προφήτου
1050 709 1259 781 φωνῆς,
1294 709 1460 786 μόνην
1490 713 1641 788 αὐτῷ
1666 718 1947 789 προσῆγον

365 796 462 866 τὴν
490 795 603 852 ἀπὸ
624 797 871 867 γλώττης
902 799 1090 873 τιμὴν,
1119 803 1210 857 τὸν
1240 804 1365 858 νοῦν
1406 806 1635 877 ἑτέρωθι
1673 810 1949 883 μεταστή-

369 907 583 958 σαντες,
607 892 705 947 καὶ
741 892 836 947 τοῦ
873 895 1069 966 χρῆναι
1100 895 1345 968 πληροῦν
1369 898 1439 953 τὰ
1465 901 1829 972 νενομισμένα
1858 902 1948 957 διὰ

366 983 646 1051 Μωσέως,
681 985 873 1058 πόρῤω
916 1003 1018 1042 που
1067 991 1512 1063 μετοικισάμενοι
1557 995 1655 1066 τὴν
1693 994 1944 1068 καρδίαν.

368 1075 731 1146 Προσέκειντο
747 1078 858 1148 γὰρ
875 1078 1067 1151 μόναις
1077 1080 1471 1152 διδασκαλίαις,
1501 1086 1595 1140 καὶ
1616 1086 1947 1163 ὲντάλμᾳσιν

366 1164 696 1238 ἀνθρώπων.
755 1169 899 1224 Ἀλλ’
953 1172 1271 1242 ἐπέγνωσαν
1342 1176 1441 1246 μὲν
1506 1178 1751 1250 παρόντα
1807 1179 1946 1251 μετά

368 1257 571 1329 σαρκὸς
612 1259 707 1312 τὸν
754 1261 1133 1334 ἠγαπημένον,
1174 1264 1270 1320 τὸν
1309 1266 1500 1338 νοητὸν
1538 1268 1760 1341 Ἰωσήφ.
1799 1271 1944 1343 Ἔφη

365 1347 476 1420 γάρ
503 1350 535 1403 6
573 1350 849 1423 μακάριος
890 1353 1286 1429 εύαγγελιστὴς
1343 1358 1617 1432 Ἰωάννης,
1650 1361 1800 1426 ὅπως
1845 1362 1946 1433 μέν

364 1455 444 1492 τοι
475 1440 573 1494 καὶ
616 1460 637 1494 ι
669 1442 735 1494 ὲκ
778 1442 888 1497 τῶν
942 1446 1221 1517 ἀρχόντων
1269 1449 1457 1505 πολλοὶ
1495 1450 1829 1507 ἐπίστευσαν
1864 1455 1948 1520 εἰς

364 1532 551 1600 αὑτὸν,
586 1534 725 1590 ἀλλά
761 1535 853 1590 διὰ
879 1538 1006 1603 τοὺς
1048 1540 1377 1612 Φαρισαίους
1414 1543 1514 1615 οὐχ
1551 1542 1887 1616 ὡμολόγουν.
1919 1565 1939 1598 ι

718 204 732 214 _
1376 140 1899 205 cmmaonuu
1936 148 2005 207 IN
2042 150 2346 209 caussru
2385 153 2515 210 un.
2559 155 2646 212 γι.
2764 199 2775 210 .

366 242 680 316 φιλεργίαις
706 242 863 348 ὄντες
893 246 1014 311 ταῖς
1036 247 1117 312 εἰς
1148 248 1383 325 ἀρετὴν,
1417 253 1541 310 οὔτε
1576 256 1685 329 μὴν
1713 258 1771 313 ὲν
1804 258 1946 314 εὐδο-

2050 264 2200 320 enim
2229 274 2351 323 erat
2397 285 2416 319 ι
2459 267 2547 322 vel
2593 282 2738 324 unus
2770 269 2971 341 justus,
3009 287 3112 342 nec
3144 281 3262 330 erat
3311 276 3408 348 qui
3440 275 3648 335 faceret

3540 169 3648 227 808

2050 350 2365 420 bonum,ne
2400 370 2545 410 unus
2571 354 2796 427 quidem
2829 359 2872 413 ’.
2914 376 2932 411 ι
2961 358 3069 424 Sed
3099 361 3243 419 sicut
3265 365 3409 424 Deus
3444 366 3650 425 alicubi

2049 457 2150 515 per
2173 458 2364 500 vocem
2385 445 2671 518 prophetae
2706 448 2802 516 ait,
2843 449 3215 512 exhibuerunt
3239 455 3292 512 ei
3330 457 3507 515 solum
3545 457 3648 515 ho-

2049 549 2243 591 norem
2285 536 2492 609 lingua,
2525 548 2712 596 mente
2740 540 2959 608 interim
3000 546 3218 614 remoti,
3251 556 3309 606 et
3348 549 3544 625 procul
3580 549 3649 609 ab

2048 626 2369 699 impletione
2416 647 2609 688 eorum
2648 650 2769 705 qua:
2793 651 2892 708 per
2919 637 3138 711 Moysen
3175 651 3448 714 praecepta
3492 652 3647 716 sunt,

2048 719 2312 777 cordibus
2366 732 2497 779 sunt
2531 726 2757 784 alienati
2778 728 2820 783 ⁸.
2864 729 3263 789 lncumbebant
3314 737 3465 793 enim
3511 738 3649 797 solis

2048 811 2315 871 doctrinis
2326 822 2382 871 et
2392 817 2667 875 mandatis
2684 818 2989 879 hominum.
3013 824 3186 880 Porro
3196 836 3499 897 cognorunt
3521 830 3648 902 qui-

2047 903 2174 960 dem
2206 906 2606 980 intelligibilem
2630 921 2687 967 et
2717 912 2981 970 dilectum
3011 915 3213 989 Ioseph
3236 917 3291 972 in
3308 934 3474 976 carne
3498 937 3645 992 prae.-

2049 1004 2286 1051 sentem.
2310 996 2402 1052 Ait
2434 999 2581 1054 enim
2602 1000 2802 1058 beatus
2829 1004 3071 1060 Joannes
3097 1007 3452 1078 evangelista,
3494 1010 3643 1081 quod

2056 1103 2075 1136 ι
2107 1087 2267 1142 multi
2297 1089 2520 1159 quidem
2554 1107 2621 1146 ex
2658 1093 3001 1165 principibus
3027 1096 3383 1154 crediderunt
3412 1099 3471 1155 in
3514 1116 3643 1161 eum

2047 1181 2145 1237 sed
2167 1192 2393 1254 propter
2414 1184 2721 1242 Pharisaeos
2746 1203 2861 1243 non
2882 1188 3291 1246 conﬁtebantur
3314 1192 3357 1245 ³.
3391 1210 3409 1243 ι
3432 1191 3645 1248 Idcirco

2050 1273 2105 1328 in
2138 1290 2265 1330 eum
2319 1291 2482 1346 quem
2505 1278 2617 1349 jam
2669 1290 3058 1351 cognoverant,
3107 1283 3424 1339 debacchati
3489 1293 3656 1341 sunt..

2047 1360 2381 1420 Occiderunt
2400 1367 2570 1434 enim,
2589 1375 2645 1424 et
2668 1369 2726 1424 in
2749 1370 3081 1442 profundum
3103 1382 3267 1445 atque
3288 1375 3642 1433 tenebrosum

2047 1458 2243 1513 mortis
2272 1457 2616 1529 barathrum,
2653 1462 2759 1519 hoc
2791 1474 2896 1531 est,
2922 1466 2980 1521 in
3005 1465 3281 1523 infernum
3318 1483 3416 1525 seu
3442 1469 3496 1525 in
3525 1468 3641 1525 fos-

2047 1563 2165 1605 sam
2192 1551 2489 1621 quamdam
2521 1556 2898 1627 conjecerunt.
2925 1559 3004 1613 Ita
3036 1558 3184 1615 enim
3223 1559 3446 1616 divinus
3469 1560 3640 1616 David

374 1624 726 1696 Ἐπιγνόντες
754 1629 933 1684 τοίνυν
978 1635 1443 1707 πεπαρῳνήκασιν
1471 1639 1551 1702 εἰς
1585 1639 1771 1694 αὐτόν.
1810 1641 1946 1695 Ἀπ-

2049 1637 2229 1710 ipsum
2257 1641 2420 1697 nobis
2451 1624 2746 1715 descripsit
2779 1646 3012 1716 loquens
3036 1646 3106 1703 ad
3140 1647 3359 1702 Patrem
3382 1655 3439 1703 et
3467 1647 3641 1720 Deum

362 1718 620 1773 εκτόνασι
636 1720 768 1793 γὰρ,
793 1723 889 1775 καὶ
910 1723 1100 1796 ὥσπερ
1124 1727 1206 1791 εἷς
1231 1745 1355 1782 τινα
1382 1727 1587 1784 λάκκον
1614 1729 1866 1802 καθῆκαν
1894 1735 1944 1787 οί

364 1808 591 1865 δείλαιοι
611 1853 629 1881 ,
658 1815 722 1867 τὺ
759 1814 897 1886 βαθὺ
937 1818 1035 1871 καί⁸
1065 1819 1339 1877 σκοτεινὸν
1379 1821 1474 1876 τοῦ
1514 1822 1747 1878 θανάτου
1777 1822 1947 1899 βάραο

366 1902 516 1975 θρον,
536 1906 786 1961 τουτέστι
818 1907 910 1961 τὸν
939 1908 1097 1981 ᾅδην.
1142 1911 1300 1967 Οὕτω
1338 1913 1449 1987 γὰρ
1486 1918 1623 1989 ἡμῖν
1655 1917 1821 1972 αὑτὸν
1850 1920 1947 1976 καὶ

364 1996 392 2047 6
420 1993 712 2061 θεσπέσιος
748 1997 913 2052 Δαϐἰδ
943 2003 1313 2074 κατεσήμαινε
1342 2004 1517 2074 λέγων
1550 2007 1628 2072 ὡς
1692 2009 1827 2083 πρὸς
1854 2012 1948 2067 τὸν

366 2087 421 2152 εν
442 2088 698 2158 οὐρανοῖς
721 2090 939 2163 Πατέρα
967 2093 1062 2147 καὶ
1093 2094 1246 2160 Θεὸν,
1273 2096 1347 2162 ὡς
1379 2099 1444 2152 ὲκ
1473 2097 1766 2172 προσώπου
1808 2103 1947 2175 Χρι-

368 2180 517 2233 στοῦο
564 2199 585 2234 ι
635 2180 832 2254 Κύριε,
870 2184 1146 2255 ἀνήγαγες
1190 2186 1251 2255 ἐξ
1297 2187 1424 2260 ᾅδου
1464 2190 1565 2261 τὴν
1601 2190 1783 2264 ψυχήν
1819 2210 1945 2265 μου.

368 2270 585 2335 ἔσωσάς
634 2289 704 2345 με
738 2272 848 2326 ἀπὸ
878 2272 990 2329 τῶν
1029 2275 1472 2333 καταϐαινόντων
1515 2281 1596 2345 εἰς
1642 2280 1869 2337 λάκκον.
1921 2302 1940 2335 ι

372 2362 560 2434 Ἀθρει
600 2363 660 2417 δέ
708 2381 799 2436 μοι
838 2366 948 2421 τῶν
991 2367 1154 2438 ἱερῶν
1202 2369 1559 2443 Γραμμάτων
1603 2373 1703 2447 τὴν
1765 2378 1944 2449 ἰσχὺν,

368 2455 459 2507 καὶ
490 2454 553 2508 τὸ
594 2455 731 2511 πολὺ
769 2455 891 2516 λίαν
921 2458 1292 2532 ἀπεξεσμένον
1326 2464 1407 2528 εἰς
1435 2463 1497 2518 τὸ
1524 2465 1774 2537 ἀκριϐές*
1814 2488 1833 2521 ι
1885 2469 1942 2523 '0

366 2547 598 2616 λάκκος,
630 2550 784 2621 φησὶ,
809 2551 996 2616 κενὸς,
1021 2550 1166 2625 ὕδωρ
1208 2554 1308 2608 οὐκ
1340 2548 1519 2627 εἶχεν,
1559 2577 1578 2611 ι
1622 2558 1710 2613 ἵνα
1756 2543 1948 2630 σαξρῶς

368 2645 461 2696 καὶ
497 2642 747 2713 ἐναργῶς
784 2645 813 2698 ὁ
838 2644 989 2714 ᾅδης
1016 2647 1148 2717 ἡμῖν
1178 2647 1265 2702 διὰ
1304 2648 1498 2703 τούτου
1525 2655 1946 2728 κατασημαίνη-

368 2751 475 2787 ται.
508 2735 623 2809 lia‘t
650 2735 775 2790 τίνα
793 2736 1025 2807 τρόπον,
1053 2737 1186 2809 ἐρῶθ
1218 2736 1363 2813 ὕδωρ
1402 2741 1502 2812 μὲν
1533 2742 1645 2816 γὰρ
1676 2744 1947 2818 σύμϐολον

366 2825 431 2879 ἂν
470 2827 559 2899 εἴη
608 2825 776 2898 ζωῆς,
825 2828 903 2892 ὡς
944 2828 1229 2895 ζωοποιόν.
1271 2851 1291 2885 ι
1331 2832 1517 2905 ’Υδωρ
1568 2836 1625 2890 δὲ
1656 2838 1759 2892 οὐκ
1807 2834 1948 2894 εἶναι

368 2935 535 2989 φησιν
573 2919 634 2973 ὲν
662 2918 741 2988 τῷ
769 2918 978 2992 λάκκῳ.
1022 2939 1043 2975 ι
1082 2921 1202 2976 Τῶν
1246 2923 1355 2998 γὰρ
1385 2924 1531 2999 ζωῆς
1563 2930 1948 3003 ὲστερημένων

369 3011 526 3064 νοοίτ’
565 3008 635 3064 ἂν
679 3011 905 3076 εἰκότως
945 3014 974 3067 6
1013 3013 1147 3087 ᾅδης
1180 3010 1327 3082 οἰκός
1364 3036 1425 3074 τε
1466 3022 1561 3074 καὶ
1599 3022 1942 3095 ἐνδιαίτημα.

369 3102 516 3175 Πλὴν
560 3101 894 3177 ἀνεϐιϐάσθη
941 3105 1004 3160 τὸ
1048 3109 1357 3182 παιδάριον.
1409 3111 1638 3168 Ἀνεϐίω
1689 3116 1748 3171 δὲ
1786 3119 1881 3171 καὶ
1917 3119 1947 3173 6

370 3195 609 3266 Χριστὸς
640 3196 705 3248 ὲκ
740 3198 972 3268 νεκρῶν.
1013 3199 1089 3253 υῦ
1129 3200 1240 3271 γὰρ
1265 3202 1456 3273 γέγονε
1486 3204 1567 3277 τῷ
1596 3206 1785 3279 λάκκῳ
1810 3210 1947 3265 κάτ-

369 3306 511 3361 οχος.
558 3288 697 3344 Οὐδὲ
749 3291 1060 3361 μεμένηκεν
1079 3296 1108 3350 6
1126 3296 1358 3368 Χριστὸς
1390 3300 1471 3364 εἰς
1496 3301 1645 3374 ᾅδου,
1673 3306 1948 3365 κεκένωκε

366 3380 422 3434 δὲ
460 3380 667 3451 μᾶλλον
694 3383 874 3439 αὐτόν.
901 3403 921 3436 ι
948 3385 1092 3456 Ἔφη
1118 3387 1226 3458 γὰρ
1252 3392 1364 3455 τοῖς
1388 3393 1447 3446 ὲν
1474 3393 1717 3465 δεσμοῖς·
1762 3398 1947 3465 Ἐξέλ-

369 3473 510 3527 om.
556 3491 576 3524 ι
621 3474 835 3547 Ἐπειδὴ
873 3475 929 3530 δὲ
968 3478 1334 3550 ἀνεϐιϐάσθη,
1362 3483 1456 3537 καί.
1482 3485 1582 3539 οὐκ
1622 3489 1703 3553 είς
1731 3492 1950 3563 μακρὰν

372 3566 400 3617 ό
437 3563 730 3631 θεσπέσιος
786 3568 985 3641 Ἰωσὴφ
1042 3571 1284 3643 ἀπῆλθεν
1333 3577 1415 3639 εἰς
1465 3576 1566 3650 τὴν
1610 3581 1948 3653 Αἰγυπτίων,

376 3661 764 3731 ἐιπριαμένων
788 3662 950 3717 αὐτὸν
969 3664 1078 3720 τῶν
1116 3666 1472 3740 Ἰσμαηλιτῶν
1499 3687 1513 3703 ο
1545 3668 1686 3745 ἦσαν
1719 3676 1778 3730 δὲ
1803 3680 1951 3749 ἀρω-

376 3751 561 3822 μάτων
611 3752 864 3826 ἔμποροι.
914 3756 1139 3810 Ἀνεϐίω
1182 3758 1283 3829 μὲν
1326 3760 1435 3832 γάρ
1477 3764 1571 3818 καὶ
1614 3766 1644 3818 6
1689 3768 1948 3840 Χριστὸς,

373 3843 465 3896 καὶ
511 3844 859 3917 ἀναϐέϐηκεν
908 3847 972 3900 ὲκ
1006 3847 1098 3901 τοῦ
1138 3848 1365 3906 λάκκου.
1398 3854 1855 3932 Μεταπεφοίτηκε
1892 3863 1949 3916 δὲ

372 3936 468 4005 τὴν
528 3936 795 3991 Ἰουδαίαν
855 3940 1016 4009 ἀφεὶς
1075 3942 1157 4007 εἰς
1204 3943 1307 4016 τὴν
1356 3945 1468 4001 τῶν
1514 3948 1684 4005 ἐθνῶν
1730 3952 1948 4025 χώραν’

375 4027 784 4099 περιφερόντων
859 4031 1021 4086 αὐτὸν
1098 4033 1210 4089 τῶν
1281 4037 1490 4108 νοητῶν
1560 4041 1948 4116 Ἰσμαηλιτῶν,

372 4115 618 4169 τουτέστι
636 4157 652 4177 .
675 4116 786 4171 τῶν
816 4121 875 4174 ὲν
894 4120 1108 4192 ὑπακοῇ
1137 4121 1294 4177 Θεοῦο
1327 4126 1692 4199 ἑρμηνεύεται
1720 4131 1833 4205 γὰρ
1865 4115 1953 4189 οὓς

371 4224 477 4273 τως
507 4210 543 4281 ἡ
590 4209 757 4278 λέξις,
791 4212 949 4280 Τίνες
991 4214 1036 4268 δ’
1064 4214 1131 4270 ἀν
1173 4213 1286 4272 εἷεν
1318 4221 1368 4274 οἱ
1410 4222 1638 4293 τοιοίδε;
1692 4226 1861 4283 Πάλιν
1899 4231 1949 4285 οἰ

2047 1731 2328 1788 caelestem
2355 1734 2514 1805 quasi
2540 1734 2596 1790 in
2622 1751 2858 1806 persona
2882 1737 3125 1794 Christi:
3160 1757 3178 1789 ι
3213 1738 3465 1804 Domine,
3499 1739 3639 1795 edu-

2046 1823 2174 1879 xisti
2193 1824 2432 1880 animam
2452 1843 2630 1883 meam
2647 1844 2715 1883 ex
2735 1828 2949 1885 inferno
2973 1848 2986 1884 :
3007 1829 3239 1885 servasti
3259 1844 3346 1884 me
3366 1844 3396 1884 a
3414 1828 3641 1888 descen-

2047 1914 2308 1972 dentibus
2344 1917 2402 1972 in
2441 1918 2623 1974 lacum
2649 1921 2716 1986 ¹⁰,
2761 1939 2779 1973 ι
2821 1936 2917 1977 seu
2961 1919 3018 1975 in
3048 1918 3272 1975 fossam.
3316 1919 3421 1976 Hic
3452 1929 3636 1978 autem

2046 2008 2184 2063 mihi
2209 2009 2586 2067 animadverte
2620 2026 2899 2068 sacrarum
2946 2011 3285 2069 Litterarum
3316 2012 3426 2068 vim
3471 2019 3638 2085 atque

2047 2102 2438 2173 praestantiam.
2496 2122 2514 2155 ι
2568 2103 2767 2169 Fossa,
2831 2105 3043 2176 inquit,
3104 2111 3225 2159 erat
3276 2118 3485 2170 vacua,
3533 2118 3638 2157 nec

2048 2192 2499 2265 habebataquam
2521 2196 2587 2263 υ,
2620 2215 2638 2249 ι
2675 2204 2737 2252 ut
2760 2195 2839 2252 sic
2867 2195 3030 2252 nobis
3057 2195 3343 2252 evidenter
3375 2201 3433 2251 et
3451 2186 3639 2265 aperte

2047 2285 2288 2355 infernus
2314 2286 2655 2359 designetur.
2692 2286 2809 2355 Qua
2843 2302 2978 2343 vero
3014 2286 3227 2343 ratione
3256 2286 3454 2342 dicam.
3482 2285 3638 2357 Sym-

2047 2376 2238 2433 bolum
2277 2379 2427 2434 enim
2478 2379 2607 2435 vitae
2658 2387 2744 2436 est
2799 2395 2962 2450 aqua,
3016 2387 3276 2451 tanquam
3328 2376 3634 2433 viviﬁcans.

2056 2488 2075 2522 ι
2107 2469 2229 2527 Non
2254 2479 2394 2539 erat,
2429 2472 2630 2544 inquit,
2666 2488 2806 2544 aqua
2827 2472 2886 2529 in
2915 2472 3094 2530 fossa:
3125 2492 3144 2525 ι
3170 2470 3444 2544 siquidem
3466 2468 3637 2524 infer—

2048 2577 2154 2617 nus
2180 2563 2378 2619 merito
2406 2579 2600 2620 eorum
2644 2565 2740 2636 qui
2772 2564 2882 2620 vita
2909 2564 3108 2635 privati
3149 2571 3297 2630 sunt,
3335 2568 3394 2618 et
3440 2561 3640 2617 domus

2047 2661 2105 2710 et
2152 2655 2366 2712 mansio
2410 2657 2625 2714 censeri
2662 2657 2843 2713 debet.
2880 2658 3089 2713 Verum
3139 2654 3401 2727 parvulus
3427 2669 3460 2709 e
3490 2652 3639 2711 fossa

2049 2741 2312 2799 reductus
2358 2754 2461 2800 est.
2493 2747 2562 2800 Et
2603 2745 2857 2802 Christus
2900 2746 3099 2802 revixit
3130 2761 3162 2801 a
3216 2744 3487 2800 mortuis:
3522 2759 3639 2800 non

2048 2833 2197 2890 enim
2227 2835 2407 2904 potuit
2430 2837 2704 2891 contineri
2732 2853 2763 2891 a
2794 2837 2959 2893 fossa.
2985 2837 3099 2894 Nec
3114 2836 3367 2893 Christus
3381 2852 3641 2910 perman-

2049 2927 2123 2986 sit
2156 2927 2212 2984 in
2244 2928 2479 2997 inferno,
2515 2930 2671 3004 192
2695 2930 2789 2986 sed
2815 2931 3000 3003 potius
3020 2930 3276 2989 exhausit
3301 2946 3449 2990 eum.
3488 2949 3508 2984 ι
3546 2931 3638 2989 Ait

2052 3019 2199 3074 enim
2238 3019 2348 3076 illis
2371 3020 2467 3092 qui
2517 3022 2576 3076 in
2626 3022 2861 3078 vinculis
2919 3030 3097 3088 erant,
3131 3023 3469 3095 Egredimini
3515 3023 3579 3078 “.
3610 3042 3629 3077 ι

2054 3111 2348 3182 Postquam
2405 3128 2538 3169 vero
2583 3112 2803 3171 divinus
2850 3114 3055 3185 Joseph
3080 3124 3166 3171 est
3195 3115 3447 3183 eductus,
3487 3115 3637 3171 haud

2053 3201 2217 3273 longo
2235 3212 2479 3274 tempore
2502 3205 2808 3276 interjecto,
2840 3205 2897 3261 in
2917 3205 3207 3279 Egyptum
3235 3206 3393 3273 abiit,
3418 3213 3638 3281 emptus

2054 3294 2124 3350 ab
2150 3294 2468 3363 lsmaelitis;
2494 3297 2549 3352 hi
2573 3304 2757 3353 autem
2776 3305 2934 3353 erant
2954 3306 3287 3355 mercatores
3305 3306 3633 3353 aromatum.

2054 3386 2191 3442 Nam
2212 3394 2268 3443 et
2292 3386 2545 3445 Christus
2570 3388 2785 3456 revixit,
2821 3397 2877 3445 et
2906 3407 2975 3446 ex
3000 3389 3144 3447 [ossa
3161 3392 3431 3459 ascendit,
3454 3399 3636 3449 trans-

2055 3479 2156 3536 ivit
2187 3497 2323 3537 vero
2342 3483 2531 3539 relicta
2556 3483 2743 3540 Judaaa
2772 3484 2829 3539 in
2854 3485 3134 3556 regionem
3149 3484 3413 3557 gentium,
3446 3484 3501 3539 in
3528 3499 3637 3555 qua

2055 3572 2343 3630 Ismaelilae
2383 3575 2772 3648 intelligibiles,
2801 3577 2908 3633 hoc
2928 3585 3034 3644 est,
3057 3578 3209 3634 dicto
3227 3579 3326 3634 Dei
3346 3576 3643 3634 audientes

2058 3662 2158 3735 (ita
2190 3664 2339 3720 enim
2373 3665 2543 3721 dictio
2574 3666 2691 3721 haec
2714 3666 3053 3739 exponitur),
3079 3667 3257 3737 ipsum
3297 3681 3482 3722 secum
3530 3665 3639 3720 du-

2057 3762 2207 3811 cunt.
2236 3756 2307 3811 At
2327 3758 2552 3828 quinam
2576 3766 2704 3814 sunt
2740 3758 2878 3814 tales
2903 3757 3226 3814 lsmaelitae?
3251 3758 3463 3826 Rursus
3488 3756 3639 3812 beati

2056 3848 2314 3918 discipuli
2346 3850 2441 3919 qui
2470 3850 2828 3922 praebuerunt
2849 3864 3012 3905 aures
3032 3848 3299 3904 institutis
3324 3847 3550 3912 Christi,
3580 3854 3638 3903 et

2056 3937 2312 4009 primitiae
2335 3939 2464 3995 facti
2503 3948 2631 3995 sunt
2657 3954 2850 3995 eorum
2882 3939 2978 4010 qui
3025 3938 3383 4009 acquiescunt
3413 3937 3471 3993 in
3501 3938 3638 3994 obe-

2056 4031 2265 4092 dientia
2316 4039 2374 4088 et
2416 4031 2524 4089 ﬁde
2564 4031 2846 4104 gloriaque
2890 4047 3012 4103 qua:
3039 4031 3268 4104 legalem
3314 4041 3538 4104 superat
3569 4032 3634 4087 “.

2055 4122 2252 4179 Merito
2274 4123 2422 4180 enim
2462 4124 2599 4181 tales
2627 4123 2888 4181 censendi
2923 4132 3052 4180 sunt
3089 4133 3392 4182 aromatum
3421 4141 3635 4183 merca-

2055 4222 2223 4285 tores,
2271 4216 2367 4288 qui
2411 4214 2618 4272 Christi
2663 4216 2984 4289 mysterium
3035 4216 3275 4273 reddunt
3322 4216 3633 4282 odoratum,

375 4299 635 4391 μακάριοι
659 4301 922 4373 μαθηταὶ,
946 4305 1007 4359 τὸ
1031 4302 1125 4372 οὖς
1147 4310 1439 4378 ὑποθέντες
1469 4318 1580 4380 τοῖς
1602 4316 1691 4371 διὰ
1709 4319 1946 4391 Χριστοῦ

2056 4309 2335 4380 totiusque
2356 4309 2576 4365 virtutis
2590 4308 2768 4365 ideam
2789 4309 2847 4364 in
2870 4308 2986 4365 suis
3012 4308 3300 4364 animabus
3323 4309 3636 4365 luculenter

374 4390 724 4462 παιδεύμασι,
756 4396 852 4449 καὶ
884 4396 1109 4471 ἀπαρχὴ
1142 4402 1430 4470 γεγονότες
1451 4404 1562 4459 τῶν
1594 4390 1948 4480 εὐδοκιμούν-

373 4501 475 4538 των
518 4488 582 4542 ὲν
627 4487 842 4562 ὑπακοῇ
886 4490 984 4546 καὶ
1030 4493 1248 4559 πίστει,
1294 4497 1390 4551 καὶ
1431 4501 1545 4564 τοῖς
1593 4500 1735 4574 ὑπὲρ
1784 4503 1949 4576 νόμον

372 4576 708 4648 αὐχήμασιν.
741 4580 806 4634 Oi
848 4581 958 4654 γὰρ
1008 4585 1204 4638 τοιοίδε
1248 4588 1439 4643 νοοίντ’
1482 4590 1550 4644 ἀν
1591 4592 1817 4659 εἰκότως
1854 4597 1951 4651 καὶ

360 4668 679 4739 ’ἀρωμάτων
715 4669 977 4744 ἔμποροι,
1010 4675 1073 4728 τὸ
1114 4677 1351 4747 Χριστοῦ
1388 4682 1686 4753 μυστήριον
1719 4686 1949 4743 εὐωδιά-

371 4756 583 4849 ζοντες,
631 4759 723 4812 καὶ
764 4762 984 4835 ἀπάσης
1029 4766 1232 4838 ἀρετῆς
1268 4768 1410 4824 ἰδέαν
1444 4773 1502 4825 ὲν
1544 4774 1705 4839 ἰδίαις
1740 4776 1941 4849 ψυχαῖς

367 4848 803 4921 ἀναματτόμενοι
839 4856 1093 4923 γενικῶς.
1117 4852 1278 4914 Οὗτοι
1295 4862 1386 4917 τὸν
1418 4864 1624 4936 Ἰησοῦν
1652 4867 1945 4942 ἐξεπρίαν-

365 4956 426 5036 το
462 4942 860 5036 τρόπον-τινὰ,
908 4950 1087 5005 πάντα
1135 4954 1233 5024 μὲν
1288 4955 1521 5025 ἀφέντες
1578 4961 1646 5015 τὰ
1698 4963 1757 5015 ὲν
1795 4962 1947 5036 νόμῳ

366 5028 617 5104 λαμπρὰ,
648 5034 740 5088 τὸν
771 5036 869 5091 ἕνα
898 5036 956 5091 δὲ
1002 5040 1098 5094 καὶ
1143 5060 1163 5092 ι
1201 5041 1500 5114 πολύτιμον
1545 5064 1564 5098 ι
1595 5028 1947 5121 ἐμπορευσάί-

367 5137 519 5192 μενοι
557 5143 576 5175 ι
624 5127 993 5199 μαργαρίτην,
1031 5148 1048 5180 ι
1094 5131 1235 5186 κατά
1280 5132 1378 5204 τὴν
1406 5133 1571 5189 αὐτοῦ
1603 5137 1701 5191 τοῦ
1758 5137 1948 5210 Σωτῆ-

365 5232 461 5284 ρος
504 5217 846 5288 παραϐολήν.
898 5214 1062 5277 Οὗτοι
1104 5226 1219 5288 τοῖς
1265 5224 1443 5283 ἔθνεσι
1493 5227 1812 5300 διεκόμισαν
1853 5232 1946 5286 τὸν

363 5304 623 5377 Χριστὸν,
665 5310 1073 5382 ἱερουργοῦντες
1104 5314 1164 5368 τὸ
1188 5316 1541 5387 Εὐαγγέλιον,
1579 5324 1673 5376 καὶ
1702 5323 1805 5377 ἀνὰ
1840 5325 1945 5378 πᾶ-

2050 4399 2385 4471 exprimunt.
2428 4400 2494 4456 lli
2526 4408 2782 4456 emerunt
2818 4400 3220 4470 quodammodo
3239 4400 3446 4467 Iesum,
3499 4400 3632 4455 reli-

2046 4493 2260 4564 ctisque
2283 4493 2561 4555 omnibus,
2591 4508 2714 4564 quae
2730 4493 2789 4548 in
2821 4493 2941 4566 lege
2965 4491 3250 4564 splendida
3290 4500 3438 4560 sunt,
3477 4507 3633 4548 com-

2047 4591 2313 4657 pararunt
2348 4585 2454 4641 sibi
2477 4586 2620 4641 hanc
2646 4600 2811 4643 unam
2843 4605 2861 4637 ι
2900 4585 3199 4656 pretiosam
3217 4585 3624 4658 margaritam,»

2041 4678 2197 4750 juxta
2213 4676 2510 4733 Salvatoris
2520 4676 2697 4731 nostri
2719 4676 3034 4748 parabolam
3050 4677 3112 4733 ιδ.
3130 4676 3220 4743 lli,
3236 4677 3478 4748 inquam,
3502 4689 3633 4748 gen-

2046 4770 2199 4827 tibus
2237 4770 2556 4826 obtulerunt
2577 4768 2876 4837 Christum,
2911 4770 3356 4826 administrantes
3382 4770 3633 4839 Evange-

2048 4864 2208 4926 lium,
2237 4868 2293 4915 et
2318 4875 2415 4930 per
2455 4859 2773 4915 universum
2799 4872 3072 4916 terrarum
3106 4860 3295 4916 orbem
3321 4858 3631 4930 praedican-

2052 4961 2139 5009 tes
2170 4950 2473 5015 Christum,
2505 4959 2765 5021 tanquam
2792 4951 2965 5006 Deum
2987 4959 3044 5005 et
3076 4950 3390 5015 Dominum,
3421 4957 3489 5006 et-
3511 4958 3632 5005 tan-

2048 5059 2214 5116 quam
2234 5043 2474 5113 lapidem
2501 5043 2760 5111 electum,
2793 5044 3147 5114 reprobatum
3174 5042 3399 5112 quidem
3424 5058 3456 5098 a
3491 5043 3630 5115 legis

2045 5145 2103 5193 et
2152 5135 2445 5194 mundana:
2475 5138 2754 5209 sapientiae
2798 5136 3114 5193 architectis
3142 5155 3154 5191 :
3185 5137 3283 5194 sed
3307 5138 3541 5195 electum
3570 5146 3629 5195 et

2047 5230 2351 5301 pretiosum
2378 5231 2525 5302 apud
2552 5232 2746 5295 Deum,
2773 5238 2829 5286 et
2861 5230 3087 5300 incaput
3109 5231 3624 5306 angulipositum".

2046 5322 2317 5379 Cazterum
2351 5323 2546 5379 Ruben
2571 5321 2856 5399 prohibuit
2878 5323 3076 5379 fratres
3099 5339 3129 5377 ιι
3165 5324 3312 5379 caede
3366 5323 3435 5378 Et
3459 5322 3628 5379 Iudas

438 5511 458 5541 "
495 5511 631 5595 P521;
662 5529 775 5595 χιιι,
794 5514 844 5595 ’5
872 5533 995 5581 ςιιι,
1022 5517 1075 5572 6.
1102 5519 1138 5595 A'
1167 5518 1270 5595 lsa.
1292 5537 1436 5595 iam},
1466 5523 1551 5589 l3;
1581 5524 1769 5580 Matth.
1806 5544 1890 5592 xv,
1913 5528 1981 5592 8;
2017 5528 2180 5584 Marc.
2210 5528 2373 5591 vu,6.
2413 5531 2433 5562 ’
2457 5528 2612 5585 Joan.
2643 5544 2738 5593 ιιι,
2768 5529 2855 5584 $2.
2911 5531 2952 5561 ¹⁰
2977 5531 3116 5585 Psal.
3153 5546 3298 5595 xm,
3320 5529 3371 5585 ι.
3414 5529 3453 5561 ¹¹
3486 5526 3624 5585 Gell.

364 5595 532 5646 xrm,
558 5581 647 5639 24.
730 5585 898 5642 "lsa.
935 5604 1076 5656 xux,
1098 5589 1151 5645 9.
1233 5591 1335 5648 "ll
1364 5581 1558 5651 Thess:
1594 5611 1657 5664 ιι,
1686 5596 1767 5651 ιε.
1832 5581 1891 5630 νίί
1924 5581 1946 5654 i

2049 5581 2117 5655 ἱιῇ
2142 5581 2372 5670 sum;
2417 5581 2511 5675 ft
2528 5581 2867 5666 lissi—Exin.
2897 5581 2993 5657 22L
