4004 6204
364 131 472 188 309
1363 128 1885 189 GLAPHYRORUM
1921 134 1988 188 IN
2028 133 2329 191 GENESIM
2361 134 2500 190 'LIB.
2542 131 2631 191 VI.
2681 187 2701 204 ,
3527 133 3635 191 τιο

364 252 553 307 ἔτεκεν
583 249 697 304 υἱὸν
716 290 732 316 ,
769 249 859 303 καὶ
893 248 1122 303 ἐκάλεσε
1150 248 1209 302 τὸ
1240 248 1415 321 ὄνομα
1444 248 1610 305 αὑτοῦ
1653 249 1785 322 Ἤρ.
1830 251 1941 305 Καὶ

2048 250 2208 317 Saba,
2239 259 2296 306 et
2337 252 2548 322 accepit
2595 264 2738 317 eam,
2778 259 2835 306 et
2883 251 3163 322 ingressus
3208 260 3289 306 est
3335 252 3629 324 ad‘ipsam;

364 339 708 398 συλλαϐοῦσα
737 338 921 405 πάλιν,
948 338 1133 393 ἔτεκεν
1154 339 1290 405 υἱὸν,
1314 340 1407 393 καὶ
1431 339 1657 393 ἐκάλεσε
1685 340 1746 393 τὸ
1773 339 1945 411 ὄνομα

2050 358 2278 413 cumque
2294 345 2657 414 concepisset,
2674 343 2890 414 peperit
2907 340 3102 407 tilium,
3124 350 3181 398 et
3195 343 3411 397 vocavit
3432 358 3631 402 nomen

362 432 529 488 αὐτοῦ
562 432 763 487 Δῦνᾶν.
811 432 924 485 Καὶ
964 431 1264 504 προσθεῖσα
1284 475 1299 499 ,
1340 431 1420 486 ἔτι
1450 432 1635 486 ἔτεκεν
1667 432 1782 485 υἱὸν
1802 472 1817 498 ,
1850 432 1943 486 καὶ

2070 434 2162 505 :jus
2178 434 2308 489 Her.
2327 434 2396 489 Et
2412 449 2602 489 rursus
2623 432 2894 503 concepit,
2914 431 3235 502 peperitque
3257 431 3450 496 ﬁlium,
3469 448 3631 503 quem
3649 480 3651 483 ,

360 523 592 577 ἐκάλεσε
637 522 700 577 τὸ
743 520 918 593 όνομα
952 521 1115 577 αὑτοῦ
1156 522 1377 595 Σηλώμ.
1414 541 1432 574 ι
1479 523 1676 587 Παῖδες
1721 523 1819 595 μὲν
1848 518 1941 577 οὖν

2052 526 2257 581 vocavit
2295 525 2512 581 Aunan.
2555 525 2623 580 Et
2654 524 2835 579 adhuc
2868 522 3084 595 peperit
3113 521 3307 587 tilium,
3349 523 3506 593 cujus
3532 538 3633 578 no-

358 611 509 672 οὗτοι
549 615 810 685 γεγόνασι
861 614 941 686 τῷ
997 615 1172 688 Ἰούδᾳ
1234 619 1404 688 τρεῖς.
1463 615 1683 687 Ἐπειδὴ
1745 616 1803 669 δέ
1862 616 1939 679 είς

2090 633 2169 672 ten
2201 618 2382 674 Selom
2434 618 2500 672 ι’.
2536 637 2553 670 ι
2597 618 2744 689 Ergo
2769 617 2824 671 bi
2855 626 2971 672 tres
3013 614 3111 670 ﬁlii
3155 623 3285 670 sunt
3313 615 3428 670 nati
3457 613 3631 671 Judze.
3662 619 3671 697 ξ

359 709 503 780 ἥϐην
532 703 667 780 ἧκον
701 708 750 763 οἱ
788 707 1030 773 νεανίαι,
1059 707 1275 779 δέχεται
1317 708 1416 780 τὴν
1455 707 1682 780 Θάμαρ,
1729 707 1826 762 καὶ
1864 706 1940 778 τῷ

2053 709 2206 782 194
2247 710 2542 781 Postquam
2585 719 2769 765 autem
2809 709 3187 764 adolescentes
3240 718 3515 763 venerunt
3566 705 3634 764 ad

362 798 701 870 πρωτοτόκῳ
769 798 1270 872 συγκαθείργνυσι,
1332 799 1612 863 τουτέστι,
1662 797 1741 871 τῷ
1807 798 1937 870 Ἤρ.

2054 800 2411 870 pubertatem,
2461 799 2631 856 Judas
2677 800 2919 855 Thamar
2963 798 3332 869 primogenito
3381 814 3501 865 suo,
3529 798 3635 856 hoc

384 889 611 962 Ἐπειδὴ
633 890 689 945 δὲ
716 884 786 963 ἦν
816 892 1052 963 πονηρὸς
1097 891 1155 946 ὲν
1184 890 1481 963 ὀφθαλμοῖς
1515 890 1609 944 τοῦ
1636 889 1796 959 Θεοῦ,
1833 890 1941 963 πρὸ

2056 900 2143 959 :st,
2172 890 2301 959 Her,
2338 891 2638 962 copulavit.
2666 889 2806 946 Cum
2828 895 3012 945 autem
3034 897 3184 944 esset
3210 889 3391 943 malus
3418 890 3475 943 in
3503 903 3637 945 ocu-

360 984 572 1041 παίδων
608 983 775 1055 γονῆς
805 983 919 1037 τῶν
965 982 1089 1037 καθ’
1130 983 1281 1054 ἡμᾶς
1309 982 1702 1054 ἀπηλλάττετο.
1750 1001 1770 1036 ι
1814 983 1941 1035 ’Δπ-

2052 980 2109 1039 iis
2148 985 2265 1051 Dei,
2314 985 2487 1039 orbus
2530 983 2786 1039 decessit.
2821 1001 2839 1035 ι
2868 981 3081 1038 Occidit
3131 981 3301 1046 enim,
3332 981 3429 1047 ait,
3477 981 3633 1035 illum

359 1077 571 1131 txtswe
603 1075 733 1146 γὰρ,
765 1075 952 1146 φησὶν,
982 1074 1147 1131 αὐτὸν
1175 1076 1204 1128 6
1224 1074 1376 1140 Θεός.
1410 1092 1429 1126 ι
1468 1072 1602 1129 Εἶτα
1632 1073 1939 1147 προτρέπει

2051 1076 2266 1133 Deus".
2298 1096 2317 1131 ›
2374 1075 2582 1132 Deinde
2642 1075 2898 1131 hortatur
2931 1077 3127 1132 Aunan
3155 1116 3169 1141 ,
3233 1082 3295 1129 ut
3335 1089 3459 1130 cum
3520 1073 3632 1129 fra-

361 1168 455 1222 τδν
480 1167 660 1222 Δὺνᾶν
680 1168 710 1221 6
742 1167 925 1239 πατὴρ
944 1207 960 1232 ,
998 1169 1064 1238 τῇ
1102 1165 1196 1220 τοῦ
1228 1165 1461 1236 ἀδελφοῦ
1504 1164 1939 1235 συγκατευνάζε-

2052 1169 2141 1223 tris
2168 1184 2338 1224 uxore
2362 1169 2711 1235 concumbat,
2761 1167 3100 1237 suscitetque
3137 1182 3327 1222 semen
3374 1165 3633 1221 defuncto

363 1254 488 1311 σθαι
516 1257 771 1326 γυναικὶ,
810 1255 908 1310 καὶ
954 1256 1259 1328 ἀναστῆσαι
1305 1255 1531 1327 σπέρμα
1572 1254 1652 1326 τῷ
1692 1271 1941 1325 κατοιχο-

2050 1257 2212 1315 fratri.
2248 1259 2355 1316 Sed
2396 1260 2488 1316 hic
2524 1276 2652 1315 cum
2702 1260 2915 1315 diceret
2964 1274 3076 1315 non
3133 1258 3251 1313 fore
3294 1273 3454 1313 suum
3487 1259 3631 1328 quod

362 1348 529 1419 μένῳ.
555 1346 619 1403 '0
654 1346 733 1413 δέ,
762 1346 994 1418 ἐπείπερ
1023 1347 1123 1400 οὐκ
1164 1344 1331 1400 αὐτοῦ
1364 1362 1529 1416 φησιν
1558 1343 1785 1413 ἔμελλεν
1819 1343 1940 1397 ἔσε-

2062 1360 2377 1418 iasceretur,
2417 1351 2645 1408 violavit
2702 1351 2876 1422 legem
2930 1349 3282 1421 procreandi,
3346 1348 3643 1404 effundens

359 1437 485 1493 σθαι
539 1436 601 1492 τὸ
655 1434 1035 1508 γεννώμενον,
1083 1436 1177 1491 τὸν
1236 1436 1457 1490 συνόδου
1520 1434 1685 1506 νόμον
1733 1435 1934 1506 ὴδίκει,

2050 1456 2225 1498 semen
2262 1443 2321 1497 in
2348 1449 2553 1499 terram
2579 1460 2593 1498 :
2618 1458 2724 1498 nec
2749 1443 2828 1498 illi
2858 1441 3170 1513 impertitus
3195 1449 3300 1497 est.
3330 1440 3631 1496 Confestim

359 1529 643 1599 καταχέων
675 1532 756 1594 είς
789 1532 925 1602 γῆν,
958 1529 1054 1582 καὶ
1085 1529 1207 1599 οὐχὶ
1239 1527 1441 1599 μᾶλλον
1469 1526 1641 1582 ἐδίδου
1667 1526 1767 1599 τὴν
1800 1544 1936 1581 σπο-

2053 1534 2206 1606 gitur
2258 1535 2426 1606 periit
2476 1536 2642 1592 etiam
2679 1537 2783 1592 iste
2827 1551 2896 1591 ex
2953 1535 3139 1590 divina
3179 1534 3279 1590 ira.
3314 1534 3432 1602 Quo
3463 1536 3634 1599 facto.

361 1596 884 1691 ράν.λιόλλυταιδέ
928 1620 1021 1674 καὶ⁸
1053 1596 1212 1683 οὗτός
1237 1596 1401 1683 εὐθὺς
1441 1617 1508 1672 ἐκ
1551 1615 1702 1681 θείας
1724 1596 1933 1689 νόργῆς.

2049 1596 2277 1684 timebat
2289 1628 2549 1700 deinceps
2578 1628 2746 1686 Judas
2775 1629 2827 1684 ei
2856 1629 3076 1684 tertium
3098 1628 3291 1693 tilium,
3315 1596 3520 1695 Selom,
3548 1596 3630 1684 in;

360 1708 438 1769 Οὔ
483 1714 773 1785 γεγονότος
794 1753 810 1778 ,
849 1711 1039 1767 ἐδεδίει
1074 1712 1265 1767 λοιπὸν
1297 1714 1326 1765 6
1369 1709 1574 1776 Ἰούδας
1614 1710 1706 1764 τὸν
1751 1710 1935 1782 τρίτον

2045 1734 2226 1791 quam,
2278 1720 2597 1793 adiungere.
2643 1720 2822 1791 Atque
2868 1721 2987 1776 haec
3026 1728 3143 1778 erat
3185 1728 3364 1775 metus
3391 1718 3626 1777 occasio.

358 1809 497 1880 αὐτῇ
534 1805 974 1879 συηιατοικίζειν
1009 1805 1146 1870 υἱὸν,
1191 1804 1334 1877 φημὶ
1359 1803 1422 1873 δὴ
1450 1803 1541 1856 τὸν
1571 1801 1795 1875 Σηλὼμ.
1828 1802 1939 1856 Καὶ

2045 1812 2132 1866 Ait
2151 1811 2301 1867 enim
2334 1818 2516 1870 textus
2547 1830 2562 1867 :
2599 1832 2619 1866 ι
2643 1812 2947 1885 Nequando
2971 1821 3030 1870 et
3068 1813 3161 1869 hic
3194 1813 3474 1884 dispereat
3502 1813 3567 1870 “.
3606 1836 3626 1867 ι

361 1902 467 1956 τῶν
495 1903 576 1966 εἰς
620 1900 780 1954 τοῦτο
820 1900 1091 1971 δειμάτων
1124 1900 1158 1970 ή
1198 1899 1472 1972 πρόφασις
1503 1893 1595 1971 ἦν,
1638 1917 1657 1950 ι
1694 1897 1785 1969 Μὴ
1830 1896 1939 1975 ἄρα

2052 1898 2148 1955 Sed
2191 1900 2308 1971 ipse
2345 1903 2644 1973 quominus
2697 1903 3005 1961 conﬁceret
3039 1904 3285 1974 nuptias,
3336 1903 3633 1960 excusabat

361 2005 478 2053 πως
522 1988 621 2042 καὶ
669 1987 833 2052 αὐτὸς
881 1986 1174 2051 ἀπόλοιτο,
1233 2006 1253 2040 ι
1312 1987 1499 2057 φησίν.
1558 1987 1828 2040 Ἐποιεῖτο
1880 1986 1939 2039 δὲ

2057 1996 2199 2065 tueri
2224 2005 2462 2064 aetatem,
2489 1995 2638 2066 quod
2664 1996 2878 2052 scilicet
2904 1996 2950 2051 is
2972 1996 3141 2051 nimis
3162 1997 3428 2067 parvulus
3487 2004 3638 2052 esset

362 2080 560 2153 σκῆψιν
593 2079 691 2134 τοῦ
725 2078 799 2152 μὴ
833 2079 1032 2151 χρῆναι
1066 2076 1311 2150 πληροῦν
1355 2078 1448 2132 τὸν
1492 2078 1702 2148 γάμον,
1743 2078 1805 2132 τὸ
1839 2079 1939 2150 τῆς

2053 2094 2098 2142 et
2123 2085 2345 2155 ineptus
2369 2084 2439 2140 ad
2481 2085 2820 2155 conjugium.
2845 2083 3083 2154 Ideoque
3122 2084 3262 2140 dixit
3298 2084 3366 2140 ad
3395 2085 3634 2141 Thamar

359 2172 450 2227 τοῦ
477 2173 675 2238 παιδὸς
702 2172 922 2244 ἡλικίας
967 2171 1164 2244 κομιδῇ
1212 2169 1406 2242 βραχύ.
1441 2166 1575 2225 Eine
1605 2172 1747 2243 γὰρ,
1783 2170 1937 2243 φησὶ,

2052 2193 2239 2233 nurum
2268 2192 2426 2233 suam
2460 2194 2475 2232 :
2515 2195 2534 2229 ι
2572 2177 2706 2232 Esto
2736 2175 2902 2232 vidua
2925 2177 2981 2231 in
3012 2177 3175 2233 domo
3204 2178 3377 2248 patris
3407 2176 3510 2244 tui,
3531 2176 3633 2234 do-

358 2270 424 2340 τῇ
448 2265 639 2342 νύμφῃ
667 2264 856 2322 αὐτοῦ·
894 2283 913 2316 ι
939 2264 1124 2319 Κάθου
1164 2264 1311 2335 χήρα
1344 2264 1405 2317 ἐν
1441 2262 1519 2333 τῷ
1548 2262 1684 2335 οἴκῳ
1711 2261 1806 2317 τοῦ
1832 2279 1939 2317 πα-

2041 2283 2145 2326 nec
2188 2269 2459 2340 pubescat
2495 2267 2641 2325 ﬁlius
2690 2284 2849 2325 meus
2901 2268 3085 2324 Selom
3114 2270 3183 2324 ὀ.
3218 2288 3237 2321 ι
3262 2269 3410 2324 Dixit
3443 2268 3622 2326 enim:

361 2362 485 2434 τρός
528 2377 656 2424 σου,
700 2359 807 2423 ἓως
840 2358 1014 2429 μέγας
1046 2357 1275 2428 γένηται
1310 2354 1508 2427 Σηλὼμ
1532 2357 1561 2408 6
1604 2355 1718 2418 υἱός
1753 2371 1874 2426 μου.
1913 2371 1934 2407 ι

2118 2360 2401 2433 Ἱεηυοηᾶο
2424 2360 2698 2415 moriatur
2721 2368 2778 2416 et
2801 2359 2915 2425 ille,
2962 2359 3106 2415 sicut
3132 2358 3329 2415 fratres
3360 2360 3481 2430 ejus
3502 2359 3568 2415 “.
3607 2378 3627 2411 l
3695 2350 3699 2355 ’

361 2453 494 2511 Εἷπε
522 2454 635 2526 γάρ
654 2469 668 2482 ·
708 2472 727 2504 ι
763 2452 855 2524 Μή
898 2467 1032 2505 ποτε
1060 2448 1313 2522 ἀποθάνῃ
1341 2448 1436 2502 καὶ
1464 2439 1645 2513 οὗτος,
1676 2447 1867 2518 ὥσπερ
1889 2446 1939 2502 οι

2050 2451 2295 2525 Digressa
2331 2460 2516 2507 autem
2556 2452 2798 2507 Thamar
2833 2451 2978 2508 sedit
3018 2452 3076 2507 in
3104 2452 3269 2507 domo
3316 2452 3489 2523 patris
3523 2451 3631 2510 sui.

360 2545 576 2615 ἀδελφοὶ
604 2541 794 2598 αὐτοῦ.
823 2560 842 2594 ι
890 2539 1230 2595 Ἀπελθοῦσα
1262 2539 1319 2593 δέ
1351 2538 1550 2613 Θάμαρ
1588 2537 1846 2610 ἐκάθητο,
1880 2538 1939 2592 ἐν

2050 2542 2222 2599 Medio
2250 2551 2376 2614 post
2425 2553 2673 2615 tempore
2700 2558 2844 2617 aegre
2879 2544 3010 2599 tulit
3037 2559 3245 2599 moram
3291 2544 3631 2616 nuptiarum.

360 2639 433 2711 τῷ
457 2641 592 2709 οἴκῳ
623 2634 718 2691 τοῦ
757 2634 969 2707 πατρὸς
1007 2633 1200 2704 αὐτῆς.
1234 2627 1369 2686 Εἶτα
1409 2630 1604 2703 καιροῦ
1630 2629 1941 2699 διαγεγονό-

2053 2634 2300 2707 [ntelligit
2319 2635 2467 2691 enim
2506 2651 2574 2691 ex
2597 2643 2776 2706 parte,
2801 2634 2950 2707 quod
2979 2650 3138 2691 socer
3159 2650 3271 2690 non
3294 2635 3364 2690 sit
3396 2635 3634 2705 promis-

362 2710 471 2799 τος,
505 2727 907 2801 δεδυσφόρηκεν
947 2729 981 2797 ἡ
1027 2725 1228 2797 Θάμαρ
1264 2724 1359 2778 ἐπὶ
1379 2724 1457 2796 τῷ
1507 2720 1803 2795 μελλησμῷ
1841 2719 1937 2775 τοῦ

2050 2741 2164 2781 sum
2186 2726 2291 2797 ipsi
2316 2727 2687 2797 praestiturus,
2713 2725 2811 2782 sed
2843 2733 3054 2780 tantum
3086 2710 3352 2796 praetextu
3378 2725 3631 2796 quopiam

359 2822 559 2893 γάμου.
597 2820 822 2890 Συνίησι
855 2818 912 2872 δὲ
945 2817 1050 2889 ἤδη
1084 2834 1220 2881 πως,
1253 2815 1328 2879 ὡς
1367 2815 1469 2867 οὐκ
1505 2813 1573 2867 ἂν
1613 2812 1750 2867 οἴσει
1800 2810 1940 2883 πρὸς

2053 2824 2252 2881 utatur,
2285 2832 2397 2888 quo
2420 2832 2536 2872 rem
2562 2816 2781 2872 diﬂ'erat
2817 2825 2984 2886 atque
3011 2815 3399 2886 procrastinet,
3438 2815 3634 2886 ipsam-

362 2916 533 2985 πέρας
556 2913 698 2985 αὐτῇ
724 2912 787 2965 τὸ
816 2908 1226 2980 ἐπηγγελμένον
1249 2909 1277 2961 6
1310 2905 1602 2979 κηδεστής.
1625 2903 1939 2975 Σκήπτεται

2053 2924 2151 2979 que
2174 2908 2322 2963 inani
2352 2923 2447 2979 spe
2490 2909 2657 2963 Iactet
2690 2915 2748 2964 et
2798 2907 3213 2963 circumveniat.
3250 2906 3319 2962 At
3363 2906 3495 2976 quid
3519 2906 3634 2976 ipsa

359 3005 640 3078 δὲμᾶλλον
682 3001 955 3067 ἀνατιθεὶς
988 3003 1069 3063 είς
1110 2997 1545 3071 ὑπέρθεσιν’καὶ
1589 2997 1671 3060 είς
1714 2995 1940 3059 ἐλπίδας

2050 3001 2310 3071 deinceps
2342 3007 2536 3056 contra
2559 3000 2666 3055 hoc
2697 3001 3083 3056 machinatur?
3126 3020 3145 3054 ι
3187 3000 3511 3057 Nuntiatum
3527 3008 3631 3066 est,

359 3099 461 3153 οὐκ
501 3095 769 3168 ἐσομένας
795 3110 857 3148 το
890 3090 1286 3166 προσδοκηθέν.
1317 3091 1429 3144 Καὶ⁵
1469 3088 1521 3143 τί
1562 3087 1627 3159 δὴ
1669 3086 1778 3160 ἄρα
1805 3087 1940 3159 πρὸς

2056 3094 2143 3159 ait,
2170 3093 2409 3148 Thamar
2453 3093 2620 3148 nurui
2662 3108 2819 3164 ejus:
2850 3094 2994 3149 Ecce
3017 3108 3175 3149 socer
3212 3100 3342 3148 tuus
3387 3092 3637 3149 ascendit

360 3193 520 3247 τοῦτο
572 3190 883 3263 μηχανᾶται
923 3186 1144 3252 λοιπόν;
1200 3204 1220 3237 ι
1274 3181 1623 3254 Ἀπηγγέλη,
1678 3181 1843 3250 φησι,
1873 3181 1941 3252 τῇ

2057 3186 2103 3239 in
2126 3184 2375 3239 Tbamna
2399 3180 2470 3238 ad
2497 3181 2802 3237 tondendas
2826 3197 2957 3239 oves
2980 3197 3125 3237 suas.
3151 3182 3220 3237 Et
3243 3180 3509 3252 depositis
3529 3196 3560 3237 a
3577 3195 3638 3239 so

362 3287 564 3358 Θάμαρ
600 3287 672 3355 τῇ
706 3280 896 3353 νύμφῃ
931 3278 1118 3345 αὑτοῦ,
1155 3277 1429 3346 λέγοντες·
1472 3273 1602 3330 Ἰδοὺ
1627 3275 1655 3328 6
1684 3272 1943 3344 πενθερός

2057 3273 2393 3332 vestimentis
2409 3273 2715 3339 viduitatis,
2745 3272 2926 3328 induit
2957 3288 3016 3329 se
3046 3274 3329 3339 theristro,
3351 3282 3407 3329 et
3443 3282 3638 3330 osten-

365 3396 456 3435 σου
485 3374 773 3432 ἀναϐαίνει
804 3375 884 3436 είς
907 3369 1101 3443 Θαμνά
1143 3373 1326 3442 κεῖραι
1370 3367 1443 3422 τά
1471 3365 1720 3441 πρόϐατα
1751 3361 1939 3419 αὐτοῦ.

2056 3367 2212 3424 debat
2250 3366 2721 3439 pulchritudinem
2752 3381 2927 3433 suam,
2972 3364 3307 3435 sedebatque
3335 3364 3404 3420 ad
3447 3374 3637 3436 portas

360 3473 473 3528 Καὶ
521 3466 883 3543 περιελομένη
944 3463 1013 3519 τά
1058 3463 1254 3535 ἱμάτια
1310 3461 1413 3533 τῆς
1472 3459 1791 3539 χηρεύσεως
1846 3456 1941 3527 ἀφ’

2054 3461 2257 3528 Aenan,
2288 3477 2411 3532 qua:
2438 3468 2524 3516 est
2548 3459 2609 3516 in
2632 3459 2721 3515 via
2741 3459 2810 3515 ad
2838 3459 3104 3515 Tbamna.
3131 3458 3281 3515 Vidit
3310 3459 3459 3514 enim
3489 3458 3635 3530 quod

366 3564 584 3635 ἑαυτῆς,
596 3580 667 3616 πε
676 3560 864 3633 ριεὸάλ
876 3556 954 3632 [λ]
970 3573 1058 3612 ετο
1070 3555 1129 3610 θέ
1140 3571 1378 3627 ριστρον,
1396 3552 1492 3607 καὶ
1508 3549 1942 3618 ἐκαλλωπίσατο,

2055 3554 2194 3610 illius
2215 3554 2334 3626 ejus
2371 3552 2554 3610 Selom
2576 3552 2799 3624 grandis
2827 3552 2940 3624 jam
2964 3551 3141 3607 factus
3162 3558 3327 3612 esset.
3362 3550 3479 3622 ipse
3502 3565 3636 3608 vero

366 3660 458 3713 καὶ
500 3656 745 3725 ἐκάθητο
795 3653 933 3725 πρὸς
974 3652 1094 3715 ταῖς
1136 3647 1334 3711 πύλαις
1380 3643 1581 3709 Αίνάν,
1624 3642 1661 3714 ἦ
1702 3642 1849 3696 ἐστιν
1887 3642 1945 3695 ἐν

2054 3659 2160 3701 non
2183 3645 2341 3700 daret
2373 3659 2496 3700 eam
2532 3642 2639 3714 ipsi
2673 3655 2922 3697 uxorem.
2956 3640 3027 3697 Et
3049 3639 3169 3697 visa
3204 3656 3267 3695 ea
3292 3640 3462 3696 Judas
3484 3637 3635 3693 arbi-

368 3748 589 3824 παρόδῳ
619 3745 836 3817 Θαμνά.
887 3740 1010 3798 Εἴδε
1041 3742 1153 3813 γὰρ
1197 3740 1279 3794 δτι
1316 3737 1492 3810 μέγας
1516 3735 1740 3806 γέγονεν
1774 3735 1803 3788 6
1831 3731 1947 3824 υἱὸς

2055 3741 2225 3791 tratus
2272 3742 2358 3791 est
2402 3743 2649 3791 scortum
2694 3748 2836 3789 esse.
2884 3731 3183 3788 Obtexerat
3235 3732 3385 3788 enim
3438 3731 3636 3788 faciem

367 3821 530 3899 αὑτοῦ
578 3836 806 3911 Σηλὼμ,
855 3833 1020 3898 αὐτὸς
1070 3832 1127 3887 δὲ
1171 3830 1273 3885 οὐκ
1324 3828 1528 3882 ἔδωκεν
1575 3825 1749 3897 αὐτὴν
1796 3821 1947 3895 αὐτῷ

2059 3843 2224 3895 suam,
2265 3842 2447 3898 neque
2489 3825 2749 3898 cognovit
2777 3840 2900 3880 eam
2943 3826 3013 3878 η.
3054 3843 3074 3875 ι
3106 3821 3316 3878 Deinde
3359 3822 3640 3878 desiderio

367 3935 621 4005 γυναῖκα.
660 3930 772 4000 καὶ
823 3927 949 3982 ἰδὼν
993 3925 1165 3998 αὐτὴν
1207 3924 1237 3978 6
1289 3918 1494 3983 Ἰούδας
1515 3957 1531 3983 ,
1564 3916 1743 3984 ἔδοξεν
1772 3915 1946 3988 αὐτὴν

2061 3921 2167 3993 ejus
2212 3919 2552 3991 rapiebatur.
2587 3916 2803 3972 Mulieri
2829 3922 3014 3969 autem
3043 3914 3255 3985 petenti
3299 3912 3642 3977 mercedem,

369 4028 575 4100 πόρνην
609 4020 769 4080 εἶναι.
801 4017 1236 4088 Κατεκαλύψατο
1267 4012 1378 4085 γὰρ
1413 4011 1475 4100 τὸ
1517 4009 1809 4100 πρόσωπον
1826 4007 1947 4100 μαύ-

2055 4012 2340 4084 pollicetur
2364 4025 2424 4065 se
2446 4008 2745 4064 missurum
2771 4005 3010 4070 haedum,
3039 4005 3373 4076 arrbamque
3399 4006 3636 4077 promis-

368 4096 485 4189 τῆς,
526 4114 627 4171 καὶ
676 4113 778 4167 οὐκ
811 4109 1028 4179 ἐπέγνω
1072 4105 1263 4178 αὑτήν.
1309 4121 1329 4155 ι
1378 4097 1511 4154 Εἶτα
1560 4096 1948 4168 συνηρπάζετο

2054 4101 2474 4174 sionisexigenti
2501 4099 2654 4157 dedit
2679 4098 2959 4164 baculum,
2995 4098 3258 4154 annulum
3289 4105 3348 4154 et
3411 4097 3635 4167 monile,

371 4213 505 4287 πρὸς
540 4209 862 4281 ἐπιθυμίαν
890 4204 1131 4261 αἰτοῦντι
1162 4204 1219 4258 δὲ
1242 4203 1321 4276 τῷ
1352 4202 1561 4274 γυναίῳ
1597 4196 1946 4273 μισθώματα,

2063 4209 2154 4251 ιοο
2180 4203 2286 4261 est,
2308 4202 2691 4250 ornamentum
2721 4190 2996 4263 quoddam
3021 4192 3169 4248 circa
3193 4191 3414 4248 collum.
3441 4191 3644 4248 Existi-

372 4282 609 4379 πέμψειν
654 4302 845 4375 ἔριφον
886 4297 1285 4371 ἐπηγγέλλετο,
1330 4295 1520 4368 ὅμηρά
1561 4309 1624 4347 τε
1648 4291 1747 4362 τῆς
1774 4290 1951 4357 ἐπαγ-

2059 4286 2284 4342 maverit
2306 4293 2491 4344 autem
2523 4283 2819 4355 quispiam,
2852 4298 3034 4355 neque
3063 4283 3163 4339 abs
3194 4299 3277 4352 re,
3324 4282 3523 4341 ludam
3549 4291 3640 4341 ut-

374 4373 558 4467 γελίας
590 4373 842 4466 αἰτούσῃ,
872 4391 1056 4447 δίδωσι
1088 4391 1189 4462 τὴν
1222 4389 1453 4462 ῥάϐδον,
1492 4389 1589 4443 καὶ
1617 4386 1710 4442 τὸν
1748 4381 1949 4438 δακτύ-

2060 4387 2185 4450 pote
2213 4377 2550 4443 Chaldaeum,
2573 4391 2769 4432 eorum
2810 4391 2933 4446 quae
2963 4373 3031 4430 ad
3056 4383 3312 4430 ornatum
3338 4378 3641 4447 pertinent,

375 4466 506 4557 λιον,
549 4487 646 4543 καὶ
691 4485 783 4540 τὸν
825 4483 1117 4555 ὁρμίσκονο
1162 4481 1413 4535 τουτέστι
1438 4477 1703 4550 κόσμημά
1747 4493 1799 4529 τι
1844 4474 1953 4527 τῶν

2062 4470 2286 4527 minime
2316 4469 2683 4540 negligentem
2729 4466 2918 4522 fuisse.
2947 4466 3089 4523 Sunt
3113 4466 3259 4522 enim
3285 4467 3442 4538 politi
3476 4467 3643 4525 Chal-

373 4581 498 4654 περὶ
530 4580 633 4652 τὴν
660 4578 808 4648 δὲριν
840 4573 1074 4646 (οἰηθείη
1106 4573 1149 4627 δ’
1183 4573 1247 4628 ἄν
1281 4589 1386 4636 τις,
1412 4571 1508 4627 καὶ
1533 4570 1679 4642 μάλα
1706 4566 1951 4629 εἰκότως,

2066 4561 2164 4616 diei
2187 4567 2244 4616 et
2258 4569 2487 4615 ornatus
2511 4564 2779 4621 amantes,
2797 4557 2999 4629 quippe
3021 4557 3223 4629 quibus
3244 4573 3440 4613 manus
3462 4567 3518 4615 et
3534 4560 3647 4621 col-

381 4649 473 4732 ἀτε
501 4672 567 4744 δὴ
590 4649 873 4726 *Χαλδαῖον
915 4669 1045 4721 ὄντα
1079 4664 1171 4719 τὸν
1209 4663 1432 4727 Ἰούδαν,
1488 4661 1562 4732 μὴ
1602 4662 1660 4714 ἐν
1710 4657 1955 4729 ῥᾳθυμίᾳ

2064 4653 2173 4708 lum
2193 4667 2411 4723 semper
2425 4650 2851 4722 sintsplendida,
2880 4649 3038 4721 195
3065 4651 3271 4723 quique
3304 4650 3454 4722 ipsos
3478 4652 3645 4708 etiam

380 4743 634 4835 γενέσθαι
672 4761 769 4816 τοῦ
786 4758 1206 4816 κατακλίνεσθαι
1238 4753 1458 4826 φιλεῖν)ο
1494 4752 1813 4823 φιλόκοσμοι
1843 4748 1952 4822 γὰρ

2063 4745 2285 4817 capillos
2296 4746 2457 4801 sertis
2482 4743 2777 4799 redimiant
2801 4760 2813 4797 :
2839 4743 3109 4815 siquidem
3131 4745 3237 4800 hoc
3258 4745 3401 4816 apud
3425 4761 3519 4801 eos
3541 4761 3644 4802 usu

382 4860 428 4912 οί
456 4858 738 4919 Χαλδαῖοι,
756 4853 947 4928 χρυσῷ
970 4852 1027 4906 δὲ
1053 4852 1148 4906 καλ¹
1170 4854 1358 4923 χεῖρας
1379 4849 1475 4903 καὶ
1503 4847 1652 4918 δέριν
1678 4844 1957 4914 καταλαμ-

2064 4849 2347 4909 receptum
2370 4845 2473 4902 est,
2496 4847 2552 4892 et
2577 4835 2713 4891 viris
2737 4836 2985 4907 dignum,
3025 4844 3188 4907 atque
3210 4836 3347 4891 adeo
3370 4851 3645 4893 summum

385 4953 675 5025 πρύνουσι,
701 4925 990 5018 καιναύτὴν
1024 4945 1081 4998 δὲ
1106 4944 1267 5016 τρίχα
1303 4938 1662 5009 στεφανοῦσιν
1701 4936 1816 4991 ἐσθ’
1845 4939 1957 4993 ὅτε.

2068 4929 2372 4986 nobilitatis
2410 4928 2644 4999 insigne,
2705 4943 2885 4998 neque
2934 4941 2966 4981 a
3008 4925 3347 4982 fortitudinis
3393 4926 3649 4983 laudibus

360 5010 717 5114 ξῘεῐενόμιεπαι
745 5010 803 5093 δὲ
830 5010 1108 5092 καὶτοῦτο
1308 5034 1488 5095 αὐτοῖς
1535 5029 1631 5083 καὶ
1659 5029 1941 5099 ἀνδροπρε·

2070 5022 2312 5077 alienum
2347 5029 2624 5076 censetur.
2674 5019 2771 5073 His
2821 5026 3004 5073 autem
3055 5018 3132 5073 ita
3172 5017 3429 5088 peractis,
3469 5020 3649 5091 pergit

390 5134 514 5199 πές,
569 5131 863 5203 γνώρισμά
904 5147 965 5183 τε
1019 5127 1116 5197 τῆς
1164 5125 1425 5179 ἀνωτάτω
1454 5121 1643 5174 λοιπὸν
1684 5117 1963 5186 εὐγενείας

2066 5112 2232 5167 Iudas
2252 5111 2305 5165 in
2335 5125 2463 5165 eum
2488 5109 2692 5172 locum,
2717 5124 2881 5178 quem
2905 5107 3143 5179 sibijam
3167 5107 3325 5162 initio
3342 5123 3647 5179 proposue-

394 5228 480 5279 καὶ
505 5225 615 5279 τῶν
641 5228 720 5288 είς
747 5223 1000 5294 ἀνδρείαν
1024 5219 1264 5273 ἐπαίνων
1298 5217 1400 5269 οὐκ
1428 5212 1709 5285 ἁμοιροῦν.
1746 5210 1965 5264 Τούτων

2068 5213 2168 5261 rat.
2197 5205 2318 5276 Ipsa
2350 5219 2484 5259 vero
2536 5203 2604 5258 ad
2643 5202 2817 5273 patris
2861 5200 3087 5255 domum
3119 5200 3527 5268 revertebatur,
3554 5217 3649 5273 spe

395 5316 447 5369 δὲ.
476 5309 576 5371 ὧδε
596 5290 1024 5384 τετελεσμένων,
1054 5309 1225 5382 ζοχετο
1268 5307 1365 5378 μὲν
1404 5309 1432 5360 6
1473 5306 1671 5367 Ἰούδας
1707 5297 1866 5373 οἷπερ
1898 5295 1966 5372 ἦν

2071 5298 2206 5353 bona
2226 5305 2411 5353 erecta
2438 5295 2585 5365 quod
2624 5300 2770 5349 esset
2800 5290 3048 5363 gravida.
3097 5292 3253 5360 Quod
3302 5295 3395 5349 ubi
3430 5294 3652 5350 rescivit

401 5410 453 5462 tv
476 5410 670 5481 ἀρχαῖς
695 5409 723 5461 6
758 5371 958 5470 σκοπὸς
1189 5403 1251 5455 Ἡ
1269 5371 1328 5456 δὲ
1354 5400 1488 5471 πρὸς
1514 5398 1609 5470 τὴν
1641 5394 1734 5451 τοῦ
1761 5371 1967 5465 πατρὸς

2081 5389 2251 5454 Iudas,
2277 5386 2633 5443 occidendam
2658 5400 2777 5440 esse
2804 5384 2896 5448 ait,
2918 5392 3175 5453 tanquam
3198 5385 3520 5440 adulteram.
3543 5382 3662 5442 Sed.

468 5594 504 5635 ¹⁷
531 5593 675 5652 Gen.
708 5606 930 5656 xxxvi",
961 5588 1074 5644 1-5.
1156 5587 1194 5618 "
1220 5584 1359 5643 Ibid.
1387 5583 1468 5638 IO.
1634 5581 1674 5614 "
1726 5578 1864 5635 Ibid.
1912 5578 2023 5648 Η.⁵

1634 5581 1674 5614 ¹⁴³
1726 5578 1864 5635 Ibid.
1912 5578 2023 5648 Η.-
2070 5578 2115 5611 ’⁸
2156 5573 2293 5631 Ibid.
2342 5572 2411 5643 ,υ
2441 5568 2578 5624 Ibid;
2656 5571 2700 5602 "
2734 5567 2868 5623 Ibid.
2904 5565 3092 5621 13-15.
