4004 6204
338 114 440 172 3H

1259 127 1281 148 ’
1336 118 1405 175 '8.
1446 119 1719 177 CYRILLI
1758 121 2227 181 ALEXANDBINI
2266 126 2586 183 ARCHIEP.

3512 132 3621 189 εις

340 256 466 299 cum
490 241 605 314 jam
645 244 701 300 in
725 245 989 303 extremis
1021 255 1189 313 esset,
1224 245 1466 303 ostendit
1496 247 1549 302 ei
1586 246 1859 303 baculum
1878 258 1931 306 et

2039 251 2223 306 ἑστίαν
2256 251 2632 324 ἀνεκομίζετο,
2665 251 2759 306 καὶ
2788 252 2853 324 δὴ
2888 252 2983 307 καὶ
3004 250 3061 306 ὲν
3099 249 3247 322 καλῷ
3276 251 3374 324 τῆς
3409 253 3623 321 ἐλπίδος

339 331 574 405 reliqua,
604 334 835 392 dicens:
878 355 897 389 ι
928 337 1006 391 Ex
1048 336 1142 393 illo
1166 337 1389 393 homine
1433 336 1593 409 cuius
1614 337 1733 393 haec
1778 345 1928 405 sunt,

338 439 469 501 gero
514 432 753 488 uterum,
790 428 859 483 Et
904 428 1043 484 dixit
1069 447 1082 482 :
1106 427 1385 500 Cognosce
1413 429 1698 502 cuiusnam
1740 430 1810 485 sit
1839 430 1931 490 hic

336 518 597 585 annulus,
644 526 700 574 et
744 521 967 587 monile,
1012 528 1069 577 et
1109 521 1342 577 baculus
1375 521 1499 578 iste.
1540 521 1709 577 Judas
1746 531 1931 579 autem

337 610 594 680 cognovit
622 620 677 666 et
722 611 900 668 dixit:
929 613 1167 676 Thamar
1198 612 1495 685 justificata
1540 623 1624 670 est
1672 630 1786 686 prze
1822 631 1929 671 me.

332 699 515 767 Quare
549 717 658 756 non
684 702 809 757 dedi
834 718 955 758 eam
988 703 1102 763 ﬁlio
1148 720 1272 759 meo
1305 703 1527 761 Selom?
1550 721 1654 760 nec
1697 706 1933 776 amplius

337 794 537 865 adjecit
566 802 626 849 ut
661 805 1022 867 cognosceret
1046 813 1187 859 eam.
1237 796 1457 855 Accidit
1490 805 1676 853 autem
1709 797 1931 868 quando

333 883 573 958 peperit,
600 893 656 940 et
676 885 882 956 gemini
909 896 1068 948 erant
1094 887 1152 941 in
1175 895 1333 945 utero
1356 888 1494 960 ejus.
1518 886 1767 958 Cumque
1788 896 1936 943 esset

334 971 394 1030 in
416 985 600 1047 partu,
633 994 779 1039 unus
813 982 1011 1043 extulit
1049 996 1271 1036 manum
1309 996 1484 1037 suam.
1520 981 1799 1038 Obstetrix
1836 998 1934 1039 au-

337 1078 450 1128 tem
472 1079 699 1141 accepto
732 1073 982 1138 coccino,
1017 1073 1209 1145 ligavit
1229 1088 1357 1129 eum
1396 1073 1453 1129 in
1487 1089 1707 1129 manum
1735 1075 1928 1145 ipsius,

337 1157 569 1214 dicens:
594 1160 700 1216 [ste
729 1161 1046 1233 egredietur
1072 1163 1244 1233 prior.
1287 1163 1357 1219 At
1385 1164 1480 1219 ubi
1512 1181 1737 1220 manum
1761 1174 1932 1221 retra-

336 1249 439 1316 xit,
468 1250 618 1307 illico
648 1268 906 1324 egressus
930 1263 1015 1309 est
1049 1254 1220 1311 frater
1246 1256 1386 1327 ejus.
1428 1256 1506 1312 Ea
1538 1268 1722 1313 autem
1749 1257 1887 1312 dixit
1914 1276 1927 1312 :

335 1341 516 1408 Quare
540 1352 769 1414 propter
796 1352 849 1401 te
884 1345 1196 1418 interrupta
1221 1356 1305 1403 est
1324 1348 1602 1413 maceria?
1623 1349 1692 1407 Et
1713 1351 1932 1405 vocavit

335 1448 536 1491 nomen
577 1436 717 1507 ejus,
747 1436 973 1495 Phares.
1021 1439 1218 1496 Postea
1242 1449 1298 1497 et
1324 1440 1495 1497 frater
1522 1442 1647 1513 ejus
1676 1457 1931 1513 egressus

335 1530 441 1590 est,
466 1524 523 1579 in
548 1525 705 1601 cujus
728 1542 893 1583 manu
919 1537 1038 1585 erat
1058 1531 1369 1597 coccinum,
1402 1539 1459 1588 et
1481 1531 1699 1588 vocavit
1724 1547 1928 1588 nomen

2039 338 2109 416 ἦν
2136 343 2480 417 κυοφοροῦσα
2517 344 2725 399 λοιπόν.
2764 344 2983 418 Ἐπειδὴ
3023 345 3082 400 δὲ
3111 343 3271 399 τοῦτο
3296 345 3620 418 μεμάθηκεν

2037 433 2067 491 ὁ
2119 433 2342 501 Ἰούδας,
2370 434 2627 488 τεθνάναι
2665 434 2776 490 δεῖν
2809 434 2914 508 ἔφη
2942 436 3004 491 τὸ
3032 434 3255 506 γύναιον
3300 436 3377 501 ὡς
3407 454 3618 510 πεπορ-

2036 524 2315 597 νευμένον.
2360 524 2451 587 Ὠς
2486 523 2543 578 δὲ
2588 520 2659 597 ἦν
2705 526 2763 578 ἐν
2800 525 3073 597 ἐσχάτοις,
3120 523 3438 596 παρέδειξεν
3471 526 3620 595 αὐτῷ

2034 616 2136 686 τὴν
2168 614 2366 687 ῥάϐδον
2396 616 2491 672 καὶ
2513 614 2580 670 τὰ
2605 615 2790 681 λοιπὰ,
2820 617 3073 688 λέγουσαο
3110 636 3130 669 ι
3171 615 3267 671 Ἐκ
3287 614 3380 669 τοῦ
3415 616 3621 687 ἀνθρώ-

2036 726 2141 763 που
2176 701 2388 773 οὗτινος
2428 707 2604 763 ταῦτά
2635 710 2805 775 ἐστιν,
2847 707 2958 778 ἐγὼ
2993 709 3053 763 ἐν
3099 709 3301 779 γαστρὶ
3339 708 3467 779 ἔχω.
3504 710 3618 764 Καὶ

2034 794 2209 853 εἶπεν
2254 798 2549 868 Ἐπίγνωθι
2572 799 2715 864 τίνος
2750 803 2779 855 ό
2804 799 3111 868 δακτύλιος,
3149 801 3245 855 καὶ
3273 803 3302 854 ό
3331 802 3614 872 όρμίσκος,

2033 891 2127 945 κα)⁸
2169 894 2202 963 ὴ
2242 891 2435 963 ῥάϐδος
2472 891 2636 964 αὓτη.
2690 892 2940 961 Ἐπέγνω
2987 891 3044 945 δὲ
3089 891 3293 956 Ἰούδας
3333 893 3428 946 καὶ
3470 888 3615 957 εἷπε,

2031 980 2377 1036 δεδικαίωται
2397 981 2598 1053 Θάμαρ
2625 981 2658 1052 ἢ
2703 979 2833 1050 ἐγώ.
2861 973 2935 1034 Ob
2977 979 3143 1034 ἕνεκα
3171 979 3273 1033 οὑκ
3302 977 3479 1032 ἔδωκα
3514 979 3616 1033 αύ-

2032 1071 2131 1144 τὴν
2165 1071 2368 1143 Σηλὼμ
2389 1072 2468 1144 τῷ
2498 1071 2601 1144 υἱῷ
2633 1089 2772 1143 μου;
2805 1072 2918 1126 Καὶ
2945 1072 3007 1125 οὐ
3040 1070 3338 1143 προσέθετο
3365 1070 3444 1124 ἔτι
3472 1070 3615 1139 γνῶ-

2032 1181 2118 1220 ναι
2161 1164 2355 1236 αὐτὴν.
2404 1165 2653 1235 Ἐγένετο
2700 1163 2794 1229 δὲ,
2827 1163 3024 1235 φησὶν,
3052 1163 3221 1235 ἡνίκα
3256 1164 3469 1225 ἔτικτε,
3520 1162 3616 1218 καὶ⁵

2031 1258 2157 1331 τῇδε
2180 1254 2249 1331 ἦν
2274 1257 2474 1329 δίδυμα
2512 1259 2571 1314 ὲν
2607 1259 2675 1331 τῇ
2709 1256 2910 1329 γαστρὶ
2947 1255 3143 1326 αὐτῆς.
3181 1254 3431 1324 Ἐγένετο
3462 1253 3521 1308 δὲ
3555 1255 3614 1308 ὲν

2028 1351 2108 1419 τῷ
2136 1350 2344 1405 τίκτειν
2374 1349 2545 1423 αὐτὴν
2565 1390 2580 1417 ,
2618 1350 2647 1403 ό
2679 1341 2761 1413 εἷς
2796 1347 3170 1420 προεξήνεγκε
3197 1346 3297 1418 τὴν
3326 1348 3487 1418 χεῖρα
3519 1346 3615 1400 αὖ·

2028 1442 2144 1500 τοῦ.
2171 1441 2426 1497 Δαϐοὓσα
2442 1442 2499 1496 δὲ
2528 1443 2561 1513 ἡ
2595 1442 2752 1513 ματα,
2781 1440 2971 1511 ἔδησεν
3002 1438 3095 1493 ἐπὶ
3119 1439 3220 1510 τὴν
3257 1440 3417 1509 χεῖρα
3445 1437 3613 1491 αὐτοῦ

2031 1535 2316 1604 κόκκινον,
2343 1533 2609 1605 λέγουσαο
2640 1524 2805 1597 Οὗτος
2846 1531 3188 1598 ἐξελεύσεται
3220 1531 3503 1602 πρότερος·
3538 1529 3615 1595 ὡς

336 1615 456 1692 ejus
475 1616 611 1673 Zara
637 1619 705 1686 ’³,
739 1639 758 1672 ι
793 1622 973 1691 Atque
1024 1620 1142 1678 haec
1162 1622 1386 1693 quidem
1414 1626 1839 1681 commemoravi
1864 1640 1931 1680 ex

2033 1626 2090 1681 δὲ
2128 1626 2504 1698 ὲπισυνήγαγε
2539 1625 2637 1697 τὴν
2674 1627 2853 1697 χεῖρα,
2885 1623 3049 1690 εὐθὺς
3069 1623 3294 1694 ἐξῆλθεν
3329 1624 3357 1677 ό
3387 1620 3616 1690 ἀδελφὸς

324 1708 541 1765 littera.
574 1710 779 1767 Sensus
795 1719 979 1767 autem
1018 1728 1234 1781 eorum,
1275 1731 1398 1786 qua:
1435 1714 1593 1783 utilia
1616 1724 1767 1779 sunt,
1798 1717 1929 1773 abs-

337 1809 526 1862 trusus
569 1810 674 1869 est,
701 1820 865 1874 quem
914 1815 970 1861 et
1000 1805 1265 1863 brevibus
1293 1806 1571 1883 quomodo
1596 1823 1654 1862 se
1705 1808 1926 1875 habeat,

331 1911 362 1950 e
373 1914 615 1955 ruemus.

2030 1718 2219 1776 αὑτοῦ.
2262 1719 2327 1774 Ἦ
2356 1718 2414 1774 δὲ
2440 1715 2583 1772 εἷπε’
2625 1717 2691 1773 Τί
2725 1717 2954 1788 διεκόπη
2983 1716 3071 1772 διά
3100 1717 3159 1770 σὲ
3191 1715 3478 1787 φραγμός;
3504 1713 3616 1773 Καὶ

2032 1812 2260 1867 ἐκάλεσε
2282 1809 2343 1864 τὸ
2373 1810 2545 1880 ὄνομα
2564 1809 2753 1873 αὑτοῦ,
2781 1809 2976 1878 Φαρές.
3011 1806 3167 1862 Μετὰ
3197 1805 3356 1861 τοῦτο
3389 1803 3615 1873 ἐξῆλθεν

2031 1906 2061 1959 ό
2088 1904 2314 1974 ἁδελφὸς
2354 1903 2562 1968 αὐτοῦ,
2609 1903 2691 1972 ἐφ’
2730 1894 2805 1970 ᾧν
2838 1896 2908 1972 ἦν
2948 1902 3004 1952 ἐν
3043 1901 3109 1971 τῇ
3148 1899 3295 1971 χειρὶ⁵
3342 1895 3507 1952 αὑτοῦ
3552 1894 3617 1949 τὸ

335 1988 614 2047 κόκκινον·
653 1990 749 2047 καὶ⁵
780 1990 1011 2047 ἐκάλεσε
1046 1990 1108 2048 τὸ
1145 1994 1319 2066 ὄνομα
1351 1993 1541 2059 αὐτοῦ,
1582 1995 1754 2066 Ζαρᾶ.
1793 2013 1812 2048 ι
1856 1996 1968 2050 Καὶ
2004 1997 2163 2050 ταυτὶ
2220 1997 2318 2067 μὲν
2347 1996 2484 2067 ἔφην
2513 1995 2623 2049 ἀπό
2655 2011 2719 2065 γε
2755 1993 2849 2047 τοῦ
2886 1993 3236 2064 γράμματος.
3275 1987 3617 2062 Κεκρυμμέ-

332 2100 424 2148 νος
458 2082 516 2136 δὲ
553 2083 715 2140 πάλιν
744 2086 852 2140 τῶν
885 2087 1203 2156 ἀναγκαίων
1240 2089 1269 2141 δ
1306 2084 1450 2151 νοῦς.
1496 2088 1594 2141 ‘Ov
1632 2089 1727 2145 καὶ
1755 2087 1906 2150 ὅπως
1942 2086 2009 2142 ἂν
2037 2088 2172 2158 ἔχοι,
2210 2085 2645 2156 διασκεψόμεθα,
2674 2084 2769 2138 καὶ
2798 2083 2899 2137 οὐκ
2936 2084 3017 2145 είς
3047 2079 3290 2152 μακράν.

403 2174 458 2229 2.
480 2174 757 2246 Imprimis
778 2176 945 2248 igitur
985 2175 1120 2232 illud
1161 2175 1457 2233 dicendum
1493 2184 1579 2232 est
1615 2175 1787 2248 quod,
1827 2177 1933 2235 etsi

332 2264 445 2320 sint
465 2265 714 2335 qumdam
739 2282 988 2336 persona:
1022 2266 1286 2338 insignes,
1316 2282 1439 2337 qua:
1463 2267 1670 2338 aliquid
1700 2282 1812 2322 non
1833 2266 1931 2323 ad-

334 2357 558 2412 modum
618 2359 848 2414 honeste
904 2360 1137 2430 gessisse
1186 2358 1694 2430 deprehendantur,
1747 2368 1932 2415 tamen

332 2463 460 2504 cum
493 2449 639 2511 Deus
664 2466 762 2522 per
774 2451 873 2507 has
897 2451 1106 2522 aliquid
1133 2451 1281 2523 quod
1302 2451 1372 2507 ad
1400 2452 1633 2509 salutem
1653 2453 1928 2523 expediat,

333 2543 392 2599 in
427 2559 581 2600 sacra
611 2544 897 2616 Scriptura
919 2545 1340 2610 subministrat,
1373 2545 1703 2617 repellamus
1732 2547 1927 2616 procul

333 2650 367 2696 ει
392 2636 555 2693 nobis
575 2635 631 2692 id
664 2637 813 2708 quod
846 2636 1128 2694 ofiendere
1153 2636 1329 2709 possit
1360 2655 1373 2692 :
1411 2637 1457 2693 si
1497 2639 1660 2693 modo
1703 2638 1924 2708 sapien-

331 2725 409 2785 l'a
432 2737 490 2785 et
505 2729 818 2787 intellectus
839 2731 1000 2787 nobis
1019 2746 1166 2786 curae
1191 2730 1321 2797 sint,
1352 2745 1531 2802 neque
1551 2730 1710 2801 plane
1734 2745 1925 2786 eorum

335 2837 457 2894 qua:
486 2822 557 2881 ad
588 2838 707 2879 rem
739 2832 987 2879 nostram
1016 2831 1286 2894 spectant,
1324 2823 1498 2894 ignari
1541 2822 1732 2879 simus.
1763 2822 1925 2893 Cogi-

332 2898 514 2971 temus
542 2916 690 2971 enim
720 2916 868 2986 quod
905 2926 963 2972 et
993 2916 1186 2973 beatus
1228 2918 1495 2988 propheta
1527 2914 1697 2972 Oseas
1724 2916 1925 2970 mulie-

2104 2176 2167 2248 β’.
2208 2176 2424 2249 Χρῆναι
2457 2176 2514 2230 δὲ
2545 2171 2699 2245 οἶμαι
2727 2173 2822 2229 καὶ
2850 2172 2956 2246 πρό
2993 2189 3057 2241 γε
3091 2171 3199 2225 τῶν
3233 2169 3408 2227 ἄλλων
3437 2172 3616 2225 έκεῖνο

2028 2269 2224 2334 εἰπεῖν,
2261 2268 2343 2321 ὅτι
2391 2267 2497 2322 κᾶν
2536 2269 2585 2322 εί
2613 2265 2857 2339 γένοιντό
2901 2283 3019 2328 πως
3046 2266 3103 2318 ὲν
3137 2266 3251 2329 τοῖς
3294 2263 3358 2316 ού
3404 2264 3613 2335 σφόδρα

2029 2361 2245 2429 σεμνοῖς
2271 2360 2322 2413 οἱ
2364 2358 2521 2424 δόξαν
2568 2357 2786 2431 ἔχοντες
2829 2357 2929 2430 τὴν
2966 2356 3205 2426 διαφανῆ
3265 2355 3419 2427 παρά
3446 2371 3509 2424 γε
3544 2358 3611 2428 τῇ

2030 2449 2375 2522 θεοπνεύστῳ
2403 2451 2621 2523 Γραφῇ,
2655 2449 2793 2507 Θεοῦ
2815 2466 2870 2505 τι
2894 2450 3003 2504 τῶν
3035 2447 3350 2517 ἀναγκαίων
3380 2448 3459 2511 είς
3486 2446 3615 2517 δνη-

2032 2561 2115 2598 σιν
2150 2539 2209 2598 εὖ
2240 2543 2388 2615 μάλα
2412 2543 2807 2615 διοικουμένου,
2837 2540 3148 2613 διωσόμεθά
3176 2558 3266 2594 ποι
3298 2540 3515 2612 μακράν
3549 2538 3612 2592 τὸ

2028 2637 2094 2690 ἐκ
2125 2634 2219 2690 τοῦ
2260 2634 2706 2702 σκανδαλίζεσθαι
2729 2631 2955 2707 βλάϐος·
2986 2636 3035 2688 εἰ
3058 2631 3122 2690 ἑν
3148 2632 3292 2703 λόγῳ
3315 2629 3614 2700 ποιούμεθα

2028 2730 2090 2785 τὸ
2132 2726 2272 2785 εῖναι
2318 2730 2473 2800 σοφοὶ
2518 2730 2615 2785 καὶ
2657 2729 2930 2800 άγχίνοοι,
2977 2728 3070 2783 καί¹
3106 2726 3214 2781 τῶν
3252 2723 3613 2794 οἰκονομικῶς

2026 2823 2432 2896 χρειωδέστατα
2455 2821 2748 2895 δρωμένων
2772 2822 2872 2877 οὐκ
2893 2821 3157 2892 άνεπιστή
3167 2837 3343 2891 μονες.
3385 2816 3614 2872 Ἐννοῶ-

2032 2931 2131 2985 μεν
2153 2913 2281 2983 γὰρ,
2309 2914 2391 2967 ὅτι
2411 2913 2505 2971 καὶ
2532 2914 2561 2967 ό
2585 2911 2856 2985 μακάριος
2874 2912 3157 2983 προφήτης
3191 2908 3349 2979 Ὠσηὲ
3377 2909 3615 2975 γυναῖκα

339 3023 453 3067 rem
499 3009 846 3067 meretricem
881 3010 986 3066 sibi
1012 3010 1358 3075 conduxerit,
1401 3024 1580 3079 neque
1617 3009 1756 3063 adeo
1785 3007 1925 3063 infa-

2033 3007 2133 3078 μὲν
2165 3006 2372 3078 πόρνην
2402 3005 2580 3078 ἐαυτῷ
2605 3003 3011 3077 ῑῑατεμισθοῦτό
3039 3019 3192 3069 ποτε,
3238 3002 3332 3057 καὶ
3355 3000 3444 3054 τὸν
3470 2998 3614 3053 οὕτω

339 3113 454 3163 mes
489 3101 711 3170 nuptias
737 3100 1025 3163 recusarit,
1073 3111 1129 3155 et
1159 3100 1397 3156 filiorum
1423 3099 1737 3155 odiosorum
1764 3107 1922 3169 pater

339 3194 563 3243 vocatus
588 3189 695 3255 sit;
724 3204 961 3261 quorum
991 3189 1215 3243 nomina
1242 3188 1463 3244 fuerunt
1504 3206 1517 3242 :
1557 3207 1574 3238 ι
1605 3188 1725 3243 Non
1748 3204 1923 3259 popu-

336 3280 425 3339 lus
455 3293 638 3345 meus;
666 3299 685 3331 ι
715 3287 791 3346 et,
819 3299 838 3331 ι
872 3280 994 3336 Νοιι
1025 3280 1458 3335 misericordiam
1491 3279 1863 3336 consecuta“.
1896 3299 1914 3333 ι

337 3369 547 3441 Ecquid
575 3370 682 3426 sibi
708 3372 827 3427 vult
851 3372 970 3428 haec
999 3373 1128 3427 res?
1153 3372 1381 3433 Edicere
1398 3387 1508 3427 non
1530 3371 1919 3428 reformidabo.

339 3461 474 3519 Nam
493 3469 846 3532 posteaquam
877 3463 954 3517 illi
980 3462 1075 3533 qui
1122 3462 1321 3519 summi
1357 3471 1414 3519 et
1458 3464 1737 3535 principes
1767 3472 1926 3520 erant

339 3553 396 3608 in
442 3552 638 3618 Israel,
696 3553 1133 3611 adversabantur
1180 3555 1468 3624 praeconiis
1507 3556 1922 3626 prophetarum,

340 3644 699 3716 ingratusque
726 3646 809 3702 eis
828 3655 947 3703 erat
975 3662 1157 3705 sermo
1200 3646 1453 3714 divinus,
1507 3647 1667 3718 196
1689 3647 1927 3701 faciebat

340 3737 619 3797 interdum
640 3737 786 3794 Deus
811 3752 911 3808 per
934 3751 1064 3793 suos
1104 3745 1325 3792 sanctos
1348 3737 1618 3808 ejusmodi
1653 3754 1666 3791 :
1694 3744 1755 3791 ut
1774 3739 1925 3797 scili-

339 3842 431 3890 cet
454 3848 522 3889 ex
556 3832 643 3890 his
680 3848 803 3904 quae
846 3831 1089 3898 fiebant,
1117 3832 1304 3888 futura
1344 3832 1765 3904 prospicientes,
1802 3842 1926 3891 tan-

339 3944 505 4001 quam
546 3928 605 3983 in
640 3928 822 3984 tabula
861 3924 1147 3997 splendide
1178 3933 1234 3981 et
1279 3940 1538 3996 expresse
1580 3926 1816 3998 depicta,
1859 3927 1927 3983 ad

340 4021 429 4087 sui
452 4019 725 4077 commodi
750 4017 1162 4088 inquisitionem
1186 4016 1400 4073 animos
1418 4026 1824 4085 converterent,
1842 4027 1928 4077 at-

342 4126 454 4183 que
497 4108 633 4165 illud
662 4108 811 4179 quod
843 4107 985 4163 foret
1030 4107 1276 4162 salutare
1314 4108 1464 4161 omni
1512 4108 1698 4163 studio
1736 4125 1923 4179 perse-

342 4207 665 4275 querentur,
700 4198 953 4268 idemque
998 4203 1056 4252 et
1103 4195 1226 4251 aliis
1274 4195 1584 4252 faciendum
1631 4199 1930 4267 persuade-

344 4302 488 4350 rent.
530 4291 825 4348 Discebant
863 4289 1014 4355 enim
1066 4289 1200 4345 hinc
1246 4288 1395 4360 quod
1438 4288 1550 4345 sint
1594 4288 1767 4345 futuri
1819 4305 1930 4345 non

2023 3099 2451 3171 διαϐεϐλημένον
2479 3099 2540 3153 οὐ
2580 3100 2877 3172 παρῃτεῖτο
2914 3097 3115 3168 γάμον,
3139 3094 3235 3150 καὶ
3261 3093 3467 3147 τέκνων
3499 3091 3612 3145 ἁπ-

2025 3189 2353 3262 ηχθημένων
2402 3191 2782 3263 κεχρημάτικε
2843 3190 3030 3260 πατήρ
3053 3204 3066 3219 ο
3117 3181 3200 3249 οἷς
3229 3179 3299 3255 ἦν
3327 3184 3571 3253 ὀνόματα
3593 3198 3607 3214 ο

2031 3303 2048 3335 ι
2093 3285 2166 3337 Οὔ
2198 3284 2325 3349 λαός
2371 3302 2511 3354 μου,
2565 3303 2586 3337 ι
2623 3284 2753 3344 καὶ,
2805 3301 2824 3337 ι
2868 3284 2984 3341 Οὐκ
3021 3282 3324 3356 ἠλεημένη.
3365 3300 3383 3333 ι
3415 3278 3529 3335 Καὶ
3556 3277 3612 3333 τί

2025 3376 2084 3429 τὸ
2127 3376 2317 3447 χρῆμα
2362 3376 2460 3431 καὶ
2523 3376 2616 3430 ἐπὶ
2657 3375 2802 3430 τίσιν
2848 3375 3170 3445 ἐπράττετο,
3234 3373 3463 3429 διειπεῖν
3510 3370 3614 3429 οὐκ

2026 3467 2356 3539 δκνήσομεν.
2398 3465 2617 3538 Ἐπειδὴ
2644 3466 2755 3538 γὰρ
2784 3471 2897 3531 τοῖς
2930 3470 3040 3520 τῶν
3070 3465 3365 3537 προφητῶν
3396 3461 3607 3535 κηρύγ·

2029 3577 2195 3632 μασιν
2224 3559 2579 3633 ἀντεφέροντο
2602 3560 2709 3614 τῶν
2730 3560 2789 3627 ἐξ
2822 3559 3040 3632 Ἰσραὴλ
3070 3561 3118 3613 οἱ
3152 3557 3436 3622 δοκοῦντες
3472 3552 3619 3612 εἶναι

2029 3650 2514 3721 περιφανέστατοι,
2558 3650 2650 3704 καὶ
2679 3650 3057 3718 ἀπαράδεκτος
3086 3650 3273 3713 αὐτοῖς
3314 3648 3344 3700 δ
3371 3646 3516 3712 θεῖος
3540 3642 3614 3718 ἦν

2027 3742 2186 3811 λόγος
2209 3758 2222 3773 ο
2255 3742 2559 3814 ἐπράττετο
2599 3741 2688 3795 διὰ
2725 3741 2834 3795 τῶν
2869 3742 3042 3811 ἁγίων
3078 3744 3262 3803 ἐκεῖνα
3301 3742 3442 3797 κατά
3483 3756 3615 3793 και-

2032 3832 2177 3902 ροὺς,
2209 3831 2296 3886 ἵνα
2329 3829 2431 3885 κᾶν
2466 3831 2598 3900 γοῦν
2632 3833 2691 3885 ὲν
2717 3830 2899 3896 αὐτοῖς
2927 3832 3039 3895 τοῖς
3069 3830 3368 3904 δρωμένοις
3394 3829 3463 3886 τὰ
3486 3827 3612 3884 ὲσό⁴

2033 3940 2169 3996 μενα
2224 3922 2512 3994 βλέποντες
2556 3922 2808 3996 καθάπερ
2854 3924 2912 3977 ὲν
2955 3922 3146 3978 πίνακι
3196 3922 3467 3996 λαμπρῶς
3518 3922 3616 3979 καὶ

2029 4013 2332 4084 ἀναφανδὸν
2360 4014 2728 4086 γεγραμμένα
2748 4052 2763 4078 ,
2808 4012 2947 4084 πρὸς
2973 4014 3073 4085 τὴν
3109 4011 3204 4067 τοῦ
3238 4013 3615 4084 συμφέροντος

2029 4104 2248 4177 εὕρεσιν
2299 4104 2585 4159 καταθεῖεν
2635 4103 2726 4158 τὸν
2768 4103 2918 4170 νοῦν,
2956 4106 3051 4158 καὶ
3096 4104 3233 4176 πρός
3277 4120 3343 4173 γε
3384 4102 3448 4157 τὸ
3500 4102 3616 4158 δεῖν

2031 4197 2249 4253 ἑλέσθαι
2286 4198 2348 4252 τὸ
2386 4196 2631 4268 ὠφελοῦν
2668 4196 2823 4251 αὐτοί
2866 4214 2925 4250 τε
2968 4197 3448 4269 μεταφοιτησειαν,
3482 4197 3615 4251 ἀνα-

2033 4291 2271 4345 πείθοιεν
2297 4291 2354 4345 δὲ
2382 4292 2478 4345 καὶ
2509 4290 2752 4364 ἑτέρους.
2785 4288 3119 4362 Ἐμάνθανον
3145 4289 3277 4361 γὰρ,
3307 4292 3391 4344 ὅτι
3422 4289 3519 4344 καὶ
3549 4290 3617 4344 οὒ

342 4386 598 4455 populus,
654 4391 712 4440 et
743 4383 889 4444 inter
947 4398 1043 4440 eos
1094 4354 1297 4453 quibus
1340 4381 1734 4438 misericordiae
1784 4382 1931 4439 fores

2033 4382 2161 4446 λαὸς
2182 4383 2393 4437 ἔσονται
2413 4382 2554 4438 κατὰ
2576 4354 2821 4455 κάιροὺς,
2844 4354 2939 4435 καὶ
2962 4383 3019 4435 ὲν
3035 4354 3277 4447 τοῖςοὺκ
3291 4380 3426 4451 ήλεη
3434 4379 3620 4451 μένοις

346 4479 547 4542 clausae
580 4486 710 4533 sunt
748 4476 1096 4532 numerandi.
1131 4476 1414 4546 Siquidem
1437 4476 1561 4533 duri
1591 4482 1648 4530 et
1677 4476 1929 4532 immori-

347 4570 463 4643 geri
488 4568 729 4624 fuerunt.
754 4567 835 4623 An
866 4583 977 4621 non
1031 4576 1089 4623 et
1115 4568 1316 4622 talibus
1348 4568 1557 4622 morbis
1586 4568 1928 4634 laborarunt,

347 4670 513 4729 atque
563 4658 806 4727 undique
842 4656 1016 4712 ferme
1070 4657 1314 4729 coarguti
1357 4659 1519 4713 sunt?
1565 4659 1737 4714 Porro
1784 4659 1931 4730 quod

348 4751 614 4823 propheta
641 4748 1039 4807 cohabitaverit
1061 4764 1186 4805 cum
1210 4758 1390 4806 scorto
1404 4751 1472 4819 ",
1496 4759 1656 4824 typus
1676 4761 1795 4807 erat
1812 4753 1933 4820 Dei,

332 4828 443 4914 qui
482 4843 650 4899 veluti
688 4858 814 4898 cum
856 4841 1146 4903 meretrice
1196 4842 1429 4913 quadam
1459 4842 1936 4918 impurissimaque

347 4933 599 4999 muliere,
636 4932 950 4997 Judteorum
970 4931 1179 4987 scilicet
1201 4931 1501 5004 Synagoga,
1526 4935 1813 5003 copulatus
1831 4943 1935 5002 est,

348 5042 419 5082 ex
436 5043 543 5097 qua
571 5042 793 5098 gravem
822 5026 1061 5084 filiorum
1081 5028 1489 5099 generationem
1514 5028 1743 5099 accepit.
1769 5030 1937 5091 Intel-

353 5120 584 5191 ligentes
613 5118 797 5188 itaque
821 5134 968 5175 nunc
995 5119 1169 5183 divini
1205 5117 1420 5174 consilii
1446 5119 1560 5174 suis
1599 5122 1941 5191 temporibus

352 5212 621 5267 rationem
644 5219 806 5279 atque
827 5211 1313 5281 dispensationem,
1340 5225 1683 5281 nequaquam
1706 5214 1941 5285 amplius

353 5302 737 5367 damnabimus
798 5304 1187 5359 scortationem
1226 5303 1464 5358 Thamar
1506 5312 1563 5359 et
1616 5304 1790 5369 Judze,
1842 5306 1936 5361 sed

354 5395 540 5473 potius
568 5396 713 5450 hunc
738 5410 1090 5468 congressum
1132 5396 1380 5451 dicemus
1402 5395 1573 5451 fuisse
1594 5413 1664 5452 ex
1702 5397 1797 5452 Dei
1823 5398 1967 5459 dis-,

426 5572 472 5613 “
505 5570 639 5631 Gen.
674 5591 895 5641 xxxviii,
927 5575 1120 5632 25~30.
1198 5576 1236 5608 "
1269 5559 1406 5632 Osee
1441 5594 1478 5643 ι,
1505 5576 1617 5631 3-6.
1701 5579 1744 5609 "
1782 5578 1916 5634 ibid.
1953 5580 2001 5636 l.

2037 4474 2516 4543 κατατετάξονται,
2570 4474 2799 4545 σκληροί
2845 4491 2904 4527 τε
2937 4475 3030 4528 καὶ
3073 4473 3384 4545 ἀφιλήκοοι,
3432 4472 3531 4525 καὶ
3562 4471 3618 4526 τι

2037 4571 2145 4642 γὰρ
2194 4568 2316 4639 οὐχὶ
2372 4567 2482 4621 τῶν
2530 4568 2786 4622 τοιούτων
2834 4567 3256 4639 ἠρρωστηκότες
3309 4566 3400 4618 καὶ
3450 4564 3641 4635 μέχρι,

2035 4660 2236 4726 παντὸς
2262 4659 2701 4732 ὲξεληλεγμένοι;
2731 4659 2804 4713 Τὸ
2830 4658 2887 4712 δέ
2921 4675 2984 4728 γε
3010 4662 3077 4731 τῇ
3103 4657 3277 4730 πόρνῃ
3308 4673 3620 4729 συγκατηυ-

2035 4753 2216 4808 λίσθαι
2236 4753 2396 4822 τυχὸν
2422 4752 2513 4805 τὸν
2542 4752 2847 4824 προφήτην,
2872 4750 3044 4815 τύπος
3069 4746 3137 4823 ἦν
3163 4751 3270 4824 ἄρα
3299 4749 3457 4817 Θεοῦ,
3480 4749 3618 4803 καθ-

2038 4849 2180 4917 άπερ
2213 4846 2321 4901 τινὶ
2352 4846 2525 4918 πόρνῃ
2562 4845 2661 4899 καὶ
2712 4846 3081 4917 μυσαρωτάτῃ
3128 4843 3353 4913 γυναικὶ
3388 4845 3458 4916 τῇ
3506 4843 3622 4898 τῶν

2050 4939 2317 4993 Ἰουδαίων
2346 4938 2641 5009 Συναγωγῇ
2687 4938 3065 5008 συνῳκηκότος
3098 4936 3301 5007 τρόπον
3337 4935 3490 5001 τινὰ,
3522 4936 3621 4992 καὶ

2039 5029 2244 5084 παίδων
2259 5028 2471 5103 γένεσιν
2496 5028 2592 5099 τὴν
2610 5026 3005 5099 ἀπηχθημένην
3020 5027 3113 5080 ἀπ’
3138 5025 3311 5096 αὐτῆς
3338 5026 3619 5097 ἑλομένου.

2048 5120 2389 5184 Ἐννοοῦντες
2429 5116 2522 5174 οὖν
2576 5121 2685 5192 ἄρα
2723 5124 2819 5191 τῆς
2853 5119 2995 5178 κατὰ
3043 5119 3268 5191 καιροὺς
3304 5116 3621 5189 οἰκονομίας

2035 5216 2161 5277 τοὺς
2193 5214 2461 5285 τρόπους,
2502 5211 2674 5282 ψόγου
2718 5214 2813 5267 κα)⁸
2846 5211 3119 5285 καταϐοῆς
3158 5211 3259 5281 τῆς
3305 5209 3399 5263 ὲπί
3428 5225 3492 5279 γε
3537 5208 3620 5281 τῷ

2037 5306 2353 5378 πορνεῦσαι,
2416 5308 2580 5378 φημὶ.
2628 5306 2797 5378 αὑτήν
2826 5286 2889 5361 τε
2932 5306 3031 5376 τὴν
3059 5306 3256 5378 Θάμαρ
3298 5306 3391 5359 καὶ
3433 5302 3619 5375 μέντοι

2037 5398 2133 5452 καὶ
2163 5398 2255 5453 τὸν
2312 5397 2513 5453 Ἰούδαν
2558 5399 2780 5463 εἰκότως
2823 5398 3238 5470 ἀπαλλάξομεν
3294 5395 3510 5450 σύνοδον
3556 5393 3620 5452 δὲ
