4004 6204
262 220 367 278 313

262 333 461 406 μᾶλλον
512 338 864 413 οίκονομικὴν
914 342 1180 411 γενέσθαι
1211 349 1413 420 φαμέν.

1254 232 1775 297 GLAPHYRORUM
1814 243 1880 299 ΙΝ
1917 244 2217 307 GENESIM
2255 254 2385 311 LIB.
2427 256 2514 314 Vl.

3412 280 3511 338 514

1474 353 1539 406 Ἦ
1581 354 1679 425 μὲν
1724 356 1833 428 γὰρ
1863 367 1905 422 Α
1934 368 2278 434 pensatione.
2314 371 2448 426 Nam
2470 373 2560 428 illa
2591 374 2815 445 quidem
2858 379 3204 440 desiderabat
3225 378 3412 444 semen
3446 393 3506 446 li-

260 423 526 497 ἐπεθύμει
557 429 726 501 γονῆς
750 431 1064 504 ἐλευθέρας,
1088 436 1183 490 τοῦ
1213 439 1355 493 κατά
1396 441 1562 512 νόμον
1584 423 1840 518 συνῳκη-

1940 456 2156 524 berum,
2186 461 2378 518 orbata
2399 479 2467 519 eo
2497 466 2591 535 qui
2632 467 2738 522 sibi
2790 468 3031 540 legitime
3071 474 3251 532 fuerat
3281 483 3512 552 conjun-

450 518 796 621 ἐστερημένη
821 537 838 555 ⁶
886 524 916 576 6
954 525 1011 578 δὲ
1051 522 1122 597 ἦν
1163 528 1264 599 ἤδη
1311 548 1429 597 πως
1456 534 1557 588 οὐκ
1591 536 1651 591 ὲν
1689 517 1813 593 αίτίι

2142 517 2153 524 ,
2372 517 2375 518 7
2412 517 2453 519 77
2507 517 2591 535 1---
2633 517 2738 522 --μ
2790 517 3031 540 ,ην---.ν
3071 517 3251 532 ην.-.
3282 517 3383 534 νυ..
3413 517 3512 536 υ..-

1938 558 2101 605 ctus:
2132 552 2223 607 hic
2252 569 2383 609 vero
2417 555 2475 610 in
2508 558 2612 612 levi
2645 559 2805 630 culpa
2827 562 2953 629 fuit,
2986 568 3161 636 utqui
3185 584 3243 624 se
3283 517 3515 625 conimi-

253 607 423 679 πολλῇ
454 608 549 662 τοῦ
575 612 689 672 καὶ,
708 614 867 684 εῐπερ
891 615 1086 683 ἕλοιτο,
1113 622 1386 677 συνελθεῖν
1404 626 1586 698 ξτέρᾳ,
1611 630 1813 686 τεθνεώ

2268 607 2271 608 7
2360 607 2371 609 7
2508 607 2612 612 __._
2649 607 2953 630 --.νυ-η,
2989 607 3161 636 μοι...
3185 607 3242 624 ου
3283 607 3512 625 wn"...—

1938 642 2147 698 scuerit
2190 658 2314 698 cum
2359 645 2554 712 libera,
2589 649 2761 718 priori
2799 668 2971 709 uxore
3000 655 3109 710 sibi
3134 658 3246 728 jam
3274 671 3512 718 mortua.

255 715 355 769 σης
382 699 535 771 αὐτῷ
556 702 653 772 τῆς
679 703 922 776 πρώτης,
949 709 1251 775 Κοινωνίας
1268 712 1323 766 δὲ
1346 716 1445 786 τῆς
1462 721 1839 792 πνευματικῆς

1942 732 2121 804 Typos
2153 744 2338 790 autem
2379 740 2782 811 conjunctionis
2806 744 3126 814 spiritualis,
3152 758 3209 803 et
3227 754 3510 821 partusin-

259 792 353 844 καὶ
390 792 503 863 μὴν
539 796 633 847 καὶ
676 795 835 851 τόκου
866 798 958 852 τοῦ
990 803 1184 872 νοητοῦ
1226 804 1444 871 σύνοδός
1484 827 1575 864 ποι
1615 813 1813 867 πάντω.

259 883 388 913 ,ιητη
423 885 515 913 ...Α
564 886 820 913 ι...ι--ε--
869 894 1139 913 --.--------ί
1428 901 1439 913 ι
1466 901 1477 913 ι
1652 904 1674 913 ρ
1751 909 1763 913 -

1989 792 2039 804 η
2426 792 2429 793 7
2454 792 2457 793 7
2480 792 2500 811 ,
2806 792 3126 814 -r-----....-,
3153 792 3209 803 ν.
3230 792 3509 821 raucum

1936 825 2265 881 tellectualis
2291 843 2389 897 per
2417 845 2477 884 se
2520 831 2680 887 nobis
2695 833 3045 906 descripserit
3078 839 3181 894 ista
3199 844 3512 913 conjunctio

256 883 388 953 ἡμῖν
423 885 521 938 καὶ
563 886 820 955 ἁπότεξις
863 894 1151 963 σωματικὴ

1198 901 1602 970 καταγράψειεν
1647 904 1714 959 ἂν
1747 908 1833 975 ἐφ’

1933 924 1989 971 et
2018 918 2298 986 generatio
2358 922 2677 989 corporalis.
2719 924 2877 979 Nulla
2922 928 3073 981 enim
3124 931 3229 985 alia
3298 933 3510 989 ratione

251 975 460 1045 ἑαυτῆς
504 978 631 1041 τοὺς
674 981 900 1045 τύπους.
940 984 1394 1067 Χειραγωγηθείη
1439 992 1548 1064 γὰρ
1591 987 1692 1049 ὧδε
1736 997 1813 1049 κα¹

395 1068 600 1093 μέμ.-
634 1069 697 1093 ιη
744 1074 905 1093 μευ,
989 1077 1002 1090 .
1056 1078 1068 1093 .
1144 1079 1156 1093 .
1211 1081 1253 1093 ..
1310 1081 1355 1093 -.
1439 1085 1452 1093 .
1507 1087 1518 1093 -
1568 1087 1586 1093 _
1651 1087 1662 1093 -

1932 1021 2088 1061 mens
2121 1007 2358 1064 humana
2387 1011 2727 1068 commodius
2759 1016 2828 1070 ad
2853 1017 3142 1076 veritatem
3165 1020 3363 1077 deduci
3406 1039 3511 1093 po-

249 1069 347 1159 ούχ
392 1068 600 1141 ἑτέρως
632 1069 697 1124 ἂν
741 1074 942 1142 μᾶλλον
985 1077 1078 1131 ἐπὶ
1107 1079 1169 1133 τὸ
1200 1081 1398 1152 ἀληθὲς
1429 1085 1457 1139 6
1495 1087 1831 1159 ἀνθρώπινος
1931 1104 2056 1152 test.

246 1157 396 1224 νοῦς.

315 1257 387 1319 γ’.
429 1253 797 1343 Eat-0.6661135
827 1256 1008 1312 τοίνυν
1048 1260 1251 1326 Ἰούδας
1270 1303 1285 1328 ,
1313 1265 1410 1318 καὶ
1435 1266 1663 1337 ἀφίκετο
1692 1271 1831 1343 πρὸς

247 1342 557 1413 ἄνθρωπον,
598 1342 642 1414 ᾧ
676 1348 849 1419 ὄνομα
880 1351 1052 1421 Ἰρας.
1094 1354 1326 1420 Δίπόλος
1362 1358 1418 1411 δὲ
1450 1352 1603 1424 οὗτος
1631 1364 1724 1415 καὶ
1748 1380 1830 1417 τε·

247 1435 438 1503 χνίτης
452 1437 521 1490 τὰ
548 1441 860 1509 ποιμενικά.
894 1442 1003 1497 Kal
1021 1444 1117 1515 τὴν
1140 1445 1319 1501 Σαδᾶν
1349 1449 1531 1502 ἐκεῖσε
1555 1449 1828 1525 θεασάμε-

244 1540 354 1589 νος,
398 1528 633 1582 ἐποιεῖτο
683 1529 783 1601 μὲν
804 1531 1049 1588 σύνοικον
1068 1575 1083 1599 ,
1116 1537 1324 1609 μητέρα
1343 1538 1401 1593 δὲ
1424 1539 1520 1594 καὶ
1535 1543 1698 1614 τριῶν
1720 1546 1826 1598 ἀπ-

1996 1270 2049 1325 5.
2077 1271 2370 1329 Descendit
2395 1274 2565 1346 igitur
2595 1277 2784 1344 Iudas,
2825 1288 2882 1335 et
2901 1280 3126 1338 divertit
3151 1284 3297 1353 apud
3327 1285 3507 1341 homi-

1927 1376 2077 1426 nem,
2118 1363 2209 1417 cui
2235 1378 2438 1419 nomen
2463 1365 2615 1421 Hira.
2662 1368 2789 1422 Fuit
2827 1379 3012 1425 autem
3069 1387 3359 1441 caprarum
3411 1390 3506 1445 pa-

1926 1459 2063 1517 stor,
2087 1454 2409 1524 peritusque
2432 1456 2512 1510 rei
2537 1460 2845 1527 pastoralis.
2866 1460 3057 1531 Ibique
3088 1462 3285 1519 Sabam
3324 1466 3500 1522 visam

1925 1541 2081 1596 duxit
2111 1542 2168 1596 in
2189 1559 2437 1611 uxorem,
2468 1560 2533 1601 ac
2559 1548 2724 1601 trium
2753 1547 2991 1605 ﬁliorum
3020 1559 3253 1608 matrem
3282 1554 3499 1625 eﬁecit;

243 1615 412 1684 ἔδειξε
446 1621 659 1675 τέκνων
682 1638 697 1653 ο
737 1625 845 1696 Ἤρ
872 1626 937 1698 δὴ
965 1627 1109 1696 λέγω
1131 1630 1224 1683 καὶ
1255 1630 1453 1696 Δύνᾶν,
1513 1634 1608 1687 καὶ
1639 1635 1813 1707 μέντοι

1923 1634 2180 1689 nimirum
2197 1635 2327 1701 Her,
2353 1639 2547 1693 Aunan
2568 1647 2625 1695 et
2654 1638 2855 1695 Selom.
2878 1641 2959 1696 Ex
2992 1641 3079 1698 his
3110 1638 3221 1700 Her
3235 1615 3504 1716 signiﬁcat

243 1707 589 1809 ulli-132612..
633 1713 743 1767 Καὶ
779 1716 808 1768 6
851 1696 950 1785 μὲν
998 1720 1108 1791 Ἤρ
1152 1720 1545 1791 δερμάτινος,
1575 1696 1813 1782 τουτέστι

2315 1696 2324 1701 _
3042 1696 3071 1698 7-
3112 1696 3209 1700 νη-
3236 1696 3502 1716 --ο----νη

1929 1724 2197 1795 pellicem,
2252 1727 2363 1782 hoc
2399 1737 2483 1784 est
2519 1730 2787 1797 carnalis;
2820 1732 3016 1788 Aunan
3059 1750 3214 1801 vero,
3259 1741 3502 1809 stupidus

242 1797 537 1868 σάρκινος
557 1843 573 1868 ,
633 1805 993 1877 ἑρμηνεύεται
1012 1825 1027 1841 ⁸
1094 1813 1418 1884 πεπληγὼς
1466 1816 1523 1870 δὲ
1572 1818 1826 1888 καρδίαν

243 1891 450 1944 Δύνᾶν·
482 1893 841 1965 ἐκσπασμὸς
882 1898 940 1952 δὲ
979 1902 1007 1953 6
1045 1902 1258 1974 τρίτος,
1309 1904 1477 1977 ἤγουν
1520 1909 1824 1977 ὐπόλυσις

241 1982 333 2035 καὶ
348 1983 715 2053 είρήνευσις.
728 1988 1086 2063 Καταόἐὸηκε
1113 1992 1170 2046 δὲ
1192 1995 1282 2048 καὶ
1298 1996 1355 2063 ἐξ
1371 1997 1632 2069 οὐρανῶν,
1650 2001 1822 2056 καθά-

240 2091 347 2146 περ
372 2074 438 2129 ἐκ
482 2095 631 2141 τινος
666 2080 824 2149 ἁγίας
857 2083 982 2154 γῆς,
1024 2084 1053 2138 6
1088 2089 1385 2157 μονογενὴς
1416 2089 1510 2144 τοῦ
1534 2091 1669 2146 Θεοῦ
1713 2092 1821 2147 Λό-

239 2181 350 2233 γος,
392 2169 422 2220 6
468 2170 692 2240 ἀληθῶς
724 2173 1093 2245 ὑμνούμενος,
1134 2181 1233 2233 καὶ⁵
1269 2181 1366 2251 τῆς
1418 2182 1693 2253 βασιλείας
1712 2185 1817 2253 τὴν

238 2254 398 2328 δόξαν
424 2259 677 2326 φυσικῶς
704 2262 1037 2333 ἀνημμένος.
1075 2268 1238 2322 Τουτὶ
1267 2270 1376 2343 γὰρ
1401 2273 1532 2343 ἡμῖν
1552 2273 1613 2328 τὸ
1650 2273 1821 2329 Ἰούδα

241 2350 536 2439 πρόσωπον
564 2351 935 2425 ύπεμφήνειεν
962 2358 1054 2414 ἄν·
1101 2360 1342 2416 αἴγεσιν
1385 2364 1485 2435 μὲν
1511 2365 1618 2439 γὰρ
1649 2369 1681 2437 ἡ
1721 2366 1817 2422 τοῦ

238 2435 506 2507 ὀνόματος
536 2443 778 2511 σημασία
794 2444 962 2515 δηλοῖ.
984 2446 1394 2523 Βασιλικωτάτη
1419 2453 1475 2506 δὲ
1496 2435 1603 2507 τῶν
1623 2435 1817 2524 ἄλλων,

239 2526 330 2580 καὶ
363 2530 425 2581 ἐν
467 2534 591 2593 ταῖς
630 2535 711 2597 είς
747 2534 917 2607 ἄκρον
957 2538 1253 2611 ὑπεροχαῖς
1285 2545 1317 2614 ἡ
1365 2544 1534 2598 Ἰούδα
1574 2547 1817 2601 τέθειται

239 2619 409 2690 φυλή.
455 2622 752 2696 Τοιγάρτοι
775 2629 871 2681 καὶ
918 2629 947 2682 6
990 2630 1275 2699 θεσπέσιος
1327 2636 1543 2703 Ἰακὼϐ,
1583 2637 1681 2709 τὴν
1725 2640 1815 2693 ἐπ’

238 2711 386 2784 αὑτῷ
430 2715 759 2787 ποιούμενος
791 2719 1060 2791 εὐλογίαν,
1105 2724 1276 2779 Ἰούδα
1306 2728 1461 2799 φησι,
1501 2747 1519 2781 ι
1567 2730 1635 2783 Σὲ
1666 2732 1815 2786 αίνέ-

240 2819 433 2858 εαισαν
457 2807 510 2859 oi
543 2808 759 2873 ἀδελφοί
798 2827 912 2865 σου.
957 2832 977 2866 ι
1020 2815 1428 2889 Μεμαρτύρηκε
1450 2819 1506 2873 δὲ
1537 2821 1630 2874 καὶ
1670 2824 1699 2876 6
1725 2840 1816 2876 σο-

237 2892 485 2964 φώτατος
519 2898 752 2966 Παῦλος,
781 2902 857 2966 ὡς
890 2905 954 2957 ὲκ
978 2906 1074 2977 τῆς
1090 2907 1256 2960 Ἰούδα
1282 2909 1455 2981 φυλῆς
1485 2911 1655 2981 ἀνέφυ
1679 2916 1816 2986 Χρι-

1920 1814 2041 1869 sive
2070 1815 2335 1885 perculsus
2365 1818 2553 1882 corde,-
2582 1820 2777 1875 tertius
2802 1830 3008 1888 autem,
3050 1815 3245 1881 evulcio
3277 1829 3392 1884 sive
3415 1831 3500 1885 di-

1923 1906 2101 1959 missio
2132 1914 2189 1961 et
2219 1907 2538 1978 paciﬁcatio.
2574 1910 2747 1965 Porro
2783 1926 2815 1966 e
2853 1913 3008 1970 calis
3026 1916 3193 1971 etiam
3215 1918 3502 1979 descendit

1922 2004 2184 2065 tanquam
2219 2012 2252 2052 e
2299 2006 2487 2052 sancta
2521 1999 2758 2068 quadam
2798 2008 2948 2057 terra
3001 2004 3348 2075 unigenitum
3399 2009 3499 2067 Dei

1920 2087 2181 2156 Verbum,
2219 2089 2315 2160 qui
2344 2089 2515 2148 Filius
2536 2106 2664 2146 vere
2690 2093 2923 2148 celebris
2947 2104 3050 2162 est,
3096 2098 3313 2168 sibique
3340 2109 3501 2156 natu-

1919 2180 2109 2236 raliter
2148 2182 2462 2253 adjunctam
2494 2184 2663 2240 habet
2697 2185 2851 2256 regni
2873 2188 3234 2258 majestatem.
3263 2191 3324 2246 id
3349 2192 3498 2248 enim

1918 2271 2081 2327 nobis
2103 2288 2343 2343 persona
2372 2273 2528 2330 Juda
2568 2284 2943 2345 repraesentat,
2978 2278 3252 2348 siquidem
3295 2295 3498 2338 nomen

1915 2361 2089 2433 ipsius
2103 2363 2370 2435 signiﬁcat
2390 2364 2620 2432 laudem,
2633 2382 2730 2422 seu
2744 2366 3162 2426 celebrationem.
3179 2371 3382 2430 Tribus
3397 2389 3501 2430 au-

1914 2461 2027 2510 tem
2042 2456 2072 2511 ,Ι
2077 2456 2195 2512 uda
2208 2472 2320 2526 pra
2336 2457 2459 2513 aliis
2477 2457 2732 2529 insignita
2746 2460 3121 2518 fuit'tribubus
3136 2463 3345 2521 honore
3364 2466 3493 2523 etin

1912 2561 2170 2616 suprema
2189 2548 2508 2603 excellentia
2528 2549 2727 2618 posita.
2744 2551 2899 2607 Unde
2915 2551 3136 2608 divinus
3147 2553 3337 2621 Jacob,
3356 2556 3496 2612 dans

1914 2637 2354 2696 benedictionem
2364 2641 2538 2708 Juda,
2560 2642 2671 2697 ait:
2697 2662 2715 2695 ι
2740 2645 2815 2700 Te
2830 2646 3265 2703 laudentfratres
3284 2649 3365 2704 tui
3386 2649 3486 2703 ³⁸.»

1920 2728 2077 2798 197
2099 2729 2264 2800 Atqui
2284 2732 2720 2802 sapientissimus
2736 2736 2936 2793 Paulus
2949 2739 3117 2793 etiam
3139 2747 3370 2796 testatus
3384 2749 3490 2806 est,

1915 2820 2061 2891 quod
2092 2836 2160 2876 ex
2178 2822 2327 2878 tribu
2367 2823 2508 2879 Juda
2534 2826 2779 2882 oriturus
2806 2828 2879 2883 sit
2909 2828 3181 2895 Christus,
3205 2831 3350 2886 ultra
3375 2845 3494 2885 om-

1915 2926 2016 2967 nes
2051 2919 2332 2968 creaturas
2357 2914 2802 2971 celebrandus".
2834 2918 3131 2974 Descendit
3146 2920 3331 2990 itaque
3362 2920 3491 2976 uni—

237 2990 358 3054 στὸς
380 3031 397 3054 ,
428 2993 459 3045 ὁ
493 2992 647 3065 παρὰ
677 2995 858 3067 πάσης
901 2996 1127 3063 κτίσεως
1159 3000 1517 3072 ὑμνούμενος.
1567 3005 1810 3059 Καταϐέ-

1916 3006 2132 3077 genitus
2157 3007 2256 3063 Dei
2281 3007 2471 3073 Filius,
2512 3018 2571 3064 et
2599 3010 2770 3066 exivit
2817 3026 2918 3082 per
2960 3012 3242 3068 desertum
3273 3015 3490 3072 Madian

231 3082 369 3149 δηκε
415 3084 600 3137 τοίνυν
635 3087 664 3139 6
708 3089 1000 3161 μονογενὴς
1036 3089 1131 3144 τοῦ
1167 3091 1305 3147 Θεοῦ
1342 3094 1537 3164 Λόγος,
1570 3097 1666 3150 καὶ
1709 3099 1807 3152 έπ-

231 3174 494 3245 εςμοίτησε
524 3176 622 3244 μὲν
648 3180 714 3248 τῇ
751 3180 942 3251 ἐρήμῳ
975 3167 1664 3255 Μαδιὰμδιαποιμαίνοντι
1686 3188 1809 3243 τότε

231 3264 306 3334 τῷ
341 3267 607 3337 μακαρίῳ
630 3269 837 3327 Μωσεῖ.
873 3271 1049 3343 Ὢφθη
1081 3271 1189 3344 γὰρ
1220 3272 1366 3342 αὐτῷ
1393 3278 1448 3329 ὲν
1481 3278 1611 3331 εἴδει
1637 3279 1809 3350 πυρὸς

232 3356 288 3407 ὲν
315 3359 381 3427 τῇ
422 3355 595 3427 βάτῳ,
629 3360 720 3411 καὶ
745 3362 989 3434 συνήιρθη
1016 3364 1216 3434 τρόπον
1242 3366 1365 3421 τινὰ
1393 3367 1461 3421 δι’
1483 3369 1668 3433 αὐτοῦ,
1704 3388 1807 3425 κα-

234 3445 406 3518 θάπερ
428 3448 718 3520 ἀλλοφύλῳ
743 3450 1022 3524 Χαναναία
1032 3455 1278 3521 γυναικὶ,
1301 3457 1367 3525 τῇ
1390 3458 1510 3513 κατ’
1534 3458 1808 3527 Αἴγυπτον

234 3537 532 3611 Συναγωγῇ
571 3539 679 3593 τῶν
713 3541 844 3597 υίῶν
891 3544 1137 3615 Ἰσραήλ·
1178 3546 1430 3619 καθάπερ
1476 3548 1666 3620 ἀμέλει
1714 3552 1808 3605 καὶ

233 3632 262 3684 6
298 3632 505 3696 Ἰούδας
533 3633 625 3687 διὰ
651 3633 745 3688 τοῦ
772 3635 1152 3705 ποιμαίνοντος
1199 3640 1265 3709 τῇ
1300 3640 1449 3711 Σαὸᾷ
1473 3680 1488 3704 ,
1521 3643 1553 3712 ἢ
1584 3642 1808 3715 διερμη-

235 3722 445 3778 νεύεται
493 3725 736 3794 ὕψωσίς
783 3742 842 3780 τε
889 3727 983 3781 καὶ¹
1019 3728 1296 3797 ἔπαρσις.
1334 3731 1659 3804 Κεκλημένη
1698 3735 1807 3806 γὰρ

236 3814 423 3889 ὥσπερ
450 3820 535 3883 είς
561 3820 868 3892 οἰκειότητα
900 3821 997 3893 τὴν
1026 3822 1103 3885 ώς
1136 3822 1273 3893 πρὸς
1294 3823 1426 3877 Θεὸν
1459 3825 1492 3894 ἡ
1527 3824 1635 3879 τῶν
1677 3827 1808 3882 Ἰου-

234 3908 396 3963 δαίων
416 3911 744 3983 Συναγωγὴ,
770 3912 1026 3986 χθαμαλὴ
1065 3914 1165 3985 μὲν
1191 3909 1259 3985 ἦν
1289 3916 1472 3970 οὐκέτι
1499 3918 1593 3971 καὶ⁵
1625 3936 1804 3975 πεπα-

230 4002 463 4072 τημένη,
495 4003 593 4055 καὶ
622 4002 683 4056 τὸ
719 4008 818 4074 τῆς
849 4005 1094 4069 δουλείας
1124 4006 1319 4077 ἔχουσα
1359 4011 1803 4082 σμικροπρεπὲς,

234 4093 408 4165 ὑψηλὴ
440 4095 499 4149 δὲ
524 4095 713 4164 γέγονε
742 4098 837 4151 καὶ
872 4098 1158 4167 διαφανής.
1200 4099 1547 4172 Λελύτρωται
1581 4103 1691 4174 γὰρ
1728 4103 1803 4167 ὡς

236 4186 294 4238 ἐκ
314 4186 555 4257 καμίνου
589 4187 834 4259 σιδηρᾶς,
864 4191 960 4243 καὶ
990 4189 1051 4254 ἐξ
1075 4188 1226 4243 οἴκου
1248 4191 1492 4257 δουλείας
1517 4232 1530 4258 ,
1565 4194 1707 4248 κατὰ
1741 4195 1802 4249 τδ

232 4274 633 4349 γεγραμμένον.
652 4275 783 4334 Εἶτα
804 4280 901 4351 τῆς
914 4283 971 4334 ὲν
984 4280 1242 4352 Αἰγύπτῳ
1257 4283 1591 4355 Συναγωγῆς
1611 4287 1710 4357 τῆς
1728 4287 1805 4351 ὠς

1914 3096 1983 3151 ad
2013 3096 2235 3152 beatum
2255 3098 2508 3170 Moysen,
2546 3106 2679 3154 tunc
2721 3100 2797 3155 ibi
2840 3109 3175 3171 pascentem.
3221 3103 3491 3174 Apparuit

1913 3187 2059 3244 enim
2084 3187 2188 3258 ipsi
2225 3188 2279 3243 in
2334 3190 2517 3259 specie
2561 3190 2701 3261 ignis
2746 3191 2803 3246 in
2824 3192 2966 3247 rubo
2994 3191 3063 3258 ",
3104 3201 3162 3249 et
3192 3194 3356 3250 simul
3387 3210 3492 3265 per

1914 3281 2094 3351 ipsum
2117 3283 2441 3352 conjunctus
2452 3292 2537 3340 est
2551 3284 2953 3354 quodammodo
2967 3285 3262 3359 Synagoga
3273 3287 3492 3343 Israeli-

1912 3379 2089 3427 tarum
2120 3373 2176 3427 in
2198 3371 2456 3445 Egypto;
2481 3383 2735 3445 tanquam
2759 3376 3074 3448 alienigena
3099 3386 3155 3433 et
3171 3376 3493 3434 Chananaa

1912 3464 2164 3531 mulieri,
2206 3466 2667 3534 quemadmodum
2690 3477 2747 3523 et
2772 3468 2941 3524 Iudas
2968 3485 3066 3540 per
3091 3476 3367 3540 pastorem
3396 3484 3492 3539 ap-

1912 3557 2092 3626 paruit
2121 3556 2224 3627 ipsi
2247 3556 2422 3622 Seba,
2452 3574 2573 3627 qua
2588 3560 2979 3630 interpretatur
3005 3560 3229 3615 altitudo
3255 3576 3353 3616 seu
3379 3558 3466 3614 cla

1913 3649 2004 3703 tio.
2054 3648 2190 3703 Nam
2236 3648 2874 3723 Judaorum'Synagoga
2898 3652 3070 3707 veluti
3095 3652 3153 3707 in
3191 3651 3488 3707 amicitiam

1911 3740 2208 3797 Deivocata
2225 3748 2328 3805 est,
2354 3758 2534 3812 neque
2562 3743 2797 3813 amplius
2809 3752 2928 3799 erat
2952 3745 3162 3814 abiecta
3190 3753 3246 3799 et
3272 3746 3489 3814 procul-

1911 3841 2052 3896 cata,
2087 3832 2473 3904 sordidamque
2491 3849 2774 3889 servorum
2794 3835 3161 3890 conditionem
3187 3835 3485 3901 sustinens,

1910 3922 2008 3977 sed
2027 3922 2264 3977 exaltata
2301 3930 2465 3991 atque
2497 3922 2749 3979 illustris.
2784 3923 2986 3992 Erepta
3024 3923 3172 3978 enim
3196 3932 3335 3988 erat,
3370 3931 3487 3978 tan-

1909 4029 2073 4084 quam
2102 4029 2170 4069 ex
2190 4012 2409 4068 fornace
2446 4012 2623 4068 ferrea
2665 4021 2721 4067 et
2736 4029 2803 4068 ex
2824 4012 2988 4067 domo
3017 4012 3318 4077 servitutis,
3345 4013 3488 4068 sicut

1909 4104 2171 4174 scriptum
2219 4111 2304 4158 est
2348 4105 2412 4156 ".
2437 4104 2632 4157 Postea
2658 4118 2791 4159 vero
2813 4102 2942 4158 huic
2984 4103 3276 4175 Synagoga
3314 4102 3487 4159 veluti

1906 4194 2247 4265 alienigena,
2281 4201 2337 4249 et
2365 4193 2509 4250 idola
2535 4193 2758 4260 colenti,
2800 4194 3017 4249 tandem
3050 4203 3160 4250 tres
3196 4193 3311 4248 nati
3358 4204 3487 4250 sunt

1906 4287 2116 4359 populi,
2156 4287 2474 4358 supplentes
2498 4288 2610 4341 Deo
2625 4285 2875 4341 ordinem
2910 4285 3169 4351 ﬁliorum,
3202 4294 3260 4342 et
3285 4302 3353 4342 ex
3377 4301 3486 4344 una

235 4366 531 4438 ἀλλοφύλου
558 4387 615 4422 τε
654 4370 748 4424 καὶ
772 4370 1263 4444 είδωλολατρούσης
1292 4376 1426 4429 ποτὲ
1455 4379 1605 4449 τρεῖς
1638 4379 1801 4448 γεγό-

1916 4376 2129 4446 quidem
2161 4385 2337 4430 matre
2363 4376 2552 4448 geniti,
2583 4376 2680 4432 sed
2726 4384 2971 4446 tempore
3004 4378 3191 4447 partiti
3223 4385 3352 4432 sunt
3388 4394 3485 4449 ge-

236 4475 353 4513 νασι
385 4461 529 4524 λαοὶ,
563 4461 663 4531 τὴν
692 4461 826 4514 υἱῶν
858 4463 1009 4530 τάξιν
1035 4466 1478 4537 ἀποπληροῦντες
1514 4470 1635 4542 Θεῷ
1657 4514 1671 4537 ,
1710 4472 1804 4525 καὶ

242 4555 363 4623 μιᾶς
399 4553 501 4623 μὲν
535 4552 726 4625 ῶσπερ
766 4556 1137 4624 ἑκπειρυκότες
1166 4559 1403 4630 μητρὸς,
1450 4563 1806 4631 μερισάμενοι

237 4642 291 4697 ἃ
323 4645 422 4713 τὴν
459 4646 518 4697 ὲν
558 4644 734 4714 χρόνῳ
754 4643 985 4712 γένεσιν.
1005 4647 1114 4700 Καὶ
1139 4648 1261 4701 τίνα
1296 4648 1359 4720 δὴ
1392 4651 1612 4720 τρόπον,
1648 4652 1807 4724 ἐροῦ·-

243 4751 333 4803 μεν
363 4737 464 4789 οὐκ
487 4737 569 4800 είς
596 4737 835 4807 μακράν.
862 4731 993 4791 Εἶτα
1014 4738 1114 4806 τὴν
1145 4737 1341 4810 Θάμαρ
1370 4739 1569 4811 πρώτῳ
1603 4741 1701 4811 μὲν
1728 4741 1806 4812 τῷ

242 4827 373 4899 Ἤρ,
406 4827 467 4891 ὃς
496 4824 567 4899 ἦν
604 4828 945 4899 πρωτότοκος
971 4871 985 4893 ,
1017 4830 1253 4902 συνῆψεν
1309 4831 1529 4896 Ἰούδας.
1574 4833 1726 4887 Ἐπεὶ
1752 4834 1808 4887 δὲ

238 4918 467 4990 πονηρὸν
504 4918 636 4972 ὄντα
666 4919 889 4972 διώλεσε
935 4920 1063 4986 Θεὸς
1087 4961 1101 4984 ,
1145 4923 1452 4993 διαδέχεται
1490 4924 1584 4977 τὸν
1630 4926 1808 4995 γάμον

236 5007 395 5072 εὐθὺς
423 5012 452 5062 6
491 5011 695 5073 Αύνᾶν,
730 5010 790 5075 ὃς
817 5007 884 5083 ἦν
912 5014 1003 5065 καὶ
1041 5013 1253 5080 γενέσει
1286 5014 1380 5068 καὶ
1407 5014 1583 5086 χρόνῳ
1625 5015 1809 5070 δεύτε-

239 5115 347 5167 ρος.
389 5102 447 5154 '0
488 5100 547 5154 δὲ
582 5101 816 5174 ἐπείπερ
856 5104 957 5157 οὐκ
990 5103 1179 5174 ἤθελεν
1221 5106 1431 5177 ἐγεῖραι
1474 5107 1693 5179 σπέρμα
1732 5108 1810 5179 τῷ

236 5186 466 5258 ἀδελφῷ,
488 5191 858 5245 συνδιόλλυται
885 5191 964 5263 τῷ
990 5191 1211 5264 πρώτῳ,
1249 5194 1399 5258 θείας
1419 5196 1513 5250 καὶ
1539 5196 1699 5251 αὐτὸν
1728 5200 1809 5262 είς

233 5280 389 5340 τῦῦτο
406 5282 817 5353 ὑπενεγκούσης
833 5284 1021 5356 ὀργῆς.
1046 5280 1180 5339 Εῐτα
1194 5287 1286 5341 τὸν
1310 5288 1512 5359 τρίτον,
1538 5289 1806 5354 τουτέστι,

228 5370 326 5423 τὸν
359 5373 559 5443 Σηλὼμ
579 5413 593 5433 ,
625 5374 726 5428 οὐκ
751 5376 965 5446 ἐφίησιν
990 5376 1018 5428 6
1055 5378 1238 5449 πατὴρ
1272 5380 1680 5449 μεταποιεῖσθαι
1709 5379 1805 5433 τοῦ

236 5464 444 5532 γάμου,
491 5465 568 5538 μὴ
609 5466 718 5537 ἄρα
768 5470 882 5531 τοῖς
918 5469 1153 5539 πρώτοις
1193 5469 1561 5539 συναπό).ηται
1594 5469 1802 5536 δεδιώς.

1905 4470 2269 4541 nerationem.
2329 4467 2449 4535 Quo
2492 4475 2675 4522 autem
2712 4468 2876 4522 modo
2923 4468 3166 4522 breviter
3212 4468 3480 4523 dicemus.

1904 4561 2042 4615 Nam
2067 4558 2236 4615 Judas
2283 4557 2530 4630 adjunxit
2554 4557 2781 4627 quidem
2814 4557 3051 4613 Thamar
3087 4557 3199 4612 ﬁlio
3228 4572 3357 4623 suo,
3386 4558 3482 4627 qui

1905 4659 2023 4708 erat
2043 4650 2441 4722 primogenitus
2475 4667 2489 4704 :
2524 4649 2620 4720 qui
2652 4665 2778 4705 cum
2814 4659 2960 4707 esset
3006 4651 3204 4716 malus,
3244 4649 3485 4720 perdidit

1907 4760 2036 4799 eum
2056 4744 2219 4798 Deus.
2250 4742 2389 4799 Huic
2430 4742 2695 4798 c6ntinuo
2741 4742 2798 4797 in
2844 4743 3053 4814 nuptiis
3084 4742 3332 4799 succedit
3372 4746 3486 4799 Au-

1908 4851 2038 4900 nan,
2070 4835 2165 4904 qui
2190 4842 2310 4889 erat
2349 4842 2506 4889 ortus
2548 4841 2797 4905 tempore
2848 4834 3125 4890 secundus
3161 4853 3174 4888 :
3208 4835 3299 4888 hic
3348 4848 3484 4889 vero

1904 4926 2032 4995 quia
2058 4925 2234 4979 noluit
2262 4925 2531 4979 suscitare
2573 4941 2760 4982 semen
2787 4926 2943 4981 fratri
2970 4942 3091 4991 suo,
3131 4927 3294 4981 simili
3318 4925 3481 4982 modo

1904 5024 1967 5071 ut
1982 5016 2191 5087 primus
2207 5017 2435 5081 interiit,
2454 5018 2537 5072 ira
2553 5018 2735 5073 divina
2749 5018 2911 5074 etiam
2931 5020 3106 5088 ipsum
3124 5017 3475 5087 corripiente.

1907 5106 2154 5163 Tertium
2177 5116 2382 5174 autem,
2416 5109 2523 5165 hoc
2544 5116 2631 5165 est
2660 5110 2860 5174 Selom,
2889 5125 2998 5164 non
3035 5107 3304 5179 permittit
3325 5117 3480 5180 pater

1912 5201 2053 5256 inire
2091 5202 2346 5271 nuptias,
2379 5203 2592 5259 veritus
2631 5219 2701 5258 ne
2744 5202 2884 5257 forte
2911 5209 2972 5257 ut
3012 5201 3174 5271 primi
3205 5201 3483 5258 interiret.

1912 5291 2124 5362 Ecquid
2151 5293 2268 5350 hac
2292 5309 2381 5350 res
2403 5295 2508 5351 sibi
2530 5295 2648 5349 vult
2667 5294 2934 5350 ?Edicere
2958 5294 3221 5362 conabor,
3243 5295 3354 5351 Deo
3379 5295 3447 5350 ad
3463 5327 3480 5335 -

1905 5384 2149 5455 iuvante.
2168 5383 2302 5439 Nam
2326 5399 2451 5439 cum
2468 5385 2611 5439 Deus
2636 5383 2969 5456 Synagogam
2992 5384 3222 5455 primam
3245 5386 3300 5440 in
3321 5384 3420 5456 AZg
3431 5403 3484 5457 y-

1910 5482 2004 5543 pto
2042 5471 2234 5545 (quam
2279 5473 2640 5544 alienigenam
2683 5489 2802 5529 esse
2841 5475 3182 5540 tradidimus,
3221 5490 3287 5531 eo
3332 5478 3483 5545 quod

304 5629 353 5659 ’⁶
390 5640 554 5698 Hebr.
594 5659 665 5707 vi,
700 5645 751 5697 '7.
832 5646 874 5677 ”
906 5646 1069 5701 llebr.
1102 5664 1193 5714 vu,
1249 5649 1327 5702 ll.
1405 5648 1448 5678 "
1490 5649 1660 5706 Exod.
1717 5665 1792 5713 ιιι,

1916 5667 2038 5720 eqq.
2117 5653 2161 5683 ’θ
2182 5650 2352 5708 Exod.
2374 5667 2487 5717 xm,
2515 5650 2567 5705 5.
