4032 6198
462 145 565 204 315

1492 141 1549 198 8.
1589 139 1865 198 CYBILLI
1903 139 2374 197 ALEXANDRINI
2413 143 2735 199 ARCHIEP.

3625 140 3734 199 318

461 261 618 316 valde
653 261 882 318 barbara
897 270 952 317 et
979 262 1211 334 agrestis
1241 262 1417 332 esset)
1445 261 1512 317 ad
1543 275 1728 316 mores
1760 259 2040 314 instituta-

2150 262 2259 316 Καὶ
2288 263 2339 316 τί
2369 263 2432 334 δὴ
2465 263 2526 316 τὸ
2551 263 2761 335 χρῆμα,
2795 262 3021 316 διιιπεῖν
3067 263 3398 335 πειράσομαι
3438 261 3728 330 σοφοῦντυς

459 365 566 422 que
593 350 910 407 Graecorum
938 353 1262 422 redegisset,
1306 364 1469 421 atque
1513 351 1565 405 in
1589 349 1821 404 formam
1858 351 2047 420 reipu-

461 443 618 498 hlicae
651 460 748 514 per
789 445 966 514 legem
996 445 1301 515 coegisset,
1346 453 1460 497 tum
1507 458 1629 498 eam
1654 442 1810 512 quasi
1851 459 2049 498 novam

462 533 706 589 reddidit
731 535 1096 607 Synagogam,
1134 552 1199 590 ac
1228 535 1398 590 veluti
1431 534 1662 588 alteram
1697 542 1753 588 et
1775 533 2047 590 diversam

458 622 528 678 ab
581 626 697 696 ipsa
725 627 921 696 prima.
973 628 1152 698 Atque
1186 628 1303 683 haec
1348 635 1433 682 est
1478 626 1735 692 Thamar,
1789 636 1846 681 et
1889 628 2045 696 quasi

459 719 699 773 secunda
724 720 1025 791 Synagoga.
1055 720 1325 776 Caeterum
1349 719 1474 774 vide
1511 717 1787 789 quomodo
1816 734 1882 773 ex
1912 718 2047 789 ipsis

458 811 743 864 nominum
771 812 1322 883 interpretationibus
1353 812 1664 868 inveniatur
1701 812 2040 883 mysterium.

456 900 594 956 Nam
629 902 868 958 Thamar
901 904 1197 974 exponitur
1212 904 1429 974 defectio
1452 912 1546 958 aut
1579 904 1814 958 dimotio.
1857 903 2042 973 Siqui-

457 991 583 1048 dem
625 993 909 1066 Synagoga
958 996 1272 1050 Judacorum
1299 1013 1489 1052 revera
1515 996 1720 1051 dimota
1753 1005 1916 1051 estet
1943 996 2043 1052 de-

454 1087 604 1142 fecit.
645 1086 973 1153 Quomodo?
1002 1087 1139 1154 Quia
1168 1105 1277 1143 non
1305 1090 1527 1144 omnino
1552 1089 1751 1145 mansit
1784 1089 2041 1144 immobi-

455 1181 545 1252 lis,
591 1197 772 1252 neque
815 1182 1179 1238 inconcussus
1224 1183 1406 1238 cultus
1447 1183 1671 1254 legalis,
1720 1182 1815 1237 sed
1876 1182 2042 1238 cessit

454 1271 864 1340 quodammodo
897 1313 913 1337 ,
953 1281 1010 1327 et
1073 1273 1350 1343 spirituali
1405 1274 1578 1328 cultui
1624 1273 1807 1328 locum
1863 1273 2036 1329 dedit.

456 1361 701 1418 Tandem
727 1380 859 1420 vero
883 1365 1094 1421 Christi
1121 1365 1402 1437 Synagoga
1445 1382 1543 1420 seu
1570 1366 1923 1436 congregatio
1955 1374 2040 1422 est

455 1452 793 1520 introducta,
821 1471 944 1525 qua3
967 1456 1184 1510 incusat
1213 1457 1468 1526 primam,
1505 1456 1668 1527 198
1692 1457 1895 1527 quippe
1919 1472 2041 1527 quae

453 1557 564 1598 non
587 1546 814 1600 omnino
840 1556 998 1602 vacet
1017 1549 1466 1617 reprehensione.
1490 1546 1745 1602 Christus
1779 1563 1910 1618 ergo
1939 1563 2037 1617 ap-

453 1636 798 1706 plicavitsibi
829 1638 1130 1694 Ecclesiam
1163 1655 1260 1694 seu
1307 1638 1577 1707 virginem
1621 1646 1825 1693 castam
1849 1638 1915 1704 3°,
1946 1653 2044 1692 an—
2071 1631 2113 1684 Β

452 1732 604 1802 tiqua
629 1733 732 1788 ista
760 1741 815 1788 et
846 1734 1024 1803 prima
1047 1731 1354 1802 repudiata.
1388 1731 1545 1788 Unde
1565 1730 1880 1810 Iudaeorum
1897 1729 2040 1801 Syn-

449 1839 619 1895 agoga
644 1825 844 1879 merito
872 1833 1139 1893 quantum
1173 1822 1242 1877 ad
1269 1823 1376 1878 hoc
1426 1832 1686 1879 censetur
1709 1822 1958 1878 defectus
1984 1829 2042 1878 et

449 1915 701 1972 dimotio.
751 1915 908 1983 Quod
956 1925 1141 1970 autem
1195 1930 1358 1971 nemo
1408 1931 1477 1971 ex
1538 1915 1658 1985 lege
1708 1912 2042 1986 iustiﬁcetur

450 2008 598 2078 apud
623 2009 823 2073 Deum,
852 2024 1034 2078 neque
1071 2007 1127 2060 in
1162 2005 1443 2078 Synagoga
1467 2005 1778 2061 Judrnorum
1803 2006 1876 2060 sit
1903 2005 2042 2061 divi-

447 2112 534 2152 nte
566 2097 719 2166 pacis
751 2095 1123 2166 participatio,
1166 2114 1183 2146 ι
1217 2095 1330 2149 Lex
1356 2095 1504 2149 enim
1532 2095 1666 2149 iram
1691 2097 2032 2166 operaturh

450 2187 595 2241 sicut
637 2188 906 2255 scriptum
951 2185 1121 2249 est“,
1165 2185 1446 2239 notaverit
1473 2185 1711 2239 latenter
1760 2185 2041 2256 generatio

453 2277 688 2332 ﬁliorum
724 2277 898 2340 Iudae,
920 2277 1016 2346 qui
1039 2277 1278 2330 Thamar
1301 2276 1582 2346 conjuncti
1611 2276 1860 2332 fuerunt.
1903 2277 2041 2332 Nam

450 2370 562 2425 Her
597 2368 998 2439 primogenitus
1035 2377 1120 2423 est
1167 2368 1440 2439 pellicem,
1489 2368 1606 2423 sive
1663 2376 1926 2424 terrenus.
1971 2368 2043 2426 At

448 2462 709 2531 quoniam
742 2462 918 2515 malus
950 2467 1091 2526 erat,
1133 2460 1255 2514 ideo
1284 2468 1464 2516 morte
1504 2462 1770 2516 multatus
1807 2470 1911 2517 est.
1938 2462 2044 2516 Po-

449 2554 612 2624 pulus
641 2555 787 2607 enim
814 2553 1047 2623 primus,
1083 2568 1274 2607 revera
1313 2553 1492 2607 malus
1525 2561 1609 2608 est
1641 2553 2039 2624 deprehensus,

446 2659 572 2700 cum
604 2653 973 2700 murmuraret
1003 2654 1192 2699 contra
1237 2645 1432 2708 Deum,
1461 2654 1516 2699 et
1548 2644 1758 2700 diceret
1788 2662 1800 2698 :
1840 2665 1858 2696 ι
1893 2646 2043 2700 Nun-

446 2736 578 2806 quid
604 2737 808 2806 poterit
833 2737 980 2791 Deus
1017 2751 1212 2807 parare
1241 2752 1482 2790 mensam
1514 2737 1570 2792 in
1597 2737 1862 2793 deserto?
1897 2738 2044 2806 Quo-

445 2826 592 2879 niam
616 2826 886 2896 percussit
909 2835 1140 2896 petram,
1168 2835 1224 2881 et
1251 2827 1722 2898 ﬂuxeruntaquaa,
1751 2838 2042 2886 ettorren-

2153 354 2309 409 Θεοῦ.
2344 355 2454 427 Τὴν
2481 355 2590 426 γάρ
2619 371 2700 407 τοι
2732 353 2956 425 πρώτην
2983 372 3042 408 τε
3091 356 3183 409 καὶ
3215 358 3272 409 ἐν
3307 353 3572 425 Αἰγύπτῳ
3596 353 3735 406 Συν-

2151 447 2373 519 αγωγὴν
2393 489 2408 512 ,
2439 449 2505 518 ἢν
2535 447 2826 516 ἀλλόφυλον
2869 443 3007 500 εἶναι
3051 448 3387 518 δεδώκαμεν,
3421 445 3510 499 διά
3537 462 3620 498 τοι
3665 445 3730 498 τὸ

2149 540 2266 594 λίαν
2297 539 2686 611 ἁπηγριῶσθαι
2718 538 2841 592 τότε
2891 540 3115 612 τρόποις
3143 557 3204 592 τε
3236 540 3332 592 καὶ
3384 537 3560 590 ἔθεσιν
3601 536 3729 592 Ἐλ-

2146 631 2406 702 ληνικοῖς,
2443 631 2893 703 μεταρῤυθμίσας
2931 632 3082 694 Θεὸς,
3116 631 3202 684 διὰ
3237 630 3510 694 πολιτείας
3542 631 3604 683 ἐκ
3636 629 3726 682 νό-

2150 739 2250 794 μου
2282 761 2295 782 ,
2333 721 2458 774 νέαν
2500 721 2688 792 ὥσπερ
2729 719 2974 784 ἀπέδειξε
3019 719 3350 790 Συναγωγὴν
3377 760 3392 784 ,
3423 721 3519 774 καὶ
3561 717 3727 771 οἱονεί

2147 830 2264 876 πως
2300 813 2494 885 ἑτέραν
2546 813 2698 885 παρὰ
2725 813 2825 882 τὴν
2872 811 3118 883 πρώτην.
3164 812 3273 864 Καὶ
3313 810 3471 864 τοῦτό
3509 811 3656 862 ἐστιν
3689 812 3728 881 ἡ

2143 906 2360 977 Θάμαρ.
2383 906 2574 977 Ἀθρει
2619 907 2698 972 δὲ,
2743 907 2893 968 ὅπως
2934 905 3027 958 καὶ
3058 905 3116 957 ὲν
3147 906 3268 966 ταῖς
3308 903 3416 956 τῶν
3446 901 3731 972 ὀνομάτων

2144 1000 2464 1072 ἑρμηνείαις
2494 999 2809 1071 εὑρίσκεται
2837 998 2896 1053 τὸ
2930 998 3249 1068 μυστήριον.
3293 995 3726 1067 Διερμηνεύεται

2143 1093 2304 1162 γάρὴ
2336 1092 2555 1162 Θάμαρ,
2575 1092 2866 1159 ἔκλειψις,
2896 1089 2929 1161 ἦ
2951 1090 3351 1157 σαλευομένη.
3391 1086 3726 1140 Σεσάλευται

2141 1183 2198 1236 δὲ
2225 1184 2317 1238 καὶ
2340 1183 2655 1237 ἐκλέλοιπεν
2672 1181 2889 1253 ἀληθῶς
2913 1185 2946 1252 ἡ
2972 1183 3082 1235 τῶν
3111 1180 3377 1234 Ἰουδαίων
3398 1180 3722 1248 Συναγωγή.

2142 1274 2315 1344 Πῶςῆ
2337 1274 2459 1327 τίνα
2485 1273 2684 1343 τρόπον
2708 1288 2723 1337 ;
2748 1273 2823 1325 υύ
2843 1271 2952 1342 γὰρ
2983 1270 3292 1342 μεμένηκεν
3326 1268 3724 1329 ἀκατάσειστος

2140 1367 2220 1429 εἰς
2239 1365 2299 1419 τὸ
2319 1365 2577 1428 παντελὲς
2599 1367 2631 1436 ἡ
2655 1365 2797 1418 κατά
2819 1363 2983 1434 νόμον
3005 1361 3249 1434 λατρεία,
3281 1360 3723 1430 παρακεχώρηκε

2139 1457 2196 1511 δὲ
2242 1459 2305 1528 τῇ
2356 1458 2414 1511 ὲν
2461 1455 2754 1527 πνεύματι.
2804 1455 2915 1509 Καὶ
2957 1453 3310 1524 εἰσεκομίσθη
3346 1451 3532 1504 λοιπὸν
3570 1452 3602 1520 ἡ
3634 1449 3725 1502 διὰ

2140 1546 2399 1620 Χριστοῦ,
2432 1546 2814 1618 κατηγοροῦσα
2856 1547 2956 1617 τῆς
2987 1545 3233 1617 πρώτης,
3258 1544 3333 1607 ὡς
3363 1545 3462 1598 οὐκ
3491 1542 3726 1613 ἐχούσης

2142 1642 2204 1695 τὸ
2229 1641 2540 1711 ἄμεμπτον.
2582 1639 2893 1710 Ἦρμόσατο
2927 1637 2984 1690 δὲ
3011 1637 3104 1690 καὶ
3136 1638 3164 1689 6
3192 1637 3427 1706 Χριστὸς
3453 1634 3550 1705 τὴν
3597 1634 3724 1685 Ἐκ-

2141 1733 2372 1804 κλησίαν
2400 1731 2654 1802 καθάπερ
2675 1730 2799 1785 τινὰ
2834 1729 3099 1801 παρθένον
3130 1728 3322 1798 ἁγνὴν,
3355 1727 3455 1797 τὴν
3485 1726 3727 1796 ἀρχαίαν

2141 1825 2354 1895 ἐκείνην
2380 1824 2475 1878 καὶ
2505 1822 2728 1893 πρώτην
2761 1821 2940 1891 ἀφείς.
2975 1819 3256 1889 Ἐκλειψις
3280 1818 3344 1889 δὴ
3372 1815 3467 1871 οὖν
3500 1817 3595 1871 κα)⁵
3621 1834 3726 1870 σαι

2141 1917 2406 1989 λευομένη
2441 1916 2700 1989 ταύτῃτοι
2749 1913 2974 1978 δικαίως
2999 1914 3033 1983 ἡ
3064 1913 3175 1966 τῶν
3225 1911 3494 1965 Ἰουδαίων
3521 1911 3728 1963 νοεῖται

2143 2011 2464 2081 Συναγωγή.
2495 2009 2618 2062 Ὅτι
2655 2007 2712 2061 δὲ
2762 2007 2936 2068 οὐδεὶς
2970 2007 3028 2058 ἐν
3064 2005 3216 2076 νόμῳ
3243 2003 3546 2058 δικαιοῦται
3571 2001 3730 2071 παρὰ

2140 2101 2278 2172 Θεῷ,
2301 2102 2426 2156 οὔτε
2452 2101 2558 2173 μὴν
2581 2103 2638 2153 ὲν
2665 2101 2731 2170 τῇ
2753 2098 2860 2153 τῶν
2895 2097 3162 2151 Ἰουδαίων
3180 2097 3474 2166 Συναγωγῇ
3501 2094 3598 2164 τῆς
3626 2091 3729 2146 τοῦ

2140 2193 2274 2248 Θεοῦ
2302 2192 2668 2264 γαληνότητος
2699 2191 2730 2262 ἡ
2767 2189 2982 2262 μέθεξις
2997 2186 3066 2260 ἦν
3090 2188 3135 2263 (ι
3162 2190 3218 2241 '0
3235 2191 3342 2259 γὰρ
3363 2187 3528 2257 νόμος
3551 2184 3731 2256 ὀργὴν

2143 2282 2558 2356 κατεργάζεται,
2575 2303 2592 2334 ι
2613 2281 2754 2337 κατὰ
2773 2282 2832 2336 τὸ
2853 2279 3285 2352 γεγραμμένον),
3308 2280 3635 2349 ὑποφήνειεν
3654 2276 3729 2330 ἂν

2142 2376 2551 2449 αἰνιγματωδῶς
2575 2376 2685 2430 τῶν
2727 2375 2895 2429 Ἰούδα
2921 2375 3126 2428 παίδων
3155 2374 3188 2441 ὴ
3217 2372 3453 2440 γένεσις,
3485 2386 3732 2439 συνῳκη⁹

2143 2470 2316 2524 κάτων
2352 2471 2418 2539 τῇ
2465 2469 2683 2540 Θάμαρ.
2725 2469 2832 2538 Ἣρ
2867 2467 2965 2538 μὲν
3003 2467 3113 2537 γὰρ
3157 2466 3185 2519 6
3231 2463 3577 2536 πρωτότοκός
3605 2464 3729 2514 ἐστι

2142 2558 2523 2630 δερμάτινος,
2559 2560 2678 2630 ἦτοι
2709 2558 2937 2628 γήὶγος.
2986 2556 3250 2627 Ἐπείπερ
3273 2557 3329 2608 δὲ
3363 2551 3432 2625 ἦν
3464 2551 3731 2621 πονηρὸς,

2143 2652 2355 2721 θανάτῳ
2391 2651 2800 2715 κατεδικάζετο.
2838 2650 3079 2722 Πονηρὸς
3117 2650 3173 2703 δὲ
3203 2647 3345 2703 κατὰ
3383 2647 3443 2700 τὸ
3468 2643 3667 2714 ἀληθὲς
3697 2645 3731 2697 6

2143 2745 2359 2812 πρῶτος
2384 2743 2540 2814 ὤφθη
2565 2743 2714 2810 λαὸς,
2736 2742 3164 2812 καταγογγύζων
3201 2739 3337 2793 Θεοῦ
3369 2740 3465 2792 καὶ
3498 2737 3678 2804 λέγων
3707 2751 3722 2764 ⁸

2149 2857 2168 2890 ι
2210 2836 2301 2908 Μὴ
2329 2837 2618 2906 δυνήσεται
2651 2837 2678 2888 6
2717 2835 2848 2899 Θεὸς
2876 2835 3161 2905 ἑτοιμάσαι
3185 2831 3461 2904 τράπεζαν
3503 2833 3559 2884 ὲν
3591 2830 3730 2903 ὲρήα

445 2927 529 2972 tes
572 2917 998 2972 inundaverant.
1051 2918 1195 2972 Num
1227 2926 1283 2972 ει
1306 2933 1503 2988 panem
1539 2919 1745 2987 poterit
1773 2919 1907 2975 dare
1924 2921 2030 2974 3'?»

2146 2944 2262 2998 μῳ;
2302 2926 2456 2980 Ἐπεὶ
2477 2925 2718 2990 ἐπάταξε
2744 2926 2970 2996 πέτραν,
2995 2926 3089 2978 καὶ
3114 2925 3390 2997 ἐρρύησαν
3420 2923 3602 2986 ὕδατα,
3623 2923 3728 2978 καὶ

444 3006 561 3062 Imo
592 3023 723 3062 vero
752 3015 808 3062 et
842 3016 1200 3078 posteaquam
1251 3009 1352 3070 illi,
1380 3008 1474 3077 qui
1520 3008 1676 3064 missi
1700 3009 1921 3066 fuerant
1966 3010 2036 3066 ad

448 3109 648 3154 terram
675 3099 1060 3168 promissionis
1111 3099 1503 3168 explorandam
1528 3141 1543 3166 ,
1589 3101 1798 3155 reversi
1827 3109 2034 3167 essent,

447 3189 603 3258 quasi
636 3191 747 3259 jam
773 3189 972 3258 perditi
1027 3190 1314 3260 pueriliter
1359 3189 1658 3260 ejulabant,
1703 3193 2036 3250 contumelia

447 3280 622 3342 illum,
645 3281 740 3350 qui
769 3280 954 3335 omnia
1000 3289 1203 3350 potest,
1242 3296 1339 3335 sua
1393 3279 1769 3336 inobedientia
1792 3281 2031 3338 allicien-

449 3379 549 3427 tes.
584 3372 739 3428 Unde
762 3381 819 3426 et
839 3372 1138 3443 perierunt,
1172 3388 1352 3443 neque
1371 3373 1515 3429 ullus
1537 3390 1732 3430 eorum
1759 3376 2037 3446 ingressus

447 3470 529 3518 est
584 3473 783 3518 terram
832 3463 1254 3534 promissionis;
1291 3465 1389 3521 sed
1449 3485 1467 3517 ε
1499 3467 1747 3523 membra
1788 3468 2035 3539 ipsorum

447 3564 910 3626 computruerunt
947 3557 1003 3611 in
1022 3556 1265 3622 deserto,
1303 3577 1320 3609 ι
1363 3559 1508 3614 sicut
1544 3560 1811 3630 scriptum
1858 3569 1943 3616 est
1965 3560 2030 3616 ³⁸.

447 3649 851 3720 Primogenitus
874 3649 1040 3720 igitur
1065 3649 1194 3714 Her,
1235 3649 1341 3718 hoc
1362 3659 1467 3716 est,
1500 3651 1604 3707 iste
1636 3652 1947 3708 malitiosos
1978 3665 2034 3709 et

446 3740 704 3806 carnalis,
747 3739 1000 3810 disperiit
1033 3741 1270 3810 primus,
1299 3742 1513 3796 nullum
1556 3742 1767 3798 habens
1813 3743 2035 3813 pietatis

447 3840 708 3896 fructum.
738 3838 852 3894 Hoc
877 3838 1026 3894 enim
1057 3838 1219 3894 nobis
1250 3838 1460 3894 orbitas
1492 3845 1554 3892 ut
1581 3837 1636 3892 in
1658 3836 1826 3908 figura
1851 3846 2036 3892 osten-

447 3931 540 3988 dat
563 3933 764 3988 denuo.
817 3930 990 3987 Sensa
1033 3932 1178 3987 enim
1221 3932 1277 3986 in
1323 3931 1606 3986 intellectu
1659 3937 1722 3984 ut
1769 3929 2034 3999 imagines

448 4032 595 4077 sunt.
632 4023 841 4076 Deinde
887 4022 1037 4078 hunc
1066 4024 1318 4093 sequitur
1347 4021 1643 4087 secundus,
1672 4021 1779 4076 hoc
1797 4028 1901 4085 est,
1937 4035 2034 4090 po-

448 4113 610 4183 pulus
647 4121 771 4181 post
810 4111 962 4166 hunc
999 4121 1293 4182 generatus
1329 4122 1590 4180 tanquam
1629 4113 1774 4167 Iilius
1807 4111 2032 4182 quidam

449 4203 568 4267 Dei,
593 4203 688 4274 qui
716 4202 951 4257 redemit
976 4211 1033 4258 et
1064 4203 1320 4258 liberavit
1341 4219 1371 4256 e
1399 4202 1564 4257 domo
1588 4205 1894 4258 servitutis.
1930 4203 2033 4259 llic

2138 3017 2429 3089 χείμαρροι
2483 3017 2952 3089 κατεκλύσθησαν,
3000 3018 3074 3088 μὴ
3123 3017 3221 3070 καὶ
3286 3017 3447 3085 ἄρτον
3497 3014 3726 3070 δύναται

2138 3108 2353 3172 δοῦναι;
2393 3108 2557 3164 Ἀλλὰ
2598 3109 2693 3163 καὶ
2722 3110 2812 3164 ὅτε
2836 3109 2934 3181 τὴν
2963 3109 3068 3180 γῆν
3104 3109 3203 3179 τῆς
3239 3107 3571 3176 ἐπαγγελίας
3616 3119 3723 3160 και

2137 3200 2546 3271 τασκεψάμενοι
2589 3201 2846 3272 παρῆσαν
2873 3203 2922 3255 οἰ
2950 3201 3388 3272 ἀπεσταλμένοι,
3418 3201 3492 3264 ὡς
3518 3200 3724 3255 αὐτίκα

2137 3293 2201 3363 δὴ
2238 3292 2381 3364 μάλα
2428 3292 2787 3363 ἀπολούμενοι
2821 3293 3202 3365 μειρακιωδῶς
3230 3293 3603 3364 ὠλοφύροντο.
3627 3293 3726 3346 τὸν

2141 3387 2318 3440 πάντα
2359 3385 2610 3456 ἰσχύοντα
2627 3385 2758 3439 Θεὸν
2780 3389 2901 3450 ταῖς
2921 3385 3226 3448 άπειθείαις
3247 3383 3722 3456 περιυϐρίζοντες.

2138 3477 2427 3548 Τοιγάρτοι
2467 3478 2565 3530 καὶ
2597 3476 2882 3534 διολώλασι
2907 3517 2921 3542 ,
2955 3478 3050 3531 καὶ
3077 3477 3372 3547 εἰσὸέϐηκε
3409 3477 3508 3547 μὲν
3534 3477 3724 3540 οὐδεὶς

2136 3569 2216 3630 εἰς
2253 3567 2350 3637 τὴν
2373 3567 2476 3637 γῆν
2513 3567 2613 3636 τῆς
2639 3567 2992 3636 ἐπαγγελίας,
3049 3585 3069 3620 ‹
3107 3568 3368 3622 πέπτωκε
3400 3569 3456 3621 δὲ
3475 3569 3542 3621 τά
3567 3569 3725 3623 κῶλα

2137 3658 2316 3712 αὐτῶν
2344 3659 2402 3712 ὲν
2431 3661 2497 3730 τῇ
2520 3659 2734 3731 ἐρήμῳ,
2772 3679 2790 3713 ι
2819 3662 2962 3714 κατά
2989 3660 3051 3715 τὸ
3074 3661 3480 3732 γεγραμμένον.
3508 3662 3724 3716 Οὐκοῦν

2136 3748 2165 3800 6
2191 3745 2535 3818 πρωτότοκος
2562 3747 2692 3817 Ἤρ,
2716 3747 3016 3812 τουτέστιν,
3052 3750 3080 3802 6
3112 3749 3346 3820 πονηρός
3371 3767 3429 3802 τε
3455 3749 3550 3804 καὶ
3586 3766 3724 3822 σαρ-

2136 3837 2309 3903 κικὸς,
2328 3837 2547 3892 διόλωλε
2567 3838 2800 3909 πρῶτος,
2817 3840 3029 3910 καρπὸν
3045 3840 3233 3893 οὐδένα
3258 3840 3393 3910 ἔχων
3414 3841 3718 3906 εὐσεϐείας.

2136 3929 2298 3983 Τουτὶ
2323 3929 2428 4000 γὰρ
2456 3929 2834 4000 ὑπεμφήνειεν
2864 3929 2930 3983 ἂν
2965 3931 3096 4000 ἡμῖν
3116 3929 3190 3993 ώς
3217 3932 3274 3983 ὲν
3304 3930 3458 4001 τύπῳ
3491 3930 3656 3984 πάλιν
3686 3934 3720 4003 η

2136 4021 2364 4076 ἀπαιδία
2381 4037 2394 4050 ·
2426 4021 2634 4086 εἰκόνες
2647 4021 2754 4094 γὰρ
2772 4021 2960 4093 ὥσπερ
2978 4021 3086 4074 τῶν
3103 4023 3162 4075 ὲν
3177 4023 3360 4092 νοήσει
3378 4021 3448 4076 τὰ
3462 4023 3716 4094 αἰσθητά.

2135 4113 2268 4170 Εἶτα
2302 4116 2422 4186 μετ’
2473 4115 2679 4168 ἐκεῖνον
2711 4113 2962 4185 δεύτερος
3001 4113 3190 4185 ὥσπερ
3233 4131 3318 4178 τις
3349 4115 3465 4179 υἱὸς
3497 4114 3592 4169 τοῦ
3621 4115 3718 4169 λυ·-

2135 4205 2490 4276 τρωσαμένου
2518 4204 2675 4268 Θεοῦ,
2705 4205 2799 4258 καὶ
2821 4203 2880 4268 ἐξ
2899 4204 3047 4258 οἴκου
3073 4204 3315 4269 δουλείας
3332 4202 3716 4274 ἐξαγαγόντος,

447 4297 687 4368 populus
718 4296 932 4367 trajecit
959 4295 1181 4367 quidem
1225 4294 1544 4358 Jordanem,
1586 4293 1727 4348 duce
1756 4294 1942 4357 Josua,
1979 4301 2037 4349 et

2141 4300 2174 4350 6'
2204 4299 2320 4369 μετ’
2354 4297 2594 4359 ἐκείνους
2613 4296 2772 4360 λαός·
2806 4296 2866 4359 ὃς
2893 4295 3214 4366 διεκομίσθη
3249 4295 3348 4366 μὲν
3385 4296 3476 4349 τὸν
3511 4296 3719 4365 Ἰορδά-

451 4387 794 4444 Ιιωι-εάἰιεινίι
819 4396 1022 4443 terram
1055 4386 1476 4458 promissionis:
1509 4386 1604 4442 sed
1652 4394 1842 4456 postea
1875 4384 2040 4440 etiam

2141 4403 2238 4456 νην
2264 4428 2278 4452 ,
2313 4387 2746 4459 στρατηγοῦντος
2795 4385 2970 4458 Ἰησοῦ
2995 4427 3010 4452 ,
3041 4386 3489 4457 κεκληρονόμηκε
3529 4385 3586 4439 δέ
3619 4389 3720 4459 τὴν

447 4481 514 4535 ad
534 4481 751 4552 judiecs
775 4481 1048 4549 pervenit,
1077 4489 1130 4534 at
1149 4480 1344 4535 incidit
1365 4485 1423 4532 et
1441 4478 1558 4547 ipse
1585 4477 1641 4532 in
1667 4478 1764 4532 Dei
1789 4477 2040 4548 indigna-

2141 4479 2246 4548 γῆν
2273 4481 2372 4550 τῆς
2397 4479 2748 4547 ἐπαγγελίας.
2797 4479 2991 4546 Γέγονε
3018 4479 3075 4532 δὲ
3120 4477 3257 4548 μετά
3301 4476 3460 4530 τοῦτο
3489 4477 3582 4530 καὶ
3611 4478 3722 4530 ὑπὸ

448 4569 675 4625 tionem.
707 4571 839 4623 Erat
867 4570 1014 4624 enim
1041 4587 1235 4626 revera
1267 4571 1483 4632 Aunan,
1514 4569 1620 4623 hoc
1644 4579 1746 4633 est,
1772 4568 2040 4640 perculsus

2141 4571 2352 4641 κριτὰς,
2388 4572 2502 4625 ἀλλ’
2533 4573 2899 4625 ύποπέπτωκε
2927 4572 3021 4624 καὶ
3048 4571 3209 4633 αὐτὸς
3238 4571 3613 4639 ἀγανακτήσει
3652 4573 3719 4639 τῇ

445 4662 622 4716 corde.
650 4661 879 4716 Deilexit
905 4663 1052 4717 enim
1079 4661 1317 4718 absurde
1351 4677 1416 4716 ac
1446 4662 1680 4732 turpiter
1709 4662 1778 4717 ad
1820 4663 2040 4733 plurali-

2141 4663 2364 4718 ἄνωθεν.
2388 4659 2497 4716 Ἦν
2516 4663 2622 4734 γάρ
2645 4663 2860 4734 ἀληθῶς
2887 4665 3092 4725 Αύνᾶν,
3118 4663 3365 4716 τουτέστι
3392 4661 3722 4730 πεπληγὼς

449 4765 615 4812 tatem
636 4756 886 4820 deorum,
931 4757 1182 4825 neglecto
1221 4772 1287 4811 eo
1315 4757 1409 4826 qui
1439 4773 1581 4810 unus
1615 4757 1938 4812 naturaliter
1977 4772 2040 4812 ac

2145 4756 2415 4824 καρδίαν.
2449 4757 2749 4826 Ἑτράπετο
2777 4757 2884 4825 γὰρ
2909 4756 3155 4818 ἐκτόπως
3181 4758 3259 4818 εἰς
3292 4753 3604 4814 πολυθεῖαν,
3627 4755 3721 4806 τὸν

447 4865 577 4904 vere
593 4857 676 4905 est
692 4850 854 4904 Deus.
882 4849 1120 4918 Ideoque
1149 4857 1206 4903 et
1232 4849 1332 4903 iste
1352 4850 1533 4918 periit,
1557 4856 1609 4904 et
1646 4849 1870 4903 servivit
1903 4849 2038 4904 alie-

449 4942 682 5012 nigenis.
721 4941 800 4996 ita
834 4941 982 4996 enim
1022 4957 1124 4996 nos
1167 4941 1328 4995 docet
1377 4942 1537 5006 liber,
1585 4942 1676 5012 qui
1715 4942 2036 4997 inscribitur

447 5033 724 5089 Iudicum.
758 5033 826 5088 Et
850 5034 921 5088 ob
955 5033 1060 5087 hoc
1088 5049 1307 5102 quoque
1335 5043 1586 5088 mortuus
1608 5043 1692 5090 est
1717 5035 1775 5089 in
1800 5035 2035 5089 orbitate

450 5121 776 5186 liberorum,
801 5124 945 5179 sicut
974 5133 1031 5178 et
1058 5125 1187 5187 ller,
1215 5134 1380 5194 atque
1407 5126 1461 5180 in
1490 5127 1722 5180 nihilum
1741 5168 1754 5191 ,
1784 5127 1890 5180 hoc
1929 5133 2032 5190 est,

453 5209 508 5264 in
534 5221 736 5266 terram
781 5215 1089 5269 seminavit.
1137 5215 1289 5272 Unde
1319 5234 1415 5288 par
1457 5226 1578 5273 erat
1627 5218 1779 5272 illum
1822 5217 2036 5271 nullum

452 5301 736 5372 percipere
802 5303 1087 5370 fructum,
1152 5316 1248 5362 aut
1310 5323 1497 5362 semen
1566 5307 1719 5362 fratri
1780 5324 1880 5362 suo
1939 5323 2036 5362 su-

452 5390 678 5449 scitare.
745 5391 1048 5449 Cunctatus
1112 5404 1196 5451 est
1274 5406 1456 5452 autem
1525 5395 1691 5451 etiam
1775 5395 2034 5459 medius,

2143 4850 2238 4901 ἕνα
2279 4850 2372 4902 καὶ
2416 4849 2575 4918 φύσει
2627 4849 2718 4902 καὶ
2764 4847 2982 4918 ἀληθῶς
3026 4845 3454 4909 καταλελοιπώς.
3503 4845 3722 4899 Οὐκοῦν

2143 4942 2236 4993 καὶ
2264 4941 2510 4994 ἀπώλετο
2538 4942 2632 4994 καὶ
2671 4939 3014 4993 δεδούλευκεν
3043 4939 3380 5007 ἀλλοφύλοις.
3413 4939 3584 4992 Ταυτὶ
3609 4939 3722 5007 γὰρ

2144 5035 2291 5103 ἡμᾶς
2329 5036 2361 5102 ἠ
2414 5033 2524 5085 τῶν
2576 5033 2925 5103 καλουμένων
2985 5031 3205 5102 Κριτῶν
3252 5031 3457 5096 ἐδίδαξε
3511 5030 3718 5100 βίϐλος.

2137 5126 2376 5196 Τέθνηκε
2404 5125 2584 5180 τοίνυν
2620 5127 2676 5178 ὲν
2707 5124 2936 5196 ἀπαιδίᾳ
2963 5125 3057 5177 καὶ
3105 5117 3260 5186 οὗτος
3285 5161 3300 5186 ,
3336 5122 3518 5184 καθὼς
3553 5123 3650 5175 καὶ
3692 5125 3722 5174 6

2143 5214 2270 5282 Ἣρ,
2300 5215 2538 5283 σπείρων
2569 5216 2650 5277 εἰς
2671 5214 2844 5278 οὐδὲν,
2878 5212 3154 5265 τουτέστιν
3185 5213 3263 5274 εἰς
3296 5211 3422 5281 γῆν.
3463 5210 3627 5263 Ὅθεν
3652 5207 3722 5280 ἦν

2137 5305 2284 5367 εἰκὸς
2311 5305 2501 5358 οὐδένα
2526 5307 2743 5366 πάντως
2766 5303 3130 5374 ἀποκερδᾶναι
3151 5301 3380 5372 καρπὸν,
3413 5300 3446 5371 ἢ
3469 5301 3560 5354 καὶ
3587 5301 3720 5352 ἁνα-

2140 5395 2332 5463 στῆσαι
2390 5393 2611 5464 σπέρμα
2661 5392 2738 5462 τῷ
2774 5391 2988 5462 ἀδελφῷ
3038 5389 3224 5445 αὐτοῦ.
3277 5389 3610 5460 Κατώκνησε
3663 5388 3719 5442 δὲ

521 5501 566 5530 ’⁸
588 5502 786 5570 Ephes.
815 5507 975 5569 v,27.
1055 5509 1272 5563 "Rom.
1316 5526 1387 5574 rv,
1431 5511 1514 5565 15.
1596 5513 1636 5543 ⁸²
1671 5513 1809 5566 Psal.
1856 5526 2040 5566 [χχιιι.

2141 5510 2183 5575 9,
2229 5510 2314 5564 ΞΟ.
2397 5511 2439 5541 ³³
2476 5512 2635 5565 Num.
2669 5528 2778 5578 xrv,
2808 5511 2898 5565 25.
