4032 6198
238 177 341 235 317

1240 172 1773 233 GLAPHYBORUM
1809 171 1879 229 ΙΝ
1916 173 2220 234 GENESIM
2258 177 2386 235 LIB.
2428 176 2515 235 Vl.

3432 170 3541 229 818

240 293 331 349 καὶ
378 293 411 347 ὁ
461 291 633 363 μέσος
670 306 731 345 τε
770 289 867 346 καὶ
908 291 985 357 ὡς
1031 293 1090 345 ἐν
1131 293 1310 365 χρόνῳ
1353 293 1609 365 δεύτερος
1657 290 1820 358 λαὸς,

1947 309 1991 350 ιο
2051 295 2225 352 veluti
2279 294 2559 352 secundus
2595 303 2842 365 tempore
2901 292 3161 365 populus,
3205 292 3369 365 199
3434 308 3535 364 per

237 384 323 440 διὰ
359 385 463 454 τῆς
494 382 637 437 κατὰ
662 383 829 455 νόμον
862 383 1166 448 ἐπιεικείας
1199 385 1320 439 ἀντὶ
1352 384 1462 439 τῶν
1495 385 1833 457 άπειθησάν-

236 491 339 528 των
369 472 568 526 ἑαυτὸν
597 471 789 545 ὥσπερ
817 473 1123 544 ἀναστῆσαι
1144 473 1285 546 Θεῷ,
1308 474 1412 529 καὶ
1436 476 1556 529 νέον
1583 475 1685 546 ήδη
1714 490 1832 538 πως

236 564 621 635 ἁνταναφῦντα
651 565 781 618 λαὸν
815 565 1082 633 ἐπιδεῖξαι
1123 567 1211 621 διὰ
1256 566 1620 638 πραγμάτων.
1662 565 1834 619 Τοῦτο

236 658 339 729 γάρ
358 659 534 721 ἐστιν,
557 653 734 728 οἶμαι,
755 657 1174 729 αἰνιγματωδῶς
1196 658 1256 711 τὸ
1277 658 1582 728 ἀναστῆσαι
1613 657 1835 728 σπέρμα

234 751 310 821 τῷ
339 749 559 822 ἀδελφῷ
590 749 780 805 αὐτοῦ.
821 752 1024 824 Ἀνῃρη
1035 751 1218 819 μένειν
1242 750 1306 822 δὴ
1332 746 1424 804 οὖν
1444 752 1562 804 τοῖν
1589 750 1734 803 δυοῖν
1758 749 1835 814 ὡς

235 845 322 898 ἐπ’
355 844 564 908 αἰτίαις
595 844 839 912 εὐλόγοις
862 845 911 913 (ὁ
935 844 1033 913 μὲν
1057 843 1167 915 γὰρ
1199 839 1267 915 ἦν
1299 844 1554 915 πονηρὸς,
1588 845 1616 895 ὁ
1643 842 1699 895 δὲ
1732 859 1834 894 πε-

231 934 466 1006 πληγὼς
489 936 764 1007 καρδίαν),
780 936 1018 1007 ἐξείργει
1035 935 1126 989 τὸν
1150 937 1332 1008 τρίτον
1351 936 1449 1006 τῆς
1473 935 1609 1007 πρὸς
1637 934 1836 1006 Θάμαρ

236 1027 484 1100 ὁμιλίας,
531 1027 721 1091 δεδιὼς
751 1026 816 1100 δὴ
870 1029 898 1081 ὁ
932 1027 1111 1100 πατὴρ
1154 1029 1229 1099 μὴ
1268 1029 1377 1098 ἄρα
1426 1045 1545 1090 πως
1575 1029 1689 1091 τοῖς
1733 1027 1834 1099 ἤδη

234 1120 517 1175 διολωλόσι
551 1120 646 1174 καὶ
679 1122 846 1185 αὐτὸς
872 1121 1311 1192 καταφθείροιτο.
1341 1120 1445 1173 Τὸν
1476 1119 1585 1190 γάρ
1611 1136 1693 1171 τοι
1719 1118 1835 1190 τρί-

237 1228 324 1266 τον
367 1214 503 1267 λαὸν
538 1214 632 1269 τὸν
679 1215 844 1268 οἱονεὶ
877 1216 971 1268 καὶ
1001 1214 1290 1280 νεώτατον,
1318 1214 1408 1267 τὸν
1442 1214 1516 1277 ὼς
1550 1215 1605 1265 ἐν
1639 1211 1838 1283 λοίσθῳ

236 1304 420 1377 καιρῷ
445 1306 559 1359 τῶν
591 1306 761 1375 ἁγίων
793 1306 1090 1378 προφητῶν
1123 1305 1269 1377 (μεθ’
1299 1298 1374 1360 ὧν
1404 1306 1498 1358 καὶ
1530 1304 1723 1374 γείτων
1752 1303 1840 1356 εὑ-

239 1397 333 1462 θῦς
352 1398 385 1450 ὁ
412 1398 704 1462 θεσπέσιος
727 1399 1064 1470 Βαπτιστὴς,
1094 1398 1186 1452 τὸν
1218 1396 1282 1468 δὴ
1311 1396 1558 1468 παρόντα
1577 1395 1840 1449 δεικνύων

236 1488 327 1543 τὸν
372 1490 436 1555 ἐξ
462 1490 722 1561 οὐρανοῦ,
757 1490 1007 1545 τουτέστι
1040 1491 1322 1565 Χριστὸν),
1363 1493 1466 1546 οὐκ
1503 1493 1673 1564 ἐφῆκε
1706 1490 1841 1555 Θεὸς

238 1581 403 1636 οἱονεί
449 1599 570 1646 πως
612 1582 895 1654 ἐνέχεσθαι
932 1585 1054 1647 ταῖς
1090 1584 1361 1651 ἀγκάλαις
1407 1584 1514 1639 τῶν
1569 1583 1840 1639 Ἰουδαίων

240 1674 611 1745 Συναγωγῆς,
649 1674 777 1729 οὕτε
833 1675 940 1748 μὴν
983 1676 1156 1730 ἐθέλει
1206 1676 1296 1731 τὸν
1343 1679 1438 1732 ἀπ’
1475 1678 1645 1750 αὐτῆς
1694 1676 1838 1748 ἔχειν

242 1769 482 1838 καρπὸν,
524 1768 601 1841 μὴ
635 1769 744 1840 ἄρα
773 1786 888 1832 πως
920 1768 1175 1823 ἀπόλοιτο
1208 1770 1302 1824 καὶ
1331 1770 1515 1835 αὐτός.
1558 1790 1577 1823 ι
1642 1771 1700 1825 ’0
1728 1769 1839 1842 γὰρ

241 1860 410 1931 νόμος
433 1862 607 1933 ὀργὴν
641 1861 1079 1934 κατεργάζεται,
1126 1881 1145 1915 ι
1181 1861 1486 1917 δικαιοῦται
1519 1861 1573 1916 δὲ
1604 1863 1662 1915 ὲν
1691 1861 1841 1932 αὐτῷ

243 1954 531 2019 παντελῶς
559 1954 758 2019 οὐδείς.
780 1954 969 2027 Ἀθρει
1003 1955 1081 2021 δὲ,
1116 1956 1263 2021 ὅπως
1290 1956 1385 2010 τοῦ
1414 1955 1628 2010 λοίσθου
1656 1974 1715 2010 τε
1746 1955 1843 2011 καὶ

243 2054 318 2111 ὡς
349 2048 413 2099 ἐν
442 2046 628 2101 πίστει
660 2046 793 2101 λαοῦ
854 2045 1169 2114 διαδείξειεν
1199 2048 1266 2103 ἂν
1299 2048 1385 2117 ἐφ’
1421 2047 1600 2120 ἐαυτῷ
1631 2048 1723 2102 τὸν
1750 2048 1845 2103 τύ·-

246 2155 344 2192 πον
370 2133 434 2194 εὖ
477 2138 627 2210 μάλα
654 2138 874 2211 Σηλώμ.
892 2139 1288 2214 Ἐρμηνεῦεται
1314 2139 1423 2212 γὰρ
1454 2140 1837 2210 ἑκσπασμὸς,

245 2228 277 2299 ἢ
305 2230 641 2297 ἀπόλυσις.
667 2231 1005 2304 Δαπανώσης
1025 2234 1136 2306 γὰρ
1166 2231 1357 2304 ὥσπερ
1384 2232 1484 2304 τῆς
1506 2233 1654 2297 θείας
1674 2232 1846 2304 ὀργῆς

164 2386 169 2395 ,
245 2323 380 2387 τοὺς
422 2322 483 2388 ἐξ
516 2325 750 2395 αἵματος
810 2325 1058 2397 Ἰσραὴλ,
1108 2324 1200 2380 διά
1250 2341 1333 2378 τοι
1370 2324 1437 2379 τά
1480 2327 1562 2390 είς
1607 2325 1846 2397 Χριστὸν

246 2415 742 2487 ὰωσιουργὴματα
792 2418 884 2472 καὶ
904 2418 963 2471 οὐ
995 2419 1239 2491 φορητὴν
1270 2418 1579 2490 παροινίαν,
1612 2419 1848 2485 ἐξεσπά-

248 2506 467 2578 σθησαν
493 2507 570 2572 ὡς
602 2508 709 2562 ἀπὸ
731 2507 894 2580 θηρὸς
923 2510 973 2563 oi
997 2511 1448 2576 πεπιστευκότες,
1482 2510 1578 2565 καὶ
1605 2512 1847 2565 ἀνεῖνται

246 2600 458 2671 τρόπον
496 2601 619 2655 τινὰ
656 2601 768 2655 τῶν
802 2604 882 2667 είς
923 2603 985 2657 τὸ
1017 2602 1343 2667 κολάζεσθαι
1376 2603 1485 2657 δεῖν
1523 2603 1849 2672 κατειληφό-

246 2706 363 2744 των
398 2690 637 2762 δεσμῶν.
685 2692 963 2746 Σέσωσται
1012 2692 1122 2766 γὰρ
1172 2693 1234 2748 τὸ
1271 2693 1657 2764 κατάλειμμα,
1705 2690 1849 2746 κατὰ

246 2779 350 2844 τὰς
378 2779 627 2852 Γραφάς.
657 2782 770 2835 Καὶ
793 2781 926 2851 γοῦν
957 2780 1061 2853 ἐφη
1095 2799 1198 2836 που
1234 2782 1367 2846 Θεὸς
1388 2781 1477 2835 διὰ
1502 2784 1688 2854 φωνῆς
1717 2798 1850 2850 προ-

249 2870 462 2939 φῆτοψ
489 2892 509 2925 ι
542 2875 640 2927 Ὃν
671 2875 872 2946 τρόπον
901 2874 1027 2927 ὅταν
1057 2875 1313 2947 ἐκσπάσῃ
1332 2876 1361 2928 ὁ
1398 2873 1602 2946 ποιμὴν
1625 2875 1689 2928 ἐκ
1723 2873 1847 2928 στό-

248 2979 433 3036 ματος
469 2962 564 3017 τοῦ
598 2963 811 3028 λέοντος
841 2964 936 3017 δύο
964 2963 1130 3035 σκέλη
1149 3004 1162 3026 ,
1194 2964 1227 3035 ἢ
1254 2963 1411 3018 λοϐὸν
1449 2964 1645 3027 ὠτίου,
1678 2962 1850 3028 οὕτως
1878 2947 1920 3002 C

247 3053 735 3124 ἐκσπασθήσονται
765 3056 815 3108 οί
850 3055 954 3109 uio).
996 3057 1234 3130 Ἰσραήλ.
1271 3075 1290 3108 ι
1339 3055 1723 3126 Ἐκσπασμὸς
1759 3051 1854 3110 οὖν

248 3145 486 3218 Σηλὼμ,
533 3144 792 3218 ταύτῃτοι
833 3147 928 3201 καὶ
958 3146 1308 3219 ὀνομάζεται.
1354 3147 1758 3220 Παραιτοῦνται
1797 3147 1856 3202 δὲ

248 3239 341 3292 ὅτι
384 3238 489 3309 τῆς
526 3238 727 3310 Θάμαρ
762 3239 863 3309 τὴν
899 3238 1136 3309 ὁμιλίαν,
1183 3239 1454 3302 τουτέστι,
1493 3238 1554 3292 τὸ
1597 3240 1655 3292 ἐν
1705 3238 1856 3310 νόμῳ

251 3330 721 3401 καρποφορεῖν,οἱ
744 3329 1192 3392 πεπιστευκότες,
1219 3328 1314 3383 καὶ
1338 3328 1734 3402 ἐξεσπασμένοι
1760 3330 1857 3400 τῆς

253 3420 379 3475 τῶν
413 3419 776 3475 άπωλολότων
815 3419 1089 3492 πληθύος,
1127 3420 1430 3493 ἀναμάθοις
1473 3421 1541 3476 ἂν
1581 3422 1853 3494 ἀμογητὶ,

255 3514 520 3584 λέγοντος
544 3513 639 3567 τοῦ
673 3513 944 3585 μακαρίου
970 3513 1185 3567 Παύλου
1219 3514 1349 3587 περὶ
1377 3514 1716 3586 αὐχημάτων
1748 3514 1858 3567 τῶν

258 3608 412 3663 κατὰ
435 3606 529 3661 τὸν
564 3607 749 3678 νόμον·
788 3626 807 3659 ι
847 3607 989 3661 Ἀλλ’
1017 3606 1072 3660 εἴ
1094 3624 1217 3660 τινα
1240 3603 1309 3679 ἦν
1343 3624 1431 3679 μοι
1462 3607 1654 3679 κέρδη.
1685 3606 1859 3661 ταῦτα

260 3703 485 3772 ἥγημαι
526 3701 618 3756 διὰ
649 3700 882 3773 Χριστὸν
915 3700 1141 3772 ζημίαν.
1194 3719 1214 3752 ι
1270 3698 1567 3771 Ἐπεθύμει
1620 3699 1857 3770 γὰρδι-

262 3793 567 3865 καιοσύνην
609 3794 711 3865 μὲν
757 3793 894 3847 ίδίαν
928 3794 1030 3846 οὐκ
1064 3792 1244 3864 ἔχειν,
1279 3791 1425 3863 φημὶ
1470 3791 1528 3844 δε
1559 3789 1623 3862 δὴ
1661 3790 1758 3862 τὴν
1798 3791 1858 3843 ἐν

263 3886 424 3958 νόμῳ
461 3886 659 3951 πάλιν,
704 3884 841 3939 ἀλλὰ
867 3884 1217 3947 δικαιοσύνην
1244 3884 1344 3956 τὴν
1382 3886 1447 3937 ὲκ
1488 3883 1725 3948 πίστεως
1760 3883 1859 3955 τῆς

264 3981 327 4034 ἐν
360 3978 587 4051 Χριστῷ
625 3978 823 4049 Ἰησοῦ.
876 3977 1183 4049 Ἀσυναφὴς
1208 3974 1303 4032 οὖν
1330 3979 1408 4057 τῇ.
1427 3975 1627 4048 Θάμαρ
1659 3974 1861 4047 Σηλὼμ

263 4075 296 4127 ὁ
339 4070 634 4136 νεώτατος.
674 4073 774 4126 Δια
804 4070 862 4124 δὲ
893 4070 1053 4124 τοῦτο
1084 4072 1232 4142 χήρα
1276 4067 1577 4141 μεμένηκε,
1618 4068 1713 4120 καὶ
1757 4083 1862 4137 μα-

266 4168 440 4238 κροὺς
473 4167 531 4218 ἐν
557 4163 733 4236 τούτῳ
760 4162 1099 4217 διατετέλεκε
1126 4160 1373 4234 χρόνους.
1401 4161 1475 4215 UO
1504 4161 1614 4231 γὰρ
1641 4161 1862 4227 ἐφέντος

1932 387 2165 460 legalem
2208 388 2470 460 pietatem
2509 403 2591 443 se.
2632 384 3041 458 quodammodo
3093 384 3363 441 suscitare
3425 382 3541 440 Deo

1934 483 1993 538 in
2041 483 2164 539 loco
2212 497 2405 538 eorum
2446 481 2539 551 qui
2582 479 2807 536 fuerunt
2856 477 3265 542 inobedientes,
3311 490 3379 532 ac
3438 488 3542 530 no-

1934 589 2062 628 vum
2127 572 2533 645 quodammodo
2592 572 2856 643 populum
2927 578 3309 625 renascentem
3371 564 3546 628 factis

1935 666 2071 738 ipsis
2091 682 2211 722 sese
2242 652 2540 720 declarare.
2563 664 2679 720 Hoc
2701 664 2873 727 enim,
2891 671 2953 717 ut
2971 661 3234 724 arbitror,
3260 659 3544 731 signiﬁcat

1935 775 2123 815 semen
2164 758 2321 814 fratri
2371 774 2473 814 suo
2502 758 2791 812 suscitare.
2831 755 3076 811 Sublatis
3108 754 3280 824 igitur
3311 752 3543 809 duobus

1937 854 2086 917 ﬁliis,
2111 853 2274 924 justis
2297 867 2428 907 sane
2452 851 2520 907 de
2545 850 2726 905 causis
2758 849 2924 921 (unus
2942 847 3089 903 enim
3120 855 3241 902 erat
3265 860 3529 916 nequam,

1936 956 1992 1002 et
2016 947 2157 1001 alter
2189 944 2358 1000 corde
2394 942 2729 1015 perculsus),
2752 941 2998 997 excludit
3035 940 3260 995 tertium
3285 954 3316 994 a
3336 938 3533 1009 conju-

1936 1037 2025 1109 gio
2053 1037 2228 1108 ipsius
2250 1036 2509 1091 Thamar.
2532 1035 2695 1090 Pater
2724 1042 2909 1089 autem
2946 1032 3160 1087 veritus
3183 1038 3286 1094 est,
3317 1045 3388 1084 ne
3418 1029 3536 1084 for-

1937 1139 1992 1186 te
2020 1131 2187 1186 etiam
2226 1122 2342 1194 hic,
2376 1128 2518 1184 sicut
2556 1127 2668 1182 duo
2700 1128 2933 1198 priores,
2961 1124 3204 1196 periret.,
3241 1123 3377 1178 Nam
3419 1131 3535 1177 ter-

1939 1221 2080 1275 tium
2143 1221 2451 1292 populum,
2500 1220 2660 1291 quasi
2714 1226 2848 1273 natu
2908 1217 3199 1272 minimum
3251 1215 3308 1270 in
3338 1216 3536 1271 ultimo

1939 1323 2190 1385 tempore
2217 1321 2532 1368 sanctorum
2569 1311 2966 1382 prophetarum
3005 1309 3239 1380 (quibus
3268 1318 3324 1365 et
3351 1307 3540 1381 proxi—

1940 1422 2065 1461 mus
2097 1404 2204 1461 fuit
2235 1405 2476 1461 Joannes
2504 1404 2767 1475 Baptista,
2800 1402 3101 1458 ostendens
3135 1401 3293 1455 illum
3331 1416 3401 1456 ex
3439 1415 3535 1456 su—

1939 1494 2148 1565 pernis,
2173 1494 2279 1550 hoc
2307 1494 2711 1559 est,Christum
2743 1494 3118 1565 praesentem),
3145 1507 3254 1547 non
3284 1490 3539 1562 permisit

1941 1588 2089 1645 Deus
2119 1587 2527 1659 quodammodo
2568 1585 2902 1657 complexari
2943 1583 3187 1639 brachiis
3239 1582 3540 1655 Synagogaa

1938 1678 2278 1743 Iudaeorum,
2303 1692 2405 1732 nec
2426 1676 2624 1740 voluit,
2650 1683 2710 1730 ut
2749 1690 2816 1729 ex
2838 1689 2902 1729 ea
2930 1673 3171 1728 fructum
3202 1673 3377 1728 ullum
3406 1687 3539 1744 per-

1940 1772 2171 1843 ciperet,
2195 1786 2268 1826 ne
2298 1769 2440 1825 forte
2467 1768 2676 1840 periret
2698 1767 2864 1823 etiam
2891 1765 3002 1820 ille.
3032 1785 3051 1817 ι
3082 1765 3195 1820 Lex
3227 1765 3376 1820 enim
3401 1764 3540 1821 iram

1940 1872 2203 1936 operatur
2232 1862 2300 1927 “,
2340 1880 2360 1914 ι
2394 1877 2578 1932 neque
2613 1876 2714 1931 per
2746 1859 2918 1930 ipsam
2950 1857 3226 1929 quispiam
3257 1855 3531 1928 iustiﬁca-

1941 1966 2054 2014 tur.
2077 1954 2216 2012 Vide
2256 1959 2442 2010 autem
2492 1968 2660 2024 quam
2704 1951 2990 2023 eleganter
3028 1949 3213 2005 Selom
3256 1948 3312 2003 in
3356 1947 3541 2017 seipse

1945 2055 2135 2122 typum
2170 2060 2283 2117 prae
2304 2060 2363 2100 se
2386 2047 2529 2099 ferat
2549 2042 2729 2099 ultimi
2759 2041 2972 2113 populi,
3001 2039 3096 2111 qui
3118 2048 3203 2095 est
3222 2053 3322 2110 per
3350 2036 3539 2092 ﬁdem.

1941 2138 2080 2196 Nam
2111 2137 2297 2195 Selom
2329 2135 2630 2208 exponitur
2666 2134 2923 2189 extractio
2965 2139 3061 2187 aut
3104 2131 3360 2185 dimissio.
3400 2128 3542 2184 Cum

1942 2231 2094 2289 enim
2147 2230 2335 2286 divina
2397 2229 2481 2284 ira
2513 2225 2671 2298 quasi
2721 2224 3159 2296 consumpsisset
3205 2238 3302 2279 eos
3331 2220 3425 2292 qui
3474 2236 3543 2278 ex

1945 2325 2213 2396 sanguine
2242 2322 2461 2381 lsraelis
2488 2322 2561 2376 ob
2593 2320 2804 2376 scelera
2832 2319 2887 2374 in
2909 2317 3193 2374 Christum
3223 2315 3546 2371 commiSSa.

1945 2428 2003 2477 et
2028 2420 2101 2476 ob
2128 2416 2534 2475 intolerandam
2564 2412 2959 2470 contumeliam
2989 2410 3093 2483 ipsi
3133 2409 3341 2464 illatam
3379 2425 3392 2461 :
3425 2416 3543 2463 tum

1947 2511 2138 2567 fideles
2162 2509 2320 2582 quasi
2342 2524 2374 2564 e
2406 2506 2664 2563 faucibus
2706 2505 2899 2560 bestiae
2926 2502 3103 2573 erepti
3134 2508 3284 2565 sunt,
3330 2500 3541 2555 libera‘

1951 2603 2104 2673 tique
2145 2599 2555 2673 quodammodo
2583 2614 2615 2654 e
2641 2597 2883 2652 vinculis
2903 2636 2916 2660 ,
2949 2596 3155 2666 quibus
3178 2592 3444 2664 puniendi
3480 2591 3549 2647 il-

1948 2692 2190 2764 laqueati
2225 2701 2405 2748 erant.
2435 2690 2668 2746 Salvatas
2693 2688 2843 2743 enim
2894 2686 3147 2756 reliquiae
3167 2725 3182 2749 ,
3235 2684 3545 2739 secundum

1952 2782 2266 2853 Seripturas
2286 2783 2351 2836 ³⁸.
2380 2780 2539 2837 Unde
2564 2787 2623 2834 et
2652 2778 2799 2833 Deus
2833 2775 3037 2831 alicubi
3072 2790 3174 2845 per
3195 2788 3385 2829 vocem
3412 2786 3544 2842 pro-

1951 2874 2134 2946 phetae
2161 2872 2238 2927 ait
2264 2888 2278 2925 :
2319 2889 2338 2923 ι
2364 2868 2652 2937 Quomodo
2674 2868 2719 2922 si
2745 2875 2935 2937 pastor
2971 2871 3132 2921 eruat
3156 2880 3225 2919 ex
3249 2879 3346 2919 ore
3369 2861 3548 2917 leonis

1952 2964 2064 3020 duo
2094 2979 2278 3028 crura,
2327 2969 2424 3016 aut
2462 2967 2772 3015 extremum
2798 2955 3095 3024 auriculae,
3125 2955 3207 3010 sic
3238 2953 3550 3023 eripiantur

1954 3058 2053 3114 ﬁlii
2080 3056 2251 3113 Israel
2280 3056 2346 3110 ³⁸.
2385 3074 2405 3109 ι
2438 3053 2624 3111 Selom
2646 3067 2780 3124 ergo
2818 3049 3034 3121 ereptio
3067 3064 3165 3104 seu
3191 3046 3410 3102 evulsio
3444 3044 3549 3099 hac

1954 3150 2024 3207 de
2051 3165 2218 3206 causa
2246 3155 2400 3203 recte
2442 3146 2785 3202 nominatur.
2822 3143 2979 3211 Quod
3005 3151 3192 3197 autem
3232 3138 3423 3193 ﬁdeles
3447 3135 3550 3193 deo

1952 3244 2131 3300 vitent
2153 3239 2615 3299 consuetudinem
2639 3238 2899 3302 Thamar,
2947 3234 3056 3290 hoc
3082 3242 3188 3298 est,
3215 3229 3552 3287 fructiﬁcare

1955 3335 2014 3392 in
2056 3336 2198 3407 lege,
2225 3332 2486 3405 quodque
2519 3329 2761 3401 exempti
2801 3328 2915 3384 sint
2939 3342 3007 3382 ex
3035 3325 3199 3380 turba
3227 3335 3422 3378 eorum
3455 3319 3552 3392 qui

1954 3427 2266 3501 perierunt,
2303 3424 2464 3480 facile
2510 3439 2578 3479 ex
2614 3422 2780 3478 beato
2810 3419 2984 3477 Paulo
3012 3415 3298 3481 didiceris,
3340 3412 3436 3485 qui
3482 3410 3554 3467 de

1953 3519 2092 3593 legis
2116 3515 2542 3591 gloriationibus
2570 3514 2646 3570 ita
2670 3512 2841 3570 dicit:
2881 3530 2898 3562 ι
2940 3509 3050 3567 Sed
3079 3524 3202 3580 qua:
3230 3515 3391 3563 erant
3414 3502 3555 3560 mihi

1955 3614 2133 3678 lucra,
2149 3627 2214 3667 ea
2233 3608 2544 3666 existimavi
2556 3614 2784 3678 propter
2796 3603 3078 3661 Christum
3094 3601 3296 3657 damna
3313 3599 3379 3652 ³⁷.
3393 3616 3411 3647 ι
3433 3596 3555 3653 Non

1957 3702 2108 3757 enim
2164 3698 2425 3770 cupiebat
2455 3696 2727 3769 justitiam
2761 3694 3045 3767 propriam
3087 3690 3332 3752 habere,
3374 3685 3550 3748 illam,

1963 3791 2208 3861 inquam,
2252 3802 2476 3844 rursum
2519 3801 2642 3856 quae
2661 3793 2747 3840 est
2772 3784 2829 3838 in
2873 3784 3012 3852 lege,
3060 3776 3159 3833 sed
3189 3774 3461 3848 justitiam
3486 3787 3555 3827 ex

1961 3883 2067 3938 ﬁde
2089 3898 2211 3954 quae
2239 3889 2326 3936 est
2353 3880 2412 3935 in
2436 3877 2662 3934 Christo
2692 3875 2845 3930 Jesu.
2871 3873 3057 3928 Selom
3092 3869 3261 3940 igitur
3290 3865 3558 3921 minimus

1959 3984 2094 4032 natu
2126 3973 2365 4029 Thamar
2401 3967 2650 4041 copulari
2686 3982 2802 4021 non
2853 3972 3058 4038 potest,
3108 3961 3348 4031 ideoque
3387 3956 3556 4012 vidua

1959 4065 2285 4141 permansit,
2308 4072 2365 4119 et
2390 4061 2614 4134 quidem
2633 4061 2799 4131 longo
2832 4069 3103 4129 tempore.
3128 4054 3266 4110 Nam
3293 4067 3405 4108 non
3425 4065 3556 4122 per-

1961 4160 2217 4216 mittente
2250 4157 2362 4212 Deo
2406 4152 2740 4211 fructiﬁcare
2771 4150 3010 4223 amplius
3038 4148 3355 4206 Judzeorum
3385 4143 3557 4216 Syna-

266 4257 408 4313 Θεοῦ
430 4259 801 4329 καρποφορεῖν
824 4255 905 4310 ἑτι
924 4254 1023 4326 τὴν
1056 4254 1323 4309 Ἰουδαίων
1349 4251 1699 4323 Συναγωγὴν,
1716 4252 1848 4323 χήρα

1962 4268 2175 4327 gogam,
2199 4249 2373 4307 veluti
2417 4248 2588 4304 vidua
2618 4245 2868 4318 quzedam
2907 4251 2966 4300 et
3016 4244 3212 4298 orbata
3256 4238 3472 4304 liberis,
3499 4245 3557 4293 et

267 4363 354 4410 τις
377 4345 572 4419 ὥσπερ
611 4346 707 4399 καὶ
744 4343 1102 4417 ὴτεκνωμένη
1148 4345 1242 4399 καὶ
1278 4344 1474 4416 ἀνδρὸς
1524 4344 1728 4415 ἐρήμη,
1760 4340 1848 4395 τοῦ

1963 4334 2185 4403 deserta
2235 4357 2266 4397 a
2312 4340 2434 4396 viro
2475 4337 2751 4410 Spirituali
2781 4350 2985 4407 sponso
3024 4334 3296 4404 appellata
3336 4338 3454 4394 est,
3492 4342 3558 4384 ac

270 4436 469 4508 νοητοῦ
494 4436 748 4508 νυμφίου,
776 4454 948 4509 κεχρη
958 4436 1154 4508 μάτικέ
1175 4453 1235 4489 τε
1260 4435 1351 4489 καὶ
1370 4435 1592 4506 γέγονεν
1619 4432 1856 4507 ἀληθῶς.

276 4528 424 4599 Ἔφη
469 4528 577 4599 γάρ
627 4546 731 4582 που
768 4529 1028 4601 Χριστὸς,
1059 4529 1142 4583 ὃτι
1190 4546 1211 4579 ι
1250 4527 1400 4599 Αὕτη
1432 4528 1493 4582 οὐ
1537 4528 1672 4600 γυνή
1719 4545 1856 4598 μου,

1965 4451 2097 4493 vere
2142 4433 2267 4488 fuit.
2302 4430 2467 4502 200
2505 4429 2649 4484 Dixit
2672 4426 2821 4483 enim
2861 4423 2993 4479 alibi
3030 4421 3287 4478 Christus
3320 4436 3333 4473 :
3369 4438 3387 4470 ι
3415 4417 3556 4484 Quia

1966 4527 2088 4599 ipsa
2120 4540 2232 4580 non
2269 4530 2356 4578 est
2395 4537 2535 4577 uxor
2562 4534 2686 4575 mea
2709 4559 2724 4585 ,
2778 4532 2960 4588 neque
3009 4530 3112 4587 ego
3155 4512 3243 4568 vir
3289 4507 3496 4584 ejus".
3530 4528 3548 4560 ι

274 4619 432 4680 κάγὼ
458 4620 559 4672 οὐκ
588 4619 730 4690 ἀνὴρ
771 4619 966 4690 αὐτῆς.
996 4615 1122 4691 Ἆρ’
1153 4614 1249 4673 οὖν
1283 4619 1457 4683 οὐδεὶς
1493 4618 1555 4672 τὸ
1599 4619 1848 4690 παράπακ

1967 4618 2129 4675 Nulla
2157 4631 2290 4689 ergo
2340 4610 2632 4686 postmodo
2678 4610 2798 4683 ejus
2826 4608 2968 4665 ratio
3005 4606 3198 4662 habita
3226 4612 3331 4671 est,
3358 4611 3414 4659 et
3457 4602 3557 4660 Dei

275 4711 451 4781 αὐτῆς
479 4711 618 4781 μετὰ
640 4710 801 4765 τοῦτο
824 4712 1013 4781 γέγονε
1040 4711 1228 4781 ).ὁγος;
1255 4713 1316 4766 οὐ
1339 4710 1619 4784 φροντίδος
1639 4710 1845 4781 igitur:

1966 4694 2100 4767 cura
2136 4709 2362 4781 indigna
2390 4705 2589 4762 cﬁ‘eeta
2614 4703 2732 4759 est?
2753 4702 3109 4772 Nequaquam
3146 4698 3201 4754 id
3235 4695 3555 4769 suspiceris.

274 4803 377 4872 τῆς
401 4804 557 4874 παρὰ
582 4803 716 4857 Θεοῦ
736 4805 873 4879 ,Μὴ
898 4803 1057 4857 τοῦτο
1080 4804 1379 4876 ὑπολάϐῃς.
1412 4804 1605 4858 Καίτοι
1635 4804 1743 4876 γὰρ
1777 4804 1848 4858 ἐπ

1968 4803 2211 4884 Tpmetsi
2265 4800 2414 4856 enim
2466 4804 2727 4855 extrema:
2772 4792 3074 4864 impietatis
3128 4791 3388 4845 damnata
3427 4795 3555 4848 est,

274 4897 399 4957 ταῖς
442 4895 670 4949 ἁπασῶν
715 4896 970 4966 ἐσχάταις
1010 4896 1349 4962 δυσσεϐείαις
1388 4899 1847 4971 κατεγνωσμένην

1966 4879 2330 4952 nihilominus
2396 4892 2543 4944 Deus
2585 4887 2657 4942 ob
2718 4887 2963 4941 innatam
2996 4884 3100 4953 ipsi
3160 4879 3558 4949 benignitatem

276 4986 345 5039 δι’
377 4985 619 5059 ἔμφυτον
638 4986 956 5058 ἡμερότητα
1007 4987 1330 5059 κατελεήσει
1371 4986 1504 5051 Θεὸς
1535 4988 1593 5041 ἐν
1623 4988 1848 5058 ἐσχάτοι.

1969 4986 2325 5043 miserebitur
2350 4983 2472 5053 ejus
2499 4994 2722 5035 rursum
2758 4978 2815 5031 in
2842 4973 3160 5031 novissimis
3206 4971 3390 5027 saeculi
3415 4980 3557 5024 tem-

277 5076 373 5131 τοῦ
412 5079 612 5143 αἰῶνος
650 5082 896 5150 καιροῖς’
931 5081 1349 5153 καρποφορήσει
1386 5081 1443 5134 δὲ
1487 5081 1583 5134 καὶ
1626 5081 1764 5151 αὑτὴ
1797 5079 1848 5133 τέ

1965 5077 2214 5148 poribus.
2241 5073 2381 5127 Tum
2405 5080 2462 5128 et
2498 5072 2614 5142 ipsa
2657 5065 3016 5125 fructiﬁeabit
3053 5062 3261 5120 Christi
3280 5060 3555 5116 notitiam.

278 5171 520 5242 Χριστοῦ
549 5171 927 5244 γνωρίσματα.
968 5174 1213 5227 Κατὸπιν
1244 5173 1300 5226 δὲ
1340 5174 1423 5227 ὅτι
1462 5172 1725 5243 βαδιεῖται
1761 5171 1848 5225 τῶε

1967 5166 2124 5234 Quod
2153 5172 2336 5218 autem
2358 5172 2549 5233 gentes
2570 5178 2601 5216 a
2630 5169 2785 5231 tergo
2802 5165 3061 5214 secutura
3093 5155 3188 5220 sit,
3222 5170 3323 5226 per
3346 5169 3412 5210 ea
3440 5152 3559 5225 ipsa

281 5265 474 5332 ἐθνῶν,
507 5266 577 5319 δι’
617 5266 799 5321 αὐτῶν
839 5267 993 5321 οὐδὲν
1021 5262 1183 5340 ἦττον
1222 5266 1329 5322 τῶν
1368 5267 1772 5339 γεγραμμένων
1792 5267 1841 5319 εί

1969 5272 2093 5330 quae
2147 5255 2239 5310 hic
2294 5253 2500 5324 scripta
2555 5261 2713 5317 sunt,
2761 5248 3125 5304 nihilominus
3158 5246 3554 5319 intelligemus.

282 5358 511 5429 σόμεθα.
554 5358 932 5430 Ἀναὸεὸηκὼς
953 5360 1062 5434 γὰρ
1102 5362 1302 5426 Ἰούδας
1328 5364 1513 5432 κεῖραι
1536 5363 1603 5416 τά
1626 5359 1848 5431 πρόϐατ‹

1970 5352 2107 5409 Nam
2164 5363 2289 5404 cum
2324 5347 2493 5403 ludas
2524 5344 2901 5402 descendisset
2935 5350 3201 5398 tonsurus
3227 5355 3360 5395 oves
3392 5354 3555 5404 suas,

1971 5443 2154 5499 obiter
2200 5456 2325 5496 cum
2368 5439 2484 5510 ipsa
2515 5445 2571 5492 et
2601 5436 2758 5508 quasi
2794 5436 2852 5491 in
2877 5444 3196 5491 transcursu
3229 5431 3560 5488 commisce-

2261 5557 2303 5588 ³⁸
2332 5554 2595 5622 Amosm,
2637 5553 2717 5609 l2.
2796 5556 2840 5589 ³⁷
2863 5553 3062 5625 Philip.
3089 5569 3169 5607 ιιι.
3198 5551 3251 5606 7.
3328 5547 3373 5583 ³⁸
3420 5549 3563 5605 Osee

280 5448 471 5507 αὐτοῦ.
486 5450 610 5504 ὁδοῦ
628 5453 907 5526 πάρεργον
924 5453 1023 5525 τὴν
1040 5454 1175 5525 πρὸς
1195 5454 1363 5523 αὐτὴν
1381 5456 1615 5507 ἐποιεῖτο
1638 5451 1870 5505 σύνοδον·

293 5652 328 5693 u
352 5564 413 5689 δὲ
450 5567 613 5633 [ιριηἱ
667 5585 739 5635 ιγ,
770 5568 854 5623 15.
936 5569 980 5599 ³⁸
1004 5566 1184 5623 ludio.
1214 5584 1271 5639 τ’,
1298 5567 1399 5633 ίὸς
1430 5568 1532 5621 lsa.
1568 5584 1621 5631 κ,
1648 5567 1750 5631 ‘22;
1783 5567 1848 5620 Β(

1981 5578 2053 5626 ιτ,
2078 5560 2165 5613 27.
