4004 6204
468 150 577 210 3ῐῦ

1495 138 1552 194 S.
1592 135 1870 211 CYRILLI
1908 131 2379 190 ALEXANDRINI
2417 129 2740 187 ARCHIEP.

3629 136 3735 193 320

471 277 600 322 tur:
633 262 892 319 baculum
917 266 1125 319 autem.
1166 263 1224 312 et
1259 255 1550 318 annulum,
1603 264 1661 309 et
1693 253 1898 308 monile
1929 265 2051 306 eam

2155 249 2351 321 ῥάϐδον
2368 249 2447 316 δὲ,
2473 249 2568 302 καὶ
2585 247 2889 313 δακτύλιον,
2912 247 3003 301 καὶ
3033 245 3294 318 ὁρμίσκον
3319 245 3488 319 αὐτὴν
3518 247 3734 320 ἔφίησιν

469 358 596 413 sivit
657 355 895 420 habere,
940 351 1156 407 haedum
1206 348 1373 404 etiam
1423 345 1708 418 proprium
1753 344 2052 398 missurum

471 449 816 521 promittens.
842 446 1127 515 Propriam
1158 442 1308 498 enim
1338 449 1501 510 atque
1538 438 1772 492 maxime
1801 449 2055 490 necessa-

473 541 607 595 riam
644 553 832 594 curam
869 551 1065 607 gerens
1090 533 1341 588 Christus
1363 529 1668 600 accipiendi
1693 528 1905 582 fructus
1937 526 2053 596 spi-

471 630 688 685 ritualis
725 627 923 698 gregis,
953 625 1218 690 ﬁdelium,
1252 625 1496 693 inquam,
1521 629 1576 676 et
1591 618 2053 675 sanctificatorum

469 722 528 776 in
569 719 800 789 spiritu,
834 716 1269 786 perfunctoriam
1298 713 1591 785 quamdam
1620 728 1802 782 neque
1828 709 2054 765 omnino

470 811 804 867 elaboratam
829 808 1068 863 initurus
1096 815 1180 863 est
1206 823 1330 862 cum
1355 807 1636 877 Synagoga
1659 804 1974 859 Judmorum
1997 803 2053 857 in

471 902 666 973 spiritu
695 901 1040 967 societatem;
1069 908 1439 970 praegnantem
1464 913 1596 952 vero
1623 895 2050 966 quodammodo,

469 1000 526 1047 et
555 993 890 1046 fructuosam
945 1006 1100 1045 suam
1144 989 1471 1060 sapientiam
1515 996 1599 1042 est
1646 987 2048 1041 declaraturus.

469 1083 768 1137 Exhibebit
797 1091 980 1136 autem
1024 1082 1075 1135 ei
1124 1081 1389 1150 seipsum,
1416 1079 1587 1134 veluti
1616 1088 1671 1134 et
1702 1078 1864 1132 nobis
1895 1077 2050 1147 ipsis,

471 1182 732 1242 tanquam
766 1173 975 1242 virgam
1004 1171 1246 1237 virtutis,
1280 1179 1342 1224 ut
1371 1170 1663 1239 imaginem
1702 1177 1759 1223 et
1788 1165 2051 1222 similitu-

469 1267 655 1321 dinem
689 1265 787 1320 Dei
825 1280 888 1319 ac
929 1264 1108 1318 Patris
1147 1261 1166 1334 (
1195 1262 1250 1317 id
1279 1263 1429 1318 enim
1470 1261 1810 1333 signiﬁcatur
1835 1275 1934 1330 per
1956 1274 2054 1313 an-

467 1356 707 1423 nulum),
744 1357 875 1410 item
919 1362 980 1408 ut
1019 1353 1319 1408 formosum
1367 1352 1503 1407 facie
1535 1367 1647 1422 prae
1707 1351 1833 1405 ﬁliis
1870 1349 2053 1404 homi-

465 1465 599 1504 num
620 1447 706 1502 ‘3'.
733 1448 848 1502 Hoc
867 1447 1016 1502 enim
1044 1447 1287 1501 arbitror
1307 1444 1616 1516 signiﬁcare
1635 1442 1858 1497 monile.
1877 1441 2051 1496 Omne

466 1542 615 1597 enim
647 1547 927 1610 gestamen
955 1538 1102 1608 quod
1136 1537 1266 1592 facit
1296 1537 1363 1591 ad
1403 1543 1678 1602 ornatum,
1713 1533 1926 1589 censeri
1950 1532 2050 1587 de-

465 1632 560 1686 bet
589 1632 806 1702 signum
840 1629 1290 1700 pulchritudinis.
1336 1628 1500 1682 Mittit
1542 1635 1726 1682 autem
1774 1625 1855 1679 illi
1881 1625 2048 1679 etiam

466 1723 706 1789 haedum,
731 1723 837 1776 hoc
861 1729 965 1785 est,
1000 1729 1352 1790 peccatorum
1381 1719 1762 1775 remissionem
1792 1717 2048 1788 largitur.

467 1814 666 1869 Hmdus
711 1813 860 1868 enim
908 1811 1214 1867 secundum
1245 1811 1422 1881 legem
1458 1827 1559 1881 pro
1590 1817 1816 1880 peccato
1845 1815 2053 1862 macta-

465 1905 649 1968 batur,
680 1915 738 1958 et
766 1904 1098 1958 delictorum
1131 1904 1514 1959 remissionem
1541 1901 1854 1954 adumbrat.
1879 1898 2054 1954 Czete-

466 2014 588 2052 rum
615 1996 853 2050 Thamar
870 2011 980 2050 non
1010 1995 1306 2060 occiditur,
1334 1994 1439 2048 etsi
1467 1995 1578 2064 jam
1611 1991 1885 2048 sententia
1907 1989 2055 2045 mor-

465 2090 537 2143 tis
561 2090 667 2143 lata
702 2089 890 2152 fuerit,
917 2094 972 2142 et
996 2097 1304 2143 extremum
1335 2086 1664 2156 supplicium
1694 2085 1750 2138 in
1777 2098 1897 2139 eam
1925 2099 2056 2138 con-

465 2182 719 2236 stitutum
749 2181 1009 2253 (Thamar
1045 2181 1195 2235 enim
1228 2181 1378 2235 velut
1410 2180 1658 2235 adultera
1687 2179 2052 2234 condemnata

465 2272 628 2343 erat).
679 2272 931 2328 Salvatur
964 2280 1148 2327 autem
1197 2281 1418 2328 ostenso
1475 2273 1707 2340 baculo,
1743 2272 1948 2327 annulo
1997 2280 2054 2328 et

466 2363 678 2427 monili,
727 2363 1089 2432 confessaque
1122 2371 1207 2417 est
1230 2363 1466 2434 ingenue
1496 2371 1553 2418 et
1591 2364 1788 2429 libere,
1812 2364 1958 2434 quod
1985 2380 2054 2420 ex

465 2456 605 2530 Juda
634 2455 706 2510 sit
739 2455 984 2526 gravida,
1037 2464 1202 2524 atque
1236 2454 1408 2524 ipsius
1441 2453 1683 2509 fructum
1717 2461 1914 2526 gestet.
1941 2453 2051 2509 Sed

465 2558 522 2604 et
554 2548 806 2604 Christus
836 2563 936 2602 suo
962 2554 1211 2616 tempore
1240 2546 1500 2603 liberabit
1527 2545 1844 2601 Iudaeorum
1875 2544 2054 2618 Syna-

466 2655 698 2711 gogam,
749 2639 1047 2709 quominus
1091 2637 1374 2706 puniatur,
1423 2635 1704 2692 societatis
1748 2651 1876 2691 cum
1932 2636 2053 2706 ipso

468 2736 617 2791 initae
672 2735 918 2807 symbola
971 2750 1085 2805 prie
1114 2750 1172 2789 se
1219 2733 1510 2799 ferentem,
1559 2733 2054 2804 ostendentemque

467 2823 755 2880 manifeste
782 2824 928 2894 quod
952 2839 1018 2879 ex
1043 2824 1163 2893 ipso
1188 2823 1506 2894 conceperit
1530 2865 1544 2887 ,
1575 2831 1631 2879 et
1654 2840 1940 2896 praegnans
1969 2823 2052 2878 ef-

466 2913 610 2968 fecta
635 2913 723 2968 sit.
743 2913 821 2968 Ita
847 2913 993 2968 enim
1024 2912 1227 2967 alicubi
1257 2914 1426 2968 etiam
1464 2912 1501 2966 ii
1523 2912 1734 2977 dicunt,
1769 2914 1863 2982 qui
1889 2912 2052 2966 fidem

467 3005 524 3059 in
589 3004 873 3061 Christum
937 3004 1173 3074 amplexi
1221 3014 1402 3058 sunt:
1446 3022 1464 3053 ‹
1509 3004 1742 3072 Propter
1793 3005 2052 3058 timorem

469 3099 646 3156 tuum,
673 3092 902 3147 Domine
926 3133 940 3157 ,
975 3091 1032 3144 in
1085 3099 1242 3146 utero
1276 3091 1652 3160 concepimus,
1679 3099 1735 3146 et
1757 3093 2054 3161 parturivi-

468 3198 612 3244 mus,
639 3191 695 3236 et
724 3182 1042 3251 peperimus
1073 3182 1331 3252 spiritum
1361 3182 1555 3236 salutis
1598 3193 1725 3248 tuae,
1762 3199 1926 3253 quem
1955 3201 2050 3256 ge-

466 3275 692 3330 nuimus
739 3290 908 3344 super
946 3281 1152 3329 terram
1181 3275 1246 3327 3’.
1287 3293 1304 3325 ι
1348 3273 1590 3328 Thamar
1624 3284 1809 3330 autem
1837 3293 1962 3332 cum
1995 3285 2053 3333 et

469 3367 582 3436 ipsa
613 3382 712 3436 par
746 3365 1016 3420 infantum
1034 3366 1188 3435 201
1213 3366 1537 3435 parturiret,
1563 3369 1779 3438 peperit
1806 3369 2048 3424 tandem.

466 3459 672 3512 Deinde
698 3457 1098 3528 primogenitus
1124 3458 1346 3526 quidem
1371 3457 1575 3513 emittit
1599 3474 1842 3522 manum,
1867 3459 1961 3514 sed
1984 3475 2052 3515 eo

466 3548 535 3602 ad
573 3563 630 3602 se
653 3546 900 3601 eamdem
931 3545 1247 3601 retrahente
1277 3545 1515 3617 (tametsi
1532 3546 1646 3616 jam
1673 3548 1900 3602 coccino
1931 3555 2052 3604 erat

466 3635 678 3708 ligata),
707 3636 921 3706 prosilit
959 3635 1255 3700 secundus,
1281 3636 1453 3690 veluti
1503 3651 1632 3707 sepe
1656 3636 1892 3706 quadam
1922 3653 2050 3706 per-

465 3729 658 3793 fracta,
691 3737 855 3800 atque
899 3729 972 3783 ita
1005 3729 1162 3799 prius
1203 3728 1490 3799 egreditur
1532 3729 1829 3799 posterior.
1864 3730 2052 3786 Potest

466 3828 648 3874 autem
680 3819 846 3874 etiam
865 3819 970 3874 hoc
995 3820 1155 3874 nobis
1175 3818 1321 3874 haud
1349 3819 1647 3876 obscurum
1671 3821 1888 3892 signum
1903 3837 2048 3889 esse,

466 3907 614 3977 quod
646 3916 838 3978 gentes
864 3907 1018 3978 prius
1051 3917 1258 3963 vocatae
1301 3909 1445 3974 sint,
1494 3927 1660 3981 quam
1693 3911 1786 3982 qui
1815 3927 1883 3967 ex
1922 3927 2050 3967 san-

465 3999 632 4067 guine
661 3999 830 4053 lsrael
864 4017 877 4052 :
912 4007 968 4053 et
1004 4000 1324 4069 dignitatem
1372 4003 1820 4074 primogenitum
1853 4019 2051 4060 conse-

469 4089 651 4142 cuturi
677 4090 787 4144 sint
802 4090 895 4158 qui
929 4090 984 4144 in
1003 4091 1213 4146 ultimis
1237 4095 1580 4161 temporibus
1612 4097 1905 4167 eligentur.
1939 4098 2050 4152 F-u-

471 4187 656 4232 turum
688 4186 772 4232 est
795 4189 980 4232 autem
1019 4181 1210 4248 procul
1233 4181 1424 4246 dubio,
1452 4192 1512 4237 ut
1538 4185 1703 4240 etiam
1742 4185 1859 4255 ipse
1880 4187 2049 4242 Israel

2158 341 2332 412 ἔχειν,
2372 339 2720 394 ἀποστέλλειν
2760 340 2853 392 καὶ
2874 338 3060 410 ἔριφον
3089 339 3540 411 ὑπισχνούμενος.
3581 342 3734 396 Ἰδίαν

2154 435 2263 505 γὰρ
2299 432 2491 504 ὥσπερ
2527 431 2622 486 καὶ
2665 431 3103 502 ἀναγκαιοτάτην
3133 431 3272 502 ἔχων
3313 432 3569 503 φροντίδα
3600 434 3643 485 Χ
3655 450 3734 502 ριο

2156 524 2278 588 στδς
2334 523 2396 577 τὸ
2419 523 2666 594 δέχεσθαι
2695 523 2822 587 τοὺς
2851 522 3098 594 καρποὺς
3129 522 3229 590 τῆς
3263 523 3484 592 λογικῆς
3513 524 3732 593 ἀγέλης,

2154 616 2308 688 δῆλον
2346 615 2402 669 δὲ
2433 615 2514 668 ὅτι
2551 612 2660 668 τῶν
2697 614 3139 667 πεπιστευκότων
3172 615 3264 666 καὶ
3295 614 3644 687 ὴγιασμένων
3679 617 3734 667 ἐν

2156 706 2449 778 πνεύματι,
2502 705 2803 776 παροδικὴν
2849 703 3036 776 ὥσπερ
3069 707 3188 759 τινα
3225 706 3320 759 καὶ
3358 707 3478 776 οὐχὶ
3521 707 3735 771 πάντως

2155 799 2598 870 ἐσπουδασμένην
2663 799 2947 870 ποιήσεται
2991 797 3135 851 κατὰ
3178 800 3405 870 καιροὺς
3452 799 3549 870 τὴν
3599 800 3734 866 πρὸς

2153 892 2252 964 τὴν
2273 891 2382 945 τῶν
2415 890 2683 944 Ἰουδαίων
2706 889 3033 960 Συναγωγὴν
3057 891 3114 943 ὲν
3138 892 3408 960 πνεύματι
3430 893 3732 946 κοινωνίαν

2153 982 2430 1053 ἔγκαρπον
2463 981 2519 1034 δὲ
2549 981 2738 1051 ὥσπερ
2768 982 3056 1050 ἀποφανεῖ,
3073 980 3169 1052 τὴν
3198 984 3324 1052 παρ’
3348 982 3511 1036 αὑτοῦ
3546 985 3734 1052 σοφίαν

2154 1071 2860 1143 ὠδίνουσαν.[1αραθήσεται
2886 1071 2942 1123 δὲ
2966 1069 3154 1142 ὥσπερ
3177 1073 3367 1126 ἑαυτὸν
3391 1074 3548 1145 αὐτῇ,
3571 1076 3737 1130 καθά-

2153 1181 2260 1236 περ
2289 1165 2382 1218 καὶ
2413 1166 2547 1235 ἡμῖν
2577 1163 2780 1228 αὐτοῖς,
2808 1163 2884 1227 ὡς
2907 1163 3100 1235 ῥάϐδον
3123 1164 3425 1230 δυνάμεως,
3450 1166 3526 1230 ὡς
3554 1167 3737 1220 εἰκόνα

2154 1257 2249 1311 καὶ
2288 1256 2548 1328 ὁμοίωσιν
2589 1254 2682 1308 τοῦ
2709 1253 2844 1308 Θεοῦ
2869 1255 2965 1309 καὶ
2996 1255 3206 1327 [ἰατρὸς
3248 1255 3428 1326 (τοῦτο
3453 1256 3560 1328 γὰρ
3587 1260 3615 1311 6
3641 1258 3736 1312 δα-

2154 1347 2412 1420 κτύλιος),
2441 1349 2518 1411 ὡς
2544 1347 2744 1419 ὡραῖον
2778 1347 2963 1401 κάλλει
2989 1348 3140 1418 παρὰ
3162 1348 3288 1413 τοὺς
3321 1349 3470 1413 υἱοὺς
3501 1349 3608 1402 τῶν
3641 1350 3736 1404 ἀν-

2154 1439 2408 1513 θρώπων.
2435 1439 2598 1493 Τουτὶ
2618 1439 2724 1512 γὰρ
2745 1436 2897 1511 οἶμαι
2917 1439 3111 1511 δηλοῦν
3127 1441 3216 1494 τὸν
3233 1443 3516 1510 ὁρμίσκον.
3539 1441 3738 1508 Σκεῦος

2155 1535 2263 1605 γὰρ
2295 1534 2440 1588 ἆπαν
2466 1534 2527 1586 τὸ
2557 1532 2742 1586 τελοῦν
2777 1535 2856 1596 εἰς
2885 1532 3169 1604 κόσμημα,
3203 1532 3432 1596 κάλλους
3468 1532 3534 1587 ἂν
3567 1537 3742 1587 νοοῖτο

2157 1627 2402 1696 σημεῖον.
2452 1622 2796 1678 Ἀποστέλλει
2828 1623 2886 1677 δὲ
2919 1623 3056 1694 αὐτῇ
3083 1623 3175 1676 καὶ
3207 1623 3296 1675 τὸν
3327 1624 3542 1694 ἔριφον,
3581 1643 3740 1679 τουτ-

2153 1713 2270 1768 έστι
2293 1754 2306 1780 ,
2339 1714 2449 1767 τῶν
2487 1713 2896 1785 ἡμαρτημένων
2926 1716 3194 1786 χαριεῖται
3217 1713 3314 1786 τὴν
3335 1715 3547 1784 ἄφεσιν.
3581 1717 3741 1787 Ἐρι-

2155 1824 2253 1878 φος
2285 1807 2394 1878 γάρ
2424 1807 2566 1862 κατὰ
2602 1807 2764 1879 νόμον
2804 1807 2944 1878 ὑπὲρ
2989 1807 3267 1878 ἁμαρτίας
3303 1808 3597 1876 ἐσφάζετο,
3644 1809 3743 1861 καὶ

2155 1899 2645 1971 πλημμελημάτων
2689 1899 2882 1970 ἄφεσιν
2920 1899 3314 1952 ὑπαινίττεται.
3348 1899 3586 1964 Σώζεται
3618 1899 3673 1953 δὲ
3705 1903 3742 1972 ἡ

2154 1990 2376 2062 Θάμαρ,
2410 1992 2589 2045 καίτοι
2617 1990 2795 2062 ψῆφον
2835 1990 3076 2045 λαϐοῦσα
3105 1991 3370 2054 θανάτου,
3401 1992 3500 2046 καὶ
3529 1995 3744 2056 ποιναῖς

2152 2082 2274 2143 ταῖς
2309 2080 2565 2150 ἐσχάταις
2607 2078 3018 2151 ὑπενηνεγμένη
3053 2079 3260 2135 λοιπόν.
3306 2081 3746 2137 Καταδεδίκαστο

2152 2171 2261 2244 γὰρ
2293 2173 2326 2242 ἡ
2371 2171 2570 2242 Θάμαρ
2598 2170 2675 2234 ὡς
2713 2171 3148 2244 πεπορνευμένη.
3194 2171 3432 2236 Σώζεται
3472 2174 3528 2227 δὲ
3566 2175 3742 2244 ὅμως·

2155 2263 2403 2330 ὑπέδειξε
2438 2263 2546 2334 γὰρ
2575 2263 2675 2333 τὴν
2707 2263 2937 2333 ῥάϐδον,
2974 2263 3065 2318 τὸν
3094 2263 3377 2318 δακτύλιόν
3415 2282 3475 2318 τε
3522 2266 3616 2318 καὶ
3649 2265 3746 2318 τὸν

2154 2355 2440 2427 ὁρμίσκον.
2476 2353 2859 2425 Διωμολόγηκέ
2885 2373 2950 2409 τε
2990 2356 3177 2424 σαφῶς
3217 2355 3292 2419 ὡς
3329 2355 3746 2426 κεκυοφόρηκεν

2153 2447 2214 2512 ὲξ
2253 2446 2460 2509 Ἰούδα,
2500 2445 2597 2499 καὶ
2633 2445 2725 2498 τὸν
2767 2445 2932 2500 αὐτοῦ
2979 2445 3191 2516 καρπὸν
3229 2445 3364 2516 ἔχοι.
3415 2444 3745 2510 ’Λπαλλάξει

2153 2541 2209 2595 δὲ
2238 2541 2332 2594 καὶ
2361 2540 2531 2611 αὐτὴν
2557 2539 2652 2592 τοῦ
2683 2539 3007 2603 κολάζεσθαι
3035 2539 3145 2593 δεῖν
3177 2539 3276 2611 τὴν
3315 2539 3424 2594 τῶν
3455 2540 3744 2598 ,Ἰουδαίων

2156 2633 2488 2705 Συναγωγὴν
2514 2633 2656 2688 κατὰ
2685 2635 2911 2706 καιροὺς
2937 2636 2966 2688 6
2996 2633 3255 2705 Χριστός,
3283 2634 3382 2705 τῆς
3410 2635 3545 2706 πρὸς
3572 2633 3746 2688 αὑτὸν

2156 2726 2444 2789 κοινωνίας
2473 2725 2542 2780 τὰ
2581 2725 2825 2798 σύμϐολα
2867 2726 3162 2796 φέρουσαν,
3209 2725 3302 2780 καὶ
3343 2727 3424 2779 ὃτι
3474 2725 3748 2794 κεκυοφό-

2160 2835 2293 2889 ρηκε
2323 2817 2394 2870 τά
2429 2815 2594 2871 αὑτοῦ
2625 2817 2974 2871 δεικνύουσαν
3005 2817 3272 2887 ἐναργῶς.
3313 2815 3468 2871 Οὕτω
3496 2817 3604 2889 γάρ
3636 2834 3747 2871 που

2157 2910 2251 2962 καὶ
2281 2907 2435 2961 αὐτοί
2469 2925 2653 2978 φασιν,
2692 2909 2740 2961 οἱ
2763 2906 2852 2960 διὰ
2879 2907 2980 2978 τῆς
3015 2909 3094 2972 είς
3121 2908 3359 2978 Χριστὸν
3385 2909 3621 2972 πίστεως
3648 2909 3746 2960 εὐ·

2154 3001 2398 3071 δοκιμεῖν
2431 2999 2697 3073 ᾑρημένοι
2719 3015 2732 3029 ⁶
2775 3019 2794 3052 t
2831 2999 2929 3053 Διὰ
2967 3001 3056 3054 τὸν
3086 3001 3250 3070 φόϐον
3283 3019 3397 3063 σου,
3431 3001 3640 3071 Κύριε,
3686 3004 3749 3054 ὲν

2152 3091 2355 3164 γαστρὶ
2403 3091 2707 3163 ἐλάϐομεν,
2755 3091 2850 3145 καὶ
2902 3091 3280 3164 ὡδινήσαμεν,
3333 3093 3428 3146 καὶ
3480 3092 3748 3162 ὲτέκομεν

2153 3184 2372 3256 πνεῦμα
2407 3185 2686 3256 σωτηρίας
2717 3203 2844 3248 σου,
2886 3185 2914 3238 ὃ
2945 3186 3256 3256 ὲκυήσαμεν
3289 3185 3381 3238 ἐπὶ
3418 3184 3519 3253 τῆς
3549 3183 3679 3252 γῆς.
3721 3203 3740 3234 ι

2153 3275 2350 3348 Θάμαρ
2390 3275 2446 3329 δὲ
2485 3275 2751 3347 ξυνωρίδα
2799 3277 3012 3349 βρεφῶν
3061 3275 3353 3338 ὠδίνουσα,
3403 3275 3538 3346 πρὸς
3591 3274 3750 3346 αύτῷ

2152 3367 2342 3437 γέγονε
2382 3366 2458 3438 τῷ
2488 3366 2631 3437 τόκῳ
2663 3367 2868 3422 λοιπόν.
2908 3363 3042 3420 Εἶτα
3076 3365 3300 3434 καθίησι
3333 3364 3430 3434 μὲν
3470 3367 3496 3416 6
3531 3363 3751 3431 πρωτόο

2149 3477 2308 3524 τοκος
2331 3459 2428 3531 τὴν
2461 3463 2619 3530 χεῖρα
2641 3476 2654 3491 ·
2682 3459 3096 3528 συνενεγκόντος
3125 3457 3180 3509 δὲ
3209 3452 3275 3511 αὖ
3307 3455 3442 3527 πρὸς
3461 3455 3522 3507 τὸ
3551 3455 3748 3507 άνόπιν

2151 3554 2354 3624 αὐτὴν,
2397 3553 2575 3607 καίτοι
2616 3551 2875 3624 σπαρτίον
2921 3552 3020 3622 ἤδη
3069 3548 3338 3603 λαϐοῦσαν
3370 3549 3430 3601 τὸ
3463 3548 3746 3611 κόκκινον,

2153 3641 2566 3714 προεκσρὼσκει
2590 3642 2650 3695 τὸ
2681 3640 2955 3711 δεύτερον,
2984 3638 3074 3693 οἷά
3101 3656 3245 3701 τινος
3274 3638 3530 3708 φραγμοῦ
3556 3638 3747 3690 διακε·

2152 3728 2449 3800 κομμένου,
2473 3724 2595 3783 εἶτα
2634 3728 2877 3782 κάτεισιν
2907 3730 2936 3781 6
2973 3728 3210 3798 πρῶτος,
3257 3727 3484 3790 λοῖσθος,
3527 3727 3750 3780 Γένοιτο

2148 3818 2194 3872 δ’
2226 3819 2294 3872 ἂν
2337 3819 2432 3874 καὶ
2480 3818 2639 3873 τοῦτο
2684 3820 2912 3889 σημεῖον
2951 3820 3051 3873 οὐκ
3093 3817 3413 3889 ἀσυμφανὲς
3462 3820 3593 3889 ἡμῖν
3646 3818 3747 3872 τοῦ

2150 3910 2555 3981 προκεκλῆσθαι
2584 3911 2655 3965 τὰ
2683 3911 2809 3982 ἔθνη
2837 3912 2944 3965 τῶν
2974 3911 3035 3977 ἐξ
3075 3913 3308 3983 αἵματος
3356 3911 3592 3982 Ἰσραὴλ,
3645 3913 3745 3965 καὶ

2148 3998 2249 4070 τὴν
2273 3997 2369 4052 τοῦ
2392 4000 2740 4071 πρωτοτόκου
2763 3998 2921 4066 δόξαν
2949 4001 3086 4055 ἑλεῖν
3106 4004 3232 4065 τοὺς
3256 4003 3314 4054 ὲν
3342 4000 3588 4072 ὑστέροις
3615 4019 3745 4054 και-

2151 4093 2266 4164 ροῖς
2299 4090 2784 4162 ὲκτετιμημένους.
2826 4091 3057 4163 Ἕψεται
3079 4093 3132 4146 δὲ
3170 4093 3252 4147 ὅτι
3291 4095 3384 4146 καὶ
3417 4093 3602 4157 αὐτὸς,
3638 4093 3742 4146 οὐκ

2148 4181 2474 4252 ἀμφίλογον,
2494 4181 2594 4252 τὴν
2637 4181 2875 4253 Χριστοῦ
2921 4183 3112 4237 θυσίαν
3139 4181 3611 4254 καταδεξάμενος’
3653 4182 3743 4236 αἴ-

467 4265 672 4323 Christi
716 4267 1046 4324 sacrificium
1071 4269 1354 4340 suscipiat.
1383 4272 1518 4327 Nam
1543 4275 1831 4329 coccinum
1863 4284 1948 4330 est
1968 4285 2048 4350 ty-

2157 4290 2326 4344 ματος
2349 4273 2460 4345 γὰρ
2483 4272 2579 4328 τοῦ
2623 4270 2779 4343 ἁγίου
2806 4273 2976 4339 τύπος
3008 4275 3076 4330 ἂν
3107 4275 3192 4347 εἴη
3225 4276 3287 4329 τὸ
3323 4275 3594 4330 κόκκινον.
3642 4275 3742 4338 Τίς

468 4373 573 4428 pus
595 4359 736 4413 sacri
767 4359 1066 4429 sanguinis.
1095 4358 1230 4427 Quis
1259 4363 1426 4434 igitur
1445 4364 1646 4434 estqui
1684 4363 2047 4420 interstitium

469 4451 722 4506 maceriae
757 4451 1087 4522 disrupit",
1141 4461 1305 4523 atque
1356 4455 1412 4512 in
1465 4455 1645 4510 locum
1697 4457 2053 4529 primogeniti

469 4543 686 4596 vocavit
720 4544 1042 4607 secundum,
1093 4545 1398 4614 postposito
1429 4544 1650 4614 primo?
1694 4546 1891 4602 Annon
1938 4565 2054 4604 ma-

470 4632 731 4686 nifestum
783 4639 867 4687 est
920 4633 1064 4702 quod
1115 4633 1370 4689 Christus
1406 4634 1614 4689 Jesus?
1647 4651 1748 4705 per
1782 4651 1945 4704 quem
1994 4647 2050 4693 et

471 4736 598 4775 cum
627 4736 737 4790 quo
765 4721 836 4775 sit
866 4721 1034 4790 gloria
1061 4723 1172 4777 Deo
1194 4739 1257 4778 ac
1286 4725 1434 4779 Patri
1460 4739 1586 4780 cum
1615 4724 1825 4796 Spiritu
1859 4736 2049 4782 sancto

469 4809 524 4864 in
555 4811 753 4865 Stecula
776 4809 1121 4866 saeculorum.
1167 4809 1364 4865 Amen.

1001 4943 1183 4998 Adhuc
1198 4943 1261 4998 de
1281 4943 1520 5015 Iosephi).

542 5054 623 5109 Ad
663 5056 933 5125 reliquam
984 5055 1229 5111 historia:
1269 5065 1482 5126 partem
1509 5056 1577 5112 de
1609 5057 1868 5127 Josepho,
1893 5058 2050 5128 cujus

470 5147 626 5217 prius
665 5147 894 5202 fecimus
943 5149 1315 5213 mentionem,
1352 5148 1693 5204 redeundum
1738 5149 1900 5204 nobis
1944 5161 2046 5206 est.

474 5239 755 5309 Siquidem
781 5241 892 5311 jam
916 5241 984 5296 ad
1027 5242 1192 5297 finem
1235 5242 1487 5296 debitum
1525 5243 1792 5311 perducta
1833 5252 1916 5297 est
1960 5244 2052 5297 illa

471 5347 596 5406 qua:
624 5332 844 5387 interim
885 5333 1087 5389 accidit
1128 5335 1195 5388 de
1225 5335 1463 5390 Thamar
1499 5342 1556 5389 et
1577 5334 1736 5390 Juda.
1765 5334 1899 5396 Nam
1927 5350 2052 5388 cum

476 5420 724 5475 divinum
757 5422 956 5492 Ioseph
997 5424 1438 5479 transtulerimus
1467 5424 1537 5478 ad
1567 5439 1859 5494 personam
1891 5422 2051 5478 Chri-

555 5571 618 5604 ³⁸⁶
649 5573 788 5631 Psal.
826 5589 964 5640 μιν,
997 5577 1046 5629 5.
1129 5578 1170 5608 ³⁸
1202 5578 1301 5632 Isa.
1340 5594 1460 5642 xxv,
1487 5577 1576 5632 ‘26.

1661 5577 1700 5607 ‘°
1729 5574 1928 5644 Ephes.
1966 5593 2022 5641 ll,
2065 5578 2142 5632 Η.

2151 4361 2246 4418 οὖν
2281 4366 2389 4436 ἄρα
2422 4367 2572 4422 ἐστὶν
2607 4369 2635 4420 6
2663 4366 2724 4421 τὸ
2755 4367 3070 4439 μεσότοιχον
3109 4368 3204 4421 τοῦ
3251 4367 3508 4441 φραγμοῦ
3543 4367 3738 4430 λύσας,

2151 4456 2245 4508 καὶ
2271 4456 2328 4507 ὲν
2350 4457 2501 4522 τάξει
2526 4457 2626 4529 μὲν
2647 4459 2993 4530 πρωτοτόκου
3030 4459 3317 4530 κεκληκὼς
3343 4460 3434 4514 τὸν
3457 4459 3736 4530 δεύτερον,

2154 4548 2384 4603 κατόπιν
2411 4549 2466 4603 δὲ
2499 4549 2613 4614 Θεὶς
2639 4551 2731 4605 τὸν
2760 4551 3010 4620 πρῶτον;
3057 4554 3126 4605 Ἦ
3159 4552 3315 4624 δῆλον
3347 4554 3428 4606 ὅτι
3463 4554 3698 4624 Χριστός
3721 4570 3737 4582 ·

2155 4641 2222 4694 δι’
2270 4633 2332 4693 οῦ
2367 4641 2460 4694 καὶ
2497 4641 2616 4712 μεθ’
2655 4636 2716 4696 οὗ
2757 4645 2790 4715 ὴ
2833 4643 2961 4708 δόξα
2993 4641 3070 4714 τῷ
3115 4643 3233 4714 Θεῷ
3275 4645 3368 4697 καὶ
3415 4644 3590 4714 Πατρὶ
3640 4646 3739 4696 σὺν

2158 4733 2296 4805 ἁγίῳ
2322 4733 2596 4806 Πνεύματι
2623 4736 2704 4799 εἰς
2729 4737 2853 4800 τοὺς
2881 4737 3085 4801 αἰῶνας
3115 4736 3224 4789 τῶν
3258 4735 3492 4792 αἰώνων.
3539 4737 3735 4806 Ἀμήν.

2581 4951 2713 5006 Ἔτι
2757 4951 2889 5023 περὶ
2916 4951 3022 5008 τοῦ
3071 4951 3314 5024 Ἰωσήφ.

2240 5066 2361 5119 Ἐπὶ
2392 5065 2457 5119 τὰ
2482 5067 2642 5120 λοιπά
2676 5067 2782 5121 τῶν
2805 5067 2979 5137 λόγων
3007 5059 3269 5133 ίτέον,’ὦν
3295 5067 3396 5138 ήδη
3429 5064 3744 5135 φθάσαντες

2159 5157 2528 5228 πεποιήμεθα,
2563 5160 2809 5229 περὶτοῦ
2855 5162 3073 5232 Ἰωσήφο
3107 5161 3188 5224 είς
3212 5160 3362 5222 τέλος
3399 5160 3534 5228 ἡμῖν
3574 5156 3746 5229 ἠκού-

2161 5263 2260 5317 σης
2289 5247 2349 5299 τὸ
2369 5248 2507 5318 αὐτῇ
2541 5249 2747 5319 πρέπον
2772 5249 2870 5320 ἤδη
2905 5251 3004 5320 τῆς
3037 5249 3238 5322 μεταξὺ
3269 5247 3746 5320 παρεισκεκριμέ-

2159 5352 2253 5404 νης
2275 5335 2532 5408 ἱστορίας.
2563 5338 2661 5407 τῆς
2693 5338 2931 5409 περὶτοῦ
2972 5339 3160 5404 Ἰούδα,
3195 5338 3370 5410 φημὶ,
3403 5336 3498 5390 καὶ
3553 5335 3747 5405 μέντοι

2161 5428 2255 5480 καὶ
2301 5428 2399 5499 τῆς
2439 5429 2654 5501 Θάμαρ.
2697 5431 3105 5508 Μεταϐαλόντες
3138 5431 3244 5502 γὰρ
3283 5430 3360 5494 είς
3401 5429 3461 5483 τὸ
3499 5426 3750 5502 Χριστιὶῦ
