4032 6198
283 275 380 335 ﬁt

1275 267 1799 323 GLAPHYBORL‘M
1843 267 1906 319 [IV
1938 267 2247 319 'GENI‘JSIM
2289 267 2417 316 LIB.
2463 265 2554 318 Ἠ.

3457 270 3564 326 598

283 391 586 462 πρόσωπον
613 385 707 441 τὸν
731 385 1015 439 θεσπέσιον
1057 384 1276 455 Ἰωσὴφ,
1299 383 1669 455 ἐμϐεϐλῆσθαι
1694 382 1793 453 μὲν
1821 383 1876 434 ἐν

1981 379 2074 445 sti,
2114 380 2426 450 conjectum
2451 378 2676 448 quidem
2720 378 2775 432 in
2829 378 3032 436 fossam
3063 396 3094 436 a
3125 380 3390 439 fratribus
3421 385 3564 442 dixi-

279 483 363 554 τῷ
393 481 585 549 λάκκῳ
632 477 789 549 παρά
833 476 945 529 τῶν
989 475 1235 544 ἀδελφῶν
1289 474 1568 546 ἐλέγομεν·
1611 475 1874 528 ἀνακεκοο

285 573 483 643 μίσθαι
514 571 570 623 δέ
601 565 666 624 αὖ
700 569 796 623 καὶ
822 566 1282 640 καταπεπράσθαι
1314 570 1426 632 τοῖς
1473 565 1870 636 Ἰσμαηλίταις,

280 668 337 721 οἳ
367 667 466 720 καὶ
495 663 806 735 ἀρωμάτων
835 663 944 715 τῶν
975 661 1353 733 εύοσμοτάτων
1381 658 1609 733 ἔμποροί
1648 676 1707 711 τε
1736 653 1874 729 ἦσαν

281 759 386 811 καὶ
409 758 522 819 τοῖς
549 756 650 808 οὐκ
674 755 856 825 έχουσι
884 751 1249 823 διακομισταί.
1297 751 1682 822 ’Δπενηνέχθαι
1711 767 1770 803 τε
1807 749 1874 803 δι’

281 845 518 898 ἐκείνων
557 844 719 898 αὐτὸν
760 845 840 907 είς
885 842 983 913 τὴν
1025 842 1372 910 Αἰγυπτίων,
1430 841 1760 911 προσθέντες
1806 840 1878 892 εἰ·

288 936 569 1007 ρήκαμεν.
606 933 682 1000 (1)
707 932 830 983 Ὀτι
856 929 1045 993 καθεὶς
1069 929 1260 984 ἑαυτὸν
1281 929 1360 992 εἰς
1382 927 1610 980 κένωσιν
1635 927 1662 977 ό
1695 926 1867 977 Μονο-

280 1027 474 1096 γενὴς,
502 1026 596 1079 καὶ
627 1026 682 1076 ἐν
711 1026 822 1087 τοῖς
851 1022 971 1076 καθ’
1000 1024 1144 1092 ἡμᾶς
1175 1019 1432 1090 γεγονώς·
1451 1013 1868 1088 κεχρηματικὼς

284 1115 384 1168 καὶ
412 1114 641 1183 ἀδελφὸς
671 1117 784 1178 τοῖς
805 1115 898 1168 ἐπὶ
925 1115 1024 1184 τῆς
1059 1114 1182 1184 γῆς,
1214 1115 1306 1167 καὶ
1338 1115 1441 1186 πρό
1469 1132 1532 1182 γε
1566 1114 1674 1168 τῶν
1701 1114 1876 1169 ἄλλων

279 1207 401 1268 rei;
437 1205 495 1272 ἐξ
519 1205 753 1276 Ἰσραὴλ,
787 1205 1012 1281 θάνατον
1044 1205 1325 1277 ὑπέμεινε,
1356 1207 1450 1260 καὶ
1479 1206 1672 1278 ἀνέτλη
1711 1224 1872 1260 σταυ-

286 1297 407 1368 ρὸν,
434 1296 785 1365 καταϐέϐηκέ
811 1314 871 1350 τε
899 1297 977 1361 εἰς
1007 1297 1154 1368 ᾆδον,
1184 1290 1245 1350 οὗ
1277 1298 1370 1350 καὶ
1392 1299 1473 1360 είς
1504 1296 1671 1351 τύπον
1691 1297 1719 1350 ὀ
1746 1298 1877 1352 λάκ-

283 1403 404 1450 κος.
439 1388 588 1457 Πλὴν
611 1386 810 1440 ἀνεϐίω
841 1388 1024 1450 πάλιν,
1053 1389 1146 1441 κα)⁸
1173 1387 1282 1441 τῶν
1306 1387 1364 1455 ἐξ
1393 1388 1624 1459 αἵματος
1658 1389 1876 1460 Ἰσραὴλ

290 1479 714 1547 ἀπενοσφίζετο.
757 1479 977 1533 Δέδοται
1025 1479 1082 1531 δὲ
1130 1479 1321 1551 ὥσπερ
1365 1483 1478 1544 τοῖς
1522 1479 1632 1533 τῶν
1671 1479 1876 1549 νοητῶν

285 1570 603 1641 ἀρωμάτων
633 1570 930 1642 ἐμπόροις,
957 1571 1237 1636 τουτέστι,
1273 1573 1386 1634 τοῖς
1432 1571 1608 1640 ἁγίοις
1639 1571 1875 1624 ἀποστό-

285 1666 425 1728 λοις,
461 1665 511 1718 οἶ
557 1664 620 1717 τὸ
665 1664 831 1718 αὑτοῦ
866 1663 1036 1734 μῦρον
1077 1663 1486 1730 εύωδιάζοντες,
1528 1666 1608 1728 εἰς
1645 1665 1745 1735 τὴν
1767 1663 1876 1718 τῶν

1980 486 2124 535 mus,
2155 471 2250 525 sed
2275 470 2477 524 iterum
2500 477 2807 525 extractum
2833 480 2889 526 et
2911 473 3194 528 venditum
3234 474 3527 532 Ismaelitis
3547 518 3563 541 ,

1979 562 2074 632 qui
2105 562 2618 618 odoratissimorum
2649 573 2958 618 aromatum
2997 575 3156 620 erant
3185 575 3522 623 mercatores
3547 607 3563 631 ,

1979 662 2144 723 atque
2185 653 2253 707 ad
2299 669 2434 718 eos,
2488 654 2581 723 qui
2628 654 2735 709 illis
2764 656 3059 722 carebant,
3095 660 3564 728 transportabant.

1979 745 2186 800 Deinde
2215 743 2394 814 ipsum
2427 760 2525 815 per
2567 745 2668 800 hos
2697 745 2996 801 abductum
3040 748 3094 802 in
3136 747 3428 820 {Egyptum
3464 751 3565 807 ad.

1981 835 2176 890 dentes
2196 835 2609 904 explicavimus.
2650 835 2789 891 Cum
2841 838 2989 892 enim
3031 839 3359 910 Unigenitus
3386 841 3565 898 demi-

1981 925 2142 980 sisset
2167 926 2408 995 seipsum
2433 926 2490 979 in
2521 927 2949 984 exinanitionem
2979 932 3047 995 δι,
3091 931 3366 1002 homoque
3390 933 3568 988 factus

1980 1024 2148 1080 esset,
2175 1033 2239 1070 ac
2267 1028 2496 1073 vocatus
2523 1019 2690 1075 frater
2713 1037 2905 1076 eorum
2932 1023 3027 1092 qui
3065 1024 3121 1078 in
3149 1025 3313 1079 terris
3337 1025 3562 1096 degunt,

1980 1123 2094 1177 prae
2121 1108 2244 1162 aliis
2267 1110 2528 1164 sustinuit
2569 1119 2798 1166 mortem
2825 1113 2894 1167 ab
2923 1113 3185 1168 Israelitis
3211 1114 3312 1183 ipsi
3338 1116 3563 1180 illatam,

1981 1212 2313 1266 crucemque
2351 1200 2614 1269 suscepit,
2639 1216 2703 1255 ac
2729 1202 3016 1256 descendit
3047 1203 3102 1257 in
3127 1204 3423 1269 infernum,
3467 1221 3568 1261 cu-

1975 1286 2065 1357 jus
2089 1295 2275 1357 typum
2294 1305 2403 1358 prae
2427 1305 2485 1344 se
2513 1289 2620 1345 fert
2651 1292 2820 1346 lacus.
2855 1292 3127 1348 Caeterum
3154 1296 3385 1361 revixit,
3415 1305 3472 1351 et
3497 1297 3568 1352 ab

1982 1380 2051 1434 iis
2077 1381 2170 1450 qui
2199 1381 2266 1435 de
2302 1384 2566 1454 sanguine
2608 1385 2769 1438 Israel
2814 1396 2992 1451 erant,
3030 1391 3278 1444 secessit.
3307 1391 3570 1447 Traditus

1980 1483 2165 1529 autem
2208 1484 2312 1541 est,
2347 1478 2502 1546 quasi
2538 1478 2905 1547 spiritualium
2951 1488 3262 1535 aromatum
3288 1492 3564 1538 mercato-

1983 1567 2160 1632 ribus,
2193 1568 2298 1623 hoc
2317 1579 2422 1634 est,
2448 1571 2654 1625 sanctis
2685 1571 2968 1640 apostolis,
2997 1572 3092 1641 qui
3116 1572 3290 1642 ipsius
3315 1590 3568 1644 unguen-

1982 1665 2098 1711 tum
2122 1659 2434 1714 redolentes
2456 1660 2512 1714 in
2530 1663 2775 1730 gentium
2803 1663 3082 1732 regionem
3113 1665 3566 1735 commigrarunt,

286 1755 458 1809 ἐθνῶν
495 1754 756 1824 ἀφίκοντο
789 1754 994 1825 χώραν,
1025 1753 1113 1807 διά
1143 1753 1250 1806 τῶν
1274 1753 1642 1822 εύαγγελικῶν
1671 1769 1876 1825 κηρυγ-

1979 1765 2078 1819 per
2092 1750 2404 1819 evangelica
2437 1754 2712 1822 praeconia
2737 1753 3120 1825 ignorantibus
3143 1771 3271 1811 eum
3302 1756 3398 1826 qui
3423 1758 3569 1812 servi

298 1849 488 1917 μάτων
521 1849 634 1909 τοῖς
664 1846 764 1899 οὐκ
798 1845 994 1898 εἰδόσιν
1027 1845 1187 1899 αὑτὸν
1227 1845 1620 1916 ἀποφέροντες,
1654 1843 1752 1916 τὴν
1782 1844 1876 1897 τοῦ

285 1935 476 1989 δούλου
535 1935 750 2006 μορφὴν
799 1935 1199 2006 περικείμενον.
1258 1933 1613 2005 Κηρύσσεται
1654 1934 1763 2005 γάρ
1809 1933 1877 1987 δι’

286 2029 436 2098 ἡμᾶς
464 2030 522 2080 ἐν
549 2028 714 2097 σαρκὶ
743 2025 1002 2097 γεγονὼς,
1031 2028 1123 2081 καὶ
1151 2027 1209 2079 ἐν
1237 2029 1302 2098 τῇ
1331 2025 1424 2079 τοῦ
1453 2025 1640 2080 δούλου
1671 2027 1877 2097 μορφῇ.

285 2119 480 2183 Τοῦτο,
503 2114 680 2189 οἶμαι,
711 2119 828 2172 ἐστί
857 2118 917 2172 τὸ
943 2119 1305 2189 ἀπενεχθῆναι
1333 2118 1424 2172 τὸν
1457 2117 1653 2189 Ἰωσὴφ
1669 2118 1754 2171 διά
1770 2118 1879 2172 τῶν

299 2211 662 2283 Ἰσμαηλιτῶν
690 2213 769 2274 εἰς
796 2211 1089 2280 Αἴγυπτον.
1122 2211 1186 2263 Τί
1209 2207 1301 2264 οὖν
1329 2211 1436 2280 ἄρα
1461 2210 1662 2280 συνέϐη
1684 2209 1879 2263 παθεῖν

286 2305 403 2355 ἐκεῖ
432 2302 720 2371 γεγονότα,
756 2302 812 2354 τί
855 2302 910 2354 δὲ
940 2301 1047 2354 ἔδει
1086 2302 1224 2372 πρὸς
1258 2304 1415 2355 τοῦτο
1444 2302 1676 2372 δράσαι,
1707 2318 1878 2355 κατα-

284 2394 538 2465 θρῶμεν,
569 2395 618 2446 εἰ
647 2393 812 2446 δοκεῖ.
860 2395 980 2447 Ἔτι
1025 2395 1122 2465 μὲν
1149 2393 1274 2464 ⁹γόιρ
1304 2395 1421 2456 νέος
1457 2393 1530 2448 ὢν
1565 2395 1660 2450 καὶ
1689 2397 1746 2448 ἐν
1779 2396 1880 2464 ἐφ-

283 2487 444 2558 ⁴ίξϐοις
478 2485 674 2549 τελῶν,
705 2485 861 2541 ἐνίκα
875 2485 976 2556 τῆς
996 2487 1300 2555 Αἰγυπτίας
1327 2486 1389 2540 τὸ
1419 2488 1665 2557 ἀσελγὲς,
1693 2504 1882 2559 μονον-

281 2580 408 2649 ουχὶ
440 2579 534 2633 καὶ
566 2580 665 2634 σὺν
695 2577 786 2650 βίᾳ
811 2578 978 2650 πολλῇ
1013 2579 1426 2650 κατωθούμενος
1449 2580 1529 2644 εἰς
1557 2597 1621 2648 γε
1647 2581 1707 2634 τὸ
1728 2580 1882 2651 θελῆ-

283 2689 379 2726 σαι
417 2672 550 2744 δρᾷν
575 2671 610 2726 ἃ
639 2672 714 2743 μὴ
740 2672 918 2742 θέμις.
955 2673 1016 2726 Ἡ
1043 2673 1140 2743 μὲν
1166 2672 1273 2744 γὰρ
1298 2673 1499 2743 ἐξῆπτο
1516 2673 1625 2726 τῶν
1652 2673 1880 2743 ἱματίων

282 2763 459 2832 ἀπρίξ
494 2779 556 2815 τε
594 2763 689 2816 καὶ
717 2761 969 2828 ἀναιδῶς,
1001 2762 1091 2817 καὶ
1121 2764 1202 2826 εἰς
1247 2763 1568 2833 ἀνεθέλητον
1605 2762 1880 2833 ἁμαρτίαν

278 2857 345 2908 οὐ
389 2856 630 2927 μετρίως
663 2854 1038 2920 κατεϐιάζετο.
1089 2855 1148 2909 Ὀ
1182 2855 1239 2908 δὲ
1282 2857 1375 2909 καὶ
1408 2854 1541 2910 αὐτὸ
1572 2854 1634 2909 τὸ
1669 2855 1880 2925 ἱμάτιον

277 2951 472 3018 ἀφεὶς,
511 2947 806 3019 μαχλὼσης
831 2948 1030 3019 ἀγρίας
1068 2947 1460 3020 ἀπηλλάττετο,
1480 2947 1576 3002 καὶ
1605 2947 1880 3008 ἀνάλωτος

272 3036 350 3112 ἦν
397 3041 476 3112 τῷ
511 3041 695 3096 πάθει.
745 3041 1222 3111 Σεσυκοφάντηται
1245 3041 1302 3095 δὲ
1339 3039 1478 3111 μετά
1508 3039 1688 3107 τοῦτο,
1719 3057 1872 3111 περι-

1979 1840 2209 1896 formam
2241 1844 2486 1912 accepit,
2513 1845 2828 1900 offerentes.
2865 1847 3206 1902 Praedicatur
3247 1848 3398 1903 enim
3443 1863 3573 1919 pro-

1979 1943 2102 2004 pter
2131 1949 2232 1989 nos
2265 1937 2425 2006 202
2450 1937 2667 1993 venisse
2709 1939 2765 1993 in
2808 1955 2972 1995 carne
2992 1980 3006 2006 ,
3039 1940 3385 2012 formamque
3418 1944 3566 1997 servi

1978 2027 2276 2096 accepisse.
2299 2027 2380 2091 Id,
2408 2029 2670 2096 arbitror,
2687 2039 2770 2085 est
2797 2032 2944 2100 quod
2965 2032 3165 2103 Ioseph
3185 2034 3258 2088 sit
3276 2035 3345 2088 ab
3365 2035 3570 2090 Ismae—

1977 2116 2092 2170 litis
2120 2117 2176 2171 in
2204 2117 2498 2190 Egyptum
2537 2120 2845 2175 traductus.
2872 2119 3014 2187 Quid
3040 2122 3208 2192 igitur
3229 2122 3280 2176 ei
3316 2123 3410 2178 ubi
3438 2124 3570 2179 illuc

1947 2275 1952 2278 μ
1978 2209 2239 2274 venisset,
2275 2210 2561 2276 acciderit,
2586 2221 2682 2266 aut
2705 2212 2839 2282 quid
2867 2213 2934 2267 ad
2962 2213 3067 2268 hoc
3095 2213 3410 2268 faciendum
3439 2214 3567 2278 fuit,

1980 2299 2415 2365 consideremus,
2445 2302 2490 2356 si
2520 2302 2755 2357 videtur.
2784 2302 2921 2357 Cum
2961 2303 3109 2358 enim
3139 2304 3322 2360 adhuc
3352 2306 3572 2376 juvenis

1983 2397 2040 2444 et
2073 2391 2127 2444 in
2149 2391 2380 2461 ephebis
2416 2400 2582 2457 esset,
2615 2392 2879 2464 {Egyptize
2927 2393 3180 2450 mulieris
3209 2395 3570 2465 petulantiam

1981 2483 2284 2553 superavit,
2329 2485 2546 2539 etiamsi
2577 2499 2770 2555 magna
2819 2486 2872 2540 vi
2914 2487 3322 2556 propcllebatur
3367 2489 3435 2543 ad
3493 2489 3569 2554 id,

1981 2574 2129 2642 quod
2163 2574 2246 2629 fas
2271 2591 2381 2629 non
2413 2583 2518 2641 est,
2551 2577 3029 2632 committendum.
3057 2578 3194 2632 Nam
3229 2579 3345 2633 haec
3371 2580 3574 2635 mulier

1981 2669 2256 2723 consertis
2286 2670 2542 2725 manibus
2582 2670 2934 2740 impudenter
2969 2671 3046 2724 illi
3076 2679 3285 2725 vestem
3309 2671 3568 2737 detraxit,

1981 2767 2148 2828 atque
2175 2759 2315 2814 adeo
2361 2760 2598 2814 invitum
2639 2761 2709 2815 ad
2759 2760 3099 2830 peccandum
3155 2761 3434 2831 adigebat.
3473 2762 3570 2818 Ille

1979 2864 2112 2904 vero
2147 2849 2341 2904 relicto
2363 2849 2529 2919 pallio
2559 2849 2858 2920 effugiebat
2885 2865 2916 2905 a
2944 2865 3146 2906 vesana
3163 2852 3416 2907 mulieris
3441 2853 3569 2906 libi-

1981 2939 2132 3006 dine,
2161 2955 2340 3011 neque
2379 2947 2596 3011 poterat
2619 2941 2727 2995 ulla
2772 2939 2865 2994 tali
2905 2940 3200 2996 affectione
3243 2943 3567 3012 expugnari.

1979 3032 2286 3088 Accusatus
2319 3047 2452 3088 vero
2485 3031 2686 3087 deinde
2727 3039 2812 3086 est
2855 3032 2960 3088 hac
2989 3032 3058 3088 de
3103 3048 3289 3098 causa,
3336 3035 3571 3090 muliere

276 3135 588 3203 τρέποντος
618 3131 697 3194 εἰς
737 3130 900 3183 αὑτὸν
928 3129 1020 3184 τοῦ
1054 3129 1276 3200 γυναίου
1312 3129 1381 3184 τὰ
1408 3131 1766 3200 ἐγκλήματα,
1813 3132 1872 3184 ἐν

1978 3123 2191 3194 culpam
2226 3124 2281 3178 in
2325 3123 2506 3194 ipsum
2557 3132 2932 3194 retorquente.
2983 3124 3106 3193 Ipse
3145 3131 3328 3178 autem
3374 3113 3571 3179 in'illa

277 3220 496 3283 αἰτίαις
531 3219 884 3292 αἰσχρότητπ
931 3219 960 3271 ό
999 3217 1230 3289 σώφρων
1259 3235 1316 3270 τε
1361 3217 1457 3271 καὶ
1495 3215 1875 3288 φιλελεύθερος

276 3308 375 3385 ἦν.
413 3310 560 3384 Πλὴν
592 3311 813 3382 ἐκράτει
841 3309 939 3364 τοῦ
970 3309 1370 3380 δεσμωτηρίου,
1403 3308 1555 3379 φησί.
1595 3307 1786 3376 Γέγονε
1820 3307 1875 3360 δὲ

282 3404 384 3457 καί
418 3405 474 3455 ἐν
499 3403 612 3464 τοῖς
641 3400 850 3454 ἔθνεσιν
878 3400 906 3452 ό
933 3399 1188 3471 Χριστὸς,
1207 3398 1282 3463 ὡς
1309 3399 1367 3452 ἐν
1388 3395 1684 3470 προσώπῳ,
1708 3398 1874 3466 φημὶ,

281 3494 398 3545 τῶν
436 3491 605 3560 ἁγίων
651 3490 998 3553 ἀποστόλων,
1032 3491 1080 3543 οἳ
1131 3489 1224 3543 καὶ
1269 3489 1338 3541 τά
1386 3488 1660 3560 στίγματα
1709 3485 1874 3541 αὑτοῦ

283 3585 612 3656 περιφέρειν
645 3581 878 3651 ἔφασκον
901 3583 956 3635 ἐν
989 3581 1102 3652 ἰδίῳ
1133 3581 1363 3651 σώματι.
1397 3579 1744 3652 Παρῃτοῦντο
1777 3580 1875 3651 μὲν

284 3676 402 3747 γὰρ
434 3673 937 3746 συσχηματίζεσθαι
969 3676 1080 3736 τοῖς
1108 3672 1177 3725 τά
1202 3673 1260 3724 ἐν
1293 3671 1484 3741 κόσμῳ
1515 3673 1729 3741 φρονεῖν
1761 3671 1877 3724 ἐλο-

289 3766 499 3838 μένοις,
541 3765 815 3819 ἀπωτάτω
835 3764 892 3816 δὲ
922 3759 1060 3834 ἦσαν
1092 3761 1368 3833 σαρκικῶν
1401 3760 1726 3832 ἐπιθυμιῶν.
1753 3761 1875 3814 Τοι-

285 3857 475 3910 ουτοσὶ
495 3855 604 3926 γὰρ
629 3855 716 3908 ἀεὶ
737 3856 765 3907 ό
785 3855 893 3909 τῶν
919 3854 1088 3922 ἁγίων
1116 3853 1248 3923 βίος.
1291 3851 1430 3904 Ἀλλ’
1457 3851 1875 3906 ἐπεϐουλεύοντο

283 3948 378 4002 διὰ
415 3947 609 4011 τοῦτο,
647 3947 742 4002 καὶ
779 3945 843 4018 δὴ
893 3945 986 4000 καὶ
1036 3943 1531 4014 συκοφαντούμενοι
1576 3945 1728 4015 παρά
1768 3943 1875 3997 τῶν

288 4038 562 4093 εἰωθότων
602 4035 855 4108 ἡγεῖσθαι
903 4035 1194 4107 φορτικοὺς
1238 4033 1366 4096 τοὺς
1410 4034 1467 4085 ἐν
1508 4031 1730 4103 Χριστῷ
1776 4031 1874 4102 ζῇν

289 4133 615 4195 ἐθέλοντας,
675 4131 1002 4200 πειρασμοῖς
1057 4124 1547 4196 περιπεπτώκασι,
1599 4122 1874 4194 δεσμῶται

289 4226 565 4294 γεγόνασι.
595 4225 742 4298 Πλὴν
770 4225 1076 4297 ἐμέμνηντο
1105 4222 1338 4294 Χριστοῦ
1367 4223 1634 4291 λέγοντοςο
1671 4239 1689 4271 ι
1719 4219 1780 4272 Εἰ
1800 4219 1865 4272 ὲκ

288 4317 385 4370 τοῦ
423 4317 630 4388 κόσμου
660 4313 779 4388 ἦτε,
812 4319 840 4370 ό
873 4317 1072 4387 κόσμος
1109 4313 1174 4369 ἂν
1203 4314 1262 4368 τὸ
1303 4314 1433 4366 ἴδιον
1462 4311 1654 4381 ἐφίλει·
1678 4308 1864 4380 ἐπειδὴ

289 4408 346 4461 δὲ
383 4412 446 4462 ἐκ
483 4407 575 4462 τοῦ
609 4408 812 4475 κόσμου
849 4407 948 4460 οὐκ
980 4404 1133 4467 ἐστὲ,
1169 4405 1256 4458 διὰ
1286 4403 1442 4457 τοῦτο
1483 4404 1631 4472 μισεῖ
1663 4401 1806 4471 ὑμᾶς
1836 4401 1866 4453 ό

289 4496 499 4566 κόσμος
521 4513 534 4525 ο
569 4515 587 4548 ι
613 4497 862 4565 καθάπερ
880 4493 1071 4564 ἀμέλει
1093 4493 1184 4546 καὶ
1203 4491 1296 4544 τὸν
1329 4491 1524 4561 Ἰωσὴφ
1551 4493 1584 4561 ἡ
1612 4489 1874 4562 μαχλῶσα

291 4591 451 4660 γυνή.
496 4588 642 4658 Πλὴν
675 4588 770 4641 καὶ
814 4590 870 4639 ἐν
916 4587 1102 4648 αὐτοῖς
1135 4583 1494 4638 ὲπλατύνοντο
1525 4586 1634 4646 τοῖς
1668 4583 1873 4646 πόνοις.

289 4679 392 4749 τῆς
424 4679 518 4732 τοῦ
551 4679 686 4733 Θεοῦ
731 4680 954 4749 χάριτος
992 4677 1369 4748 ὲξημερούσης
1413 4677 1640 4741 αὐτοὺς,
1684 4675 1776 4739 οὒς
1807 4671 1875 4747 ἦν

296 4773 530 4844 μάλιστα
577 4771 926 4842 διαπονήσειν
974 4772 1140 4834 εἰκός.
1199 4769 1562 4837 Ἐπεγάννυτο
1606 4769 1749 4839 γὰρ,
1799 4769 1876 4832 ὡς

294 4867 450 4935 ἔφην,
481 4867 509 4918 ὁ
544 4862 892 4934 δεσμοφύλαξ
928 4860 1008 4933 τῷ
1047 4861 1268 4931 Ἰωσήφ.
1300 4855 1432 4913 Εἶτα
1462 4859 1569 4912 τῶν
1608 4858 1876 4930 εὐνούχων

292 4954 388 5008 τοῦ
409 4955 614 5026 Φαραὼ
633 4997 648 5023 ,
674 4954 771 5007 τοῦ
805 4971 863 5007 τε
893 4953 1153 5024 οἰνοχόου,
1183 4951 1350 5022 φημὶ,
1392 4951 1488 5004 καὶ
1516 4951 1747 5022 ’προσέτι
1780 4949 1873 5004 τοῦ

295 5047 594 5112 σιτοποιοῦ,
624 5047 954 5117 δεδεμένων,
983 5047 1230 5115 διεσάφει
1259 5045 1327 5099 τά
1348 5045 1620 5112 ὀνείρατα.
1651 5044 1760 5097 Καὶ
1789 5043 1876 5098 διὰ

293 5141 472 5209 τοῦτο,
499 5141 659 5212 φησί,
686 5143 715 5194 ὁ
744 5139 1025 5204 θεσπέσιος
1066 5139 1266 5210 Ἰωσὴφ
1292 5139 1351 5192 οὐ
1383 5138 1614 5210 μετρίως
1639 5135 1878 5208 ἐθαυμά-

296 5232 419 5296 ζετο
439 5249 455 5265 ·
486 5229 938 5293 ἐνυπνιασθέντος
959 5230 1014 5283 δὲ
1045 5230 1138 5284 καὶ
1167 5227 1331 5283 αὐτοῦ
1358 5227 1452 5281 τοῦ
1473 5225 1672 5299 Φαραὼ
1692 5227 1792 5298 τήν
1815 5242 1876 5279 τε

297 5324 555 5394 ἐσομένη-ι
583 5323 685 5375 οὐκ
715 5325 792 5384 είς
826 5321 1043 5391 μακράν
1076 5319 1380 5390 εὐκαρπίαν
1427 5320 1516 5374 καί.
1540 5319 1630 5372 τὸν
1668 5321 1731 5371 ἐκ
1782 5315 1877 5369 τοῦ

296 5415 451 5486 λιμοῦ
481 5417 640 5470 πόνον
661 5457 675 5478 ,
713 5414 788 5478 ὡς
821 5417 878 5468 ἐν
920 5414 1072 5484 βουσὶ⁸
1110 5417 1204 5486 μὲν
1239 5416 1498 5486 πρότερον
1524 5411 1670 5465 πίοσί
1700 5429 1755 5464 τε
1786 5413 1880 5464 καὶ

297 5507 538 5579 ισχναῖς,
570 5507 645 5570 ὡς
676 5507 732 5560 ἐν
763 5507 1028 5577 ἀστάχυσι
1059 5505 1114 5560 δὲ
1147 5507 1284 5576 μετά
1317 5505 1474 5558 τοῦτο
1509 5503 1839 5569 τεθεαμένον
1863 5520 1875 5532 ο

394 5652 438 5683 ⁸⁸
468 5651 700 5722 Philipp.
739 5667 798 5714 ιι,
823 5652 875 5704 7.
949 5650 992 5682 “
1022 5649 1157 5704 Gen.
1198 5662 1382 5709 xxxix,
1423 5645 1574 5700 1-23.
1652 5641 1879 5698 “Joan.
1921 5660 1952 5699 χ

1979 3214 2340 3284 turpitudinis
2371 3215 2721 3269 accusatione
2769 3229 3040 3268 summam
3085 3213 3407 3269 modestiam
3451 3229 3570 3270 ma-

1979 3305 2501 3377 gnanimitatemque
2532 3321 2646 3376 prae
2687 3321 2746 3360 se
2792 3305 2936 3360 tulit.
2969 3303 3242 3360 Caeterum
3275 3305 3332 3360 in
3382 3321 3571 3362 carce-

1979 3413 2094 3451 rem
2139 3398 2422 3468 conjectus
2466 3397 2571 3452 fuit
2596 3397 2663 3449 δ’.
2708 3397 2880 3451 Porro
2903 3395 3165 3451 Christus
3203 3397 3370 3452 etiam
3421 3397 3570 3451 inter

1955 3498 2167 3578 \gentes
2200 3489 2323 3555 fuit,
2367 3488 2632 3543 nimirum
2664 3489 2831 3544 veluti
2872 3488 2929 3543 in
2967 3503 3206 3558 persona
3248 3498 3566 3545 sanctorum

1977 3583 2370 3652 apostolorum,
2399 3580 2494 3652 qui
2531 3589 2586 3636 et
2620 3581 2741 3652 ejus
2777 3579 3067 3636 cicatrices
3118 3581 3481 3639 circumferre
3512 3583 3569 3640 in

1978 3690 2080 3728 suo
2108 3673 2354 3744 ipsorum
2400 3687 2634 3743 corpore
2663 3673 3060 3743 praedicabant.
3101 3673 3374 3730 Nolebant
3414 3677 3566 3732 enim

1979 3781 2037 3821 se
2061 3766 2480 3822 accommodare
2497 3767 2624 3833 illis,
2643 3768 2736 3836 qui
2761 3767 3038 3822 mundana
3051 3776 3325 3837 saperent,
3342 3769 3436 3823 sed
3451 3771 3572 3825 Ion-

1976 3859 2196 3930 gissime
2227 3859 2505 3914 aberanta
2527 3859 2842 3913 carnalibus
2882 3859 3368 3928 concupiscentiis.
3404 3859 3570 3928 Ejus-

1976 3951 2126 4004 modi
2164 3951 2312 4005 enim
2347 3963 2565 4016 semper
2605 3957 2693 4002 est
2747 3957 3064 4002 sanctorum
3121 3949 3251 4002 vita.
3295 3947 3567 4003 Caeterum

1975 4041 2118 4096 hanc
2139 4040 2211 4094 ob
2240 4055 2355 4094 rem
2386 4038 2598 4092 insidiae
2623 4039 2706 4093 eis
2735 4039 3126 4104 tendebantur,
3161 4040 3567 4111 calumniisque

1975 4131 2223 4201 oppressi
2244 4131 2314 4186 ab
2330 4131 2469 4194 istis,
2496 4130 2589 4200 qui
2614 4140 3023 4186 consueverunt
3043 4131 3356 4188 Christiane
3377 4133 3570 4190 vivere

1974 4226 2222 4281 volentes
2248 4225 2453 4280 habere
2485 4239 2586 4295 pro
2628 4225 2960 4292 maledictis,
2992 4225 3048 4280 in
3078 4226 3410 4282 tentationes
3441 4243 3568 4297 gra-

1975 4317 2229 4372 vissimas
2267 4315 2585 4372 inciderunt
2637 4315 2952 4385 captivique
2975 4316 3129 4370 ducti
3165 4326 3312 4371 sunt.
3350 4317 3457 4372 Sed
3485 4326 3570 4373 ta-

1978 4423 2106 4462 men
2138 4422 2358 4477 semper
2382 4405 2648 4460 memoria
2686 4405 2955 4460 tenebant
2988 4415 3046 4461 et
3090 4421 3202 4476 prae
3232 4407 3409 4461 oculis
3433 4408 3565 4460 illud

1977 4495 2184 4553 Christi
2213 4515 2226 4550 :
2263 4516 2281 4548 ι
2313 4496 2369 4551 Si
2403 4512 2469 4551 ex
2495 4495 2701 4550 mundo
2722 4495 2937 4561 essetis,
2977 4496 3216 4551 mundus
3238 4496 3384 4567 quod
3405 4513 3567 4552 suum

1973 4599 2060 4644 est
2081 4588 2352 4660 diligeret.
2385 4587 2659 4654 Quoniam
2693 4595 2877 4642 autem
2912 4602 3024 4642 non
3066 4587 3198 4646 estis
3220 4587 3288 4643 de
3325 4587 3565 4654 mundo,

1975 4683 2184 4738 idcirco
2220 4697 2320 4736 vos
2356 4681 2598 4736 mundus
2625 4681 2756 4735 odio
2783 4683 3221 4752 prosequitur";
3252 4701 3270 4733 ι
3313 4683 3457 4739 sicut
3483 4698 3571 4738 re-

1975 4790 2106 4830 vera
2147 4783 2204 4829 et
2249 4772 2548 4842 Joscphum
2588 4773 2692 4827 ista
2742 4772 3037 4829 libidinosa
3091 4775 3307 4830 mulier.
3338 4776 3570 4830 Verum-

1976 4867 2264 4922 enimvero
2327 4864 2495 4918 etiam
2564 4865 2620 4919 in
2661 4864 2795 4934 ipsis
2831 4865 3120 4921 laboribus
3174 4867 3565 4930 dilatabantur,

1981 4956 2154 5029 gratia
2194 4956 2291 5010 Dei
2318 4955 2634 5010 emolliente
2663 4971 2794 5023 eos,
2837 4972 2977 5026 quos
3020 4972 3120 5026 par
3149 4965 3270 5011 erat
3299 4957 3560 5010 maximo-

1983 5064 2114 5119 pere
2157 5047 2430 5102 Iaborare.
2461 5046 2776 5116 Laetabatur
2805 5049 2956 5102 enim
2987 5055 3175 5101 custos
3204 5047 3446 5102 carceris
3465 5087 3479 5110 ,
3507 5057 3567 5102 ut

1983 5139 2119 5204 dixi,
2135 5153 2302 5208 super
2320 5137 2582 5208 Josepho.
2606 5137 2813 5192 Deinde
2839 5137 3146 5193 enuntiavit
3165 5139 3374 5192 somnia
3394 5153 3568 5192 eunu-

1984 5230 2213 5285 chorum
2238 5227 2570 5293 Pharaonis,
2595 5229 2900 5298 pincernaz,
2949 5229 3170 5298 inquam
3193 5270 3207 5292 ,
3243 5238 3298 5283 et
3322 5229 3566 5299 pistoris,

1985 5319 2078 5390 qui
2101 5317 2272 5372 vincti
2311 5327 2490 5374 erant.
2527 5318 2643 5384 Qua
2669 5319 2737 5372 de
2769 5334 2932 5374 causa
2966 5319 3187 5374 divinus
3205 5321 3439 5390 Joscph,
3469 5322 3565 5383 ait,

1985 5412 2044 5466 in
2079 5426 2291 5466 summa
2316 5421 2436 5464 crat
2463 5410 2850 5464 admiratione.
2892 5412 3026 5466 Cum
3054 5422 3235 5467 autem
3261 5414 3426 5468 etiam
3450 5413 3566 5485 ipse

1985 5504 2198 5558 Pharao
2224 5501 2552 5557 somniasset
2583 5502 2823 5558 futuram
2856 5521 2967 5559 non
2995 5505 3166 5560 multo
3203 5515 3327 5576 post
3374 5507 3571 5579 ingenc

1957 5660 2010 5710 v,
2044 5645 2130 5700 I9.

395 5744 472 5804 (Il
510 5742 693 5800 Codex
727 5742 1041 5797 llarlazanus
1063 5740 1206 5795 addit
1246 5758 1258 5792 :
1290 5734 1418 5792 Εἶτα
1446 5738 1525 5790 ὅτι
1554 5735 1682 5790 ποτέ
1715 5737 1828 5791 ἐστι
1855 5755 1876 5790 τ

1978 5737 2130 5790 σιόνδε
2165 5736 2609 5807 διερμηνεύοντες
2644 5737 3011 5804 ἐδιδάσκομεν.
