4004 6204
499 259 605 315 σεδ

1437 281 1441 286 -
1514 249 1573 305 8.
1614 246 1891 304 CYRILLI
1932 243 2403 300 ALEXANDRINI
2441 246 2760 305 ABCIHEP.

3677 246 3786 303 δτι

501 390 608 436 ιοηι
674 376 1024 434 sterilitatem
1076 382 1129 424 rt
1178 373 1446 442 insignem
1497 383 1564 423 ex
1618 367 1764 423 fame
1812 366 2082 430 laborem,

2202 363 2299 417 τῶν
2333 382 2393 418 τε
2448 367 2505 421 ὲν
2546 367 2811 440 Αἰγύπτῳ
2853 367 3036 437 σοφῶν
3072 366 3225 422 οὐδὲν
3287 364 3521 437 ἐχόντων
3572 366 3782 433 εἰπεῖν,

502 484 656 541 prius
700 467 927 539 quidem
970 462 1032 520 in
1086 464 1264 519 bobus
1310 461 1607 532 pinguibus
1639 468 1697 514 et
1741 456 2081 520 macilentis,

502 572 689 638 postea
718 577 852 617 vero
876 571 925 615 et
961 562 1012 613 in
1057 558 1226 628 spicis
1260 555 1533 625 ejusmodi
1564 553 1833 620 vidisset;
1864 552 2086 622 sapien—

503 656 651 710 tibus
684 652 908 708 interim
936 649 1156 721 Aﬂgypti
1206 647 1342 702 nihil
1386 644 1702 700 valentibus
1729 644 1937 709 dicere,
1968 642 2087 713 pla-

502 759 680 815 neque
709 742 1135 814 desperantibus
1155 740 1222 795 de
1243 753 1439 794 eorum
1467 750 1590 807 qme
1613 752 1711 806 per
1733 734 1948 791 somnia
1972 734 2091 789 haec

502 846 765 892 eventura
825 833 1301 906 significabantur,
1348 829 1720 886 declaratione
1767 826 2093 898 praeclarum

500 930 606 1001 ipsi
632 929 904 984 tributum
932 937 1019 984 est
1041 927 1446 991 testimonium,
1471 922 1618 994 quod
1653 921 1865 977 scilicet
1892 919 1976 974 eis
1993 934 2092 974 ex-

502 1021 772 1093 plicandis
796 1036 894 1091 par
923 1028 1088 1074 esset.
1118 1017 1276 1088 203
1299 1016 1599 1088 Aggressus
1614 1014 1798 1083 itaque
1815 1009 2091 1082 patefacit.

501 1109 819 1164 Admiratus
846 1109 1031 1178 itaque
1052 1108 1285 1169 Pharao,
1315 1106 1752 1176 dispensatorem
1774 1110 1938 1172 atque
1959 1101 2097 1156 adeo

501 1200 807 1274 principem
833 1201 1002 1255 totius
1022 1200 1179 1270 regni
1200 1197 1284 1253 sui
1309 1214 1434 1253 eum
1462 1195 1841 1252 constituit“.
1870 1193 2007 1249 Nam
2039 1201 2097 1247 et

500 1293 789 1359 Christus,
824 1301 882 1348 ut
922 1292 1090 1347 modo
1111 1292 1246 1357 dixi,
1295 1289 1741 1362 persecutionem
1783 1287 2099 1358 patiebatur

501 1386 663 1457 quasi
698 1386 754 1440 in
788 1399 1025 1455 persona
1075 1382 1475 1455 apostolorum.
1517 1380 1627 1436 Sed
1671 1379 1774 1444 illi,
1799 1378 1869 1434 de
1897 1377 2100 1449 quibus

502 1493 653 1534 nunc
704 1486 791 1533 est
829 1491 1041 1542 sermo,
1077 1491 1202 1531 cum
1261 1475 1319 1529 in
1371 1473 1509 1544 ipsis
1554 1471 1951 1528 alllictionibus
1982 1480 2100 1525 tan-

502 1588 671 1646 quam
720 1570 881 1627 valde
935 1569 1215 1640 sapientes
1252 1568 1551 1639 potuerint
1601 1566 1857 1622 abstrusa
1909 1563 2101 1620 multis

502 1683 731 1734 eruere,
757 1664 1040 1720 manifesti
1077 1662 1394 1735 cognitique
1436 1661 1567 1717 facti
1598 1668 1729 1717 sunt
1768 1659 2099 1730 quibusdam

505 1761 565 1816 in
608 1759 886 1815 mundana
917 1764 1191 1828 potestate
1222 1754 1559 1818 constitutis,
1591 1761 1758 1825 atque
1785 1751 1925 1808 adeo
1964 1752 2101 1823 ipsis

504 1852 732 1923 regibus
757 1859 937 1914 teme,
974 1847 1378 1919 quicredentes
1411 1862 1508 1903 eos
1541 1846 1749 1901 habere
1784 1844 2099 1900 futurorum

504 1942 793 2000 scientiam
811 1956 880 1996 ex
899 1940 996 1995 Dei
1021 1939 1360 1995 revelatione
1379 1938 1435 1993 in
1465 1938 1687 2008 spiritu,
1707 1945 2104 1993 concesserunt

503 2035 642 2108 ipsis
677 2032 1214 2089 administrationem
1241 2038 1298 2087 et
1323 2030 1698 2102 principatum
1723 2029 2002 2101 gentium,
2038 2036 2105 2085 ut

503 2127 720 2186 scilicet
740 2126 1141 2183 distribuerent
1167 2123 1552 2179 laborantibus
1593 2121 1737 2177 fame
1765 2121 2100 2189 doctrinam,

503 2236 629 2293 quze
651 2219 720 2276 ad
763 2217 1133 2274 immortalem
1156 2216 1326 2272 vitam
1349 2223 1643 2279 sustentat,
1678 2214 1785 2270 hoc
1823 2223 1928 2279 est,
1961 2215 2103 2271 divi-

503 2329 643 2371 num
686 2328 751 2369 ac
790 2312 1073 2368 caelestem
1123 2323 1470 2373 sermonem,
1521 2307 1987 2377 disciplinamque
2030 2306 2099 2364 ad

504 2407 714 2478 optima
770 2419 1005 2475 qumque
1048 2401 1437 2457 deducentem.
1484 2399 1551 2454 Hi
1587 2399 1968 2470 acquisierunt
2014 2402 2102 2472 (ac

502 2497 691 2569 potius
712 2511 813 2567 per
838 2495 988 2565 ipsos
1016 2489 1294 2561 Christus)
1326 2491 1438 2545 Deo
1467 2505 1531 2545 ac
1560 2490 1710 2545 Patri
1741 2491 1986 2562 gentium
2010 2506 2100 2548 re-

505 2586 748 2658 gionem,
792 2581 1260 2655 quemadmodum
1292 2590 1350 2637 et
1375 2580 1583 2651 Ioseph
1626 2581 1921 2651 acquisivit
1956 2582 2101 2640 Pha-

505 2679 665 2734 raoni
689 2676 1004 2749 Egyptum.
1027 2674 1131 2731 Cui
1154 2674 1322 2729 etiam
1347 2674 1575 2729 fuerunt
1605 2673 1702 2728 ﬁlii
1726 2674 1857 2741 duo,
1883 2676 2103 2732 Manas-

506 2789 598 2831 ses
621 2783 678 2829 e't
704 2770 995 2843 Ephraim,
1023 2784 1092 2824 ex
1109 2775 1285 2823 matre
1319 2766 1559 2823 Asenetb
1593 2765 1914 2838 Putipharis
1955 2768 2065 2824 filia
2084 2810 2101 2838 ,

507 2865 603 2936 qui
641 2873 762 2921 erat
789 2862 1069 2918 sacerdos.
1101 2860 1170 2915 Et
1199 2859 1499 2931 exponitur
1531 2860 1757 2930 quidem
1788 2860 2065 2917 Manasses
2085 2903 2099 2927 ,

508 2958 700 3015 oblivio
724 2956 998 3012 malorum
1042 2970 1161 3026 qua:
1195 2952 1538 3017 acciderunt;
1566 2952 1827 3022 Ephraim
1865 2967 1999 3007 vero
2024 2952 2102 3009 si-

2188 458 2572 529 ἀπειρηκότων
2593 460 2676 515 ’δὲ
2719 460 3001 524 παντελῶς
3052 460 3192 533 πρὸς
3236 466 3300 514 τό
3350 458 3616 513 δύνασθαι
3665 459 3787 515 δια.

2188 550 2421 620 τρανοῦν
2470 551 2542 606 τά
2588 554 2653 607 ἐκ
2689 553 2800 607 τῶν
2847 553 3141 625 ὁραμάτων
3193 552 3638 624 ὑποδηλούμενα·
3688 568 3785 622 με·

2193 642 2540 715 μαρτύρηται
2597 647 2696 718 μὲν
2756 648 2921 713 αὐτὸς
2983 648 3061 711 ὼς
3126 640 3238 711 οἷός
3295 663 3357 701 τε
3421 647 3578 701 τοῦτο
3631 645 3783 718 δρᾷΨ

2191 736 2479 807 παρελθὼν
2513 739 2570 792 δὲ
2610 739 2877 811 διεσάφει.
2914 742 3025 796 Καὶ
3056 741 3120 813 δὴ
3153 742 3245 795 καὶ
3288 740 3579 810 θαυμάσας
3616 740 3646 793 ό
3674 740 3787 795 Φα-

2195 828 2335 900 ραὼ,
2368 832 2573 902 ταμίαν
2618 833 2784 887 αὐτὸν
2817 833 2911 887 καὶ
2954 833 3257 905 ἡγούμενον
3304 833 3400 885 ἐπὶ
3446 830 3544 903 τὴν
3590 828 3785 886 ἑαυτοῦ

2194 921 2517 993 καθίστησιν
2551 924 2747 997 ἀρχήν.
2792 924 3076 979 Ἐδιὼκετο
3126 925 3230 997 μὲρ
3286 924 3397 995 γὰρ
3451 927 3479 978 ὀ
3527 924 3796 996 Χριστὸς,

2195 1015 2448 1088 καθάπερ
2477 1016 2616 1089 ἔφην
2665 1018 2889 1087 ἀρτίως,
2936 1018 3013 1083 ὡς
3059 1020 3116 1071 ἐν
3166 1017 3447 1090 προσώπῳ
3481 1016 3592 1071 τῶν
3620 1016 3793 1085 ἁγίων

2197 1107 2533 1163 ἀποστόλων.
2579 1109 2720 1163 Ἀλλ’
2751 1111 2811 1163 ἐν
2844 1110 3030 1173 αὐτοῖς
3056 1108 3207 1174 ὄντες
3234 1112 3347 1174 τοῖς
3374 1110 3559 1173 πόνοις
3589 1110 3639 1162 οἰ
3660 1109 3789 1180 περὶ

2198 1194 2274 1255 ὧν
2303 1202 2332 1254 ό
2353 1200 2529 1270 λόγος,
2559 1201 2637 1266 ὡς
2664 1203 2823 1272 σοφοὶ
2850 1202 2971 1256 λίαν
3015 1203 3110 1257 καὶ
3138 1201 3209 1256 τὰ
3255 1202 3472 1266 πολλοῖς
3500 1202 3788 1274 ἀπόρρητα

2198 1292 2521 1364 διατρανοῦν
2556 1288 2659 1347 οἷοί
2682 1312 2762 1357 τε,
2790 1294 3013 1367 φανεροί
3047 1294 3146 1365 μὲν
3172 1289 3315 1366 ἦσαν
3352 1296 3411 1348 ἐν
3452 1295 3649 1366 ἀρχαῖς
3678 1293 3787 1347 τῶν

2200 1386 2260 1438 ἐν
2292 1385 2484 1457 κόσμῳ
2519 1386 2685 1450 τισὶν,
2722 1380 2841 1439 εἶτα
2891 1386 2986 1440 κοιλ⁹
3021 1386 3203 1449 αὐτοῖς
3236 1388 3348 1450 τοῖς
3386 1384 3648 1457 κρατοῦσι
3691 1387 3789 1456 τῆς

2199 1473 2325 1542 γῆς,
2354 1474 2404 1528 οἶ
2439 1474 2536 1527 καὶ
2582 1472 2976 1537 πιστεύσαντες
3014 1474 3098 1526 ὅτι
3142 1473 3239 1527 καὶ
3275 1471 3446 1544 αὐτὴν
3475 1473 3657 1543 ἐγουσι
3681 1471 3790 1525 τῶν

2201 1562 2475 1634 ἐσομένων
2492 1561 2592 1634 τὴν
2619 1563 2840 1633 γνῶσιν,
2873 1561 2933 1627 ἐξ
2950 1561 3344 1631 ἀποκαλύψεως
3368 1561 3504 1615 Θεοῦ
3537 1564 3598 1614 ἐν
3620 1559 3790 1616 Πνεύ-

2206 1672 2357 1728 ματι,
2382 1656 2703 1725 οἰκονόμους
2727 1658 2822 1712 καὶ
2849 1658 3118 1728 ἄρχοντας
3140 1655 3307 1710 ἐθνῶν
3329 1656 3574 1725 γίνεσθαι
3597 1672 3793 1724 συγκε·

2201 1749 2516 1821 χωρήκασι,
2544 1748 2821 1821 διανέμειν
2851 1765 2912 1802 τε
2934 1751 3051 1811 τοῖς
3085 1749 3143 1801 ἐν
3171 1747 3316 1819 λιμῷ
3361 1746 3724 1819 μαθημάτων,
3756 1744 3794 1800 ἃ.

2201 1841 2296 1895 καὶ
2325 1842 2407 1905 εἰς
2439 1840 2585 1912 ζωὴν
2635 1840 2849 1912 συνέχει
2898 1840 2999 1913 τὴν
3040 1841 3340 1911 ἀκήρατον,
3404 1838 3652 1893 τουτέστι
3700 1837 3793 1892 τὸν

2202 1933 2347 1988 θεῖόν
2376 1950 2437 1987 τε
2467 1933 2563 1987 καὶ
2589 1934 2839 2007 οὐράνιον
2867 1933 3028 2003 λόγον
3048 1974 3062 1999 ,
3098 1934 3197 1987 καὶ
3226 1932 3324 2004 τὴν
3369 1933 3448 1996 εἰς
3475 1933 3582 1986 πᾶν
3613 1931 3793 1986 ὁτιοῦν

2200 2025 2312 2079 τῶν
2362 2023 2604 2098 ἀρίστων
2649 2025 3103 2097 ἁποκομίζουσαν
3149 2026 3448 2080 παίδευσιν.
3490 2017 3650 2079 Οὗτοι
3699 2026 3795 2078 καὶ

2201 2118 2631 2188 κατεκτήσαντο,
2685 2119 2884 2190 μᾶλλον
2912 2118 2969 2173 δέ
3015 2119 3081 2173 δι’
3120 2117 3301 2172 αὐτῶν
3347 2120 3376 2171 ὁ
3412 2116 3669 2190 Χριστος,
3711 2116 3795 2187 τῷ

2201 2208 2323 2280 θεῷ
2377 2209 2472 2264 καὶ
2523 2210 2702 2282 Πατρὶ
2739 2208 2837 2282 τὴν
2899 2210 3010 2265 τῶν
3042 2210 3233 2265 ιέθνῶν
3279 2208 3485 2282 χώραν,
3539 2209 3794 2280 καθάπερ

2200 2302 2394 2374 ἀμέλει
2416 2303 2513 2357 καὶ
2543 2302 2622 2374 τῷ
2658 2302 2862 2375 Φαραὼ
2881 2302 2981 2375 τὴν
3017 2303 3127 2357 τῶν
3157 2303 3473 2372 Αἰγυπτίων
3506 2303 3536 2356 ὁ
3570 2302 3793 2373 Ἰωσὴφ,

2200 2387 2247 2464 ᾧ
2275 2395 2372 2449 καὶ
2407 2396 2698 2465 γεγόνασιν
2731 2397 2840 2450 uio!
2884 2396 3000 2462 δύο,
3040 2396 3343 2468 Μανασσῆς
3384 2396 3478 2450 καὶ
3525 2392 3794 2465 Ἐφραῒμ,

2202 2488 2269 2542 ἐκ
2319 2487 2528 2559 μητρὸς
2573 2488 2789 2543 ’Δσενὲθ
2833 2489 2934 2560 τῆς
2984 2489 3239 2561 Πετεφρῆ
3296 2487 3583 2561 θυγατρὸς,
3633 2489 3691 2553 ὃς
3726 2484 3797 2561 ἦν

2204 2578 2406 2649 ἱερεύς.
2434 2580 2543 2634 Καὶ
2576 2578 2944 2652 ἑρμηνεύεται
2977 2581 3077 2653 μὲν
3106 2582 3136 2634 ὁ
3157 2580 3477 2652 Μανασσῆς.
3497 2580 3655 2649 λήθη
3689 2597 3799 2635 κα-

2203 2671 2330 2726 κῶν
2358 2671 2482 2726 τῶν
2507 2675 2993 2745 συμϐεϐηκότων·
3027 2677 3114 2742 εἰς
3141 2675 3338 2744 αὔξην
3375 2692 3442 2730 τε
3467 2675 3563 2730 καί
3591 2675 3799 2731 ἐπίδο-

2204 2779 2311 2819 σιν
2338 2764 2458 2833 τὴν
2483 2766 2580 2833 εἷς*
2619 2784 2686 2837 γε
2718 2766 2784 2821 τὸ
2833 2766 3098 2838 ἄμεινον,
3129 2768 3158 2820 ὁ
3197 2765 3457 2838 Ἐφρατμ.
3499 2766 3590 2831 Ἐξ
3638 2767 3799 2837 ἱερᾶς

2204 2858 2313 2928 γὰρ
2343 2858 2534 2932 ὥσπερ
2572 2861 2800 2933 μητρὸς,
2824 2862 2967 2932 φημὶ
2995 2861 3051 2916 δὲ
3075 2862 3174 2934 τῆς
3208 2863 3556 2935 Ἐκκλησίας,
3587 2863 3800 2934 καρποὶ

2203 2950 2484 3019 γεγόνασι,
2513 2953 2609 3005 καὶ
2644 2954 2703 3006 ἐν
2730 2956 2865 3017 υίοῖς
2894 2954 3031 3008 Θεοῦ
3069 2955 3157 3010 διὰ
3195 2956 3435 3019 πίστεως
3459 2957 3558 3028 τῆς
3579 2958 3638 3010 ἐν
3660 2958 3799 3030 Χρι-

508 3050 757 3124 gnincat,
786 3054 1128 3120 augmentum
1163 3053 1212 3098 et
1236 3045 1618 3097 incrementum
1644 3044 1698 3095 in
1733 3042 1941 3097 melius.
1967 3043 2098 3098 Nam

2210 3039 2321 3112 στῷ
2353 3042 2800 3113 καταλογισθεῖεν
2854 3045 2920 3100 ἂν
2950 3048 2998 3101 οἰ
3051 3049 3109 3116 ἐξ
3159 3048 3327 3102 ἐθνῶν
3369 3048 3720 3120 κεκλημένοι,
3746 3049 3800 3104 οἳ

504 3141 725 3199 fructus
746 3139 1005 3194 Ecclesiae
1028 3144 1288 3205 tanquam
1313 3149 1381 3188 ex
1413 3147 1571 3186 sacra
1606 3141 1784 3187 matre
1808 3134 1921 3188 nati
1948 3142 2098 3202 sunt,

509 3240 675 3301 atque
708 3231 855 3283 inter
881 3227 1024 3280 filios
1069 3223 1167 3279 Dei
1201 3237 1301 3293 per
1327 3221 1491 3277 fidem
1515 3221 1571 3276 in
1594 3220 1877 3278 Christum
1902 3240 2101 3281 nume-

510 3323 625 3378 rari
650 3326 882 3392 possunt
914 3317 1017 3381 illi,
1046 3317 1142 3386 qui
1190 3330 1259 3371 ex
1281 3314 1540 3385 gentibus
1585 3313 1766 3368 vocati
1800 3322 1960 3380 sunt,
2003 3317 2100 3388 qui

510 3415 680 3472 etiam
730 3413 787 3467 in
829 3409 1165 3465 oblivionem
1198 3407 1427 3463 venient
1463 3406 1714 3461 laborum
1758 3414 1816 3462 et
1845 3407 2100 3464 afﬂictio-

509 3521 668 3564 num.
697 3523 716 3556 ι
745 3498 1341 3564 Obliviscenturenim,
1369 3498 1571 3569 inquit,
1595 3497 2102 3557 tribulationissute

509 3598 725 3672 prima,
746 3610 927 3666 neque
948 3592 1187 3664 amplius
1207 3590 1472 3647 ascendet
1492 3590 1613 3647 bac
1633 3591 1690 3645 in
1713 3605 1809 3646 cor
1829 3591 2097 3662 ipsorum.

510 3691 575 3749 ln
601 3690 781 3761 capite
809 3688 1055 3758 ipsorum
1090 3692 1177 3740 est
1208 3683 1330 3739 laus
1357 3690 1415 3738 et
1441 3681 1770 3747 exsultatio,
1808 3691 1868 3738 et
1908 3683 2099 3742 iaztitia

513 3779 895 3856 apprehendet
918 3793 1015 3835 eos
1032 3777 1102 3833 “.
1138 3796 1157 3829 ι
1186 3775 1489 3832 Facessivit
1510 3773 1692 3842 dolor,
1727 3775 1981 3843 tristitia,
2003 3793 2102 3833 an-

513 3876 747 3950 gustiae:
785 3872 1011 3929 venient
1040 3870 1212 3943 igitur
1256 3884 1359 3924 suo
1386 3875 1636 3940 tempore
1661 3868 1721 3923 in
1762 3868 2098 3927 oblivionem

511 3970 807 4033 malorum,
860 3964 1172 4035 faciemque
1213 3976 1569 4034 progressus,
1627 3961 1695 4019 ad
1721 3961 1939 4020 dulcem
1981 3964 2101 4035 spei

510 4059 679 4116 linem
712 4055 1130 4112 contendentes.
1165 4053 1380 4124 Quippe
1420 4054 1517 4123 qui
1560 4053 1874 4124 migrabunt
1904 4069 1936 4110 e
1982 4060 2101 4111 ter-

510 4151 667 4206 renis
707 4147 776 4202 ad
805 4145 1050 4201 cmlestia
1076 4184 1091 4209 ,
1139 4159 1171 4197 a
1212 4142 1563 4213 temporariis
1606 4142 1675 4197 ad
1702 4159 1768 4199 ea
1796 4160 1921 4215 quae
1944 4154 2102 4202 extra

484 4224 677 4310 Zomue
706 4245 924 4306 tempus
946 4234 1125 4307 posita
1150 4241 1301 4297 sunt,
1331 4249 1399 4288 ex
1422 4226 1785 4302 corruptione
1805 4234 1872 4289 ad
1912 4235 2102 4291 incor-

483 4326 962 4409 ‘lruptibilitatem,
993 4338 1059 4380 ex
1084 4322 1387 4395 ignominia
1409 4322 1479 4377 ad
1499 4322 1750 4394 gloriam,
1771 4337 1841 4378 ex
1863 4322 2102 4380 inﬁrmi--

2208 3133 2304 3188 καὶ
2319 3135 2398 3199 εἰς
2411 3134 2581 3209 λήθην
2598 3138 2978 3211 ἐνεχθήσονται
3003 3140 3112 3195 τῶν
3141 3141 3341 3196 πόνων.
3369 3161 3388 3193 ι
3411 3142 3799 3215 Ἑπιλήσονται

2207 3232 2337 3300 γὰρ,
2363 3229 2517 3299 φησί,
2540 3230 2640 3302 τὴν
2678 3230 2856 3301 θλίψιν
2882 3232 3063 3286 αὐτῶν
3097 3233 3196 3302 τὴν
3226 3233 3468 3307 πρώτην,
3497 3235 3589 3289 καὶ
3614 3234 3678 3289 οὐ
3719 3237 3799 3308 μὴ

2206 3319 2381 3392 ἀναϐῇ
2408 3320 2586 3375 αὐτῶν
2614 3322 2704 3375 ἐπὶ⁵
2727 3323 2828 3395 τὴν
2859 3323 3112 3396 καρδίαν.
3150 3325 3276 3379 Ἐπὶ
3303 3326 3411 3397 γὰρ
3433 3326 3674 3398 κεφαλῆς
3695 3329 3803 3383 at)-

2206 3411 2317 3466 τῶν
2345 3413 2570 3477 αίνεσις,
2603 3415 2698 3469 καὶ
2745 3415 3079 3487 ἁγαλλίαμα,
3120 3419 3214 3472 καὶ
3268 3418 3575 3493 εὐφροσύνη
3623 3437 3800 3475 κατα-

2206 3503 2439 3576 λήψεται
2480 3504 2697 3570 αὐτούς.
2743 3525 2763 3560 ι
2803 3508 3040 3580 Ἀπέδρα
3090 3508 3285 3580 ὀδύνη,
3326 3509 3472 3581 λύπη
3535 3510 3631 3566 καὶ
3669 3529 3798 3567 στε-

2205 3597 2434 3669 ναγμός.
2453 3597 2682 3664 Ἦξουσι
2710 3598 2774 3672 δὴ
2795 3596 2888 3655 οὖν
2907 3601 3047 3656 κατά
3070 3603 3259 3673 καιρὸν
3285 3605 3366 3664 εἰς
3388 3602 3557 3677 λήθην
3584 3607 3801 3672 κακῶν,

2210 3689 2519 3761 βαδιοῦνται
2534 3691 2591 3746 δὲ
2620 3694 2714 3747 καὶ
2742 3694 2823 3757 είς
2848 3691 3041 3765 αὔξην,
3062 3696 3154 3748 ἐπὶ
3178 3695 3240 3749 τὸ
3260 3697 3358 3769 τῆς
3385 3697 3597 3763 ἐλπίδος
3617 3700 3799 3769 γλυκὺ

2206 3783 2581 3855 διατρέχοντες
2609 3784 2802 3855 πέρας.
2834 3786 3266 3857 Μετοιχήσονται
3299 3788 3407 3860 γὰρ
3436 3790 3501 3844 ἐκ
3534 3791 3645 3845 τῶν
3671 3795 3798 3847 ἐπι-

2207 3875 2372 3946 γείων
2398 3878 2477 3940 εἰς
2507 3875 2576 3929 τὰ
2608 3876 2926 3948 ἐπουράνια,
2951 3877 3060 3931 ἀπὸ
3085 3878 3194 3931 τῶν
3216 3880 3273 3932 ἐν
3301 3880 3481 3953 χρόνῳ
3513 3898 3800 3957 μεμετρηο

2212 3969 2390 4041 μένων
2460 3970 2541 4034 εἰς
2607 3967 2678 4022 τὰ
2734 3970 2993 4025 ἐπέκεινα
3061 3973 3253 4043 χρόνου
3279 3983 3297 4000 ‘
3350 3975 3416 4027 ἐκ
3453 3974 3662 4047 φθορᾶς
3710 3980 3800 4041 εἰς

2209 4060 2545 4133 ἀφθαρσίαν,
2571 4062 2651 4126 εἰς
2681 4061 2839 4127 δόξαν
2865 4061 2922 4128 ἐξ
2942 4063 3188 4134 ἀτιμίας,
3206 4062 3265 4129 ἐξ
3283 4063 3567 4130 ἀσθενείας
3595 4068 3677 4131 εἰς
3696 4065 3798 4122 δύ-

2209 4172 2395 4226 ναμιν.
2443 4153 2795 4224 Ἑγκειμένου
2853 4153 2911 4207 δέ
2957 4153 3037 4208 ἔτι
3085 4156 3179 4210 καὶ
3234 4157 3656 4228 παρατείνοντος
3696 4162 3796 4216 τοῦ

2207 4243 2395 4316 λιμοῦ,
2414 4244 2726 4316 κατέϐησαν
2746 4244 2798 4298 οἰ
2813 4243 2872 4309 ἐξ
2911 4241 3110 4299 Ἰακὼϐ
3125 4252 3210 4310 εἰς
3228 4247 3505 4317 Αἴγυπτον
3528 4250 3797 4323 πρίασθαι

2207 4337 2436 4408 τροφάς.
2473 4332 2606 4389 Εἶτα
2642 4336 2841 4409 μικροῦ
2892 4336 3096 4408 μεταξὺ
3149 4339 3566 4410 παρεισθέοντος
3606 4341 3793 4409 λόγου,

489 4414 624 4478 tate
647 4419 716 4475 ad
750 4418 1076 4490 potentiam.
1100 4416 1240 4474 Cum
1264 4431 1400 4472 vero
1416 4416 1528 4487 jam
1555 4416 1768 4488 vigeret
1795 4422 1853 4472 et
1876 4431 2096 4488 grassa-

2207 4429 2491 4502 μονονουχὶ
2532 4429 2590 4484 δὲ
2649 4430 2744 4483 καὶ
2804 4429 3157 4504 ἐναθύροντος
3213 4433 3400 4498 αὐτοῖς
3448 4432 3544 4487 τοῦ
3593 4434 3797 4506 Ἰωσὴφ

511 4519 668 4569 retur
685 4510 881 4574 fames,
903 4509 1315 4565 descenderunt
1335 4514 1392 4564 et
1413 4505 1510 4562 lilii
1535 4506 1706 4563 Jacob
1724 4507 1781 4561 in
1801 4505 2098 4580 Egyptum

510 4603 582 4658 ad
615 4601 911 4658 emendum
956 4599 1318 4655 frumentum.
1344 4598 1555 4655 Deinde
1590 4614 1718 4655 cum
1758 4598 1964 4669 Joseph
1986 4598 2103 4656 fra-

510 4704 625 4751 tres
652 4694 840 4765 jocose
883 4691 1103 4747 luderet
1135 4689 1395 4763 (dicebat
1436 4690 1584 4747 enim
1617 4705 1717 4748 eos
1753 4705 2104 4763 nequaquam

510 4789 582 4845 ad
623 4786 1055 4859 comparandum
1080 4785 1442 4851 frumentum,
1474 4784 1571 4841 sed
1601 4785 1670 4840 ad
1707 4785 2102 4857 explorandam

510 4890 720 4936 terram
735 4876 996 4946 venisse),
1008 4884 1331 4949 peteretque
1347 4876 1653 4948 Beniamin,
1676 4877 1772 4948 qui
1794 4885 1915 4934 erat
1932 4878 2106 4949 ipsius

511 4970 687 5028 frater
730 4969 996 5026 minimus
1050 4978 1205 5034 natu,
1241 4968 1405 5041 205
1441 4977 1607 5040 atque
1657 4968 1891 5024 instaret
1936 4985 2008 5026 ne
2033 4969 2105 5026 ab

510 5061 783 5136 Egyptiis
808 5057 1162 5119 diScederent
1203 5060 1463 5132 impuniti
1488 5101 1505 5123 ,
1548 5059 1659 5116 nisi
1698 5076 1826 5117 cum
1858 5060 2101 5121 adduca-

512 5188 640 5237 rent
679 5193 889 5244 secum,
913 5179 1007 5235 vix
1035 5177 1258 5235 tandem
1285 5177 1643 5249 permittente
1671 5186 1827 5248 patre
1868 5176 2100 5234 adduci-

513 5279 626 5328 tur.
658 5271 1021 5340 Posteaquam
1050 5280 1235 5325 autem
1259 5285 1367 5326 una
1393 5285 1520 5325 cum
1544 5270 1715 5325 fratre
1740 5269 1917 5340 ipsius
1935 5283 2100 5324 vene.

514 5371 667 5429 runt,
706 5362 872 5418 domo
900 5376 999 5417 sua
1036 5375 1135 5416 eos
1158 5360 1384 5432 excipit.
1408 5372 1572 5432 atque
1597 5374 1742 5426 aqua
1784 5360 1927 5414 lotos
1956 5371 2097 5428 pane

513 5461 572 5507 et
618 5454 752 5509 vino
801 5461 1013 5509 saturat
1034 5452 1099 5505 “.
1127 5452 1300 5510 Judaei
1331 5454 1501 5519 enim,
1527 5452 1772 5524 graviter
1810 5448 1995 5505 affecti
2038 5459 2097 5504 et

514 5546 776 5610 tanquam
801 5539 1133 5596 intolerabili
1166 5540 1306 5597 fume
1332 5547 1533 5612 pressi,
1565 5538 1896 5610 intelligibili
1925 5537 2091 5592 nimi-

2208 4519 2444 4590 (ἔφασκε
2464 4519 2575 4591 γὰρ
2609 4521 2685 4585 ὡς
2715 4520 2917 4592 ἥκιστα
2946 4523 3046 4594 μὲν
3078 4524 3263 4578 σιτίων
3303 4524 3489 4589 ἕνεκα,
3521 4543 3797 4582 κατασκεο

2202 4609 2429 4682 ψόμενοι
2458 4610 2515 4664 δὲ
2544 4611 2746 4684 μᾶλλον
2773 4614 2969 4685 ἥκουσι
2998 4614 3097 4686 τὴν
3128 4615 3799 4690 γῆν),προσαπαιτοῦντος

2204 4702 2263 4758 δὲ
2288 4703 2378 4757 τὸν
2407 4703 2689 4775 Βενιαμὶν,
2714 4703 2773 4769 ὃς
2817 4701 2886 4777 ἦν
2927 4705 3154 4778 ἀδελφὸς
3186 4708 3335 4780 αύτῷ
3378 4710 3471 4764 καὶ
3502 4711 3793 4775 νεώτατος,

2204 4795 2559 4868 ἐνισταμένου
2592 4796 2648 4851 δὲ
2679 4796 2762 4850 ὅτι
2809 4797 2911 4851 οὐκ
2954 4798 3023 4853 ἂν
3066 4799 3167 4871 τῆς
3203 4801 3518 4870 Αἰγυπτίων
3566 4802 3796 4874 ἀζήμιοι

2204 4888 2595 4956 ἀπαλλάξειαν,
2615 4888 2664 4941 εἰ
2694 4889 2770 4961 μὴ
2808 4889 3129 4962 παροίσειαν
3157 4891 3220 4946 τὸ
3255 4891 3561 4965 μειράκιονο
3598 4892 3797 4961 ἄγεται

2206 4982 2358 5053 μόλις
2408 4982 2631 5050 ἐφέντος
2660 4983 2845 5048 αὐτοῖς
2899 4983 2994 5037 τοῦ
3040 4985 3269 5057 πατρός.
3309 4984 3525 5058 Ἐπειδὴ
3563 4985 3619 5040 δὲ
3656 4981 3798 5054 ⁴ἧκον

2202 5072 2337 5144 ὁμοῦ
2366 5072 2445 5144 τῷ
2472 5073 2640 5141 παιδὶ,
2677 5072 2861 5129 λοιπὸν
2901 5075 2995 5129 ἐπὶ
3026 5076 3125 5148 τὴν
3160 5076 3345 5132 ἑστίαν
3394 5077 3598 5143 ἐκάλει,
3635 5077 3800 5132 ὕδατι

2200 5164 2260 5219 δὲ
2303 5163 2751 5235 διανενιμμένους
2781 5165 2969 5238 ἄρτοις
3016 5185 3076 5222 τε
3113 5168 3211 5222 καὶ
3252 5169 3382 5241 οίνῳ
3427 5168 3795 5240 κατεκορέννυ

2200 5255 2405 5311 λοιπόν.
2438 5256 2802 5329 Τεθλιμμὲνοι
2834 5258 2947 5332 γὰρ
2974 5259 3166 5334 ῶσπερ
3207 5261 3302 5317 καὶ
3340 5262 3602 5335 ἀφορήτῳ
3645 5261 3798 5334 λιμῷ

2204 5349 2649 5422 ἐκπεπιεσμὲνοι,
2675 5350 2835 5420 δῆλον
2859 5351 2917 5406 δὲ
2947 5353 3029 5408 ὃτι
3055 5352 3136 5424 τῷ
3159 5352 3358 5426 νοητῷ,
3389 5354 3531 5408 κατά
3562 5353 3797 5425 καιροὺς

2215 5440 2480 5507 Ἰουδαῖοι,
2509 5442 2611 5512 τὴν
2664 5442 2836 5515 ὀφρὺν
2879 5443 3111 5523 ἀφέντες
3148 5444 3245 5518 τὴν
3275 5444 3486 5518 ὑψηλὴν
3528 5447 3622 5500 καὶ
3656 5445 3793 5514 ἀγὲ»

2205 5550 2396 5607 ρωχον,
2434 5533 2658 5605 ἥξουσιν
2689 5532 2779 5586 ἐπὶ
2812 5530 3203 5606 Χριστὸν,”τῆς
3237 5536 3369 5607 παρ’
3396 5534 3566 5590 αὐτοῦ
3605 5534 3788 5606 γλιχο-

592 5718 639 5755 ⁶⁸
665 5718 801 5777 Gen.
846 5738 943 5791 ιι,
993 5739 1099 5779 xu.
1176 5724 1223 5757 “
1269 5723 1369 5780 ιω.
1414 5737 1535 5790 ιιιγ,
1564 5721 1648 5778 id.
1728 5722 1774 5755 ⁸⁸
1804 5722 1941 5780 Gen.
1976 5739 2103 5791 mi,
2139 5739 2283 5781 nm.
