4004 6204
345 300 446 357 δΞ3

1331 293 1849 352 GLAPHYROBUM
1888 293 1955 348 IN
1993 291 2293 347 GENESIM
2332 291 2460 346 LIB.
2503 292 2590 347 Π.

3505 293 3612 351 326

349 436 494 492 μενοι
520 417 754 490 τροφῆς,
785 417 948 485 ἁγίας
979 433 1040 470 τε
1068 416 1162 470 καὶ
1193 414 1594 484 πνευματικῆς,
1629 413 1791 483 φημὶ,
1834 412 1916 464 καλ

2032 424 2176 472 rum.
2206 408 2424 464 tandem
2455 408 2696 464 demisso
2719 408 3014 480 supercilio
3042 416 3099 464 et
3123 407 3377 464 insolenti
3395 411 3612 481 jactan-

345 510 628 576 ζωοποιοῦ.
669 510 728 563 '0
762 511 818 562 δὲ
848 509 909 562 οὐ
965 505 1315 578 προσδέξεται
1363 503 1482 575 μὲν,
1522 503 1660 572 πλὴν
1706 505 1766 557 οὐ
1808 503 1928 572 δίχα

343 599 433 653 τοῦ
462 600 586 654 νέου
615 599 766 658 λαοῦ.
811 591 872 651 οὗ
910 598 1004 650 καὶ
1044 599 1122 655 είς
1161 595 1331 648 τύπον
1363 593 1445 664 εἴη
1488 593 1554 646 ἂν
1592 595 1620 646 6
1648 593 1924 662 Βενιαμίν.

353 691 634 753 Ἐλθόντες
670 691 726 743 δὲ
757 689 947 759 ῶσπερ
985 690 1043 741 ἐν
1087 686 1358 758 ὁμοψυχίᾳ
1384 687 1476 738 καὶ
1512 687 1586 747 ὼς
1627 686 1684 736 ὲν
1733 683 1928 755 γνώμῃ

347 783 464 852 μιᾷ,
493 781 850 852 προσδέξεται
882 782 980 850 μὲν
1019 779 1242 848 ἱλαρῶς,
1281 777 1503 830 εἰσοίσει
1543 776 1598 828 δὲ
1630 775 1818 844 ῶσπερ
1847 778 1926 839 είς

343 873 469 926 ἴδιον
495 869 665 936 οἷκον,
695 873 964 932 τουτέστι,
995 872 1094 942 τὴν
1139 868 1481 939 Ἐκκλησίαν.
1506 864 1640 922 Εἶτα
1669 867 1924 936 διανίψων

341 964 494 1018 ὕδατι
524 964 774 1034 καθαρῷ,
811 963 889 1032 τῷ
910 964 1006 1034 τῆς
1042 960 1464 1030 παλιγγενεσίας
1513 958 1742 1030 λουτρῷ,
1774 959 1924 1028 ἄρτῳ

337 1071 395 1106 τε
432 1053 532 1106 καὶ
555 1053 681 1122 οἴνῳ
704 1051 1001 1122 διαθρέψει.
1043 1050 1335 1112 Μυστικῶς
1372 1049 1402 1099 6
1446 1047 1622 1115 λόγος.
1651 1047 1796 1118 Πλὴν
1826 1049 1926 1100 κά-

336 1147 486 1198 κεῖνο
529 1145 666 1214 πρὸς
694 1143 869 1212 τούτῳ
896 1142 1173 1211 λέγωμεν·
1227 1141 1624 1209 ἀνεγνωρίζετο
1665 1138 1763 1208 μὲν
1815 1138 1922 1210 γὰρ

336 1237 446 1298 τοῖς
473 1236 722 1303 ἀδελφοῖς
751 1237 779 1287 6
823 1235 1018 1306 Ἰωσὴφ
1047 1234 1164 1303 ἆμα
1193 1232 1269 1302 τῷ
1296 1231 1550 1302 Βενιαμὶν
1578 1233 1921 1303 ἀφιγμένοις,

337 1328 426 1380 καὶ
457 1326 526 1398 δὴ
560 1327 654 1379 καὶ
685 1324 965 1396 τραπέζης
995 1325 1192 1386 αὐτοὺς
1217 1322 1391 1392 ἠξίου,
1423 1324 1674 1394 καθάπερ
1696 1324 1922 1393 ἔναγχος

337 1421 491 1491 ἔφην.
516 1419 732 1489 Κλῆρον
753 1417 808 1470 δὲ
825 1418 1015 1471 οὐδένα
1035 1416 1181 1481 δοὺς,
1201 1417 1338 1480 ὅλως
1361 1416 1683 1487 ἀποτρέχειν
1704 1415 1919 1469 ἐκέλευε

335 1511 807 1583 κατακομιοῦντας
835 1509 970 1581 πρὸς
1003 1509 1164 1562 αὑτὸν
1197 1509 1288 1562 τὸν
1316 1509 1546 1579 πατέρα,
1574 1525 1646 1578 φη
1658 1508 1716 1577 μὶ
1738 1506 1802 1578 δὴ
1827 1507 1920 1563 τὸν

346 1603 562 1657 Ἰακώὸ.
603 1601 823 1671 Ἐπειδὴ
868 1601 924 1653 δὲ
977 1598 1348 1669 καταϐέϐηκε,
1391 1598 1487 1652 καὶ
1529 1598 1631 1669 ἥδη
1675 1597 1918 1668 παρόντα

332 1695 585 1749 τεθέαται
613 1697 727 1757 τοῖς
753 1695 962 1755 τέκνοις
991 1691 1152 1761 ὁμοῦ,
1169 1691 1289 1744 τότε
1317 1690 1402 1762 δὴ,
1425 1691 1546 1744 τότε
1564 1691 1662 1761 τήν
1691 1688 1918 1744 ἀπασῶν

2029 502 2105 556 tia
2143 502 2366 556 venient
2391 501 2457 556 ad
2484 501 2761 556 Christum
2787 541 2802 567 ,
2851 502 3009 556 avide
3036 502 3106 556 ab
3143 501 3262 571 ipso
3291 499 3610 572 expetentes

2026 597 2244 662 cibum,
2297 597 2638 666 spiritualem
2677 596 2941 650 nimirum
2985 606 3044 650 et
3083 596 3476 650 vivificantem.
3516 596 3612 651 Ille

2025 706 2156 745 vero
2186 705 2296 743 non
2327 689 2557 760 recipiet
2587 705 2684 744 eos
2715 689 2834 744 sine
2863 703 3006 742 novo
3025 689 3246 758 populo,
3272 689 3432 756 cujus
3453 697 3613 758 typus

2024 791 2109 837 est
2129 783 2434 853 Benjamin.
2459 782 2595 838 Cum
2623 792 2806 836 autem
2841 781 3096 835 venerint
3117 788 3376 848 tanquam
3403 779 3458 832 in
3488 779 3613 832 uni-

2021 883 2132 930 tate
2198 876 2426 945 spiritus
2485 875 2629 930 idem
2673 874 3014 936 sentientes,
3047 872 3282 942 benigne
3327 871 3610 925 hilariter-

2024 978 2131 1033 que
2157 978 2252 1017 eos
2289 963 2546 1032 excipiet,
2584 962 3008 1032 introducetque
3044 962 3214 1017 veluti
3245 961 3300 1014 in
3333 976 3487 1014 suam
3513 961 3612 1015 do-

2023 1067 2209 1116 mum,
2244 1051 2350 1106 hoc
2369 1061 2474 1114 est,
2527 1052 2852 1106 Ecclesium.
2917 1052 3122 1106 Deinde
3170 1051 3358 1105 lavans
3403 1050 3609 1104 munda

2023 1157 2184 1212 aqua,
2210 1143 2472 1197 nimirum
2504 1143 2722 1198 lavacro
2746 1143 3196 1214 regenerationis.
3227 1158 3368 1212 pane
3400 1149 3458 1197 et
3479 1142 3610 1196 vino

2021 1233 2290 1286 saturabit
2321 1247 2434 1288 cos.
2459 1233 2717 1304 Mysticus
2739 1249 2948 1289 sermo.
2975 1234 3245 1289 Creterum
3276 1222 3412 1286 illud
3441 1231 3608 1286 etiam

2019 1324 2382 1393 adjiciamus,
2433 1327 2579 1396 quod
2623 1327 2896 1396 Josephus
2945 1326 3108 1381 simul
3154 1339 3219 1378 ac
3259 1324 3608 1378 adduxerunt

2019 1411 2324 1482 Benjamin,
2355 1415 2608 1484 cognitus
2639 1415 2710 1469 sit
2753 1430 2784 1469 a
2833 1415 2951 1470 suis
2989 1413 3275 1477 fratribus,
3307 1429 3608 1483 mensaque

2017 1519 2134 1568 eos,
2172 1513 2232 1558 ut
2274 1505 2437 1559 modo
2477 1506 2610 1571 dixi,
2655 1506 2932 1578 dignatus.
2960 1505 3109 1560 Nihil
3135 1514 3320 1560 autem
3347 1505 3430 1559 eis
3453 1504 3608 1559 dedit

2019 1596 2268 1652 muneris
2291 1636 2306 1662 ,
2341 1597 2438 1652 sed
2491 1613 2709 1653 rursum
2745 1597 3028 1652 discedere
3063 1597 3312 1667 jubebat,
3356 1605 3418 1651 ut
3451 1595 3520 1649 ad
3549 1611 3607 1650 se

2018 1696 2254 1757 patrem,
2280 1688 2474 1754 Jacob,
2498 1690 2742 1759 inquam,
2763 1689 3120 1744 adducerent.
3134 1689 3426 1758 Postquam
3441 1686 3608 1758 igitur

332 1786 564 1858 ἀρίστην
619 1785 887 1855 ἀπένειμε
929 1783 1055 1853 γῆν.
1105 1783 1336 1853 Σημεῖον
1381 1783 1427 1836 δ’
1466 1781 1534 1836 ἂν
1581 1782 1792 1850 γένοιτο
1823 1781 1916 1834 καὶ

2019 1777 2324 1844 descendit,
2383 1788 2440 1835 et
2473 1782 2586 1851 jam
2617 1790 2943 1851 praesentem
2989 1782 3309 1851 conspexit,
3339 1798 3447 1836 una
3477 1797 3606 1837 cum

330 1879 488 1934 τοῦτο
509 1879 703 1949 σαφὲς,
722 1880 804 1933 ὅτι
820 1877 1029 1942 δέξεται
1055 1877 1153 1948 μὲν
1177 1879 1206 1930 6
1227 1875 1458 1948 Χριστὸς
1481 1876 1604 1938 τοὺς
1627 1874 1685 1940 ἐξ
1701 1873 1918 1947 Ἰσραὴλ

334 1971 763 2045 ἐπιστρέφοντας
789 1971 846 2022 ἐν
879 1970 1130 2040 ἐσχάτοις
1166 1966 1262 2022 τοῦ
1304 1966 1500 2030 αἰῶνος
1527 1968 1756 2037 καιροῖς,
1793 1981 1918 2017 συν-

332 2063 482 2126 ὄντος
526 2063 711 2125 αὐτοῖς
767 2059 1008 2131 δηλονότι
1054 2059 1199 2114 κατά
1240 2061 1442 2130 τρόπον
1481 2057 1790 2128 ὁμοψυχίας
1823 2056 1917 2109 καὶ

331 2153 423 2208 τοῦ
452 2154 578 2206 νέου
604 2151 756 2206 λαοῦ.
781 2151 951 2206 Τοῦτο
973 2151 1102 2220 γὰρ,
1128 2149 1204 2214 ῶς
1229 2149 1387 2220 ἔφην,
1412 2149 1441 2201 6
1463 2147 1741 2217 Βενιαμίν.
1771 2145 1916 2218 Πλὴν

331 2247 389 2298 οὗ
420 2245 550 2314 δίχα
584 2244 694 2298 τῶν
724 2244 894 2312 ἁγίων
933 2244 1197 2315 Πατέρων
1227 2244 1256 2295 6
1292 2243 1350 2294 ἐν
1390 2241 1599 2293 ἐλπίσιν
1623 2241 1752 2309 ἡμῖν
1784 2239 1916 2292 ἀπο-

330 2333 615 2402 δοθήσεται
640 2333 1078 2404 χλῆρος.”Ὠσπερ
1105 2331 1215 2402 γὰρ
1245 2331 1418 2396 αὐτοὶ,
1449 2330 1625 2383 καίτοι
1651 2330 1791 2382 κατά
1825 2328 1918 2382 πίε

334 2439 444 2476 στιν
481 2421 878 2486 ἀποθανόντες,
926 2421 1002 2484 ὡς
1047 2419 1177 2490 γοῦν
1217 2422 1245 2474 6
1304 2419 1469 2488 σοφὸς
1525 2419 1628 2489 ἔφη
1679 2417 1912 2482 Παῦλος,

338 2533 354 2566 ι
383 2517 494 2570 Οὐκ
552 2513 879 2582 ἐκομίσαντο
923 2514 1022 2582 τὴν
1059 2511 1412 2581 ἐπαγγελίαν,
1458 2510 1551 2564 τοῦ
1595 2509 1753 2576 Θεοῦ,
1784 2511 1915 2581 περὶ¹

331 2605 486 2675 ἡμῶν
511 2605 759 2676 κρεῖττόν
782 2623 835 2659 τι
861 2605 1331 2676 προϐλεψαμένου,
1353 2603 1441 2658 ἵνα
1467 2604 1541 2674 μὴ
1564 2603 1734 2673 χωρἰς
1758 2602 1914 2674 ήμῶν

332 2695 716 2750 τελειωθῶσίνο
759 2713 780 2746 ι
821 2693 965 2748 οὕτω
1001 2696 1107 2764 καὶ,
1141 2696 1300 2765 ἡμεῖς
1347 2692 1750 2764 περιμενοῦμεν
1788 2693 1914 2756 τοὺς

335 2786 606 2858 Πατέρας,
653 2787 740 2840 ἴνα
777 2785 852 2857 μὴ
883 2786 1051 2859 χωρὶς
1092 2785 1272 2840 αὐτῶν
1302 2785 1695 2854 τελειωθῶμεν.
1745 2783 1912 2854 Ὁμοῦ

328 2877 623 2950 τοιγαροῦν
652 2881 764 2942 τοῖς
821 2879 996 2948 ἁγίοις
1044 2879 1345 2950 Πατράσιν,
1396 2878 1445 2930 οἱ
1476 2876 1680 2946 πρῶτοί
1716 2893 1776 2929 τε
1817 2875 1913 2930 καὶ

334 2971 486 3039 μέσοι
516 2969 614 3024 καὶ
652 2970 950 3024 τελευταῖοι
980 2969 1120 3035 λαοὶ,
1147 2969 1240 3023 τὸν
1280 2969 1502 3040 ἄριστόν
1538 2984 1597 3020 τε
1625 2968 1718 3022 καὶ
1748 2969 1912 3022 ἀνεκ-

333 3063 552 3130 ποί.;τον
597 3061 698 3130 τῆς
740 3061 848 3114 τῶν
889 3060 1136 3133 οὐρανῶν
1187 3059 1463 3130 βασιλείας
1521 3058 1912 3130 ἀποληῷμεθα

2016 1871 2210 1926 liberis
2229 1881 2288 1927 et
2327 1871 2531 1928 familia
2557 1915 2573 1939 ,
2611 1881 2744 1929 tunc
2786 1874 3007 1929 demum
3042 1874 3236 1929 tribuit
3274 1875 3356 1929 eis
3400 1883 3606 1930 terram

2017 1964 2266 2018 omnium
2297 1965 2562 2034 optimam
2586 1965 2653 2021 ".
2680 1965 2836 2032 Quod
2873 1982 3004 2022 sane
3049 1949 3609 2038 evidens’argumen—

2018 2059 2134 2108 tum
2181 2070 2302 2109 esse
2328 2063 2530 2124 potest,
2558 2057 2724 2111 etiam
2747 2057 3049 2120 Israelitas,
3081 2059 3137 2112 in
3160 2059 3475 2114 novissimis
3503 2075 3605 2115 sa-

2016 2143 2125 2198 culi
2145 2145 2486 2215 temporibus
2509 2156 2869 2212 revertentes,
2895 2165 2927 2204 a
2959 2148 3180 2204 Christo
3201 2158 3488 2220 acceptum
3513 2149 3604 2214 iri,

2015 2236 2272 2292 videlicet
2298 2237 2518 2308 quando
2544 2240 2924 2294 consenserint
2955 2255 3081 2294 eum
3116 2255 3260 2294 novo
3300 2242 3525 2311 populo.
3553 2241 3607 2298 ls

2014 2328 2162 2384 enim
2205 2338 2309 2394 est,
2343 2339 2404 2384 ut
2433 2330 2566 2395 dixi,
2589 2331 2893 2402 Benjamin.
2920 2333 3091 2387 Porro
3119 2333 3414 2388 litereditas
3440 2349 3606 2404 quam

2015 2435 2331 2490 speramus,
2356 2437 2468 2476 non
2494 2422 2716 2476 dabitur
2743 2422 2906 2477 nobis
2946 2421 3155 2492 absque
3183 2424 3392 2478 sanctis
3425 2423 3606 2493 patri~

2015 2509 2136 2567 bus.
2166 2511 2637 2579 Quemadmodum
2667 2513 2815 2568 enim
2849 2513 3013 2568 etiam
3044 2513 3080 2567 ii
3107 2515 3206 2584 qui
3232 2515 3285 2574 in
3320 2515 3426 2569 fide
3453 2530 3608 2568 mor-

2013 2603 2093 2658 tui
2121 2613 2286 2670 sunt,
2329 2613 2390 2660 ut
2427 2606 2644 2675 sapiens
2666 2605 2872 2660 Paulus
2928 2605 3144 2674 inquit,
3185 2626 3201 2657 ι
3241 2623 3352 2661 non
3375 2621 3608 2676 accepe~

2014 2703 2146 2750 runt
2172 2697 2679 2765 repromissionem,
2708 2697 2822 2752 Deo
2854 2703 2956 2767 pro
2979 2697 3141 2752 nobis
3172 2699 3370 2752 melius
3395 2697 3607 2767 aliquid

2012 2785 2364 2856 providente,
2393 2795 2454 2840 ut
2475 2802 2584 2841 non
2607 2787 2724 2842 sine
2749 2788 2914 2842 nobis
2935 2795 3454 2842 consummarentur
3478 2786 3545 2853 ⁸⁸;
3579 2807 3599 2839 ι

2013 2876 2092 2932 ita
2133 2875 2300 2931 etiam
2343 2892 2445 2931 nos
2483 2877 2926 2946 exspectabimus
2960 2886 3172 2946 patres,
3211 2892 3280 2931 ne
3320 2877 3440 2932 sine
3471 2877 3609 2948 ipsis

2011 2967 2533 3042 perficiamur..Una
2547 2968 2692 3023 enim
2717 2985 2781 3024 ac
2806 2969 3015 3040 pariter
3034 2985 3160 3024 cum
3188 2970 3396 3026 sanctis
3428 2972 3604 3042 patri-

2012 3059 2118 3114 bus
2147 3055 2311 3130 primi
2342 3067 2398 3114 et
2422 3060 2590 3115 medii
2630 3069 2686 3116 et
2717 3062 2896 3116 ultimi
2925 3062 3112 3132 populi
3139 3103 3154 3127 ,
3181 3063 3446 3132 optimam
3477 3063 3604 3118 nul-

333 3154 532 3225 γ).ῐ;ρον
567 3153 624 3205 ἐν
655 3151 907 3224 Χριστῷ’
946 3152 1012 3206 δι’
1057 3147 1120 3207 οὗ
1158 3153 1254 3206 καὶ
1302 3151 1419 3222 μεθ’
1451 3147 1512 3206 οὗ
1555 3152 1630 3222 τῷ
1664 3151 1782 3222 Θεῷ
1819 3153 1910 3205 καὶ

2017 3149 2173 3220 laque
2196 3165 2361 3204 manu
2397 3149 2617 3215 factam,
2644 3160 2740 3206 aut
2782 3151 3102 3222 acquisitam
3147 3152 3300 3220 regni
3339 3151 3606 3206 caelorum

334 3245 506 3316 Πατρὶ
537 3245 570 3315 ἡ
598 3244 724 3310 δόξα
766 3245 862 3298 σὺν
892 3243 1031 3315 ἁγίῳ
1078 3242 1358 3314 Πνεύματι
1400 3245 1480 3306 εὶς
1520 3244 1644 3306 τοὺς
1685 3242 1908 3308 αἰῶνας.

344 3337 398 3389 Ἀ
407 3337 536 3407 μήν.

330 3552 465 3619 Περὶ
512 3551 624 3608 τοῦ
687 3552 909 3623 Ἰωσὴφ
949 3554 1045 3608 καὶ
1081 3552 1201 3608 τῶν
1241 3553 1388 3610 υἱῶν
1436 3554 1619 3611 αὐτοῦ
1673 3555 1914 3625 Ἐ’ςοραῒμ

893 3646 991 3699 καὶ
1023 3645 1354 3716 Μανασσῆ.

403 3794 467 3830 α.
511 3796 531 3827 ι
566 3779 724 3830 Πᾶσα
762 3778 860 3848 μὲν
891 3777 1036 3842 δόσις
1069 3778 1270 3850 ἀγαθὴ,
1299 3779 1396 3832 καὶ
1436 3779 1540 3832 πᾶν
1565 3778 1796 3850 δώρημα
1822 3778 1912 3832 τέ-

328 3867 465 3919 λειον
494 3866 704 3921 ἄνωθέν
751 3869 867 3921 ἐστι
917 3869 1243 3925 καταϐαῖνον
1295 3871 1358 3924 ἐκ
1411 3869 1506 3924 τοῦ
1546 3870 1760 3941 Πατρὸς
1803 3869 1914 3923 τῶν

331 3961 541 4025 φώτων.
577 3976 595 4008 ι
627 3957 796 4012 Οὐδὲν
823 3958 881 4011 δὲ
912 3955 1050 4012 εἷναί
1093 3977 1235 4030 φημι
1267 3959 1374 4015 τῶν
1408 3960 1550 4014 οὕτω
1579 3960 1793 4014 σεπτῶν
1819 3959 1914 4013 καὶ

329 4047 683 4119 ἐξῃρημένων
715 4049 955 4117 ἀγαθῶν,
984 4049 1013 4103 ὃ
1051 4051 1124 4122 μὴ
1150 4051 1235 4104 διὰ
1260 4051 1498 4123 Χριστοῦ
1530 4051 1911 4121 κερδαίνομεν.

334 4156 350 4188 ι
389 4139 585 4207 Γέγονε
635 4139 765 4211 γὰρ,
813 4143 966 4212 φησὶ,
1013 4142 1242 4214 μεσίτης
1279 4143 1413 4197 Θεοῦ
1445 4143 1540 4197 καὶ
1590 4143 1910 4216 ἀνθρώπων,

328 4230 416 4282 καὶ
440 4229 685 4283 διἀὖτοῦ
707 4231 805 4302 τὴν
827 4233 1192 4302 προσαγωγὴν
1220 4235 1533 4305 ἐσχήκαμεν
1555 4237 1612 4289 ἐν
1635 4236 1716 4289 ἐνὶ
1740 4237 1912 4290 Πνεῦ-

331 4339 456 4390 ματι
483 4321 625 4394 πρὸς
654 4321 746 4377 τὸν
783 4323 842 4376 ἐν
882 4325 1130 4395 οὐρανοῖς
1169 4325 1385 4395 Πατέρα
1420 4327 1515 4379 καὶ
1545 4327 1700 4382 Θεόν.
1739 4346 1759 4380 ι
1791 4329 1913 4383 Tot-

327 4413 514 4482 γάρτοι
547 4415 645 4467 καὶ
671 4413 931 4482 ἔφασκεν·
971 4433 990 4465 ι
1031 4413 1216 4477 Οὐδεὶς
1247 4415 1464 4485 ἔρχεται
1510 4417 1648 4488 πρὸς
1677 4417 1767 4470 τὸν
1799 4419 1912 4470 Πα-

2012 3241 2392 3297 hereditatem
2437 3243 2773 3313 accipiemus
2820 3243 2874 3296 in
2908 3243 3148 3308 Christo,
3198 3259 3302 3314 per
3341 3258 3505 3313 quem
3550 3251 3606 3297 et

2011 3350 2138 3389 cum
2165 3349 2274 3404 quo
2307 3335 2380 3390 sit
2403 3336 2516 3390 Deo
2547 3344 2603 3390 et
2630 3336 2777 3390 Patri
2796 3336 2970 3406 gloria
3007 3353 3134 3392 cum
3163 3345 3356 3393 sancto
3387 3335 3603 3406 Spiritu

2012 3424 2070 3480 in
2101 3427 2301 3481 saecula
2324 3426 2672 3481 saeculorum.
2697 3426 2894 3481 Amen.

2015 3557 2174 3629 205
2230 3557 2308 3612 De
2345 3557 2569 3629 Josepho
2613 3566 2662 3612 et
2694 3558 2822 3628 ﬁliis
2872 3560 3036 3630 ipsius
3088 3560 3346 3632 Ephraim
3407 3571 3456 3614 et
3485 3560 3606 3615 Ma-

2712 3667 2887 3706 nasse.

2085 3780 2136 3834 l.
2175 3798 2192 3830 ‹
2226 3777 2398 3836 Omne
2432 3779 2622 3835 datum
2645 3780 2935 3850 optimum,
2961 3790 3017 3835 et
3032 3795 3195 3834 omne
3224 3780 3430 3834 donum
3469 3797 3602 3850 per-

2010 3870 2215 3926 fectum
2237 3871 2525 3926 descendit
2550 3887 2581 3925 a
2609 3873 2770 3927 Patre
2793 3872 3063 3926 luminum
3085 3872 3151 3924 ".
3189 3890 3208 3922 ι
3227 3871 3447 3926 Nullum
3472 3889 3604 3930 vero

2011 3961 2151 4016 adeo
2193 3960 2564 4030 pretiosorum
2609 3969 2774 4029 atque
2803 3961 3132 4015 eximiorum
3171 3960 3444 4016 bonorum
3481 3978 3604 4018 esse

2011 4067 2232 4118 censeo,
2258 4051 2407 4121 quod
2428 4067 2537 4106 non
2565 4066 2968 4121 consequamur
2991 4067 3091 4121 per
3115 4051 3419 4108 Christum.
3453 4073 3472 4105 ι
3497 4055 3601 4110 Fa-

2011 4152 2133 4200 ctus
2157 4151 2242 4198 est
2266 4142 2417 4198 enim
2454 4142 2723 4198 mediator
2762 4142 2859 4197 Dei
2882 4151 2939 4197 et
2967 4142 3257 4198 hominum
3301 4145 3369 4199 '°.
3411 4145 3480 4200 Et
3507 4162 3604 4216 per

2010 4237 2190 4308 ipsum
2219 4250 2500 4291 accessum
2515 4234 2783 4288 habemus
2815 4234 2868 4287 in
2909 4249 3022 4288 uno
3052 4233 3263 4304 Spiritu
3318 4235 3387 4290 ad
3427 4236 3604 4291 Deum

2009 4336 2066 4383 et
2102 4329 2319 4384 Patrem
2338 4327 2616 4382 caelestem
2640 4326 2708 4379 “.
2739 4344 2756 4376 ι
2793 4324 2949 4380 Unde
2974 4333 3033 4380 et
3056 4325 3174 4394 ipse
3198 4325 3382 4379 dixit:
3421 4344 3440 4378 ι
3492 4327 3602 4382 Ne-

2011 4436 2102 4476 mo
2127 4421 2278 4476 venit
2308 4419 2377 4474 ad
2403 4421 2618 4474 Patrem
2647 4416 2752 4471 nisi
2778 4432 2878 4487 per
2901 4433 2989 4472 me
3019 4417 3086 4470 ⁸².
3136 4437 3154 4469 ι
3191 4417 3252 4471 In
3289 4417 3412 4488 ipso
3451 4418 3602 4473 enim

327 4503 474 4574 τέρα,
513 4505 564 4555 εἰ
594 4505 671 4574 μὴ
726 4504 794 4558 δι’
835 4504 992 4574 ἐμοῦ.
1026 4524 1044 4558 ι
1085 4506 1173 4558 Ἐν
1223 4507 1370 4578 αὐτῷ
1417 4507 1475 4562 δὲ
1509 4485 1603 4562 καὶ
1648 4508 1716 4562 δι’
1744 4507 1910 4562 αὑτοῦ

2017 4520 2070 4568 et
2093 4528 2190 4584 per
2207 4511 2384 4582 ipsum
2410 4509 2591 4565 omnis
2634 4485 2822 4580 gratia:
2879 4508 3189 4578 plenitudo,
3223 4517 3282 4563 et
3311 4485 3603 4579 splendida

328 4596 429 4647 πᾶν
454 4595 735 4666 πλήρωμα
761 4595 980 4668 χάριτος
1003 4597 1096 4650 καὶ
1123 4597 1446 4670 κληροδοσία
1466 4601 1714 4673 λαμπρά.
1744 4600 1911 4654 Πλού-

2017 4605 2326 4660 haareditas.
2369 4604 2514 4658 Deus
2558 4601 2706 4656 enim
2732 4600 2888 4656 dives
2938 4601 3244 4666 exsistens,
3287 4599 3466 4655 factus
3517 4609 3604 4655 est

330 4703 436 4749 σιος
474 4687 588 4758 γὰρ
617 4686 694 4739 ὢν
723 4689 752 4739 6
784 4688 938 4755 Θεὸς,
968 4687 1280 4761 ἐπτώχευσε
1325 4690 1582 4762 δι’ἡμᾶς,
1618 4694 1705 4748 ἵνα
1747 4695 1912 4766 ἡμεῖς

2017 4706 2241 4768 propter
2266 4711 2368 4751 nos
2401 4710 2629 4766 pauper,
2665 4701 2728 4748 ut
2758 4709 2859 4750 nos
2889 4693 3064 4765 ipsius
3102 4703 3427 4766 pauperlate
3462 4695 3601 4749 dita-

325 4780 388 4848 τῇ
426 4779 597 4833 αὑτοῦ
649 4780 894 4852 πτωχεία
947 4780 1366 4853 πλουτήσωμεν,
1417 4785 1511 4838 καὶ
1557 4786 1636 4850 είς
1669 4786 1768 4859 τὴν
1805 4786 1915 4842 τῶν

2017 4789 2282 4854 remur”,
2301 4796 2469 4857 utque
2487 4787 2556 4842 ad
2585 4794 2900 4843 sanctorum
2936 4796 3154 4858 patrum
3182 4787 3414 4859 gloriam
3464 4801 3599 4843 con-

328 4869 494 4936 ἁγίων
526 4872 792 4943 Πατέρων
837 4873 1237 4943 ἀναφοιτῶντες
1272 4877 1450 4946 δόξαν,
1485 4878 1578 4932 καὶ
1607 4879 1704 4949 τῆς
1731 4880 1914 4945 αὐτοῖς

2017 4881 2326 4944 tendentes,
2343 4879 2508 4934 etiam
2539 4893 2693 4948 spem
2725 4879 2861 4949 ipsis
2883 4880 3046 4950 longe
3066 4878 3442 4948 dignissimam
3467 4893 3599 4933 eon-

330 4962 407 5015 δτι
428 4964 665 5032 μάλιστα
688 4966 1151 5040 πρεπωδεστάτης
1174 4969 1389 5034 ἐλπίδος
1421 4971 1742 5043 μεταλαχεῖν
1767 4973 1916 5044 iuxti-

332 5070 533 5123 σωμεν.
561 5055 673 5109 Θέα
697 5057 753 5112 δὲ
774 5058 946 5131 ἀληθῆ
967 5060 1058 5113 τὸν
1081 5063 1173 5115 ἐπὶ
1199 5061 1406 5127 τούτοις
1427 5063 1724 5133 λόγον,τοῖς
1753 5066 1916 5138 ἱεροῖς

333 5145 660 5218 Γραμμασιν
689 5150 850 5214 ἐνιεὶς
877 5151 970 5204 τὸν
1013 5152 1114 5222 τῆς
1153 5153 1391 5218 διανοίας
1429 5155 1726 5227 ὀφθαλμόν.
1758 5158 1910 5228 Ἔχει

333 5241 435 5310 γὰρ
457 5233 561 5293 ὦδε
584 5239 747 5294 πάλιν
768 5258 780 5270 ·
811 5260 829 5293 ι
871 5242 1122 5311 Ἐγένετο
1144 5243 1200 5296 δὲ
1226 5245 1365 5316 μετά
1385 5245 1454 5301 τὰ
1474 5248 1694 5318 ῥήματα
1714 5247 1908 5311 ταῦτα,

333 5331 422 5382 καὶ
447 5331 726 5402 ἀνηγγέλη
747 5331 825 5402 τῷ
862 5333 1080 5404 Ἰωσὴφ,
1101 5335 1184 5386 ὅτι
1210 5337 1239 5388 6
1273 5335 1454 5408 πατὴρ
1486 5336 1652 5389 αὑτοῦ
1679 5335 1912 5406 ἐνοχλεῖ-

331 5436 434 5474 ται.
477 5423 591 5476 Καὶ
624 5422 914 5479 ἀναλαϐὼν
942 5426 1070 5490 τοὺς
1108 5425 1202 5479 δύο
1245 5428 1394 5489 υἱοὺς
1443 5427 1608 5482 αὐτοῦ
1651 5427 1744 5481 τὸν
1787 5429 1911 5482 Μα-

331 5515 502 5584 νασσῆ
536 5516 632 5569 xui
668 5516 762 5568 τὸν
801 5516 1060 5591 Ἐφραῖμ,
1092 5515 1220 5592 ἦλθε
1260 5519 1396 5590 πρὸς
1449 5519 1662 5574 Ἰακώϐ.
1703 5520 1912 5589 ’Λπηγ-

2013 4973 2169 5043 sequi
2193 4986 2498 5044 possemus.
2529 4970 2656 5025 Haec
2679 4981 2864 5027 autem
2889 4971 2963 5025 ita
2987 4985 3046 5025 se
3078 4968 3286 5023 habere
3309 4969 3469 5024 facile
3499 4984 3594 5026 co-

2012 5079 2264 5135 gnosces,
2290 5063 2337 5118 si
2363 5059 2563 5118 mentis
2582 5063 2744 5118 oculo
2773 5075 2958 5117 sacras
2991 5059 3230 5115 Litteras
3263 5062 3598 5130 contemple-

2013 5151 2110 5208 ris.
2153 5150 2391 5206 ltaenim
2415 5150 2622 5205 habent
2653 5168 2666 5204 :
2707 5168 2726 5200 ι
2766 5149 2993 5204 Factum
3018 5156 3299 5204 estautem
3335 5158 3458 5220 post
3481 5150 3599 5206 haec

2012 5243 2204 5309 verba,
2229 5253 2286 5300 et
2322 5242 2634 5298 nuntiatum
2674 5250 2759 5296 est
2778 5240 3042 5311 Josepho,
3101 5241 3247 5310 quod
3285 5251 3444 5312 pater
3479 5244 3598 5313 ejus

2012 5336 2256 5408 graviter
2280 5342 2589 5406 aegrotaret.
2619 5333 2687 5388 Et
2736 5333 2978 5402 acceptis
3007 5332 3225 5388 duobus
3275 5333 3402 5388 filiis
3461 5334 3594 5400 suis,

2015 5429 2260 5484 Manasse
2284 5435 2341 5482 et
2373 5425 2656 5498 Ephraim,
2676 5423 2829 5480 venit
2867 5425 2933 5480 ad
2959 5425 3248 5480 Jacobnm.
3286 5426 3596 5481 Annuntia-

2015 5528 2216 5576 verunt
2265 5526 2448 5572 autem
2485 5515 2692 5571 Jacobo
2743 5514 2991 5570 dicentes
3029 5532 3041 5568 :
3080 5514 3216 5570 Ecce
3267 5513 3414 5570 filius
3469 5524 3598 5569 tuus

401 5674 451 5748 ξζ
479 5674 615 5748 Qen.
653 5692 965 5733 ιιιν-ιινιι.
1045 5681 1092 5713 ⁸⁸
1119 5679 1284 5736 Ilebr.
1312 5698 1386 5748 ιι,
1421 5681 1506 5736 59.
1589 5683 1632 5714 δ’
1664 5682 1776 5738 Jac.
1813 5697 1849 5748 ι,
1881 5683 1916 5736 l‘

2045 5684 2089 5714 ’θ
2122 5683 2138 5736 1
2168 5682 2308 5736 Tim.
2341 5696 2396 5745 ιι,
2425 5677 2476 5732 5.
2561 5677 2600 5707 "
2637 5676 2837 5747 Ephcs.
2875 5693 2931 5741 ιι,
2970 5675 3054 5730 l8.
3134 5677 3178 5708 "
3210 5675 3364 5731 Joan.
3401 5690 3506 5741 xw,
3539 5673 3591 5730 6.

333 5742 380 5774 ⁸⁸
411 5743 452 5798 11
495 5745 623 5802 Cor.
668 5763 779 5814 vui,
822 5750 875 5804 9.
