4004 6204
433 311 536 370 327

1467 314 1523 371 S.
1567 313 1840 370 CYRIILI
1881 311 2352 368 ALEXANDRINI
2393 312 2712 369 ARCHIEP.

3602 315 3704 371 3.38

430 423 631 498 JOSepb
660 424 811 481 venit
831 425 898 481 ad
926 434 1010 493 te;
1037 433 1092 482 et
1118 426 1460 484 confortatus
1484 430 1647 484 Israel
1671 429 1917 500 erigebat
1953 443 2012 482 se

2120 426 2248 497 γέλη
2271 425 2329 480 δὲ
2351 427 2430 498 τῷ
2470 426 2682 492 Ἰακὼϐ,
2714 425 2963 496 λέγοντες
2984 443 2996 457 ·
3034 427 3164 481 Ἰδοὺ
3193 429 3221 481 6
3253 428 3369 490 υἱός
3395 444 3489 480 σου
3509 429 3704 500 Ἰωσὴφ

432 519 488 574 in
516 520 677 585 lecto,
702 526 758 574 et
782 519 919 574 dixit
939 521 1003 575 ad
1028 521 1327 592 Josephum
1351 540 1364 576 :
1389 523 1536 577 Deus
1557 539 1714 578 meus
1761 521 2016 592 apparuit

431 611 568 665 mihi
596 611 652 664 in
682 611 828 666 Luza
846 611 899 664 in
922 612 1202 678 Chanaan,
1228 613 1618 684 benedixitque
1639 613 1796 680 mihi,
1838 620 1894 668 et
1934 613 2017 667 di-

432 701 512 756 xit
539 702 606 755 ad
629 717 750 755 me:
793 701 934 756 Ecce
957 717 1060 773 ego
1098 703 1312 774 augebo
1341 714 1416 770 te,
1450 714 1505 758 et
1531 704 1910 774 multiplicabo
1940 713 2014 769 te,

433 800 490 847 et
509 793 700 846 faciam
730 799 781 846 te
807 793 864 846 in
893 796 1346 866 congregationcs
1371 797 1640 868 gentium,
1666 806 1722 852 et
1743 797 1886 852 dabo
1915 796 2017 850 tibi

433 890 636 937 terram
677 883 841 949 hanc,
864 892 919 938 et
946 886 1141 940 semini
1171 897 1267 942 tuo
1297 896 1423 957 post
1455 896 1506 942 te
1529 888 1584 943 in
1614 890 2018 959 possessionem

429 983 716 1029 aeternam.
760 977 919 1032 Nunc
949 977 1118 1048 igitur
1179 980 1258 1033 illi
1311 981 1421 1035 duo
1461 979 1580 1046 ﬁlii,
1607 981 1702 1052 qui
1747 983 1862 1036 nati
1890 989 2019 1037 sunt

431 1068 530 1122 tibi
554 1070 609 1124 in
650 1068 902 1140 ngypto,
947 1081 1240 1141 antequam
1305 1090 1406 1145 ego
1440 1075 1507 1129 ad
1535 1083 1588 1130 te
1631 1075 1741 1130 huc
1767 1075 2016 1129 venerim

431 1160 488 1216 in
516 1159 830 1232 Egyptum,
855 1159 963 1219 mei
985 1174 1133 1229 sunt,
1163 1166 1423 1235 Ephraim
1473 1174 1529 1221 et
1577 1167 1844 1231 Manassc,
1877 1167 2018 1220 sicut

432 1252 627 1308 Ruben
653 1265 708 1309 ct
739 1254 960 1310 Simeon
992 1257 1099 1311 mei
1125 1269 1311 1312 erunt.
1360 1257 1466 1324 Qui
1515 1267 1698 1313 autem
1749 1267 1872 1329 post
1915 1275 2018 1314 na-

432 1355 656 1400 scentur
681 1346 778 1400 tibi
807 1348 885 1401 tui
906 1358 1099 1413 erunt,
1141 1350 1589 1420 quandoquidem
1617 1359 1673 1406 et
1699 1352 1755 1405 hi
1796 1352 2020 1407 nomine

429 1434 660 1489 fratrum
699 1453 925 1492 suorum
971 1441 1318 1495 vocabuntur
1354 1442 1411 1496 in
1449 1442 1670 1496 illorum
1723 1443 2018 1499 haeredita-

432 1529 598 1583 tibus.
626 1529 856 1597 Quando
890 1541 1074 1587 autem
1107 1550 1208 1606 ego
1226 1535 1576 1591 discedebam
1613 1552 1682 1617 ex
1708 1535 2018 1607 Mesopota-

429 1620 539 1675 mia
576 1620 765 1692 Syriae,
805 1635 1024 1679 mortua
1055 1634 1142 1680 est
1173 1627 1378 1682 Rachel
1413 1637 1591 1684 mater
1630 1636 1724 1683 tua
1781 1628 1839 1683 in
1872 1638 2019 1685 terra

428 1712 706 1781 Chanaan,
741 1733 828 1772 me
859 1719 1334 1790 apprOpinquante
1351 1721 1419 1776 ad
1440 1722 1862 1793 hippodromum
1879 1723 2022 1779 Cha—

429 1805 638 1862 brathze
673 1817 852 1872 terrm,
900 1826 1001 1880 per
1035 1827 1198 1881 quam
1231 1812 1344 1867 itur
1375 1813 1432 1868 in
1495 1823 1701 1870 terram
1735 1815 2015 1886 Ephratw,

429 1903 597 1966 atque
640 1901 869 1968 sepelivi
897 1917 1018 1955 eam
1052 1901 1109 1956 in
1135 1903 1222 1958 via
1253 1904 1625 1975 hippodromi.
1671 1906 1793 1977 Ipsa
1831 1915 2017 1963 autem

428 1999 514 2045 est
547 1991 866 2046 Bethlehem
899 1994 965 2049 ⁸⁸.
1006 2014 1024 2046 ι
1077 1995 1578 2067 Pervenitquidem
1607 1999 1777 2055 Jacob
1815 2001 1885 2055 ad
1932 2015 2018 2056 se-

428 2089 708 2137 nectutem
758 2083 982 2151 bonam,
1028 2095 1089 2141 ut
1122 2089 1387 2159 scriptum
1444 2097 1528 2146 est
1561 2108 1574 2144 :
1611 2090 1707 2146 sed
1755 2093 2016 2163 quoniam

426 2173 533 2242 jam
563 2190 629 2228 ex
668 2175 926 2231 humanis
949 2178 1117 2233 rebus
1148 2180 1438 2251 migrabat,
1478 2182 1810 2238 benedicere
1870 2185 2020 2256 cogi-

429 2264 578 2318 tabat
612 2265 740 2320 ﬁliis
771 2268 1010 2338 Ioseph;
1053 2271 1217 2342 206
1253 2273 1494 2342 quicum
1519 2281 1706 2328 essent
1741 2289 1808 2328 ex
1842 2282 2018 2331 matre

427 2355 755 2426 alienigena,
805 2358 1048 2414 Ascneth
1081 2359 1191 2416 lilia
1225 2363 1524 2418 sacerdotis
1584 2364 1918 2435 Putipharae,
1946 2381 2017 2421 ne

427 2445 552 2512 quis
581 2445 723 2501 forte
755 2448 1126 2504 lsraelitarum
1156 2466 1253 2506 eos
1305 2452 1740 2519 abominaretur,
1771 2463 2018 2525 putaret-

425 2552 532 2604 que
564 2539 712 2608 ipsos
749 2550 1067 2596 extraneum
1097 2559 1162 2598 ac
1180 2544 1457 2600 diversum
1487 2561 1659 2616 genus
1694 2563 1848 2616 esse;
1891 2549 2016 2604 ideo

425 2630 728 2698 prudenter
767 2632 1024 2703 bonoque
1073 2635 1307 2690 consilio
1360 2636 1582 2692 divinus
1624 2639 1794 2694 Jacob
1858 2640 2015 2696 Josc-

424 2721 595 2790 phum
641 2724 889 2795 aliosque
913 2725 1113 2782 fratres
1150 2739 1383 2784 conatur
1421 2730 1639 2798 docere,
1673 2733 1843 2803 quod,
1879 2734 2020 2790 divi-

423 2815 512 2869 nis
543 2816 782 2871 oraculis
810 2818 1072 2885 monitus,
1107 2835 1299 2875 omnes
1319 2822 1412 2892 qui
1443 2838 1510 2877 ex
1546 2824 1680 2895 ipsis
1718 2826 1832 2881 nati
1863 2835 2013 2894 sunt,

415 2903 527 2960 εἰσί
578 2908 856 2978 mancipet
892 2916 948 2964 et
989 2911 1111 2966 loco
1151 2897 1388 2968 ﬁliorum
1424 2916 1643 2971 habeat.
1687 2917 1779 2972 Ait
1815 2920 1962 2974 enim
1999 2937 2013 2974 :

433 3017 452 3048 ι
479 2997 747 3069 Apparuit
779 3002 916 3058 mihi
943 3003 1090 3059 Deus
1119 3005 1176 3060 in
1218 3016 1367 3062 terra
1394 3007 1676 3076 Chanaan,
1724 3030 1743 3063 ι
1785 3028 2016 3083 expres-

425 3106 592 3161 seque
617 3093 751 3146 mihi
792 3095 1046 3163 promisit
1074 3112 1162 3151 me
1194 3097 1310 3152 fore
1335 3106 1548 3166 patrem
1583 3102 2018 3170 quamplurimo-

426 3198 548 3235 rum
611 3185 962 3253 populorum,
1025 3201 1223 3254 meque
1263 3187 1602 3242 dilatandam
1658 3190 1713 3243 in
1745 3197 1936 3260 gentes
1962 3201 2019 3248 et

424 3271 669 3339 gentium
704 3271 1178 3340 congregationcs.
1213 3274 1318 3328 Per
1349 3274 1455 3329 hoc
1486 3275 1655 3346 igitur
1675 3278 1758 3333 eis
1793 3295 2020 3349 persua-

424 3358 519 3412 det
553 3371 611 3412 ut
646 3359 820 3414 Deum
848 3359 1067 3415 sincera
1111 3371 1296 3419 mente
1330 3364 1624 3422 honorent.
1651 3368 1824 3425 Docet
1861 3369 2019 3428 insu-

423 3463 525 3517 per
589 3456 650 3502 ut
713 3449 1058 3520 propinquos
1092 3466 1194 3521 pro
1250 3452 1517 3511 fratribus
1581 3459 1698 3514 suis
1735 3470 2013 3532 reputent,

425 3539 600 3594 multo
637 3539 810 3610 magis
879 3541 1022 3607 illos,
1079 3543 1173 3612 qui
1223 3558 1292 3598 ex
1348 3544 1484 3614 ipsis
1553 3549 1660 3603 orti
1721 3561 1882 3617 sunt,
1933 3561 2018 3609 ta-

423 3631 584 3685 metsi
621 3631 765 3686 forte
795 3647 862 3686 ex
897 3640 1072 3687 matre
1125 3635 1430 3706 alienigena
1461 3637 1570 3692 sint
1597 3643 1890 3709 procreati.

492 3719 547 3773 2.
575 3720 826 3776 Breviter
855 3722 1041 3792 itaque
1081 3724 1324 3781 historiae
1365 3735 1512 3782 textu
1553 3731 1847 3801 explicato,
1883 3734 2017 3791 illud

423 3810 680 3876 dicimus,
715 3814 864 3884 quod
897 3823 952 3869 et
993 3831 1093 3871 nos
1126 3817 1230 3871 [ide
1253 3819 1540 3889 justiﬁcati
1577 3822 1706 3878 facti
1731 3839 1928 3882 sumus
1959 3828 2016 3882 in

422 3902 645 3961 Christo
682 3906 777 3961 lilii
819 3909 1041 3978 quidem
1078 3910 1196 3975 Dei,
1243 3919 1300 3966 et
1329 3910 1618 3969 domestici
1670 3927 2014 3988 sanctorum,

422 3999 702 4054 mediante
747 3999 886 4069 ipso,
923 4009 977 4056 et
1025 4017 1125 4072 per
1166 4003 1411 4075 scipsum
1451 4021 1554 4061 nos
1584 4011 1878 4079 copulante
1907 4012 2014 4067 sibi

425 4100 482 4146 et
508 4092 674 4157 Patri,
707 4091 989 4162 choroque
1025 4105 1380 4151 sanctorum:
1412 4101 1877 4168 quemadmodum
1899 4104 2016 4162 fere

427 4182 595 4236 etiam
647 4183 851 4252 Joseph
906 4184 1288 4253 interpositus,
1321 4191 1497 4258 patris
1525 4192 1612 4246 sui
1660 4193 1800 4250 filios
1832 4197 2016 4252 effecit

398 4265 690 4364 {Ephraim
739 4285 797 4330 et
851 4276 1158 4342 Manassen,
1197 4290 1254 4335 et
1302 4284 1740 4352 patriarcharum
1770 4291 2015 4364 catalogo

444 4368 634 4422 iscribi
675 4389 686 4423 :
732 4390 750 4420 ι
787 4369 948 4424 Nunc
1001 4375 1172 4436 enim,
1221 4373 1321 4440 ait,
1380 4374 1492 4431 duo
1528 4376 1625 4432 ﬁlii
1653 4379 1729 4434 tui
1769 4381 1866 4450 qui
1899 4381 2014 4436 nati

2117 517 2338 590 ἔρχεται
2379 519 2516 590 πρὸς
2569 520 2628 572 σέ
2655 536 2669 550 ’
2711 520 2806 572 καὶ
2854 519 3144 590 ἐνισχύσας
3190 521 3409 592 Ἰσραὴλ
3453 521 3705 576 ἐκάθισεν

2117 611 2212 664 ἐπὶ
2243 611 2340 682 τὴν
2370 611 2577 681 κλίνην.
2608 612 2718 665 Καὶ
2741 609 2894 666 εἶπεν
2929 612 3122 666 Ἰακὼὸ
3144 613 3224 684 τῷ
3256 613 3551 684 Ἰωσήφ·⁹0
3573 614 3706 678 Θεός

2123 721 2224 775 μου
2251 705 2408 775 ὤφθη
2443 723 2532 776 μοι
2564 707 2622 760 ἐν
2649 705 2831 778 Λουζᾷ
2858 707 2916 758 ἐν
2947 710 3016 779 γῇ
3043 706 3285 772 Χαναὰν,
3321 708 3414 761 καὶ
3444 708 3706 779 εὐλόγησὲ

2123 815 2212 868 με,
2238 800 2331 852 καὶ
2367 794 2487 851 εἶπέ
2516 815 2636 868 μοι·
2682 800 2812 853 Ἰδοὺ
2845 796 2952 864 ἐγὼ
2985 800 3206 872 αὑξήσω
3236 817 3294 853 σε
3325 801 3420 853 καὶ
3451 800 3706 872 πληθυνῶ

2121 908 2201 954 σε,
2235 892 2329 944 καὶ
2367 893 2580 963 ποιήσω
2624 908 2683 944 σε
2712 893 2792 956 είς
2831 893 3153 962 συναγωγὰς
3191 892 3380 958 ἐθνῶν,
3419 893 3513 949 καί⁸
3549 893 3707 948 δώσω

2121 996 2204 1032 σοι
2234 981 2333 1051 τὴν
2359 983 2462 1050 γῆν
2484 981 2709 1053 ταύτην,
2734 983 2829 1037 καὶ
2855 983 2934 1054 τῷ
2954 982 3227 1056 σπέρματί
3253 1002 3347 1038 σου
3378 986 3516 1056 μετὰ
3544 985 3604 1038 σέ
3627 987 3708 1050 είς

2120 1073 2451 1143 κατάσχεσιν
2475 1074 2712 1129 αἰώνιον.
2739 1075 2856 1129 Νῦν
2884 1073 2980 1130 οὖν
3008 1078 3057 1129 οί
3080 1076 3173 1130 δύο
3200 1094 3293 1131 σου
3324 1078 3449 1145 υἱοὶ,
3478 1079 3527 1132 oi
3553 1081 3709 1148 γενό-

2123 1165 2274 1235 μενοί
2308 1183 2390 1218 σοι
2416 1167 2473 1220 ἐν
2501 1170 2572 1239 γῇ
2604 1169 2882 1238 Αἰγύπτῳ,
2913 1168 3022 1241 πρὸ
3053 1169 3147 1223 τοῦ
3179 1187 3246 1240 με
3282 1170 3458 1225 ἐλθεῖν
3487 1171 3622 1242 πρὸς
3648 1173 3709 1226 σέ

2120 1259 2202 1320 είς
2247 1259 2542 1326 Αἴγυπτον,
2592 1261 2717 1331 ἐμοί
2769 1263 2926 1328 εἰσιν,
2973 1261 3217 1334 Ἑφραῒμ
3264 1264 3359 1317 καὶ
3381 1266 3703 1336 Μανασσῆς,

2120 1346 2196 1410 ὼς
2235 1349 2494 1420 Ῥουὸεὶμ
2527 1353 2622 1404 καὶ
2647 1351 2874 1423 Συμεὼν
2910 1353 3122 1408 ἔσονταί
3153 1372 3262 1426 μοι.
3302 1356 3383 1410 Τὰ
3410 1357 3466 1410 δὲ
3486 1357 3706 1426 ἔκγονα,

2119 1439 2156 1494 ἃ
2184 1439 2280 1494 ἐὰν
2305 1443 2576 1516 γεννήσῃς
2609 1444 2747 1514 μετὰ
2761 1445 2957 1512 ταῦτα,
2992 1449 3074 1500 σοὶ
3105 1447 3339 1514 ἔσονται,
3363 1450 3454 1503 ἐπὶ
3491 1451 3569 1521 τῷ
3592 1451 3709 1505 ὀνό-

2125 1548 2256 1602 ματι
2289 1532 2399 1586 τῶν
2421 1534 2663 1605 ἀδελφῶν
2688 1537 2869 1591 αὐτῶν
2886 1539 3250 1612 κληθήσονται
3271 1543 3328 1595 ὲν
3346 1545 3458 1606 τοῖς
3483 1544 3709 1598 ἐκείνων

2121 1623 2367 1694 κλήροις.
2409 1625 2550 1694 Ἐγὼ
2581 1627 2646 1697 δὴ
2673 1629 2840 1700 ἡνίκα
2870 1631 3122 1702 ἠρχόμην
3153 1633 3217 1686 ἐκ
3246 1634 3347 1703 τῆς
3379 1635 3703 1690 Μεσοποτα-

2127 1716 2254 1787 μίας
2279 1717 2379 1788 τῆς
2406 1719 2626 1792 Συρίας,
2650 1721 2891 1776 ἀπέθανε
2927 1724 3128 1795 Ῥαχὴλ
3151 1727 3183 1797 ἡ
3216 1727 3400 1798 μήτηρ
3426 1745 3520 1781 σου
3544 1729 3600 1782 ἐν
3633 1733 3704 1801 γῇ

2119 1809 2361 1876 Χαναὰν,
2400 1811 2713 1880 ἐγγίζοντός
2754 1832 2857 1886 μου
2895 1817 3036 1870 κατά
3077 1816 3169 1871 τὸν
3211 1818 3544 1891 ἱππόδρομον
3593 1823 3709 1876 Χα-

2120 1900 2302 1974 6ραθᾶ
2331 1902 2432 1973 τῆς
2476 1904 2581 1975 γῆς
2620 1905 2715 1959 τοῦ
2746 1907 2924 1962 ἐλθεῖν
2947 1910 3028 1973 είς
3043 1909 3145 1980 γῆν
3171 1911 3548 1983 Ἐφραθᾶ,καὶ
3573 1926 3711 1969 καφ-

2117 1990 2306 2064 ὡρυξα
2338 1996 2509 2067 αὐτὴν
2543 1998 2604 2050 ἐν
2640 2001 2706 2069 τῇ
2739 1998 2845 2070 ὁδῷ
2871 2000 2966 2054 τοῦ
2998 2003 3358 2075 ἱπποδρόμου.
3404 2005 3555 2078 Αὕτη
3588 2008 3709 2062 ἐστὶ

2118 2085 2390 2157 Βηθλεέμ.
2430 2107 2451 2140 ι
2507 2088 2838 2161 Ἐτέθραπτο
2873 2093 2972 2164 μὲν
3011 2095 3120 2166 γὰρ
3146 2099 3174 2149 6
3204 2098 3475 2169 μακάριος
3510 2100 3712 2155 Ἰακὼό

2117 2179 2177 2232 ἐν
2207 2179 2366 2251 γήρει
2389 2179 2560 2251 καλῷ,
2583 2182 2724 2236 κατὰ
2745 2184 2804 2236 τὸ
2827 2187 3232 2257 γεγραμμένον.
3273 2190 3489 2261 Ἐπειδὴ
3515 2192 3573 2245 δὲ
3597 2209 3709 2246 των

2117 2271 2240 2325 καθ’
2273 2273 2419 2344 ἡμᾶς
2449 2273 2718 2346 ἀπεδήμει
2746 2279 3110 2349 πραγμάτων,
3143 2279 3386 2349 εὐλογεῖν
3410 2282 3709 2336 ἐσκέπτετο

2116 2361 2243 2425 τοὺς
2268 2362 2326 2428 ἐξ
2369 2361 2593 2435 Ἰωσήφ·
2642 2367 2694 2420 οἶ
2738 2367 2968 2440 ἐπείπερ
3009 2364 3151 2440 ἦσαν
3191 2371 3256 2424 ἐκ
3295 2373 3500 2444 μητρὸς
3544 2373 3706 2427 ἀλλο-

2117 2451 2332 2520 γενοῦς,
2367 2455 2465 2526 τῆς
2508 2456 2724 2511 Ἀσενὲθ
2760 2458 3032 2532 θυγατρὸς
3071 2461 3263 2533 ἱερέως
3290 2464 3386 2517 τοῦ
3415 2466 3703 2538 Πετεφρῆ,

2119 2545 2207 2600 ἵνα
2251 2548 2411 2619 μήτις
2449 2549 2648 2614 αὐτοὺς
2690 2553 3162 2624 καταμυσάττοιτο
3205 2555 3314 2610 τῶν
3357 2557 3418 2622 ἐξ
3467 2559 3703 2630 Ἰσραὴλ,

2117 2633 2352 2705 ἕκφυλόν
2379 2654 2438 2690 τε
2490 2640 2586 2692 καὶ
2625 2639 2830 2696 ὀθνεῖον
2877 2643 3064 2715 ἡγοῖτο
3105 2645 3166 2698 τὸ
3217 2645 3392 2715 γένος,
3435 2648 3614 2718 σοφῶς
3643 2667 3707 2702 τε

2116 2728 2213 2782 καὶ
2260 2730 2618 2802 οἰκονομικῶς
2650 2735 2680 2787 ό
2721 2734 3011 2801 θεσπέσιος
3060 2738 3255 2793 Ἰακὼό
3315 2741 3477 2796 αὐτόν
3511 2759 3569 2795 τε
3611 2743 3707 2796 τὸν

2129 2821 2329 2895 Ἰωσὴφ
2360 2825 2449 2878 καὶ
2485 2827 2707 2900 ἐτέρους
2741 2830 2892 2894 υἱοὺς
2927 2831 3275 2904 είσπειρᾶται
3305 2833 3599 2901 διδάσκειν,
3621 2837 3708 2890 ὅτι

2116 2917 2238 2978 ταῖς
2266 2916 2438 2981 θείαις
2463 2919 2729 2989 ἑπόμενος
2748 2921 2990 2994 ψήφοις,
3010 2924 3220 2990 πάντας
3251 2926 3545 2982 οίκειοῦται
3579 2930 3711 2993 τοὺς

2117 3003 2179 3071 ἐξ
2205 3007 2384 3062 αὐτῶν
2413 3011 2727 3078 γεγονότας.
2764 3031 2782 3064 ι
2815 3014 2994 3085 Ὠφθη
3017 3016 3126 3087 γάρ
3158 3035 3270 3088 μοι,
3301 3020 3488 3090 φησὶν,
3510 3023 3540 3074 6
3573 3021 3710 3086 Θεὸς

2042 3117 2085 3176 c
2119 3099 2178 3151 ἐν
2209 3101 2279 3171 γῇ
2312 3101 2557 3168 Χαναὰν,
2595 3123 2613 3156 ι
2649 3106 2741 3158 καὶ
2791 3106 2874 3159 ὅτι
2916 3107 3186 3164 πλείστων
3217 3110 3315 3182 μὲν
3343 3113 3487 3166 ὅσων
3512 3114 3709 3186 ἔσομαι

2120 3191 2266 3246 λαῶν
2297 3195 2500 3267 πατὴρ,
2530 3199 3043 3272 κατευρυνθήσομαι
3089 3203 3148 3257 δὲ
3193 3205 3287 3260 καὶ
3336 3208 3418 3271 είς
3455 3207 3580 3280 ἔθνη
3611 3211 3710 3263 καὶ

2121 3285 2444 3354 συναγωγάς
2466 3287 2657 3357 ἐθνῶν,
2683 3292 2985 3362 ἀναφανδὸν
3001 3298 3361 3368 ἐπηγγέλλετο
3420 3303 3508 3356 Ἐν
3527 3304 3711 3376 ταυτῷ

2117 3375 2184 3446 δὴ
2206 3374 2320 3444 οὖν,
2347 3378 2443 3432 καὶ
2470 3379 2603 3434 Θεὸν
2641 3383 2927 3439 ἀναπείθει
2959 3392 3126 3461 τιμᾷν
3169 3394 3291 3457 ταῖς
3322 3395 3403 3458 είς
3445 3374 3711 3465 ἀλήθειαν

2118 3466 2318 3534 δόξαις.
2359 3472 2468 3524 Καὶ
2499 3474 2732 3539 οἰκείους
2777 3479 3032 3548 ἡγεῖσθαι
3077 3481 3318 3538 διδάσκει
3371 3487 3498 3550 τοὺς
3544 3489 3710 3560 ἀγχι-

2121 3563 2432 3632 στεύοντας,
2467 3567 2668 3636 μᾶλλον
2695 3570 2752 3622 δὲ
2785 3573 2910 3636 τοὺς
2939 3573 3000 3641 ἐξ
3030 3575 3210 3630 αὐτῶν
3243 3579 3575 3649 ἀναφύντας,
3602 3579 3712 3636 κᾶν

2119 3655 2167 3708 εί
2199 3655 2458 3724 γεγόνασι
2490 3659 2654 3730 τυχὸν
2683 3661 2746 3714 ἐκ
2789 3664 2997 3735 μητρὸς
3021 3667 3364 3737 ἁλλογενοῦς.

2191 3746 2257 3818 β’.
2288 3748 2474 3820 Βραχὺ
2502 3751 2570 3819 ,δὲ
2610 3753 2710 3823 τῆς
2746 3755 2989 3826 ἱστορίας
3029 3759 3092 3811 τὸ
3119 3761 3292 3831 πάχος
3338 3763 3708 3835 ἐκϐαίνοντες,

2118 3838 2296 3894 ἐκεῖνό
2326 3855 2528 3911 φαμεν·
2555 3843 2711 3899 Οὕτω
2734 3847 2826 3900 καὶ
2858 3850 3020 3920 ἡμεῖς
3052 3853 3102 3904 οί
3133 3854 3190 3906 ἐν
3221 3855 3400 3911 πίστει
3430 3856 3712 3913 δεδικαιω-

2121 3930 2271 4000 μένοι
2301 3933 2606 4005 γεγόναμεν
2659 3937 2714 3989 ἐν
2748 3933 2998 4010 Χριστῷ,
3035 3941 3170 3996 Θεοῦ
3210 3946 3307 4016 μὲν
3355 3949 3482 4013 υίοὶ,
3509 3949 3618 4003 τῶν
3649 3947 3710 4004 δὲ

2119 4021 2290 4087 ἁγίων
2325 4025 2534 4090 οἰκεῖοι,
2587 4029 2967 4096 μεσιτεύοντος
3016 4034 3204 4102 αὑτοῦ,
3259 4039 3354 4092 καὶ
3401 4039 3470 4092 δι’
3508 4043 3709 4096 ἐαυτοῦ

2121 4114 2429 4180 συνδέοντος
2452 4117 2602 4190 αὑτῷ
2634 4137 2694 4173 τε
2725 4124 2817 4176 καὶ
2842 4123 2921 4195 τῷ
2949 4125 3125 4199 Πατρὶ
3147 4128 3242 4183 καὶ
3271 4134 3380 4195 τοῖς
3400 4133 3510 4186 τῶν
3535 4121 3732 4202 ἁγίων⁸

2117 4210 2332 4276 χοροῖςο
2371 4208 2621 4280 καθάπερ
2673 4213 2867 4284 ἀμέλει
2901 4217 2994 4270 καὶ
3036 4218 3255 4290 Ἰωσὴφ,
3309 4223 3470 4276 οἱονεὶ
3500 4227 3707 4294 μεταξὺ

2118 4295 2390 4364 κείμενος,
2449 4299 2599 4362 υἱοὺς
2653 4301 2754 4370 μὲν
2809 4304 2982 4359 ἐποίει
3041 4308 3136 4362 τοῦ
3191 4311 3320 4365 ἰδίου
3372 4315 3578 4384 πατρὸς
3617 4316 3709 4371 τὸν

2130 4384 2370 4478 Ἐφραῒμ
2398 4388 2491 4442 καὶ
2523 4390 2814 4464 Μανασσῆ,
2847 4395 3218 4470 ἐγγράφεσθαι
3244 4401 3299 4454 δὲ
3335 4405 3430 4458 καὶ
3451 4405 3602 4477 αὐτῷ
3631 4407 3710 4478 τῷ

391 4531 409 4562 ἡ
427 4468 559 4515 sunt
585 4459 682 4515 tibi
703 4460 757 4515 in
777 4460 1030 4534 1E3ypto,
1047 4464 1154 4519 mei
1173 4473 1320 4532 sunt,
1349 4466 1611 4538 Ephraim
1633 4469 1979 4528 ctManasses
1997 4515 2012 4538 ,

2120 4477 2405 4569 καταλόγῳ
2441 4479 2549 4534 τῶν
2586 4459 2964 4558 πατριαρχῶί
3017 4459 3047 4542 «-
3088 4492 3202 4547 Νῦν
3247 4494 3376 4564 γὰρ,
3435 4459 3623 4569 φησὶν,
3659 4459 3710 4552 at

428 4550 573 4605 sicut
614 4552 810 4608 Ruben
859 4565 915 4610 et
963 4557 1187 4613 Simeon
1242 4567 1408 4614 erunt
1456 4561 1586 4626 mei,
1622 4581 1640 4614 ι
1682 4563 1788 4620 hoc
1812 4573 1918 4631 est,
1955 4567 2012 4623 in

427 4642 811 4714 primogenitis
839 4658 1133 4716 ponentur,
1161 4659 1327 4720 atque
1356 4651 1726 4724 adjungentur
1748 4657 1877 4723 illis,
1919 4659 2014 4729 qui

397 4741 400 4744 ’
427 4749 495 4787 ex
513 4735 829 4793 obedientia
864 4747 1011 4793 sunt.
1040 4741 1177 4796 Nam
1211 4742 1408 4797 Ruben
1431 4747 2010 4820 eratprimogenitus:

427 4834 482 4879 et
513 4825 754 4899 Symeon
778 4831 1074 4900 exponitur
1095 4833 1407 4891 obedientia.
1437 4835 1586 4891 Facti
1616 4852 1808 4896 sumus
1829 4851 2014 4898 autem

427 4927 594 4978 etnos
626 4921 802 4977 ultimi
826 4939 924 4994 per
953 4923 1114 4981 ﬁdem
1143 4926 1302 4996 primi
1322 4927 1390 4995 ⁸³,
1421 4935 1479 5001 et
1498 4931 1734 5000 populus
1763 4934 2011 5004 gentium

427 5012 778 5072 haereditavit
802 5017 1030 5089 gloriam
1066 5019 1443 5090 primogeniti.
1463 5019 1737 5077 Caeterum
1773 5024 1878 5080 hoc
1906 5027 2012 5083 ho-

426 5122 566 5163 nore
591 5110 774 5165 aﬂ'ecti
797 5119 926 5166 sunt
949 5122 1174 5184 propter
1196 5112 1570 5167 obedientiam
1597 5125 1654 5170 et
1678 5114 1862 5172 ﬁdem.
1931 5120 2011 5175 lta

426 5197 574 5252 cnim
598 5198 851 5257 Christus
878 5202 995 5272 ipse
1022 5211 1252 5259 testatus
1277 5211 1362 5258 est
1383 5203 1451 5258 de
1482 5205 1584 5270 eis,
1611 5206 1830 5264 dicens:
1859 5229 1877 5261 ι
1901 5210 2010 5266 Ρο-

427 5290 592 5359 palus
624 5307 784 5360 quem
818 5310 930 5348 non
956 5296 1207 5367 cognovi,
1238 5296 1462 5351 servivit
1505 5298 1666 5364 mihi,
1703 5300 1759 5354 in
1819 5302 2011 5358 auditu

427 5378 580 5434 auris
598 5381 841 5436 obedivit
883 5385 1017 5438 mihi
1051 5386 1118 5440 ⁵⁸.
1169 5406 1186 5438 ι
1227 5386 1343 5442 Etsi
1372 5389 1519 5443 enim
1541 5405 1609 5443 ex
1631 5400 1807 5446 matre
1855 5393 2012 5462 quasi

426 5470 732 5543 alienigena
762 5476 878 5530 nati
903 5492 1114 5544 sumus,
1155 5495 1222 5533 eo
1249 5479 1394 5549 quod
1428 5481 1675 5536 Ecclesia
1715 5498 1782 5537 cx
1833 5484 2012 5554 genti-

427 5559 532 5617 bus
556 5575 747 5620 vocata
774 5568 864 5635 sit,
893 5570 1124 5626 suﬂiciet
1161 5579 1340 5627 tamen
1361 5575 1521 5630 nobis
1543 5575 1870 5631 Emmanuel
1891 5593 2008 5632 me-

2117 4564 2214 4619 δύο
2263 4583 2358 4621 σου
2397 4570 2502 4624 υίοὶ
2545 4574 2595 4625 oi
2646 4577 2932 4646 γενόμενοί
2983 4597 3062 4635 σοι
3121 4585 3179 4636 ἐν
3233 4564 3520 4659 Αἰγύπτῳ,
3579 4591 3708 4662 ἐμοί

2119 4658 2274 4750 εἰσιν,
2320 4661 2560 4736 Ἐφραῖμ
2589 4668 2683 4721 καὶ
2715 4670 3035 4741 Μανασσῆς,
3063 4675 3139 4738 ὡς
3186 4677 3444 4750 Ῥουὸεὶμ
3472 4658 3575 4734 καὶ
3606 4658 3710 4735 Eu—

2122 4749 2268 4821 μεὼν
2314 4752 2527 4810 ἔσονται
2580 4760 2720 4829 ἐμοί.
2755 4781 2774 4814 ι
2833 4763 3163 4833 Τουτέστιν,
3217 4770 3276 4822 ἐν
3336 4773 3710 4840 πρωτοτόκοις

2119 4841 2356 4913 ἔσονται,
2393 4849 2806 4915 συντετάξονται
2846 4854 2901 4908 δὲ
2937 4856 3030 4908 καὶ
3080 4860 3194 4922 τοῖς
3239 4859 3296 4913 ἐν
3320 4862 3559 4935 ὑπακοῇ.
3595 4861 3709 4920 Ἦν

2122 4932 2221 5003 μὲν
2249 4934 2359 5007 γάρ
2399 4941 2744 5008 πρωτότοκος
2791 4943 3066 5016 Ῥουϐείμ.
3116 4945 3383 5020 ’Υπακοὴ
3427 4953 3486 5006 δὲ
3511 4932 3709 5010 ηπάλιν

2117 5027 2146 5078 6
2176 5026 2400 5096 Συμεὼν
2426 5031 2810 5103 ἑρμηνεύεται.
2841 5037 3154 5110 Γεγόναμεν
3184 5041 3241 5096 δέ
3267 5043 3356 5099 διὰ
3386 5047 3625 5113 πίστεως
3653 5054 3709 5106 οι

2116 5115 2364 5186 ἔσχατοι
2397 5121 2635 5192 πρῶτοι,
2665 5127 2759 5180 καὶ
2784 5129 2882 5201 τὴν
2911 5131 3006 5185 τοῦ
3034 5137 3378 5204 πρωτοτόκου
3399 5139 3558 5206 δόξαν
3595 5144 3625 5195 6
3649 5145 3710 5210 ἐξ

2117 5206 2287 5260 ἐθνῶν
2327 5208 2680 5282 ἐκληρώσατο
2699 5217 2848 5283 λαός.
2882 5221 3214 5296 Τετίμηνται
3257 5228 3313 5282 δὲ
3357 5230 3426 5284 δι’
3456 5206 3710 5308 ὑπακοὴν

2114 5299 2210 5352 καὶ
2241 5300 2575 5395 εὐπείθειαν.
2607 5308 2780 5375 Αὐτὸς
2809 5311 2918 5384 γάρ
2962 5317 3149 5382 αὐτοῖς
3205 5322 3636 5395 μεμαρτύρηκεν
3662 5299 3712 5381 ’ό

2113 5392 2368 5463 Χριστὸς,
2395 5396 2537 5452 οὕτω
2557 5400 2752 5470 λέγων·
2786 5424 2805 5456 ι
2837 5407 2980 5471 Λαὸς
3011 5409 3069 5463 ὃν
3098 5411 3197 5464 οὐκ
3221 5392 3395 5482 ἔγνων
3421 5392 3708 5474 ἐδοόλευσὲ

2116 5501 2226 5554 μοι,
2262 5490 2341 5551 εἰς
2373 5490 2542 5562 ἀκοὴν
2593 5493 2751 5548 ὠτίου
2819 5498 3094 5570 ὑπήκουσέ
3151 5521 3275 5574 μου.
3308 5525 3328 5557 ι
3373 5508 3435 5560 Ei
3466 5510 3576 5581 γὰρ
3612 5517 3710 5566 καὶ

2111 5579 2416 5652 γεγόναμεν
2474 5587 2538 5639 ἐκ
2593 5589 2800 5658 μητρὸς
2851 5590 3041 5665 ῶσπερ
3103 5596 3452 5666 ἐτερογενοῦς
3501 5579 3589 5656 διὰ
3646 5608 3710 5659 τὸ

501 5747 547 5783 ⁸⁸
579 5749 716 5808 Gen.
749 5770 928 5824 xum,
969 5759 1083 5814 l-7.
1164 5764 1207 5795 ⁸³
1241 5764 1432 5820 Matth.
1467 5783 1576 5834 xxx,
1613 5766 1699 5822 50.
1778 5767 1821 5800 "
1847 5765 1989 5821 Psal.
2027 5781 2158 5836 xvn,
2188 5767 2278 5826 45.
