4004 6204
407 185 472 240 g3
1352 188 1873 247 GLAPllYROllUM
1914 193 1979 248 ΙΝ
2020 194 2319 249 GENESIM
2359 195 2487 249 LIB.
2523 196 2610 251 Vl.
3520 218 3623 276 530

365 300 424 365 ἐξ
470 298 643 352 δθνῶν
688 299 986 369 κεκλῆσθαι
1037 299 1135 371 τὴν
1189 298 1532 374 Ἐκκλησίαν,
1571 300 1691 359 ’ἀλλ’
1717 306 1942 377 ἔξαρκίο

2048 307 2246 375 diator,
2281 311 2377 380 qui
2410 324 2511 365 nos
2539 325 2636 380 per
2669 311 2909 380 seipsum
2928 315 3357 386 agglutinetDeo
3374 339 3436 381 ac
3451 327 3619 397 Patri,

366 410 446 445 σει
490 390 810 463 μεσολασὼν
856 393 888 446 6
934 392 1301 463 Ἑμμανουὴλ,
1347 396 1439 450 καὶ
1483 398 1565 461 είς
1606 397 1667 451 τὸ
1714 399 1947 469 συνάψαι

2048 399 2291 470 sortique
2317 410 2627 455 sanctorum
2645 401 2903 470 ascribat,
2929 415 2985 461 et
3012 409 3372 468 transferat‘in
3394 390 3620 487 gloriam

362 486 429 539 δι’
465 482 665 538 ἑαυτοῦ
700 482 780 555 τῷ
822 483 943 555 Θεῷ
976 484 1072 537 xui
1122 485 1318 556 Πατρὶ,
1353 486 1446 539 καὶ
1479 490 1596 552 τοῖς
1630 489 1740 543 τῶν
1777 492 1943 559 ἁγίων

2048 490 2181 560 ipsis
2222 491 2663 559 convenientem,
2694 509 2758 549 ac
2789 505 3037 553 sanctum
3076 516 3251 573 genus
3301 520 3404 563 nos
3430 507 3627 577 ﬁdecla.

362 575 644 646 ξγγράψαι
683 576 925 648 κλήροις,
965 575 1058 629 καὶ
1111 576 1320 649 είς-τὴν
1369 578 1601 645 ικείνοις
1631 581 1943 653 πρέπουσαν

2046 589 2131 635 ret
2146 582 2214 635 ⁸⁷.
2236 580 2343 638 Sed
2370 582 2494 638 vide
2509 598 2620 653 quo
2642 595 2824 656 pacto,
2855 604 2923 643 ex
2946 606 3097 647 mera
3131 608 3261 669 erga
3288 575 3507 657 beatum
3527 603 3620 660 Jo-

356 667 519 733 δόξαν
544 667 881 735 ἀνενεγκεῖν,
926 669 1021 721 καὶ¹
1072 667 1215 739 ἱερὸν
1260 670 1410 740 ἡμᾶς
1452 673 1727 743 ἀποφῆναι
1764 674 1937 743 γένος.

2046 672 2274 744 sephum
2299 674 2616 739 dilectione,
2656 676 2798 733 ﬁlios
2823 680 2995 750 ipsius
3017 667 3236 754 cooptet
3260 686 3317 743 in
3336 705 3495 749 suos.
3523 694 3619 751 Di-

364 758 558 830 'Ailpe:
600 757 660 812 δὲ
707 758 857 823 ὅπως
890 758 947 825 ἐξ
994 758 1216 831 ἀγάπης
1252 761 1352 832 τῆς
1393 763 1519 835 περὶ
1550 764 1639 818 τὸν
1674 766 1945 837 μακάριον

2044 766 2171 820 lecti
2186 767 2332 821 enim
2361 783 2552 824 sumus
2572 770 2737 825 etiam
2768 788 2869 828 nos
2893 773 2947 828 in
2973 775 3214 844 Christo,
3246 788 3303 834 et
3329 792 3619 854 postquam

373 849 574 920 Ἰωσὴφ
619 851 698 914 εἰς
738 850 900 914 ἰδίους
932 852 1082 915 υἱοὺς
1123 853 1450 907 κατατάττει
1481 855 1609 919 τοὺς
1652 857 1708 923 ἐξ
1752 857 1939 912 αὐτοῦ.

2044 854 2205 927 207
2216 871 2317 926 per
2334 856 2512 927 ipsum
2535 862 2891 929 generatione
2906 864 3180 935 spirituali
3206 849 3396 928 sumus
3418 849 3618 935 renati.

373 941 740 1011 Ἦγαπήμεθα
764 941 875 1013 γὰρ
910 944 1003 996 καὶ
1029 945 1193 1014 ἡμεῖς
1232 945 1292 999 ὲν
1320 945 1560 1018 Χριστῷ,
1592 949 1685 1002 καὶ
1710 948 1943 1020 ἐπείπερ

2042 948 2252 1018 accepti
2283 963 2473 1005 sumus
2506 952 2673 1017 Patri,
2715 953 2859 1010 sicut
2868 957 2977 1027 jam
3006 959 3139 1022 dixi,
3174 966 3486 1037 sanctisque
3525 973 3620 1042 qui

353 1030 424 1083 δι’
478 1031 648 1084 αὐτοῦ
694 1033 753 1084 ἐν
798 1032 1069 1104 πνεύματι
1113 1035 1366 1106 γέννησιν
1417 1038 1794 1109 γεγεννήμεθα
1843 1041 1934 1112 τὴν

2042 1052 2143 1092 nos
2167 1052 2577 1109 praecesserunt
2625 1046 2866 1102 accensi.
2898 1048 3016 1103 Jam
3045 1067 3179 1107 vero
3202 1054 3248 1109 si
3291 1055 3386 1111 lilii
3411 1059 3507 1114 Dei
3546 1030 3619 1116 ἐς

357 1121 758 1193 πνευματικὴν,
800 1121 1113 1195 ἀξιόληπτοι
1154 1128 1461 1199 γεγόναμεν
1501 1129 1580 1200 τῷ
1614 1129 1806 1202 Πατρὶ,
1838 1149 1938 1185 κα-

2040 1128 2218 1186 Patris
2259 1147 2450 1189 sumus
2494 1138 2695 1203 vocati,
2738 1150 2990 1211 superest
3040 1153 3102 1199 ut
3140 1154 3196 1201 et
3218 1148 3321 1203 sub
3358 1167 3522 1207 manu
3557 1170 3620 1210 ac

356 1211 539 1285 θάπερ
568 1212 707 1284 ἔφην
741 1215 944 1287 ἀρτίως
966 1231 982 1246 ’
1010 1217 1104 1271 καὶ
1130 1220 1244 1282 τοῖς
1293 1220 1400 1291 πρὸ
1429 1222 1583 1292 ἡμῶν
1616 1222 1794 1291 ἁγίοις
1819 1240 1937 1278 συν-

2039 1230 2310 1291 potestate
2333 1227 2454 1297 ejus
2475 1228 2665 1296 simus,
2697 1233 2790 1301 qui
2827 1247 2928 1289 nos
2954 1235 3202 1304 adduxit,
3238 1240 3452 1312 ipsique
3489 1247 3616 1301 uni-

355 1305 690 1373 τετὰγμεθα.
718 1307 866 1378 Πλὴν
889 1309 937 1360 εί
970 1310 1063 1363 καὶ
1089 1310 1196 1363 υἱοὶ
1224 1311 1537 1383 κεκλήμεθα
1560 1313 1652 1367 τοῦ
1679 1314 1814 1371 Θεοῦ
1846 1317 1936 1371 καὶ

2039 1313 2136 1375 vit,
2174 1314 2228 1369 id
2289 1324 2374 1373 est
2401 1317 2641 1377 Christo.
2691 1324 2829 1380 Vide
2869 1327 3015 1382 enim
3072 1333 3183 1401 quo
3233 1305 3393 1405 pacto
3422 1337 3618 1395 beatus

358 1397 593 1467 Πατρδς,
642 1397 745 1453 ὑπὸ
773 1401 932 1472 χεῖρα
981 1400 1141 1456 πάλιν
1180 1402 1415 1475 ἐσόμεθα
1443 1403 1537 1459 τοῦ
1575 1408 1939 1478 προσάγοντος

2037 1402 2204 1458 Jaeob
2231 1421 2355 1462 cum
2382 1410 2622 1480 propriis
2658 1413 2773 1469 suis
2826 1414 2952 1471 ﬁliis
2982 1397 3327 1490 ascripsisset
3356 1424 3615 1495 Ephraim

353 1487 503 1555 ἡμᾶς
549 1488 646 1541 καὶ
680 1488 1027 1554 συνενοῦντος
1069 1491 1240 1562 αὐτῷ,
1286 1493 1528 1548 τουτέστι
1562 1496 1799 1572 Χριστῷ.
1828 1499 1934 1554 Θέα

2036 1501 2093 1549 ει
2142 1495 2416 1554 Manasse:
2451 1520 2468 1550 ι
2516 1501 2622 1557 Sed
2684 1506 2780 1576 qui
2832 1507 2933 1562 tibi
2990 1487 3462 1580 post—nascentur
3496 1517 3614 1582 lilii,

353 1578 461 1648 γὰρ
486 1579 641 1642 ὅπως
662 1579 692 1631 6
734 1581 1004 1652 μακάριος
1045 1582 1240 1637 Ἰακὼϐ
1271 1585 1411 1655 μετὰ
1436 1587 1499 1640 τὸ
1528 1590 1638 1653 τοῖς
1668 1589 1817 1654 ίδίοις
1842 1592 1934 1660 ἐγ-

2038 1586 2237 1657 inquit,
2279 1591 2358 1645 tui
2383 1596 2635 1649 erunt".
2658 1616 2685 1676 ι»
2719 1578 3187 1672 lntelligis'igitur
3236 1621 3402 1673 nunc,
3447 1578 3613 1679 quod,

353 1669 564 1739 γράψαι
612 1669 824 1736 τέκνοις
851 1672 944 1726 τόν
986 1690 1043 1727 τε
1082 1675 1323 1749 Ἑφραῒμ
1344 1679 1438 1732 καὶ
1470 1680 1759 1754 Μανασσῆ,
1799 1702 1816 1735 ι
1851 1682 1932 1737 Τά

2034 1670 2134 1734 etsi
2160 1680 2252 1737 ﬁlii
2271 1683 2366 1738 Dei
2431 1700 2493 1739 ac
2524 1669 2703 1742 Patris
2746 1703 3029 1757 vocemur,
3060 1693 3421 1753 nihilominus
3452 1701 3615 1756 etiam

351 1759 405 1813 δὲ
452 1760 675 1829 ἔκγονα,
704 1763 890 1833 φησὶν,
924 1763 959 1818 ἂ
980 1766 1073 1819 ἐὰν
1103 1767 1330 1836 γένηταί
1368 1787 1483 1834 σοι,
1514 1773 1597 1826 σοὶ
1626 1773 1857 1827 ἔσονται.
1908 1795 1926 1827 ι

2035 1770 2238 1829 Christi
2268 1776 2495 1832 erimus.
2524 1777 2701 1849 Atque
2730 1781 2855 1845 hoc,
2880 1792 2942 1843 ut
2967 1785 3227 1851 arbitror,
3260 1797 3345 1844 est
3365 1792 3513 1861 quod
3540 1792 3616 1848 ait

354 1852 550 1923 Συνίης
580 1850 677 1907 οὖν
709 1856 786 1910 ὅτι
838 1856 942 1911 κᾶν
987 1859 1092 1913 ι)ίοὶ
1126 1859 1220 1913 τοῦ
1248 1860 1384 1916 Θεοῦ
1429 1870 1523 1918 καὶ
1556 1866 1768 1937 Πατρὸς
1795 1885 1929 1940 χρη-

2034 1862 2237 1919 alicubi
2267 1866 2333 1921 ad
2360 1868 2575 1925 Patrem
2603 1890 2615 1925 :
2667 1891 2684 1923 ι
2723 1871 2871 1939 Quos
2899 1874 3098 1932 dedisti
3130 1850 3265 1935 mihi
3292 1897 3359 1938 ex
3381 1850 3611 1949 mundo,

355 1941 691 2013 ματίζωμεν,
728 1944 882 1999 οὐδὲν
919 1943 1081 2021 ἧττον
1125 1951 1362 2021 ἐσόμεθα
1394 1953 1486 2007 τοῦ
1531 1955 1789 2026 Χριστοῦ.
1824 1958 1932 2011 Καὶ

2034 1956 2111 2010 tui
2135 1966 2313 2023 erant,
2350 1968 2407 2015 et
2428 1962 2562 2016 mihi
2596 1964 2743 2034 ipsos
2773 1966 2995 2034 dedisti,
3039 1978 3095 2024 et
3134 1971 3471 2042 gloriﬁcatus
3493 1990 3614 2031 sum

350 2030 524 2101 τοῦτο,
550 2032 729 2107 οἶμαι,
751 2039 898 2092 ἐστὶν
921 2041 1058 2110 ὅπερ
1088 2039 1193 2112 ἔφη
1220 2042 1356 2114 πρὸς
1382 2043 1473 2097 τὸν
1501 2046 1749 2118 Πατέρα·
1776 2067 1795 2099 ι
1824 2047 1931 2113 Οὓς

2032 2046 2087 2102 in
2117 2049 2199 2104 eis
2222 2048 2289 2104 ⁸⁸.
2326 2071 2343 2102 ι
2385 2051 2558 2109 Porro
2605 2030 2808 2112 Eachel
2870 2030 3083 2130 sepulta
3113 2030 3198 2118 est
3231 2064 3285 2119 in
3308 2064 3611 2133 Bethleem,

348 2125 588 2192 δέδωκάς
627 2147 715 2200 μοι
752 2132 815 2184 ὲκ
855 2131 950 2186 τοῦ
983 2133 1212 2203 κόσμου,
1244 2133 1327 2188 σοι
1356 2130 1520 2206 ἦσαν,
1555 2137 1649 2191 καὶ
1675 2139 1795 2210 ἐμοὶ
1828 2141 1928 2193 αὐ-

2031 2139 2307 2198 aitJacob.
2340 2143 2690 2203 Meminimus
2742 2156 2926 2205 autem
2953 2168 3061 2207 non
3093 2155 3283 2220 semel,
3320 2156 3612 2215 Rachelein

349 2217 473 2281 τοὺς
525 2219 797 2286 δέδωκας·
850 2223 946 2276 καὶ
989 2223 1315 2295 δεδόξασμαι
1367 2229 1425 2280 ἐν
1461 2229 1667 2294 αὐτοῖς.
1724 2249 1742 2282 ι
1781 2233 1928 2284 Κατ-

2031 2237 2217 2302 typum
2279 2244 2439 2306 atque
2478 2238 2766 2311 imaginem
2822 2240 3081 2301 Ecclesia:
3124 2217 3367 2318 gentium
3398 2264 3511 2322 prae
3556 2267 3612 2307 se

347 2308 662 2381 ορωούχθαι
695 2328 758 2380 γε
798 2313 907 2384 μὴν
936 2313 1033 2384 τὴν
1072 2314 1270 2386 Ῥαχὴλ
1307 2317 1365 2369 ὲν
1409 2316 1656 2390 Βηθλεὲμ
1692 2320 1926 2389 ἔφασκεν

2029 2320 2192 2377 ferre.
2243 2324 2313 2379 At
2338 2341 2471 2381 vero
2514 2308 2860 2401 nequaquam
2918 2350 2947 2388 a
2985 2336 3213 2392 veritate
3241 2338 3610 2408 aberraverit,

358 2400 574 2455 Ἰακώϐ.
604 2403 799 2472 "spari;
809 2403 948 2474 μεθα
968 2404 1023 2457 δὲ
1045 2405 1305 2472 πολλάκις
1328 2408 1408 2472 είς
1430 2409 1613 2464 είκόνα
1636 2412 1728 2465 καὶ
1756 2412 1926 2467 τύπον

2030 2413 2120 2483 qui
2147 2429 2267 2469 eam
2295 2416 2361 2471 ad
2396 2418 2624 2474 alteram
2649 2421 2838 2485 vitam,
2864 2440 3063 2495 nempe
3102 2428 3389 2485 meliorem
3445 2439 3611 2504 atque

346 2495 439 2564 τῆς
471 2495 535 2561 ἑξ
567 2496 738 2550 ἐθνῶν
779 2497 1103 2570 Ἐκκλησίας
1150 2501 1250 2571 τὴν
1299 2502 1496 2574 Ῥαχὴλ
1537 2502 1921 2576 ὀνομάσαντες.

2029 2507 2464 2573 praestantiorem
2504 2527 2666 2582 quam
2718 2524 2804 2569 est
2837 2515 2953 2570 hzec
2972 2517 3266 2582 mundana,
3316 2522 3610 2578 transferre

348 2586 559 2641 Γὲνοιτο
606 2588 652 2642 δ’
688 2588 778 2653 ἂν,
806 2587 985 2661 οἶμαι,
1022 2591 1107 2656 τὶς
1155 2593 1217 2647 οὐ
1249 2592 1555 2667 ψευδοεπὴς
1600 2598 1649 2650 εί
1683 2597 1925 2669 βούλοιτο

2025 2594 2277 2651 voluerit.
2307 2597 2444 2653 Nam
2466 2599 2708 2656 Ecclesia
2760 2603 2984 2674 quidem
3025 2608 3231 2663 mundo
3260 2619 3473 2665 mortua
3503 2622 3606 2677 est,

345 2677 541 2746 λέγειν,
586 2680 669 2733 ὅτι
704 2680 838 2750 πρὸς
867 2683 1060 2753 ἑτέραν
1094 2683 1216 2737 τινά
1258 2683 1425 2757 ζωὴν,
1460 2685 1556 2757 τὴν
1593 2688 1804 2758 ἀμείνω
1829 2691 1922 2763 δη-

2025 2683 2226 2754 quippe
2246 2700 2368 2756 quae
2388 2688 2528 2743 nihil
2545 2691 2761 2746 carnale
2788 2694 3023 2764 amplius
3054 2696 3249 2767 sapiat,
3283 2698 3395 2754 Deo
3424 2690 3606 2759 autem

343 2772 510 2823 ιονότι
562 2773 660 2825 καὶ
700 2775 801 2843 τῆς
842 2775 1134 2845 ὲγκοσμίου
1180 2777 1644 2851 προφερεστέραν,
1681 2797 1918 2852 μεταπε-

2024 2773 2388 2842 spiritualiter
2421 2778 2477 2833 in
2507 2778 2727 2836 Christo
2756 2783 3028 2840 viviﬁcata
3087 2802 3185 2856 per
3231 2790 3605 2860 evangelieam

343 2864 600 2933 φοίτηκεν
624 2867 659 2934 ἡ
717 2865 1042 2936 Ἐκκλησία’
1092 2867 1284 2940 κόσμῳ
1315 2869 1415 2940 μὲν
1452 2870 1801 2927 ἀποθανοῦσα
1831 2874 1917 2927 διὰ

2023 2869 2515 2925 conversationem.
2548 2871 2789 2929 Tametsi
2807 2877 2954 2930 enim
3011 2887 3266 2934 versatur
3296 2879 3352 2935 in
3379 2885 3604 2951 mundo,

338 2956 396 3007 τὸ
426 2955 502 3027 μὴ
552 2956 843 3026 ἀνέχεσθαι
891 2962 1104 3029 φρονεῖν
1147 2961 1218 3015 τὰ
1267 2962 1452 3031 αὐτοῦ,
1504 2962 1625 3043 Θεῷ
1670 2964 1727 3018 δὲ
1766 2964 1915 3055 ζῶσα

2023 2958 2092 3014 ob
2122 2959 2288 3015 vitam
2306 2961 2359 3017 in
2381 2976 2566 3029 carne,
2591 2971 2772 3021 tamen
2802 2968 3159 3025 absconditur
3179 2974 3604 3048 quodammodo,

338 3048 725 3115 πνευματικῶς
758 3048 816 3100 ἐν
857 3050 1076 3121 Χριστῷ
1108 3051 1198 3105 διὰ
1228 3053 1500 3115 πολιτείας
1536 3052 1914 3129 εὐαγγελικῆς.

2024 3050 2371 3121 splendorem
2408 3056 2597 3110 mundi
2617 3071 2727 3111 non
2744 3048 2972 3124 habens,
3002 3077 3067 3117 ac
3093 3071 3305 3119 tantum
3331 3083 3444 3122 non
3469 3085 3604 3125 con-

340 3135 397 3188 li!
426 3137 537 3208 γὰρ
574 3138 668 3191 καὶ
715 3138 864 3193 ἔστιν
893 3143 951 3193 ἐν
999 3142 1191 3213 κόσμῳ
1218 3143 1303 3198 διὰ
1335 3146 1432 3215 τὴν
1471 3148 1527 3198 ὲν
1559 3149 1720 3218 σαρκὶ
1752 3140 1917 3222 ζωὴν,

2024 3144 2237 3213 sepulta
2269 3153 2353 3200 est
2383 3143 2624 3202 Christo.
2661 3148 2838 3219 Atque
2873 3152 2976 3208 hoc
3017 3153 3197 3224 ipsum
3231 3165 3335 3223 cst,
3392 3168 3448 3214 ut
3516 3177 3602 3216 ar-

337 3228 446 3279 me
500 3230 671 3282 οἱονει
717 3230 1021 3301 κρύπτεται
1067 3232 1127 3286 τὸ
1181 3235 1238 3288 ἐν
1286 3235 1475 3308 κόσμῳ
1518 3235 1769 3309 λαμπρὸν
1819 3241 1918 3295 οὐκ

2022 3234 2216 3301 hitror,
2276 3237 2423 3307 quod
2483 3239 2924 3309 sapientissimus
2985 3245 3187 3301 Paulus
3239 3248 3403 3305 nobis
3454 3250 3531 3305 ait
3587 3271 3599 3307 :

336 3316 552 3387 Ιχουσα,
576 3323 858 3392 μονονουχὶ
876 3323 1042 3377 δὲκαὶ
1060 3327 1335 3399 συνετάφη
1362 3329 1601 3401 Χριστῷ·
1626 3331 1914 3399 καὶτοῦτο,

2027 3345 2045 3377 ι
2084 3327 2284 3382 Mortui
2301 3329 2447 3383 enim
2477 3330 2630 3395 estis,
2658 3338 2714 3387 et
2751 3333 2861 3388 vita
2915 3343 3097 3390 vestra
3154 3337 3473 3396 abscondita
3519 3353 3601 3398 est

336 3407 501 3480 οἶμαι,
540 3413 692 3468 ἐστὶν
736 3416 876 3486 ὅπερ
922 3415 1027 3488 ἔφη
1081 3417 1290 3482 Παῦλος
1342 3421 1472 3491 ἡμῖν
1514 3399 1912 3492 ὁτσοφώτατοςο

2016 3402 2143 3471 cum
2164 3416 2385 3473 Christo
2420 3418 2476 3473 in
2499 3419 2610 3474 Deo
2634 3419 2699 3473 ⁸ο.
2741 3440 2758 3472 ι
2799 3422 3043 3496 lntellige
3083 3441 3232 3482 nunc
3257 3431 3428 3500 quod,
3473 3447 3597 3487 cum

342 3517 359 3547 ι
401 3501 730 3557 Ἀπεθάνετε
772 3506 898 3578 γάρ,
933 3509 1027 3561 καὶ
1060 3511 1092 3579 ἡ
1135 3508 1247 3582 ζωὴ
1284 3511 1437 3581 ὑμῶν
1475 3512 1781 3584 κέκρυπται
1817 3514 1914 3567 σὺν

2018 3508 2219 3564 Rachel
2267 3510 2339 3565 sit
2373 3511 2585 3580 sepulta
2625 3511 2680 3565 in
2718 3512 3000 3569 Bethleem
3052 3532 3232 3589 neque
3266 3521 3502 3593 amplius
3520 3524 3599 3578 vi—

335 3590 406 3662 τῷ
448 3595 677 3666 Χριστῷ
706 3599 763 3649 ὲν
799 3597 876 3668 τῷ
901 3598 1039 3670 θεῷ.
1080 3620 1098 3651 ι
1130 3601 1292 3664 Σύνες
1321 3603 1430 3673 γὰρ
1453 3604 1533 3657 ὅτι
1561 3605 1913 3676 τεθαμμένης

2015 3599 2227 3666 deatur,
2307 3602 2422 3671 ipse
2493 3609 2707 3658 tantum
2764 3621 2876 3659 non
2922 3607 3245 3667 Emmanuel
3318 3630 3425 3671 una
3500 3631 3596 3671 oc-

335 3685 428 3755 τῆς
457 3687 660 3758 Ῥαχὴλ
688 3690 744 3742 ἐν
763 3691 1028 3761 Βηθλεὲμ,
1049 3693 1144 3745 καὶ
1172 3693 1269 3763 οὐχ
1290 3694 1572 3766 ὀρωμένης
1597 3695 1698 3763 ἔτι,
1730 3714 1912 3768 μονον-

2016 3692 2250 3749 cultatus
2269 3694 2358 3749 sit.
2382 3695 2637 3750 Nondum
2671 3698 2819 3752 enim
2858 3706 3024 3756 natus
3049 3712 3218 3758 erate
3256 3713 3444 3760 sancta
3476 3706 3597 3762 Vir—

334 3778 445 3848 ουχῖ.
468 3779 875 3851 συνεκρύπτετο
913 3784 1007 3835 καὶ
1031 3784 1190 3847 αὐτὸς
1230 3787 1257 3837 6
1301 3787 1669 3859 Ἐμμανουήλ.
1707 3789 1904 3859 Γεγέν-

2015 3784 2156 3853 gine.
2174 3785 2486 3842 Laudemus
2512 3788 2695 3859 itaque
2725 3790 2887 3844 talem
2916 3792 3177 3849 Ecclesiae
3196 3802 3596 3868 mortem,qum

334 3886 453 3940 νητο
494 3872 610 3941 γὰρ
650 3870 804 3926 οὔπω
834 3872 921 3927 διὰ
966 3876 1067 3945 τῆς
1097 3876 1258 3944 ἁγίας
1298 3877 1598 3949 Παρθένου.
1656 3880 1906 3934 Ἐπαινέ-

2013 3874 2074 3928 ad
2108 3875 2378 3945 principia
2413 3891 2512 3930 nos
2558 3877 2781 3933 reducit
2811 3889 3009 3936 sancta:
3040 3881 3187 3948 Viue,
3218 3891 3275 3939 et
3299 3885 3419 3956 ejus
3472 3903 3594 3959 quae

334 3975 508 4031 σωμεν
549 3962 618 4034 δὴ
663 3960 757 4016 οὖν
781 3965 870 4017 τὸν
897 3966 1133 4020 τοιοῦτον
1161 3971 1263 4039 τῆς
1306 3968 1630 4041 Ἐκκλησίας
1674 3971 1905 4026 θάνατον

2010 3973 2091 4018 cst
2105 3964 2157 4017 in
2173 3963 2553 4034 Christojesu.
2576 3966 2714 4021 Illud
2740 3983 2872 4023 vero
2886 3972 3199 4027 necessario
3223 3974 3591 4047 adjiciendum

314 4050 402 4114 ἐίς
456 4053 636 4125 ἀρχὰς
690 4056 1030 4127 ἀναφέροντα
1082 4056 1228 4131 ζωῆς
1284 4060 1385 4131 τῆς
1423 4062 1585 4130 ἁγίας
1616 4080 1675 4115 τε
1724 4063 1817 4116 καὶ
1846 4066 1895 4117 ὲν

2008 4069 2223 4110 censeo.
2256 4056 2416 4111 Pater
2441 4072 2566 4112 cum
2590 4056 2731 4113 ﬁlios
2753 4059 2976 4131 Josephi
3014 4073 3344 4134 cooptasset,
3374 4079 3589 4127 mortua

329 4142 564 4215 Χριστῷ.
617 4146 856 4199 Κάκεῖνε
901 4148 958 4202 δὲ
999 4147 1151 4220 οἶμαι
1208 4155 1523 4222 προσειπεῖν
1580 4155 1897 4223 ἀναγκαῖον.

2009 4144 2247 4215 ipsorum
2280 4154 2473 4212 matre,
2500 4149 2723 4205 mandat
2751 4151 2917 4207 etiam
2970 4152 3040 4209 de
3068 4171 3153 4211 ea.
3200 4156 3407 4213 Locum
3442 4161 3590 4216 enim

330 4234 716 4309 Εἱσδεξάμενος
754 4242 835 4304 εἰς
882 4242 1049 4296 τέκνα
1106 4245 1233 4308 τοὺς
1282 4245 1339 4312 ἐξ
1406 4247 1603 4319 Ἰωσὴφ
1648 4249 1676 4301 6
1717 4248 1899 4320 πατὴρ

2009 4253 2112 4306 quo
2137 4239 2348 4308 sepulta
2374 4239 2477 4293 fuit
2531 4239 2865 4311 signiﬁcare,
2918 4245 3056 4302 nihil
3115 4248 3264 4304 aliud
3294 4266 3414 4307 esse
3443 4253 3590 4308 arbi-

326 4326 623 4401 τεθνεώσης
664 4331 844 4385 αὐτῶν
887 4333 988 4402 τῆς
1031 4335 1254 4406 μητρὸς,
1302 4338 1608 4394 ἐντέλλεται
1650 4342 1745 4394 καὶ
1770 4343 1899 4414 περὶ

2006 4336 2121 4382 tror
2166 4344 2328 4399 quam
2359 4330 2612 4394 suadere,
2654 4340 2712 4386 ιιι
2732 4333 2926 4402 ipsius,
2955 4351 3075 4404 qua:
3103 4337 3283 4405 decet,
3323 4356 3456 4397 cura
3490 4360 3585 4414 ge-

327 4419 505 4489 αὗτῆς.
559 4422 854 4494 Ἰοιγάρτοι
903 4424 996 4478 τὸν
1034 4427 1091 4479 ἐν
1118 4418 1162 4493 ᾧ
1202 4427 1462 4483 τέθαπται
1510 4433 1896 4503 κατασημῆναι

2003 4432 2173 4477 ratur.
2202 4422 2474 4477 Mandavit
2496 4431 2680 4483 autem
2707 4425 2871 4480 etiam
2900 4424 3043 4482 Deus
3069 4444 3131 4484 ac
3159 4431 3321 4487 Pater
3349 4433 3488 4489 Filio
3516 4436 3584 4491 de

325 4509 489 4580 χῶρον
536 4513 625 4585 ετη
656 4513 725 4568 ἂν
747 4516 932 4588 ἕτερον
961 4518 1112 4571 οὐδὲν
1146 4520 1528 4586 ἀναπείθοντος
1556 4522 1588 4592 ἢ
1623 4524 1702 4577 ὅτι
1731 4541 1897 4595 προτ-

1998 4513 2265 4579 Ecclesia,
2304 4515 2709 4586 persuadetque
2762 4527 2821 4571 ut
2854 4519 3028 4589 ipsius
3073 4536 3260 4577 curam
3294 4524 3579 4598 suscipiat,

326 4600 437 4669 45m
465 4601 564 4675 τὴν
608 4604 838 4659 δέουσαν
871 4606 958 4660 ἐπ’
988 4606 1124 4678 αὐτῇ
1163 4609 1433 4663 ποιεῖσθαι
1460 4611 1734 4682 φροντίδα.
1785 4612 1897 4665 Ἐν-

2002 4603 2226 4662 devicta:
2249 4613 2426 4662 morte
2458 4606 2529 4662 ob
2550 4607 2829 4677 antiquam
2858 4610 3323 4672 maledictionem.
3347 4617 3503 4675 Unde
3527 4629 3583 4675 et

325 4692 557 4750 ετέλλετο
588 4695 647 4748 δὲ
691 4697 787 4750 καὶ
823 4699 851 4750 6
886 4697 1017 4761 Θεὸς
1053 4701 1143 4752 καί
1169 4699 1357 4771 Πατὴρ
1400 4700 1477 4772 τῷ
1499 4701 1613 4769 Υίῷ
1646 4701 1897 4773 περὶτῆς

1997 4695 2216 4751 divinus
2238 4697 2404 4752 David
2428 4697 2496 4752 ad
2520 4699 2692 4755 Deum
2715 4714 2781 4754 ac
2798 4701 3014 4757 Patrem
3039 4705 3316 4762 ccclestem
3336 4709 3536 4766 clamat
3564 4730 3575 4763 :

334 4781 677 4855 Ἐκκλησίας,
715 4788 809 4840 καὶ
848 4788 1125 4858 φροντίδος
1161 4791 1330 4862 αὐτὴν
1372 4789 1556 4855 ἀξιοῦν
1588 4792 1892 4855 ἀναπείθει,

1997 4788 2161 4859 208
2186 4808 2203 4839 ι
2236 4789 2447 4852 Mando,
2466 4789 2633 4855 Deus,
2659 4792 2918 4862 potentiae
2935 4802 3040 4850 tuae
3065 4814 3076 4849 :
3107 4796 3387 4862 conﬁrma,
3413 4800 3578 4867 Deus,

322 4875 676 4946 νενικημένην
715 4876 930 4948 θανάτῳ
950 4880 1038 4933 διὰ
1076 4879 1174 4953 τὴν
1202 4881 1436 4951 ἀρχαίαν
1466 4881 1624 4951 ἀράν.
1656 4883 1892 4955 Τοιγάρ-

1997 4877 2101 4931 hoc
2146 4877 2292 4947 quod
2321 4885 2580 4948 operatus
2629 4896 2690 4935 es
2743 4882 2799 4938 in
2828 4884 2987 4939 nobis
3016 4885 3079 4937 θ’,
3122 4905 3138 4935 ι
3185 4886 3419 4942 Tantum
3468 4905 3575 4945 non

319 4980 393 5016 τοι
432 4966 529 5019 καὶ
572 4966 954 5038 ἁνακέκραγεν
1007 4970 1036 5022 6
1067 4970 1208 5035 θεῖος
1237 4974 1370 5042 ἡμῖν
1424 4972 1589 5027 Δασὶδ
1624 4973 1757 5045 πρὸς
1803 4973 1894 5027 τὸν

1996 4967 2140 5022 enim
2179 4982 2380 5038 corpus
2415 4972 2575 5024 morti
2597 4972 2896 5031 obnoxium
2923 4975 3239 5041 ostendens,
3278 4979 3473 5034 orabat
3518 4991 3577 5036 ut

318 5055 370 5106 ἐν
395 5057 648 5130 οὐρανοῖς
679 5059 899 5130 Πατέρα
924 5062 1018 5115 καὶ
1034 5062 1186 5115 Θεόν¹
1215 5079 1233 5114 ι
1270 5064 1564 5128 Ἕντειλαι,
1589 5066 1618 5118 ὁ
1640 5064 1792 5128 Θεὸς,
1824 5067 1891 5136 τῇ

1994 5072 2093 5129 per
2145 5060 2447 5129 potentiam
2474 5063 2569 5118 Dei
2619 5078 2683 5119 ac
2704 5065 2908 5129 Patris,
2963 5066 3067 5121 hoc
3093 5076 3179 5123 est
3219 5085 3318 5140 per
3354 5071 3575 5140 Filium,

316 5144 530 5218 δυνάμει
558 5165 678 5214 σου,
704 5148 1043 5222 δυνάμωσον,
1065 5154 1093 5205 6
1123 5152 1277 5216 Θεὸς,
1303 5152 1464 5208 τοῦτο
1490 5154 1518 5207 ὃ
1546 5154 1892 5236 κατειργάσω

1996 5148 2324 5205 liberaretur
2373 5168 2402 5206 a
2429 5157 2807 5226 corruptione,
2861 5166 3025 5228 atque
3051 5158 3250 5216 iterum
3291 5162 3359 5223 ad
3392 5165 3577 5236 pristi-

317 5172 530 5218 συναμει
558 5172 678 5214 σου,
704 5172 1043 5222 ουναμωσον,
1065 5172 1093 5205 ο
1123 5172 1277 5216 σεος,
1303 5172 1464 5208 τουτο
1490 5172 1518 5207 ο
1546 5172 1892 5296 κατειρέατω

317 5237 370 5287 ἰν
394 5240 540 5309 ἡμῖν.
587 5261 605 5291 ι
645 5242 944 5313 Μονονουχὶ
986 5244 1096 5316 γὰρ
1148 5245 1241 5298 καὶ
1290 5244 1656 5316 παρα-δεικνὺς
1706 5262 1734 5297 τ
1814 5243 1893 5314 τῷ

1993 5172 2324 5205 uueraretur
2373 5172 2402 5206 ιι
2429 5172 2807 5226 corruptione,
2861 5172 3025 5228 atque
3051 5172 3250 5216 iterum
3291 5172 3359 5223 ad
3392 5172 3574 5236 pristi-

1994 5257 2124 5296 num
2156 5250 2358 5298 statum
2392 5246 2816 5311 instauraretur,
2858 5250 2963 5303 hoc
2994 5260 3098 5318 est,
3145 5251 3212 5309 ad
3243 5253 3459 5313 beatam
3511 5271 3574 5312 ac

321 5323 522 5398 θανάτῳ
557 5331 792 5400 κάτοχον
841 5332 1020 5403 σῶμα,
1052 5333 1143 5389 διὰ
1171 5334 1270 5405 τῆς
1315 5334 1597 5405 δυνάμεως
1628 5333 1726 5389 τοῦ
1758 5335 1893 5387 Θεοῦ

2028 5334 2266 5389 inceram
2294 5337 2347 5390 in
2373 5336 2799 5399 Christovitam.
3596 5366 3609 5423 ί

322 5418 409 5473 καὶ
433 5421 667 5493 [ἰατρὸς.
705 5423 1103 5489 τουτέστι,·τοῢ
1170 5425 1301 5481 Υἱοῦ
1349 5425 1785 5481 ἀπαλλάττεσθαι
1855 5425 1955 5499 μὲν
1992 5425 2241 5495 ἐλιπάρει
2288 5427 2388 5498 τῆς
2429 5429 2633 5500 φθορᾶς
2655 5448 2667 5460 ·
2705 5432 3062 5504 ἁναφοιτῆσαι
3100 5436 3157 5490 δὲ
3205 5435 3357 5504 αὖθις
3386 5430 3482 5505 θείς
3512 5441 3574 5496 τὸ
3603 5418 3631 5514 ἰ

324 5509 378 5561 ἓν
423 5512 638 5585 ἀρχαῖς,
689 5516 986 5584 τουτέστιν,
1015 5520 1094 5583 είς
1130 5518 1228 5590 τὴν
1261 5519 1318 5572 ἐν
1356 5519 1576 5591 Χριστῷ
1608 5520 1887 5591 μακαρίαν
1925 5520 2019 5575 καλ⁸
2049 5521 2323 5593 ἀκήρατον
2355 5520 2521 5591 ζωήν.

360 5622 448 5677 "l
482 5625 627 5681 Petr.
663 5643 721 5692 ιι,
754 5630 809 5685 9.
888 5629 933 5661 ⁸⁸
964 5628 1103 5685 Gen.
1133 5646 1312 5695 κινιιι,
1346 5632 1398 5687 6.
1478 5634 1522 5664 δ’
1549 5632 1705 5689 Joan.
1732 5650 1862 5701 xm,
1895 5635 1941 5700 θἔ

1609 5648 1705 5689 an.
1732 5650 1862 5701 xvn,
1895 5635 1950 5700 9,
1988 5635 2071 5689 l0.
2151 5636 2195 5669 ‘°
2226 5635 2407 5694 Colos.
2439 5652 2518 5702 ιιι,
2549 5636 2601 5691 5.
2679 5638 2718 5669 "
2746 5639 2887 5693 Psal.
2915 5653 3076 5701 um,
3102 5641 3190 5697 29.

600 5721 874 5785 ΡΑτιιοι..
920 5724 1034 5784 Gn.
1081 5726 1281 5787 LXIX.

3041 5731 3103 5796 11
