4032 6198
410 337 518 391 333$
1407 325 1461 380 S.
1504 323 1586 382 οἵ
1597 323 1776 380 ιιιιριι
1815 322 1996 379 ALEX

2102 322 2285 378 nam
2323 320 2644 403 ARClllEP.
3571 323 3683 379 εδδ

405 452 541 507 Nam
566 456 837 520 quatenus
860 443 927 499 ad
952 440 1461 505 sanetiilcatiouem,
1491 455 1595 493 una
1626 453 1689 491 ac
1716 435 1832 507 pari
1863 452 1984 506 gra-

2102 435 2366 506 ςροφήτου
2424 435 2629 505 φωνήν·
2677 432 2997 503 ὑπέρκειται
3041 432 3097 485 δὲ
3157 431 3277 487 λίαν
3313 433 3342 487 ὸ
3386 431 3446 498 ἐξ
3485 432 3678 493 έθνῶν,

410 541 484 597 tia
508 537 826 609 locupletati
847 542 996 599 sunt,
1026 541 1081 588 et
1101 531 1195 603 qui
1221 547 1287 586 ex
1312 529 1497 595 Israel,
1524 535 1579 585 et
1594 528 1689 599 qui
1715 543 1781 583 ex
1802 527 1985 598 genti—

2102 525 2186 579 m‘.
2214 528 2293 590 εἰς
2334 524 2656 593 συναγωγὰς
2699 523 2845 579 λαῶν
2875 523 3290 597 κατευρὺνεται,
3333 524 3427 578 καὶ
3476 523 3681 594 μείζων

410 632 515 686 bus
544 626 922 690 crediderunt,
955 633 1119 694 atque
1163 620 1447 696 iustiﬁcati
1478 627 1606 675 sunt
1628 619 1685 673 in
1720 617 1942 674 Christo
1969 635 1981 671 :

2102 616 2208 670 tati.
2264 616 2358 673 τοῦ
2433 616 2652 688 Ἰσραήλ
2701 618 2766 687 τῇ
2813 616 2922 670 τῶν
2978 615 3390 670 πιστευσάντων
3456 614 3682 686 ἀμέτρῳ

410 738 508 791 per
537 733 701 792 quem
751 726 808 772 et
855 730 981 770 cum
1017 729 1127 785 quo
1172 714 1243 769 sit
1266 714 1378 769 Deo
1412 719 1469 766 et
1489 710 1640 767 Patri
1664 709 1837 782 gloria
1856 724 1983 765 cum

2102 708 2293 780 τληθύϊ
2345 708 2666 780 ποιούμενος
2712 709 2811 780 τὴν
2846 709 3123 781 ὑπεροχήν
3143 727 3157 742 ο
3193 709 3295 780 μιᾷ
3324 708 3434 779 γὰρ
3462 708 3556 760 καὶ
3590 706 3683 777 τοι

409 820 598 867 sancto
622 809 829 883 Spiritu
862 808 917 862 in
944 806 1141 862 saecula
1175 804 1520 863 saeculorum.
1539 801 1731 857 Amen.
1873 862 1882 871 _

2102 799 2270 871 (ἀριτι
2295 798 2720 871 κατεστέμμεθα
2749 799 2886 872 πρὸς
2919 799 3192 870 ἀγιασμδν
3225 799 3350 883 οίτε
3372 798 3432 864 ιε
3465 796 3681 869 Ἰσραὴλ

410 900 503 953 καὶ
552 882 762 969 μέντοι
814 894 909 949 καὶ
952 895 1002 948 οἰ
1042 891 1101 959 ἐξ
1165 891 1332 946 ἐθνῶν
1377 890 1791 955 πιστεύσαντες,
1862 888 1956 942 καὶ
2005 888 2062 941 ἐν
2101 886 2322 959 Χριστῷ
2345 887 2781 959 δεδικαιωμένοιο
2814 888 2883 943 δι’
2905 883 2966 943 οὗ
2986 889 3083 944 καὶ
3109 889 3228 960 μεθ’
3258 882 3319 945 οὗ
3344 890 3423 967 τῷ
3447 888 3566 960 Θεῷ
3588 889 3685 944 καὶ

410 987 584 1059 Πατρί
626 984 816 1059 ήδὸξα
860 985 957 1039 σὺν
1001 983 1140 1056 ἁγίῳ
1172 982 1451 1055 Πνεῦματι
1491 984 1571 1045 εἰς
1609 981 1734 1042 τοὺς
1782 978 1985 1042 αἰῶνας
2021 977 2130 1030 τῶν
2164 977 2400 1034 αἰώνων.
2450 978 2642 1051 Ἀμήν.

903 1175 2061 1205 W

463 1180 1009 1209 ωε

2780 1175 3653 1206 m

949 1338 1737 1458 ΓΛΑΦΥΡΩΝ
1780 1338 2043 1451 ,ΕΙΣ
2125 1339 2441 1451 ΤΗΝ
2507 1338 3147 1456 ΓΕΝΕΣΙΝ

1782 1562 2219 1651 ΒΙΒΛΙΟΝ
2296 1567 2356 1648 Ζ
2375 1564 2419 1647 ’.

637 1885 1555 1983 GLAPHYBORUM
1636 1888 1755 1976 ΙΝ
1803 1881 2330 1975 GENESIM
2385 1884 2751 1976 LIBER
2820 1884 3457 1975 SEPTIMUS.

483 2182 640 2254 211
678 2183 753 2239 De
787 2184 1136 2241 benedictione
1176 2185 1443 2240 duodecim
1484 2185 1932 2255 patriarcharum.

482 2297 692 2367 Scopus
705 2297 927 2368 quidem
944 2307 1111 2369 atque
1128 2299 1447 2354 institutum
1465 2299 1749 2369 praesentis
1777 2314 1990 2356 sermo-

411 2387 498 2442 nis
521 2394 606 2442 est
632 2401 856 2441 narrare
887 2402 955 2443 ea
977 2378 1102 2458 qua:
1124 2386 1295 2443 Iacob
1316 2386 1444 2443 ﬁliis
1469 2403 1537 2443 ex
1570 2402 1630 2443 se
1659 2387 1804 2443 natis
1830 2403 1996 2443 even-

414 2478 537 2535 tui-a
571 2479 843 2550 praedixit.
886 2479 996 2535 Sed
1034 2479 1188 2551 prius
1219 2479 1376 2550 quasi
1410 2488 1774 2546 contestatur,
1797 2479 1994 2535 diﬁci-

412 2569 520 2625 lem
551 2570 850 2626 admodum
884 2586 1007 2626 esse
1035 2571 1309 2628 dictorum
1346 2587 1589 2638 sensum,
1622 2587 1802 2643 neque
1830 2572 1994 2643 vulgo

409 2661 656 2725 obvium,
700 2663 795 2717 sed
844 2663 1156 2718 abstrusam
1190 2662 1595 2734 obscuramque
1640 2661 1995 2734 signiﬁcatio-

412 2769 536 2808 nem
575 2753 632 2807 in
664 2769 722 2808 se
762 2752 985 2808 habere.
1026 2754 1334 2815 lmmistum
1372 2769 1503 2809 vero
1531 2764 1615 2810 est
1650 2753 1994 2811 benedictio-

413 2845 502 2900 nis
532 2844 715 2908 modo,
751 2845 806 2899 id
847 2844 994 2915 quod
1016 2862 1130 2901 non
1158 2846 1235 2900 ita
1258 2859 1317 2900 se
1346 2845 1535 2911 habet,
1564 2856 1621 2902 et
1642 2847 1790 2919 quod
1815 2848 1997 2904 adhuc

413 2935 499 2991 his
540 2934 815 2990 difﬁcilius
863 2944 966 2991 est.
1008 2936 1287 2992 Promittit
1317 2937 1539 3007 quidem
1581 2938 1802 2994 divinus
1825 2938 1993 2994 Jacob

415 3026 710 3098 praedicere
734 3026 861 3083 (iliis
880 3042 1003 3098 qum
1051 3029 1352 3084 novissime
1385 3039 1651 3085 eventura
1678 3029 1827 3105 sint;
1865 3030 1995 3084 facit

414 3134 546 3195 vero
579 3120 986 3193 praeteritorum
1020 3120 1377 3184 mentionem,
1412 3127 1469 3174 et
1506 3129 1791 3188 peccatum
1831 3120 1992 3175 meti-

417 3222 525 3276 tur,
575 3212 813 3282 primum
863 3212 1088 3281 quidem
1135 3212 1313 3281 ipsius
1356 3211 1573 3275 Ruben,
1625 3228 1691 3267 ac
1725 3221 1853 3283 post
1889 3214 1994 3269 hoc

416 3304 690 3359 Simeonis
723 3310 781 3357 et
812 3302 966 3357 Levi.
1007 3301 1141 3367 Quis
1180 3317 1312 3358 vero
1336 3302 1521 3358 dicere
1544 3304 1744 3358 audeat
1765 3319 1886 3361 esse.
1913 3306 1995 3360 le-

410 3393 665 3465 gitimum
703 3390 1067 3446 benedicendi
1097 3392 1322 3447 modum
1359 3394 1759 3463 praeteritorum
1797 3410 1992 3465 pecca-

2032 2190 2083 2251 Β

3302 2108 3339 2145 4

2254 2191 2392 2259 Περὶ
2420 2189 2530 2259 τῆς
2562 2189 2844 2257 εὐλογίας
2878 2185 2994 2240 τῶν
3025 2186 3101 2251 ’,β’
3131 2184 3525 2255 πατριαρχῶν.

2167 2304 2373 2368 Σκοπὸς
2394 2303 2491 2374 μὲν
2505 2302 2584 2373 τῷ
2605 2300 2749 2371 λόγῳ
2766 2299 2828 2353 τὸ
2848 2298 3238 2371 ἀφηγήσασθαι
3256 2298 3367 2353 δεῖν
3395 2296 3503 2350 τῶν
3527 2298 3693 2368 εἰρη-

2098 2397 2276 2466 μένων
2300 2393 2507 2448 ἕκαστα
2538 2389 2690 2458 παρὰ
2717 2388 2810 2442 τοῦ
2835 2388 3178 2459 προπάτορος
3216 2385 3409 2441 Ἰακὼὸ
3446 2387 3557 2439 τῶν
3584 2388 3693 2439 ἑκ-

2095 2484 2418 2556 6ησομένων
2449 2482 2591 2538 κατὰ
2612 2480 2835 2550 καιροὺς
2858 2479 2951 2531 ἐπὶ
2991 2479 3101 2540 τοῖς
3131 2477 3190 2542 ἐξ
3216 2476 3380 2530 αὑτοῦ
3402 2476 3693 2545 γεγονόσιν

2095 2579 2247 2640 υἰοίς.
2300 2573 2846 2647 Προδιαμαρτύρεται
2876 2572 2933 2625 δὲ
2960 2571 3148 2637 ὥσπερ
3179 2573 3357 2625 έκεῖνο
3391 2568 3573 2639 σαφῶς
3604 2570 3691 2631 ὡς

2093 2668 2415 2738 δυσέφικτος
2447 2666 2544 2737 μὲν
2575 2663 2768 2735 κομιδῇ
2802 2663 2910 2719 τῶν
2940 2662 3244 2734 εἰρημένων
3267 2662 3297 2714 δ
3316 2659 3461 2726 νοῦς,
3490 2658 3586 2713 καὶ
3615 2660 3689 2711 οὔ

2096 2758 2329 2829 βάσιμος
2355 2760 2469 2822 τοῖς
2503 2757 2720 2822 πολλοῖς
2741 2795 2757 2821 ,
2785 2754 3189 2827 αἰνιγματώδης
3216 2754 3274 2808 δὲ
3309 2755 3402 2808 καί⁵
3428 2754 3693 2823 ἁσυμφα-

2097 2850 2195 2923 νὴς
2210 2851 2309 2920 τὴν
2327 2849 2579 2920 δήλωσιν,
2599 2848 2882 2919 Μέμικται
2899 2846 2957 2900 δὲ
2978 2845 3057 2917 τῷ
3080 2844 3180 2915 τῆς
3199 2843 3450 2913 εὐλογίας
3470 2845 3689 2917 τρόπῳ,

2095 2945 2156 2999 τὸ
2184 2945 2258 3015 μὴ
2286 2942 2459 3006 οὕτως
2482 2942 2625 3013 ἔχον,
2654 2943 2747 2997 καί
2768 2942 2828 2995 τὸ
2862 2941 2940 2995 ἔτι
2964 2940 3174 2995 τούτων
3205 2940 3685 3011 δυσεφικτάιερον.

2109 3031 2531 3101 Ἐπαγγέλλεται
2567 3031 2665 3101 μὲν
2696 3031 2804 3102 γὰρ
2838 3032 2868 3083 ὁ
2897 3030 3185 3094 Θεσπέσιος
3220 3028 3414 3083 Ἰακὼὸ
3441 3044 3695 3101 προαγο-

2097 3123 2274 3195 ρεύειν
2303 3126 2415 3187 τοῖς
2452 3123 2662 3187 τέκνοις
2693 3122 2763 3177 τὰ
2794 3124 2852 3176 ὲν
2881 3123 3133 3193 ἐσχάτοις
3155 3139 3169 3153 ·
3207 3121 3441 3175 ποιεῖταί
3470 3137 3532 3187 γε
3569 3119 3687 3191 μὴν

2095 3212 2202 3267 τῶν
2247 3210 2653 3282 παρῳχηκότων
2694 3211 2795 3281 τὴν
2849 3212 3088 3280 μνήμην,
3142 3209 3236 3263 καὶ
3293 3205 3684 3279 πλημμέλειαν

2096 3304 2414 3376 ἁναμετρεί,
2446 3301 2671 3374 πρώτην
2704 3302 2801 3372 μὲν
2828 3302 2931 3372 τὴν
2955 3300 3050 3354 τοῦ
3096 3300 3386 3370 Ῥουσείμ,
3419 3294 3538 3352 εἷτα
3562 3298 3665 3364 γείι

2097 3414 2225 3452 τονα
2252 3396 2417 3461 εὐθὺς
2450 3396 2545 3450 καί
2583 3395 2700 3465 μετ’
2737 3393 2979 3463 ἐκείνην,
3013 3392 3112 3464 τὴν
3142 3391 3367 3464 Συμεὼν
3398 3392 3491 3446 καὶ
3525 3390 3686 3445 Δευῖ.

415 3496 599 3541 torum
641 3483 1277 3540 commemorationem?
1325 3485 1519 3541 Annon
1560 3487 1607 3542 is
1649 3487 1883 3544 mendax
1939 3498 1996 3544 et

2102 3483 2232 3543 Εἶτα
2261 3487 2345 3551 τίς
2387 3487 2417 3539 6
2456 3486 2622 3556 φάναι
2652 3484 2895 3556 θαρρῶν,
2942 3486 3015 3550 ὼς
3060 3485 3315 3552 εὐλογίας
3355 3485 3495 3536 τισὶν
3527 3482 3688 3536 ἕσται

399 3594 447 3633 .a
485 3584 631 3632 recta
667 3576 876 3631 ratione
911 3575 1127 3632 alienus
1161 3577 1475 3633 habeatur?
1500 3578 1781 3635 Obscurus
1814 3579 1996 3651 itaque

2102 3578 2324 3650 τρόπος,
2356 3578 2389 3647 ή
2422 3575 2533 3628 τῶν
2564 3575 2666 3646 ήδη
2697 3575 3191 3648 προεπταισμένων
3215 3576 3552 3645 ἀνάμνησις,
3587 3574 3688 3627 καὶ

395 3667 713 3725 .admodnm
757 3675 842 3721 est
868 3682 1066 3737 capere
1105 3668 1421 3725 volentibus
1460 3670 1563 3725 hac
1601 3671 1669 3726 de
1711 3687 1770 3726 re
1793 3686 1995 3727 sermo.

417 3759 559 3829 Quid
597 3776 729 3830 ergo
763 3758 1030 3822 dicemus,
1070 3758 1399 3816 adhibentes
1433 3760 1813 3832 probationem
1848 3762 1999 3819 hisce

419 3870 449 3910 a
504 3851 664 3908 nobis
712 3851 1007 3922 prepositis
1065 3852 1465 3908 commodam?
1513 3852 1652 3921 Quia
1707 3854 1999 3924 explicatio

417 3944 592 4016 ipsius
642 3943 943 4014 prophetiae
993 3945 1109 3999 sive
1159 3944 1536 4015 praedictionis
1571 3946 1798 4001 omnino
1839 3946 1999 4003 nobis

419 4033 731 4089 introdueet
777 4042 964 4105 typum
1021 4033 1316 4106 Synagogae
1370 4035 1707 4101 Iudaeorum,
1767 4044 1882 4101 aut,
1941 4044 2000 4093 ut

418 4125 732 4180 summatim
760 4123 959 4188 dicam,
997 4125 1166 4179 totius
1188 4127 1424 4194 generis,
1448 4136 1610 4196 atque
1644 4127 1782 4182 adeo
1805 4143 1996 4183 eorum

415 4233 538 4288 quae
568 4216 1002 4286 uniuscujusque
1040 4216 1219 4271 tribus
1257 4227 1406 4282 sunt,
1441 4220 1747 4288 qualisnam
1787 4221 1877 4275 illa
1917 4222 2000 4276 fu-

417 4317 539 4363 tura
591 4306 665 4361 sit
708 4321 809 4361 suo
842 4316 1113 4376 tempore,
1155 4321 1225 4360 an
1266 4305 1594 4373 damnanda,
1633 4323 1701 4361 an
1725 4324 1756 4362 e
1781 4309 1999 4365 diverso

410 4399 768 4471 approbanda
794 4419 806 4453 :
832 4399 966 4454 item
995 4398 1292 4469 quomodo,
1322 4408 1419 4454 aut
1473 4400 1527 4454 in
1557 4400 1759 4470 quibus
1812 4400 1995 4466 fuerit,

415 4500 471 4546 et
509 4504 620 4560 quo
657 4489 749 4544 illa
781 4506 903 4559 quae
941 4489 1244 4544 secundum
1282 4490 1399 4560 ipsa
1424 4498 1554 4544 sunt
1584 4489 1835 4545 evadant.
1866 4492 1998 4548 Vide

414 4587 599 4632 autem
631 4594 742 4647 quo
777 4587 936 4648 pacto
964 4577 1090 4633 aliis
1110 4578 1356 4647 quidem,
1381 4595 1449 4633 ex
1482 4578 1551 4632 iis
1571 4594 1691 4647 qua:
1716 4581 1826 4649 jam
1859 4581 1999 4637 facta

417 4679 566 4735 sunt,
602 4669 787 4724 futura
820 4668 1105 4734 describit,
1140 4670 1270 4725 aliis
1301 4684 1434 4724 vero
1469 4684 1536 4723 ex
1571 4669 1686 4739 ipsa
1713 4673 1998 4728 nominum

416 4761 786 4819 declaratione
823 4760 939 4816 sive
980 4760 1438 4830 interpretatione
1486 4760 1799 4816 futurorum
1834 4779 1999 4820 even-

2101 3672 2202 3725 οὐκ
2235 3670 2303 3725 ἂν
2339 3671 2512 3723 νοοῖτο
2539 3666 2845 3738 ψευδοεπὴς
2865 3706 2879 3727 .
2923 3667 3018 3720 καί⁵
3056 3666 3149 3720 τοῦ
3181 3666 3513 3737 καθήκοντος
3548 3665 3691 3731 ἐξὼο

2101 3761 2249 3816 χειλε
2281 3759 2371 3814 νοῦ
2391 3775 2407 3825 ;
2432 3759 2609 3822 Βαθὺς
2631 3754 2724 3812 οὖν
2744 3758 2854 3830 ἄρα
2876 3758 2970 3811 καί
2997 3758 3058 3810 οὐ
3079 3757 3200 3810 λίαν
3225 3757 3545 3827 ὲκκείμενος
3570 3758 3691 3818 τοῖς

2101 3852 2241 3906 ἑλεῖν
2268 3849 2544 3903 ἐθέλουσιν
2583 3851 2611 3903 ὁ
2640 3848 2734 3902 ἐπὶ
2762 3848 2900 3919 τῷδε
2929 3847 3104 3915 λόγος.
3137 3847 3203 3900 Τί
3242 3842 3337 3901 οὖν
3365 3848 3473 3919 ἄρα
3501 3847 3690 3917 φαμὲν

2103 3940 2201 4014 τὴν
2225 3938 2578 4011 ἐνδεχομένην
2599 3940 2710 4001 τοῖς
2735 3937 3144 4008 προκειμένοις;
3175 3934 3251 4009 (Ι)
3277 3937 3349 3989 Ἢ
3366 3936 3462 3990 καὶ
3487 3935 3675 4003 συλλή.

2104 4033 2237 4100 ὁδην
2257 4034 2432 4087 εἰπεῖν
2459 4028 2660 4093 παντὸς
2679 4028 2774 4083 τοῦ
2791 4028 2999 4096 γένους,
3027 4029 3149 4099 ήτοι
3167 4028 3277 4081 τῶν
3298 4026 3546 4089 ἑκάστοις
3574 4043 3649 4095 φο
3665 4057 3682 4069 ο

2100 4121 2197 4193 λῆς
2222 4119 2414 4187 τύπον,
2445 4119 2629 4183 ὁποῖός
2658 4135 2744 4181 τις
2790 4117 2945 4170 ἔσται
2976 4116 3116 4171 κατὰ
3161 4117 3420 4187 καιροὺς,
3449 4114 3545 4169 καὶ
3578 4130 3685 4167 m-

2098 4213 2507 4287 ταρρηθήσεται
2534 4212 2631 4282 μὲν
2661 4210 2752 4264 ὲπί
2787 4226 2950 4273 τισιν,
2991 4209 3340 4281 εὐδοκιμήσει
3365 4209 3422 4262 δὲ
3450 4208 3616 4271 ὅπως,
3647 4208 3685 4278 ἢ

2101 4310 2196 4360 καί⁸
2241 4306 2301 4358 ὲν
2346 4305 2489 4358 τίσιν
2538 4303 2692 4357 ἔσται
2725 4301 2909 4373 τυχὸν,
2946 4304 3042 4356 καὶ
3079 4305 3311 4372 ὅποιπερ
3345 4300 3413 4354 ἂν
3456 4298 3527 4353 τὰ
3562 4302 3687 4352 κατ’

2101 4397 2271 4467 αὐτὴν
2320 4380 2783 4467 ὲκτελευτήσειενο
2825 4395 3095 4464 εἰσκομιεῖ
3146 4410 3247 4445 που
3291 4392 3508 4455 πάντως
3553 4391 3691 4459 ἡμῖν

2099 4491 2203 4560 τῆς
2264 4489 2601 4560 προφητείας
2648 4489 2680 4559 ή
2734 4487 3034 4557 ἀφήγησις.
3085 4484 3277 4556 Ἀθρει
3317 4484 3375 4537 δὲ
3416 4483 3563 4545 ὅπως
3600 4475 3686 4543 οἷς

2106 4584 2204 4654 μὲν
2230 4581 2338 4635 ἀπὸ
2368 4579 2476 4632 τῶν
2508 4578 2608 4650 ἤδη
2646 4578 3033 4648 γεγενημένων
3070 4577 3238 4637 τὰμὲν
3282 4575 3529 4646 ὑστέροις
3570 4575 3689 4625 Cof»

2106 4658 2244 4743 μενα
2282 4673 2592 4741 ζωγραφεῖ,
2641 4669 2851 4740 ἑτέροις
2898 4669 2954 4723 δὲ
3009 4664 3075 4723 αὖ
3113 4668 3214 4737 τὴν
3249 4668 3359 4721 τῶν
3403 4665 3689 4737 ὀνομάτων

2102 4763 2398 4832 ἀφήγησιν,
2433 4762 2549 4830 ήτοι
2586 4757 2684 4830 τήν
2714 4758 3032 4830 ἑρμηνείαν,
3084 4760 3316 4828 μήνυσιν
3346 4756 3534 4828 ὥσπερ
3563 4760 3691 4810 τινὰ

420 4861 534 4906 tum
588 4848 849 4905 declarat.
905 4848 1184 4919 Scriptum
1234 4857 1325 4903 est
1368 4849 1536 4920 igitur
1571 4850 1691 4907 sic:
1729 4871 1747 4904 ι
1776 4852 1996 4911 Voeavit

2104 4856 2339 4906 ποιεῖται
2364 4850 2474 4904 τῶν
2506 4849 2806 4919 ἐσομένων,
2837 4849 2934 4905 καὶ
2966 4848 3115 4919 σαφῆ
3147 4847 3548 4920 πῳανὰδειξιν.
3590 4847 3692 4899 Γέ-

415 4951 601 5003 autem
635 4939 806 4996 Iacob
829 4940 970 4995 ﬁlios
994 4955 1147 5006 suos,
1174 4948 1232 4994 et
1255 4938 1393 4994 dixit
1420 4959 1433 4993 :
1474 4941 1910 5014 Congregamini,
1938 4955 2000 5001 ut

417 5038 739 5089 annuntiem
774 5033 932 5089 vobis
971 5032 1105 5105 quid
1134 5033 1350 5089 accidet
1387 5034 1544 5089 vobis
1591 5035 1647 5089 in
1684 5037 1998 5094 novissimis

418 5123 633 5179 diebus.
651 5123 1097 5197 Congregamini,
1129 5134 1184 5182 et
1209 5124 1415 5189 audite,
1454 5123 1547 5179 (iiii
1574 5125 1780 5191 Iacob;
1806 5128 1997 5184 audite

419 5214 674 5270 lsraelem
714 5228 925 5286 patrem
953 5226 1193 5273 vestrum
1231 5220 1299 5270 ⁷⁷.
1348 5242 1365 5270 ο
1696 5226 1701 5229 '

946 5420 1106 5489 ξιξ
1145 5420 1223 5473 De
1266 5420 1467 5475 Ruben.

497 5549 523 5584 tt
542 5532 741 5587 Ruben
761 5533 1163 5603 primogenitus
1192 5548 1366 5601 meus,
1395 5544 1452 5590 tu
1484 5551 1543 5590 es
1566 5533 1830 5589 fortitudo
1854 5548 1995 5598 mea,

446 5732 449 5737 .
509 5687 555 5718 ’⁷
576 5685 712 5740 Gen.
748 5697 893 5746 χιιι,
917 5684 970 5742 t.
996 5680 1051 5735 2.

2105 4960 2348 5019 γραπται
2369 4943 2548 4998 τοίνυν
2574 4942 2690 4995 ὡδί·
2724 4961 2743 4994 ι
2787 4942 3042 4997 Ἐκάλεσε
3071 4942 3127 4995 δὲ
3165 4939 3359 4995 ’ἰακὼὸ
3387 4941 3514 5004 τοὺς
3537 4940 3692 5003 υἱοὺς

2105 5037 2291 5101 αὑτοῦ,
2330 5038 2424 5090 καί⁵
2466 5030 2588 5089 εἰπε
2616 5051 2628 5065 ·
2670 5034 2983 5107 Συνάχθητε
3010 5035 3098 5087 ἵνα
3130 5033 3450 5103 ἀπαγγείλω
3479 5032 3610 5104 ὑμῖν
3633 5033 3691 5085 τί

2104 5130 2407 5199 ἀπαντήσει
2452 5128 2582 5198 ὑμῖν
2623 5128 2708 5180 ἐπ’
2739 5125 2969 5198 ἐσχάτου
3012 5125 3122 5178 τῶν
3163 5125 3405 5198 ἡμερῶν.
3474 5123 3690 5194 Ἅθροι-

2107 5218 2269 5289 σθητε
2299 5219 2391 5273 καὶ
2429 5218 2721 5280 ἀκούσατε,
2751 5219 2858 5271 uici
2893 5215 3116 5270 Ὶακώ6’
3153 5215 3422 5271 ἀκούσατε
3471 5215 3691 5290 Ἰσραὴλ

2105 5310 2197 5365 τοῦ
2231 5309 2433 5379 recpit;
2463 5309 2631 5380 ὑμῶν.
2675 5329 2691 5359 ι

2347 5410 2375 5451 "'
2672 5419 2808 5487 Περί
2863 5418 3153 5485 Ῥουϐείμ.

2183 5550 2201 5582 ι
2252 5529 2504 5601 Ῥουσείμ
2553 5529 2902 5601 πρωτότοκος
2951 5545 3091 5598 μου,
3143 5527 3208 5580 σὺ
3258 5525 3410 5597 ἰσχύς
3456 5539 3559 5595 μου
3595 5528 3694 5580 καὶ

508 5778 584 5848 (ἰ)
613 5769 814 5846 Supple
847 5789 912 5829 ex
938 5772 1059 5827 cod.
1098 5767 1778 5840 Harlzeianoﬁswpﬁpamv
1803 5769 1996 5841 in:th

2102 5785 2211 5833 ντες
2238 5768 2488 5840 βάσανον,
2512 5767 2590 5820 ὅτι
2620 5770 2717 5840 τῆς
2758 5765 3028 5823 Ἰουδαίων
3050 5747 3401 5835 Συναγωγῆς,
3423 5763 3554 5836 ή....
