4032 6198
305 347 412 403 337

1304 345 1826 403 GLAPHYRORUM
1866 346 1933 403 IN
1972 349 2276 406 GENESIM
2318 353 2451 410 LIB.
2492 354 2602 409 νη.

3466 367 3570 423 333

306 460 451 535 ἁρχὴ
493 459 701 514 τέκνων
748 476 884 529 μου,
931 458 1165 530 σκληρός
1196 458 1453 532 φέρεσθαι
1499 463 1593 515 καὶ
1642 462 1886 534 σκληρῶς

1993 475 2048 520 et
2083 469 2418 539 principium
2451 470 2755 527 liberorum
2782 490 3052 543 meorum,
3078 476 3316 534 difﬁcilis
3343 481 3572 538 toleratu

305 554 567 623 αὐθάδης.
614 550 938 622 Ἐξύόρισας
967 550 1042 615 ὡς
1066 550 1228 623 ὕδωρ,
1263 552 1336 623 μὴ
1368 551 1618 624 ἔκζέσῃς.
1674 554 1895 625 Ἀνέὸης

304 644 419 715 γάρ
449 644 545 696 ἐπὶ
585 641 687 714 τὴν
718 641 911 710 κοίτην
950 640 1044 694 τοῦ
1093 641 1299 713 πατρός
1334 659 1427 695 σου
1449 683 1463 705 ,
1495 643 1617 697 τότε
1666 644 1894 714 ἑμίανας

304 734 405 806 τὴν
457 733 750 805 στρωμνὴν
782 727 844 786 οὗ
892 730 1114 803 ἀνέδης.
1160 751 1178 784 ι
1229 732 1475 802 Κέκ).οφε
1527 734 1625 804 μιν
1663 730 1760 789 οὖν
1804 735 1895 790 τὸν

305 827 402 882 τοῦ
430 826 638 898 πατρὸς
680 825 862 896 γάμον
892 828 921 880 6
957 824 1233 896 Ῥουσείμ·
1265 826 1378 897 ήλω
1406 843 1464 880 τε
1497 829 1596 881 οὐκ
1637 829 1893 900 ἁσυμφα-

302 921 438 986 νῶς,
468 917 749 990 δεδρακὼς
773 916 809 971 ἃ
831 916 907 989 μὴ
930 916 1093 987 θέμις
1108 958 1120 977 .
1150 917 1244 970 καὶ
1272 917 1345 981 ὡς
1367 919 1601 990 πονηρὸν
1623 920 1682 972 τὸ
1706 920 1894 991 χρῆμα

306 1012 406 1063 καὶ
454 1009 654 1072 αὐταῖς
696 1011 819 1072 ταῖς
867 1007 926 1074 ἐξ
980 1006 1179 1061 Ἰακὼϐ
1234 1008 1618 1074 κατεδικάζετο
1671 1010 1890 1081 ψήφοις.

312 1121 332 1153 ι
364 1098 608 1171 Πονηρδν
629 1098 760 1170 γάρ,
783 1099 970 1170 φησὶν,
990 1099 1167 1170 ἐφάνη
1197 1086 1439 1153 ἐνώπιοέ
1465 1099 1680 1155 Ἰακώδ.
1711 1120 1725 1155 ι
1752 1100 1893 1154 Ἀλλ’

304 1190 370 1246 οὗ
402 1209 455 1245 τι
490 1208 595 1245 που
630 1192 692 1244 τὺ
731 1190 832 1263 ήδη
880 1191 1209 1263 παρῳχηκὸς
1253 1191 1328 1255 ὠς
1375 1193 1432 1244 ὲν
1462 1193 1710 1262 ἐσχάτοις
1744 1193 1891 1247 ἔσται

303 1285 520 1355 καιροῖς
570 1284 971 1353 ὑποτοπήσειεν
1016 1282 1082 1336 ἂν
1131 1280 1284 1354 οἶμαι
1334 1301 1436 1348 τις.
1498 1283 1735 1338 Ἦλίθιον
1790 1285 1892 1357 γὰρ

304 1375 505 1447 κομιδῇ
534 1376 594 1428 τδ
623 1374 752 1446 τῇδε
781 1377 943 1428 νοεῖν.
979 1374 1465 1439 Μεταπλάττοντες
1493 1376 1550 1428 δὲ
1578 1375 1768 1446 ὥσπερ
1794 1377 1894 1447 τῆς

301 1466 688 1539 πλημμελείας
715 1467 807 1520 τὸν
832 1454 1018 1531 τύπον,
1044 1466 1135 1521 ὲπί
1158 1484 1213 1521 τι
1240 1466 1350 1521 τῶν
1372 1468 1646 1533 ἐοικότων,
1680 1468 1777 1540 τὴν
1797 1468 1891 1522 τοῦ

226 1621 235 1627 _
301 1559 655 1629 πρωτοτόκου
698 1558 869 1622 λαοῦ,
903 1559 1048 1629 φημὶ
1077 1558 1141 1631 δὴ
1186 1558 1281 1613 τοῦ
1334 1559 1571 1631 Ἰσραὴλ,
1618 1560 1892 1631 ἁμαρτίαν

298 1649 550 1722 ὀψόμεθα
573 1667 586 1680 ·
636 1648 860 1718 γύναιον
906 1651 1001 1720 μὲν
1034 1649 1144 1720 γάρ
1171 1645 1261 1704 οἷά
1300 1668 1353 1704 τι
1387 1652 1484 1722 τὴν
1528 1652 1586 1718 ἐξ
1615 1650 1890 1720 Αἰγύπτου

299 1740 633 1813 συναγωγήν
677 1741 1060 1812 προσηγάγετο
1097 1743 1126 1794 6
1155 1741 1315 1806 θεὸς,
1366 1742 1455 1796 διά
1491 1759 1572 1796 τοι
1609 1743 1708 1808 τῆς
1751 1743 1890 1797 κατὰ

1996 562 2051 612 et
2089 557 2226 615 dure
2267 561 2649 619 intractabilis.
2675 563 3025 623 Redundavit
3047 568 3300 639 superbia
3326 582 3419 626 tua
3454 580 3577 627 tan-

1995 665 2159 719 quam
2201 667 2361 722 aqua,
2405 670 2475 710 ne
2517 654 2865 712 eﬂ’erbueris.
2898 658 3206 716 Ascendisti
3230 663 3377 717 enim
3412 680 3575 735 super

1996 741 2177 797 cubile
2221 746 2392 813 patris
2442 746 2542 811 tui,
2588 755 2644 802 et
2682 749 2967 805 maculasti
3017 760 3246 808 stratum
3278 754 3399 824 eius
3434 756 3499 809 ".
3548 777 3566 808 ι

1994 830 2129 886 Nam
2170 833 2363 889 Ruben
2392 835 2536 890 clam
2582 837 2881 894 violaverat
2916 843 3137 911 nuptias
3172 854 3448 912 paternas,
3472 846 3572 902 de-

1994 923 2407 995 prehensusque
2441 934 2525 982 est
2565 929 2741 997 palam
2782 931 3143 998 commisisse,
3187 950 3307 1004 qua:
3341 934 3422 990 fas
3462 953 3573 993 non

1994 1022 2095 1070 est.
2133 1016 2287 1072 Unde
2322 1027 2377 1072 et
2424 1018 2492 1073 ab
2542 1019 2661 1089 ipso
2699 1021 2870 1077 Iacob
2915 1022 3180 1095 ﬂagitiosa
3215 1042 3304 1082 res
3330 1027 3573 1097 judicata

1994 1116 2096 1162 est.
2136 1108 2226 1162 Ait
2260 1110 2408 1164 enim
2448 1129 2461 1165 :
2505 1131 2522 1163 ι
2555 1110 3055 1190 Apparuit_malum
3082 1117 3137 1171 in
3165 1129 3459 1191 conspectu
3486 1121 3573 1178 Ja-

1993 1198 2097 1254 cob
2126 1202 2192 1254 7'.
2228 1221 2246 1252 ι
2293 1201 2564 1258 Caeterum
2598 1206 2743 1275 quod
2763 1208 2877 1277 jam
2903 1209 3239 1278 prmteritum
3261 1220 3362 1275 est,
3386 1228 3591 1279 nemo;

1992 1290 2253 1358 arbitror,
2297 1301 2551 1366 tanquam
2600 1297 2656 1352 in
2705 1298 2914 1355 ultimis
2951 1302 3291 1371 temporibus
3323 1303 3570 1360 futurum

1992 1383 2339 1439 existimarit.
2383 1386 2697 1444 Absurdum
2739 1392 2887 1446 enim
2936 1392 3105 1447 fuerit
3140 1395 3213 1449 ita
3253 1396 3476 1451 sentire.
3503 1398 3572 1450 At

1991 1472 2039 1527 si
2062 1475 2454 1535 transferamus
2479 1487 2665 1551 typum
2686 1481 2870 1538 delicti
2895 1484 2962 1539 ad
2986 1485 3192 1555 aliquid
3219 1487 3395 1541 simile
3418 1487 3567 1552 huic,

1995 1575 2109 1621 tum
2147 1577 2428 1638 peccatum
2462 1571 2622 1641 primi
2657 1574 2867 1642 populi,
2901 1575 3115 1631 Israclis
3168 1576 3411 1646 inquam,
3448 1594 3570 1634 cer-

1993 1673 2204 1713 nemus.
2247 1660 2390 1716 Deus
2428 1662 2575 1716 enim
2614 1662 2948 1736 Synagogam
2982 1667 3151 1721 veluti
3177 1683 3401 1723 uxorem
3430 1669 3570 1724 edu-

1994 1747 2071 1803 xit
2104 1764 2171 1803 ex
2195 1748 2446 1823 Egypto,
2479 1767 2580 1822 per
2615 1753 3041 1811 intellectualem
3064 1757 3202 1829 legis
3229 1760 3565 1818 societatem.

298 1832 473 1902 νόμον
504 1833 703 1901 νοητῆς
732 1830 1034 1894 κοινωνίας.
1060 1830 1322 1902 Προσίετο
1344 1831 1474 1902 γὰρ,
1499 1832 1592 1885 καὶ
1618 1828 1767 1899 ἠξίου
1793 1831 1886 1900 μὲν

1992 1838 2227 1894 Admisit
2260 1820 2407 1895 enim
2434 1820 2576 1906 eam,
2607 1851 2663 1897 et
2686 1842 3057 1899 familiaritate
3076 1820 3569 1917 coniunctioneque

296 1924 662 1993 οἰκειότητος.
693 1921 971 1995 εγκαρπόν
993 1938 1051 1975 τε
1080 1920 1221 1976 οὕτω
1243 1921 1337 1976 καὶ
1362 1922 1567 1978 τέκνων
1588 1921 1751 1977 ἐτίθει
1782 1938 1888 1993 μη-

295 2014 458 2085 τέρα,
495 2014 777 2084 μονονουχὶ
816 2012 1309 2085 νυμιραγωγοῦντος
1342 2014 1511 2086 αὐτὴν
1551 2012 1644 2067 τοῦ
1691 2013 1890 2068 πανσό⁴

295 2121 405 2173 φσυ
432 2105 711 2169 Μωσέωςο
732 2106 830 2159 καὶ
860 2106 958 2175 τῆς
993 2105 1286 2174 συναφείας
1310 2105 1402 2159 τὸν
1428 2107 1628 2177 τρόπον
1662 2105 1890 2177 μεσολα-

294 2197 542 2251 ϐούντων
583 2197 852 2265 ἀγγέλων.
903 2197 1041 2250 Ἀλλ’
1098 2199 1131 2267 ἡ
1172 2198 1307 2268 πρὸς
1355 2197 1515 2252 τοῦτο
1552 2199 1703 2270 παρὰ
1752 2197 1888 2253 Θεοῦ

294 2290 706 2361 παρενεχθεῖσα
750 2289 1048 2359 Συναγωγή
1072 2287 1163 2341 τὸν
1189 2288 1290 2359 τῆς
1323 2290 1676 2361 γνησιότητος
1702 2289 1889 2344 ἐλύπει

292 2382 491 2451 νόμον,
544 2380 925 2452 συναπτομένη
970 2382 1169 2452 τρόπον
1203 2381 1324 2435 τινά
1369 2385 1481 2446 τοῖς
1514 2381 1609 2436 τοῦ
1640 2399 1889 2455 γεγαμηο

292 2473 462 2536 κότος
513 2474 665 2537 υἱοῖς,
695 2472 791 2527 καὶ
816 2473 908 2527 ὑπ’
944 2473 1127 2538 αὐτοῖς
1163 2473 1521 2545 πορνεύουσα,
1553 2476 1645 2529 καὶ
1682 2490 1888 2546 καρπο-

293 2560 547 2634 φοροῦσα
575 2561 675 2634 μὲν
702 2562 886 2616 οὐκέτι
915 2560 992 2633 τῷ
1021 2562 1108 2615 διὰ
1139 2561 1303 2632 νόμου
1337 2562 1675 2633 συνῳκηκότι
1698 2605 1712 2630 ,
1752 2564 1886 2618 ὑπο-

292 2655 546 2727 φέρουσα
585 2654 642 2707 δὲ
670 2654 871 2724 μᾶλλον
896 2655 988 2709 τὸν
1023 2655 1152 2710 ίδιον
1184 2655 1308 2709 νοῦν
1336 2658 1447 2719 τοῖς
1485 2656 1688 2728 ἑτέρων
1716 2675 1886 2730 σπερο

296 2748 618 2817 ματισμοῐς,
649 2747 809 2817 δῆλον
837 2747 894 2800 δὲ
916 2747 996 2801 ὅτι
1031 2748 1240 2818 νοητοῖς
1276 2747 1372 2800 καὶ
1400 2750 1512 2811 τοῖς
1538 2748 1679 2803 κατὰ
1710 2750 1886 2821 μάθη-

294 2858 393 2893 σιν
419 2838 582 2908 λέγω.
632 2835 996 2909 Ἀτιμάζουσα
1029 2838 1135 2909 γὰρ
1166 2838 1242 2903 ὡς
1269 2838 1436 2892 ἕωλον
1466 2838 1530 2893 τὸ
1566 2840 1885 2912 προκεῖσθαι

288 2927 457 3000 Θεῷ,
507 2927 643 3000 πρὸς
681 2926 991 2997 ἐντάλματα
1035 2927 1131 2981 καὶ
1180 2927 1531 2992 διδασκαλίας
1583 2927 1885 3000 ἀνθρώπων

291 3020 596 3093 ἐτράπετο,
625 3020 722 3073 καὶ
757 3018 1097 3089 μαθημάτων
1132 3018 1241 3073 τῶν
1276 3018 1489 3074 ἄνωθεν
1531 3019 1848 3092 ἀλογήσασα
1867 3062 1882 3086 ,

298 3114 365 3167 τὰ
408 3110 600 3167 δοκοῦν
643 3111 831 3174 ἁπλῶς
874 3110 1111 3202 ἐποιεῖτο
1155 3111 1338 3183 νόμον,
1392 3110 1683 3183 Τοιγάρτοι
1727 3112 1821 3166 καὶ
1853 3113 1882 3165 6
1909 3145 1952 3202 ε

291 3204 592 3274 προφήτης
621 3203 879 3269 Ἡσαΐας,
905 3221 924 3255 ι
952 3201 1076 3268 Πῶς
1097 3203 1335 3272 ἐγένετο,
1356 3203 1509 3274 φησι,
1535 3204 1709 3276 πόρνη
1733 3204 1883 3269 πόλις

294 3297 473 3368 πιστὴ
502 3294 663 3360 Σιὼν,
698 3297 912 3368 πλήρης
934 3294 1204 3370 κρίσεως;
1240 3298 1299 3351 ὲν
1397 3297 1712 3368 δικαιοσύνη
1744 3300 1884 3354 ἐκοι-

298 3388 459 3461 μήθη
496 3390 555 3442 ἐν
585 3389 742 3459 αὐτῇ,
775 3387 871 3443 νῦν
911 3387 968 3442 δὲ
1000 3387 1275 3458 φονευταί.
1317 3388 1390 3441 Τὸ
1422 3387 1687 3460 ἀργύριον
1731 3388 1883 3460 ὑμῶν

295 3470 583 3550 ἀδόκιμον.
609 3481 672 3533 Ol
694 3478 930 3549 κάπηλοι
956 3496 1049 3533 σου
1085 3478 1337 3551 μίσγουσι
1364 3479 1456 3533 τὸν
1484 3474 1627 3533 οἶνον
1650 3480 1821 3534 ὕδατι.
1859 3500 1877 3533 ι

308 3569 618 3642 Ἐκοιμήθη
653 3569 752 3641 μιν
783 3568 893 3641 γὰρ
922 3571 1051 3640 παρ’
1091 3570 1227 3641 αὐτῇ
1246 3613 1261 3637 ,
1294 3570 1386 3624 καὶ
1415 3570 1710 3625 κατέλυσεν
1743 3573 1775 3642 ή
1806 3571 1882 3624 ὂι-

299 3658 565 3732 καιοσύνη
582 3699 597 3721 ,
622 3658 869 3713 τουτέστι
900 3657 1052 3722 Θεός.
1107 3657 1245 3711 Ἀλλ’
1268 3657 1571 3727 εἰσεδέξατο
1595 3660 1880 3731 φονευτάς,

301 3752 682 3823 μσιχωμένους
701 3792 715 3813 ,
745 3752 842 3804 καὶ
874 3750 1138 3823 φθόρους,
1176 3753 1301 3816 τοὺς
1330 3752 1595 3825 ἀργύριον
1632 3754 1768 3827 αὐτῇ
1802 3754 1877 3808 δι-

294 3843 495 3908 δόντας
518 3843 798 3917 ἀδόκιμον,
829 3843 924 3898 καὶ
955 3843 1361 3915 ἁναμιγνύντας
1404 3844 1493 3898 τὸν
1526 3839 1668 3899 οἶνον
1706 3846 1880 3902 ὕδατι.

312 3936 601 4007 Ἀδόκιμος
645 3937 756 4009 γὰρ
803 3936 1018 4007 ἀληθῶς
1059 3939 1089 3991 6
1127 3937 1284 4007 λόγος
1326 3936 1437 3990 τῶν
1482 3938 1882 3993 ἀναπειθόντων

295 4026 478 4098 αὐτὴν
501 4028 717 4083 ἑλέσθαι
752 4030 918 4100 τιμᾷν
957 4027 1303 4093 διδασκαλίας
1332 4030 1426 4084 καὶ
1450 4030 1761 4101 ἐντάλματα
1792 4032 1884 4086 ἁν-

296 4119 559 4191 θρώπων.
590 4122 1060 4194 Κεκαπηλευμένη
1098 4121 1155 4177 δὲ
1181 4121 1369 4194 ὥσπερ
1395 4122 1492 4176 καὶ
1521 4122 1615 4176 τοῦ
1640 4108 1884 4193 χείρονος

294 4213 402 4266 οὐκ
414 4213 760 4285 άσυμμιγὴς,
782 4216 815 4284 ή
842 4215 971 4287 παρ’
988 4214 1212 4269 ἐκείνων
1234 4214 1531 4285 ἀφήγησις.
1555 4212 1725 4267 Τοῦτο
1753 4213 1879 4284 γάρ,

297 4299 355 4355 οἵ
358 4321 483 4374 μαι,
501 4305 619 4359 terti.
636 4306 697 4358 τὸ
719 4306 1092 4377 ἀναμεμίχθαι
1102 4305 1281 4375 λέγειν
1304 4306 1396 4361 τὸν
1420 4300 1560 4361 οἶνον
1579 4303 1880 4359 ὖδατι.”οτι

296 4394 359 4447 δὲ
382 4394 446 4447 τὸ
479 4394 668 4467 χρῆμα
706 4396 799 4451 τὸν
828 4395 937 4450 τῶν
963 4396 1101 4452 ὅλων
1127 4395 1316 4449 ἐλύπει
1355 4395 1509 4457 Θεὸν,
1555 4395 1650 4449 καὶ
1681 4394 1755 4458 ὡς
1787 4410 1881 4447 πε-

1992 1929 2245 2001 dignatus
2279 1939 2383 1997 est,
2420 1940 2582 2003 atque
2636 1934 2716 1989 sic
2753 1934 3041 1991 fecundam
3073 1944 3128 1991 et
3163 1943 3392 1993 matrem
3426 1937 3569 1993 lilio-

1993 2034 2115 2073 rum
2147 2019 2349 2085 effecit,
2386 2022 2639 2091 pronubo
2663 2024 3068 2100 quodammodo
3096 2025 3263 2091 Mose,
3297 2036 3461 2097 atque
3499 2028 3564 2083 ad

1991 2108 2228 2179 conjugii
2266 2109 2503 2167 modum
2554 2111 3049 2170 intervenientibus
3093 2116 3318 2186 angelis.
3364 2116 3566 2173 Verum

1992 2200 2114 2263 ista,
2152 2215 2273 2270 quae
2305 2202 2371 2257 ad
2408 2201 2513 2257 hoc
2546 2219 2576 2257 a
2607 2204 2719 2259 Deo
2758 2205 2993 2261 adducta
3026 2215 3110 2263 est
3142 2206 3443 2280 Synagoga,
3478 2226 3567 2267 re~

1991 2289 2213 2359 pudiata
2237 2306 2364 2347 vera
2392 2307 2456 2347 ac
2475 2292 2686 2347 sincera
2710 2292 2848 2364 lege,
2889 2294 3141 2364 copulata
3179 2302 3263 2349 est
3300 2295 3566 2366 quodam~

1990 2383 2154 2439 modo
2191 2384 2318 2440 tlliis
2357 2386 2548 2455 ipsius,
2585 2384 2982 2440 et'adulterata
3013 2400 3138 2440 cum
3169 2385 3249 2442 eis
3276 2405 3289 2453 ;
3319 2402 3421 2442 nee
3446 2402 3566 2442 am-

1990 2475 2136 2545 plius
2184 2476 2256 2541 ei,
2307 2475 2401 2546 qui
2450 2475 2724 2547 legitimus
2767 2477 2996 2531 maritus
3030 2476 3563 2544 erat,fructiﬂcavit,

1990 2565 2087 2621 sed
2143 2575 2383 2621 mentem
2441 2581 2596 2622 suam
2660 2567 2892 2622 aliorum
2949 2566 3255 2623 seminibus
3309 2568 3563 2639 subjecit,

1989 2654 2365 2725 spiritualibus
2389 2656 2671 2722 nimirum,
2704 2671 2933 2727 quaeque
2966 2656 3033 2711 ad
3061 2656 3366 2713 doctrinam
3393 2660 3566 2729 pert!-

1988 2752 2141 2799 nent.
2181 2745 2499 2816 Despiciens
2542 2746 2689 2802 enim
2740 2757 2799 2803 ut
2845 2762 3075 2809 vanum,
3101 2749 3214 2804 Deo
3264 2749 3561 2816 adhaerere,

1988 2837 2261 2892 convertit
2296 2851 2356 2892 se
2401 2836 2469 2892 ad
2516 2838 2771 2893 mandata
2816 2849 2871 2893 et
2919 2838 3200 2896 doctrinas
3254 2840 3561 2907 hominum,

1988 2928 2305 2985 coelestibus
2345 2929 2634 3000 praeceptis
2672 2929 2993 3000 repudiatis,
3036 2933 3184 3002 quod
3214 2932 3319 3004 ipsi
3349 2932 3564 2992 arride-

1988 3019 2082 3074 bat
2120 3019 2297 3075 solum
2340 3018 2566 3074 faciens.
2605 3017 2745 3074 Hinc
2778 3026 2833 3074 et
2855 3021 3120 3091 propheta
3153 3021 3320 3078 Isaias
3348 3042 3371 3077 ετ
3394 3044 3412 3077 ι
3444 3025 3566 3094 Quo

1986 3122 2165 3181 pacto,
2226 3109 2422 3181 inquit,
2482 3109 2623 3165 facta
2681 3119 2767 3164 est
2822 3111 3083 3167 meretrix
3152 3115 3346 3170 civitas
3390 3115 3567 3175 ﬁdelis

1985 3202 2137 3267 Sion,
2177 3202 2340 3272 plena
2371 3200 2567 3273 iudicii
2592 3243 2607 3267 ,
2639 3201 2693 3255 in
2736 3217 2844 3273 qua
2866 3202 3077 3274 justitia
3100 3204 3310 3274 quievit
3343 3208 3398 3262 in
3425 3209 3561 3279 ipsa,

1984 3309 2133 3349 nunc
2170 3293 2500 3350 homieidae?
2523 3292 2825 3365 Argentum
2863 3303 3111 3351 vestrum
3148 3305 3234 3353 est
3263 3299 3565 3357 adultera-

1984 3394 2121 3440 tum.
2146 3384 2433 3458 Caupones
2459 3385 2537 3440 tui
2563 3385 2803 3443 miscent.
2829 3385 3022 3440 vinum
3061 3403 3201 3458 aqua
3235 3388 3305 3444 '°.
3339 3409 3356 3443 ›
3393 3388 3562 3458 Quie-

1984 3477 2063 3533 vit
2095 3478 2244 3532 enim
2292 3476 2349 3530 in
2390 3476 2504 3547 ipsa
2553 3484 2718 3546 atque
2770 3475 3069 3546 hospitium
3100 3477 3293 3534 habuit
3328 3481 3561 3552 iustitia,

1983 3569 2091 3625 hoc
2133 3577 2219 3625 est
2265 3568 2429 3623 Deus.
2471 3566 2580 3623 Sed
2623 3566 2846 3622 admisit
2893 3567 3215 3635 homicidas,
3263 3570 3561 3639 adulteros,

1984 3668 2358 3731 corruptores,
2400 3658 2496 3729 qui
2545 3659 2792 3729 praebent
2826 3669 3113 3731 argentum
3149 3664 3469 3733 reprobum,
3509 3674 3566 3721 et

1985 3748 2218 3805 miscent
2265 3751 2453 3806 vinum
2498 3766 2659 3822 aqua.
2706 3750 2989 3823 Siquidem
3033 3752 3303 3824 reprobus
3339 3754 3565 3809 omnino

1983 3847 2069 3894 est
2106 3854 2298 3896 eorum
2345 3855 2549 3906 sermo,
2589 3842 2686 3912 qui
2725 3843 3061 3913 persuadent
3097 3844 3199 3913 ipsi
3233 3851 3293 3898 ut
3324 3852 3566 3900 sectetur

1983 3928 2266 3984 doctrinas
2293 3937 2352 3985 et
2387 3930 2642 3986 mandata
2684 3932 2991 3988 hominum.
3034 3932 3354 3988 Adulterata
3398 3935 3563 3989 etiam

1982 4028 2085 4086 est,
2137 4035 2316 4089 neque
2366 4021 2530 4092 213
2576 4022 2863 4091 pravitatis
2911 4022 3140 4078 mistura
3182 4034 3331 4080 caret
3372 4041 3563 4081 eorum

1982 4113 2248 4169 doctrina.
2293 4112 2353 4167 ω
2394 4114 2563 4179 enim,
2607 4115 2867 4183 arbitror,
2896 4127 2981 4172 est
3026 4116 3174 4187 quod
3207 4116 3341 4173 dicit
3369 4134 3562 4189 aquam

1983 4205 2114 4260 vino
2150 4204 2389 4261 mistam.
2415 4204 2573 4273 Quod
2612 4222 2741 4262 vero
2767 4208 2873 4265 hoc
2907 4210 3084 4265 Deum
3123 4210 3290 4267 totius
3323 4212 3562 4268 universi

1984 4296 2122 4352 male
2158 4294 2435 4362 habuerit,
2461 4297 2720 4369 quodque
2748 4300 2942 4355 merito
2974 4300 3278 4358 Jerusalem
3303 4311 3563 4374 tanquam

1984 4388 2291 4444 adulteram
2333 4389 2625 4454 accusat-it,
2672 4389 2801 4444 audi
2846 4406 2913 4446 ex
2959 4390 3064 4446 hoc
3108 4392 3252 4448 clare
3292 4392 3435 4462 quod
3466 4409 3569 4464 per

300 4483 685 4556 πορνευμένην
725 4487 950 4549 εἰκότως
998 4486 1294 4557 κατῃτιᾶτο
1338 4484 1437 4557 τήν
1494 4482 1877 4556 Ἰερουσαλὴμ,

1987 4495 2174 4536 vocem
2209 4479 2458 4536 let-emite
2500 4480 2677 4536 dixit:
2720 4499 2738 4532 ι
2768 4480 2909 4536 Leva
2941 4482 3129 4537 oculos
3166 4494 3290 4537 tuos
3324 4484 3379 4536 in
3413 4484 3561 4538 dirc~

300 4575 470 4629 ἄκουε
491 4574 684 4645 σαφῶς
707 4577 796 4631 ὁτὲ
825 4580 925 4649 μὲν
946 4577 1198 4646 λέγοντος
1223 4576 1312 4630 διὰ
1339 4578 1439 4649 τῆς
1476 4574 1742 4648 Ἱερεμίου
1775 4592 1886 4644 φω-

299 4665 435 4734 νῆς’
471 4685 491 4719 ι
529 4662 705 4740 τΑρον
732 4670 813 4734 είς
841 4668 1057 4724 εὐθεῖαν
1098 4668 1192 4723 τὸν
1216 4667 1493 4739 ὀφθαλμόν
1525 4685 1618 4721 σου
1637 4709 1651 4731 ,
1681 4667 1774 4721 καὶ⁷
1808 4666 1885 4720 ίδε

302 4757 406 4810 ’τοῦ
473 4758 797 4833 ὲξεφύρθης.
862 4761 983 4815 Ἐπὶ
1015 4763 1134 4825 ταῖς
1207 4760 1347 4825 ὁδοῖς
1404 4759 1665 4823 ὲκάθισας
1696 4759 1887 4822 αὑταῖς

300 4849 434 4902 ὡσεὶ
470 4850 684 4922 κορώνη
726 4853 1120 4926 ήρημουμένη,
1153 4852 1248 4908 καὶ
1293 4853 1525 4925 δμίανας
1553 4851 1652 4923 τὴν
1689 4850 1794 4921 γῆν
1825 4852 1884 4905 ὲν

301 4941 421 5004 ταῖς
454 4943 706 5011 πορνίαις
751 4962 869 5009 σου,
899 4946 994 5000 καὶ
1035 4945 1191 5017 ἔσχες
1233 4943 1496 5016 ποιμένας
1538 4941 1765 5005 πολλοὺς
1800 4942 1880 5006 εἰς

302 5031 638 5104 πρόσκομμα
665 5038 891 5107 σεαυτῇ.
926 5036 1085 5107 Ὄφις
1111 5037 1317 5108 πόρνης
1333 5035 1548 5105 ἐγένετό
1573 5051 1674 5093 σοι.
1703 5033 1879 5103 ἁπηνο

300 5123 673 5196 αισχύντησας
719 5128 861 5199 πρὸς
893 5129 1118 5195 πάνταςο
1152 5130 1249 5200 οὐχ
1274 5129 1350 5193 ὡς
1377 5127 1622 5182 σύνοικόν
1652 5143 1719 5199 με
1747 5125 1880 5180 ἑκά-

296 5211 485 5277 λεσας.
508 5217 602 5269 καὶ
630 5218 841 5289 πατέρα
870 5219 963 5273 καὶ
992 5221 1230 5292 ἀρχηγὸν
1253 5220 1353 5291 τῆς
1378 5217 1672 5290 παρθενίας
1706 5232 1819 5270 σει)⁵
1858 5233 1876 5267 ι

298 5307 391 5360 καὶ
420 5302 581 5373 αὖθις
618 5309 709 5362 ὁτὲ
750 5309 808 5363 δὲ
840 5304 928 5365 αὗο
976 5331 993 5363 ι
1047 5313 1171 5366 Ἐάν
1205 5310 1571 5384 ἐξαποστέλλῃ
1612 5308 1752 5380 ἀνὴρ
1786 5306 1881 5378 τὴν

299 5402 531 5464 γυναῖκα
558 5401 755 5467 αὐτοῦ,
800 5404 891 5456 καὶ
924 5404 1132 5475 ἀπέλθῃ
1161 5403 1256 5458 ἀπ’
1300 5401 1494 5467 αὐτοῦ,
1539 5401 1632 5455 καὶ
1656 5400 1880 5471 γένηται

300 5489 458 5562 ἀνδρὶ
517 5493 723 5565 ἑτέρῳ,
779 5496 853 5565 μὴ
898 5497 1332 5568 ἀνακάμπτουσα
1380 5494 1694 5565 ἀνακάμψει
1746 5491 1882 5561 πρὸς

300 5582 467 5636 αἰτιιν
531 5584 639 5650 in;
700 5586 775 5639 Οὐ
835 5588 1154 5659 μιαινομένη
1215 5587 1575 5658 μιανθήσεται
1645 5587 1677 5654 ἦ
1744 5581 1880 5652 γυνὴ

369 5704 418 5735 τ’
451 5704 591 5758 Cen.
628 5722 769 5770 xm,
796 5709 848 5771 5,
889 5708 930 5761 ί.

1009 5710 1053 5739 ⁷⁸
1083 5709 1216 5764 Gen.
1257 5723 1380 5774 ml,
1419 5709 1504 5763 δῦ.
1550 5700 1625 5735 ’⁸⁸⁵
1658 5707 1759 5760 lsa.
1793 5721 1829 5768 1,
1868 5702 1958 5768 2|,
1994 5701 2081 5754 ἓξ.

1980 4582 2150 4636 ctum,
2181 4580 2238 4626 et
2263 4571 2388 4627 vide
2416 4572 2508 4627 ubi
2540 4580 2813 4643 prostrata
2837 4572 2931 4627 sis.
2965 4573 3024 4627 ln
3051 4572 3154 4627 viis
3178 4573 3310 4644 ipsis
3332 4573 3563 4631 sedebas

1983 4673 2238 4737 tanquam
2256 4664 2448 4720 cornix
2464 4665 2726 4730 desolata,
2748 4678 2803 4720 et
2822 4664 3061 4735 polluisti
3081 4673 3281 4721 terram
3305 4666 3358 4722 in
3387 4666 3562 4723 forni-

1981 4757 2291 4814 cationibus
2309 4757 2437 4821 tuis,
2450 4765 2506 4813 et
2520 4756 2761 4812 habuisti
2780 4764 3027 4828 pastores
3060 4757 3263 4813 multos
3298 4759 3351 4813 in
3382 4758 3561 4824 offen-

1980 4848 2191 4905 sionem
2204 4848 2324 4903 tibi.
2349 4848 2536 4904 Facies
2550 4848 2719 4903 scorti
2736 4848 2877 4904 facta
2892 4849 3106 4906 esttibi.
3127 4850 3345 4906 Desiisti
3359 4850 3561 4904 erube~

1979 4956 2135 4998 scere
2163 4939 2231 4995 ad
2248 4955 2461 5006 omnes,
2478 4941 2792 4996 necvocasti
2811 4957 2897 4997 me
2914 4942 3362 4997 contubemalem
3381 4950 3557 5003 tuum,
3622 4965 3631 4973 ο

1979 5047 2105 5101 cum
2122 5032 2224 5087 sim
2241 5040 2298 5088 et
2314 5041 2466 5101 pater
2480 5039 2537 5087 et
2550 5030 2659 5087 dux
2678 5031 3005 5104 virginitatis
3022 5040 3127 5088 tua:
3143 5034 3209 5086 '".
3225 5053 3241 5085 ι
3266 5033 3397 5088 Item
3422 5050 3433 5086 :
3463 5053 3478 5082 ι
3503 5032 3564 5090 Si

1979 5124 2250 5181 dimiserit
2266 5123 2350 5178 vir
2364 5139 2589 5179 uxorein
2604 5139 2780 5190 suam,
2798 5134 2853 5179 et
2869 5139 3086 5195 egressa
3101 5125 3388 5195 copuletur
3403 5126 3563 5183 alteri

1980 5218 2121 5282 viro,
2156 5231 2286 5270 num
2315 5227 2598 5271 revertens
2628 5224 2938 5272 revertetur
2966 5216 3031 5272 ad
3077 5218 3253 5286 ipsum
3291 5217 3561 5288 amplius?
3614 5254 3630 5296 γε

1964 5306 2170 5363 ,Nonne
2193 5306 2490 5377 polluendo
2514 5306 2790 5377 polluetur
2822 5306 3019 5360 mulier
3036 5306 3136 5361 ista
3156 5307 3178 5360 ?
3199 5307 3268 5362 Et
3302 5316 3356 5361 tu
3385 5307 3560 5363 forni-

1985 5403 2104 5449 cata
2133 5408 2194 5447 es
2216 5391 2271 5447 in
2302 5393 2491 5448 multis
2523 5393 2854 5463 pastoribus,
2887 5404 2943 5448 et
2973 5404 3151 5451 tamen
3178 5396 3349 5451 audes
3381 5396 3449 5450 ad
3473 5413 3561 5453 me

1986 5485 2231 5542 reverti?
2257 5484 2393 5539 dicit
2412 5484 2672 5539 Dominus
2688 5484 2756 5538 θ’.
2778 5505 2795 5532 ι
2827 5485 2995 5541 Porro
3014 5487 3158 5542 hunc
3177 5487 3565 5545 fornicationis

1985 5576 2204 5633 modum
2229 5577 2343 5647 ipse
2367 5575 2529 5629 etiam
2556 5573 2805 5632 Salvator
2828 5578 2985 5631 nobis
3006 5588 3192 5648 aperte
3214 5580 3564 5638 monstravit.

2162 5701 2201 5728 “
2239 5698 2441 5755 Jercm.
2469 5713 2545 5757 lli.
2593 5696 2646 5762 Ξ,
2678 5696 2731 5749 π.
2808 5699 2851 5729 ⁸³
2884 5697 3017 5755 ibid.
3058 5697 3103 5752 ι.
