4032 6198
235 374 351 472 ιιι

1224 415 1745 471 GLAPHYRORUM
1784 418 1850 471 LV
1889 417 2187 476 GENESIM
2227 421 2354 475 LIB.
2399 422 2507 477 VII.

3379 406 3503 481 τη

230 534 368 597 σθαι,
406 531 505 584 καὶ
532 526 775 599 σκληρὸς
800 525 1060 597 αὐθάδης,
1083 526 1379 593 τουτέστιν,
1408 530 1794 605 ἀμεταποίητος

1911 535 2164 592 Christus
2203 536 2318 605 ipse
2351 552 2362 587 :
2405 551 2423 584 ι
2449 531 2641 599 Quem,
2687 531 2784 597 ait,
2828 533 3219 603 prophetarum
3248 551 3359 592 non
3398 540 3486 595 in-

228 625 311 679 καὶ
321 620 716 691 ἀκαμπὴς,καὶ
733 621 946 691 ἄγριος,
962 618 1366 684 ἑπελευστικός.
1383 622 1676 704 Ὀρμητίαι
1697 624 1808 696 γὰρ

224 717 266 769 οἱ
300 714 547 769 Ἰουδαῖοι
574 710 716 765 κατὰ
742 711 803 764 τὸ
816 709 1016 781 ἀληθὲς
1034 711 1127 763 καὶ
1145 711 1281 764 πολὺ
1302 712 1423 765 λίαν
1444 711 1667 785 ὲξήνιοι.
1692 715 1813 771 Τοι-

224 801 407 872 γάρτοι
430 799 655 863 δικαίως
674 798 951 853 ἀκούουσι·
966 817 984 850 ι
1007 799 1481 872 Σκληροτράχηλοι
1503 803 1600 856 καὶ
1618 804 1808 877 ἀπερί-

224 879 411 963 τμῆτοι
444 890 691 963 καρδίαις
719 890 811 945 καὶ
837 893 947 954 τοῖς
968 890 1124 955 ὠσὶν,
1150 893 1306 962 ὑμεῖς
1332 893 1414 947 ἀεὶ
1438 894 1514 965 τῷ
1533 895 1810 967 Πνεῦματι

222 982 289 1054 τῷ
302 981 447 1052 ἁγίῳ
464 981 833 1036 ἀντιπίπτετε.
848 1001 866 1032 ι
884 982 994 1035 Καὶ
1006 981 1164 1045 αὐτὸς
1182 982 1238 1035 δὲ
1257 985 1285 1036 ὁ
1304 984 1558 1056 Χριστός·
1576 1004 1595 1039 ι
1614 988 1767 1049 Τίνα.
1783 1008 1801 1040 ι

223 1077 350 1147 φησί
374 1093 505 1138 που,
530 1094 550 1127 ι
574 1074 682 1127 τῶν
705 1072 1001 1148 προφητῶν
1027 1077 1127 1128 οὐκ
1157 1075 1484 1131 ἀπέκτειναν
1505 1079 1553 1131 oi
1574 1078 1808 1148 πατέρες

222 1164 403 1238 ῠμῶνς
435 1167 545 1220 Καὶ
584 1166 744 1236 ὑμεῖς
781 1163 1138 1235 ἐπληρώσατε
1164 1166 1227 1219 τὸ
1264 1167 1463 1239 μέτρον
1499 1168 1610 1222 τῶν
1642 1170 1813 1223 πατέ-

228 1276 336 1328 ρων
368 1255 547 1326 ὑμῶν.
574 1275 594 1309 ι
615 1255 829 1327 ’ἰταμὸς
847 1251 941 1309 οὖν
974 1255 1086 1327 ἄρα
1116 1255 1213 1310 καὶ
1248 1257 1489 1330 προαλὴς
1507 1260 1588 1323 είς
1614 1261 1802 1332 ὀργὰς,

223 1348 310 1401 καὶ
340 1348 620 1403 δύσοιστον
646 1348 783 1418 ἔχων
813 1347 910 1419 τὴν
942 1347 1130 1418 ἔφοδον
1154 1351 1183 1401 ό
1215 1348 1449 1421 Ἰσραὴλ,
1469 1352 1565 1405 καὶ
1584 1349 1802 1423 ἐξυϐρί-

221 1444 331 1506 ζων
375 1442 454 1505 ὠς
493 1440 673 1512 ὕδωρ,
713 1440 1015 1504 τουτέστιν,
1065 1442 1339 1513 ἀφόρητον
1379 1445 1518 1514 ἔχων
1543 1443 1640 1515 τὴν
1682 1444 1802 1497 καθ’

219 1527 285 1584 ὧν
312 1530 383 1585 ἂν
408 1531 582 1584 ἕλοιτο
605 1530 977 1602 καταδρομήν.
1006 1531 1264 1586 Τοιαῦται
1292 1533 1401 1603 γάρ
1432 1532 1546 1597 πῶς
1573 1534 1712 1587 είσιν
1737 1535 1794 1587 αἱ

218 1625 320 1679 τῶν
348 1624 558 1679 ὑδάτων
584 1624 767 1696 φοραί.
822 1644 840 1676 ι
868 1625 1032 1678 Ἀλλὰ
1063 1627 1140 1697 μὴ
1165 1626 1417 1700 ὲκζέσῃς,
1448 1645 1469 1680 ι
1507 1629 1661 1699 φησι.
1692 1630 1801 1682 Καὶ

218 1716 264 1769 τί
290 1715 360 1786 δὴ
384 1712 544 1767 τοῦτό
568 1716 716 1776 tm;
749 1712 822 1767 Τδ
862 1714 1050 1779 ὲκζέον
1078 1714 1220 1785 ὕδωρ
1249 1715 1362 1770 ἄνω
1403 1733 1506 1771 που
1548 1718 1796 1789 φέρεται,

217 1807 318 1860 τῶν
357 1805 601 1876 λεϐήτων
626 1806 1046 1878 ὑπερχεόμενον,
1084 1808 1177 1862 καὶ
1214 1808 1360 1862 δοκεῖ
1380 1826 1498 1873 πως
1536 1804 1677 1864 εἶναι
1707 1812 1800 1865 καὶ

1917 626 2253 682 terfecerunt
2279 634 2462 698 patres
2490 625 2659 680 vestri
2687 625 2710 678 ῖ
2748 625 2817 680 Ει
2846 639 2944 680 vos
2976 625 3303 696 implevistis
3335 644 3489 687 men-

1915 735 2097 775 suram
2131 728 2346 790 patrum
2367 727 2674 775 vestrorum
2701 719 2770 773 ".
2801 739 2817 770 ι
2855 718 3104 791 Praeceps
3126 719 3290 791 igitur
3311 732 3396 778 est
3429 723 3485 780 in

1913 810 2046 876 iras,
2103 820 2159 866 et
2207 821 2521 878 contumax,
2564 821 2727 882 atque
2774 812 3103 868 intolerabili
3147 812 3354 884 impetu
3393 831 3482 870 ra-

1912 902 2062 971 pitur
2104 903 2291 968 Israel,
2344 912 2508 973 atque
2556 902 2871 958 redundans
2920 911 2982 957 ut
3029 918 3188 973 aqua,
3239 904 3350 959 hoc
3375 913 3480 969 est,

1911 990 2131 1047 immani
2166 993 2220 1048 in
2248 1008 2311 1048 ea
2350 1009 2470 1063 quae
2494 994 2610 1047 vult
2660 994 2867 1063 impetu
2914 993 3110 1049 fertur.
3159 993 3480 1064 Hujusmodi

1908 1083 2053 1139 enim
2100 1093 2185 1140 est
2222 1101 2374 1155 aquae
2420 1085 2691 1141 currentis
2733 1087 2987 1157 impetus.
3029 1106 3045 1137 ι
3080 1085 3187 1141 Sed
3216 1102 3284 1141 ne
3316 1086 3481 1143 effer-

1907 1174 2113 1241 bueris,
2156 1195 2174 1228 ›
2232 1176 2427 1247 inquit.
2469 1176 2679 1247 Ecquid
2714 1178 2819 1233 hoc
2869 1177 3005 1233 est?
3056 1179 3210 1246 Aqua
3248 1177 3479 1233 efferve-

1907 1280 2066 1322 scens
2111 1283 2328 1322 sursum
2381 1267 2556 1323 fertur
2607 1269 2661 1323 in
2706 1268 3002 1335 lebetibus,
3049 1268 3366 1329 diffundens
3396 1284 3476 1333 se,

1906 1358 1981 1411 ita
2031 1366 2092 1412 ut
2147 1359 2318 1414 multa
2368 1375 2487 1415 esse
2537 1360 2807 1416 videatur.
2863 1359 3050 1430 Itaque
3102 1369 3390 1431 postquam
3427 1360 3478 1415 ei

1904 1464 2058 1518 aqua:
2097 1449 2360 1520 impetum
2405 1451 2620 1517 tribuit,
2660 1451 2907 1522 persistit
2941 1450 2996 1504 in
3033 1450 3375 1521 metaphora,
3423 1456 3480 1504 et

1902 1541 1998 1604 ait,
2059 1558 2077 1591 ι
2118 1555 2189 1595 ne
2225 1541 2571 1607 eil‘erbueris,
2609 1562 2627 1593 ι
2680 1541 2786 1597 hoc
2826 1549 2930 1605 est,
2977 1555 3048 1607 ne
3094 1539 3372 1595 extollaris
3420 1539 3475 1593 in

1904 1630 2329 1687 multitudinem.
2373 1633 2631 1688 israelitse
2670 1631 2817 1687 enim
2849 1647 2947 1702 per
2981 1630 3143 1695 ﬁdem
3177 1632 3232 1685 in
3257 1629 3476 1687 Christo

1895 1722 2180 1794 justiﬁcati
2213 1724 2352 1781 bene
2378 1724 2751 1781 numerabiles
2792 1732 2921 1779 sunt
2951 1731 3200 1793 respectu
3225 1723 3474 1778 multitu-

1901 1814 2045 1871 dinis
2082 1816 2346 1887 gentium.
2392 1816 2554 1887 215
2598 1816 2805 1871 Deinde
2844 1829 3064 1871 causam
3112 1814 3273 1869 θεῖοι-ι
3330 1814 3477 1868 illius

217 1897 367 1951 πολύ.
386 1895 605 1968 Ἐπειδὴ
630 1897 807 1951 τοίνυν
834 1896 1023 1962 ὕδατος
1045 1898 1193 1970 αὐτῷ
1213 1898 1588 1971 περιτέθεικεν
1600 1902 1794 1974 ὁρμὴν,

1900 1906 2047 1977 quod
2081 1906 2363 1974 acciderit,
2393 1916 2447 1962 et
2468 1907 2545 1961 ait
2577 1925 2590 1961 :
2631 1926 2649 1959 ι
2676 1905 2985 1962 Ascendisti
3007 1905 3155 1959 enim
3179 1904 3233 1958 in
3272 1903 3474 1959 lectum

214 1990 459 2059 ἐπιμένει
486 1992 551 2060 τῇ
595 1988 686 2044 τοῦ
730 1989 888 2058 λόγου
919 1991 1238 2063 μεταφορᾷ,
1272 1992 1368 2046 καί
1413 2008 1580 2064 φησι*
1639 2012 1659 2045 ι
1704 1994 1797 2064 Μὴ

214 2075 473 2151 δκζέσῃς,
508 2097 527 2129 ι
569 2078 597 2132 ὃ
627 2078 776 2144 ἐστι,
816 2077 892 2150 μὴ
934 2079 1255 2153 ὑπεραρθῇς
1279 2083 1360 2144 είς
1389 2081 1628 2151 πλῆθος,
1661 2082 1798 2154 μηδὲ

214 2169 383 2237 γένοιο
428 2167 618 2245 πολύς.
661 2169 1032 2241 [εὐαρίθμητοι
1085 2171 1195 2243 γὰρ
1237 2172 1313 2235 ὡς
1372 2172 1508 2242 πρδς
1548 2173 1648 2244 τὴν
1689 2171 1798 2226 τῶν

223 2259 489 2332 Ἐλλήνων
544 2259 754 2332 πληθὺν
800 2263 849 2316 οί
887 2261 943 2329 ἐξ
985 2262 1215 2332 αἵματος
1257 2263 1475 2337 Ἰσραὴλ
1516 2264 1796 2318 ἀνασεσωα

216 2355 399 2423 σμένοι
439 2353 530 2406 διὰ
562 2354 799 2419 πίστεως
836 2354 934 2424 τῆς
966 2354 1025 2407 ὲν
1054 2355 1295 2425 Χριστῷ.
1329 2350 1461 2408 Εἶτα
1489 2357 1588 2426 τὴν
1616 2356 1795 2409 αἰτίαν

209 2447 458 2517 ὶπιερέρει
503 2446 599 2499 τοῦ
652 2445 1111 2518 συμϐησομένου,
1155 2446 1252 2499 καί
1304 2463 1456 2518 φησι·
1501 2467 1518 2499 ι
1570 2446 1796 2518 Ἀνέὁης

208 2537 307 2607 γὰρ
375 2535 471 2589 ἐπὶ
524 2536 714 2609 κοίτην
768 2537 970 2609 πατρός
1028 2554 1121 2590 σου
1148 2577 1164 2602 ,
1225 2538 1346 2590 τότε
1408 2538 1640 2609 ὲμίανας
1699 2538 1795 2610 τὴν

206 2627 495 2699 στρωμνὴν
559 2622 620 2682 οὗ
665 2627 886 2699 ἀνέὗης.
944 2648 962 2680 ι
1034 2628 1121 2692 Ὡς
1180 2627 1288 2701 γὰρ
1349 2627 1449 2701 ἤδη
1510 2630 1793 2699 προεῖπον,

203 2720 386 2773 οὐκέτι
414 2721 515 2792 μὲν
546 2719 616 2773 τὰ
651 2721 709 2773 ὲν
737 2720 886 2792 νόμῳ
922 2718 1333 2791 διερευνώμενοι
1376 2719 1470 2773 καὶ
1499 2723 1613 2784 τοῖς
1656 2718 1796 2774 ἄνω-

207 2805 290 2861 θεν
332 2806 557 2876 λογίοις
598 2808 693 2861 καὶ
750 2809 862 2872 τοῖς
921 2807 1223 2879 ἀνθρώπων
1292 2808 1630 2878 ὲντάλμασι,
1695 2807 1794 2879 τῆς

218 2901 305 2952 ἰπὶ
362 2898 586 2971 Χριστῷ
635 2898 890 2969 γνώσεως
929 2898 1183 2972 ταύτῃτοι
1219 2899 1651 2970 διημαρτήκασι.
1696 2899 1794 2953 Διὰ

201 2989 358 3043 τοῦτο
397 2991 493 3043 καὶ
534 2990 695 3053 αὗτός
736 3007 922 3060 φησιν·
977 3008 995 3041 ‹
1057 2989 1347 3060 Ἐρευνᾶτε
1393 2987 1492 3052 τὰς
1535 2988 1791 3060 Γραφὰς,

199 3081 273 3133 δτι
312 3081 481 3150 ὑμεῖς
516 3079 724 3133 δοκεῖτε
758 3081 816 3133 ἐν
843 3081 1036 3144 αὑταῖς
1062 3078 1207 3153 ζωὴν
1232 3079 1449 3133 αἰώνιον
1478 3078 1643 3150 ἔχειν.
1678 3081 1788 3134 Καὶ

200 3171 415 3225 ἐκεῖναί
444 3175 582 3224 εἰσιν
613 3172 669 3225 αί
704 3171 1076 3244 μαρτυροῦσαι
1109 3172 1238 3243 περὶ
1282 3171 1449 3243 ἐμοῦ,
1486 3174 1579 3226 καὶ
1603 3174 1663 3226 οὐ
1696 3172 1786 3228 se-

199 3261 312 3314 λετε
355 3260 531 3314 ἐλθεῖν
564 3261 701 3331 πρός
734 3278 823 3332 με,
870 3262 958 3315 ἵνα
989 3262 1133 3333 ζωὴν
1166 3261 1344 3332 ἔχητε.
1382 3280 1402 3315 ι
1450 3263 1557 3315 Καὶ
1591 3261 1783 3317 πάλιν⁹

204 3371 224 3404 ι
253 3352 315 3406 Ei
352 3352 667 3406 ἆπιστεύετε
690 3354 898 3418 Μωσεϊ,
917 3352 1230 3409 ἐπιστεύετε
1260 3352 1325 3408 ἂν
1353 3354 1497 3424 ἐμοί·
1528 3352 1657 3425 περὶ
1675 3353 1785 3428 γὰρ

199 3443 336 3512 ιμοῦ
373 3445 580 3507 ἐκεῖνος
617 3442 873 3516 ἔγραψεν.
908 3464 926 3496 ι
968 3443 1264 3517 Ἐπητιᾶτο
1295 3443 1353 3497 δὲ
1384 3443 1504 3497 λίαν
1540 3443 1631 3496 καὶ
1658 3444 1787 3507 τοὺς

196 3533 302 3589 τῶν
354 3535 619 3588 Ἰουδαίων
648 3533 985 3606 καθηγητὰς,
1022 3532 1166 3588 οὕτω
1192 3533 1387 3603 λέγων’
1424 3552 1443 3586 ι
1471 3534 1607 3588 Οὐαὶ
1634 3534 1784 3604 ὑμῖν,

196 3623 561 3697 Γραμματεῖς
608 3626 701 3679 καὶ
746 3628 1027 3698 Φαρισαῖοι
1072 3626 1402 3698 ὑποκριταὶ,
1448 3626 1529 3679 ὅτι
1580 3624 1788 3679 κλείετε

197 3718 293 3788 τὴν
338 3714 618 3786 βασιλείαν
651 3717 758 3771 τῶν
800 3716 1045 3790 οὐρανῶν
1073 3717 1386 3788 ἔμπροσθεν
1424 3716 1534 3771 τῶν
1579 3713 1786 3787 ἀνθρώ·

199 3824 342 3861 πων.
383 3809 576 3875 Ὑμεῖς
610 3809 720 3881 γὰρ
738 3810 836 3861 οὐκ
870 3808 1202 3880 εἰσέρχεσθε,
1237 3804 1359 3859 οὔτε
1391 3806 1519 3868 τοὺς
1549 3806 1793 3877 ιείσερχο⁴

203 3898 399 3971 μένους
429 3900 621 3970 ἀφίετε
651 3899 935 3955 εἰσελθεῖν.
968 3917 987 3951 ι
1032 3899 1144 3953 Καὶ
1185 3898 1373 3951 πάλινο
1412 3914 1432 3949 ι
1462 3897 1602 3951 Οὐαὶ
1641 3896 1790 3967 ὑμῖν,

198 3991 559 4064 Γραμματεῖς
592 3993 688 4047 καὶ
713 3995 995 4063 Φαρισαῖοι
1022 3988 1351 4062 ὑποκριταὶ,
1384 3988 1467 4042 ὅτι
1497 3986 1790 4059 περιάγετε

199 4084 297 4155 τὴν
324 4084 608 4139 θάλασσαν
631 4085 725 4138 καὶ
746 4085 847 4155 τὴν
871 4082 1042 4155 ξηρὰν
1068 4081 1293 4153 ποιῆσαι
1312 4080 1410 4133 ἕνα
1432 4079 1788 4150 προσήλυτον.

197 4175 310 4230 Καὶ
336 4178 464 4231 ὅταν
488 4176 719 4248 γένηται
741 4216 756 4238 ,
786 4178 988 4228 ποιεῖτε
1016 4172 1177 4229 αὑτὸν
1206 4172 1324 4225 υἱὸν
1357 4170 1583 4240 γεέννης
1609 4168 1790 4223 διπλόα

1900 1998 2072 2069 patris
2106 1998 2206 2061 tui,
2230 2005 2361 2053 tunc
2385 1997 2628 2068 polluisti
2648 2005 2881 2052 stratum
2905 1996 3024 2067 ejus
3046 1996 3103 2049 in
3123 1995 3269 2064 quod
3289 2009 3477 2050 ascen-

1899 2090 2047 2145 disti.
2108 2108 2127 2141 ›
2176 2088 2332 2151 Nam,
2388 2097 2448 2144 ut
2510 2087 2675 2143 modo
2715 2087 2851 2152 dixi,
2899 2102 3026 2143 cum
3079 2101 3189 2146 non
3241 2085 3477 2156 amplius

1898 2195 2110 2245 eorum,
2167 2193 2288 2249 qua:
2344 2178 2401 2232 in
2434 2179 2551 2249 lege
2578 2177 2950 2241 continentur,
2982 2191 3167 2231 curam
3203 2183 3473 2246 gererent,

1898 2286 2077 2342 neque
2123 2256 2377 2342 supernis
2425 2270 2594 2325 rebus
2644 2267 3047 2333 incumberent,
3099 2274 3155 2322 et
3188 2265 3478 2337 praeceptis

1898 2357 2205 2421 hominum,
2243 2357 2367 2412 ideo
2398 2372 2427 2413 a
2468 2357 2779 2429 cognitione
2811 2355 3016 2413 Christi
3058 2357 3472 2412 aberraverunt.

1897 2448 2133 2519 ideoque
2179 2448 2346 2503 etiam
2394 2448 2509 2518 ipse
2547 2447 2661 2502 ait:
2713 2466 2732 2498 ι
2767 2446 3104 2503 Scrutamini
3143 2441 3473 2516 Scripturas,

1896 2538 2025 2608 quia
2057 2554 2156 2595 vos
2181 2540 2384 2609 putatis
2419 2539 2475 2593 in
2507 2538 2639 2608 ipsis
2665 2539 2833 2593 vitam
2868 2547 3129 2594 aeternam
3155 2538 3378 2594 habere.
3408 2535 3476 2591 Et

1897 2631 2002 2686 illae
2030 2638 2160 2685 sunt
2182 2646 2303 2701 quae
2331 2628 2694 2685 testificantur
2718 2626 2786 2684 de
2811 2644 2923 2693 me,
2956 2644 3062 2684 nec
3091 2630 3255 2684 vultis
3285 2631 3474 2686 venire

1895 2719 1963 2775 ad
1986 2734 2095 2785 me,
2114 2720 2360 2775 utvitam
2389 2718 2640 2774 habeatis
2659 2719 2830 2774 ηδ’.»
2862 2719 2930 2774 Ει
2959 2734 3187 2783 rursus:
3215 2740 3245 2771 οι
3267 2718 3325 2775 Si
3345 2736 3471 2777 cre-

1894 2808 2100 2866 deretis
2144 2808 2300 2874 Mosi,
2338 2807 2639 2863 crederetis
2675 2815 2732 2862 et
2772 2806 2909 2862 mihi
2934 2825 2948 2862 :
2978 2806 3046 2863 de
3080 2823 3167 2862 me
3196 2808 3345 2866 enim
3380 2808 3472 2866 ille

1895 2899 2116 2969 scripsit
2152 2899 2220 2954 ⁸⁸.
2263 2919 2281 2950 ι
2326 2898 2633 2953 Accusabat
2666 2906 2849 2954 autem
2882 2899 3239 2954 vehementer
3262 2899 3469 2969 princi-

1895 3002 1991 3060 pes
2017 2987 2352 3051 Iudaeorum,
2379 2986 2455 3040 ita
2495 2984 2721 3041 dicens:
2766 3004 2787 3038 ι
2824 2985 2917 3043 Vm
2959 2986 3138 3052 vobis,
3163 2986 3373 3044 Scriba
3412 2997 3471 3044 et

1894 3076 2153 3133 Pharisai
2178 3074 2494 3146 hypocrita},
2516 3075 2645 3144 quia
2662 3073 2919 3131 clauditis
2948 3090 3176 3146 regnum
3204 3076 3470 3132 calorum

1895 3184 2079 3225 coram
2113 3167 2450 3223 hominibus.
2498 3167 2609 3223 Vos
2642 3169 2791 3222 enim
2834 3182 2948 3225 non
2992 3168 3253 3235 introitis,
3280 3179 3337 3226 et
3376 3170 3470 3241 qui
3500 3200 3505 3205 -

1894 3262 2176 3316 introeunt
2208 3258 2513 3329 prohibetis
2543 3258 2612 3314 ⁸³.
2650 3279 2669 3312 ι
2705 3260 2774 3316 Et
2817 3275 3009 3316 rursus
3038 3277 3054 3315 :
3104 3279 3125 3311 ι
3149 3259 3244 3316 Va
3290 3259 3469 3327 vobis,

1894 3352 2100 3409 Scribae
2134 3363 2191 3408 et
2224 3351 2485 3409 Pharisaei
2518 3352 2837 3426 hypocrita,
2886 3353 2982 3423 qui
3026 3350 3276 3409 circuitis
3320 3366 3473 3410 mare

1892 3455 1948 3500 et
1985 3442 2216 3509 aridam,
2246 3452 2311 3499 ut
2342 3444 2556 3501 faciatis
2586 3459 2757 3501 unum
2786 3444 3124 3518 proselytnm
3164 3462 3179 3499 :
3219 3445 3316 3516 qui
3344 3460 3472 3502 cum

1892 3534 2070 3592 factus
2111 3535 2299 3599 fuerit,
2355 3535 2570 3592 cliicitis
2610 3552 2739 3592 eum
2791 3535 2963 3592 ﬁlium
3008 3536 3273 3607 gehennae
3305 3536 3474 3609 duplo

1895 3628 2156 3699 majorem
2193 3643 2358 3698 quam
2393 3643 2492 3683 vos
2526 3628 2662 3684 estis
2687 3629 2755 3684 “.
2786 3648 2806 3680 ι
2832 3628 2953 3684 Non
2986 3626 3168 3684 autem
3204 3630 3474 3700 potuisset

1896 3717 2043 3773 ﬁlius
2087 3719 2352 3789 gehennae
2397 3719 2539 3786 ﬁeri,
2577 3720 2683 3775 nisi
2722 3719 3118 3776 fornicatorum
3148 3722 3472 3776 commentis

1896 3808 2093 3865 fuisset
2125 3809 2391 3865 imbutus.
2423 3810 2567 3882 Ergo
2600 3810 2859 3866 lsraelita:
2894 3810 3264 3866 ascenderunt
3298 3811 3355 3866 in
3388 3810 3471 3867 le-

1894 3907 2042 3954 ctum
2069 3901 2263 3971 patris,
2295 3907 2652 3971 aspernantes
2678 3899 2900 3970 quidem
2931 3899 3254 3969 legislatoris
3272 3902 3468 3955 volun—

1893 3999 2081 4056 tatem,
2129 3999 2191 4045 ut
2221 4004 2415 4045 vanam
2442 4007 2457 4056 ;
2490 4005 2620 4045 suos
2651 3998 2835 4043 autem
2866 4003 3147 4045 sermones
3187 3989 3473 4061 discipulis

1888 4082 2006 4136 suis
2039 4081 2381 4136 inculcantes
2422 4087 2482 4136 et
2518 4078 2880 4136 inmunditiae
2917 4078 3130 4136 semina
3160 4079 3304 4152 ipsis
3370 4081 3469 4135 im-

1886 4169 2188 4228 mittentes.

197 4282 355 4339 τερον
402 4268 583 4340 ὑμῶν.
635 4286 655 4320 ι
717 4267 859 4321 Ἀλλ’
903 4267 1002 4320 οὐκ
1040 4264 1107 4320 ἄν
1151 4264 1370 4334 ἐγένετο
1412 4261 1637 4332 γεέννης
1674 4261 1811 4326 υίὸς,
1851 4262 1901 4317 εί
1943 4261 2018 4335 μὴ
2063 4264 2174 4328 τοῖς
2202 4262 2311 4316 τῶν
2354 4262 2706 4336 μοιχωμένων
2744 4263 3043 4337 προσετέθη
3074 4265 3269 4335 λόγοις.
3318 4265 3471 4319 Ἀνα-
3532 4302 3535 4305 -

197 4361 467 4433 ϐεσὴκασι
507 4363 688 4416 τοίνυν
737 4364 827 4416 ἐπὶ
872 4361 1056 4433 κοίτην
1104 4360 1306 4439 natm
1347 4358 1398 4411 οί
1442 4356 1502 4424 ἒξ
1553 4357 1784 4427 αἵματος
1819 4358 2058 4432 Ἰσραήλ*
2129 4358 2542 4431 παρωθούμενοι
2577 4360 2676 4431 μὲν
2717 4358 2780 4413 τὸ
2840 4360 2919 4432 τῷ
2953 4360 3222 4434 νομοθέτῃ
3256 4360 3466 4426 δοκοῦν,

198 4457 275 4519 ὡς
307 4458 496 4513 ἓωλονο
541 4459 668 4522 τοὺς
695 4457 856 4521 ίδὶους
884 4455 941 4510 δὲ
983 4458 1097 4521 τοῖς
1130 4456 1537 4528 παιδευομένοις
1576 4453 1942 4526 είσκρίνοντες
1975 4454 2184 4526 λόγους,
2216 4457 2310 4510 xui.
2360 4455 2702 4527 ἀκαθαρσίας
2762 4456 2942 4520 αὐτοῖς
3003 4456 3237 4521 ἐνιέντες
3296 4458 3465 4528 σπέρ-
3580 4510 3589 4519 ,

201 4566 375 4618 ματα.

628 4668 770 4735 Περὶ
793 4668 1039 4738 Συμεὼν
1060 4668 1160 4724 και
1188 4670 1353 4723 Λευΐ.

267 4776 349 4831 α’.
387 4796 405 4830 ι
444 4777 676 4849 Συμεὼν
704 4780 799 4835 καὶ
843 4780 975 4835 Λευτ
1009 4781 1234 4851 ἀδελφοὶ
1280 4781 1636 4836 συνετέλεσαν
1671 4779 1792 4835 ἁδι-

188 4868 328 4922 κιαν
359 4870 416 4935 ἐξ
448 4871 717 4944 αἱρέσεως
743 4873 946 4928 αὐτῶν.
979 4874 1076 4939 Et;
1109 4873 1304 4946 βουλὴν
1331 4872 1515 4928 αὐτῶν
1542 4872 1617 4945 μὴ
1644 4871 1789 4926 ἔλθοι

188 4962 223 5031 ἢ
262 4962 421 5034 ψυχή
463 4981 589 5034 μου,
618 4966 715 5019 καὶ
740 4967 834 5019 ἐπὶ
849 4969 917 5036 τῇ
946 4968 1202 5023 συστάσει
1239 4964 1421 5021 αὐτῶν
1465 4965 1541 5037 μὴ
1579 4964 1789 5035 ἑρείσαι

184 5053 262 5107 τὰ
294 5054 491 5124 ἧπατά
524 5073 651 5127 μου.
690 5058 771 5112 ὅτι
828 5058 887 5111 ὲν
920 5057 998 5129 τῷ
1050 5057 1210 5129 θυμῷ
1244 5057 1425 5112 αὐτῶν
1461 5056 1789 5111 ἀπέκτειναν

89 5177 97 5186 -
183 5144 544 5216 ἀνθρώπους.
571 5146 667 5201 καὶ
682 5150 741 5201 εν
761 5150 827 5219 τῇ
856 5148 1121 5221 ἐπιθυμίᾳ
1139 5146 1319 5201 αὐτῶν
1346 5145 1786 5218 ὲνευροκόπησαν

184 5231 420 5303 ταῦρον.
449 5236 883 5311 Ἐπικατάρατος
910 5239 938 5292 ὁ
966 5238 1137 5309 θυμὸς
1175 5237 1376 5304 αὐτῶν,
1404 5237 1485 5290 ὅτι
1523 5236 1785 5313 αὐθάδης,

181 5324 286 5378 καὶ
310 5328 353 5395 ἡ
387 5327 546 5398 μῆνις
560 5328 761 5392 αὐτῶν,
782 5331 867 5383 ὅτι
894 5329 1256 5402 ὲσκληρύνθη.
1287 5328 1565 5401 Διαμεριῶ
1590 5328 1787 5391 αὐτοὺς

180 5416 499 5483 ινΊακιὶῦ,
536 5422 635 5473 καὶ
662 5421 940 5491 διασπερῶ
968 5423 1168 5486 αὐτοὺς
1213 5424 1272 5476 ὲν
1302 5420 1544 5492 Ἰσραήλ.
1595 5438 1615 5472 ι
1659 5419 1785 5472 Ἐκ-

183 5513 652 5584 πετωρνευμένης
683 5517 781 5585 τῆς
823 5514 1199 5587 Ἰερουσαλὴμ,
1232 5514 1325 5569 καὶ
1355 5514 1590 5577 ἀνοσίοις
1618 5528 1787 5583 φενα-

182 5606 421 5672 κισμοῖς
444 5603 555 5657 τῶν
570 5605 1062 5678 ἑτεροδιδασκαλεῖν
1084 5605 1350 5661 εἰωθότων
1378 5603 1785 5675 ὑπενεγκούσης

194 5765 299 5885 ις’
338 5762 532 5821 Matth.
558 5783 710 5833 mu,
737 5767 823 5823 52.
903 5770 1021 5811 "-"
1041 5769 1202 5832 Joan,
1226 5785 1274 5835 ν,
1308 5770 1396 5825 '59.

1473 5770 1518 5800 ”
1556 5768 1688 5824 ibid.
1733 5766 1820 5822 46.

2382 4662 2461 4719 De
2496 4661 2740 4719 Simeone
2770 4671 2820 4718 et
2850 4662 2992 4719 Levi.

1953 4775 2006 4831 1.
2037 4794 2056 4829 ι
2095 4776 2321 4832 Simeon
2349 4784 2405 4832 et
2432 4775 2565 4831 Levi
2584 4774 2782 4831 fratres
2815 4789 3337 4837 consummaverunt
3355 4781 3465 4837 ini-

1883 4867 2153 4937 quitatem
2183 4866 2454 4937 propositi
2477 4864 2583 4921 sui.
2613 4864 2812 4922 Anima
2837 4882 2959 4925 mea
2983 4883 3095 4924 non
3122 4867 3465 4941 ingrediatur

1881 4957 1939 5012 in
1965 4956 2257 5012 consilium
2279 4971 2496 5010 eorum.
2521 4956 2582 5010 in
2610 4964 2756 5012 cmtu
2790 4957 3032 5027 ipsorum
3067 4974 3177 5013 non
3206 4959 3464 5015 dicentur

1882 5048 2140 5107 sublimia
2163 5064 2305 5115 mea,
2329 5049 2455 5119 quia
2493 5049 2549 5103 in
2583 5048 2770 5105 furore
2798 5066 2899 5105 suo
2925 5049 3322 5106 interfecerunt
3356 5048 3461 5106 ho-

1891 5140 2100 5207 mines,
2140 5148 2199 5195 et
2243 5138 2301 5194 in
2349 5140 2794 5209 concupiscentia
2850 5155 2947 5194 sua
2989 5138 3462 5198 subnervaveruut

1892 5242 2134 5298 taurum.
2174 5230 2494 5287 Maledictus
2524 5231 2675 5287 furor
2705 5247 2921 5296 eorum,
2947 5232 3077 5301 quia
3108 5234 3379 5304 pertinax,
3406 5242 3462 5290 et

1888 5325 1973 5379 ira
1994 5338 2188 5378 eorum
2212 5321 2341 5392 quia
2368 5319 2621 5376 indurata
2647 5328 2750 5375 est.
2780 5318 3027 5375 Dividam
3056 5335 3155 5376 eos
3184 5320 3238 5375 in
3267 5322 3458 5387 Iacob,

1887 5423 1944 5472 et
1965 5414 2272 5484 dispergam
2294 5428 2391 5468 eos
2414 5413 2471 5467 in
2492 5411 2659 5467 israel
2692 5409 2760 5464 ".
2793 5429 2811 5462 ι
2844 5410 2979 5466 Nam
3006 5426 3129 5466 cum
3155 5412 3457 5471 Jerusalem

1885 5507 2272 5570 fornicaretur,
2297 5512 2646 5573 mentemque
2665 5503 2964 5575 subjiceret
2982 5504 3166 5575 impiis
3183 5504 3465 5563 illusioni.

1887 5599 1990 5655 bus
2010 5612 2221 5664 eorum,
2248 5596 2343 5667 qui
2373 5594 2590 5671 diversa
2612 5610 2645 5651 a
2670 5594 2789 5668 lege
2809 5595 2908 5653 Dei
2931 5595 3130 5653 docere
3153 5611 3465 5677 consueve:

1930 5764 1976 5797 ”
2010 5763 2195 5818 Matth.
2248 5760 2514 5827 unum.
2621 5759 2830 5816 “ibid.
2866 5761 2950 5817 15.
3046 5759 3255 5817 "Gen.
3306 5775 3448 5825 xux,
