4032 6198
508 341 616 399 315

1534 346 1591 400 S.
1630 345 1905 402 CYRILLI
1945 344 2411 401 ALEXANDRINI
2455 345 2772 401 ARCHlEP.

3662 346 3727 407 lii
3742 349 3770 402 ἱ

514 461 663 516 runt,
684 450 808 523 jure
833 451 1041 523 optimo
1065 452 1135 507 iis
1179 453 1422 510 offensus
1444 466 1564 511 erat
1591 458 1752 522 Deus,
1777 472 1875 528 per
1896 472 2083 511 vocem

2191 454 2279 507 τὸν
2317 455 2460 518 νοῦν,
2496 454 2817 526 ἐχαλέπαινε
2878 454 2973 525 μὲν
3002 430 3224 516 εἰκότως
3257 453 3285 505 6
3315 453 3420 506 τῶν
3451 453 3589 507 ὅλων
3611 454 3770 520 Θεὸς,

513 542 663 598 Isaia:
685 551 876 613 aperte
903 543 1095 601 dicens
1122 564 1134 599 :
1172 565 1190 597 ι
1226 546 1467 619 Populus
1488 548 1592 604 iste
1614 549 1775 605 labiis
1798 564 1884 604 me
1909 549 2082 604 hono-

447 691 450 694 ,
512 642 618 697 rat,
668 649 765 691 cor
788 644 977 690 autem
1005 652 1196 693 eorum
1231 641 1422 709 procul
1446 648 1530 696 est
1549 657 1580 696 a
1602 657 1708 696 me.
1738 642 1961 697 Frustra
1990 656 2083 695 co-

476 714 481 717 ’
512 724 633 777 lunt
656 738 764 789 me,
790 723 1052 781 docentes
1091 726 1371 785 doctrinas
1402 731 1566 802 216
1593 740 1649 787 et
1679 741 1951 802 praecepta
1990 730 2088 783 ho-

476 805 480 821 ³
514 813 723 868 minum
748 813 815 867 ’⁸.
850 834 869 867 ι
915 815 1211 888 Postquam
1240 834 1372 876 vero
1411 820 1553 875 Deus
1585 836 1650 876 ac
1680 822 1843 877 Pater
1867 821 2086 892 excogi-

515 905 648 960 tavit
671 920 782 975 quo
804 917 964 977 pacto
988 906 1145 965 istam
1176 910 1461 981 profanam
1482 912 1785 969 Jerusalem
1806 913 2089 969 erroribus

510 1004 568 1050 et
591 997 846 1053 vecordia
876 1002 1233 1056 temulentam
1270 1004 1327 1057 in
1364 1004 1559 1061 melius
1591 1005 1902 1071 reduceret,
1938 1006 2089 1061 misit

512 1088 713 1144 Filium
754 1104 914 1145 suum
952 1108 983 1148 e
1019 1093 1174 1150 cmlis
1203 1094 1404 1151 factum
1434 1105 1494 1151 ut
1520 1113 1640 1163 nos,
1666 1098 1770 1154 hoc
1795 1107 1878 1154 est
1907 1098 2087 1154 hemi-

512 1196 660 1247 nem,
710 1189 789 1249 ut,
811 1184 1071 1252 quoniam
1129 1186 1381 1243 desiisset
1434 1189 1727 1244 multitudo
1773 1182 2088 1246 sanctorum

512 1272 906 1343 prophetarum
959 1275 1177 1334 infectis
1223 1279 1392 1334 rebus
1433 1280 1710 1352 (dicebant
1758 1282 1906 1337 enim
1958 1299 2087 1353 pro-

512 1362 694 1432 phetae
720 1381 732 1418 :
768 1366 1046 1433 «Domine,
1070 1369 1196 1439 quis
1220 1370 1455 1441 credidit
1484 1371 1694 1427 auditui
1723 1373 2085 1444 nostro”?n).

509 1454 599 1512 νει
642 1454 820 1525 ipsum
861 1457 1079 1525 Filium,
1125 1459 1170 1514 si
1207 1463 1443 1527 veniret,
1482 1464 1846 1534 susciperent.
1888 1468 2088 1522 Verum

513 1549 602 1604 isti
624 1564 693 1605 eo
724 1552 977 1607 amentiae
998 1564 1292 1622 venerunt,
1319 1565 1380 1611 ut
1413 1565 1671 1627 putarent
1700 1574 1757 1614 se
1787 1575 1947 1629 posse
1980 1561 2085 1615 Do-

514 1641 769 1697 minicam
803 1643 1175 1700 haereditatem
1208 1648 1418 1714 tollere,
1444 1649 1488 1704 si
1519 1650 1680 1704 modo
1718 1659 1936 1706 sanctos
1966 1660 2086 1706 tru-

512 1734 787 1802 cidarent;
851 1746 1014 1808 atque
1074 1739 1212 1794 adeo
1272 1757 1464 1796 omnes
1533 1743 1828 1814 impietatis
1887 1745 2089 1815 gradus

2188 548 2392 616 ἔφασκε
2430 547 2487 601 δὲ
2523 546 2610 601 διά
2665 546 2848 617 φωνῆς
2910 546 3131 598 Ἡσαΐου
3201 544 3293 599 καὶ
3354 546 3497 616 μάλα
3558 547 3770 615 σαφῶς*

2194 656 2212 687 ι
2260 637 2320 689 Ὀ
2352 636 2479 700 λαὸς
2531 628 2685 701 οὗτος
2711 637 2824 700 τοῖς
2859 634 3059 705 χείλεσί
3100 652 3168 705 με
3220 635 3373 707 τιμᾷ,
3408 637 3441 706 ὴ
3479 635 3535 689 δὲ
3574 635 3772 707 καρδία

2190 726 2366 781 αὐτῶν
2406 726 2594 799 πόρρω
2631 727 2825 797 ἀπέχει
2873 727 2969 779 ἀπ’
3018 724 3173 796 ἐμοῦ.
3215 725 3408 797 Μάτην
3438 726 3494 779 δὲ
3525 726 3772 780 σέϐονταί
3852 713 3857 717 ’

2193 830 2283 884 με,
2324 813 2665 878 διδάσκοντες
2689 814 3036 891 διδασκαλίας
3068 813 3381 885 ἐντάλματα
3411 815 3767 885 ἀνθρώπων.»

2189 905 2410 979 Ἐπειδὴ
2448 907 2504 960 δὲ
2536 910 2656 971 ταῖς
2680 909 2760 971 είς
2788 906 2944 960 τοῦτο
2978 910 3326 978 παραφοραϊς
3377 924 3435 960 τε
3475 908 3566 961 καὶ
3605 908 3761 980 ρᾳθυ-

2195 998 2342 1068 μίαις
2381 999 2543 1053 οίονεί
2588 1017 2702 1064 πως
2742 998 3192 1070 καταμεθύουσαν
3246 998 3346 1070 τὴν
3387 998 3612 1069 βέϐηλον
3677 1001 3758 1054 Ἰε-

2194 1090 2474 1161 ρουσαλὴμ
2502 1092 2928 1162 μεταρυθμίζειν
2967 1091 3060 1144 ἐπὶ
3098 1092 3157 1145 τὸ
3191 1091 3411 1162 ἄμεινον
3448 1093 3478 1144 6
3504 1090 3640 1156 Θεὸς
3678 1093 3773 1145 καὶ

2193 1183 2382 1255 Πατὴρ
2421 1184 2737 1246 ἐσκέπτετο,
2780 1183 3066 1254 πέπομφεν
3128 1181 3187 1247 ἐξ
3224 1181 3453 1255 οὐρανοῦ
3492 1182 3583 1236 τὸν
3643 1182 3775 1235 ἴδιον

2193 1275 2319 1328 Υίὺν
2342 1254 2472 1329 ³καθ’
2503 1277 2653 1347 ἡμᾶς
2704 1276 2985 1344 γεγονότα,
3025 1274 3326 1339 τουτέστιν,
3366 1274 3669 1344 ἄνθρωπον·
3701 1268 3775 1320 ἶν’

2192 1365 2423 1437 ἐπείπερ
2450 1366 2536 1417 ἐπ’
2569 1365 2853 1436 ἀνηνύτοις
2884 1366 3258 1436 πράγμασινὴ
3296 1364 3402 1417 τῶν
3443 1364 3612 1432 ἁγίων
3641 1379 3773 1434 προ-

2193 1459 2376 1531 φητῶν
2424 1459 2687 1512 κατέλυσε
2718 1459 2945 1529 πληθύςσ
3000 1458 3239 1528 ἔφασκον
3264 1456 3392 1528 γάρ’
3422 1476 3440 1508 ι
3470 1456 3664 1528 Κύριε.
3687 1456 3777 1517 τίς

2191 1553 2476 1605 ἐπίστευσε
2504 1553 2569 1621 τῇ
2591 1552 2726 1621 ἀκοῇ
2742 1549 2927 1620 ἡμῶν;
2953 1570 2969 1601 ι
2998 1549 3102 1603 κᾶν
3125 1548 3256 1618 γοῦν
3267 1549 3427 1603 αὑτὸν
3443 1549 3645 1618 ἥκοντα
3663 1547 3772 1601 λαις

2194 1641 2293 1695 πδν
2313 1640 2658 1711 ὲντρέποιντο
2672 1639 2760 1693 τὸν
2771 1640 2918 1694 Υίὸν.
2938 1640 2997 1693 Oi
3018 1639 3073 1693 δὲ
3096 1640 3191 1692 καὶ
3207 1642 3285 1703 είς
3297 1638 3453 1692 τυῦτυ
3469 1639 3781 1709 καθήκοντα

2191 1731 2533 1797 δυσϐουλίας,
2571 1731 2711 1785 ὥστε
2748 1730 2956 1784 οἴεσθαι
2982 1730 3077 1784 καὶ
3106 1730 3307 1803 κλῆρον
3334 1730 3472 1783 ἑλεῖν
3508 1729 3781 1785 δύνασθαι

511 1827 746 1896 egressi,
794 1829 849 1882 in
897 1822 1076 1900 ipsum
1125 1831 1290 1886 etiam
1346 1833 1542 1888 Filium
1598 1834 1835 1890 absurde
1884 1836 2085 1891 invecti

2198 1822 2286 1875 τὸν
2314 1822 2647 1881 δεσποτικὸν.
2696 1821 3056 1884 ἀπεκτονότες
3091 1820 3147 1874 δὲ
3177 1820 3302 1884 τοὺς
3343 1821 3551 1889 ἁγίους,
3584 1819 3780 1873 δυσσε-

511 1924 660 1971 sunt.
704 1936 721 1968 ι
751 1917 1018 1974 Dixerunt
1039 1920 1186 1975 enim
1214 1921 1359 1991 apud
1384 1938 1441 1977 se
1469 1940 1481 1975 :
1510 1922 1608 1978 llic
1634 1930 1716 1978 est
1744 1923 1920 1978 haeres
1957 1943 1968 1977 :
2000 1940 2090 1978 ve-

511 2009 649 2074 nite,
678 2008 1072 2065 interticiamus
1091 2026 1241 2077 eum,
1269 2021 1327 2068 et
1355 2028 1688 2083 occupemus
1713 2013 2088 2068 hazreditatem

509 2098 630 2168 ejus
656 2100 695 2151 ⁸.
727 2117 745 2150 ι
789 2099 903 2155 lmo
925 2116 1057 2155 vero
1080 2115 1189 2155 non
1219 2100 1525 2156 sufﬁciebat
1558 2102 1668 2156 illis
1696 2117 1762 2157 eo
1792 2101 2089 2172 impietatis

510 2189 866 2257 processisse,
891 2191 985 2246 sed
1026 2192 1230 2248 sanctis
1264 2191 1547 2263 prophetis
1571 2193 1891 2264 adjecerunt
1920 2204 1974 2249 et
2000 2212 2087 2251 se-

510 2279 741 2345 cundos,
760 2290 999 2348 sanctos,
1024 2282 1270 2353 inquam,
1288 2270 1584 2355 apostolos,
1607 2302 1839 2356 quorum
1867 2288 2087 2358 sangui-

508 2387 635 2427 nem
671 2371 861 2427 itidem
894 2373 1229 2429 eﬂ'uderunt.
1264 2376 1547 2447 Ejusmodi
1585 2377 1732 2433 enim
1761 2394 1980 2434 sensum
2011 2379 2091 2450 gi-

508 2462 628 2534 gnit
675 2464 836 2519 nobis
885 2465 1194 2535 praeposita:
1240 2467 1544 2537 prophetia:
1592 2484 1809 2538 scopus.
1859 2470 2090 2525 Videtur

507 2556 656 2609 enim
704 2554 924 2611 divinus
975 2555 1144 2612 Jacoh
1186 2571 1403 2624 eorum,
1434 2574 1556 2628 qua:
1602 2559 1655 2613 in
1694 2558 1911 2614 Sicimis
1969 2568 2089 2615 acta

507 2655 657 2712 stunt,
687 2648 885 2703 iterum
922 2649 1258 2705 meminisse.
1287 2651 1369 2706 Ita
1393 2661 1575 2707 autem
1611 2668 1804 2707 revera
1838 2668 1896 2707 se
1924 2654 2091 2709 habet

509 2738 682 2793 sancti
722 2754 900 2793 mens.
932 2739 1070 2795 Nam
1116 2741 1393 2810 quomodo
1437 2741 1490 2796 id
1548 2741 1693 2812 quod
1729 2744 1838 2814 jam
1884 2742 2089 2798 factum

406 2888 409 2895 ,
506 2836 649 2896 erat,
686 2838 943 2900 tanquam
973 2847 1075 2887 suo
1100 2841 1347 2904 tempore
1379 2832 1626 2889 futurum
1660 2836 1785 2907 quis
1819 2836 2092 2906 accipiat?

508 2921 586 2977 Rx
608 2938 675 2977 eo
697 2921 865 2993 igitur
901 2923 1050 2994 quod
1079 2923 1135 2979 in
1163 2924 1382 2983 Sicimis
1415 2927 1618 2986 factum
1654 2929 1777 2996 fuit,
1804 2931 1871 2986 ad
1905 2928 2087 3001 aequa-4

505 3014 614 3068 lem
642 3014 853 3084 peccati
876 3015 1103 3072 modum
1127 3016 1299 3073 refert
1319 3034 1383 3074 ea
1407 3035 1528 3088 qua:
1552 3021 1607 3074 in
1630 3021 1849 3076 Christo
1876 3032 2089 3090 patrata

505 3106 655 3164 sunt,
682 3108 744 3155 ut
783 3109 932 3156 certe
969 3111 1026 3157 et
1056 3104 1111 3157 in
1149 3105 1518 3176 primogenito
1559 3107 1772 3163 Ruben.
1810 3109 1915 3163 Sed
1953 3111 2084 3179 quid

505 3189 903 3245 commiserunt
925 3192 980 3244 in
1010 3191 1231 3248 Sicimis
1257 3194 1478 3250 Simeon
1509 3204 1565 3252 et
1587 3197 1759 3252 Levi?
1790 3200 1923 3255 Dina
1954 3200 2101 3257 Levi'

504 3288 561 3335 et
606 3277 881 3337 Simeonis
921 3297 1101 3349 soror,
1150 3287 1399 3354 paternis
1448 3289 1704 3345 tentoriis
1738 3307 1978 3363 egressa,
2025 3305 2087 3351 ut

504 3369 717 3439 puellas
750 3371 870 3442 ejus
913 3373 1156 3444 regionis
1182 3376 1472 3447 aspiceret,
1503 3395 1533 3433 a
1575 3378 1793 3437 Sichem
1830 3383 2084 3440 Emmore

505 3467 757 3530 stuprata
789 3471 897 3527 est,
922 3463 1238 3535 virginitate
1278 3467 1480 3524 ablata.
1510 3469 1591 3535 Illi
1632 3480 1818 3528 autem
1853 3475 1961 3531 hoc
1998 3477 2084 3530 in-

505 3550 823 3620 dignissime
858 3554 1121 3622 ferentes,
1154 3572 1219 3612 ac
1261 3556 1668 3617 fraudulentam
1709 3564 1843 3635 ipsis
1881 3566 2085 3622 caedem

505 3643 905 3713 machinantes,
931 3649 1338 3719 persuadebant
1370 3659 1432 3707 ut
1464 3654 1666 3710 avitam
1697 3657 1941 3728 ipsorum
1975 3661 2085 3716 cir-

503 3734 895 3795 cumcisionem
931 3741 1277 3812 susciperent
1312 3751 1476 3814 atque
1512 3746 1906 3818 observarent;
1939 3754 2084 3823 quod

504 3826 547 3880 si
588 3826 770 3885 facere
814 3847 925 3887 non
965 3844 1305 3903 recusarent,
1336 3854 1537 3911 genere
1579 3844 1902 3915 conjunctos
1946 3847 2082 3903 fore.

503 3920 623 3987 Quo
655 3920 800 3980 facto
831 3941 929 3983 eos
964 3926 1363 4000 imprudentes,
1388 3949 1453 3990 ac
1481 3934 1620 3990 nihil
1658 3938 1763 3994 tale
1798 3941 2085 4011 suspican-

504 4020 608 4074 tes.
634 4015 978 4083 occiderunt,
1013 4021 1263 4079 arbitrati
1301 4025 1407 4081 hoc
1436 4026 1570 4098 ipsis
1598 4029 1664 4085 ad
1707 4029 2085 4088 defensionem

501 4103 865 4162 suffecturum
901 4109 947 4164 si
983 4111 1237 4169 dicerent
1268 4133 1280 4168 :
1322 4137 1338 4167 ι
1371 4117 1451 4172 An
1479 4128 1539 4175 ut
1566 4131 1749 4177 scorto
1788 4123 2087 4179 abutentur

503 4208 696 4250 sorore
723 4205 908 4254 nostra
938 4202 997 4257 ’2
1031 4220 1046 4252 ι

572 4473 626 4527 2.
668 4474 841 4530 Porro
885 4480 1131 4537 eundum
1189 4484 1350 4541 nobis
1396 4496 1481 4542 est
1511 4487 1579 4543 ad
1628 4488 1705 4555 id,
1762 4495 1907 4562 quod
1956 4496 2086 4553 huic
2121 4489 2160 4541 D

418 4562 427 4570 ”
503 4566 782 4660 convenit,
809 4577 974 4639 atque
1004 4571 1149 4629 hanc
1185 4578 1727 4647 commentationem,
1751 4587 1933 4653 quoad
1968 4591 2088 4660 ejus

505 4655 625 4710 fieri
672 4658 897 4727 poterit,
937 4662 1167 4731 pulchre
1209 4667 1684 4737 concinnabimus,
1722 4655 2086 4751 undequaque

503 4762 566 4802 ea
588 4762 711 4818 quae
735 4748 807 4804 ad
825 4750 946 4821 ejus
974 4753 1402 4815 declarationem
1427 4763 1706 4832 pertinere
1728 4748 2029 4826 videbuntu
2040 4790 2083 4839 r,

503 4840 834 4911 colligentes.
871 4842 1068 4916 Amplo
1087 4846 1270 4919 itaque
1293 4866 1548 4911 sermone
1570 4856 1636 4913 de
1659 4857 1827 4915 Jacola
1849 4863 2082 4934 egimus,

504 4940 785 5004 totamque
825 4935 944 5007 ejus
988 4938 1111 4994 vitae
1154 4942 1423 5000 rationem
1469 4964 1661 5006 sumus
1702 4956 2000 5023 prosecuti,
2029 4965 2083 5012 et

504 5039 641 5093 quas
662 5026 886 5096 quidem
912 5028 1134 5087 duxerit
1162 5049 1381 5103 uxores,
1414 5040 1576 5110 217
1600 5049 1656 5097 et
1684 5054 1819 5113 quot
1848 5045 2082 5105 ﬁliorum

503 5123 660 5206 pater
692 5116 863 5173 fuerit
895 5119 1147 5177 eﬂ‘ectus.
1186 5124 1433 5185 Diximus
1470 5129 1616 5185 enim
1658 5135 1806 5202 quod
1844 5136 2080 5206 primum

503 5205 914 5279 duxeritLiam,
937 5212 1174 5272 filiarum
1193 5217 1378 5275 Laban
1397 5229 1526 5277 natu
1551 5205 1863 5293 maximam,
1886 5229 2084 5287 deinde

503 5295 736 5355 alteram
785 5302 933 5359 haud
982 5309 1157 5365 multo
1191 5320 1316 5380 post
1357 5321 1489 5371 natu
1538 5315 1821 5375 minimam
1859 5314 2082 5379 Rachel.

504 5387 858 5486 Asseruimus
899 5407 1081 5455 autem
1120 5403 1264 5472 quod
1291 5403 1389 5460 Lia
1412 5406 1635 5477 quidem
1663 5410 1733 5465 sit
1756 5420 1915 5483 typus
1947 5412 2086 5486 Syn-

505 5490 687 5547 agoga:
729 5482 990 5553 Iudaicae,
1025 5488 1227 5546 Rachel
1254 5508 1380 5549 vero
1402 5493 1661 5553 Ecclesiae
1695 5482 1960 5569 gentium.
1988 5482 2087 5555 Lia

508 5570 652 5623 enim
682 5576 973 5643 exponitur
1009 5581 1279 5647 laborans,
1312 5584 1515 5657 quippe
1552 5602 1674 5658 quae
1711 5588 1875 5659 lippis
1913 5598 1967 5643 et
2001 5590 2088 5645 in-

600 5682 646 5719 "
682 5686 779 5743 lsa.
814 5708 954 5760 xxix,
996 5697 1079 5753 15.

2191 1914 2341 1978 ϐείας
2364 1914 2543 1985 τετῆς
2560 1916 2640 1977 είς
2677 1915 2843 1986 ἄκρον
2878 1914 3044 1977 ἰόντες
3073 1913 3350 1976 ἐπέκεινα,
3386 1914 3478 1966 καὶ
3502 1914 3583 1976 εἱς
3609 1913 3785 1966 αὐτὸν

2189 2008 2434 2071 ἐκτόπως
2499 2008 2928 2079 πεπαρῳνήκασι
2970 2007 3058 2060 τδν
3097 2006 3245 2061 Υἱόν.
3291 2025 3310 2058 ι
3359 2001 3526 2062 Εἶπον
3566 2005 3675 2077 γὰρ
3719 2008 3784 2060 ἐν

2190 2102 2420 2164 ἑαυτοῖς·
2463 2094 2630 2163 Οὗτός
2669 2100 2816 2152 ἐστιν
2850 2100 2878 2151 6
2920 2099 3277 2171 κληρονόμος,
3316 2098 3468 2153 δεῦτε
3512 2100 3785 2152 ἀποκτεί-

2188 2206 2369 2261 νωμεν
2408 2189 2592 2253 αὑτὸν,
2634 2189 2728 2243 καὶ
2758 2190 3118 2260 κατάσχωμεν
3155 2189 3254 2261 τὴν
3282 2187 3647 2260 κληρονομίαν
3670 2189 3786 2242 αὐ·-

2188 2280 2303 2335 τοῦ.
2340 2298 2357 2332 ι
2384 2279 2497 2333 Καὶ
2532 2279 2594 2333 οὐ
2633 2279 2797 2352 μέχρι
2835 2279 3044 2333 τούτων
3085 2279 3153 2332 τά
3183 2280 3286 2350 τῆς
3322 2280 3643 2344 δυσσεϐείας
3671 2281 3786 2334 αὒ-

2187 2377 2320 2439 τοίς,
2350 2371 2487 2427 ἀλλά
2534 2372 2643 2443 γὰρ
2697 2374 2811 2436 τοῖς
2864 2373 3039 2441 ἁγίοις
3093 2372 3398 2443 προφήταις
3436 2372 3787 2443 προσέθεσαν

2188 2468 2314 2531 τοὺς
2345 2464 2653 2536 δευτέρους,
2694 2464 2822 2528 τοὺς
2859 2463 3048 2532 ἁγίους
3084 2458 3416 2528 ἀποστόλους
3456 2464 3624 2534 φημὶ,
3651 2464 3787 2517 οὐδὲ

2188 2557 2365 2611 αὐτῶν
2410 2557 2656 2627 αίμάτων
2685 2555 2763 2608 ἔτι
2813 2555 3135 2627 φειδόμενοι.
3180 2556 3455 2609 Τοιουτονί
3485 2574 3603 2609 τινα
3648 2554 3788 2609 νοῦν

2187 2651 2215 2703 6
2239 2648 2339 2719 τῆς
2371 2646 2740 2718 προκειμένης
2791 2647 2921 2716 ἡμῖν
2970 2644 3306 2716 προφητείας
3343 2644 3520 2699 ὠδίνει
3550 2647 3780 2710 σκοπός.

2193 2744 2378 2795 Ἔοικε
2414 2739 2513 2811 μὲν
2551 2738 2660 2810 γὰρ
2696 2740 2725 2791 6
2752 2736 3036 2798 θεσπέσιος
3066 2734 3266 2790 Ἰακὼϐ
3299 2737 3406 2791 τῶν
3435 2738 3493 2791 ὲν
3528 2737 3782 2808 Σικίμοις

2190 2833 2593 2905 πεπραγμένων
2636 2829 3039 2902 διαμεμνῆσθαι
3101 2830 3285 2885 πάλιν.
3330 2831 3482 2901 Ἔχει
3525 2829 3582 2883 δὲ
3631 2829 3780 2884 οὕτω

2189 2925 2330 2978 κατά
2381 2923 2643 2996 ἀλήθειαν
2673 2923 2702 2976 6
2734 2922 2826 2976 τοῦ
2885 2922 3096 2976 δικαίου
3140 2922 3362 2987 σκοπόςο
3400 2923 3517 2987 πῶς
3560 2922 3672 2995 γὰρ
3716 2923 3779 2976 τδ

2189 3019 2288 3089 ἤδη
2328 3017 2695 3087 γεγενημένον
2733 3014 2808 3078 ὡς
2859 3015 3115 3085 ἐσόμενον
3154 3014 3297 3069 κατά
3328 3014 3554 3086 καιροὺς
3593 3030 3779 3085 παραυ

2188 3110 2399 3178 δέξαιτο
2414 3109 2478 3163 ἄν
2499 3126 2582 3174 τις
2601 3126 2616 3173 ;
2634 3106 2842 3163 Οὐκοῦν
2875 3107 2983 3161 ἀπὸ
3007 3105 3101 3160 τοῦ
3124 3108 3407 3176 γεγονότος
3422 3109 3479 3160 ὲν
3507 3106 3779 3178 Σικίμοις,

2193 3200 2286 3254 ἐπὶ
2317 3200 2407 3255 τὸν
2440 3199 2553 3254 ἴσον
2585 3200 2683 3271 τῆς
2717 3200 2990 3272 ἁμαρτίας
3042 3199 3243 3271 τρόπον
3293 3199 3550 3271 ἀναφέρει
3589 3199 3657 3252 τὰ
3686 3201 3785 3253 ἐπὶ

2192 3292 2432 3367 Χριστῷ,
2488 3292 2742 3364 καθάπερ
2796 3291 2988 3362 ἀμέλει
3038 3291 3132 3346 καλ⁸
3180 3291 3273 3345 ἐπὶ
3322 3289 3400 3361 τῷ
3445 3291 3784 3362 πρωτοτόκῳ

2202 3386 2475 3457 Ῥουϐείμ.
2516 3386 2582 3438 Τί
2610 3384 2790 3439 τοίνυν
2822 3384 3168 3457 πεπράκασιν
3188 3386 3246 3439 ὲν
3269 3385 3519 3451 Σικίμοις
3550 3385 3784 3452 Συμεὼν

2190 3476 2282 3530 καὶ
2311 3473 2477 3542 Λευί;
2504 3475 2633 3529 Δίνα
2658 3474 2754 3546 μὲν
2775 3475 2884 3546 γὰρ
2913 3476 2947 3545 ἡ
2986 3472 3117 3530 Λευί
3145 3491 3203 3529 τε
3242 3475 3338 3529 καὶ
3375 3472 3604 3544 Συμεὼν
3624 3474 3784 3528 ἀδελ-

2192 3568 2265 3640 φὴ
2297 3567 2398 3638 τῆς
2420 3567 2513 3621 τοῦ
2544 3566 2746 3638 πατρὸς
2777 3566 2951 3632 ὲξέθει
2978 3567 3204 3640 σκηνῆς,
3242 3566 3340 3631 τάς
3368 3567 3476 3620 τῶν
3494 3568 3785 3638 ἐγχωρίων

2190 3659 2430 3732 ὀψομένη
2457 3659 2784 3730 θυγατέρας
2814 3659 2987 3730 Σιχὲμ
3017 3659 3073 3713 δὲ
3116 3657 3286 3730 αὐτὴν
3317 3661 3347 3713 6
3390 3659 3605 3731 Ἐμμδρ
3628 3657 3784 3714 ἐϐιά-

2192 3755 2333 3820 ζετο.
2377 3752 2808 3825 Διεπαρθένευσε
2862 3752 2972 3822 γὰρ
3018 3752 3209 3823 αὑτήν.
3254 3752 3320 3806 Οἱ
3353 3751 3409 3806 δὲ
3451 3751 3591 3824 πρὸς
3616 3751 3786 3805 τοῦτο

2189 3843 2570 3917 ἀσχάλλοντες,
2596 3845 2691 3899 καλ⁸
2711 3844 2802 3898 τὸν
2835 3844 2893 3911 ἐξ
2922 3843 3138 3915 ἀπάτης
3171 3843 3341 3915 αὐτῆς
3378 3840 3783 3914 ὲκμηχανὼμε-

2189 3953 2268 3990 νοι
2316 3937 2498 4006 φόνον,
2548 3934 2940 4007 προανέπειθον
2992 3935 3089 4007 μὲν
3131 3934 3232 4007 τὴν
3263 3931 3535 4004 πατρικὴν
3590 3932 3786 3995 αὐτοῖς

2190 4027 2505 4083 συνελέσθαι
2523 4028 2845 4100 περιτομὴν,
2868 4028 2944 4092 ὡς
2966 4027 3254 4098 ἐσομένους
3285 4025 3483 4079 αὐτίκα
3514 4025 3607 4078 καὶ
3630 4025 3783 4078 κατά

2187 4123 2343 4191 γένος
2370 4121 2625 4185 οἰκείους,
2651 4120 2701 4173 εί
2725 4118 2882 4172 τοῦτο
2903 4119 3034 4189 δρᾷν
3064 4116 3290 4171 ἕλοιντο.
3323 4114 3684 4187 Πεπραχότας
3711 4132 3779 4183 γε

2191 4213 2298 4285 μὴν
2335 4213 2699 4267 ἀπεκτόνασιν
2754 4209 3050 4282 ἀδοκήτως·
3085 4208 3419 4280 ἀποχρήσειν
3467 4207 3655 4270 αὐτοῖς
3696 4208 3782 4269 είς

2188 4306 2482 4375 ἀπολογίαν
2510 4305 2773 4376 οῐομενοι,
2808 4303 2867 4359 τὸ
2891 4303 2955 4374 δὴ
2978 4303 3177 4374 χρῆναι
3207 4302 3410 4370 λέγειν·
3431 4319 3448 4352 ι
3472 4300 3611 4355 Ἀλλ’
3643 4300 3783 4353 ὡσεὶ

2190 4402 2362 4473 πόρνῃ
2382 4398 2673 4471 χρήσονται
2703 4399 2768 4468 τῇ
2797 4395 3001 4467 ἀδελφῇ
3021 4395 3209 4466 ἡμῶν;
3260 4414 3278 4446 ›

2263 4493 2326 4563 β’.
2361 4491 2520 4546 ’ἰτέον
2544 4489 2607 4561 δὴ
2645 4485 2738 4542 οὖν
2769 4489 2863 4542 ἐπὶ
2897 4488 2958 4542 τὸ
2992 4487 3167 4559 τούτῳ
3189 4487 3252 4559 δὴ
3283 4486 3623 4559 προσεοικὸς,
3685 4490 3781 4539 καὶ

2185 4585 2250 4654 δὴ
2276 4582 2675 4650 διαπλάττομεν
2698 4579 2772 4644 ὡς
2802 4579 2902 4645 ἔνι,
2939 4578 3119 4643 καλῶς
3153 4579 3215 4632 τὸ
3238 4577 3523 4649 θεώρημα,
3547 4576 3618 4631 τά
3656 4594 3784 4631 συν·-

2185 4674 2442 4730 τελοῦντα
2470 4670 2963 4744 πρδςδιασάφησιν
2999 4670 3337 4742 πανταχόθεν
3377 4669 3777 4742 ἐρανιζόμενοι.

2188 4770 2319 4824 ⁶Ἀτε
2363 4767 2541 4820 τοίνυν
2562 4765 2653 4819 τὸν
2687 4765 2781 4818 ἐπὶ
2802 4763 2880 4836 τῷ
2904 4765 3101 4819 Ἰακὼϐ
3136 4763 3562 4835 κατευρύνοντες
3593 4762 3778 4832 λόγον.

2186 4864 2334 4925 ὅπως
2373 4879 2430 4914 τε
2471 4860 2565 4915 καὶ
2591 4859 2713 4915 τίνα
2743 4860 2943 4931 τρόπον
2969 4860 3101 4912 ἐϐίω
3136 4859 3468 4930 διηγήμεθα,
3502 4859 3598 4911 καὶ
3624 4858 3779 4919 τίνας

2195 4954 2291 5022 μὲν
2320 4950 2649 5023 είσῳκίσατο
2674 4948 2970 5018 γυναικῶν,
2994 4949 3202 5003 τέκνων
3230 4948 3287 5001 δὲ
3321 4949 3463 5002 ὅσων
3485 4946 3777 5017 ἀνεδείχθη

2194 5045 2398 5117 πατήρ.
2432 5042 2728 5115 Ἐλέγομεν
2774 5043 2855 5097 ὅτι
2896 5043 3137 5113 ἠγάγετο
3188 5042 3285 5112 μὲν
3334 5041 3434 5113 τὴν
3469 5042 3640 5096 Λείαν
3669 5041 3778 5094 τῶν

2193 5138 2287 5192 τοῦ
2319 5136 2507 5192 Λάϐαν
2536 5136 2849 5208 θυγατέρων
2863 5135 2961 5205 τὴν
2998 5134 3401 5207 πρεσϐυτάτην,
3437 5133 3781 5206 δευτέρανδδ

2193 5229 2309 5305 μετ’
2357 5228 2594 5298 ἐκείνην,
2640 5226 2737 5281 καὶ
2785 5227 2885 5280 οὐκ
2941 5228 3021 5289 εἰς
3078 5225 3297 5297 μακρὰν
3353 5224 3451 5292 τὴν
3499 5225 3783 5293 νεωτάτην

2196 5320 2421 5393 Ῥαχὴλ.
2469 5317 2927 5389 Διεϐεϐαιούμεθα
2973 5318 3029 5371 δὲ
3065 5319 3148 5372 ὅτι
3179 5319 3314 5373 Λεία
3356 5318 3455 5387 μὲν
3496 5319 3575 5381 είς
3609 5317 3781 5371 τύπον

2189 5417 2318 5487 ἡμῖν
2346 5415 2447 5484 τῆς
2479 5409 2748 5465 Ἰουδαίων
2768 5410 2918 5465 ἔσται
2943 5411 3289 5483 Συναγωγῆς,
3306 5409 3506 5481 Ῥαχὴλ
3525 5408 3585 5463 δὲ
3598 5408 3704 5479 τῆς
3720 5406 3781 5472 ἐξ

2190 5505 2358 5560 ἐθνῶν
2412 5503 2757 5572 Ἐκκλησίας.
2792 5503 2946 5557 Ἐπεί
2994 5521 3076 5557 τοι
3107 5502 3240 5558 Λεία
3288 5503 3386 5573 μὲν
3412 5494 3777 5574 ἑρμηνεύεται

2189 5594 2483 5653 κοπιῶσα.
2508 5593 2918 5663 ἀσθενεστέροις
2941 5594 2996 5649 δὲ
3023 5596 3113 5648 καὶ
3136 5593 3550 5665 ἀκαλλεστέροις
3577 5592 3778 5663 ἐχρῆτο

1180 5701 1224 5732 θ’
1257 5701 1360 5757 lsa.
1395 5717 1504 5763 Lm.
1533 5702 1553 5755 l
1581 5720 1593 5768 ;
1627 5702 1783 5757 Joan.
1812 5719 1905 5771 xu,
1932 5705 2028 5775 38;
2061 5708 2087 5762 Ρ

2191 5729 2221 5765 ι.
2244 5727 2294 5777 κ,
2328 5710 2411 5765 16.
2493 5711 2505 5739 ¹
2539 5708 2729 5765 Matth.
2755 5725 2864 5771 xxi.
2893 5710 2979 5764 58.
3058 5712 3076 5741 ²
3105 5707 3239 5765 Gen.
3277 5723 3437 5762 χχχιι·
3503 5706 3651 5760 L51.
