4004 6204
315 356 414 411 345

1293 356 1811 415 οιΑΡιιιιιοιιιςιι
1852 363 1919 417 IN
1957 364 2257 420 GENESIM
2295 365 2423 419 LIB.
2465 366 2574 421 VII.

3458 374 3524 429 $4
3535 374 3565 429 '3

312 476 417 536 τοῖς
455 470 775 540 ὀφθαλμοῖς.
811 468 1072 539 Κέκμηκε
1113 467 1170 520 δὲ
1215 468 1332 522 λίαν
1375 471 1406 539 ἡ
1452 469 1558 523 τῶν
1614 470 1880 524 Ἰουδαίων

1991 475 2321 532 lirmioribus
2360 479 2534 533 oculis
2566 487 2832 531 uteretur.
2877 479 3040 533 \‘alde
3079 489 3261 534 autem
3298 484 3564 544 laboravit

313 562 609 631 Συναγωγὴ
642 562 793 631 νόμῳ
819 560 895 631 τῷ
929 560 1017 613 διὰ
1050 559 1293 625 Μωσέως
1328 561 1764 634 κατηχθισμένη,
1794 566 1886 618 καὶ

310 654 405 708 οὐκ
437 651 749 704 εὑσθενέσιν
774 650 1068 721 ὀφθαλμοῖς
1088 650 1222 720 πρὸς
1245 651 1303 703 τὸ
1332 651 1425 704 τοῦ
1448 654 1699 724 Σωτῆρος
1726 653 1886 724 ἡμῶν

311 744 486 815 δρῶσα
519 743 839 811 μυστήριον.
893 739 1091 811 Ῥαχὴλ
1139 740 1195 793 δὲ
1238 737 1304 810 ἦν
1329 743 1468 813 καλὴ
1508 743 1583 814 τῷ
1617 745 1747 797 εῖδει
1795 747 1885 798 καὶ

309 832 481 905 ὡραία
521 831 748 903 σφόδρα.
805 831 1256 902 Ἐκπρεπεστάτη
1285 832 1341 885 δὲ
1380 832 1500 886 λίαν
1557 835 1589 905 ἡ
1630 836 1686 902 ἐξ
1719 835 1885 888 ἐθνῶν

309 923 624 994 Ἐκκλησία.
653 924 817 987 Λείας
854 924 918 994 δὴ
947 918 1039 976 οὖν
1079 923 1365 978 τελευταία
1394 915 1640 998 θυγάτηρ
1667 927 1886 995 γέγονεν

308 1018 337 1086 ἠ
364 1016 493 1068 Δίνα
543 1013 726 1078 Tum;
751 1014 795 1067 δ’
824 1014 888 1068 ἂν
912 1016 1120 1083 γένοιτο
1159 1018 1253 1070 καὶ
1281 1018 1420 1087 αὕτη
1440 1018 1541 1088 τῆς
1570 1021 1633 1072 ὲκ
1668 1036 1883 1089 περιτο-

311 1107 412 1176 μῆς
430 1103 693 1175 πληθύος,
717 1103 750 1176 ἢ
782 1106 875 1157 καὶ
917 1108 974 1158 ὲν
1002 1106 1213 1176 χρόνοις
1252 1107 1445 1175 γέγονε
1473 1110 1585 1171 τοῖς
1610 1109 1881 1179 ἐσχάτοις,

308 1194 429 1249 καθ’
454 1194 549 1258 οὓς
597 1193 1019 1265 ὲνηνθρὼπησεν
1046 1195 1074 1248 ό
1103 1197 1433 1263 Μονογενής.
1469 1198 1599 1251 Ὅτε
1635 1199 1809 1252 τοίνυν
1850 1202 1882 1269 ἡ

307 1286 410 1339 τῶν
434 1286 498 1339 ὲκ
533 1286 837 1357 περιτομῆς
855 1287 1134 1342 τελευταία
1159 1288 1383 1358 πληθὺς.
1415 1288 1517 1353 ἔξω
1537 1288 1705 1360 βραχὺ
1732 1306 1883 1357 γενοο

309 1375 444 1446 μόνη
470 1376 573 1444 τῆς
607 1374 870 1446 πατρῴας
917 1377 1142 1446 σκηνῆς,
1178 1377 1442 1441 τουτέστι,
1478 1377 1585 1430 τῶν
1618 1379 1758 1431 κατὰ
1794 1380 1884 1433 τὸν

306 1464 468 1533 νόμον
492 1463 653 1530 ἐθῶν,
692 1467 804 1525 τοῖς
834 1465 1123 1538 ἐγχωρίοις
1160 1466 1542 1538 προσέϐαλλεν·
1584 1467 1750 1537 ἤγουν
1789 1468 1885 1520 ἐπ-

305 1557 566 1630 εμίσγετο
581 1556 723 1609 κατὰ
754 1556 1009 1627 μάθησιν,
1045 1556 1187 1625 λέγω
1207 1556 1270 1627 δὴ
1299 1560 1413 1621 τοῖς
1451 1559 1627 1626 ἁγίοις
1651 1559 1878 1612 ἀποστό-

273 1635 434 1712 ’λοις,
462 1649 564 1701 οὐκ
594 1648 676 1701 ἔτι
719 1648 816 1719 μὲν
851 1647 1021 1713 ζῶσιν
1066 1648 1395 1712 Ἰουδαϊκῶς,
1432 1651 1489 1703 ὲν
1536 1650 1800 1720 ὑπολήψει
1827 1651 1882 1703 δὲ

302 1739 490 1811 ὥσπερ
523 1739 773 1809 γεγονόσι
792 1738 897 1791 τῶν
917 1739 1267 1809 ἑτερογενῶν·
1291 1740 1409 1793 τότε
1426 1740 1514 1805 δὴ,
1544 1742 1663 1794 τότε
1681 1742 1883 1812 νοητῶς

301 1830 767 1901 διεπαρθενεύετο,
792 1830 893 1901 τῆς
936 1833 991 1885 ἐν
1024 1830 1241 1902 Χριστῷ
1288 1832 1558 1897 πολιτείας
1596 1834 1690 1887 καὶ
1718 1834 1882 1902 εὑαγ-
1917 1827 1955 1879 Β

302 1920 525 1991 γελικῆς
577 1920 647 1974 τὰ
702 1921 990 1992 σπέρματα
1042 1922 1171 1993 παρ’
1204 1922 1383 1975 αὐτῶν
1418 1923 1702 1994 δεχομένη.
1743 1923 1883 1975 Ἀλλ’

299 2016 645 2085 ἠγανάκτουν
676 2015 811 2086 πρὸς
831 2013 985 2067 τοῦτο
1010 2015 1118 2067 τῶν
1150 2014 1343 2068 Ἰακὼϐ
1376 2015 1581 2068 παίδων
1613 2015 1757 2079 τινὲς
1786 2015 1884 2066 Συ-

304 2104 447 2174 μεὼν
488 2106 584 2159 καὶ
611 2106 761 2167 Λευὶ,
784 2103 1082 2167 τουτέστιν,
1117 2104 1170 2157 οἴ
1191 2123 1247 2157 τε
1279 2105 1337 2158 ὲν
1367 2103 1622 2175 ὑπηκόων
1645 2104 1884 2174 κείμενοι

301 2196 475 2261 τάξει,
518 2198 615 2249 καὶ
646 2196 743 2248 σὺν
777 2196 962 2260 αὐτοῖς
997 2197 1055 2247 τὸ
1083 2194 1226 2265 ίερδν
1247 2195 1341 2248 καὶ
1368 2194 1667 2248 ἀπόλεκτον
1704 2194 1880 2263 γένος.

312 2286 707 2358 Ἐρμηνεύεται
767 2286 866 2357 μὲν
916 2286 1024 2356 γὰρ
1066 2285 1291 2357 Συμεὼν
1348 2285 1607 2355 ὑπακοή·
1648 2286 1778 2341 Λευὶ
1826 2285 1883 2338 δὲ

303 2379 824 2448 προσειλημμένος
859 2378 892 2448 ἢ
923 2378 1279 2443 (iudicatae.
1322 2378 1444 2431 ’Ὁτι
1468 2377 1524 2431 δὲ
1562 2380 1675 2440 τοῖς
1710 2377 1884 2445 ἁγίοις

303 2469 621 2533 ἀποστόλοις
662 2468 960 2539 ἐπεφύοντο
1007 2468 1194 2534 δεινῶς
1228 2470 1278 2523 oi.
1306 2468 1405 2539 τῆς
1432 2469 1573 2523 κατὰ
1615 2470 1777 2541 νόμον
1812 2470 1885 2521 ίε-

307 2563 536 2633 ροσύνης
567 2561 822 2631 λαχόντες
855 2562 926 2614 τὰ
980 2561 1295 2632 αὐχήματα,
1328 2559 1658 2614 συνθεόντων
1702 2561 1884 2622 αὐτοῖς

305 2654 395 2707 καὶ
419 2652 590 2713 λαῶν,
620 2651 733 2715 πῶς
766 2652 910 2704 ἐστιν
934 2651 1290 2723 ἀμφιϐάλλειν
1306 2667 1321 2718 ;
1340 2650 1659 2723 Ἐπέτριζον
1687 2651 1742 2706 δὲ
1760 2652 1885 2715 τοὺς

302 2745 542 2808 ὀδόντας,
584 2744 695 2797 τῶν
740 2744 831 2797 ὑπ’
866 2744 1049 2806 αὐτοῖς
1091 2742 1385 2811 γεγονότων
1430 2742 1530 2814 τὴν
1554 2740 1885 2814 ἐπιστροφὴν

303 2833 656 2905 καταφθορὰν
695 2834 1073 2906 ὀνομάζοντες,
1099 2834 1193 2889 καὶ
1221 2830 1308 2889 οἷά
1353 2851 1404 2887 τι
1433 2833 1540 2886 τῶν
1570 2834 1707 2900 ἄγαν
1736 2833 1885 2886 ὲκτό-

306 2930 420 2981 πων
455 2929 815 2998 ἐπιφέροντες
849 2927 1230 2998 ἐγκλημάτων*
1256 2945 1272 2978 ι
1302 2926 1435 2981 Ἰδοὺ
1469 2927 1599 2998 γὰρ,
1625 2926 1882 2995 ἔφασκον,

306 3017 706 3089 πεπληρώκατε
745 3017 843 3089 τὴν
877 3016 1231 3089 Ἰερουσαλὴμ
1258 3016 1358 3087 τῆς
1391 3015 1616 3087 διδαχῆς
1648 3014 1823 3087 ὑμῶν.
1862 3036 1879 3067 ι

316 3109 539 3178 Ἐπειδὴ
579 3108 634 3163 δὲ
684 3107 1068 3172 κατωνείδιζον
1088 3107 1165 3171 ὡς
1202 3108 1386 3162 οὐκέτι
1420 3106 1626 3172 ζῶντας
1664 3107 1885 3162 Ἰουδαῖ-

1988 568 2301 625 Judreorum
2342 567 2643 639 Synagoga,
2679 567 2908 623 Mosaica
2949 570 3064 643 lege
3105 582 3351 638 onerata,
3389 590 3566 644 neque

1988 657 2164 712 acutis
2196 657 2372 711 oculis
2408 656 2707 712 Salvatoris
2747 658 2919 713 nostri
2962 660 3283 730 mysterium
3322 663 3561 720 intuens.

1990 751 2192 806 Rachel
2234 761 2418 807 autem
2455 761 2574 807 erat
2613 752 2840 821 pulchra
2884 751 3021 808 facie
3060 762 3116 807 et
3156 754 3354 810 decora
3386 757 3544 811 valde

1987 845 2402 914 Elegantissima
2424 860 2555 900 vero
2584 854 2773 909 estea,
2792 861 2912 914 qum
2945 861 3009 899 ex
3040 846 3294 916 gentibus
3328 859 3565 915 constat,

1988 936 2252 992 Ecclesia.
2280 935 2391 990 [λιιι
2425 935 2592 1005 igitur
2624 936 2815 990 ultimo
2849 936 2970 990 loco
3003 946 3127 991 nata
3160 946 3244 991 est
3272 938 3380 993 ﬁlia
3406 941 3563 1007 Dina,

1986 1041 2106 1093 quze
2138 1034 2192 1078 et
2221 1025 2335 1094 ipsa
2370 1033 2550 1094 potest
2578 1039 2701 1079 esse
2735 1032 2893 1095 typus
2926 1025 3294 1079 multitudinis
3329 1026 3567 1081 circum-

1986 1117 2249 1179 cisorum,
2288 1127 2346 1170 ut
2382 1130 2503 1184 quae
2538 1124 2664 1168 nata
2701 1116 2773 1168 sit
2810 1114 2866 1167 in
2908 1115 3167 1169 extremis
3200 1116 3563 1184 temporibus,

1984 1206 2207 1276 quando
2256 1207 2581 1276 Unigenilus
2627 1207 2791 1260 homo
2832 1214 2916 1260 est
2965 1206 3159 1260 factus.
3205 1206 3341 1261 Cum
3379 1207 3564 1278 itaque

1989 1298 2177 1352 ultima
2204 1297 2656 1351 circumcisorum
2695 1297 3009 1362 multitudo,
3038 1297 3316 1366 paululum
3346 1314 3564 1368 egressa

1986 1389 2153 1443 fuerit
2181 1404 2210 1443 e
2237 1388 2433 1443 castris
2465 1388 2729 1469 paternis,
2757 1387 2859 1442 h'oe
2884 1397 2987 1453 est,
3016 1388 3086 1442 ab
3117 1388 3384 1443 institutis
3418 1391 3563 1460 lega-

1986 1481 2151 1545 libus,
2190 1480 2381 1536 incidit
2421 1481 2476 1535 in
2522 1481 2827 1551 indigenas,
2862 1490 2956 1536 aut
2995 1481 3280 1536 commista
3320 1489 3402 1535 est
3438 1497 3561 1535 cum

1984 1571 2237 1627 doctrina
2272 1580 2586 1626 sanctorum
2623 1572 3021 1642 apostolorum,
3057 1571 3149 1641 qui
3198 1586 3308 1624 non
3339 1570 3560 1639 quidem

1984 1663 2222 1732 amplius
2255 1663 2513 1735 vivebant
2540 1662 2785 1727 Judaice,
2810 1661 2905 1718 sed
2937 1662 3282 1716 habebantur
3304 1675 3403 1730 pro
3428 1660 3562 1714 alie-

1987 1751 2220 1822 nigenis.
2272 1751 2445 1815 Tunc,
2484 1761 2635 1815 tunc,
2665 1751 2908 1821 inquam,
2938 1750 3164 1820 mystice
3208 1756 3562 1818 constuprata

1984 1850 2088 1905 est,
2130 1844 2247 1912 ejus
2284 1858 2404 1911 qua:
2448 1842 2504 1896 in
2536 1841 2755 1897 Christo
2798 1851 2883 1897 est
2929 1840 3133 1911 politiae
3177 1849 3232 1894 et
3282 1840 3561 1909 Evangelii

1985 1934 2194 1988 semine
2238 1934 2306 1987 ab
2349 1933 2481 2003 ipsis
2529 1942 2779 2004 recepto;
2819 1933 2914 1988 sed
2955 1933 3028 1987 ob
3065 1932 3171 1987 hoc
3211 1932 3568 1987 vehementer

1984 2027 2459 2083 exeandescebant
2494 2026 2714 2096 quidam
2747 2041 2815 2080 ex
2846 2025 2972 2080 ﬁliis
2997 2024 3187 2086 Iacob,
3214 2022 3435 2077 Simeon
3476 2023 3563 2077 ni-

1986 2116 2187 2170 mirum
2221 2126 2277 2170 et
2310 2115 2462 2179 Levi,
2493 2115 2599 2171 hoc
2623 2122 2729 2179 est,
2759 2113 2853 2184 qui
2897 2114 3003 2184 legi
3047 2113 3253 2169 subditi
3295 2119 3474 2175 erant,
3510 2120 3561 2166 et

1985 2222 2108 2259 cum
2143 2206 2229 2259 his
2259 2220 2475 2259 sacrum
2505 2213 2669 2274 atque
2700 2203 2937 2259 electum
2962 2219 3153 2275 genus.
3179 2203 3313 2258 Nam
3342 2201 3564 2258 Simeon

1983 2284 2259 2367 signiﬁcat
2318 2295 2701 2361 obedientiam;
2755 2294 2886 2350 Levi
2948 2302 3131 2349 autent
3188 2301 3427 2363 acceptus
3473 2300 3569 2345 aut

1984 2385 2202 2440 electus.
2230 2384 2383 2452 Quod
2409 2395 2592 2441 autem
2616 2387 2821 2441 sanctis
2846 2384 3109 2455 apostolis
3132 2384 3371 2455 graviter
3392 2382 3566 2437 insul-

1986 2478 2154 2532 tarint
2195 2477 2232 2531 ii
2290 2476 2386 2548 qui
2439 2475 2733 2531 sacerdotii
2805 2475 3128 2546 dignitatem
3178 2473 3359 2544 adepti
3410 2480 3570 2528 erant

1987 2568 2226 2637 (populis
2253 2584 2359 2621 una
2391 2583 2515 2623 cum
2542 2566 2676 2636 ipsis
2707 2565 3200 2636 conspirantibus),
3220 2564 3426 2621 nemini
3463 2564 3567 2617 du—

1987 2659 2136 2712 bium
2164 2674 2285 2714 esse
2319 2666 2523 2728 potest.
2560 2656 2881 2712 Stridehant
2912 2658 3060 2711 enim
3094 2655 3355 2710 dentibus
3375 2654 3571 2710 adver—

1986 2763 2081 2801 sus
2125 2764 2189 2802 ea
2236 2765 2358 2818 qua:
2404 2748 2679 2802 faciebant
2735 2748 2990 2816 apostoli,
3025 2754 3287 2801 vocantes
3325 2746 3569 2817 ipsorum

1986 2840 2402 2914 conversionem
2430 2839 2863 2908 corruptionem,
2888 2853 2951 2891 ac
2977 2848 3232 2906 tanquam
3268 2849 3433 2907 grave
3466 2834 3571 2890 ali-

1986 2930 2134 3001 quod
2166 2929 2429 3000 ﬂagitium
2464 2936 2825 2984 accusantes:
2861 2946 2877 2978 ι
2908 2927 3049 2981 Ecce
3075 2924 3221 2980 enim
3246 2923 3575 2994 implevistis

1986 3022 2289 3077 Jerusalem
2310 3020 2563 3076 doctrina
2586 3026 2765 3075 vestra
2784 3018 2826 3083 ³,
2860 3038 2877 3069 ι
2908 3016 3250 3088 inquiebant.
3276 3016 3570 3085 Postquam

1988 3128 2120 3167 vero
2159 3111 2565 3183 exprobrarunt
2596 3111 2697 3175 eis,
2728 3110 2876 3181 quod
2911 3125 3021 3164 non
3058 3106 3294 3178 amplius
3325 3106 3574 3161 viverent
3613 3103 3617 3107 ’

308 3198 436 3262 κῶς,
454 3168 757 3271 ὲμὰνθανον
778 3200 861 3253 ὅτι
884 3168 1158 3272 τετίμητον
1172 3201 1303 3273 παρ’
1324 3168 1506 3263 αὐτοῖς
1536 3201 1569 3272 ή
1592 3168 1883 3272 ἰιερισιτομή⁸

1991 3168 2248 3268 Judaice:
2271 3212 2387 3257 tum
2419 3168 2877 3256 didiceruntgeoli
2914 3199 2983 3255 ab
3022 3168 3169 3269 ipsis.
3194 3195 3574 3253 circumcisio-

306 3289 365 3343 τ’)
389 3289 713 3360 διατειχίζον
727 3291 783 3345 δὲ
808 3290 946 3356 ὅλως
974 3293 1054 3356 είς
1074 3291 1337 3363 διαφορὰν
1353 3292 1523 3346 οὐδέν·
1542 3294 1699 3364 εῐπερ
1718 3293 1888 3345 ἕλοιν-

307 3396 367 3433 το
400 3382 546 3433 νοεῖν
574 3380 643 3434 τὰ
675 3380 918 3447 Μωσέως
948 3381 1069 3436 καθ’
1095 3381 1155 3435 δν
1185 3382 1292 3435 ἔδει
1322 3382 1541 3454 τρόπον.
1574 3402 1592 3434 ι
1627 3383 1700 3437 Οὐ
1729 3383 1837 3454 γὰρ
1862 3383 1891 3435 ό

308 3474 365 3524 ἑν
388 3472 469 3542 τῷ
527 3471 766 3543 φανερῷ,
798 3473 953 3543 φησὶ,
1000 3472 1256 3537 Ἰουδαῖός
1311 3475 1477 3539 ἐστιν,
1512 3473 1632 3528 οὐδὲ
1662 3475 1695 3546 ἡ
1730 3475 1787 3527 ὲν
1814 3472 1891 3545 τῷ

310 3564 528 3636 φανερῷ
586 3565 644 3617 ἐν
692 3564 855 3633 σαρκὶ
911 3564 1203 3636 περιτομή·
1263 3563 1379 3617 ἀλλ’
1405 3564 1434 3615 ό
1463 3566 1520 3617 ὲν
1546 3564 1625 3635 τῷ
1667 3564 1891 3637 κρυπτῷ

309 3655 583 3719 Ἰουδαῖος,
639 3656 733 3709 καὶ
783 3654 1053 3726 περιτομὴ
1109 3655 1335 3725 καρδίας
1386 3657 1444 3709 ὲν
1493 3655 1784 3725 πνεύματι,
1830 3656 1891 3709 οὐ

311 3747 621 3819 γράμματι.
666 3764 686 3799 ι
725 3746 886 3818 Ὀρᾲς
913 3749 1061 3811 ὅπως
1088 3749 1136 3800 οί
1164 3746 1319 3813 δόξαν
1347 3746 1562 3818 ἔχοντες
1592 3747 1893 3817 ἀλλογενῶν

315 3839 842 3910 συνεσχηματίζοντο
885 3841 996 3903 τοῖς
1027 3839 1316 3901 Ἰουδαίοις,
1362 3838 1460 3911 τὴν
1511 3841 1568 3892 ὲν
1622 3840 1892 3910 πνεύματι

317 3929 635 4000 περιτομὴν.
667 3931 762 3984 καὶ
790 3932 878 3983 τὸν
912 3932 970 3985 ἐν
998 3930 1329 4003 τιῖγκρυπτῷ
1354 3933 1740 4004 περιφέροντες
1761 3933 1892 3985 Ἰου-

314 4021 476 4075 διίον.
516 4020 678 4075 Ἀλλὰ
707 4023 796 4074 καὶ
818 4021 988 4086 οὕτως
1010 4024 1338 4077 ἀπεκτόνασι
1351 4023 1735 4094 προανελόντες
1766 4039 1896 4096 προ-

315 4112 512 4183 φήτας,
548 4113 643 4165 καὶ
677 4113 836 4165 αὐτὸν
876 4113 932 4167 δὲ
972 4114 1064 4167 τὸν
1111 4115 1485 4186 Ἐμμανουήλ.
1534 4113 1894 4167 Συνετέλεσαν

314 4202 509 4269 τοίνυν,
545 4201 735 4272 φησὶν,
794 4201 1008 4256 ἀδικίαν
1046 4201 1267 4271 Συμεὼν
1301 4203 1395 4258 καὶ
1446 4202 1601 4267 Λευὶ,
1638 4202 1697 4268 ἐξ
1745 4202 1895 4274 αίρέ·

316 4308 450 4356 σεως
505 4292 709 4347 αὐτῶν·
767 4295 1237 4365 συμπεφωνήκασι
1284 4294 1393 4367 γὰρ
1441 4296 1535 4348 καὶ
1590 4294 1896 4366 συνέδησαν

315 4382 562 4455 ἀλλήλοις
591 4386 670 4448 είς
683 4385 781 4457 τὴν
810 4385 951 4439 κατὰ
970 4384 1078 4438 τῶν
1104 4386 1274 4456 ἁγίων
1300 4385 1512 4439 ἀδικίαν
1530 4386 1558 4439 ὃ
1581 4402 1640 4439 τε
1670 4385 1895 4455 Συμεὼν

1992 3310 2137 3359 nem,
2167 3308 2345 3363 neque
2368 3292 2668 3364 quidquam
2694 3292 2921 3347 omnino
2955 3305 3076 3346 esse
3110 3288 3255 3359 quod
3290 3288 3574 3343 discerne-

1992 3394 2076 3440 ret
2099 3401 2195 3441 eos
2216 3402 2246 3441 a
2270 3386 2548 3457 gentibus.
2573 3386 2844 3456 siquidem
2868 3384 3073 3439 vellent
3093 3378 3161 3438 eo
3180 3398 3290 3452 quo
3311 3380 3577 3436 deberent

1992 3492 2154 3533 sensu
2185 3477 2388 3533 Mosem
2422 3477 2747 3548 intelligere.
2783 3496 2800 3529 ι
2830 3477 3021 3547 Neque
3050 3475 3199 3531 enim
3224 3473 3318 3544 qui
3357 3473 3412 3527 in
3455 3487 3575 3527 ma-

1991 3568 2215 3633 nifesto,
2242 3568 2439 3638 inquit,
2467 3568 2689 3624 Judazus
2715 3576 2818 3634 est,
2842 3583 3022 3637 neque
3054 3580 3118 3620 ea
3146 3580 3268 3636 qua:
3308 3565 3364 3619 in
3398 3563 3577 3618 mani-

1994 3661 2133 3715 festo
2163 3660 2216 3716 in
2249 3677 2414 3717 carne
2453 3672 2537 3716 est
2582 3660 2950 3726 circumcisio,
2982 3659 3077 3715 sed
3122 3659 3217 3729 qui
3261 3658 3316 3713 in
3360 3655 3577 3713 occulto

1992 3759 2077 3806 est
2100 3750 2343 3815 Judaeus,
2373 3759 2430 3806 et
2460 3751 2809 3806 circumcisio
2846 3750 3012 3820 218
3044 3748 3230 3804 cordis
3266 3748 3319 3802 in
3352 3747 3573 3817 spiritu.

1994 3858 2104 3898 non
2147 3843 2200 3896 in
2242 3842 2427 3897 littera
2458 3842 2497 3895 ⁸⁵.
2528 3862 2546 3893 ι
2580 3842 2745 3896 Vides
2775 3839 3051 3910 quomodo
3106 3838 3184 3892 illi
3225 3837 3319 3906 qui
3356 3835 3575 3906 opinio-

1994 3950 2121 3988 nem
2166 3933 2442 3988 habehaut
2488 3931 2939 4001 alienigenarum,
2972 3927 3295 3984 conformati
3333 3927 3444 3982 sint
3475 3928 3574 3983 Ju-

1995 4025 2149 4087 dteis,
2190 4023 2318 4078 dum
2367 4022 2842 4078 circumcisionem
2873 4019 3196 4089 spiritalem,
3230 4026 3286 4073 et
3326 4018 3573 4074 Judaeum

1997 4115 2051 4169 in
2097 4113 2314 4167 occulto
2358 4111 2842 4170 circumferebant.
2899 4112 3097 4166 Verum
3142 4111 3309 4165 etiam
3354 4111 3456 4180 ipsi
3501 4110 3573 4165 ita

1997 4206 2127 4261 olim
2170 4204 2519 4259 trucidabant
2552 4204 2871 4275 prophetas,
2897 4203 3008 4259 imo
3046 4203 3213 4258 etiam
3249 4203 3569 4257 Emmanue-

1995 4300 2125 4354 lcm.
2168 4297 2704 4354 Consummaverunt
2746 4295 2913 4365 igitur
2959 4294 3305 4365 iniquitatem
3353 4294 3575 4349 Simeon

1996 4399 2053 4447 et
2087 4390 2242 4453 Levi,
2286 4405 2350 4444 ac
2396 4389 2619 4459 quidem
2679 4405 2777 4444 sua
2822 4389 3124 4443 voluntate.
3178 4387 3576 4456 Conspirarunt

317 4476 407 4528 καί
445 4475 546 4546 μέν
574 4493 655 4530 τοι
681 4477 773 4530 καὶ
820 4477 849 4530 δ
874 4476 1025 4540 Λευὶ,
1061 4476 1304 4529 τουτέστι
1335 4475 1454 4529 λαοί
1501 4492 1558 4527 τε
1593 4474 1685 4527 καὶ
1710 4476 1890 4545 ἱερεῖς.

1999 4482 2145 4537 enim
2179 4488 2235 4536 et
2267 4488 2645 4534 convenerunt
2689 4479 2833 4533 inter
2874 4491 2932 4532 se
2976 4476 3045 4530 ad
3082 4474 3338 4545 iniuriam
3372 4474 3578 4528 sanctis

319 4567 388 4620 Τδ
417 4567 475 4622 δὲ
502 4568 564 4633 ἐξ
592 4568 857 4640 αἱρέσεως
890 4564 1091 4630 αὐτῶν,
1138 4565 1257 4620 ἀντὶ
1301 4564 1394 4640 τοῦ
1423 4564 1564 4618 κατὰ
1586 4565 1774 4634 σκέψιν
1804 4565 1897 4618 καὶ

321 4660 593 4733 βούλησιν.
618 4661 693 4714 Οὐ
729 4660 838 4733 γὰρ
872 4659 934 4713 ἐκ
961 4675 1025 4729 γε
1061 4656 1156 4713 τοῦ
1178 4656 1586 4729 συμϐεϐηκότος
1613 4656 1800 4720 ἁπλῶς
1826 4656 1895 4710 τὰ
1932 4689 1937 4694 -

318 4753 460 4807 δεινὰ
509 4751 622 4806 τῶν
667 4749 1012 4804 πεπονθότων
1074 4745 1540 4818 κατεσχεδιάζετο,
1606 4745 1722 4800 ἁλλ’
1775 4747 1895 4801 οὐδὲ

319 4842 727 4917 ἀπροδούλευτα
758 4840 828 4895 τὰ
865 4839 1189 4911 τολμήματα
1233 4838 1328 4892 καὶ
1379 4837 1440 4891 τὸ
1492 4837 1716 4891 ἔκτοπον
1764 4838 1897 4909 θρὰ·

322 4952 428 4999 σοςο
460 4934 581 4990 ἀλλ’
613 4937 679 4988 ὲκ
710 4930 1002 5003 συνεδρίων
1038 4930 1218 4985 αὐτῶν
1248 4930 1341 4985 ἐπὶ
1367 4930 1428 4983 τὸ
1455 4929 1588 5001 δρᾷν
1616 4930 1784 5000 ᾔεσαν
1829 4928 1895 4982 τὰ

320 5025 513 5089 παντὸς
536 5025 794 5077 ἐπέκεινα
824 5021 1016 5077 κακοῦ.
1051 5021 1406 5091 Παραιτεϊται
1433 5019 1496 5090 δὴ
1513 5016 1605 5073 οὖν
1635 5022 1663 5074 ό
1693 5019 1892 5074 θεσπέ-

321 5132 431 5180 σιος
457 5112 660 5169 Ἰακὼὸ
680 5115 780 5185 τὴν
804 5115 897 5169 ἐπὶ
918 5111 1055 5185 τῷδε
1079 5112 1349 5177 σύνθεσιν,
1374 5111 1475 5176 τὰς
1507 5111 1895 5175 κοινοϐουλίας,

319 5206 412 5278 τὴν
441 5206 655 5278 σκέψιν.
688 5225 706 5259 t
730 5206 824 5278 Μὴ
847 5208 954 5279 γὰρ
982 5208 1233 5273 εἰσέλθοι,
1254 5208 1488 5279 φησὶν,ή
1519 5206 1663 5276 ψυχή
1686 5223 1787 5276 μου
1818 5206 1898 5269 εἰς

322 5296 511 5368 βουλὴν
532 5298 732 5363 αὐτῶν,
762 5302 858 5353 καὶ
886 5299 979 5353 ἐπὶ
1001 5302 1065 5371 τῇ
1100 5300 1356 5355 συστάσει
1384 5298 1565 5353 αὐτῶν
1596 5298 1669 5370 μὴ
1693 5299 1898 5369 ὲρεῖται

320 5387 384 5441 τὰ
409 5388 600 5459 ἥπατὰ
627 5406 751 5461 μου.
781 5408 798 5441 ι
831 5390 1059 5463 Ὅμοιον
1088 5391 1195 5465 γὰρ
1219 5393 1295 5456 ὠς
1333 5394 1381 5446 εἰ
1413 5392 1582 5461 λέγοιο
1618 5393 1754 5464 μήτε
1786 5395 1899 5455 τοῖς

318 5477 417 5547 ’τῆς
437 5478 677 5544 διανοίας
704 5480 946 5553 Ι5μμασιν
968 5482 1337 5552 ἐνατενίσαιμί
1369 5497 1497 5535 ποτε
1521 5483 1640 5545 ταῖς
1663 5481 1898 5535 τοιαῖσδε

325 5567 560 5635 βουλαῖς,
615 5571 752 5641 μήτε
787 5572 893 5644 μὴν
929 5574 1005 5637 είς
1036 5574 1263 5646 καρδίαν
1307 5574 1443 5638 ὅλως
1489 5573 1899 5646 παραδεξαίμην

423 5739 443 5771 ³
466 5740 587 5798 Act.
622 5760 695 5809 ιν,
733 5744 816 5799 16.
925 5746 941 5776 ⁸
976 5746 1132 5807 Rom.
1164 5764 1220 5813 ιι,
1250 5747 1305 5802 8.

1998 4571 2337 4627 inferendam
2374 4569 2594 4625 Simcon
2633 4578 2688 4623 et
2726 4569 2879 4630 Levi,
2918 4568 3021 4623 hoc.
3052 4576 3155 4627 est,
3182 4564 3368 4635 populi
3400 4572 3456 4619 et
3488 4580 3576 4619 sa-

1997 4663 2270 4719 cerdotes.
2308 4662 2479 4717 Porro
2512 4680 2529 4711 ‹
2559 4676 2658 4715 sua
2681 4659 2981 4722 voluntate,
3015 4678 3031 4708 ι
3068 4656 3313 4711 additum
3343 4663 3447 4719 est,
3478 4668 3575 4722 pro

1996 4771 2064 4811 eo
2087 4755 2233 4827 quod
2270 4763 2375 4819 est,
2403 4753 2584 4809 dedita
2613 4768 2779 4823 opera
2805 4762 2861 4806 et
2895 4750 3163 4806 consulto.
3193 4749 3311 4803 Non
3336 4747 3483 4804 enim
3510 4762 3577 4800 ex

1999 4864 2127 4903 casu
2170 4848 2397 4902 fortuito
2449 4848 2564 4902 haec
2612 4846 2751 4899 mala
2801 4845 3178 4907 obvenerunt,
3228 4856 3406 4910 neque
3458 4840 3577 4893 sine

1996 4938 2392 4993 deliberatione
2422 4938 2558 4993 adeo
2590 4936 2832 4991 nefarios
2866 4943 3094 4989 conatus
3126 4931 3364 5002 aggressi
3398 4938 3528 4983 sunt
3559 4946 3573 4982 :

1997 5029 2094 5085 sed
2125 5029 2312 5084 habito
2350 5030 2493 5084 inter
2527 5045 2584 5085 se
2620 5028 2851 5083 consilio
2888 5025 2954 5081 ad
2994 5034 3237 5081 extrema
3274 5021 3476 5092 ﬂagitia
3519 5037 3577 5076 se

1998 5119 2366 5174 contulerunt.
2404 5119 2715 5177 Detestatur
2758 5118 2942 5187 itaque
2980 5115 3200 5169 divinus
3232 5111 3401 5169 Jacob
3441 5111 3577 5164 isto-

2000 5224 2121 5264 rum
2153 5224 2501 5274 consensum,
2534 5208 3194 5275 communicationemque
3220 5203 3578 5259 consiliorum

2000 5308 2057 5356 et
2090 5302 2449 5371 propositum.
2486 5320 2504 5352 ‹
2533 5300 2652 5356 Non
2680 5300 2849 5363 enim,
2887 5301 2984 5363 ait,
3024 5297 3364 5369 ingrediatur
3393 5295 3575 5351 anima

2007 5408 2125 5446 mea
2169 5392 2223 5446 in
2266 5393 2561 5447 consilium
2605 5405 2822 5451 eorum.
2859 5398 2915 5443 ct
2962 5391 3016 5444 in
3055 5399 3199 5445 coetu
3244 5402 3433 5442 eorum
3466 5402 3576 5440 non

2007 5484 2259 5541 dicentur
2302 5484 2503 5540 eximia
2547 5498 2687 5538 mea.
2754 5502 2773 5532 ι
2837 5482 3066 5537 Perinde
3112 5496 3175 5533 ac
3222 5480 3265 5533 si
3314 5478 3524 5533 diceret
3560 5493 3573 5505 ·

2010 5576 2229 5631 Avertat
2256 5577 2418 5640 Deus,
2448 5590 2513 5630 ne
2549 5574 2767 5645 quando
2794 5574 2936 5630 oculi
2977 5571 3284 5627 intellectus
3313 5568 3417 5623 tnri
3453 5582 3576 5623 ver-
