4032 6198
337 318 443 373 547

1327 314 1382 372 S.
1423 315 1700 373 CYRILLI
1739 316 2211 372 ALEXANDRINI
2249 317 2569 372 ARCHIEP.

3497 287 3610 365 sis

341 440 472 502 gant
494 432 548 485 in
575 431 703 486 talia
727 431 978 496 consilia,
1009 442 1104 487 aut
1131 448 1227 489 cor
1260 449 1443 490 meum
1475 436 1711 492 subeant
1733 437 1923 492 istius-

2050 436 2249 490 πώποτε
2273 434 2342 489 τὰ
2376 434 2704 505 παγχάλεπα
2739 435 2893 489 ταυτὶ
2917 433 3026 487 τῶν
3056 430 3409 502 ἠσεϐηκότων
3432 428 3609 497 σκέμ-

342 521 493 577 modi
537 521 717 590 impiae
759 523 1211 580 machinationes.
1254 526 1343 582 Sic
1369 536 1425 582 et
1463 529 1631 583 Isaias
1659 529 1923 600 propheta

344 610 511 667 deﬁet
536 612 767 681 populos
796 612 1135 679 Iudaeorum,
1164 614 1355 672 dicens
1383 636 1397 671 :
1432 637 1450 669 ι
1486 619 1576 674 Va:
1612 619 1807 674 animae
1846 620 1927 691 ip-

346 717 555 765 sorum,
594 703 723 772 quia
767 702 1012 758 inierunt
1052 707 1257 761 malum
1293 710 1583 765 consilium
1618 719 1809 767 contra
1841 729 1929 769 se-

348 793 528 863 ipsos,
584 793 876 849 dicentes:
921 795 1240 866 Ligahimus
1289 799 1535 870 justum,
1586 802 1716 872 quia
1769 805 1928 861 nobis

349 883 671 938 commodus
700 900 810 939 non
839 896 923 941 est
947 887 1066 940 Μ.)
1100 890 1288 944 Psallit
1316 892 1481 946 etiam
1507 893 1675 948 David
1705 912 1717 948 :
1750 915 1768 945 ι
1791 896 1928 950 Bea-

351 982 441 1027 tus
468 972 555 1026 vir
583 974 678 1043 qui
706 990 817 1029 non
848 976 986 1030 abiit
1021 978 1077 1031 in
1112 981 1403 1035 consilium
1435 983 1752 1053 impiorum,
1793 996 1849 1041 et
1875 988 1931 1043 in

349 1064 440 1117 via
483 1072 835 1140 peccatorum
880 1083 991 1123 non
1036 1071 1189 1125 stetit
1222 1073 1262 1126 ".
1299 1093 1315 1124 ι
1357 1074 1424 1128 Et
1460 1092 1676 1131 rursum
1718 1096 1731 1131 :
1781 1098 1798 1129 ι
1827 1077 1930 1135 Odi

351 1152 640 1207 ecclesiam
674 1155 1120 1227 malignantium,
1165 1168 1223 1214 et
1281 1176 1407 1216 cum
1448 1164 1632 1235 impiis
1678 1182 1789 1221 non
1847 1183 1935 1223 se-

353 1240 497 1297 debo
518 1242 560 1296 '.
594 1263 611 1293 ι
653 1243 897 1300 Discedit
923 1247 1109 1317 itaque
1134 1248 1330 1306 beatus
1359 1252 1528 1309 Jacob
1554 1271 1585 1308 a
1616 1255 1933 1312 Iudaeorum

355 1337 872 1403 consultationibus,
907 1348 965 1396 et
1005 1341 1157 1397 addit
1177 1360 1396 1400 causam
1430 1364 1442 1400 :
1484 1370 1502 1399 ‹
1530 1347 1687 1415 Quia,
1732 1349 1930 1419 inquit,

356 1428 631 1484 in’lurore
666 1445 766 1485 suo
801 1431 1201 1490 interfecerunt
1233 1437 1505 1505 homines,
1534 1448 1589 1496 et
1618 1441 1670 1496 in
1705 1439 1934 1498 libidine

356 1537 453 1577 sua
487 1534 893 1580 enervaverunt
928 1534 1167 1582 taurum.
1219 1549 1238 1581 ι
1283 1528 1618 1589 Occiderunt
1653 1536 1823 1602 enim,
1875 1546 1936 1592 ut

356 1610 492 1673 dixi,
515 1618 736 1667 sanctos
762 1612 967 1677 furiosa
998 1617 1082 1670 ira
1106 1618 1248 1688 rapti
1271 1620 1340 1674 ad
1368 1622 1631 1677 saevitiam
1661 1632 1824 1695 atque
1849 1626 1936 1680 in-

358 1702 787 1771 humanitatem;
840 1720 1078 1777 cumque
1127 1710 1317 1766 miseri
1364 1715 1533 1768 semel
1583 1714 1639 1769 in
1695 1727 1935 1773 mentem

358 1809 513 1847 suam
549 1793 902 1850 admisissent
924 1798 1249 1855 effrenatam
1275 1809 1331 1857 et
1359 1805 1702 1860 temerariam
1729 1822 1935 1862 concu-
1967 1788 2007 1842 Β

357 1882 717 1951 piscentiam,
762 1897 1169 1944 enervaverunt
1211 1899 1466 1958 taurum,
1507 1895 1612 1949 hoc
1655 1908 1739 1952 est
1774 1895 1938 1952 Chri-

358 1980 524 2028 stum.
548 1972 680 2040 Quze
700 1985 883 2032 autem
907 1980 980 2034 sit
996 1980 1101 2035 ista
1127 1986 1597 2054 concupiscentia,
1620 1995 1779 2042 antea
1800 1988 1941 2043 dixi-

361 2077 504 2118 mus.
548 2066 685 2120 Nam
722 2067 817 2122 ubi
857 2071 1243 2140 cognovissent
1291 2075 1439 2144 quod
1481 2075 1526 2131 is
1560 2084 1706 2133 esset
1740 2078 1937 2146 haeres,

360 2155 797 2224 concupiverunt
824 2159 947 2229 ejus
978 2160 1375 2219 haereditatem.

430 2348 486 2404 ὅ.
530 2349 639 2406 Sed
664 2353 791 2409 vide
822 2369 987 2425 quam
1028 2368 1284 2416 accurate
1318 2360 1547 2419 historia
1578 2365 1787 2436 singula
1814 2381 1941 2436 per-

364 2444 586 2495 tractet.
613 2442 752 2497 Nam
789 2446 1115 2503 occiderunt
1139 2450 1361 2521 quidem
1395 2452 1666 2521 homines,
1692 2455 1789 2511 sed
1826 2464 1945 2511 tau-

365 2546 489 2584 rum
524 2547 946 2593 enervaverunt;
986 2537 1125 2606 Quia
1168 2551 1387 2600 sanctos
1427 2544 1651 2614 quidem
1697 2546 1943 2604 tradide-

362 2630 492 2676 runt
526 2624 711 2689 morti,
748 2627 799 2695 2
817 2628 914 2698 [9
943 2630 1037 2701 qui
1065 2639 1121 2686 et
1148 2643 1573 2702 permanserunt
1599 2638 1823 2704 mortui,
1846 2654 1943 2694 ex-

362 2719 674 2781 spectantes
698 2722 914 2787 tempus
933 2721 1358 2778 resurrectionis
1380 2740 1394 2776 :
1413 2724 1509 2779 sed
1527 2730 1786 2795 tanquam
1803 2727 1949 2781 vitu-

362 2803 451 2859 lus
492 2805 829 2887 quidam,_ah
872 2812 1054 2882 aquila
1094 2824 1391 2871 enervatus
1433 2816 1635 2872 cecidit
1677 2818 1947 2888 quodam-

364 2894 532 2949 modo
554 2896 610 2950 in
633 2903 839 2952 terram
861 2898 1137 2968 Christus,
1160 2904 1458 2975 volensque
1480 2920 1583 2977 pro
1612 2906 1774 2962 nobis
1802 2923 1952 2963 mor-

364 2994 477 3041 tem
512 3002 806 3058 perpessus
842 2999 959 3058 est;
1010 3009 1119 3049 non
1160 3004 1347 3051 tamen
1393 3014 1423 3051 a
1469 3005 1648 3053 morte
1682 2999 1951 3056 'detentus

365 3076 490 3143 fuit,
521 3079 634 3133 imo
661 3096 793 3136 vero
820 3082 952 3139 licet
976 3085 1147 3140 veluti
1185 3087 1352 3143 homo
1392 3098 1645 3145 mortuus
1670 3091 1763 3155 sit,
1789 3105 1953 3149 man-.

367 3169 440 3223 sit
485 3177 671 3226 tamen
721 3173 883 3228 vivus
928 3174 987 3230 in
1004 3176 1220 3232 Idivina
1262 3190 1480 3235 natura.
1525 3180 1743 3237 Taurus
1782 3181 1949 3253 igitur

366 3260 638 3327 Christus,
664 3263 791 3332 quia
820 3264 1263 3324 robustissimum
1291 3272 1489 3326 animal
1508 3282 1612 3339 est,
1636 3282 1798 3345 atque
1820 3276 1948 3331 item

370 3370 572 3425 purum
604 3356 1141 3430 sanctissimumque.
1161 3362 1332 3417 Filius
1358 3373 1543 3419 autem
1568 3374 1653 3420 est
1680 3366 1952 3422 Dominus

370 3446 713 3503 fortitudinis
747 3457 803 3505 et
840 3452 1120 3520 potentiae,
1157 3454 1252 3524 qui
1297 3470 1410 3510 non
1450 3456 1722 3512 commisit
1762 3474 1955 3528 pecca-

372 3549 491 3594 tum
512 3541 628 3605 °"°,
658 3541 769 3598 imo
793 3560 928 3599 vero
954 3546 1195 3617 seipsum
1226 3548 1429 3604 obtulit
1444 3565 1544 3619 pro
1561 3551 1723 3606 nobis
1747 3552 1799 3606 in
1817 3552 1953 3608 odo-

373 3644 492 3685 rem
536 3635 824 3691 suavitatis
858 3637 971 3691 Deo
1009 3653 1074 3693 ac
1104 3639 1255 3694 Patri
1289 3640 1349 3695 ¹¹.
1413 3641 1657 3697 Audiant
1692 3642 1859 3714 igitur
1899 3643 1956 3698 hi

374 3722 469 3793 qui
530 3722 681 3781 hunc
737 3726 876 3785 adeo
929 3739 1180 3786 sanctum
1225 3738 1444 3786 taurum
1493 3745 1898 3790 enervaverunt
1938 3754 1951 3791 :

381 3835 400 3868 ι
438 3817 763 3878 Maledictus
804 3823 961 3879 furor
1004 3825 1271 3895 ipsorum,
1306 3827 1436 3897 quia
1480 3830 1754 3899 pertinax,
1780 3839 1837 3909 et
1876 3829 1958 3885 ira

374 3908 617 3978 ipsorum
646 3915 775 3984 quia
810 3915 1080 3973 induruit.
1132 3937 1151 3970 ι
1207 3916 1313 3974 Sed
1342 3920 1475 3991 quid
1516 3922 1589 3977 ob
1618 3922 1724 3979 hoc
1753 3908 1835 3979 eis
1864 3938 1958 3979 ac-

375 4001 545 4057 cidit?
569 4005 742 4075 Ejecti
783 4015 914 4062 sunt
945 4026 976 4064 e
1011 4011 1126 4067 suis
1158 4010 1405 4082 ipsorum
1442 4013 1718 4081 domibus,
1743 4016 1962 4073 exsulas-

376 4105 616 4165 runtque
652 4113 721 4152 ex
755 4101 953 4168 patria,
982 4102 1233 4174 dissipati
1277 4116 1426 4171 sunt,
1457 4115 1512 4161 et
1544 4107 1673 4162 facti
1713 4117 1961 4167 extorres

377 4192 544 4255 atque
594 4185 835 4253 advena,
871 4196 929 4243 et
980 4192 1048 4245 ad
1101 4207 1371 4256 summam
1427 4195 1668 4263 inopiam
1729 4198 1956 4253 redacti.

378 4275 582 4331 Verum
611 4277 759 4333 enim
787 4288 871 4335 est
898 4280 1066 4352 quod,
1102 4282 1245 4338 sicut
1281 4284 1398 4340 avis
1428 4301 1555 4341 eum
1590 4287 1893 4342 evolaverit
1928 4304 1960 4344 e

380 4366 514 4423 nido
546 4384 678 4435 suo,
719 4370 796 4426 ita
829 4371 903 4427 sit
943 4373 1108 4431 etiam
1159 4375 1325 4431 homo
1364 4377 1457 4449 qui
1500 4394 1530 4433 a
1562 4379 1801 4450 propriis
1827 4379 1962 4436 locis

2029 545 2195 599 ματα.
2226 525 2384 581 Οὕτω
2417 527 2510 581 καὶ
2536 526 2564 578 ό
2595 527 2879 598 προφήτης
2923 522 3152 585 Ἡσαΐας
3180 522 3305 583 τοὺς
3338 520 3447 572 τῶν
3470 519 3609 570 ’ῐουο

2025 619 2192 674 δαίων
2213 619 2420 691 δήμους
2447 617 2742 682 ταλανίζει,
2778 617 2973 684 λέγων’
3007 635 3026 667 ‹
3073 613 3211 668 Οὐαὶ
3238 615 3304 684 τῇ
3335 611 3481 681 ψυχῇ
3512 609 3612 663 αὑ-

2026 713 2157 779 τῶν,
2186 711 2323 765 διότι
2346 711 2721 783 βεϐούλευνται
2742 709 2940 780 βουλὴν
2968 706 3233 777 πονηρὰν,
3262 705 3385 759 καθ’
3398 702 3611 757 ἑαυτῶν

2028 804 2298 868 εἰπόντες,
2330 805 2594 874 Δήσωμεν
2623 802 2715 856 τὸν
2736 802 2968 864 δίκαιον,
3002 803 3084 854 ὅτι
3109 798 3447 870 δύσχρηστος
3478 795 3613 865 ἡμῖν

2028 896 2164 950 ἐστι.
2201 913 2220 947 ι
2248 894 2455 948 Ψάλλει
2475 894 2533 948 δὲ
2565 894 2659 948 καὶ
2696 896 2724 947 ό
2752 894 2937 947 Δαϐίδ·
2982 912 3001 945 ι
3034 889 3321 959 Μακάριος
3357 887 3494 959 ἀνὴρ
3550 886 3610 950 ὃς

2029 988 2130 1042 οὐκ
2151 985 2421 1058 ἐπορεύθη
2452 988 2508 1039 ὲν
2536 983 2699 1057 βουλῇ
2729 983 2965 1049 ἀσεϐῶν,
3003 982 3097 1037 καὶ
3136 983 3193 1034 ἐν
3216 980 3321 1049 ὁδῷ
3350 980 3614 1051 ἀμαρτωο

2030 1077 2138 1131 λῶν
2175 1078 2278 1131 οὐκ
2320 1077 2473 1146 ἔστη.
2507 1095 2525 1128 ι
2582 1077 2694 1130 Καὶ
2723 1075 2906 1130 πάλινο
2945 1094 2962 1126 ‹
2995 1072 3267 1144 Ἐμίσησα
3313 1068 3615 1139 ἐκκλησίαν

2032 1168 2503 1239 πονηρευομένων,
2545 1167 2640 1220 καὶ
2687 1166 2825 1238 μετὰ
2855 1164 3066 1219 ἀσεϐῶν
3096 1164 3157 1217 ού
3209 1163 3284 1234 μὴ
3314 1160 3543 1216 καθίσω.
3585 1179 3605 1212 ι

2045 1260 2341 1330 Ἀποφοιτᾷ
2371 1257 2659 1329 τοιγαροῦν
2686 1262 2715 1312 ό
2766 1257 3052 1318 θεσπέσιος
3095 1252 3287 1308 Ἰακὼϐ
3312 1252 3423 1305 τῶν
3477 1252 3609 1304 Ἰου-

2031 1351 2234 1406 δαϊκῶν
2270 1350 2620 1421 σκεμμάτων·
2676 1350 2920 1421 ἐπιλέγει
2946 1348 3004 1402 δὲ
3031 1340 3131 1411 τάς
3151 1346 3354 1408 αίτίας.
3376 1344 3468 1398 καί
3499 1360 3607 1413 φη-

2035 1460 2138 1501 σιν.
2170 1462 2189 1494 ‹
2230 1443 2352 1495 Ὅτι
2383 1443 2441 1494 ἐν
2469 1441 2546 1513 τῷ
2589 1438 2745 1512 θυμῷ
2790 1416 2970 1492 εἶὺτῶν
3024 1438 3349 1492 ἀπέκτειναν
3396 1432 3606 1506 ἀνθρὼ-

2035 1551 2193 1601 πους,
2228 1534 2318 1588 καὶ
2338 1535 2394 1587 ὲν
2422 1535 2489 1604 τῇ
2516 1530 2985 1604 ὲπιθυμίᾳαύτῶν
3021 1527 3461 1600 ὲνευροκόπησαν
3481 1523 3617 1579 ταῦ-

2039 1644 2150 1700 ρον.
2201 1644 2221 1678 ι
2257 1626 2616 1680 Ἀπεκτόνασι
2647 1625 2747 1695 μὲν
2770 1623 2878 1695 γάρ
2907 1623 3117 1692 άγίους,
3142 1621 3219 1685 ὡς
3237 1621 3393 1692 ἔφην,
3416 1617 3620 1689 ἀνοσίῳ

2039 1714 2194 1786 θυμῷ
2218 1715 2354 1787 πρὸς
2378 1716 2638 1787 ὠμότητα
2656 1716 2749 1768 καὶ
2778 1713 3173 1787 ἀπανθρωπίαν
3202 1710 3617 1783 στρατηγούμε-

2036 1825 2137 1874 νοι,
2169 1808 2427 1880 ἀνήνυτον
2458 1809 2515 1862 δὲ
2555 1809 2648 1863 καὶ
2696 1807 3117 1861 ἁκατάσκεπτον
3147 1802 3442 1874 ἐπιθυμίαν
3472 1817 3617 1854 παν-

2037 1898 2208 1964 τελῷς
2246 1900 2326 1962 είς
2358 1897 2482 1953 νοῦν
2510 1898 2722 1962 ἑλόντες
2775 1899 2824 1951 οί
2874 1896 3123 1960 τάλανες,
3172 1890 3617 1963 ὲνευροκόπησαν

2038 1989 2272 2062 ταῦρον,
2331 1989 2577 2044 τουτέστι
2632 1990 2887 2060 Χριστόν.
2946 1988 3058 2041 Καὶ
3108 1985 3191 2050 τίς
3241 1986 3275 2056 ἡ
3328 1980 3617 2052 ἐπιθυμία,

2041 2081 2405 2154 προλαόόντες
2442 2083 2762 2153 εἰρήκαμεν.
2807 2078 3213 2148 Ἐπεγνωκότες
3252 2076 3352 2147 μὲν
3391 2075 3501 2146 γάρ
3535 2075 3619 2127 ὅτι

2042 2173 2372 2245 κληρονόμος
2402 2172 2570 2238 ἐστὶν,
2593 2170 2943 2242 ἐπεθύμησαν
2969 2166 3113 2240 ἔχειν
3135 2167 3234 2238 τὴν
3255 2162 3621 2238 κληρονομίαν

2044 2264 2231 2320 αὑτοῦ.

2112 2364 2184 2428 γ’.
2216 2356 2325 2411 Καὶ
2362 2357 2465 2429 δρα
2496 2353 2590 2409 τοῦ
2636 2353 2795 2424 λόγου
2835 2353 2934 2426 τὴν
2965 2352 3308 2423 ὲπιτήρησιν.
3358 2346 3624 2401 Ἀπεκτό-

2043 2466 2168 2505 νασι
2217 2447 2317 2520 μὲν
2348 2448 2460 2519 γάρ
2496 2446 2623 2510 τοὺς
2673 2445 3017 2517 ἀνθρώπους,
3075 2439 3512 2512 ὲνευροκόπησαν
3562 2437 3622 2490 δὲ

2044 2542 2135 2597 τὸν
2164 2541 2385 2614 ταῦρον.
2434 2538 2662 2609 Θανάτῳ
2707 2536 2805 2608 μὲν
2860 2535 2967 2605 γὰρ
3014 2530 3445 2606 περιδεδλήκασι
3494 2527 3623 2590 τοὺς

2047 2616 2257 2705 ἁγίους,
2284 2633 2375 2688 καὶ
2406 2632 2748 2704 μεμενήκασι
2779 2625 2965 2698 νεκροὶ
3008 2623 3101 2678 τὸν
3138 2623 3241 2694 τῆς
3270 2619 3622 2721 ἀναστάσεως

2047 2726 2237 2799 καιρὸν
2263 2724 2669 2798 περιμένοντες.
2707 2720 2847 2774 Ἀλλ’
2873 2715 2964 2813 aid
2992 2734 3076 2813 τις
3100 2716 3300 2813 μόσχος
3332 2713 3437 2813 ὑπὸ
3461 2713 3623 2813 ἀετοῦ

2048 2814 2567 2887 νευροκοπούμενος,
2599 2810 2815 2866 ὤκλασε
2863 2808 2962 2880 μὲν
3003 2807 3165 2862 οἱονεί
3199 2821 3317 2868 πως
3344 2804 3422 2868 είς
3455 2804 3562 2873 γῆν
3597 2804 3626 2853 ό

2049 2907 2303 2981 Χριστὸς,
2328 2906 2469 2960 ἑκὼν
2496 2904 2792 2976 ὑπομείνας
2840 2901 2931 2957 τὸν
2971 2899 3069 2971 τῆς
3111 2897 3313 2970 σαρκὸς
3354 2895 3582 2949 θάνατον
3606 2910 3621 2924 ο

2052 3000 2189 3073 πλὴν
2218 3001 2280 3054 οὐ
2312 2998 2503 3075 γέγονε
2527 2996 2604 3067 τῷ
2634 2994 2850 3066 θανάτῳ
2880 2994 3115 3088 κάτοχος
3136 3005 3151 3021 ⁶
3179 2988 3380 3088 ἀλλ”-εί
3413 2986 3507 3088 καῗ.
3533 2985 3629 3088 γέ-

2051 3108 2176 3163 γονε
2203 3089 2394 3162 νεκρὸς
2418 3088 2493 3153 ὡς
2525 3086 2831 3159 ἄνθρωπος,
2863 3082 3255 3155 άπομεμένηκε
3302 3077 3412 3146 ζῶν
3435 3080 3500 3150 τῇ
3524 3077 3629 3147 τῆς

2053 3185 2303 3256 θεότητος
2333 3181 2515 3254 φύσει.
2553 3180 2765 3252 Ταῦρος
2794 3178 2851 3234 δὲ
2875 3179 2904 3232 ό
2936 3174 3173 3250 Χριστός
3195 3191 3209 3205 ο
3242 3173 3490 3235 εὐσθενὲς
3515 3171 3629 3242 γὰρ

2051 3279 2134 3333 ὅτι
2169 3277 2403 3348 μάλιστα
2432 3274 2491 3329 τὸ
2521 3275 2678 3340 ζῶον,
2702 3270 2942 3341 καθαρόν
2966 3286 3024 3324 τε
3050 3268 3144 3323 καὶ
3169 3266 3486 3340 ἱερώτατον.
3514 3263 3630 3318 Κύ-

2055 3384 2169 3442 ριος
2191 3368 2248 3422 δὲ
2270 3369 2378 3422 τῶν
2408 3366 2688 3436 δυνάμεων
2706 3367 2735 3420 ό
2758 3365 2908 3430 Υίδς,
2938 3362 2998 3427 ὃς
3026 3362 3088 3417 οὐ
3121 3360 3422 3431 πεποίηκεν
3446 3358 3630 3428 άμαρο

2053 3462 2195 3527 τίαν,
2239 3459 2429 3514 ἑαυτὸν
2477 3458 2536 3512 δὲ
2594 3457 2795 3529 μᾶλλον
2850 3455 3139 3526 ᾁνέθηκενι
3167 3453 3307 3522 ὑπὲρ
3354 3450 3631 3534 ἡμῶνΐείς

2054 3550 2229 3621 ὀσμὴν
2287 3548 2513 3611 εὐωδίας
2565 3546 2644 3619 τῷ
2696 3544 2815 3617 Θεῷ
2869 3545 2965 3599 καὶ
3018 3543 3214 3615 Πατρί.
3260 3541 3633 3617 Ἀκουέτωσαν

2054 3641 2233 3695 τοίνυν
2258 3641 2308 3694 oi
2343 3639 2429 3693 τὸν
2459 3639 2600 3694 οὕτω
2638 3638 2833 3693 σεπτὸν
2860 3636 3361 3709 νευροκοπήσαντες
3390 3631 3593 3703 ταῦρον
3612 3648 3627 3662 ·

2064 3752 2082 3787 ι
2123 3731 2551 3804 Ἐπικατάρατος
2575 3731 2604 3783 ὀ
2631 3730 2802 3802 θυμὸς
2827 3728 3028 3793 αὐτῶν,
3061 3727 3143 3780 ὅτι
3167 3725 3405 3796 αὐθάδης
3427 3740 3442 3755 °
3476 3724 3568 3778 καὶ
3598 3723 3633 3790 ἡ

2061 3824 2221 3896 μῆνις
2253 3823 2454 3888 αὐτῶν,
2483 3824 2564 3876 ὅτι
2607 3820 2969 3893 ὲσκληρύνθη.
3012 3839 3031 3872 ι
3072 3818 3139 3872 Τί
3172 3817 3235 3887 δὴ
3272 3812 3365 3870 οὖν
3397 3817 3505 3886 ἄρα
3534 3831 3635 3868 πε-

2059 3915 2356 3981 πόνθασιν;
2401 3912 2694 3985 Ἐξῴχοντο
2724 3913 2824 3983 τῆς
2856 3910 3085 3978 ἑαυτῶν,
3122 3909 3218 3964 καὶ
3247 3906 3637 3963 ἀπολελοίπασι

2062 4008 2162 4080 μὲν
2187 4007 2285 4078 τὴν
2327 4004 2682 4075 ὲνεγκοῦσανι
2730 4002 3103 4076 διεσπάρησαν
3148 4001 3205 4056 δὲ
3247 4000 3343 4054 καὶ
3379 3998 3635 4068 γεγόνασι

2060 4098 2336 4170 πανταχοῦ
2369 4098 2529 4165 ξένοι.
2560 4097 2655 4152 καὶ
2683 4095 2944 4167 ἐπήλυδες
2980 4096 3074 4149 καὶ
3106 4094 3390 4164 περιδεεῖς.
3418 4089 3636 4160 umet;

2061 4191 2170 4264 γάρ
2202 4192 2283 4246 ὅτι
2310 4191 2499 4263 ὥσπερ
2533 4191 2710 4263 δρνιον
2741 4192 2868 4245 ὅταν
2897 4186 3208 4280 ἐκπετασθῇ
3234 4184 3505 4280 τῆς-ιδίας
3532 4201 3637 4280 κα-

2061 4281 2200 4345 λιᾶς,
2231 4280 2382 4335 οῦτω⁸
2425 4282 2519 4335 κα)⁸
2563 4278 2849 4351 ἄνθρωπος
2896 4277 3024 4330 ὅταν
3082 4273 3366 4344 ὲκσπασθῇ
3417 4275 3481 4326 ἐκ
3527 4273 3639 4323 τῶν

2068 4373 2213 4427 ἰδίων
2244 4373 2443 4427 τόπων.
2466 4372 2860 4445 Προσεπειπεῖν
2894 4369 2951 4423 δὲ
2977 4367 3131 4438 οἶμαι
3156 4368 3377 4421 κάκεῖνο
3405 4363 3635 4437 πρέπον,

381 4461 603 4518 avulsus
625 4471 726 4519 est.
754 4464 925 4522 Porro
958 4467 1092 4523 illud
1129 4470 1292 4524 etiam
1331 4470 1699 4541 adjiciendum
1738 4488 1949 4539 censeo,

2064 4466 2144 4521 ὅτι
2177 4467 2289 4530 τοίς
2338 4464 2437 4534 μὲν
2497 4464 2586 4519 τὸν
2638 4462 2841 4535 ταῦρον
2874 4461 3338 4533 νευρτικοπήσασιν
3377 4459 3457 4522 είς
3498 4455 3640 4526 ἀρὰν

382 4555 529 4623 quod
556 4554 624 4609 iis
651 4556 876 4625 quidem
914 4559 1007 4628 qui
1045 4567 1262 4614 taurum
1299 4571 1722 4629 enervaverunt,
1752 4578 1841 4618 res
1865 4578 1958 4618 ce-

383 4645 477 4702 det
504 4647 558 4701 in
582 4650 1025 4706 maledictionem
1050 4671 1062 4705 :
1093 4652 1163 4707 iis
1185 4669 1318 4708 vero
1347 4655 1442 4724 qui
1469 4654 1766 4721 doluerint,
1797 4655 1962 4711 adeo-

383 4753 490 4807 que
516 4754 679 4809 grave
701 4740 912 4796 crimen
931 4757 963 4796 a
984 4758 1043 4798 se
1065 4746 1391 4811 amoverint,
1416 4751 1522 4802 erit
1547 4748 1602 4803 in
1626 4747 1960 4819 redemptio~

385 4843 532 4893 nem,
555 4829 1045 4902 purgationemque
1080 4842 1132 4889 et
1163 4844 1509 4905 peccatorum
1556 4839 1957 4895 remissionem.

388 4918 747 4988 Reperiemus
793 4931 977 4977 autem
1030 4923 1198 4979 etiam
1243 4925 1347 4982 hoc
1392 4944 1489 4996 per
1530 4929 1663 5000 legis
1708 4929 1962 4984 umbram

386 5009 742 5080 descriptum.
782 5014 861 5069 [ta
901 5031 1030 5071 vero
1054 5017 1221 5072 habet
1250 5017 1305 5071 in
1334 5018 1764 5074 Deuteronomio
1797 5038 1810 5074 :
1844 5039 1863 5071 ι
1903 5018 1959 5074 Si

389 5100 671 5155 inventum
722 5104 887 5160 fuerit
932 5107 1166 5162 cadaver
1207 5108 1447 5165 hominis
1484 5110 1650 5165 occisi
1691 5111 1746 5165 in
1790 5120 1959 5176 terra,

387 5205 552 5258 quam
592 5192 855 5249 Dominus
884 5196 1025 5250 Deus
1052 5205 1179 5251 tuus
1203 5196 1297 5252 dat
1323 5196 1418 5251 tibi
1452 5198 1505 5252 in
1534 5199 1959 5267 possessionem,

384 5280 571 5349 jaccns
612 5280 667 5335 in
710 5298 922 5353 campo,
955 5294 1011 5339 et
1039 5302 1147 5340 non
1176 5286 1533 5359 cognoverint
1557 5302 1682 5343 eum
1711 5287 1805 5357 qui
1839 5302 1965 5357 per-

390 5373 561 5428 cussit
610 5373 801 5440 illum,
855 5377 1168 5446 egredietur
1208 5386 1433 5435 senatus
1474 5387 1624 5442 tuus,
1659 5387 1716 5435 et
1748 5378 1965 5450 judices

395 5466 494 5530 tui,
519 5478 576 5523 et
617 5471 914 5526 metientur
947 5470 1015 5526 ad
1052 5473 1215 5528 urbes
1243 5475 1337 5545 qui
1371 5474 1427 5528 in
1464 5473 1699 5528 circuitu
1739 5471 1918 5527 necati
1946 5489 1959 5523 :

393 5569 449 5611 et
488 5559 594 5615 erit
628 5563 759 5617 urbs
792 5565 1096 5635 propinqua
1134 5573 1348 5630 necato,
1385 5574 1441 5620 et
1476 5566 1709 5634 accipiet
1740 5572 1964 5619 senatus

2063 4557 2215 4611 ἔσται
2255 4555 2316 4609 τὸ
2360 4555 2580 4627 χρῆμα’
2617 4555 2732 4618 τοῖς
2769 4569 2835 4623 γε
2881 4552 2987 4624 μὴν
3037 4548 3395 4621 ὲπηλγηκόσι,
3444 4547 3540 4600 καὶ
3577 4546 3640 4599 τὸ

2061 4651 2204 4707 οὕτω
2236 4650 2409 4706 δεινὸν
2457 4648 2872 4719 ἁποσειομὲνοις
2922 4645 3195 4716 ἔγκλημα,
3242 4642 3439 4711 λύτρον
3483 4640 3640 4693 ἔσται

2062 4745 2157 4799 καὶ
2195 4743 2460 4817 κάθαρσις
2488 4742 2584 4796 καὶ
2612 4739 2899 4813 ἁμαρτιῶν
2919 4737 3200 4800 ἀπόθεσις.
3234 4735 3555 4806 Εὑρήσομεν
3582 4730 3640 4784 δὲ

2060 4834 2149 4890 διὰ
2176 4834 2276 4905 τῆς
2303 4835 2360 4889 ἐν
2391 4833 2543 4904 νόμῳ
2571 4833 2750 4895 σκιᾶς,
2773 4830 2910 4901 ὅπερ
2936 4827 3072 4898 ἔφην
3100 4824 3460 4894 γραφόμενον.
3487 4822 3642 4890 Ἔχει

2060 4929 2170 5000 γάρ
2211 4926 2386 4991 οὕτως
2428 4927 2486 4980 ὲν
2529 4923 2608 4995 τῷ
2654 4918 3081 4993 Δευτερονομίῳ·
3116 4937 3135 4972 ι
3346 4913 3404 4968 δὲ
3442 4909 3641 5018 εύρεθη

2061 5018 2404 5092 τραυματίας
2452 5019 2510 5070 ὲν
2538 5017 2603 5088 τῇ
2635 5016 2728 5087 γῇ,
2765 5013 2833 5085 ἣν
2865 5011 3069 5081 Κύριος
3100 5011 3131 5063 ό
3168 5007 3301 5069 Θεός
3331 5023 3428 5060 σου
3456 5003 3641 5059 δίδωσί

2066 5127 2149 5163 σοι
2180 5107 2607 5180 κληρονομῆσαι,
2641 5099 2947 5164 πεπτωκὼς
2985 5100 3043 5154 ὲν
3082 5096 3160 5167 τῷ
3204 5095 3394 5167 πεδίῳ,
3424 5093 3519 5147 καὶ
3539 5093 3661 5151 οὐκ,

2063 5201 2234 5256 οἴδασι
2261 5200 2353 5252 τὸν
2379 5195 2712 5260 πατάξαντα,
2756 5191 3096 5260 ἐξελεύσεται
3139 5190 3173 5259 ἡ
3217 5184 3475 5259 γερουσία
3519 5200 3641 5242 σου.

2067 5287 2160 5343 καὶ
2185 5289 2237 5340 οί-
2261 5282 2444 5356 κριταί
2480 5300 2594 5351 σου,
2621 5283 2713 5336 καὶ
2746 5281 3174 5352 ὲκμετρήσουσιν
3207 5275 3419 5337 ὲπὶτὰς
3460 5271 3642 5334 πόλεις

2068 5377 2166 5441 τὰς
2214 5372 2398 5444 κύκλῳ
2433 5371 2528 5426 τοῦ
2578 5370 2937 5443 τραυματίου,
2989 5367 3083 5421 καὶ
3122 5367 3275 5420 ἔσται
3318 5365 3351 5433 ἡ
3405 5358 3558 5423 πόλις
3607 5360 3641 5428 ἡ

2069 5465 2363 5536 ὲγγίζουσα
2402 5461 2483 5532 τῷ
2516 5460 2841 5534 τραυματίᾳ.
2887 5456 3263 5529 Καὶκλήψεται
3307 5456 3342 5524 ἡ
3383 5448 3642 5522 γερουσία

2068 5558 2165 5626 τῆς
2188 5555 2395 5617 πόλεως
2423 5553 2634 5622 ἐκείνης
2659 5550 2890 5620 δάμαλιν
2911 5550 2973 5604 ἐκ
2998 5548 3154 5621 βοῶν,
3178 5547 3296 5618 ἥτις
3316 5542 3417 5597 οὐκ
3458 5539 3645 5612 είργαο

464 5741 659 5794 Mlsa.
699 5756 776 5805 ιιι,
804 5740 855 5794 9.
934 5740 952 5768 ⁷
987 5739 1127 5794 l‘sal.
1168 5757 1207 5809 ι,
1249 5741 1297 5796 l.
1375 5740 1560 5796 'Psal.
1605 5755 1729 5806 xxv,
1751 5739 1804 5795 5.
1881 5737 2192 5794 ""ch'tr.
2221 5732 2384 5801 11,22.
2466 5733 2501 5764 ι’
2528 5731 2729 5801 prcs.
2773 5728 2901 5793 v.2.
