4032 6198
303 346 408 403 3ίῦ

1297 333 1813 391 ειΑΡΗῖῐιοιιυΜ
1854 335 1920 389 ιΝ
1960 334 2263 391 ϐΕΝΕδΙΜ
2302 334 2431 389 LIB.
2474 333 2584 388 VH.

3456 333 3561 388 350

306 478 451 528 σται,
482 459 578 513 καὶ
607 457 731 529 ἥτις
750 455 852 526 οὐχ
879 453 1095 507 εἵλκυσε
1128 451 1291 520 ζυγόν
1313 466 1329 481 ⁸
1366 451 1459 505 καὶ
1486 452 1885 506 καταὸιϐάσου-

1991 453 2146 507 urbis
2187 452 2412 506 vitulam
2451 467 2520 505 cx
2571 448 2768 511 bobus,
2803 461 2924 517 quae
2967 461 3076 500 non
3111 451 3196 500 est
3239 454 3483 513 operata,
3509 460 3564 500 et

305 570 390 607 σιν
418 555 453 623 ἡ
481 547 743 621 γερουσία
774 546 874 617 τῆς
917 544 1124 607 πόλεὼς
1166 544 1384 614 ἐκείνης
1416 544 1518 614 τὴν
1547 543 1780 612 δάμαλιν
1806 545 1888 607 εἰς

303 646 568 713 φάραγγα
606 640 889 712 τραχεῖαν,
925 638 1047 707 ἥτις
1093 636 1193 688 οὐκ
1236 635 1542 706 εἴργασται,
1583 634 1703 688 οὐδὲ
1736 636 1890 688 σπεί-

304 751 484 807 ρεται,
529 732 625 785 καὶ
671 731 1133 800 νευροκοπήσουσι
1169 724 1266 794 τὴν
1314 724 1545 793 δάμαλιν
1589 726 1648 779 ὲν
1685 726 1753 796 τῇ
1787 724 1889 792 φά-

303 843 493 899 ραγγι,
536 826 631 878 καὶ
668 819 1124 892 προσελεύσονται
1162 819 1211 871 οί
1254 817 1417 888 ἱερεῖς
1446 818 1497 871 oi
1532 817 1775 881 Λευῖται,
1805 816 1888 869 ὅτι

298 916 504 979 αὐτοὺς
532 912 830 976 ἐπελέξατο
872 910 1077 981 Κύριος
1109 911 1137 963 ὁ
1167 907 1299 971 Θεός
1341 925 1435 961 σου
1482 906 1888 978 παρεστηκέναι

299 1007 476 1078 αὐτῷ.
504 1006 602 1059 καὶ⁸
637 1004 881 1072 εὐλογεῖν
924 1002 1018 1056 ἐπὶ
1063 1001 1142 1072 τῷ
1170 1000 1397 1071 ὀνόματι
1439 999 1629 1066 αὑτοῦ,
1669 1000 1765 1054 καὶ
1796 999 1890 1051 ἐπὶ

298 1098 381 1171 τῷ
412 1098 645 1169 στόματι
682 1094 864 1150 αὐτῶν
907 1093 1060 1147 ἔσται
1112 1094 1261 1146 πᾶσα
1303 1091 1583 1160 ἀντιλογία
1613 1092 1706 1145 καὶ
1738 1092 1889 1144 πᾶσα

300 1191 440 1263 ἁφή.
485 1189 596 1242 Καὶ
634 1189 785 1241 πᾶσα
816 1188 849 1257 ἡ
882 1183 1139 1256 γερουσία
1178 1184 1282 1254 τῆς
1331 1184 1539 1246 πόλεως
1577 1182 1813 1254 ἐκείνης,
1838 1182 1891 1236 οἱ

299 1280 616 1351 ἐγγίζοντες
644 1279 721 1350 τῷ
749 1276 1086 1349 τραυματίᾳ,
1126 1274 1371 1345 νίψονται
1416 1275 1514 1339 τάς
1561 1275 1750 1345 χεῖρας
1796 1274 1890 1326 ἐπὶ

296 1373 403 1444 τὴν
446 1370 691 1440 κεφαλὴν
732 1368 835 1437 τῆς
880 1367 1168 1437 δαμάλεως
1206 1365 1307 1435 τῆς
1346 1363 1890 1434 νενευροκοπημένης

297 1465 365 1516 ἐν
493 1462 759 1533 φάραγγι,
786 1460 884 1513 καὶ
904 1458 1294 1531 ἀποκριθέντες
1331 1456 1546 1527 ἐροῦσιν
1567 1471 1580 1487 '
1611 1456 1681 1509 Al
1706 1458 1888 1526 χεῖρες

297 1554 462 1625 ἡμῶν
494 1554 595 1607 οὐκ
639 1552 860 1622 ἐξέχεαν
889 1548 966 1609 τὰ
996 1544 1136 1619 αἷμα
1176 1548 1355 1613 τοῦτο,
1390 1549 1482 1602 καὶ
1523 1548 1574 1600 oi
1618 1545 1890 1618 ὀφθαλμοὶ

294 1642 461 1716 ἡμῶν
503 1645 604 1714 οὐχ
631 1643 961 1714 ἑωράκασιν.
993 1640 1180 1703 Ἵλεως
1201 1640 1381 1708 γενοῦ,
1418 1640 1614 1716 Κύριε,
1660 1640 1738 1712 τῷ
1775 1640 1889 1712 λαῷ

299 1710 400 1789 σου
444 1710 685 1807 Ἰσραὴλ,
710 1710 825 1797 -οὒς
856 1731 1147 1804 ἐλυτρὼσω
1187 1736 1253 1787 ἐκ
1309 1710 1758 1802 γῆςὶΔίγύπτου,
1800 1710 1887 1786 ἴνα

1988 562 2110 616 quae
2155 561 2267 599 non
2314 544 2478 598 traxit
2516 544 2739 613 jugum;
2782 549 2839 594 et
2878 538 3113 594 deducet
3154 544 3380 592 senatus
3409 535 3565 591 urbis

1988 639 2136 694 illius
2154 637 2384 691 vitulam
2410 635 2466 688 in
2486 634 2683 689 vallem
2713 647 2983 702 asperam,
3007 645 3129 699 quae
3150 644 3259 683 non
3287 635 3371 682 est
3392 627 3563 693 culta,

1988 743 2166 798 neque
2189 726 2514 790 seminatur,
2537 732 2594 779 et
2618 723 2863 778 incident
2884 736 3084 776 nervos
3108 719 3289 774 vitula:
3319 720 3373 773 in
3398 718 3564 774 valle.

1987 822 2055 876 Et
2077 821 2343 876 accedent
2367 818 2681 873 sacerdotes
2706 815 2931 877 Levita,
2960 811 3218 883 quoniam
3248 810 3371 865 illos
3396 809 3564 879 elegit

1986 912 2250 967 Dominus
2284 912 2430 966 Deus
2465 918 2592 964 tuus
2624 916 2685 963 ut
2718 913 2899 962 astant
2930 905 3029 968 illi,
3053 911 3109 959 et
3140 901 3469 958 benedicant
3503 900 3562 955 in

1986 1003 2211 1059 nomine
2240 1002 2383 1072 ejus,
2413 1007 2472 1055 et
2513 1000 2569 1053 in
2608 1014 2705 1054 ore
2740 998 2957 1052 illorum
2991 993 3104 1051 erit
3139 992 3319 1048 omnis
3343 999 3566 1046 controv

1986 1094 2187 1158 versia,
2213 1101 2271 1148 et
2309 1091 2493 1147 omnis
2532 1091 2704 1161 lepra.
2745 1090 2814 1144 Et
2849 1087 3029 1144 omnis
3067 1094 3292 1141 senatus
3324 1082 3566 1138 civitatis

1988 1187 2155 1250 illius,
2197 1185 2294 1255 qui
2333 1183 2565 1254 proximi
2612 1190 2743 1238 sunt
2791 1188 3015 1244 necato,
3060 1177 3325 1235 lavabunt
3369 1189 3566 1230 manus

1987 1293 2116 1334 suas
2135 1286 2300 1347 super
2318 1284 2485 1345 caput
2505 1274 2691 1330 vitula:
2711 1287 2984 1343 percussae
3004 1270 3061 1325 in
3083 1269 3244 1332 valle,
3265 1274 3323 1322 et
3340 1280 3569 1334 respon-

1987 1369 2182 1423 dentes
2209 1366 2397 1422 dicent
2424 1385 2437 1419 :
2466 1365 2630 1435 220
2664 1364 2855 1419 Manus
2886 1370 3091 1417 nostra:
3117 1374 3224 1414 non
3249 1357 3569 1413 ell‘uderunt
3602 1408 3615 1419 _

1987 1461 2309 1532 sanguinem
2356 1459 2541 1522 hunc,
2603 1464 2657 1511 et
2701 1454 2847 1511 oculi
2889 1451 3065 1508 nostri
3131 1464 3243 1505 non
3284 1448 3564 1503 viderunt.

1988 1552 2269 1623 Propitius
2310 1560 2430 1606 esto
2473 1549 2676 1620 populo
2716 1556 2811 1602 tuo
2855 1543 3045 1609 Israel,
3085 1557 3248 1613 quem
3283 1536 3567 1595 redemisti

1987 1644 2055 1699 de
2080 1652 2226 1699 terra
2247 1642 2488 1713 Egypti,
2510 1650 2569 1695 ut
2593 1655 2703 1694 non
2726 1638 2799 1693 sit
2823 1635 3046 1706 sanguis
3074 1635 3338 1688 innocens
3373 1629 3429 1691 in
3465 1642 3567 1699 po-

1988 1736 2118 1806 pulo
2146 1744 2241 1790 tuo
2264 1733 2455 1796 Israel,
2482 1742 2539 1787 et
2565 1730 2846 1786 auferetur
2869 1728 2938 1781 ab
2961 1727 3029 1781 iis
3052 1733 3239 1780 reatus
3262 1721 3566 1793 sanguinis.

301 1829 383 1899 μὴ
407 1825 633 1899 γένηται
683 1820 824 1898 αἷμα
855 1826 1094 1880 ἀναίτιον
1126 1827 1185 1880 ὲν
1232 1824 1312 1896 τῷ
1361 1824 1475 1897 λαῷ
1509 1843 1604 1880 σου
1649 1826 1883 1898 Ἰσραὴλ,

1992 1828 2072 1882 Tu
2101 1836 2285 1883 autem
2313 1824 2532 1879 auferes
2572 1820 2894 1892 sanguinem
2930 1819 3280 1872 innocentem
3312 1829 3380 1868 ex
3410 1812 3570 1867 vobis

298 1918 403 1971 καὶ
438 1916 854 1987 ἐξιλασθήσεται
884 1916 1067 1979 αὐτοῖς
1105 1916 1165 1971 τὸ
1206 1910 1369 1988 αἷμα.
1399 1917 1470 1969 Σὺ
1507 1916 1563 1970 δὲ
1593 1917 1805 1989 ἐξαρεῖς
1829 1917 1890 1971 τὸ

296 2006 443 2082 αἷμα
481 2010 543 2064 τὸ
572 2010 813 2064 ἀναίτιον
850 2008 910 2074 ἐξ
939 2008 1090 2080 ὑμῶν
1128 2007 1331 2064 αὐτῶν.
1358 2027 1376 2060 ι
1427 2007 1568 2061 Ἀλλ’
1604 2009 1890 2079 εἰρήσεται

302 2104 405 2173 μὲν
436 2100 580 2155 κατὰ
620 2099 849 2172 καιροὺς
881 2101 962 2163 είς
997 2098 1207 2153 ἕκαστα
1256 2097 1488 2165 λεπτῶς,
1535 2096 1676 2170 πλὴν
1714 2098 1890 2153 ἐκεῖνό

299 2210 506 2264 φαμεν.
556 2192 719 2255 Σύνες
751 2194 899 2255 ὅπως
923 2192 1148 2254 ἑαυτοὺς
1186 2190 1587 2245 ἀπαλλάττουσι
1611 2207 1757 2255 τινες
1782 2188 1891 2243 τῶν

299 2288 393 2355 ἐφ’
422 2286 616 2352 αἵματι
667 2285 1169 2356 κατηγορημάτων,
1203 2283 1589 2354 ἀνατυπούσης
1625 2285 1759 2354 ἡμῖν
1790 2283 1890 2353 τῆς

296 2376 588 2447 δαμάλεως
634 2378 719 2445 ἐφ’
746 2377 925 2447 ἑαυτῇ
972 2375 1063 2428 τὸν
1104 2374 1476 2447 Ἐμμανουήλ.
1521 2374 1731 2445 Χρῆναι
1778 2373 1889 2444 γὰρ

295 2465 457 2537 οἶμαι
486 2468 595 2521 δεῖν
620 2469 847 2531 ἑαυτοὺς
873 2467 1318 2530 ἀπαλλάττον-ξας
1354 2466 1537 2534 λέγειν
1556 2482 1571 2498 ’
1598 2467 1667 2519 Ai
1703 2466 1886 2536 χεῖρες

296 2560 468 2632 ἡμῶν
496 2561 596 2614 οὐκ
627 2560 848 2631 ἐξέχεαν
894 2559 957 2613 τὸ
1006 2553 1145 2626 αἷμα
1182 2556 1359 2611 τοῦτο.
1402 2556 1544 2612 Ἀλλ’
1594 2557 1622 2611 ὃ
1668 2573 1732 2625 γε
1780 2553 1890 2609 τῶν

308 2651 590 2707 Ἰουδαίων
616 2651 788 2723 δῆμος
812 2651 929 2722 οὐχὶ
948 2649 1107 2705 τοῦτό
1134 2666 1267 2704 ποτε
1290 2647 1672 2722 διακεκραγὼς
1691 2648 1892 2702 ἀλώσεέ

295 2761 416 2798 ται.
448 2743 830 2813 Τετολμήκασι
873 2742 929 2796 δέ
970 2741 1170 2812 μᾶλλον
1214 2743 1388 2796 εἰπεῖν
1428 2739 1891 2813 νευροκοποῦντες

298 2836 403 2890 τὸν
437 2835 658 2907 μόσχον,
680 2854 699 2887 ι
720 2835 785 2888 Ai
811 2836 991 2906 χεῖρες
1010 2831 1169 2905 ἡμῶν
1188 2832 1408 2903 ἐξέχεαν
1434 2832 1494 2887 τὸ
1510 2827 1646 2903 αἷμα
1662 2832 1838 2886 τοῦτο.
1864 2849 1884 2883 ι

302 2930 536 3000 Ἕτερον
561 2928 688 2999 γάρ,
713 2922 885 2998 οἴμαι,
917 2925 1071 2998 παρά
1088 2924 1245 2980 τοῦτὸ
1264 2926 1410 2979 ἐστιν
1437 2925 1589 2978 οὐδὲν
1618 2923 1679 2977 τδ
1699 2922 1892 2977 ἀσυνέ-

299 3036 416 3082 τως
447 3019 621 3071 εἰπεῖν
643 3018 738 3070 ἐπὶ
777 3014 1021 3086 Χριστῷ·
1065 3034 1083 3067 ι
1114 3015 1188 3068 Τὸ
1213 3009 1354 3087 αἷμα
1382 3013 1548 3069 αὑτοῦ
1581 3015 1667 3085 ἐφ’
1718 3016 1887 3087 ἡμᾶς,

301 3109 403 3164 καὶ
435 3109 529 3162 ἐπὶ
557 3107 626 3162 τά
654 3108 820 3163 τέκνα
852 3106 1029 3179 ἡμῶν.
1053 3126 1073 3159 ι
1332 3104 1335 3105 ⁷

833 3243 974 3312 Περὶ
997 3243 1104 3299 τοῦ
1145 3198 1366 3299 ’ῖούδιι

381 3380 402 3414 ι
448 3360 639 3426 Ἰούδα,
684 3361 744 3415 σὲ
776 3358 1086 3414 αἱνέσουσιν
1113 3358 1164 3412 οί
1193 3355 1412 3427 ἀδελφοί
1441 3373 1555 3410 σου.
1602 3356 1669 3409 Al
1708 3354 1891 3427 χεῖρές

304 3471 405 3509 σου
447 3455 541 3508 ἐπὶ
571 3454 742 3507 νώτου
783 3451 894 3507 τῶν
925 3450 1136 3523 ἐχθρῶν
1168 3466 1286 3506 σου.
1318 3438 1768 3521 Προσὶιυνήσουσί
1806 3465 1890 3502 σοι

300 3547 355 3599 οῖ
394 3545 501 3598 uici
533 3543 625 3598 τοῦ
661 3544 870 3616 πατρός
912 3560 1029 3599 σου.
1061 3541 1310 3613 Σκύμνος
1338 3540 1553 3604 λέοντος
1590 3539 1787 3594 Ἰούδα·
1824 3540 1891 3592 ἐκ

307 3635 566 3706 βλαστοῦ,
596 3634 680 3689 υἱέ
729 3652 853 3706 μου,
887 3632 1109 3702 ἀνέὸης,
1146 3629 1440 3687 ἀναπεσὼν
1476 3629 1778 3701 ἐκοιμήθης
1814 3630 1892 3694 ὡς

302 3727 468 3787 λέων.
488 3728 586 3781 καὶ
612 3726 688 3790 ὡς
724 3724 982 3796 σκύμνος.
1013 3724 1110 3788 Τίς
1142 3724 1327 3795 ἐγερεῖ
1351 3722 1549 3789 αὑτόν;
1574 3723 1690 3776 οὐκ
1715 3721 1892 3775 ἐκλεί-

303 3820 398 3890 ψει
430 3821 616 3890 ἄρχων
640 3818 701 3885 ἐξ
753 3816 944 3881 Ἰούδα,
983 3817 1081 3872 καὶ
1114 3814 1419 3889 ἡγούμενος
1446 3817 1512 3870 ἐκ
1549 3815 1660 3869 τῶν
1700 3813 1893 3886 μηρῶν

304 3912 498 3975 αὐτοῦ,
524 3912 633 3974 ἕως
655 3909 722 3965 ἀν
746 3908 879 3981 ἔλθῃ
903 3909 974 3964 τὰ
1004 3908 1343 3978 ἀποκείμενα
1375 3907 1548 3979 αὐτῷ,
1580 3909 1691 3962 Καὶ
1728 3905 1893 3971 αὐτὸς

309 4003 614 4076 προσδοκία
637 4001 830 4057 ἐθνῶν.
859 4001 1150 4073 Δεσμεύων
1172 4000 1310 4073 πρὸς
1341 3999 1588 4071 ἄμπελον
1607 4000 1698 4054 τὸν
1710 3999 1893 4054 πῶλον

304 4095 497 4160 αὑτοῦ,
531 4096 627 4149 καὶ
647 4097 715 4166 τῇ
744 4094 888 4148 ἕλικι
915 4093 1008 4148 τὸν
1030 4092 1207 4147 πῶλον
1240 4093 1341 4163 τῆς
1368 4090 1493 4146 δνου
1522 4090 1712 4147 αὐτοῦ.
1752 4092 1896 4146 Πλυ-

304 4189 390 4241 νεῖ
412 4187 474 4240 ἐν
499 4185 633 4256 οἴνῳ
654 4184 753 4257 τὴν
774 4185 968 4257 στολὴν
983 4183 1169 4248 αὐτοῦ,
1193 4184 1289 4237 καὶ
1313 4185 1372 4237 ἐν
1396 4183 1591 4255 αἵματι
1608 4182 1893 4253 ’σταφυλῆς

304 4277 411 4349 τὴν
451 4275 749 4347 περιϐολὴν
791 4275 978 4330 αὐτοῦ.
1026 4273 1273 4347 Χαροποὶ
1312 4276 1362 4328 οί
1406 4273 1678 4345 ὀφθαλμοὶ
1725 4273 1891 4327 αὑτοῦ

305 4368 419 4423 ἀπὸ
439 4367 610 4433 οῖνου,
638 4368 733 4421 καὶ
754 4367 940 4421 λευκοὶ
965 4367 1018 4421 οἱ
1048 4366 1261 4431 ὀδόντες
1280 4365 1446 4421 αὐτοῦ
1478 4365 1512 4438 ἢ
1542 4364 1704 4435 γάλα.
1739 4385 1756 4417 ι
1788 4365 1892 4420 Σα-

1992 1920 2127 1992 ipsis
2146 1918 2281 1971 ¹²·¹³.
2302 1937 2320 1969 ι
2342 1918 2545 1973 Verum
2570 1914 2674 1969 etsi
2690 1915 2759 1968 de
2783 1913 2933 1967 hisce
2956 1908 3188 1980 singulis
3201 1921 3303 1962 suo
3320 1915 3569 1974 tempore

1990 2010 2286 2067 dicendum
2329 2007 2402 2063 sit
2436 2014 2713 2067 accurate,
2740 2002 2875 2057 illud
2911 2007 3096 2056 tamen
3126 2013 3277 2054 nunc
3311 1996 3569 2051 admone-

1990 2119 2133 2167 mus,
2154 2111 2211 2157 et
2229 2100 2481 2156 dicimus.
2500 2096 2766 2167 lntelligis
2784 2108 2894 2164 quo
2914 2100 3077 2162 pacto
3099 2090 3312 2160 seipsos
3331 2089 3570 2143 liberent

1989 2192 2242 2249 nonnulli
2281 2190 2351 2245 ab
2380 2186 2729 2244 accusatione
2755 2183 2861 2239 fusi
2884 2181 3169 2253 sanguinis
3192 2195 3293 2249 per
3315 2177 3567 2239 vitulam,

1990 2300 2113 2356 qua:
2134 2282 2428 2339 adumbrat
2449 2277 2884 2334 Emmanuelem.
2918 2274 3149 2344 Oportet
3181 2271 3329 2326 enim
3358 2284 3476 2333 eos,
3508 2276 3571 2322 ut

1990 2377 2256 2442 arbitror,
2274 2372 2496 2444 quando
2536 2386 2595 2427 se
2638 2374 2923 2432 excusant,
2952 2365 3026 2420 ita
3059 2364 3244 2420 dicere
3279 2380 3293 2416 :
3333 2380 3352 2413 ι
3380 2361 3573 2416 Ianus

1990 2480 2194 2525 nostra:
2221 2482 2331 2521 non
2354 2463 2672 2520 effuderunt
2712 2460 2860 2514 hunc
2895 2456 3238 2527 sanguinem.
3271 2472 3290 2505 ι
3329 2451 3569 2508 Verum-

1989 2559 2273 2615 enimvero
2316 2555 2579 2627 populum
2602 2552 2918 2609 Judmorum
2942 2563 3223 2618 nunquam
3258 2545 3365 2599 hoc
3390 2541 3572 2598 excla-

1992 2663 2168 2704 masse
2192 2647 2455 2717 reperies,
2477 2644 2611 2715 quin
2634 2641 2836 2713 potius,
2857 2646 3147 2708 postquam
3171 2642 3392 2689 taurum
3413 2646 3571 2687 ener-

1990 2745 2210 2804 varunt,
2233 2736 2353 2792 ausi
2381 2742 2511 2790 sunt
2536 2734 2763 2802 insuper
2799 2728 2986 2785 dicere
3015 2744 3029 2782 :
3078 2746 3096 2776 ι
3123 2725 3333 2780 Nostra:
3375 2737 3572 2777 manus

1991 2828 2308 2885 eil‘uderunt
2357 2825 2509 2880 hunc
2562 2822 2906 2891 sanguinem.
2945 2837 2962 2870 ι
3014 2816 3163 2873 Nihil
3214 2814 3365 2870 enim
3419 2811 3568 2866 aliud

1992 2936 2156 2991 quam
2201 2918 2308 2973 hoc
2340 2925 2446 2982 est,
2470 2913 2619 2987 quod
2650 2911 2903 2983 imperite
2939 2910 3009 2965 de
3029 2908 3250 2963 Christo
3270 2905 3568 2960 dixerunt:

2001 3030 2019 3063 ι
2065 3010 2299 3081 Sanguis
2357 3010 2478 3081 ejus
2535 3020 2702 3076 super
2738 3018 2868 3068 nos,
2917 3010 2977 3058 et
3032 3015 3200 3071 super
3253 2997 3396 3052 ﬁlios
3452 3010 3571 3050 no-

1916 3134 1964 3197 c
1994 3110 2138 3158 Str-os
2162 3101 2224 3153 ".
2261 3119 2279 3151 ι

2653 3230 2732 3286 De
2748 3230 2912 3285 Iuda.

2068 3346 2264 3412 cluda,
2291 3342 2666 3401 telaudabunt
2712 3340 2914 3396 fratres
2951 3338 3049 3394 tui.
3092 3337 3283 3425 Mapus
3326 3343 3431 3389 tua:
3474 3350 3571 3388 su-

1988 3457 2089 3514 per
2129 3440 2355 3496 dorsum
2381 3436 2735 3492 iuimicorum
2767 3440 3010 3495 tuorum,
3036 3429 3347 3486 adorabunt
3394 3434 3445 3480 te.
3471 3425 3570 3480 tilii

1987 3534 2162 3606 patris
2191 3531 2292 3586 tui.
2317 3529 2548 3586 Catulus
2567 3526 2744 3582 leonis
2761 3525 2922 3582 Juda.
2960 3525 3040 3580 Ex
3068 3522 3338 3595 germine,
3365 3519 3441 3574 illi
3468 3518 3570 3581 mi,

1989 3624 2309 3686 ascendisti,
2354 3619 2690 3678 recumbens
2726 3617 3036 3673 dormivisti
3066 3623 3127 3670 ut
3173 3615 3282 3680 leo,
3325 3619 3382 3668 et
3428 3611 3573 3670 sicut

1990 3716 2208 3774 catulus
2255 3714 2455 3778 leonis,
2501 3711 2628 3783 quis
2678 3709 2971 3767 suscitabit
2991 3707 3154 3764 eum?
3196 3706 3318 3760 Non
3350 3702 3574 3758 deﬁciet

1992 3810 2252 3881 princeps
2271 3822 2342 3863 ex
2368 3805 2530 3871 Iuda,
2567 3813 2623 3860 et
2645 3804 2758 3859 dux
2781 3803 2851 3859 de
2887 3799 3196 3857 femoribus
3219 3799 3361 3867 ejus,
3397 3795 3576 3850 donec

1988 3900 2213 3956 veniant
2253 3898 2495 3969 reposita
2537 3897 2610 3952 ei.
2649 3896 2719 3951 Et
2750 3895 2868 3965 ipse
2907 3889 3249 3962 exspectatio
3300 3886 3567 3958 gentium.

1990 3992 2191 4063 Ligans
2210 3989 2281 4043 ad
2301 3989 2519 4043 vineam
2543 3986 2756 4056 pullum
2783 3998 2967 4045 suum,
2986 3990 3043 4038 et
3074 3978 3343 4050 pampino
3361 3974 3571 4045 pullum

1990 4083 2156 4139 asina:
2178 4095 2310 4135 suae.
2338 4076 2567 4133 Lavabit
2588 4071 2648 4130 in
2670 4075 2801 4130 vino
2824 4073 3022 4129 stolam
3050 4085 3229 4135 suam,
3254 4077 3314 4123 et
3360 4067 3417 4122 in
3440 4081 3570 4121 san-

1990 4173 2156 4245 guine
2174 4186 2293 4226 uvae
2302 4168 2528 4241 pallium
2546 4182 2731 4224 suum.
2746 4167 2968 4222 Pulchri
2983 4164 3128 4225 oculi
3148 4163 3273 4233 ejus
3290 4176 3401 4233 prae
3417 4159 3571 4239 vino.

1990 4271 2048 4319 et
2079 4260 2321 4317 albiores
2362 4258 2561 4315 dentes
2602 4256 2725 4327 ejus
2754 4270 2921 4327 quam
2974 4254 3062 4310 lac
3084 4252 3152 4306 ³⁸.
3179 4270 3200 4304 ο
3239 4248 3573 4319 Pcrspicuus

1991 4350 2288 4408 admodum
2309 4355 2397 4405 est
2430 4349 2487 4404 in
2529 4347 2620 4402 his
2659 4343 3062 4401 benedictionis
3101 4338 3319 4403 modus,
3367 4337 3571 4407 quippe

306 4460 421 4531 φὴς
449 4456 510 4514 εὖ
546 4428 691 4531 μάλα
718 4460 819 4531 τῆς
860 4458 1113 4528 εὐλογίας
1158 4428 1291 4531 ἡμῖν
1323 4457 1383 4512 ἐν
1421 4475 1485 4529 γε
1501 4428 1745 4513 τουτοισὶ
1769 4457 1889 4511 δια-

1992 4444 2089 4516 qui
2111 4442 2460 4499 auditoribus
2486 4438 2833 4510 prophetiam
2855 4436 2924 4491 de
2969 4431 3347 4489 incarnatione
3380 4428 3570 4482 Salva-

308 4520 564 4622 rpaiivs'cai
584 4553 618 4605 6
643 4520 866 4622 τρόπος,
901 4520 1112 4622 τῆς-τού
1134 4520 1564 4622 Σέύτῆροςὴἰμῶν
1580 4548 1891 4620 οἰκονομίας

1993 4538 2131 4595 toris
2155 4534 2330 4592 nostri
2352 4527 2614 4604 expresse
2645 4526 3038 4586 introduxerit.
3083 4520 3445 4580 Praemittitur
3469 4532 3569 4572 au-

307 4642 414 4714 τὴν
446 4641 850 4714 προαγόρευσιν
893 4642 1009 4704 τοῖς
1050 4640 1430 4712 ἀκροωμένοις
1471 4635 1894 4709 είσκεκομικὼς.

312 4733 832 4804 Προκαταδάλλεται
876 4731 934 4785 δὲ
966 4731 1156 4803 ὥσπερ
1184 4732 1310 4794 ταῖς
1349 4728 1648 4800 εὐφημίαις
1697 4727 1893 4798 ἀρχὴν,

306 4826 416 4896 τήν
438 4843 498 4879 τε
520 4823 613 4878 τοῦ
643 4825 910 4896 ὀνόματος
939 4824 1239 4896 σημασίαν.
1270 4822 1364 4876 καὶ
1398 4821 1497 4892 μὲν
1519 4836 1606 4874 τοι
1636 4818 1698 4872 τδ
1727 4812 1897 4890 πρού-

306 4935 410 4988 χον
434 4918 493 4971 ὲν
524 4916 654 4989 δόξῃ
690 4918 846 4988 παρά
890 4916 991 4980 τὰς
1026 4915 1224 4987 ἐτέρας
1268 4917 1367 4987 τῆς
1408 4912 1579 4967 ’ἰούδα
1608 4910 1800 4982 φυλῆς.
1835 4909 1898 4964 El

308 5010 425 5080 γὰρ
446 5009 512 5082 δή
543 5026 627 5073 τις
651 5009 829 5064 ἕλοιτο
855 5008 1177 5080 διατρανοῦν
1212 5007 1306 5063 τὸν
1352 5005 1524 5061 Ἰούδα
1560 5003 1743 5074 φωνὴν
1775 5002 1897 5073 ἢτοι

304 5100 575 5172 τοῦνομα,
615 5099 1059 5173 διερμηνεύσειεν
1109 5100 1176 5155 ἂν
1206 5096 1400 5165 αἶνον,
1447 5098 1481 5170 ἢ
1531 5096 1819 5166 ὕμνησιν,
1860 5092 1894 5163 ἦ

305 5196 717 5263 ὑμνούμενον.
756 5196 910 5265 Ἔχει
942 5195 999 5249 δὲ
1045 5195 1075 5248 δ
1115 5193 1275 5263 λόγος
1321 5192 1422 5262 τὴν
1471 5186 1772 5260 ἀναφορὰν,
1819 5186 1899 5245 είς

305 5286 406 5337 τὸν
441 5287 508 5338 ὲκ
539 5286 643 5357 τῆς
680 5285 853 5340 Ἰούδα
897 5285 1071 5356 φυλῆς
1109 5285 1204 5338 τὸν
1229 5283 1373 5338 κατὰ
1413 5282 1594 5353 σάρκα
1636 5277 1892 5351 Χριστόν.

309 5377 533 5446 Πὲφηνε
564 5377 676 5449 γάρ
712 5378 770 5444 ἐξ
811 5377 1005 5442 Ἰούδα,
1035 5376 1129 5431 καὶ
1168 5374 1388 5437 Ἰεσσαὶ,
1418 5374 1511 5427 καὶ
1532 5371 1719 5431 Δαϐἱδ,
1750 5369 1895 5439 καὶὴ

308 5469 455 5536 πρὸς
471 5470 569 5541 τὴν
590 5470 690 5541 τῆς
712 5471 913 5543 σαρκὸς
935 5471 1146 5539 γένεσιν
1165 5466 1582 5539 παραληφθεῖσα
1595 5461 1894 5535 Παρθένος.

310 5563 750 5635 Προαναθρῆσας
786 5563 851 5634 δὴ
892 5558 985 5618 οὖν
1026 5562 1055 5615 ὁ
1101 5564 1388 5634 προφήτης
1437 5561 1518 5622 είς
1558 5557 1649 5612 τὸν
1694 5558 1760 5610 ἐκ
1798 5554 1897 5617 τῆς

393 5744 509 5776 ¹²⁴¹³
536 5745 705 5801 Deut.
725 5759 833 5812 xxi,
862 5742 971 5799 1-9.
1054 5745 1095 5774 ¹⁵
1121 5742 1310 5800 Matth.
1350 5757 1515 5809 xxvii,
1549 5741 1639 5796 25.

1988 4637 2104 4687 tem
2136 4628 2320 4684 statim
2348 4624 2509 4680 initio
2547 4619 2958 4678 benedictionis
3002 4613 3245 4673 nominis
3280 4609 3457 4682 ipsius
3491 4605 3570 4662 si-

1990 4718 2293 4793 gniﬁcatio,
2328 4714 2589 4788 quodque
2614 4713 2794 4769 tribus
2818 4709 2963 4768 Juda
3016 4706 3205 4780 gloriae
3252 4699 3569 4775 praestantia

1991 4812 2235 4883 reliquas
2258 4809 2573 4866 antecellat.
2600 4806 2659 4863 Si
2689 4805 2815 4877 quis
2842 4802 2990 4859 enim
3036 4814 3238 4857 nomen
3294 4795 3449 4853 ludas
3483 4793 3570 4848 in-

1992 4914 2351 4979 terpretetur,
2370 4903 2648 4976 signiﬁcat
2673 4900 2887 4956 tandem
2917 4913 3015 4954 seu
3044 4893 3453 4951 celebrationem
3476 4894 3571 4939 aut

1994 4977 2336 5057 celebratum.
2393 4999 2497 5056 Hic
2553 5005 2738 5053 autem
2789 5008 2970 5051 sermo
3019 4986 3214 5046 referri
3284 4982 3446 5040 debet
3499 4977 3569 5033 ad

1992 5093 2297 5158 Christum,
2332 5091 2428 5162 qui
2471 5105 2603 5147 sane
2646 5095 2733 5145 est
2760 5103 2833 5144 ex
2878 5084 3027 5140 tribu
3084 5077 3225 5137 Juda
3264 5072 3568 5131 secundum

1995 5200 2238 5242 carnem.
2267 5185 2444 5242 Natus
2471 5191 2557 5239 est
2599 5181 2747 5238 enim
2782 5195 2852 5235 ex
2901 5174 3063 5241 Juda,
3108 5172 3262 5229 Iesse
3289 5175 3346 5222 et
3374 5162 3566 5228 David,

1996 5288 2166 5348 atque
2219 5293 2283 5334 ea
2331 5292 2454 5349 quae
2505 5276 2575 5334 ad
2618 5276 2763 5331 hanc
2791 5269 2978 5327 carnis
3018 5262 3427 5341 generationem
3481 5272 3567 5315 as-

1998 5380 2220 5443 sumpta
2247 5381 2334 5428 est
2355 5371 2539 5443 Virgo.
2563 5367 2699 5424 Cum
2723 5365 2891 5437 igitur
2918 5360 3187 5434 propheta
3238 5352 3569 5425 respexisset

1997 5466 2160 5536 22],
2197 5466 2253 5522 in
2274 5464 2452 5530 illum,
2480 5461 2574 5533 qui
2596 5467 2681 5516 est
2707 5473 2776 5515 ex
2802 5456 2952 5513 tribu
2977 5453 3117 5510 Juda
3138 5449 3418 5506 oriturus:
3463 5443 3566 5536 Ve-

2002 5572 2124 5612 rum
2141 5566 2247 5623 est,
2276 5554 2477 5626 inquit,
2501 5531 2598 5609 tibi
2629 5564 2851 5616 nomen,
2880 5541 3226 5615 sicutetipsa
3256 5550 3459 5596 rerum
3484 5531 3564 5589 vis

1721 5740 1763 5772 ²³
1800 5741 1935 5803 Gen.
1977 5756 2116 5803 stu.
2158 5738 2304 5795 8-H.
