4032 6198
456 319 554 376 53!

1450 313 1505 367 S.
1545 311 1821 369 CYRILL!
1858 300 2329 365 ALEXANDle
2369 302 2689 360 ARCHIEP.

3619 300 3722 355 353

460 432 719 490 declaret.
747 430 831 486 'i‘u
880 432 1029 486 enim
1060 430 1424 485 celebrandas
1455 447 1517 486 es
1544 432 1767 500 Debque
1833 442 2026 483 conve-

2149 423 2318 477 Ἰούδα
2351 421 2547 491 φυλῆς,
2566 414 2765 489 ἀληθὲς
2794 417 2969 487 διομά
2995 432 3098 477 σοι,
3122 413 3278 484 φησὶ,
3297 414 3438 469 καθά
3461 416 3556 469 καὶ
3583 413 3719 478 αὑτὴ

462 527 708 580 nientem
737 524 966 595 gloriam
1029 523 1355 593 reportabis.
1398 522 1681 593 Siquidem
1716 521 1922 576 nemini
1959 518 2036 574 al-

463 616 567 672 teri
601 614 857 686 congruit
886 613 1145 669 laudibus
1182 628 1246 668 ac
1293 612 1468 684 g'loria
1502 614 1710 677 efferri,
1735 627 1899 682 quam
1934 610 2037 666 soli

462 724 589 764 vere
625 706 914 762 exsistenti
959 714 1017 761 et
1060 706 1281 776 cognito
1311 706 1440 760 Deo.
1474 705 1611 760 Nam
1637 705 1742 760 etsi
1770 712 1932 759 natus
1963 703 2038 758 sis

462 799 646 861 homo,
683 804 740 851 et
773 796 1009 866 teipsmn
1040 796 1436 861 exinaniveris,
1473 806 1655 852 tamen
1687 794 2037 867 cognosceris

463 896 686 943 sanctus
736 897 795 942 et
841 889 1232 958 sempiternus.
1294 888 1515 944 Fratres
1563 895 1748 942 autem
1808 893 2034 956 pr0pter

458 974 754 1027 humanam
796 983 1048 1037 naturam
1085 990 1196 1030 non
1230 982 1490 1045 tanquam
1538 974 1749 1030 homini
1788 973 2034 1029 adhaere-

459 1065 616 1128 bunt,
648 1063 744 1119 sed
776 1065 925 1120 inter
964 1064 1170 1121 fratres
1200 1066 1440 1135 positum
1488 1065 1852 1122 eelebrabunt
1882 1064 2036 1118 velut

456 1153 770 1219 Dominum,
788 1154 1250 1226 gloriﬁcabuntut
1281 1165 1610 1222 creatorem,
1640 1164 1695 1211 et
1721 1170 2033 1226 quanquam

457 1245 603 1300 inter
640 1262 737 1302 eos
770 1255 1083 1313 censeatur,
1128 1258 1369 1319 quantus
1403 1249 1461 1304 in
1494 1249 1764 1304 creaturis
1801 1256 1905 1311 est,
1938 1264 2034 1303 co-

455 1344 721 1407 gnoscent
745 1348 925 1394 tamen
974 1354 1102 1394 eum
1144 1340 1314 1396 totius
1354 1340 1597 1396 universi
1627 1340 1918 1395 Dominum
1971 1355 2035 1395 ac

456 1426 820 1498 RegemJicet
845 1429 1021 1485 forma
1050 1432 1195 1486 servi
1226 1440 1570 1502 coopertum.
1588 1432 1860 1487 Praeterea
1884 1430 2031 1505 quod

452 1528 817 1590 imperaturus
858 1522 931 1577 sit
980 1538 1172 1578 omnes
1206 1524 1302 1594 qui
1333 1523 1435 1594 ipsi
1475 1522 1801 1587 restiterint,
1843 1521 2033 1577 facile-

452 1624 560 1679 que
590 1610 771 1664 victor
830 1625 1099 1666 evasurus
1134 1612 1461 1667 Emmanuel
1499 1611 1746 1666 omnium
1775 1610 2030 1665 inimico—

453 1716 598 1766 rum,
634 1701 1098 1773 praesigniﬁcavit,
1139 1702 1361 1758 dicens:
1410 1702 1637 1757 «Manus
1667 1712 1773 1757 tua:
1803 1702 1858 1756 in
1882 1710 2032 1772 tergo

2139 514 2249 568 τῶν
2283 512 2624 584 πραγμάτων
2653 511 2687 579 ἡ
2716 507 2947 578 δύναμις
2985 504 3270 571 ὲνδείξειεν
3319 504 3406 561 ἄν.
3438 506 3582 578 Ἐσῃ
3614 508 3726 581 γὰρ

2139 604 2527 676 ὑμνητὸς-καὶ
2550 602 2651 673 τὴν
2677 600 2754 671 τῷ
2778 598 2898 669 Θεῷ
2918 597 3239 669 πρέπουσαν
3263 598 3515 661 ἀποίσεις
3541 597 3723 664 δόξαν.

2150 696 2407 771 Ἀρμόσει
2452 695 2561 766 γὰρ
2592 693 2658 747 ἂν
2699 692 2797 762 οὐχ
2830 690 3005 762 ἑτέρῳ
3042 688 3103 742 τὸ
3149 688 3549 757 δοξολογεῖσθαι
3591 694 3723 762 πρέσ

2138 808 2284 854 πειν,
2335 788 2475 859 πλὴν
2516 789 2598 840 ὅτι
2645 786 2792 856 μόνῳ
2842 783 2921 855 τῷ
2986 800 3053 852 γε
3099 782 3316 851 ἀληθῶς
3360 783 3476 837 ὄντι
3520 801 3581 837 τε
3629 797 3723 838 και

2138 879 2467 949 ὲγνωσμένῳ
2509 877 2647 946 Θεῷ.
2693 876 2756 929 Εί
2792 874 2901 945 γὰρ
2948 874 3202 945 πέφηνας
3254 871 3563 944 ἄνθρωπος,
3625 877 3722 929 καὶ

2137 970 2451 1033 κεκένωκας
2470 966 2685 1030 ἑαυτὸν,
2715 964 2828 1018 ἀλλ’
2857 960 2951 1017 οὖν
2980 962 3078 1035 ἔσῃ
3105 956 3385 1033 γνώριμος
3406 962 3604 1025 σεπτδς
3627 965 3725 1017 καὶ

2137 1061 2401 1132 ἀοίδιμος.
2440 1060 2503 1113 Οἱ
2550 1058 2608 1112 δὲ
2647 1055 2866 1126 ἀδελφοὶ
2899 1054 2987 1108 διὰ
3029 1055 3090 1108 τὸ
3128 1054 3469 1126 ἀνθρώπινον
3513 1055 3613 1125 οὐχ
3643 1054 3723 1117 ὡς

2137 1150 2412 1223 ἀνθρώπῳ
2452 1147 2891 1220 προσκείσονται,
2940 1144 3056 1199 ἀλλ’
3093 1147 3150 1198 ἐν
3194 1145 3445 1213 ἀδελφοῖς
3492 1144 3722 1199 τεθέντα

2137 1243 2639 1315 κατακροτήσουσιν
2673 1237 2749 1301 ὡς
2791 1236 3091 1306 Δεσπότην,
3146 1237 3485 1307 ὑμνήσουσιν
3516 1236 3595 1300 ὡς
3618 1235 3718 1306 δή-

2140 1333 2421 1407 μιουργὸν,
2470 1331 2648 1387 καίτοι
2682 1330 2942 1386 τελοῦντα
2967 1332 3084 1403 μετ’
3119 1332 3298 1399 αὐτῶν
3333 1334 3391 1385 ὲν
3421 1331 3721 1402 κτίσμασιν

2137 1424 2528 1494 ὲπιγνώσονται
2584 1422 2675 1476 τὸν
2725 1420 2833 1475 τῶν
2883 1422 3021 1476 ὅλων
3073 1422 3300 1493 βασιλέα
3351 1423 3448 1477 καὶ
3487 1421 3721 1495 Κύριον,

2135 1516 2313 1569 καίτοι
2337 1516 2403 1586 τῇ
2431 1513 2524 1568 τοῦ
2560 1511 2748 1567 δούλου
2779 1504 2959 1584 μορφῇ
2992 1512 3483 1583 κατεσκιασμένον.
3516 1514 3640 1567 Ὅτι
3661 1513 3722 1567 δὲ

2136 1606 2392 1661 ἁπάντων
2417 1605 2682 1675 κρατήσει
2706 1603 2815 1656 τῶν
2839 1603 3274 1674 ἀνθεστηκότων,
3304 1603 3401 1657 κού⁵
3430 1603 3722 1674 περιέσται

2136 1693 2335 1764 ῥᾳδίως
2364 1693 2393 1745 ὁ
2433 1690 2781 1763 Ἐμμανουήλ
2800 1690 2905 1745 τῶν
2941 1692 3172 1764 ἐχθρῶν,
3212 1692 3610 1764 προανεφώνει,
3633 1693 3723 1746 λέο

451 1790 693 1846 hostium
736 1798 979 1846 tuorum.
1023 1811 1041 1843 ι
1083 1792 1233 1847 Idem
1263 1793 1429 1846 etiam
1477 1792 1730 1847 (‘hristus
1790 1793 1904 1862 ipse
1936 1808 2026 1862 per

2135 1796 2279 1848 γωνι
2327 1798 2345 1830 ι
2384 1780 2451 1832 Δί
2483 1778 2666 1849 χεῖρές
2698 1795 2789 1832 σου
2832 1779 2925 1833 ἐπὶ
2954 1778 3126 1834 νώτου
3159 1779 3266 1834 τῶν
3298 1781 3513 1854 ἐχθρῶν
3543 1799 3657 1837 σου.
3696 1802 3717 1835 ι

452 1895 653 1935 vocem
720 1880 944 1936 Davidis
994 1882 1149 1951 prius
1186 1881 1411 1936 oraculo
1462 1881 1789 1951 edixit.‘Ait
1830 1882 2026 1935 enim:

400 2010 409 2015 ι
456 1969 635 2037 «Quia
664 1986 989 2042 'persequar
1041 1972 1229 2027 hostes
1279 1988 1466 2037 meos;
1517 1981 1572 2026 et
1617 1970 2029 2042 apprehendam

446 2075 562 2125 eos,
596 2068 653 2117 et
685 2077 796 2117 non
823 2070 1091 2126 revertar,
1135 2062 1313 2117 donec
1352 2062 1628 2118 deﬁciant.
1680 2062 2028 2132 Confringam

449 2148 622 2211 istos,
674 2164 779 2206 nec
855 2158 1117 2220 poterunt
1187 2158 1333 2206 stare
1381 2169 1392 2204 :
1434 2150 1632 2205 cadent
1697 2151 1799 2205 sub
1864 2150 2031 2220 pedes

448 2257 600 2298 meos
627 2243 690 2296 “.
726 2261 745 2294 ι
792 2242 963 2298 Recte
995 2258 1126 2313 ergo
1162 2242 1273 2296 ait:
1302 2261 1320 2291 ‹
1344 2241 1404 2296 ιιι
1435 2248 1585 2313 tergo
1610 2242 1851 2297 hostium
1867 2250 2030 2296 erunt

447 2347 647 2387 manus
662 2332 822 2404 ejus;
848 2352 865 2384 ο
899 2333 1103 2402 quippe
1138 2331 1233 2402 qui
1252 2332 1555 2388 inseetetur
1584 2347 1648 2387 ac
1671 2332 1821 2402 fuget
1846 2331 2029 2401 potius

448 2438 610 2492 quam
659 2422 852 2494 fugiat,
890 2433 946 2478 et
1000 2423 1173 2495 magis
1209 2422 1485 2493 percutiat
1534 2438 1701 2493 quam
1759 2423 2022 2477 caedatur.

450 2512 648 2569 Verum
670 2515 819 2570 enim
839 2527 923 2571 est
945 2515 1080 2570 illud
1107 2515 1253 2597 quod
1280 2515 1334 2570 in
1360 2515 1504 2570 libro
1550 2515 1894 2571 Psalmorum
1928 2515 2023 2569 de-

445 2610 733 2658 cantatur:
778 2623 797 2657 ι
820 2604 967 2659 Nihil
994 2603 1249 2674 proﬁciet
1282 2604 1545 2658 inimicus
1572 2605 1625 2656 in
1663 2620 1751 2667 eo,
1790 2613 1847 2658 et
1883 2603 2028 2657 ﬁlius

446 2690 756 2762 iniquitatis
807 2707 919 2747 non
966 2693 1206 2762 amplius
1254 2692 1479 2747 nocebit
1507 2693 1558 2746 ei
1595 2693 1728 2745 ‘7'".
1758 2712 1775 2742 ›
1808 2692 1943 2746 Nam
1978 2692 2023 2747 si

446 2782 563 2853 ipse
590 2782 754 2839 nobis
781 2783 876 2839 dat
911 2793 971 2839 ut
1001 2784 1237 2854 pedibus
1279 2794 1630 2840 eonteramus
1659 2791 1947 2854 serpentes
1971 2792 2028 2838 et

445 2874 785 2946 scorpiones,
839 2891 1173 2947 omnemque
1223 2877 1488 2932 virtutem
1542 2876 1752 2931 inimici
1809 2877 1874 2941 '9,
1914 2893 2025 2955 quo

444 2975 602 3037 pacto
635 2984 747 3023 non
777 2984 1004 3024 necesse
1036 2969 1207 3025 fuerit
1258 2968 1531 3033 conﬁteri,
1594 2969 1741 3040 quod
1766 2970 1881 3039 ipse
1912 2985 2024 3039 prae

444 3057 602 3113 nobis
623 3058 823 3115 habeat
848 3060 950 3114 sub
987 3061 1245 3115 manibus
1294 3060 1410 3116 suis
1436 3075 1533 3115 eos
1558 3059 1654 3129 qui
1712 3060 1907 3114 volunt
1937 3075 2023 3115 re-

444 3165 706 3222 pugnare,
755 3167 986 3220 seseque
1045 3151 1212 3221 impie
1273 3150 1574 3205 extollere?
1628 3149 1785 3216 Quod
1833 3158 2018 3203 autem
2050 3141 2090 3196 ε

442 3241 630 3312 fugere
656 3241 886 3306 nesciat,
916 3241 1013 3296 sed
1045 3242 1229 3310 potius
1252 3239 1529 3309 persequi,
1558 3248 1614 3294 et
1663 3255 2023 3309 quoscunque

443 3330 679 3385 voluerit
728 3345 1014 3400 superare,
1042 3339 1098 3385 et
1124 3330 1346 3400 quidem
1381 3330 1590 3400 absque
1622 3331 1813 3387 labore
1857 3332 2023 3394 (vicit

443 3418 588 3476 enim
631 3418 895 3474 mundum
927 3419 1017 3490 ’°),
1053 3418 1499 3489 prmsigniﬁcavit
1554 3419 1778 3475 divinus
1829 3421 2021 3485 Jacob,

441 3507 660 3563 dicens:
711 3508 945 3564 «Manus
1001 3520 1107 3565 tuae
1173 3526 1339 3580 supra
1393 3511 1618 3566 dorsum
1672 3512 2022 3567 inimicorum

442 3605 685 3662 tuorum,
735 3605 791 3652 et
821 3597 1129 3654 adorabunt
1177 3608 1226 3653 te
1271 3599 1363 3654 ﬁlii
1403 3601 1576 3671 patris
1605 3600 1703 3655 tui.
1731 3620 1748 3652 ι
1781 3602 1849 3656 Ει
1875 3603 2022 3672 quod

441 3689 643 3743 iterum
672 3688 1011 3761 intelligatur
1033 3690 1332 3764 discrimen
1370 3692 1604 3746 fratrum
1654 3693 2020 3757 laudantium,

439 3789 491 3835 et
525 3779 764 3837 ﬁliorum
785 3783 978 3853 patris,
994 3783 1088 3854 qui
1127 3782 1486 3839 adorantibus
1518 3785 1797 3855 conjuncti
1830 3788 2024 3841 erunt?

439 3871 520 3925 An
539 3887 648 3927 non
675 3886 858 3943 operae
875 3873 1113 3943 pretium
1131 3873 1373 3943 estquod
1393 3873 1448 3928 in
1468 3873 1711 3929 medium
1738 3874 2024 3930 aﬁ‘eratur?

440 3962 724 4035 Ascriptus
740 3964 923 4036 itaque
937 3973 1021 4021 est
1037 3964 1092 4020 in
1117 3973 1324 4036 patrem
1340 3964 1563 4020 Christo
1582 3964 1779 4019 beatus
1793 3964 2019 4035 Ioseph,

438 4055 656 4112 etiamsi
692 4071 886 4113 revera
918 4066 1074 4127 pater
1113 4075 1222 4113 non
1272 4065 1439 4113 esset.
1475 4058 1645 4113 Erant
1694 4067 1876 4113 autem
1916 4058 2020 4129 ipsi

439 4148 536 4202 ﬁlii
564 4156 621 4202 et
642 4146 767 4202 ﬁliae
820 4164 889 4202 ex
920 4150 1117 4219 primis
1143 4152 1372 4219 nuptiis.
1400 4149 1537 4205 Cum
1580 4151 1741 4221 222
1768 4167 1901 4207 vero
1928 4167 2019 4208 es-

437 4246 561 4295 sent
585 4240 843 4294 nonnihil
876 4238 1098 4296 Christo
1156 4241 1475 4307 familiares,
1534 4242 1787 4299 videntes
1835 4244 2020 4315 ipsum

439 4330 701 4386 miracula
727 4332 914 4397 edere,
968 4348 1152 4403 neque
1206 4333 1445 4387 multum
1488 4333 1757 4404 legalibus
1808 4351 2017 4405 praece-

436 4424 546 4493 ptis
575 4433 860 4494 parentem
884 4423 957 4481 ob
983 4425 1239 4480 ciborum
1268 4425 1723 4492 indiﬂerentiam,
1758 4427 2017 4498 quodque

436 4518 676 4588 quietem
703 4520 759 4574 in
781 4518 1023 4575 Sabbato
1054 4535 1166 4574 non
1197 4535 1531 4592 magnopere
1561 4501 1802 4585 coleret;
1861 4522 2015 4577 dice-

438 4610 530 4664 bat
553 4610 736 4665 enim:
774 4610 932 4665 «Non
959 4611 1105 4682 quod
1133 4611 1443 4683 ingreditur
1469 4612 1525 4667 in
1564 4628 1647 4678 os,
1694 4614 2017 4687 coinquinat

438 4702 716 4757 hominem
743 4704 891 4768 ²¹·¹¹;
923 4722 941 4754 ι
978 4710 1034 4759 et
1054 4703 1200 4773 quod
1222 4703 1394 4758 Filius
1421 4703 1664 4759 hominis
1693 4704 1765 4760 sit
1789 4705 2016 4764 Sabbati

437 4793 702 4849 Dominus
740 4793 820 4860 ¹³;
850 4793 975 4848 ideo
1012 4793 1155 4850 inter
1193 4810 1250 4850 se
1294 4795 1715 4862 dissentiebant,
1752 4813 1933 4869 neque
1962 4801 2015 4855 ei

435 4880 682 4938 debitum
736 4882 1003 4938 honorem
1030 4883 1375 4951 deferebant,
1429 4886 1634 4958 quippe
1665 4889 1760 4959 qui
1793 4889 2016 4946 videre-

439 4984 528 5030 tur
559 4991 753 5046 parum
783 4975 972 5032 dextre
1005 4976 1213 5032 sentire
1238 4977 1307 5034 de
1340 4979 1478 5050 lege.
1512 4980 1625 5035 Nec
1683 4992 1864 5037 tamen
1901 4981 2013 5038 fer-

440 5081 496 5119 re
529 5075 780 5136 poterant
808 5076 868 5124 ut
893 5068 1060 5124 homo
1117 5069 1256 5125 adeo
1313 5071 1613 5140 praeclarus
1667 5074 1722 5128 in
1778 5074 2018 5130 obscuro

437 5158 699 5215 latitaret.
723 5160 880 5217 Unde
930 5177 1283 5220 accesserunt
1332 5164 1400 5219 ad
1431 5180 1555 5220 eum
1599 5166 1902 5232 interdum,
1930 5168 2016 5222 di-

438 5259 659 5306 centes:
705 5251 807 5306 cSi
864 5255 1136 5325 ejusmodi
1192 5256 1348 5322 facis,
1405 5257 1695 5313 manifesta
1730 5265 1781 5314 te
1836 5259 2016 5329 ipsum

441 5341 665 5395 mundo.
695 5341 891 5399 Nullus
914 5346 1062 5400 enim
1091 5346 1147 5401 in
1202 5349 1422 5404 occulto
1458 5348 1590 5404 facit
1617 5350 1939 5421 quidquam,
1970 5352 2024 5406 si.

438 5439 645 5498 inierat
673 5432 789 5503 ipse
824 5435 1146 5492 manifestus
1181 5438 1298 5493 ﬁeri
1329 5440 1393 5492 ".
1417 5458 1433 5491 ι
1466 5439 1810 5509 Evangelista
1832 5449 2015 5494 autem

2133 1868 2302 1921 Τοῦτο
2334 1870 2427 1922 καὶ
2456 1868 2618 1932 αὐτὸς
2638 1868 2727 1922 διὰ
2753 1869 2939 1941 φωνῆς
2960 1870 3053 1924 τοῦ
3080 1871 3245 1926 Δαδὶδ
3273 1874 3724 1946 προκεχρησμῴο

2131 1958 2294 2028 δηκεν
2327 1960 2355 2012 ὁ
2384 1958 2636 2030 Χριστός.
2674 1960 2817 2031 Ἔφη
2843 1960 2976 2031 γάρ’
3016 1981 3035 2013 ‹
3070 1962 3193 2016 Ὅτι
3232 1961 3573 2029 καταδιῶξωί
3594 1966 3722 2027 τοὺς

2131 2051 2357 2124 ἐχθρούς
2417 2069 2542 2123 μου,
2595 2053 2692 2107 xa‘t
2747 2054 3137 2125 καταλήψομαι
3193 2056 3413 2120 αὐτοὺς,
3479 2057 3573 2110 καὶ
3616 2056 3723 2110 οὐκ

2130 2144 2652 2216 ἀποστραφήσομαι,
2696 2146 2802 2210 ἕως
2842 2143 2909 2199 ἂν
2946 2146 3266 2203 ἐκλίπωσιν.
3315 2146 3587 2219 Ἐκθλίψω
3621 2148 3722 2201 αὑ⁴

2129 2236 2274 2299 τοὺς,
2328 2235 2422 2289 καὶ
2466 2235 2528 2288 ού
2577 2234 2652 2308 μὴ
2681 2235 2946 2290 δύνωνται
2996 2237 3221 2308 στῆναι·
3280 2238 3572 2293 πεσοῦνται
3610 2240 3723 2293 ὑπὸ

2129 2326 2253 2389 τοὺς
2295 2327 2463 2390 πόδας
2503 2344 2627 2398 μου.
2665 2346 2683 2379 ι
2726 2327 2937 2382 Οὺκοῦν
2977 2348 2994 2379 ι
3036 2331 3129 2383 ἐπὶ
3163 2329 3333 2384 νώτου
3359 2331 3469 2384 τῶν
3502 2330 3725 2402 ἐχθρῶν

2129 2420 2186 2474 αἱ
2218 2422 2399 2490 χεῖρες
2440 2418 2671 2482 ἔσονται,
2725 2439 2743 2471 ι
2795 2419 2982 2489 φησὶν,
3010 2419 3084 2482 ὡς
3109 2419 3401 2484 διώκοντος
3439 2421 3642 2492 μᾶλλον
3682 2424 3718 2492 ἦ

2132 2508 2452 2580 φεύγοντος·
2495 2511 2593 2581 ούχ
2635 2512 2709 2573 ὡς
2759 2509 3134 2580 πληττομένου
3188 2511 3421 2581 μᾶλλον,
3469 2512 3582 2565 ἀλλ’
3634 2514 3718 2577 ὡς

2129 2602 2294 2657 αὑτοῦ
2338 2603 2751 2667 καταπαίοντος.
2796 2601 3019 2673 Ἀληθὲς
3057 2603 3170 2676 γὰρ
3197 2604 3259 2658 τὸ
3298 2606 3356 2658 ἒν
3404 2602 3572 2677 βίδλῳ
3602 2606 3718 2659 τῶν

2128 2696 2374 2768 Ψαλμῶν
2409 2696 2764 2768 ὑμνούμενον,
2804 2696 2886 2750 ὅτι
2923 2717 2940 2748 ι
2979 2697 3090 2750 Ούκ
3122 2696 3397 2769 ὠφελήσει
3433 2696 3623 2769 ἐχθρὸς
3653 2700 3715 2751 ὲν

2125 2788 2294 2860 αύτῷ,
2343 2790 2438 2842 καὶ
2469 2787 2583 2851 υίὸς
2624 2786 2856 2857 ἀνομίας
2886 2787 2947 2841 o’)
2998 2787 3295 2859 προσθήσει
3330 2787 3424 2842 τοῦ
3458 2789 3716 2845 κακῶσαι

2126 2879 2305 2932 αὐτόν.
2348 2898 2368 2930 ι
2406 2879 2466 2931 Εἰ
2495 2878 2603 2948 γάρ
2621 2877 2715 2930 καὶ
2743 2878 2906 2941 αὐτὸς
2928 2877 3287 2950 δίδωσινήμῖν
3309 2882 3499 2934 πατεῖν
3524 2880 3718 2936 ἐπάνω

2125 2969 2304 3040 ὄφεων
2334 2969 2425 3022 καὶ
2460 2968 2758 3038 σκορπίων,
2779 2969 2874 3022 καὶ
2900 2970 2992 3021 ἐπὶ
3019 2970 3200 3023 πᾶσαν
3238 2969 3335 3042 τὴν
3367 2970 3597 3041 δύναμιν
3613 2971 3715 3025 τοῦ

2126 3060 2344 3131 ἐχθροῦ,
2379 3059 2498 3123 πῶς
2530 3060 2631 3112 οὐκ
2659 3060 2957 3129 ἀναγκαῖον
2991 3060 3270 3131 ὁμολογεῖν
3299 3062 3381 3116 ὅτι
3416 3061 3523 3132 πρὸ
3551 3062 3716 3133 ἡμῶν

2127 3153 2287 3216 αὐτὸς
2336 3151 2442 3205 ὑπὸ
2479 3153 2670 3222 χεῖρας
2722 3150 3014 3222 κειμένους
3060 3152 3170 3217 ἕξει
3213 3153 3341 3218 τοὺς
3392 3153 3715 3222 ἀντεξάγειν

2127 3242 2431 3306 ἐθέλοντας,
2465 3242 2560 3296 καὶ
2589 3241 2822 3304 ἀνοσίως
2849 3244 3364 3315 ἀντεγειρομένους;
3386 3246 3508 3300 Ὀτι
3528 3246 3714 3300 τοίνυν

2125 3333 2187 3387 τὸ
2219 3333 2442 3402 φεύγειν
2468 3331 2569 3385 οὐκ
2594 3327 2722 3397 οἶδε,
2770 3331 2991 3385 διώκειν
3029 3332 3087 3386 δὲ
3130 3333 3351 3405 μᾶλλον,
3386 3335 3483 3389 καὶ
3518 3328 3595 3388 ὧν
3638 3335 3715 3388 ἂν

2127 3424 2370 3497 βούλοιτο
2396 3427 2638 3495 κρατεῖν,
2674 3424 2769 3476 καὶ
2812 3422 2970 3477 τοῦτο
3006 3426 3265 3496 ἀμογητί·
3309 3426 3559 3498 νενίκηκε
3595 3427 3713 3498 γὰρ

2124 3520 2214 3573 τὸν
2259 3519 2483 3587 κόσμον·
2532 3516 3070 3588 προκαταμεμήνυκε
3118 3515 3293 3584 λέγων
3343 3516 3373 3567 ό
3420 3515 3712 3580 θεσπέσιος

2136 3608 2352 3663 Ἰακώ6⁶
2390 3609 2487 3661 «Δί
2516 3606 2693 3678 χεῖρές
2734 3622 2828 3659 σου
2874 3606 2967 3659 ἐπὶ
3000 3605 3170 3660 νώτου
3200 3606 3307 3661 τῶν
3344 3607 3552 3678 ἐχθρῶν
3585 3625 3708 3671 σου,

2124 3700 2218 3754 καὶ
2248 3698 2686 3771 προσκυνήσουσί
2717 3716 2799 3753 σοι
2830 3699 2879 3751 οἱ
2909 3698 3014 3752 υἱοὶ
3035 3698 3129 3752 τοῦ
3154 3700 3357 3771 πατρός
3385 3698 3503 3755 σού.
3540 3719 3558 3752 ι
3594 3701 3712 3755 Καὶ

2122 3789 2206 3853 τίς
2242 3787 2309 3842 ἂν
2349 3790 2522 3842 νοοῖτο
2561 3787 2722 3841 πάλιν
2753 3787 3046 3860 ήδιαφορὰ
3074 3788 3181 3844 τῶν
3212 3789 3503 3845 αἰνούντων
3545 3791 3705 3846 ἀδελο

2124 3879 2261 3948 φῶν,
2288 3878 2381 3931 καὶ
2417 3877 2524 3931 τῶν
2550 3875 2645 3929 τοῦ
2673 3878 2879 3950 πατρὸς
2920 3877 3072 3942 υἱῶν,
3095 3879 3145 3932 οῖ
3177 3883 3289 3944 τοῖς
3325 3881 3699 3952 προσκυνοῦσι

2123 3968 2568 4035 συντετάξονται;
2597 3968 2721 4032 Πῶς
2749 3969 2849 4023 οὐκ
2876 3970 3174 4039 ἀναγκαῖον
3194 3972 3401 4037 είπεῖν;
3436 3973 3709 4045 Ἐπεγρά-

2124 4079 2253 4132 φετο
2272 4062 2447 4115 τοίνυν
2475 4062 2555 4124 είς
2582 4060 2793 4132 πατέρα
2813 4059 2890 4131 τῷ
2909 4060 3130 4133 Χριστῷ
3146 4063 3323 4117 καίτοι
3350 4065 3494 4133 πατὴ
3501 4082 3533 4134 ρ
3554 4067 3697 4119 κατά

2120 4152 2376 4223 ἀλήθειαν
2403 4151 2503 4206 οὐκ
2529 4148 2604 4204 ὢν
2625 4151 2655 4204 ό
2685 4149 2954 4222 μακάριος
2988 4151 3210 4223 Ἰωσήφ.
3244 4148 3427 4208 *Ησαν
3458 4155 3514 4207 δὲ
3557 4153 3707 4226 αύτῷ

2119 4244 2224 4297 υἱοὶ
2274 4244 2368 4297 καὶ
2413 4242 2714 4315 θυγατέρες
2745 4244 2810 4296 ὲκ
2845 4243 3076 4315 πρώτων
3099 4244 3314 4316 γάμων.
3377 4246 3597 4318 Ἐπειδὴ
3644 4248 3705 4302 δὲ

2118 4331 2259 4406 ἦσαν
2298 4336 2439 4407 τάχα
2482 4352 2586 4388 που
2638 4336 2734 4390 καὶ
2763 4336 3031 4390 συνέστιοι
3083 4337 3161 4407 τῷ
3206 4338 3447 4410 Χριστῷ,
3492 4344 3695 4410 σημεῖα

2122 4425 2376 4479 ποιοῦντα
2421 4424 2729 4496 βλέποντες,
2786 4427 2878 4479 καὶ
2922 4427 2983 4480 οὺ
3033 4427 3238 4500 σφόδρα
3289 4432 3401 4494 τοῖς
3456 4435 3703 4502 νομικοῖς

2121 4517 2341 4571 εἴκοντα
2375 4517 2605 4587 νεύμασι
2640 4516 2731 4570 διά
2780 4534 2862 4571 τοι
2908 4517 2969 4571 τὸ
3015 4520 3095 4581 είς
3132 4522 3340 4591 τροφὰς
3386 4521 3701 4594 ἀδιάφορον,

2118 4610 2214 4665 καὶ
2247 4609 2308 4663 τὸ
2361 4609 2436 4680 μὴ
2479 4609 2598 4663 λίαν
2650 4608 2867 4663 ἑλέσθαι
2920 4613 3087 4682 τιμᾷν
3138 4612 3237 4682 τὴν
3291 4614 3352 4666 ὲν
3405 4614 3704 4678 Σαῦἦάτοις

2118 4700 2336 4774 ἀργίανο
2385 4700 2593 4769 ἔφασκε
2626 4702 2756 4772 γάρ’
2814 4718 2835 4752 ι
2889 4702 2963 4754 Ού
3003 4702 3064 4755 τὸ
3106 4703 3488 4775 εἰσερχόμενον
3526 4707 3607 4770 είς
3642 4707 3705 4759 τὸ

2121 4794 2295 4865 στόμα
2323 4794 2493 4847 κοινοῖ
2517 4792 2608 4846 τὸν
2639 4792 2948 4862 ἄνθρωπον·
2984 4812 3001 4842 ι
3042 4793 3135 4846 καὶ
3159 4794 3240 4847 ὅτι
3280 4814 3299 4846 ι
3338 4794 3541 4866 Κύριός
3585 4798 3705 4849 ἐπι

2118 4888 2211 4941 τοῦ
2245 4887 2524 4942 Σαόϐἀτου
2569 4887 2597 4938 ό
2627 4886 2753 4948 Υἱὸς
2792 4884 2888 4939 τοῦ
2940 4884 3252 4957 ἀνθρώπου·
3305 4905 3325 4938 ι
3384 4888 3705 4959 ἐμερίζοντο

2122 4982 2187 5051 τῇ
2216 4977 2432 5050 γνώμῃ,
2463 4977 2556 5032 καὶ
2585 4975 2708 5030 οὔτε
2741 4978 2905 5047 τιμᾷν
2931 4977 3240 5050 όλοτρόπως
3271 4978 3483 5048 ήθελον,
3518 4979 3611 5034 διά.
3637 4998 3701 5048 γε

2117 5072 2179 5124 τὸ
2206 5070 2382 5124 δοκεῖν
2410 5071 2510 5124 ούκ
2553 5069 2930 5140 ἀπλημμελῶς
2961 5068 3106 5139 ἔχειν
3138 5069 3290 5141 αύτῷ
3321 5071 3393 5123 τὰ
3437 5071 3569 5143 περὶ
3608 5072 3699 5125 τὸν

2116 5159 2295 5229 νόμον,
2324 5157 2449 5212 οὔτε
2492 5159 2597 5228 μὴν
2645 5157 2996 5229 ἀθαύμαστον
3035 5160 3129 5231 ὲᾷν
3176 5158 3364 5227 ἠξίουν
3419 5161 3510 5214 τὸν
3556 5161 3703 5215 οὕτω

2117 5250 2387 5320 λαμπρόν.
2426 5251 2536 5304 Καὶ
2577 5251 2707 5321 γοῦν
2751 5249 3064 5321 προσῄεσαν
3092 5249 3243 5321 αύτῷ
3277 5269 3411 5305 ποτε
3446 5251 3702 5320 λέγοντες

2117 5342 2361 5414 ἐναργῶς
2383 5360 2394 5371 ’
2436 5360 2454 5392 ι
2497 5342 2557 5395 [Ci
2583 5342 2758 5396 ταῦτα
2788 5344 2987 5412 ποιεῖς,
3013 5343 3330 5413 φανέρωσον
3368 5343 3595 5398 σεαυτδν
3619 5344 3699 5415 τῷ

2116 5435 2328 5504 κόσμῳ.
2379 5434 2567 5497 Οὐδεὶς
2598 5436 2707 5505 γάρ
2747 5452 2798 5486 τι
2829 5436 2885 5487 ἐν
2921 5434 3150 5506 κρυπτῷ
3197 5436 3360 5497 πονεῖ,
3404 5435 3496 5488 καὶ
3545 5434 3701 5503 ζητεῖ

1911 5576 2108 5632 “Luc.
2143 5590 2200 5640 κ,
2246 5573 2329 5626 19.
2371 5565 2376 5570 ’
2434 5574 2477 5602 ’θ
2520 5572 2675 5627 Joan.
2710 5587 2816 5634 xvu,
2851 5570 2962 5652 55.¹
3017 5570 3161 5642 ﬁt“
3194 5569 3385 5626 Matth.
3452 5586 3540 5635 xv,
3604 5571 3693 5627 11.
