4032 6198
276 302 366 359 353

1257 285 1774 346 οιΑΡιιγιιοιιυδι
1818 285 1883 340 IN
1922 286 2219 343 GENESIM
2259 287 2386 343 LIB.
2431 288 2538 344 VH.

3410 293 3518 353 εει

273 419 427 480 αὐτὸς
456 416 517 468 ἐν
558 408 842 483 παρρησία
876 399 1035 462 εἶναι.
1078 424 1095 457 ι
1136 403 1449 476 Προσέθηκε
1486 402 1544 456 δὲ
1582 400 1790 463 τούτοις
1820 401 1848 454 6

1958 400 2299 458 nddidithis:
2347 421 2373 465 ι,
2396 402 2534 470 Quia
2578 417 2681 457 nec
2722 402 2920 457 fratres
2958 403 3078 474 ejus
3114 404 3411 462 credebant
3463 409 3518 465 in

271 503 659 577 ιύαγγιλιστής
679 518 693 531 ·
724 520 743 553 ι
776 498 912 553 Οὐδὲ
944 497 1052 571 γάρ
1070 498 1119 550 οἱ
1145 496 1363 566 ἀδελφοὶ
1384 493 1549 548 αὐτοῦ
1567 492 1850 546 ἐπίστευον

271 602 343 661 ιίς
390 597 576 652 αὐτόν.
629 613 648 645 ι
719 591 860 646 ’Δλλ⁹
899 591 948 643 oi
994 588 1168 643 ταῦτα
1213 587 1462 656 λέγοντες
1508 585 1567 636 ὲν
1617 583 1834 655 ἀρχαῖς,

268 689 547 762 προίόντος
568 684 666 739 τοῦ
693 683 885 755 χρόνου
908 679 1359 736 πεπιστεύκασιν.
1384 675 1848 748 ῐῐεπληροφόρην-

269 800 356 838 ται
388 780 501 850 γάρ
535 780 618 833 ὅτι
650 774 746 830 καὶ
767 773 901 838 Θεὸς
916 771 1058 827 κατά
1090 769 1251 841 φύσιν
1271 770 1411 830 ἐστὶ,
1434 767 1527 821 καὶ
1556 768 1605 819 εί
1626 766 1849 835 γέγονεν

268 876 322 927 ὲν
366 870 554 942 σαρκὶ,
590 868 684 921 καὶ
719 865 961 939 πέφηνεν
1004 859 1314 931 ἄνθρωπος.
1351 855 1525 910 Τοῦτό
1558 871 1641 909 τοι
1694 854 1790 907 καὶ
1820 854 1849 906 6

272 964 535 1037 μακάριος
560 959 843 1031 προφήτης
887 952 1173 1027 Ἱερεμίας,
1209 948 1571 1022 προεγνωκὼς
1601 948 1658 999 ὲν
1688 945 1851 999 πνεύ-

271 1075 419 1129 ματι,
451 1055 590 1128 πρὸς
613 1051 778 1106 αὐτόν
813 1066 945 1120 φησι
978 1048 1073 1101 τὸν
1114 1042 1473 1117 Ἐμμανουήλ
1498 1059 1512 1072 ο
1556 1060 1573 1092 ι
1606 1042 1726 1094 Ὀτι
1755 1038 1849 1092 καὶ

266 1150 315 1203 οι
337 1145 559 1216 ἀδελφοί
590 1161 707 1207 σου,
725 1143 819 1197 καὶ
844 1144 873 1196 6
896 1137 1045 1203 οἶκος
1077 1138 1171 1192 τοῦ
1194 1135 1402 1208 πατρός
1425 1152 1541 1195 σου,
1572 1133 1667 1185 καὶ
1692 1124 1840 1184 οὗτοι

269 1240 541 1311 ἠθέτησάν
567 1254 650 1301 σε,
691 1237 786 1290 καὶ
817 1234 974 1289 αὐτοὶ
1011 1231 1245 1302 ἐϐόησαν
1284 1230 1350 1282 ὲκ
1381 1226 1491 1281 τῶν
1517 1225 1695 1279 ὀπίσω
1731 1238 1845 1275 σου.

280 1328 781 1398 Ἐπισυνήχθησαν,
816 1324 891 1396 μὴ
923 1321 1221 1395 πιστεύσῃς
1255 1321 1334 1383 είς
1374 1318 1592 1382 αὐτοὺς,
1635 1317 1719 1369 ὅτι
1750 1313 1846 1367 λα-

267 1425 486 1495 λήσουσι
539 1420 678 1491 πρὸς
717 1419 777 1472 σὲ
811 1415 977 1472 κακά.
1019 1433 1037 1464 ι
1077 1414 1138 1467 Οἱ
1181 1411 1290 1484 γάρ
1333 1410 1502 1464 πάλαι
1530 1409 1643 1470 τοῖς
1670 1406 1849 1468 ἄλλοις

267 1520 399 1593 ὀμοῦ
430 1511 913 1585 κατακεκραγότες
924 1505 1114 1568 αὑτοῦ,
1136 1502 1544 1574 συνηνέχθησαν
1560 1502 1617 1553 ἐν
1644 1498 1845 1559 πίστει,

269 1588 476 1684 χρηστά
496 1605 826 1675 λελαλήκασι
854 1599 983 1671 περὶ
1011 1594 1200 1650 αὐτοῦ.
1241 1591 1501 1655 Ἰάκωϐος
1522 1588 1655 1659 γοῦν
1678 1589 1707 1641 6
1738 1604 1842 1657 μα-

271 1678 456 1775 κάριος
483 1702 606 1762 ταῖς
635 1695 844 1752 δώδεκα
874 1690 1066 1762 φυλαῖς
1090 1686 1396 1741 ἐπιστέλλει
1427 1684 1623 1752 λέγων·
1651 1679 1691 1732 ἰ
1740 1678 1847 1733 Ἰά-

269 1772 440 1858 umbo;
484 1790 622 1847 Θεοῦ
663 1789 758 1842 καὶ
803 1783 1012 1856 Κυρίου
1078 1778 1253 1853 Ἰησοῦ
1297 1775 1538 1850 Χριστοῦ
1581 1772 1787 1835 δοῦλος.
1822 1789 1842 1821 ι

268 1885 475 1940 ῧύκοῦν
510 1883 817 1936 αίνέσουσιν
847 1875 922 1938 ὡς
949 1872 1082 1926 Θεὸν
1131 1871 1225 1926 καὶ
1257 1871 1306 1924 oi
1336 1868 1426 1923 διὰ
1464 1868 1703 1929 πίστεως
1756 1864 1852 1919 καὶ

268 1973 542 2048 ἁτιασμοῦ
582 1971 678 2027 τοῦ
738 1969 825 2023 διὰ
872 1968 1105 2029 πίστεως
1142 1961 1470 2034 κεκλημένοι
1506 1958 1647 2031 πρὸς
1691 1956 1846 2011 ἁδελ-

271 2044 504 2141 φότητα·
537 2062 981 2137 προσκυνήσουσι
1023 2057 1082 2110 δὲ
1125 2054 1277 2108 οὐδὲν
1323 2047 1487 2125 ἧττον
1525 2049 1620 2103 καὶ
1662 2048 1713 2102 oi
1756 2044 1850 2100 τοῦ

270 2136 473 2234 πατρὸς
502 2136 632 2211 υἱοί.
672 2152 946 2225 Πρόδηλον
966 2150 1022 2202 δὲ
1052 2149 1136 2202 ὅτι
1154 2149 1202 2200 οἱ
1233 2140 1668 2217 προσκυνοῦντες
1705 2136 1851 2192 αἰνέ-

274 2268 447 2314 σουσι,
477 2249 571 2303 καὶ
602 2249 655 2301 οἱ
684 2246 777 2299 τὸν
808 2242 956 2298 αἶνον
977 2239 1314 2310 ὑφαίνοντες,
1349 2234 1503 2288 οὐδὲν
1517 2227 1680 2305 ἦττον
1702 2229 1850 2283 {sov-

267 2362 354 2398 ται
390 2336 788 2414 προσκυνηταὶ.
821 2335 928 2389 Καὶ
959 2332 1068 2402 γάρ
1099 2332 1214 2384 ἐστι
1247 2347 1265 2381 ι
1309 2325 1549 2396 σκύμνος
1574 2322 1787 2383 λέοντος
1815 2339 1841 2414 2

269 2436 325 2500 ἐξ
366 2404 545 2488 Ἰούδα
569 2404 826 2503 Χριστὸς,
856 2425 984 2488 Υἱὸς
1003 2422 1079 2476 ὼν
1112 2420 1248 2475 Θεοῦ
1279 2418 1457 2473 πάντα
1487 2414 1783 2487 ἰσχύοντος,
1806 2404 1851 2478 ᾧ

268 2529 327 2582 τὸ
355 2525 536 2596 ἀμαχὶ
567 2524 828 2594 πρόσεστι
860 2517 1017 2587 νικᾷν
1048 2514 1144 2567 καὶ
1174 2511 1236 2565 τὸ
1286 2510 1434 2582 μόνῳ
1457 2504 1720 2562 δύνασθαι
1749 2519 1850 2558 κα-

268 2619 595 2687 ταπλήττειν
622 2613 769 2682 λόγῳ
799 2612 925 2673 τοὺς
965 2603 1369 2675 ἀνθεστηκότας
1390 2619 1403 2631 ·
1437 2599 1514 2663 ὡς
1544 2598 1654 2670 γάρ
1686 2612 1852 2665 φησιν

267 2716 296 2765 6
338 2710 662 2782 προφήτης·
701 2724 723 2756 ι
761 2702 914 2758 Λέων
949 2697 1252 2772 ὲρεύξεται,
1284 2694 1379 2748 καὶ
1411 2692 1496 2752 τίς
1519 2690 1579 2744 οὐ
1604 2686 1848 2759 φοϐηθή-

269 2778 459 2866 astat;
563 2797 814 2867 Σκύμνος
856 2788 950 2847 οὖν
972 2791 1186 2852 λέοντος
1213 2788 1244 2840 6
1282 2783 1553 2856 Χριστόςο
1602 2778 1853 2847 καθάπερ

269 2896 374 2950 ἀπὸ
404 2890 641 2965 βλαστοῦ
687 2888 781 2942 καὶ
823 2887 888 2939 ἐκ
953 2883 1107 2956 ῥίζης
1155 2876 1412 2948 εὐγενοῦς
1461 2872 1694 2940 ἀναφὺς,
1750 2868 1853 2965 τῆς

268 2959 427 3059 ἁγίας
457 2981 766 3055 Παρθένου.
794 2978 905 3031 Καὶ
928 2976 1034 3046 γάρ
1067 2975 1216 3026 ἔστιν
1240 2968 1402 3029 αὐτὸς
1438 2983 1456 3017 ι
1503 2966 1538 3035 ἡ
1562 2965 1661 3033 τῆς
1694 2959 1855 3059 δυνά-

1953 493 2130 561 ipsum
2154 494 2218 547 ³³.
2249 512 2266 544 ι
2296 492 2566 549 Ceterum
2591 494 2685 563 qui
2710 494 2826 549 hmo
2870 494 3032 549 initio
3060 494 3342 563 dicebant,
3393 514 3521 556 suc-

1920 637 1922 639 ,
1951 599 2109 639 cessu
2136 585 2399 655 temporis
2433 584 2809 640 crediderunt.
2860 585 3196 644 Certissimis
3226 589 3377 644 enim
3430 605 3521 645 ar-

1950 677 2226 746 gumentis
2256 676 2404 731 docti
2457 683 2585 731 sunt
2616 676 2971 746 quodetiam
3016 678 3163 734 Deus
3218 680 3523 736 secundum

1950 775 2201 821 naturam
2226 775 2392 831 esset,
2443 767 2549 822 etsi
2574 767 2751 822 factus
2780 768 2835 823 in
2869 783 3034 825 carne
3061 778 3119 824 et
3145 769 3312 826 homo
3340 780 3521 828 natus.

1952 858 2065 914 Hoc
2082 875 2213 913 sane
2241 859 2408 914 etiam
2425 858 2622 915 beatus
2635 861 2904 931 propheta
2930 861 3196 918 Jeremias
3220 880 3345 921 cum
3370 866 3525 936 prius

1951 949 2006 1002 in
2029 948 2226 1018 spiritu
2257 950 2624 1020 cognovisset,
2666 952 2740 1004 ita
2792 951 2972 1020 ipsum
3003 951 3413 1006 Emmanuelem
3440 953 3524 1006 al-

1950 1039 2228 1109 loquitur:
2267 1060 2284 1091 ι
2307 1040 2444 1107 Quia
2469 1048 2527 1095 et
2550 1040 2750 1096 fratres
2773 1042 2875 1106 tui,
2897 1052 2955 1097 et
2984 1041 3182 1097 domus
3221 1041 3394 1112 patris
3419 1043 3523 1107 tui,

1949 1142 2007 1187 et
2046 1133 2101 1187 hi
2132 1142 2183 1188 te
2207 1135 2543 1204 reiecerunt,
2577 1143 2787 1191 etsunt
2833 1151 2902 1189 ex
2934 1135 3022 1189 his
3044 1135 3137 1205 qui
3162 1141 3285 1205 post
3332 1144 3385 1189 te
3411 1134 3524 1190 cla-

1949 1234 2258 1279 maverunt.
2293 1224 2617 1297 Congregati
2665 1234 2815 1292 sunt,
2852 1241 2921 1282 ne
2956 1225 3266 1281 credideris
3300 1225 3398 1281 ulli
3426 1240 3525 1281 eo-

1952 1332 2095 1382 rum,
2128 1317 2256 1388 quia
2284 1317 2454 1373 locuti
2493 1326 2621 1373 sunt
2655 1318 2952 1374 adversum
3002 1326 3055 1373 te
3081 1317 3225 1372 mala
3254 1316 3320 1371 ³⁶.
3346 1335 3366 1369 ι
3388 1315 3524 1372 Nam

1949 1411 2041 1481 qui
2077 1411 2207 1465 olim
2237 1427 2345 1466 una
2375 1426 2500 1466 cum
2522 1411 2645 1466 aliis
2676 1410 2728 1466 ei
2764 1411 3159 1475 reclamarunt,
3201 1424 3352 1464 nunc
3390 1424 3525 1465 con-

1949 1504 2155 1574 gregati
2184 1503 2240 1558 in
2271 1503 2396 1569 ﬁde,
2423 1513 2479 1559 et
2516 1505 2658 1559 bona
2699 1504 2769 1559 de
2826 1519 2895 1559 eo
2952 1504 3129 1558 locuti
3161 1509 3309 1558 sunt.
3369 1500 3527 1560 Unde

1949 1594 2144 1649 beatus
2174 1593 2413 1649 Iacobus
2435 1594 2725 1651 duodecim
2761 1595 3016 1650 tribubus
3050 1593 3266 1658 scribit,
3301 1593 3522 1648 dicens:
3598 1660 3602 1664 Α

1959 1689 2235 1743 ιιοοοὺυε
2262 1689 2358 1744 Dei
2380 1699 2437 1744 et
2479 1690 2694 1744 Domini
2749 1691 2878 1744 Jesu
2933 1688 3137 1744 Christi
3190 1703 3382 1743 servus
3406 1688 3473 1741 ³⁷.
3499 1707 3517 1738 ι

1951 1780 2281 1835 Laudabunt
2327 1780 2497 1851 igitur
2526 1790 2588 1835 ut
2613 1782 2784 1836 Deum
2827 1782 2993 1836 etiam
3027 1780 3065 1834 ii
3094 1787 3191 1850 qui
3220 1795 3319 1849 per
3360 1778 3526 1834 fidem

1949 1879 2007 1927 et
2035 1873 2523 1927 sanctificationem
2565 1873 2747 1928 vocati
2803 1880 2932 1927 sunt
2976 1871 3045 1926 ad
3089 1868 3522 1927 fraternitatem:

1951 1963 2263 2019 adorabunt
2295 1980 2425 2019 vero
2472 1965 2835 2020 nihilominus
2862 1965 3031 2020 etiam
3060 1963 3157 2018 filii
3182 1963 3372 2033 patris.
3411 1961 3526 2017 Ma-

1951 2053 2209 2108 nifestum
2244 2062 2426 2107 autem
2455 2066 2556 2118 cst,
2588 2054 2734 2122 quod
2786 2054 3079 2109 adorantes
3108 2052 3432 2116 laudaltunt,
3472 2058 3529 2104 ιι

1950 2145 2044 2213 qui
2067 2144 2326 2198 laudibus
2358 2158 2483 2198 eum
2517 2143 2822 2207 celebrant,
2857 2141 3139 2196 adoraturi
3168 2141 3333 2196 etiam
3376 2147 3526 2195 sunt.
3557 2189 3559 2192 ι

1952 2235 2237 2305 Siquidem
2262 2254 2280 2285 ι
2300 2234 2704 2290 catulusleonis
2726 2255 2744 2285 ι
2764 2243 2847 2287 est
2866 2230 3376 2294 Cbristusexluda,
3401 2244 3529 2285 cum

1952 2325 2025 2380 sit
2062 2324 2233 2379 Filius
2256 2325 2353 2379 Dei
2378 2324 2796 2395 omnipotentis,
2828 2322 2923 2392 qui
2951 2330 3006 2377 et
3059 2321 3177 2376 sine
3201 2336 3381 2392 pugna
3412 2320 3533 2374 viu-

1951 2417 2048 2480 cit,
2093 2423 2151 2471 et
2189 2417 2311 2472 solo
2353 2416 2525 2470 verbo
2571 2423 2756 2486 potest
2808 2413 3242 2485 pcrterrefacere
3302 2427 3400 2468 eos
3435 2412 3530 2481 qui

1954 2509 2057 2579 ipsi
2089 2510 2373 2573 resistunt,
2403 2508 2549 2563 sicut
2589 2507 2857 2578 propheta
2883 2506 2997 2560 ait.
3045 2525 3060 2554 ι
3085 2505 3199 2559 Leo
3222 2504 3423 2575 rugiet,
3475 2510 3535 2558 et
3644 2532 3661 2539 τ

1953 2601 2077 2671 quis
2128 2616 2239 2655 non
2296 2600 2517 2655 timebit
2549 2598 2632 2652 '3?
2659 2619 2676 2651 ι
2712 2597 2942 2653 Catulus
3000 2597 3186 2666 itaque
3230 2594 3407 2651 leonis
3447 2604 3534 2649 cst

1952 2691 2232 2756 Christus,
2270 2691 2417 2745 sicut
2471 2699 2526 2745 et
2575 2706 2645 2743 ex
2700 2687 2949 2760 germine
3000 2695 3058 2741 et
3120 2684 3302 2739 ‘nobili
3347 2683 3534 2738 radice

1955 2795 2111 2841 ortus
2157 2791 2279 2847 est,
2328 2799 2395 2836 ex
2454 2790 2645 2836 sancta
2697 2779 2940 2850 Virgine.
3005 2777 3222 2833 Etenim
3268 2775 3387 2846 ipse
3449 2785 3537 2831 est

1964 2879 2146 2948 «virga
2192 2875 2416 2929 virtutis
2457 2875 2526 2936 ",
2557 2893 2575 2925 ι
2614 2886 2781 2942 quam
2828 2886 2895 2924 ex
2942 2869 3076 2923 Sion
3155 2867 3320 2922 nobis
3377 2865 3534 2920 misit

1956 2970 2121 3031 Deus,
2174 2980 2369 3035 nempe
2398 2964 2650 3027 baculus,
2673 2962 2768 3032 qui
2785 2975 2977 3016 omnes
2996 2959 3313 3014 consolatur
3335 2965 3392 3012 et
3412 2971 3536 3011 sus-

451 3048 674 3148 9d660;,
716 3091 736 3124 ι
770 3072 838 3143 ἣν
871 3066 1103 3123 ἐκΣιὼν
1132 3066 1264 3151 ἡμῖν
1294 3056 1666 3116 ἀπέστειλενό
1698 3050 1847 3113 Θεὸς.

1958 3070 2149 3126 teutat,
2195 3081 2211 3110 ι
2232 3060 2492 3129 virgaque
2515 3056 2676 3126 223
2702 3052 3024 3109 directionis
3039 3060 3096 3106 et
3121 3048 3273 3120 regni
3297 3049 3538 3129 ",iqua’:

268 3175 300 3242 ἡ
348 3168 560 3231 πάντας
619 3160 1010 3236 παρακαλοῦσα
1062 3157 1158 3211 καί
1212 3143 1481 3224 ἀνέχουσα
1540 3143 1810 3220 βακτηρία
1832 3181 1849 3207 ,

274 3234 300 3314 ι.
331 3266 366 3332 ἡ
398 3234 709 3328 εὐθύτητος*
746 3271 805 3307 τε
841 3253 935 3308 καὶ
964 3248 1260 3321 βασιλείας,
1299 3265 1317 3296 ι
1369 3239 1602 3315 ήόρθῶς
1642 3237 1739 3307 μὲν
1763 3234 1857 3287 καὶ

270 3356 463 3426 πράως
519 3352 618 3413 τὰς
681 3346 790 3401 τῶν
858 3345 1030 3412 ἁγίων
1096 3340 1298 3408 ἀγέλας
1361 3331 1817 3403 διαποιμαίνουσα
1838 3366 1854 3392 ,

277 3469 295 3500 ι
317 3421 705 3515 ’συντρίϐουσα
745 3437 804 3491 δὲ
836 3435 1087 3505 καθάπερ
1118 3429 1311 3492 σκεῦος
1352 3424 1640 3498 κεραμέως
1677 3440 1697 3474 ι
1731 3421 1863 3481 τοὺς

275 3510 539 3605 ὑπἀοὲῷ
574 3530 836 3603 νέμεσθαι
869 3527 944 3599 μὴ
969 3522 1353 3595 ἀνεχομένους·
1397 3515 1570 3578 Αδτδς
1606 3510 1861 3605 ήρᾁδῨς

274 3633 306 3701 ἡ
348 3624 642 3699 Ἀαρὼν,ἠ
672 3622 833 3675 τόπον
861 3618 1057 3689 ἔχουσα
1083 3615 1183 3685 τὴν
1218 3611 1366 3667 θείαν
1398 3604 1624 3678 σκηνὴν,
1657 3603 1754 3657 καὶ
1779 3601 1860 3663 είς

273 3694 342 3775 τὰ
389 3694 572 3787 ’Ᾰγια
603 3694 712 3768 τῶν
741 3711 912 3781 ἁγίων
950 3702 1398 3778 εἰσενηνεγμένῃ,
1433 3701 1467 3769 ἡ
1516 3694 1862 3787 ὲξανθήσασα

274 3814 459 3884 κάρυα
478 3783 497 3842 ξ
517 3810 658 3878 ὅπερ
687 3805 836 3858 ἐστὶν
860 3800 1211 3861 ἀναστάσεως
1236 3792 1523 3865 σύμϐολον.
1556 3787 1723 3842 Ξύλον
1755 3783 1864 3854 γὰρ

274 3877 434 3959 Δεδδ-ὲκ
461 3877 698 3972 καρύας,
738 3896 973 3956 ἀῦπνίας
1014 3891 1129 3945 ἐστί
1165 3905 1281 3952 πως
1320 3881 1698 3957 ὲμποιητικόν.
1744 3877 1867 3930 Ἔχε

277 3998 569 4067 τετίμηται
599 3991 657 4043 δὲ
688 3990 750 4042 τὸ
787 3990 889 4058 τῆς
925 3983 1276 4044 ἀναστάσεως
1309 3978 1608 4051 μυστήριον
1648 3975 1706 4027 ὲν
1746 3973 1867 4026 Ἐκ-

280 4064 542 4159 κλησεαις
596 4080 756 4137 Θεοῦ.
796 4078 899 4133 Διά
940 4076 1101 4130 τοῦτο
1140 4075 1234 4128 καὶ
1266 4074 1295 4126 6
1341 4070 1611 4142 μακάριος
1673 4064 1866 4120 Ἰακὼῦ

278 4158 567 4246 βλαστὸν
597 4174 895 4245 ὀνομάσας,
930 4168 1091 4232 εὐθὺς
1113 4165 1483 4237 διαμέμνηται
1505 4161 1615 4214 τῶν
1637 4160 1694 4211 ὲν
1726 4158 1868 4211 τέλει

279 4275 384 4344 τῆς
429 4267 772 4338 οἰκονομίας,
803 4263 899 4318 καί
927 4275 1098 4332 φησι·
1143 4277 1162 4310 ι
1202 4254 1520 4311 Ἀναπεσὼν
1566 4250 1870 4321 ἐκοιμήθης

280 4341 360 4429 ὡς
392 4364 557 4427 λέων,
588 4378 608 4413 ι
644 4357 944 4419 τουτέστιν,
969 4353 1072 4407 οὐκ
1105 4349 1402 4419 άῦούλητον
1439 4346 1679 4429 ὑπέστης
1708 4341 1870 4394 θάνα-

284 4428 400 4519 τον,
430 4451 577 4506 ἀλλά
606 4449 698 4502 καί
728 4464 809 4501 τοι
838 4444 1048 4506 πάντας
1091 4440 1232 4493 ἑλεῖν
1274 4438 1350 4501 ὡς
1383 4428 1521 4489 λέων
1569 4432 1663 4487 καὶ
1702 4445 1871 4484 κατα·

287 4552 530 4623 πτοῆσαι
558 4548 879 4618 δυνάμενος,
896 4544 992 4597 καὶ
1021 4540 1122 4611 τῆς
1146 4538 1255 4591 τῶν
1278 4535 1621 4608 θηρευόντων
1651 4529 1869 4586 ἐκδῦναι

290 4653 498 4724 χειρὸς,
529 4646 814 4717 ἐθελοντὴς
852 4642 1162 4711 ἀνεκλίθης,
1194 4637 1289 4693 καὶ
1312 4636 1392 4702 οὐ,
1420 4634 1672 4703 καθάπερ
1692 4631 1874 4704 ᾠήθη-

295 4775 396 4812 σαν
452 4757 503 4809 οί
548 4749 817 4822 σταυροῦν
841 4745 1130 4819 ᾑρημένοι,
1174 4741 1391 4811 θανάτῳ
1443 4732 1873 4806 κατισχημένος,

294 4855 412 4910 ἀλλ’
449 4848 567 4906 οἷον
598 4848 750 4920 ὕπνῳ
781 4846 1147 4919 χρησάμενος,
1186 4842 1282 4896 καὶ
1321 4836 1647 4908 καταμύσας
1674 4833 1872 4907 βραχύ.

294 4956 395 5019 Τίς
413 4949 508 5008 οὗν
526 4950 689 5007 αὐτὸν
709 4948 922 5018 ὲγερεῖ;
941 4941 1095 5015 φησί.
1123 4943 1352 5011 Ὅμοιον
1382 4938 1455 5001 ὼς
1486 4936 1534 4989 εἰ
1560 4934 1727 5002 λέγοι,
1747 4951 1878 4988 κατ-

296 5061 489 5131 εκλίθη
528 5056 628 5130 μὲν
662 5051 826 5119 ἑκὼν,
857 5047 995 5119 πλὴν
1018 5045 1079 5099 οὐ
1112 5045 1210 5114 τῆς
1241 5040 1372 5113 παρ’
1398 5038 1586 5110 ἑτέρου
1626 5037 1881 5108 δεήσεται

301 5157 599 5231 συνεργίας
642 5155 723 5217 είς
751 5150 1069 5206 ἀνάστασιν.
1120 5138 1412 5212 Παναλκὴς
1452 5140 1562 5211 γὰρ
1603 5136 1764 5200 αὐτὸς
1807 5137 1882 5201 ὡς

1960 3163 2108 3210 recte
2133 3168 2195 3207 ac
2225 3151 2462 3221 benigne
2512 3162 2707 3219 greges
2738 3154 3052 3200 sanctorum
3080 3142 3278 3213 pascit,
3318 3149 3486 3210 atque
3508 3154 3540 3193 e

1964 3246 2182 3301 diverso
2224 3261 2243 3294 ι
2265 3240 2564 3311 confringit
2599 3247 2859 3308 tanquam
2899 3250 2997 3289 vas
3028 3232 3177 3304 ﬁguli
3208 3231 3251 3263 ἰ
3279 3251 3297 3284 ι
3327 3246 3424 3287 eos
3444 3231 3538 3301 qui

1961 3352 2019 3391 se
2052 3337 2121 3391 ab
2154 3349 2266 3390 uno
2290 3333 2440 3405 pasci
2471 3347 2581 3386 non
2629 3330 2832 3385 ferunt.
2859 3327 2980 3397 Ipse
3025 3324 3264 3395 denique
3280 3331 3366 3379 est
3389 3322 3541 3392 virga

1962 3433 2185 3495 Aaron;
2215 3443 2337 3499 qua:
2359 3426 2527 3481 habet
2555 3424 2738 3479 locum
2771 3421 2829 3475 in
2862 3419 3052 3475 divino
3078 3416 3338 3481 tentorio,
3379 3425 3542 3484 atque

1964 3522 2019 3577 in
2047 3520 2247 3579 Sancta
2273 3526 2592 3573 sanctorum
2625 3515 2776 3569 illata
2813 3519 2921 3577 est,
2953 3526 3075 3580 quze
3115 3508 3349 3580 protulit
3373 3522 3544 3563 nuces

1964 3610 2358 3682 amygdalinas,
2385 3615 2441 3661 et
2471 3615 2556 3660 est
2615 3601 3040 3663 resurrectionis
3071 3598 3401 3675 symbolum.
3433 3595 3541 3651 Hu-

1960 3708 2051 3778 jus
2074 3705 2223 3759 enim
2246 3701 2465 3757 arboris
2488 3699 2698 3769 lignum
2722 3710 2979 3751 somnum
3005 3702 3177 3759 arcet,
3219 3690 3435 3762 vigilias
3460 3688 3544 3744 ef-

1965 3796 2177 3852 ficiens.
2203 3795 2348 3849 Resu
2358 3789 2651 3845 rrectionis
2666 3796 2851 3842 autem
2868 3783 3191 3856 mysterium
3214 3783 3270 3836 in
3285 3780 3546 3836 Ecclesiis

1966 3888 2063 3942 Dei
2089 3884 2386 3957 gloriosum
2404 3879 2702 3934 admodum
2731 3886 2833 3931 est.
2866 3874 3109 3942 ldcoque
3139 3871 3328 3925 beatus
3354 3867 3543 3930 Jacob,

1968 3995 2094 4035 cum
2123 3979 2309 4046 ipsum
2329 3971 2671 4027 nominasset
2697 3981 2932 4037 germen,
2949 3962 3132 4018 statim
3153 3966 3546 4016 commemorat

1968 4081 2170 4128 statum
2220 4081 2406 4121 rerum
2449 4062 2543 4132 qui
2602 4058 2706 4115 sub
2735 4059 2899 4111 ﬁnem
2927 4054 3148 4109 futurus
3188 4058 3330 4115 erat,
3380 4058 3545 4118 atque

1970 4164 2047 4218 ait
2085 4181 2098 4215 :
2146 4179 2163 4211 ι
2212 4154 2561 4213 Rccumbcns
2605 4147 2920 4206 dormivisti
2971 4152 3029 4200 ut
3071 4143 3191 4209 leo;
3240 4162 3259 4193 ι
3302 4140 3408 4195 hoc
3439 4147 3545 4198 est,

1972 4271 2081 4310 nou
2117 4261 2316 4323 praeter
2355 4248 2699 4302 voluntatem
2748 4236 3064 4296 sustinuisti
3117 4242 3373 4298 mortem,
3427 4228 3546 4289 sed.

1969 4342 2183 4401 etiamsi
2206 4340 2465 4397 omnibus
2485 4345 2547 4391 ut
2575 4338 2662 4390 leo
2688 4346 2950 4404 pavorem
2997 4329 3245 4382 incutere
3289 4330 3467 4395 potes,
3490 4330 3543 4375 et

1973 4443 2295 4492 venatorum
2322 4444 2518 4484 manus
2540 4425 2941 4492 subterfugere,
2970 4429 3064 4473 tua
3085 4425 3280 4486 sponte
3330 4424 3383 4470 te
3412 4414 3547 4469 sub-

1907 4526 1947 4580 D
1977 4526 2209 4582 misisti:
2239 4536 2418 4592 neque
2434 4527 2496 4574 ut
2516 4518 2554 4572 ii
2578 4515 2674 4587 qui
2698 4522 2751 4569 te
2779 4509 3174 4568 crueiﬁxerunt
3212 4504 3547 4577 cogitabant.

1979 4617 2177 4673 mortis
2200 4613 2437 4670 vinculis
2493 4610 2783 4671 detentus;
2839 4601 2936 4659 sed
2966 4600 3135 4657 veluti
3165 4611 3358 4654 somno
3397 4611 3550 4659 usus,

1979 4719 2145 4781 atque
2171 4707 2369 4777 exiguo
2397 4700 2662 4772 temporis
2686 4695 2865 4768 spatio
2910 4693 3167 4749 occlusus
3197 4687 3370 4745 fuisti.
3419 4687 3553 4753 Quis

1981 4779 2148 4877 igitur
2174 4801 2358 4871 ipsum
2378 4791 2685 4852 excitabit?
2712 4789 2926 4860 inquit;
2950 4784 3105 4856 quasi
3145 4782 3325 4838 dicat:
3374 4779 3549 4834 Decu-

1984 4869 2108 4951 buit
2135 4869 2359 4962 quidem
2374 4888 2587 4949 volens,
2620 4884 2692 4938 ita
2727 4892 2909 4937 tamen
2929 4886 2988 4933 ut
3023 4875 3237 4932 nullius
3262 4885 3426 4940 opera
3464 4869 3542 4922 in-

1986 4986 2200 5058 digeret
2222 4981 2292 5036 ad
2322 4972 2725 5046 resurgendum
2764 4968 3027 5058 :_quippe
3077 4963 3201 5058 qui-
3234 4961 3291 5014 in
3314 4974 3373 5012 sc
3392 4970 3551 5058 omne

1989 5047 2160 5133 robur
2223 5069 2524 5130 contineat,
2580 5050 2840 5133 tanquam
2892 5056 2990 5113 Dei
3058 5052 3236 5108 Patris
3276 5047 3550 5120 potentia:

1954 5162 2169 5239 'ncque
2212 5163 2512 5234 quidquam
2570 5158 2628 5212 in
2671 5156 2790 5224 ipso
2839 5146 3215 5207 desideratur,
3261 5139 3551 5239 quominus

298 5227 532 5328 δύναμις
566 5252 661 5308 τοῦ
701 5250 916 5323 Πατρός
933 5267 946 5280 '
984 5250 1081 5303 καὶ
1107 5247 1211 5301 οὐκ
1235 5240 1510 5305 ἀνικάνως
1536 5238 1697 5310 ἔχων,
1720 5235 1800 5300 εἰς
1820 5252 1854 5303 7

1983 5227 2178 5334 possit,
2218 5227 2276 5311 et
2323 5227 2548 5324 quidem
2606 5246 2766 5302 facile
2801 5237 3118 5300 admodum,
3165 5246 3335 5334 suum
3385 5227 3553 5334 ipsius
3606 5270 3609 5273 λ

300 5357 366 5411 τὸ
384 5322 672 5422 δύνασθαι,
697 5354 794 5409 καὶ
815 5351 958 5424 μάλα
978 5348 1198 5422 ῥᾳδίως,
1216 5345 1307 5399 τὸν
1325 5339 1520 5398 ἑαυτοῦ
1551 5337 1856 5409 ζωοποιῆσα

1986 5322 2250 5424 templum
2303 5322 2600 5403 vivificarc.
2663 5336 2872 5394 Idcirco
2924 5329 3145 5387 dicebat
3187 5325 3256 5381 ad
3306 5322 3601 5424 Iud-aegr

303 5459 456 5512 ναόν.
503 5457 678 5513 Τοῦτό
712 5474 796 5511 τοι
828 5456 922 5510 καὶ
953 5451 1189 5521 ἔφασκεν
1236 5445 1507 5508 Ἰουδαίοις
1544 5437 1884 5514 προσλαλῶν·

310 5579 331 5609 ι
374 5558 587 5614 Λύσατε
625 5559 717 5612 τὸν
759 5558 883 5612 ναὸν
926 5511 1138 5617 τού-ιον,
1183 5550 1279 5605 καὶ
1329 5550 1386 5603 ὲν
1424 5511 1605 5619 τρισὶν
1653 5541 1856 5615 ἡμέραι

1990 5536 2127 5597 illud
2151 5533 2286 5586 ³¹·³³.
2331 5550 2348 5582 ι
2384 5525 2540 5595 Quod
2574 5523 2740 5593 igitur
2769 5518 2975 5575 nullius
2999 5511 3183 5568 admin

1966 5504 1969 5507 .
1994 5469 2011 5501 ι
2030 5411 2238 5504 Solvite
2271 5438 2534 5510 templum
2560 5434 2685 5497 hoc,
2713 5436 2771 5485 et
2795 5428 2851 5483 in
2875 5424 3053 5481 tribus
3075 5419 3271 5475 diebus
3307 5411 3556 5506 excitabo
3640 5422 3645 5423 ί

1990 5536 2123 5558 σι..-)
2151 5533 2267 5558 ,ιη
2331 5550 2346 5558 -
2384 5525 2538 5558 nam:
2574 5523 2740 5558 iniim-
2769 5518 2975 5558 nulline
2999 5509 3332 5558 adminiculo
3356 5503 3424 5558 ad
3453 5502 3557 5557 hoc

3188 5509 3332 5563 iculo
3356 5509 3424 5559 ad
3454 5509 3557 5557 hoc

380 5594 587 5614 ιιυυυιιι
636 5594 717 5612 νυν
766 5594 882 5612 wwv
938 5594 1138 5617 ’νυ-νγ,
1184 5594 1279 5605 η...
1330 5594 1382 5603 -.
1438 5594 1598 5619 Ἰηνν-
1661 5594 1819 5615 Ἡρη,

380 5654 426 5686 ¹⁸
465 5652 626 5708 Joan.
655 5667 751 5715 vn,
792 5651 842 5705 5.
925 5649 972 5680 ¹⁶
1009 5647 1213 5704 Jerem.
1254 5659 1347 5715 xu,
1382 5641 1434 5697 6.
1527 5640 1570 5670 ⁸⁷
1606 5635 1773 5693 Jacob
1809 5650 1848 5701 ι,

1993 5594 2068 5665 ηέδ
2106 5631 2271 5686 Amos
2305 5639 2380 5689 ill,
2543 5621 2587 5650 ’ν
2627 5615 2766 5671 Psal.
2811 5628 2915 5677 cu,
2949 5608 3001 5663 Ξ.
3085 5606 3128 5637 ³⁵
3158 5601 3298 5659 Psal.
3336 5613 3475 5663 κων,
3503 5594 3557 5652 7.

308 5710 355 5741 ⁸⁸
398 5725 540 5781 i’sal.
574 5738 632 5786 ll,
664 5710 747 5776 9.’
820 5718 944 5761 ⁸⁹-³³
972 5718 1128 5774 Joan.
1170 5731 1227 5777 ιι.
1263 5714 1351 5767 19,
