4032 6198
469 309 581 365 355

1499 293 1556 348 S.
1595 291 1869 348 CYRILLI
1908 289 2376 345 ALEXANDRINI
2415 289 2736 346 ARCIIIEP.

3617 292 3732 347 356

472 421 544 475 sit
568 431 723 480 usus,
764 411 861 468 sed
888 411 1004 481 ipse
1036 408 1188 463 solus
1209 405 1510 469 sullecerit,
1572 413 1832 475 tanquam
1883 401 2045 457 forti-

2160 404 2326 475 ὲγερῶ
2375 405 2558 458 αὐτόν.
2603 423 2621 456 ι
2657 405 2780 457 ’Θτι
2809 403 2988 456 τοίνυν
3029 402 3205 468 οὐδεὶς
3232 404 3298 458 ἀν
3339 404 3550 474 γένοιτο
3589 409 3734 480 πρὸς

473 509 608 566 tudo
630 505 826 567 Patris,
877 499 1025 556 haud
1048 499 1285 554 obscure
1306 495 1767 552 demonstraverit
1799 493 2045 548 historiae

2160 495 2304 547 τοῦτο
2353 493 2502 564 αὐτῷ
2553 493 2837 566 συνεργὸς,
2885 494 3111 565 ἀρκέσει
3154 493 3211 546 δὲ
3242 494 3404 565 μόνος
3441 495 3601 560 αὐτὸς
3647 500 3732 562 ὥς

476 607 674 654 textus.
717 592 872 660 Quod
901 605 1032 645 vero
1064 589 1137 644 sit
1192 588 1365 658 ipsius
1394 585 1663 641 adventus
1706 593 1922 654 tempus
1953 598 2045 638 os-

475 689 671 753 tendit,
712 687 936 740 dicens:
970 700 988 733 ι
1011 681 1132 735 Non
1161 679 1381 735 deﬁciet
1416 679 1670 750 princeps
1696 693 1766 732 ex
1799 676 1959 741 Juda,
1990 683 2049 731 et

474 782 586 838 dux
606 797 674 836 ex
696 776 1002 833 femoribus
1041 774 1180 845 ejus,
1234 772 1411 828 donec
1464 771 1651 826 veniat
1695 769 1787 825 cui
1832 767 2048 839 reposi-

478 883 591 928 tum
628 878 731 927 est.
776 869 846 924 Et
875 868 992 938 ipse
1028 877 1114 920 est
1159 863 1496 936 exspectatio
1537 863 1805 933 gentium.
1865 880 1884 912 ι
1945 859 2052 915 Re-

476 972 712 1038 gnarunt
743 963 890 1017 eniin
923 959 1118 1023 Judaei,
1165 965 1221 1013 et
1257 972 1326 1011 ex
1371 956 1638 1027 sanguine
1674 953 1892 1010 lsraelis
1927 951 2051 1006 fue-

478 1068 609 1111 runt
634 1056 770 1126 ipsis
801 1055 991 1117 duces,
1014 1050 1190 1105 donec
1249 1049 1516 1112 Herodes,
1561 1045 1835 1115 Antipatri
1885 1043 2050 1108 ﬁlius,

476 1163 676 1219 genere
706 1146 1049 1209 Palaestinus,
1074 1142 1170 1213 qui
1193 1142 1469 1197 tetrarcha
1509 1137 1927 1210 cognominatus
1943 1143 2050 1200 est,

476 1237 770 1308 acquisivit
807 1236 913 1291 sibi
964 1250 1194 1305 regnum
1221 1233 1324 1288 sub
1365 1247 1475 1302 quo
1517 1239 1574 1286 et
1615 1230 1733 1299 ipse
1774 1235 1939 1282 natus
1970 1235 2056 1281 est

476 1329 750 1394 Christus,
785 1348 802 1378 ι
826 1327 1176 1397 Exspectatio
1222 1325 1489 1397 gentium.
1517 1343 1534 1376 ι
1591 1319 1747 1388 Quod
1797 1319 1946 1374 enim
1987 1333 2054 1372 eo

478 1428 609 1476 nato
653 1420 898 1491 gentium
938 1417 1236 1474 multitudo
1283 1418 1356 1472 sit
1387 1424 1622 1480 servata,
1658 1427 1771 1468 non
1807 1417 1894 1466 est
1917 1425 2057 1480 opus

479 1512 666 1567 multis
716 1511 902 1567 verbis
938 1511 1338 1575 demonstrare,
1372 1523 1498 1574 cum
1541 1522 1632 1561 res
1672 1506 1790 1575 ipsa
1849 1518 1948 1574 per
1995 1517 2056 1558 se

400 1659 410 1668 _
480 1605 752 1674 loquatur.
812 1603 1203 1658 Verumlamen
1246 1601 1391 1672 quod
1453 1599 1608 1669 prius
1661 1597 1937 1651 admissus
1987 1594 2059 1650 sit

479 1694 716 1765 populus
742 1706 938 1748 recens
970 1707 1069 1762 per
1095 1691 1256 1746 ﬁdem
1280 1699 1442 1744 natus
1463 1704 1528 1744 ac
1573 1702 1770 1752 novus,
1799 1685 2058 1756 quodque

2149 587 2302 655 ἰσχὺς
2331 586 2426 638 τοῦ
2451 585 2866 656 γεγεννηκότος,
2903 583 3302 656 ὑποδηλώσειεν
3326 585 3394 639 ἂν
3422 587 3522 640 οὐκ
3547 587 3733 658 ἀσυμ·

2147 676 2332 745 φανῶς
2356 678 2385 729 6
2443 677 2623 746 λόγος.
2670 677 2836 729 ’Λλλά
2862 678 2950 741 τίς
2986 675 3057 748 δὴ
3095 678 3204 747 ἀρα
3237 679 3330 731 καὶ
3356 679 3386 732 6
3416 679 3513 749 τῆς
3543 681 3734 750 ὲπιδηυ

2151 767 2280 839 μίας
2313 768 2464 821 ἔσται
2481 767 2694 838 καιρὸς,
2723 767 3013 838 ἐμφανίζει
3039 766 3246 837 λέγων’
3289 787 3309 821 ι
3341 769 3455 822 Οὐκ
3485 770 3728 841 ἐκλείψει

2137 859 2334 931 ’ἄρχων
2353 858 2414 924 ἐξ
2453 858 2643 923 Ἰούδα,
2661 859 2756 912 καὶ
2783 858 3091 930 ἡγούμενος
3109 861 3174 913 ὲκ
3189 859 3301 914 τῶν
3333 861 3524 932 μηρῶν
3539 862 3736 925 αὐτοῦ,

2148 951 2256 1016 έως
2299 951 2365 1007 ἂν
2414 952 2546 1024 ἔλθῃ
2595 945 2642 1020 ᾧ
2686 952 2999 1007 ἀπόκειται.
3051 953 3162 1006 Καὶ
3211 954 3376 1017 αὐτὸς
3439 946 3741 1025 προσδοκία

2149 1042 2339 1099 ἑθνῶν.
2388 1061 2407 1095 ι
2451 1040 2661 1115 *Ηρχον
2705 1045 2804 1115 μὲν
2834 1044 2944 1116 γὰρ
2991 1044 3250 1110 Ἰουδαῖοι,
3283 1046 3377 1098 καὶ
3408 1045 3467 1112 εξ
3506 1047 3743 1116 αἵματος

2163 1134 2382 1207 Ἰσραὴλ
2418 1132 2560 1206 ἦσαν
2596 1139 2646 1189 ol
2689 1137 2818 1207 παρ’
2850 1136 3035 1200 αὐτοῖς
3073 1135 3396 1208 ἡγούμενον
3441 1137 3634 1209 μέχρις
3667 1139 3744 1192 ἂν

2163 1226 2408 1298 Ἡρώδης
2431 1228 2460 1280 6
2514 1227 2876 1299 Ἀντιπάτρου
2918 1230 3069 1291 παῖς,
3097 1228 3456 1291 Παλαιστινδς
3505 1227 3601 1291 ῶν,
3647 1247 3746 1282 τεο

2153 1319 2400 1390 τράρχης
2431 1318 2768 1389 ὠνόμασται,
2819 1320 2916 1374 καὶ
2961 1320 3363 1390 μετεποιήσατο
3396 1319 3495 1390 τῆς
3521 1320 3701 1392 ἀρχῆς
3723 1335 3736 1347 ·

2155 1410 2241 1480 ἐφ’
2269 1405 2330 1464 οὗ
2360 1411 2454 1464 καὶ
2483 1410 2642 1475 αὐτὸς
2676 1410 3000 1480 γεγέννηται
3029 1410 3283 1481 Χριστὸς,
3323 1430 3342 1462 ι
3372 1412 3405 1482 ἡ
3432 1411 3542 1464 τῶν
3566 1409 3746 1463 ἐθνῶν

2155 1501 2470 1572 προσδοκία.
2509 1520 2528 1552 ι
2565 1503 2690 1555 Ὅτι
2723 1501 2830 1572 γὰρ
2881 1501 3150 1554 σέσωσται
3182 1502 3216 1571 ἡ
3251 1500 3358 1554 τῶν
3397 1500 3566 1556 ἐθνῶν
3602 1502 3747 1572 πλη-

2156 1595 2252 1657 θὺς
2281 1595 2632 1664 γεννηθέντος
2665 1593 2853 1656 αὑτοῦ,
2879 1593 3108 1664 μακρῶν
3141 1593 3202 1644 οὐ
3233 1591 3414 1663 δεήσει
3445 1592 3580 1663 πρὸς
3604 1592 3749 1646 aude

2155 1682 2320 1748 δειξιν
2351 1683 2548 1753 λόγων,
2579 1682 2745 1738 αὑτοῦ
2779 1681 3209 1752 διακεκραγότος
3252 1681 3347 1734 τοῦ
3388 1683 3745 1752 πράγματος.

479 1795 602 1856 post
628 1787 776 1841 hunc
798 1785 1078 1841 vocandus
1103 1784 1173 1840 sit
1198 1782 1384 1848 Israel,
1444 1780 1708 1836 continuo
1733 1778 1945 1841 docuit,
1975 1775 2056 1829 di-

2161 1775 2307 1848 Πλὴν
2340 1775 2423 1830 ὅτι
2457 1775 2860 1847 προεισὰρρησε
2897 1775 2993 1844 μὲν
3032 1773 3119 1826 διὰ
3153 1773 3390 1836 πίστεως
3418 1775 3445 1826 6
3475 1774 3534 1837 ἐξ
3568 1772 3750 1826 ἐθνῶν

482 1894 652 1934 cens:
696 1897 714 1928 ι
763 1877 962 1948 Ligans
1023 1877 1092 1930 ad
1139 1877 1305 1930 vitem
1356 1873 1568 1943 pullum
1628 1887 1809 1926 suum.
1857 1888 1876 1920 ι
1919 1868 2058 1925 Vitis

479 1969 629 2024 enim
660 1969 752 2023 illa
774 1985 924 2033 vera,
953 1969 1058 2022 hoc
1094 1977 1180 2022 est
1200 1967 1477 2029 Christus,
1508 1965 1664 2033 quasi
1700 1962 1805 2017 sibi
1833 1960 1938 2031 ipsi
1960 1975 2058 2030 per

483 2057 643 2112 ﬁdem
670 2056 912 2127 alligavit
950 2055 1114 2126 224
1158 2054 1422 2124 populum
1469 2068 1538 2107 ex
1583 2051 1860 2121 gentibus,
1891 2064 2057 2119 quem

481 2144 636 2212 pullo
665 2152 970 2212 comparat.
1013 2142 1172 2206 Quod
1201 2149 1384 2196 autem
1425 2140 1660 2209 alligarit
1697 2139 1952 2210 capreolo
1971 2137 2056 2193 vi-

484 2235 571 2300 tis,
611 2235 715 2288 hoc
729 2245 831 2298 est,
859 2233 1152 2289 dilectione
1191 2248 1309 2298 sua,
1336 2232 1547 2302 pullum
1573 2233 1757 2296 asina,
1793 2233 2056 2302 populum

481 2326 727 2396 inquam,
759 2326 853 2394 qui
898 2323 1137 2380 credidit
1177 2340 1246 2378 ex
1269 2324 1447 2394 prisca
1492 2322 1808 2378 Judazorum
1857 2330 2054 2385 matre,

480 2427 577 2473 aut
603 2419 906 2490 Synagoga,
933 2416 1210 2487 quomodo
1234 2416 1358 2485 quis
1401 2413 1752 2479 dubitaverit,
1780 2428 1906 2468 eum
1933 2413 2058 2466 uni-

479 2526 657 2575 versa,
679 2519 742 2566 ut
762 2525 874 2564 uno
901 2509 1073 2562 verbo
1097 2507 1300 2570 dicam,
1330 2521 1486 2562 sacra
1520 2499 1802 2574 Scriptura
1828 2512 2057 2558 testetur

482 2601 588 2655 hoc
643 2597 1010 2671 mysterium?
1054 2595 1151 2651 sed
1195 2594 1344 2665 quod
1398 2592 1621 2664 proprio
1669 2592 1932 2663 sanguine
1985 2591 2057 2646 sit

480 2707 632 2746 suam
655 2691 829 2762 ipsius
857 2703 1082 2744 carnem
1112 2688 1390 2741 tincturus
1425 2685 1574 2755 ligno
1610 2684 1804 2739 allixus
1846 2700 1912 2738 ac
1934 2685 2056 2738 lan-

480 2799 576 2839 cea
631 2781 964 2853 perforatus,
1003 2777 1248 2834 ostendit
1286 2776 1377 2832 his
1421 2775 1632 2830 verbis:
1670 2795 1686 2826 ι
1712 2775 1942 2829 Lavabit
2000 2774 2055 2828 in

481 2876 611 2930 vino
665 2873 864 2928 stolam
928 2885 1106 2933 suam,
1167 2879 1224 2924 et
1277 2869 1332 2924 in
1371 2867 1637 2938 sanguine
1677 2882 1794 2921 uvae
1831 2866 2057 2935 pallium

481 2982 662 3022 suum.
713 2983 730 3015 ι
776 2963 932 3019 Unde
972 2972 1029 3017 et
1083 2962 1306 3016 divinus
1329 2962 1500 3016 Isaias
1521 2974 1811 3014 ascensum
1851 2958 2055 3014 Christi

482 3057 549 3112 ad
579 3057 749 3112 cmlos
778 3069 1067 3118 enarrans,
1096 3055 1320 3124 angelos
1347 3062 1440 3107 aut
1459 3064 1726 3121 supernas
1755 3057 2058 3120 potestates

485 3149 790 3204 introduxit
838 3147 915 3200 ita
963 3146 1142 3214 ipsum
1192 3145 1419 3198 all'atos:
1469 3141 1646 3206 «Quis
1690 3149 1776 3194 est
1824 3140 1927 3194 iste
1961 3138 2056 3208 qui

482 3241 634 3295 venit
661 3255 728 3292 ex
753 3237 966 3292 Edom?
995 3235 1226 3290 Rubcdo
1248 3234 1304 3287 in
1340 3232 1687 3287 vestimentis
1709 3233 1830 3302 ejus
1863 3247 1929 3285 ex
1950 3231 2058 3286 Bo-

481 3346 574 3385 sor
601 3331 738 3383 “"7.
771 3348 790 3380 ι
819 3329 888 3382 Ει
910 3341 1132 3380 rursus:
1176 3343 1192 3373 σ
1214 3322 1326 3378 Cur
1360 3323 1526 3377 rubra
1577 3331 1708 3377 sunt
1734 3323 2057 3378 vestimenta

488 3434 598 3486 tua,
622 3430 680 3475 et
727 3420 1046 3474 indumenta
1093 3424 1185 3470 tua
1224 3423 1482 3482 tanquam
1515 3429 1580 3468 ex
1623 3413 1836 3468 calcato
1872 3422 2058 3467 torcu-

483 3512 584 3566 lari
615 3511 700 3564 ⁸⁸⁸1
728 3531 744 3560 ι
778 3511 948 3564 Porro
970 3507 1117 3577 quod
1146 3506 1251 3560 etsi
1279 3512 1530 3559 mortuus
1550 3505 1737 3568 fuerit,
1761 3513 1817 3559 et
1839 3503 2058 3559 Judmo-

485 3619 606 3658 rum
633 3616 930 3672 perpessus
969 3601 1040 3654 sit
1076 3597 1584 3660 debacchationem,
1616 3597 1819 3666 alapas,
1856 3611 2059 3667 oppro-

485 3697 636 3751 bria:
667 3703 848 3748 tamen
896 3707 1006 3748 non
1044 3691 1280 3746 multum
1323 3705 1390 3744 ea
1429 3689 1660 3753 curarit,
1708 3704 1903 3758 passus
1960 3703 2060 3758 pro

483 3785 662 3849 nobis,
699 3797 999 3852 omnesque
1024 3781 1269 3843 salvans;
1323 3776 1422 3833 sed
1466 3776 1650 3847 potius
1685 3793 1784 3846 pro
1810 3777 2059 3848 gratissi-

483 3877 604 3939 mis,
641 3875 861 3945 sibique
912 3871 1150 3928 assuetis
1193 3868 1412 3925 deliciis
1452 3868 1729 3933 habuerit,
1765 3867 2062 3923 declaravit

481 3969 652 4024 Jacob
704 3967 790 4022 his
829 3966 1046 4021 verbis:
1091 3961 1367 4020 «Gratiosi
1397 3959 1545 4017 oculi
1583 3961 1665 4024 tui
1707 3975 1777 4016 ex
1828 3959 1979 4014 vino.
2033 3978 2051 4011 ι

483 4060 615 4114 Nam
652 4075 721 4113 ex
746 4059 854 4121 his,
889 4065 952 4111 ut
973 4056 1234 4120 arbitror,
1264 4052 1496 4124 intelligi
1549 4050 2056 4123 debetjucundum,

483 4153 664 4204 laetum
707 4159 765 4203 et
815 4149 1015 4211 hilare,
1064 4161 1174 4214 quo
1227 4146 1417 4200 divina
1453 4145 1629 4215 ipsius
1665 4155 1867 4200 natura
1922 4158 2062 4214 prm-

483 4241 596 4294 dita
656 4247 762 4292 est.
819 4238 973 4292 Mens
1009 4251 1204 4290 eorum
1243 4235 1338 4305 qui
1391 4235 1586 4289 vinum
1638 4235 1918 4300 biberunt,
1967 4237 2058 4307 ju—

483 4330 661 4386 cunda
695 4329 809 4384 fere
833 4343 954 4383 esse
984 4326 1146 4393 solet,
1207 4336 1264 4382 et
1290 4327 1360 4382 ab
1387 4327 1453 4381 iis
1476 4341 1587 4395 qua
1650 4327 1929 4383 tristitiam
1975 4328 2060 4398 gi-

2159 1869 2453 1940 ἀρτιγενής
2489 1885 2550 1921 τε
2581 1867 2678 1922 καὶ
2721 1867 2841 1930 νέος
2882 1866 3032 1930 λαὸς,
3061 1865 3480 1937 εἰσκληθήσεται
3525 1865 3583 1918 δὲ
3618 1866 3749 1936 μετ’

2159 1963 2321 2016 αὑτὸν
2370 1962 2467 2015 καὶ
2506 1963 2535 2015 6
2584 1961 2822 2032 Ἰσραὴλ,
2871 1959 3074 2024 ἐδίδαξε
3119 1960 3293 2029 λέγων
3333 1958 3518 2022 εὐθύς·
3575 1977 3595 2010 ι
3635 1960 3748 2011 Δε-

2162 2052 2378 2122 σμεύων
2401 2052 2538 2123 πρὸς
2567 2051 2812 2123 ἄμπελον
2842 2051 2934 2106 τὸν
2968 2051 3146 2104 πῶλον
3175 2050 3398 2104 αὑτοῦ.»
3430 2050 3751 2121 Προσὲδησι

2160 2143 2270 2214 γὰρ
2297 2143 2486 2213 ῶσπερ
2516 2142 2694 2214 ἐαυτῷ
2709 2143 2798 2197 διὰ
2817 2143 3078 2208 πίστεως,
3105 2144 3138 2213 ἡ
3163 2141 3455 2213 ἄμπελοςή
3486 2140 3752 2212 ἀληθινὴ,

2158 2235 2403 2288 τουτέστι
2435 2235 2690 2305 Χριστὸς,
2723 2233 2816 2287 τὸν
2849 2232 2910 2297 ἐξ
2955 2231 3124 2286 ἐθνῶν
3165 2232 3316 2299 λαὸν,
3363 2231 3422 2286 ὃν
3452 2231 3530 2303 τῷ
3575 2231 3754 2303 πώλῳ

2160 2325 2506 2397 παρεικάζει.
2535 2325 2839 2397 Προσέδησε
2863 2324 2921 2378 δὲ
2956 2325 3037 2378 ὅτι
3066 2326 3130 2394 τῇ
3162 2324 3302 2378 ἕλικι
3337 2323 3437 2392 τῆς
3465 2323 3751 2394 ἀμπέλου,

2159 2418 2461 2484 τουτέστιν,
2483 2418 2670 2487 ἀγάπῃ
2699 2419 2766 2487 τῇ
2791 2417 2921 2488 παρ’
2951 2414 3170 2479 ἑαυτοῦ,
3187 2413 3278 2467 τὸν
3302 2413 3478 2467 πῶλον
3496 2413 3594 2483 τῆς
3615 2413 3752 2466 όνου

2161 2509 2350 2576 αὐτοῦ,
2373 2509 2518 2580 φημὶ
2531 2509 2596 2579 δὴ
2624 2507 2716 2561 τὸν
2737 2509 2802 2560 ὲκ
2821 2509 2920 2578 τῆς
2949 2506 3314 2578 ἀρχαιοτέρας
3335 2505 3435 2574 τῆς
3467 2506 3752 2560 Ἰουδαίων

2166 2603 2392 2675 μητρὸς,
2415 2603 2535 2674 ἢτοι
2552 2601 2652 2670 τῆς
2669 2599 3001 2669 Συναγωγῆς
3024 2597 3429 2652 πεπιστευκότα
3453 2597 3602 2662 λαὸν,
3625 2599 3752 2662 πῶς

2163 2696 2229 2750 ἂν
2262 2691 2554 2748 ὲνδοιάσειέ
2583 2709 2670 2756 τις
2690 2731 2705 2755 ,
2737 2692 2976 2762 ἁπάσης,
3008 2690 3083 2755 ὡς
3113 2690 3244 2753 ἔπος
3268 2693 3461 2756 εἰπεῖν,
3497 2690 3594 2759 τῆς
3622 2689 3754 2743 θεο-

2161 2783 2426 2840 πνεύστου
2462 2784 2683 2856 Γραφῆς
2707 2783 2978 2854 λαλούσης
3005 2785 3136 2853 ἡμῖν
3163 2783 3223 2836 τὸ
3255 2783 3588 2854 μυστήριονς
3617 2783 3753 2838 Ὀτι

2161 2875 2217 2929 δὲ
2246 2875 2471 2945 ἔμελλεν
2506 2875 2700 2945 αἵματι
2729 2873 2806 2944 τῷ
2841 2873 2955 2944 ἰδίῳ
2993 2874 3091 2944 τὴν
3125 2871 3318 2926 ἑαυτοῦ
3359 2872 3752 2941 καταφοινίξαι

2166 2967 2365 3036 σάρκα,
2410 2965 2854 3036 προσηλούμενος
2885 2963 2963 3034 τῷ
2995 2963 3157 3034 ξύλῳ,
3197 2965 3292 3018 καὶ
3321 2967 3386 3034 τῇ
3421 2963 3594 3036 λόγχῃ
3621 2963 3753 3017 δια-

2111 3104 2128 3122 ,
2165 3055 2518 3125 νενυγμένος,
2551 3055 2833 3126 ἐνέφηνεν,
2867 3054 3068 3108 εἰπών·
3110 3074 3129 3107 ι
3170 3055 3368 3109 Πλυνεῖ
3397 3057 3454 3109 ἐν
3487 3057 3618 3127 οϊνῳ
3641 3057 3750 3129 τὴν

2164 3147 2356 3218 στολὴν
2385 3145 2574 3212 αὐτοῦ,
2607 3146 2703 3200 καὶ
2727 3149 2785 3200 ὲν
2808 3146 3002 3216 αἵματι
3021 3147 3297 3217 σταφυλῆς
3323 3147 3421 3218 τὴν
3446 3146 3753 3218 περιϐολὴν

2161 3237 2346 3291 αὐτοῦ.
2383 3257 2402 3289 ι
2434 3239 2545 3291 Καὶ
2579 3236 2709 3307 γοῦν
2745 3238 2772 3291 ό
2809 3237 3096 3302 θεσπέσιος
3134 3238 3383 3302 Ἡσαΐας,
3414 3237 3514 3309 τὴν
3543 3239 3623 3302 εἰς
3650 3239 3754 3292 οὐ-

2164 3329 2362 3400 ρανοὺς
2397 3328 2756 3399 ἀναφοίτησιν
2791 3329 2888 3382 τοῦ
2925 3329 3162 3400 Χριστοῦ
3196 3329 3572 3402 διηγούμενος,
3617 3330 3756 3394 τοὺς

2163 3419 2350 3489 ἁγίους
2383 3420 2583 3490 ἔφησεν
2627 3421 2893 3490 ἀγγέλους
2927 3424 3125 3485 εἰπεῖν,
3155 3423 3273 3492 ἢτοι
3313 3423 3412 3486 τὰς
3445 3422 3558 3476 ἄνω
3585 3422 3756 3476 δυνά-

2166 3527 2307 3582 μεις·
2347 3529 2363 3560 ι
2395 3512 2490 3574 Τίς
2521 3506 2673 3575 οὗτος
2704 3512 2732 3564 6
2763 3513 3207 3584 παραγενόμενος
3231 3513 3289 3580 ἐξ
3334 3513 3547 3585 Ἐδώμ;
3588 3513 3756 3584 Ἐρύ-

2163 3601 2351 3674 θρημα
2386 3603 2617 3674 ἱματίων
2643 3604 2808 3657 αὐτοῦ
2843 3606 2908 3658 ὲκ
2929 3606 3118 3676 Βοσὸρ.
3159 3625 3176 3657 ι
3213 3606 3324 3659 Καὶ
3351 3605 3540 3660 πάλιν·
3569 3625 3588 3656 ι
3630 3609 3758 3662 ἰνα

2160 3695 2214 3748 τί
2249 3712 2342 3748 σου
2373 3695 2578 3766 ἐρυθρᾶ
2604 3696 2672 3750 τά
2705 3696 2933 3767 ίμὰτιας
2980 3700 3074 3752 καὶ
3122 3698 3191 3752 τὰ
3234 3698 3511 3769 ὲνδύματά
3539 3716 3634 3753 σου
3671 3701 3753 3765 ὡς

2162 3785 2271 3840 ἀπὸ
2298 3786 2538 3857 πατητοῦ
2567 3786 2730 3856 ληνοῦ
2752 3829 2767 3842 .
2799 3808 2816 3840 ι
2857 3789 2978 3843 Ὅτι
3009 3789 3066 3843 δὲ
3096 3788 3196 3844 κᾶν
3233 3791 3281 3843 εί
3315 3791 3539 3859 γέγονεν
3571 3793 3629 3846 ἐν
3659 3810 3758 3846 νε-

2163 3868 2336 3947 κροῖς,
2373 3877 2475 3930 κᾶν
2506 3881 2555 3930 εί
2584 3878 2684 3942 τάς
2722 3879 2829 3933 τῶν
2881 3879 3148 3934 Ἰουδαίων
3190 3882 3478 3952 παροινίας
3523 3883 3752 3955 ἀνέτλη,

2167 3968 2487 4040 ῥαπίσματα
2505 3971 2597 4022 καὶ
2613 3971 2972 4041 ὀνειδισμοὺς,
2993 3973 3053 4026 οὐ
3079 3973 3247 4036 πολὺς
3268 3975 3418 4045 αὐτῷ
3443 3975 3552 4028 τῶν
3573 3977 3756 4032 τοιού-

2161 4075 2270 4112 των
2298 4059 2326 4112 ό
2369 4057 2547 4126 λόγος,
2594 4060 2892 4113 πεπονθότι
2941 4060 3009 4113 δι’
3055 4061 3226 4130 ἡμᾶς,
3267 4063 3359 4115 καὶ
3401 4062 3751 4117 ἀνασώσαντι

2161 4150 2262 4222 τὴν
2291 4152 2381 4204 ὑπ’
2408 4153 2637 4222 οὐρανόν
2657 4169 2671 4184 ο
2701 4152 2817 4206 ἐστι
2847 4153 2904 4205 δὲ
2935 4152 3133 4223 μᾶλλον
3164 4156 3221 4207 ἐν
3243 4157 3364 4218 ταῖς
3393 4153 3542 4224 αὑτῴ
3564 4155 3752 4224 φιλαι-

2161 4241 2353 4304 τάταις
2400 4243 2489 4294 ἀεὶ
2548 4244 2641 4296 καὶ
2691 4243 2982 4314 συνήθεσιν
3018 4245 3328 4316 εὐθυμίαις,
3367 4245 3752 4316 παραδείξειεν

2163 4331 2230 4386 ἂν
2259 4331 2447 4388 εἰπών’
2485 4353 2504 4386 ι
2541 4336 2788 4406 Χαροποὶ
2816 4337 2864 4388 oi
2895 4335 3166 4408 ὀφθαλμοὶ
3191 4337 3356 4391 αὑτοῦ
3379 4338 3489 4392 ἀπὸ
3517 4337 3685 4392 οίνου.
3727 4357 3746 4389 ι

482 4428 688 4491 guunt,
742 4433 1096 4489 summopere
1158 4418 1442 4473 abhorret.
1501 4416 1640 4471 Cum
1703 4433 1836 4472 vero
1880 4432 2056 4472 sermo

2160 4425 2398 4496 Νοηθείη
2430 4426 2539 4494 γὰρ
2579 4427 2645 4480 ἂν
2683 4429 2740 4480 ἐν
2765 4429 2998 4495 τούτοις,
3030 4429 3283 4500 καθάπερ
3317 4429 3429 4498 ἐγὼ
3467 4425 3643 4500 οἶμαι,
3689 4431 3752 4484 τὸ

481 4507 888 4580 quodammodo
909 4523 939 4562 e
976 4506 1238 4564 dentibus
1260 4507 1542 4578 procedat,
1573 4506 1698 4563 ideo
1721 4515 1776 4564 et
1809 4507 1910 4564 hos
1938 4524 2058 4564 esse

481 4601 560 4656 ait
593 4599 887 4664 candidos,
917 4598 1094 4668 utqui
1125 4614 1436 4654 sermonem
1467 4600 1767 4655 candidum
1811 4617 1912 4671 per
1950 4601 2059 4657 lin-

481 4707 642 4763 guam
669 4690 944 4746 emittant.
969 4689 1226 4746 Christus
1281 4691 1428 4745 enim
1459 4707 1805 4761 nequaquam
1845 4693 2058 4749 vanilo-

482 4797 626 4852 quus
679 4788 784 4844 est,
839 4779 936 4834 sed
990 4781 1171 4850 potius
1225 4781 1520 4837 veridieus.
1569 4782 1853 4853 Siquidem
1899 4799 2061 4841 omne

482 4872 630 4943 quod
656 4871 901 4942 loquitur
927 4878 1178 4926 sanctum
1216 4879 1322 4937 est,
1367 4881 1536 4942 atque
1579 4874 1944 4932 admiratione
1979 4876 2066 4932 di-

483 4979 672 5033 gnum,
704 4971 868 5033 atque
924 4962 1062 5018 adeo
1092 4962 1218 5026 tale,
1259 4970 1322 5016 ut
1351 4963 1547 5018 anima:
1581 4976 1639 5020 et
1689 4965 1861 5020 menti
1899 4965 2062 5020 audi-

486 5059 666 5110 torum
705 5055 1209 5126 splendidissimum
1240 5053 1431 5110 lumen
1453 5054 1734 5112 immittat.

2165 4515 2330 4568 οἱονεὶ
2360 4515 2693 4584 φιλομειδὲς,
2728 4519 2825 4571 καὶ
2868 4518 2930 4572 τὸ
2975 4520 3062 4575 ἀεί
3111 4538 3227 4585 πως
3269 4520 3507 4591 εὔθυμόν
3549 4538 3610 4574 τε
3653 4523 3752 4574 καὶ

2168 4606 2350 4677 ἱλαρὸν
2381 4605 2479 4676 τῆς
2501 4607 2754 4678 θεότητος
2785 4609 2975 4665 αὐτοῦ.
3016 4611 3221 4683 Ὶλαρὸς
3239 4613 3348 4684 γάρ
3375 4630 3494 4676 πως
3525 4614 3613 4667 ἀεὶ
3638 4616 3754 4677 τοῖς

2167 4699 2480 4752 πεπωκόσιν
2508 4702 2536 4755 6
2565 4700 2710 4765 νοῦς,
2741 4703 2838 4754 καὶ
2866 4702 2975 4756 τῶν
3004 4705 3339 4758 καταλυπετν
3367 4704 3638 4758 εἰωθότων
3668 4705 3754 4758 ὅτι

2171 4791 2406 4861 μάλιστα
2435 4795 2868 4864 καταφρονητὴς.
2904 4796 3121 4866 Ἐπειδὴ
3148 4797 3204 4850 δὲ
3234 4795 3292 4860 ἐξ
3313 4797 3543 4850 ἐδόντων
3561 4796 3754 4869 ὥσπερ

2165 4881 2414 4953 πρόεισιν
2447 4885 2475 4937 6
2499 4883 2677 4952 λόγος,
2707 4885 2932 4949 λευκοὺς
2965 4881 3103 4940 εἶναι
3143 4889 3238 4941 καὶ
3269 4888 3465 4952 αὐτούς
3493 4906 3651 4960 φησι,
3677 4891 3754 4953 ὡς

2165 4971 2403 5046 καθαρόν
2436 4992 2493 5029 τε
2533 4975 2627 5028 καὶ
2680 4976 2938 5031 ἕκλευκον
2979 4979 3072 5032 τὸν
3125 4980 3233 5034 ἀπὸ
3272 4981 3520 5051 γλώττης
3574 4981 3755 5044 ἱέντας

2165 5062 2344 5132 λόγον.
2403 5065 2786 5140 Ἀμαρτοεπὴς
2839 5068 2948 5139 γὰρ
3000 5070 3273 5142 οὐδαμῶς,
3330 5073 3664 5145 εὐθυρήμων
3694 5072 3754 5127 δὲ

488 5146 686 5239 μᾶλλον
713 5147 808 5200 καὶ⁸
840 5147 1047 5219 ἀληθὴς
1084 5149 1111 5200 6
1143 5146 1413 5218 Χριστός⁸
1440 5149 1536 5203 καὶ
1576 5152 1706 5215 πᾶν,
1740 5149 1793 5205 εἴ
1852 5169 1906 5206 τι
1967 5153 2282 5225 φθέγξαιτο,
2313 5158 2468 5212 τοῦτό
2532 5161 2681 5214 ἑστιν
2724 5162 3080 5234 ἀγιοπρεπὲς,
3149 5166 3242 5219 καὶ
3278 5167 3751 5239 τεθαυμασμένον,

484 5239 578 5290 καὶ
618 5238 874 5310 πλείστην
905 5242 1035 5312 ὅσην
1071 5241 1336 5312 ἐμποιοῦν
1375 5244 1507 5306 τοῖς·
1533 5244 1909 5317 ἀκροωμένοις
1957 5249 2056 5321 τὴν
2094 5254 2174 5316 είς
2204 5252 2382 5323 ψυχήν
2411 5271 2469 5307 τε
2497 5257 2589 5308 καὶ
2622 5256 2750 5310 νοῦν
2771 5257 3158 5331 λαμπρότητα.

1086 5352 1162 5406 De
1195 5353 1240 5408 Ζ
1243 5353 1456 5409 abulon.

563 5458 578 5488 ι
611 5439 857 5495 Zabulon
909 5443 1238 5506 maritimus,
1303 5445 1577 5526 habitabit
1628 5455 1685 5501 et
1732 5448 1848 5520 ipse
1897 5449 2054 5521 juxta

485 5534 700 5594 portum
753 5531 994 5596 navium,
1042 5542 1098 5586 et
1147 5533 1408 5590 extendet
1436 5550 1498 5589 se
1537 5551 1710 5607 usque
1757 5537 1825 5593 ad
1885 5537 2047 5594 Sido-

556 5697 671 5729 “°"’
704 5703 802 5757 lsa.
833 5721 977 5770 um,
1013 5709 1062 5760 1.
1141 5711 1182 5739 ³⁸
1207 5709 1340 5763 ibid.
1374 5710 1426 5762 2.

2627 5369 2769 5437 Περὶ
2791 5370 2897 5426 τοῦ
2927 5371 3276 5427 Ζαϐουλὼν.

2241 5470 2261 5502 ι
2299 5452 2588 5510 Ζαϐουλὼν
2615 5459 2901 5530 παράλιος,
2929 5465 3250 5534 κατοικήσει
3290 5465 3386 5519 καὶ
3414 5464 3579 5526 αὐτὸς
3623 5464 3754 5535 παρ’

2159 5544 2330 5616 ὅρμον
2354 5546 2575 5616 πλοίων,
2600 5553 2693 5608 καὶ
2717 5557 3013 5625 παρατενιῐ
3035 5555 3141 5622 ιως
3175 5557 3425 5622 Σιδῶνος.
3465 5575 3480 5608 ι
3515 5557 3750 5613 Φθάσαν-
