  <div class='ocr_page' id='page_1' title='image "/cluster/home/n/w/nwhite01/storage/ocr_20150623/69/hvd.32044073501983/184.png"; bbox 0 0 4032 6198; ppageno 0'>
   <div class='ocr_carea' id='block_1_1' title="bbox 268 256 373 315">
    <p class='ocr_par' dir='ltr' id='par_1_1' title="bbox 268 256 373 315">
     <span class='ocr_line' id='line_1_1' title="bbox 268 256 373 315; baseline -0.038 0"><span class='ocrx_word' id='word_1_1' title='bbox 268 256 373 315; x_wconf 72' lang='lat'><strong>357</strong></span> 
     </span>
    </p>
   </div>
   <div class='ocr_carea' id='block_1_2' title="bbox 1261 253 2544 314">
    <p class='ocr_par' dir='ltr' id='par_1_2' title="bbox 1261 253 2544 314">
     <span class='ocr_line' id='line_1_2' title="bbox 1261 253 2544 314; baseline 0.005 -6"><span class='ocrx_word' id='word_1_2' title='bbox 1261 253 1780 309; x_wconf 74' lang='lat' dir='ltr'><strong>GLAPIIYRORUM</strong></span> <span class='ocrx_word' id='word_1_3' title='bbox 1816 256 1882 312; x_wconf 73' lang='lat' dir='ltr'><strong>IN</strong></span> <span class='ocrx_word' id='word_1_4' title='bbox 1923 256 2222 313; x_wconf 68' lang='lat' dir='ltr'><strong>CENESIM</strong></span> <span class='ocrx_word' id='word_1_5' title='bbox 2263 257 2392 313; x_wconf 84' lang='lat' dir='ltr'><strong>LIB.</strong></span> <span class='ocrx_word' id='word_1_6' title='bbox 2434 259 2544 314; x_wconf 71' lang='lat' dir='ltr'><strong>VII.</strong></span> 
     </span>
    </p>
   </div>
   <div class='ocr_carea' id='block_1_3' title="bbox 3430 266 3534 324">
    <p class='ocr_par' dir='ltr' id='par_1_3' title="bbox 3430 266 3534 324">
     <span class='ocr_line' id='line_1_3' title="bbox 3430 266 3534 324; baseline 0.038 -4"><span class='ocrx_word' id='word_1_7' title='bbox 3430 266 3534 324; x_wconf 72' lang='lat'><strong>5&#39;53</strong></span> 
     </span>
    </p>
   </div>
   <div class='ocr_carea' id='block_1_4' title="bbox 269 369 1855 447">
    <p class='ocr_par' dir='ltr' id='par_1_4' title="bbox 269 369 1852 445">
     <span class='ocr_line' id='line_1_4' title="bbox 269 369 1852 445; baseline -0.002 -17"><span class='ocrx_word' id='word_1_8' title='bbox 269 392 355 438; x_wconf 77' lang='grc' dir='ltr'><strong>τες</strong></span> <span class='ocrx_word' id='word_1_9' title='bbox 392 372 499 445; x_wconf 70' lang='grc' dir='ltr'>ἤδη</span> <span class='ocrx_word' id='word_1_10' title='bbox 540 371 902 443; x_wconf 72' lang='grc' dir='ltr'>προείπομεν,</span> <span class='ocrx_word' id='word_1_11' title='bbox 931 369 1012 423; x_wconf 70' lang='grc' dir='ltr'>ὅτι</span> <span class='ocrx_word' id='word_1_12' title='bbox 1042 369 1134 423; x_wconf 78' lang='grc' dir='ltr'>τὸν</span> <span class='ocrx_word' id='word_1_13' title='bbox 1178 369 1277 440; x_wconf 77' lang='grc' dir='ltr'>τῆς</span> <span class='ocrx_word' id='word_1_14' title='bbox 1326 372 1693 443; x_wconf 73' lang='grc' dir='ltr'><strong>προκειμένης</strong></span> <span class='ocrx_word' id='word_1_15' title='bbox 1721 374 1852 443; x_wconf 77' lang='grc' dir='ltr'>ἡμῖν</span> 
     </span>
    </p>
   </div>
   <div class='ocr_carea' id='block_1_5' title="bbox 1956 369 3534 447">
    <p class='ocr_par' dir='ltr' id='par_1_5' title="bbox 1956 372 3534 447">
     <span class='ocr_line' id='line_1_5' title="bbox 1956 372 3534 447; baseline 0.006 -20"><span class='ocrx_word' id='word_1_16' title='bbox 1956 388 2082 428; x_wconf 90' lang='lat' dir='ltr'><strong>nem</strong></span> <span class='ocrx_word' id='word_1_17' title='bbox 2119 372 2255 427; x_wconf 75' lang='lat'><strong>&quot;&#39;“.</strong></span> <span class='ocrx_word' id='word_1_18' title='bbox 2281 393 2299 425; x_wconf 69' lang='grc' dir='ltr'>ι</span> <span class='ocrx_word' id='word_1_19' title='bbox 2354 372 2531 445; x_wconf 82' lang='lat' dir='ltr'><strong>Supra</strong></span> <span class='ocrx_word' id='word_1_20' title='bbox 2572 372 2812 431; x_wconf 82' lang='lat' dir='ltr'><strong>diximus</strong></span> <span class='ocrx_word' id='word_1_21' title='bbox 2858 376 3003 447; x_wconf 90' lang='lat' dir='ltr'><strong>quod</strong></span> <span class='ocrx_word' id='word_1_22' title='bbox 3039 379 3397 436; x_wconf 73' lang='lat' dir='ltr'><strong>extendentes</strong></span> <span class='ocrx_word' id='word_1_23' title='bbox 3444 399 3534 437; x_wconf 59' lang='lat' dir='ltr'><strong>ra&lt;</strong></span> 
     </span>
    </p>
   </div>
   <div class='ocr_carea' id='block_1_6' title="bbox 266 459 1852 537">
    <p class='ocr_par' dir='ltr' id='par_1_6' title="bbox 266 459 1852 537">
     <span class='ocr_line' id='line_1_6' title="bbox 266 459 1852 537; baseline -0.001 -18"><span class='ocrx_word' id='word_1_24' title='bbox 266 464 611 537; x_wconf 74' lang='grc' dir='ltr'><strong>προφητείας</strong></span> <span class='ocrx_word' id='word_1_25' title='bbox 653 460 1040 536; x_wconf 73' lang='grc' dir='ltr'><strong>βασανίζοντες</strong></span> <span class='ocrx_word' id='word_1_26' title='bbox 1086 459 1266 529; x_wconf 82' lang='grc' dir='ltr'>λόγον,</span> <span class='ocrx_word' id='word_1_27' title='bbox 1325 463 1420 516; x_wconf 71' lang='grc' dir='ltr'><strong>καὶ</strong></span> <span class='ocrx_word' id='word_1_28' title='bbox 1455 463 1602 527; x_wconf 69' lang='grc' dir='ltr'>ὅπως</span> <span class='ocrx_word' id='word_1_29' title='bbox 1631 463 1697 518; x_wconf 80' lang='grc' dir='ltr'><strong>ἂν</strong></span> <span class='ocrx_word' id='word_1_30' title='bbox 1737 464 1852 535; x_wconf 74' lang='grc' dir='ltr'>ἔχοι</span> 
     </span>
    </p>
   </div>
   <div class='ocr_carea' id='block_1_7' title="bbox 267 553 1850 627">
    <p class='ocr_par' dir='ltr' id='par_1_7' title="bbox 267 553 1850 627">
     <span class='ocr_line' id='line_1_7' title="bbox 267 553 1850 627; baseline -0.003 -16"><span class='ocrx_word' id='word_1_31' title='bbox 267 560 361 612; x_wconf 73' lang='grc' dir='ltr'><strong>καὶ</strong></span> <span class='ocrx_word' id='word_1_32' title='bbox 419 556 829 627; x_wconf 82' lang='grc' dir='ltr'>διαπεραίνοιτο</span> <span class='ocrx_word' id='word_1_33' title='bbox 875 553 1078 618; x_wconf 83' lang='grc' dir='ltr'>καλῶς,</span> <span class='ocrx_word' id='word_1_34' title='bbox 1107 553 1395 624; x_wconf 74' lang='grc' dir='ltr'>καταθρεϊν</span> <span class='ocrx_word' id='word_1_35' title='bbox 1438 555 1850 621; x_wconf 78' lang='grc' dir='ltr'><strong>σπουδάζοντες,</strong></span> 
     </span>
    </p>
   </div>
   <div class='ocr_carea' id='block_1_8' title="bbox 266 643 1853 717">
    <p class='ocr_par' dir='ltr' id='par_1_8' title="bbox 266 643 1853 717">
     <span class='ocr_line' id='line_1_8' title="bbox 266 643 1853 717; baseline 0.001 -18"><span class='ocrx_word' id='word_1_36' title='bbox 266 645 426 700; x_wconf 77' lang='grc' dir='ltr'>τοῦτο</span> <span class='ocrx_word' id='word_1_37' title='bbox 451 646 555 716; x_wconf 83' lang='grc' dir='ltr'>μὲν</span> <span class='ocrx_word' id='word_1_38' title='bbox 580 644 653 708; x_wconf 84' lang='grc' dir='ltr'>ὡς</span> <span class='ocrx_word' id='word_1_39' title='bbox 680 644 740 709; x_wconf 77' lang='grc' dir='ltr'><strong>ἐξ</strong></span> <span class='ocrx_word' id='word_1_40' title='bbox 765 643 1081 715; x_wconf 82' lang='grc' dir='ltr'>ὁμοιότητος</span> <span class='ocrx_word' id='word_1_41' title='bbox 1104 643 1215 697; x_wconf 84' lang='grc' dir='ltr'><strong>τῶν</strong></span> <span class='ocrx_word' id='word_1_42' title='bbox 1236 644 1336 714; x_wconf 69' lang='grc' dir='ltr'>ἤδη</span> <span class='ocrx_word' id='word_1_43' title='bbox 1367 645 1853 717; x_wconf 81' lang='grc' dir='ltr'>προειργασμένων</span> 
     </span>
    </p>
   </div>
   <div class='ocr_carea' id='block_1_9' title="bbox 269 734 1854 810">
    <p class='ocr_par' dir='ltr' id='par_1_9' title="bbox 269 734 1854 810">
     <span class='ocr_line' id='line_1_9' title="bbox 269 734 1854 810; baseline 0.003 -20"><span class='ocrx_word' id='word_1_44' title='bbox 269 735 611 807; x_wconf 72' lang='grc' dir='ltr'><strong>πεποιῆσθαι</strong></span> <span class='ocrx_word' id='word_1_45' title='bbox 651 752 856 806; x_wconf 73' lang='grc' dir='ltr'>φαμεν,</span> <span class='ocrx_word' id='word_1_46' title='bbox 882 734 1042 788; x_wconf 86' lang='grc' dir='ltr'>τοῦτο</span> <span class='ocrx_word' id='word_1_47' title='bbox 1068 734 1125 788; x_wconf 81' lang='grc' dir='ltr'>δὲ</span> <span class='ocrx_word' id='word_1_48' title='bbox 1169 736 1264 788; x_wconf 59' lang='grc' dir='ltr'><strong>καὶ⁸</strong></span> <span class='ocrx_word' id='word_1_49' title='bbox 1308 735 1368 803; x_wconf 75' lang='grc' dir='ltr'>ἐξ</span> <span class='ocrx_word' id='word_1_50' title='bbox 1395 738 1566 808; x_wconf 76' lang='grc' dir='ltr'>αὐτῆς</span> <span class='ocrx_word' id='word_1_51' title='bbox 1607 735 1666 792; x_wconf 86' lang='grc' dir='ltr'>εὖ</span> <span class='ocrx_word' id='word_1_52' title='bbox 1708 740 1854 810; x_wconf 83' lang='grc' dir='ltr'>μάλα</span> 
     </span>
    </p>
   </div>
   <div class='ocr_carea' id='block_1_10' title="bbox 264 827 1855 902">
    <p class='ocr_par' dir='ltr' id='par_1_10' title="bbox 264 827 1855 902">
     <span class='ocr_line' id='line_1_10' title="bbox 264 827 1855 902; baseline 0.003 -22"><span class='ocrx_word' id='word_1_53' title='bbox 264 828 369 899; x_wconf 78' lang='grc' dir='ltr'>τῆς</span> <span class='ocrx_word' id='word_1_54' title='bbox 383 828 497 881; x_wconf 82' lang='grc' dir='ltr'><strong>τῶν</strong></span> <span class='ocrx_word' id='word_1_55' title='bbox 518 828 803 899; x_wconf 77' lang='grc' dir='ltr'><strong>ὀνομάτων</strong></span> <span class='ocrx_word' id='word_1_56' title='bbox 815 827 1132 898; x_wconf 77' lang='grc' dir='ltr'><strong>ἑρμηνείας,</strong></span> <span class='ocrx_word' id='word_1_57' title='bbox 1151 828 1436 898; x_wconf 75' lang='grc' dir='ltr'><strong>μονονουχὶ</strong></span> <span class='ocrx_word' id='word_1_58' title='bbox 1453 829 1855 902; x_wconf 84' lang='grc' dir='ltr'>πλαστουργού-</span> 
     </span>
    </p>
   </div>
   <div class='ocr_carea' id='block_1_11' title="bbox 267 914 1855 991">
    <p class='ocr_par' dir='ltr' id='par_1_11' title="bbox 267 914 1855 991">
     <span class='ocr_line' id='line_1_11' title="bbox 267 914 1855 991; baseline 0.003 -20"><span class='ocrx_word' id='word_1_59' title='bbox 267 935 457 990; x_wconf 84' lang='grc' dir='ltr'>μενον,</span> <span class='ocrx_word' id='word_1_60' title='bbox 489 919 588 972; x_wconf 73' lang='grc' dir='ltr'>καὶ</span> <span class='ocrx_word' id='word_1_61' title='bbox 622 917 723 990; x_wconf 80' lang='grc' dir='ltr'>τὴν</span> <span class='ocrx_word' id='word_1_62' title='bbox 762 918 871 970; x_wconf 79' lang='grc' dir='ltr'>τῶν</span> <span class='ocrx_word' id='word_1_63' title='bbox 898 917 1172 988; x_wconf 75' lang='grc' dir='ltr'>ἐσομένων</span> <span class='ocrx_word' id='word_1_64' title='bbox 1202 914 1345 971; x_wconf 83' lang='grc' dir='ltr'>ίδέαν</span> <span class='ocrx_word' id='word_1_65' title='bbox 1380 921 1855 991; x_wconf 68' lang='grc' dir='ltr'>προαναφαίνοντα</span> 
     </span>
    </p>
   </div>
   <div class='ocr_carea' id='block_1_12' title="bbox 264 1005 1851 1083">
    <p class='ocr_par' dir='ltr' id='par_1_12' title="bbox 264 1005 1851 1083">
     <span class='ocr_line' id='line_1_12' title="bbox 264 1005 1851 1083; baseline 0.002 -19"><span class='ocrx_word' id='word_1_66' title='bbox 264 1011 588 1078; x_wconf 76' lang='grc' dir='ltr'>διαδείξειεν</span> <span class='ocrx_word' id='word_1_67' title='bbox 603 1011 692 1077; x_wconf 81' lang='grc' dir='ltr'><strong>ἂν,</strong></span> <span class='ocrx_word' id='word_1_68' title='bbox 708 1005 883 1080; x_wconf 80' lang='grc' dir='ltr'>οἶμαι,</span> <span class='ocrx_word' id='word_1_69' title='bbox 898 1009 984 1073; x_wconf 68' lang='grc' dir='ltr'><strong>τίς</strong></span> <span class='ocrx_word' id='word_1_70' title='bbox 997 1008 1121 1063; x_wconf 82' lang='grc' dir='ltr'>νοῦν</span> <span class='ocrx_word' id='word_1_71' title='bbox 1137 1009 1297 1081; x_wconf 75' lang='grc' dir='ltr'>ἔχων.</span> <span class='ocrx_word' id='word_1_72' title='bbox 1311 1012 1376 1065; x_wconf 87' lang='grc' dir='ltr'><strong>Ὃ</strong></span> <span class='ocrx_word' id='word_1_73' title='bbox 1392 1012 1456 1083; x_wconf 79' lang='grc' dir='ltr'>δὴ</span> <span class='ocrx_word' id='word_1_74' title='bbox 1470 1013 1706 1083; x_wconf 78' lang='grc' dir='ltr'>μάλιστα</span> <span class='ocrx_word' id='word_1_75' title='bbox 1721 1032 1851 1067; x_wconf 87' lang='grc' dir='ltr'>κατ-</span> 
     </span>
    </p>
   </div>
   <div class='ocr_carea' id='block_1_13' title="bbox 265 1101 1854 1170">
    <p class='ocr_par' dir='ltr' id='par_1_13' title="bbox 265 1101 1854 1170">
     <span class='ocr_line' id='line_1_13' title="bbox 265 1101 1854 1170; baseline 0.003 -15"><span class='ocrx_word' id='word_1_76' title='bbox 265 1103 401 1156; x_wconf 77' lang='grc' dir='ltr'>ιδεῖν</span> <span class='ocrx_word' id='word_1_77' title='bbox 437 1101 656 1167; x_wconf 73' lang='grc' dir='ltr'>ἐξέσται</span> <span class='ocrx_word' id='word_1_78' title='bbox 700 1101 863 1155; x_wconf 82' lang='grc' dir='ltr'>πάλιν</span> <span class='ocrx_word' id='word_1_79' title='bbox 898 1102 991 1155; x_wconf 79' lang='grc' dir='ltr'><strong>ἐπί</strong></span> <span class='ocrx_word' id='word_1_80' title='bbox 1032 1118 1092 1154; x_wconf 85' lang='grc' dir='ltr'><strong>τε</strong></span> <span class='ocrx_word' id='word_1_81' title='bbox 1131 1101 1223 1155; x_wconf 86' lang='grc' dir='ltr'><strong>τοῦ</strong></span> <span class='ocrx_word' id='word_1_82' title='bbox 1270 1103 1582 1170; x_wconf 74' lang='grc' dir='ltr'>Ζαϐουλὼν,</span> <span class='ocrx_word' id='word_1_83' title='bbox 1615 1106 1709 1159; x_wconf 77' lang='grc' dir='ltr'><strong>καὶ</strong></span> <span class='ocrx_word' id='word_1_84' title='bbox 1744 1106 1854 1161; x_wconf 86' lang='grc' dir='ltr'><strong>τῶν</strong></span> 
     </span>
    </p>
   </div>
   <div class='ocr_carea' id='block_1_14' title="bbox 265 1192 1855 1267">
    <p class='ocr_par' dir='ltr' id='par_1_14' title="bbox 265 1192 1855 1267">
     <span class='ocr_line' id='line_1_14' title="bbox 265 1192 1855 1267; baseline 0.006 -23"><span class='ocrx_word' id='word_1_85' title='bbox 265 1192 498 1264; x_wconf 68' lang='grc' dir='ltr'>ἑφεξῆς.</span> <span class='ocrx_word' id='word_1_86' title='bbox 529 1192 961 1264; x_wconf 78' lang='grc' dir='ltr'>Διερμηνεῦεται</span> <span class='ocrx_word' id='word_1_87' title='bbox 1001 1192 1110 1265; x_wconf 81' lang='grc' dir='ltr'><strong>γάρ</strong></span> <span class='ocrx_word' id='word_1_88' title='bbox 1137 1194 1346 1249; x_wconf 82' lang='grc' dir='ltr'>εὐοδία</span> <span class='ocrx_word' id='word_1_89' title='bbox 1383 1213 1443 1249; x_wconf 88' lang='grc' dir='ltr'><strong>τε</strong></span> <span class='ocrx_word' id='word_1_90' title='bbox 1477 1197 1573 1250; x_wconf 77' lang='grc' dir='ltr'><strong>καὶ</strong></span> <span class='ocrx_word' id='word_1_91' title='bbox 1608 1199 1855 1267; x_wconf 73' lang='grc' dir='ltr'>εὐλογία</span> 
     </span>
    </p>
   </div>
   <div class='ocr_carea' id='block_1_15' title="bbox 269 1283 1853 1359">
    <p class='ocr_par' dir='ltr' id='par_1_15' title="bbox 269 1283 1853 1359">
     <span class='ocr_line' id='line_1_15' title="bbox 269 1283 1853 1359; baseline 0.003 -19"><span class='ocrx_word' id='word_1_92' title='bbox 269 1285 433 1358; x_wconf 79' lang='grc' dir='ltr'>παρά</span> <span class='ocrx_word' id='word_1_93' title='bbox 466 1302 531 1354; x_wconf 86' lang='grc' dir='ltr'><strong>γε</strong></span> <span class='ocrx_word' id='word_1_94' title='bbox 557 1288 670 1349; x_wconf 83' lang='grc' dir='ltr'>τοῖς</span> <span class='ocrx_word' id='word_1_95' title='bbox 707 1285 778 1340; x_wconf 85' lang='grc' dir='ltr'>τὰ</span> <span class='ocrx_word' id='word_1_96' title='bbox 804 1283 1032 1339; x_wconf 84' lang='grc' dir='ltr'>τοιαῦτα</span> <span class='ocrx_word' id='word_1_97' title='bbox 1054 1285 1379 1358; x_wconf 84' lang='grc' dir='ltr'>διατρανοῦν</span> <span class='ocrx_word' id='word_1_98' title='bbox 1402 1284 1461 1342; x_wconf 82' lang='grc' dir='ltr'><strong>εὖ</strong></span> <span class='ocrx_word' id='word_1_99' title='bbox 1495 1289 1641 1359; x_wconf 85' lang='grc' dir='ltr'>μάλα</span> <span class='ocrx_word' id='word_1_100' title='bbox 1669 1307 1853 1344; x_wconf 83' lang='grc' dir='ltr'>κατει-</span> 
     </span>
    </p>
   </div>
   <div class='ocr_carea' id='block_1_16' title="bbox 178 1375 1857 1453">
    <p class='ocr_par' dir='ltr' id='par_1_16' title="bbox 178 1375 1857 1453">
     <span class='ocr_line' id='line_1_16' title="bbox 178 1375 1857 1453; baseline 0.001 -21"><span class='ocrx_word' id='word_1_101' title='bbox 178 1412 187 1421; x_wconf 69' lang='grc' dir='ltr'><strong>ι</strong></span> <span class='ocrx_word' id='word_1_102' title='bbox 267 1377 575 1449; x_wconf 78' lang='grc' dir='ltr'>θισμένοις.</span> <span class='ocrx_word' id='word_1_103' title='bbox 617 1378 1034 1450; x_wconf 79' lang='grc' dir='ltr'>Εὐλογημένους</span> <span class='ocrx_word' id='word_1_104' title='bbox 1065 1378 1133 1451; x_wconf 75' lang='grc' dir='ltr'>δὴ</span> <span class='ocrx_word' id='word_1_105' title='bbox 1178 1375 1272 1434; x_wconf 83' lang='grc' dir='ltr'><strong>οὖν</strong></span> <span class='ocrx_word' id='word_1_106' title='bbox 1304 1396 1457 1444; x_wconf 86' lang='grc' dir='ltr'>τινας</span> <span class='ocrx_word' id='word_1_107' title='bbox 1489 1381 1597 1453; x_wconf 80' lang='grc' dir='ltr'>ἄρα</span> <span class='ocrx_word' id='word_1_108' title='bbox 1636 1381 1746 1437; x_wconf 83' lang='grc' dir='ltr'>τῶν</span> <span class='ocrx_word' id='word_1_109' title='bbox 1795 1380 1857 1447; x_wconf 76' lang='grc' dir='ltr'>ἐξ</span> 
     </span>
    </p>
   </div>
   <div class='ocr_carea' id='block_1_17' title="bbox 281 1468 1854 1541">
    <p class='ocr_par' dir='ltr' id='par_1_17' title="bbox 281 1468 1854 1541">
     <span class='ocr_line' id='line_1_17' title="bbox 281 1468 1854 1541; baseline 0.006 -21"><span class='ocrx_word' id='word_1_110' title='bbox 281 1468 511 1538; x_wconf 68' lang='grc' dir='ltr'>Ἰσραὴλ</span> <span class='ocrx_word' id='word_1_111' title='bbox 532 1469 862 1539; x_wconf 82' lang='grc' dir='ltr'>εὑρήσομεν,</span> <span class='ocrx_word' id='word_1_112' title='bbox 888 1468 984 1521; x_wconf 79' lang='grc' dir='ltr'><strong>καὶ</strong></span> <span class='ocrx_word' id='word_1_113' title='bbox 1005 1468 1103 1541; x_wconf 80' lang='grc' dir='ltr'><strong>τὴν</strong></span> <span class='ocrx_word' id='word_1_114' title='bbox 1127 1470 1212 1540; x_wconf 74' lang='grc' dir='ltr'><strong>ἐφ’</strong></span> <span class='ocrx_word' id='word_1_115' title='bbox 1242 1470 1413 1525; x_wconf 78' lang='grc' dir='ltr'>ἅπασι</span> <span class='ocrx_word' id='word_1_116' title='bbox 1439 1474 1550 1534; x_wconf 81' lang='grc' dir='ltr'>τοῖς</span> <span class='ocrx_word' id='word_1_117' title='bbox 1572 1472 1854 1529; x_wconf 77' lang='grc' dir='ltr'>ἁνδάνουσι</span> 
     </span>
    </p>
   </div>
   <div class='ocr_carea' id='block_1_18' title="bbox 267 1560 1854 1634">
    <p class='ocr_par' dir='ltr' id='par_1_18' title="bbox 267 1560 1854 1634">
     <span class='ocr_line' id='line_1_18' title="bbox 267 1560 1854 1634; baseline 0.003 -21"><span class='ocrx_word' id='word_1_118' title='bbox 267 1561 394 1630; x_wconf 62' lang='grc' dir='ltr'>θεῷ</span> <span class='ocrx_word' id='word_1_119' title='bbox 435 1562 652 1615; x_wconf 75' lang='grc' dir='ltr'>εὐοδίαν</span> <span class='ocrx_word' id='word_1_120' title='bbox 685 1560 1137 1632; x_wconf 75' lang='grc' dir='ltr'><strong>πεπλουτηκότας</strong></span> <span class='ocrx_word' id='word_1_121' title='bbox 1163 1576 1177 1591; x_wconf 70' lang='grc'><strong><em>⁸</em></strong></span> <span class='ocrx_word' id='word_1_122' title='bbox 1215 1561 1354 1634; x_wconf 83' lang='grc' dir='ltr'>πλὴν</span> <span class='ocrx_word' id='word_1_123' title='bbox 1381 1564 1463 1616; x_wconf 73' lang='grc' dir='ltr'>ὅτι</span> <span class='ocrx_word' id='word_1_124' title='bbox 1494 1564 1619 1627; x_wconf 76' lang='grc' dir='ltr'>τοὺς</span> <span class='ocrx_word' id='word_1_125' title='bbox 1650 1564 1737 1620; x_wconf 86' lang='grc' dir='ltr'><strong>διά</strong></span> <span class='ocrx_word' id='word_1_126' title='bbox 1766 1565 1854 1620; x_wconf 85' lang='grc' dir='ltr'>πί-</span> 
     </span>
    </p>
   </div>
   <div class='ocr_carea' id='block_1_19' title="bbox 271 1652 1853 1728">
    <p class='ocr_par' dir='ltr' id='par_1_19' title="bbox 271 1652 1853 1728">
     <span class='ocr_line' id='line_1_19' title="bbox 271 1652 1853 1728; baseline 0.003 -22"><span class='ocrx_word' id='word_1_127' title='bbox 271 1669 448 1715; x_wconf 90' lang='grc' dir='ltr'>στεως</span> <span class='ocrx_word' id='word_1_128' title='bbox 489 1652 592 1721; x_wconf 79' lang='grc' dir='ltr'>τῆς</span> <span class='ocrx_word' id='word_1_129' title='bbox 630 1652 712 1715; x_wconf 87' lang='grc' dir='ltr'><strong>είς</strong></span> <span class='ocrx_word' id='word_1_130' title='bbox 743 1652 980 1723; x_wconf 83' lang='grc' dir='ltr'>Χριστὸν</span> <span class='ocrx_word' id='word_1_131' title='bbox 1021 1653 1495 1724; x_wconf 65' lang='grc' dir='ltr'>δεδικαιωμένους,</span> <span class='ocrx_word' id='word_1_132' title='bbox 1529 1655 1623 1709; x_wconf 78' lang='grc' dir='ltr'>καὶ</span> <span class='ocrx_word' id='word_1_133' title='bbox 1666 1660 1730 1728; x_wconf 75' lang='grc' dir='ltr'>τῇ</span> <span class='ocrx_word' id='word_1_134' title='bbox 1760 1656 1853 1711; x_wconf 84' lang='grc' dir='ltr'><strong>τοῦ</strong></span> 
     </span>
    </p>
   </div>
   <div class='ocr_carea' id='block_1_20' title="bbox 1957 464 3536 540">
    <p class='ocr_par' dir='ltr' id='par_1_20' title="bbox 1957 464 3536 540">
     <span class='ocr_line' id='line_1_20' title="bbox 1957 464 3536 540; baseline 0.006 -24"><span class='ocrx_word' id='word_1_135' title='bbox 1957 464 2167 518; x_wconf 78' lang='lat' dir='ltr'><strong>tionem</strong></span> <span class='ocrx_word' id='word_1_136' title='bbox 2214 464 2514 535; x_wconf 64' lang='lat' dir='ltr'><strong>propositae</strong></span> <span class='ocrx_word' id='word_1_137' title='bbox 2576 464 2884 536; x_wconf 72' lang='lat' dir='ltr'><strong>prophetia:</strong></span> <span class='ocrx_word' id='word_1_138' title='bbox 2913 508 2928 533; x_wconf 89' lang='lat'><strong>,</strong></span> <span class='ocrx_word' id='word_1_139' title='bbox 2993 477 3050 523; x_wconf 89' lang='lat' dir='ltr'><strong>et</strong></span> <span class='ocrx_word' id='word_1_140' title='bbox 3106 484 3218 540; x_wconf 93' lang='lat' dir='ltr'><strong>quo</strong></span> <span class='ocrx_word' id='word_1_141' title='bbox 3268 478 3428 540; x_wconf 88' lang='lat' dir='ltr'><strong>pacto</strong></span> <span class='ocrx_word' id='word_1_142' title='bbox 3476 485 3536 526; x_wconf 82' lang='lat' dir='ltr'><strong>se</strong></span> 
     </span>
    </p>
   </div>
   <div class='ocr_carea' id='block_1_21' title="bbox 1955 554 3534 630">
    <p class='ocr_par' dir='ltr' id='par_1_21' title="bbox 1955 554 3534 630">
     <span class='ocr_line' id='line_1_21' title="bbox 1955 554 3534 630; baseline 0.005 -23"><span class='ocrx_word' id='word_1_143' title='bbox 1955 554 2154 610; x_wconf 87' lang='lat' dir='ltr'><strong>habeat</strong></span> <span class='ocrx_word' id='word_1_144' title='bbox 2212 563 2377 626; x_wconf 90' lang='lat' dir='ltr'><strong>atque</strong></span> <span class='ocrx_word' id='word_1_145' title='bbox 2443 568 2786 627; x_wconf 75' lang='lat' dir='ltr'><strong>propagetur</strong></span> <span class='ocrx_word' id='word_1_146' title='bbox 2835 557 3166 630; x_wconf 84' lang='lat' dir='ltr'><strong>investigare</strong></span> <span class='ocrx_word' id='word_1_147' title='bbox 3222 559 3534 625; x_wconf 73' lang='lat' dir='ltr'><strong>studentes,</strong></span> 
     </span>
    </p>
   </div>
   <div class='ocr_carea' id='block_1_22' title="bbox 1953 646 3531 723">
    <p class='ocr_par' dir='ltr' id='par_1_22' title="bbox 1953 646 3531 723">
     <span class='ocr_line' id='line_1_22' title="bbox 1953 646 3531 723; baseline 0.008 -25"><span class='ocrx_word' id='word_1_148' title='bbox 1953 646 2113 717; x_wconf 76' lang='grc'><strong>225</strong></span> <span class='ocrx_word' id='word_1_149' title='bbox 2136 647 2336 715; x_wconf 80' lang='lat' dir='ltr'><strong>partim</strong></span> <span class='ocrx_word' id='word_1_150' title='bbox 2366 662 2437 717; x_wconf 48' lang='lat' dir='ltr'><strong>es</strong></span> <span class='ocrx_word' id='word_1_151' title='bbox 2455 647 2817 705; x_wconf 82' lang='lat' dir='ltr'><strong>similitudine</strong></span> <span class='ocrx_word' id='word_1_152' title='bbox 2835 665 3025 705; x_wconf 86' lang='lat' dir='ltr'><strong>eorum</strong></span> <span class='ocrx_word' id='word_1_153' title='bbox 3055 669 3175 723; x_wconf 70' lang='lat' dir='ltr'><strong>qua:</strong></span> <span class='ocrx_word' id='word_1_154' title='bbox 3200 662 3326 709; x_wconf 84' lang='lat' dir='ltr'><strong>ante</strong></span> <span class='ocrx_word' id='word_1_155' title='bbox 3351 664 3531 711; x_wconf 81' lang='lat' dir='ltr'><strong>trans-</strong></span> 
     </span>
    </p>
   </div>
   <div class='ocr_carea' id='block_1_23' title="bbox 1952 738 3532 811">
    <p class='ocr_par' dir='ltr' id='par_1_23' title="bbox 1952 738 3532 811">
     <span class='ocr_line' id='line_1_23' title="bbox 1952 738 3532 811; baseline 0.006 -20"><span class='ocrx_word' id='word_1_156' title='bbox 1952 747 2074 792; x_wconf 85' lang='lat' dir='ltr'><strong>acta</strong></span> <span class='ocrx_word' id='word_1_157' title='bbox 2114 746 2263 804; x_wconf 89' lang='lat' dir='ltr'><strong>sunt,</strong></span> <span class='ocrx_word' id='word_1_158' title='bbox 2298 738 2416 794; x_wconf 86' lang='lat' dir='ltr'><strong>ﬁeri</strong></span> <span class='ocrx_word' id='word_1_159' title='bbox 2454 739 2708 806; x_wconf 84' lang='lat' dir='ltr'><strong>dicimus,</strong></span> <span class='ocrx_word' id='word_1_160' title='bbox 2734 742 2931 811; x_wconf 85' lang='lat' dir='ltr'><strong>partim</strong></span> <span class='ocrx_word' id='word_1_161' title='bbox 2956 759 3025 798; x_wconf 77' lang='lat' dir='ltr'><strong>ex</strong></span> <span class='ocrx_word' id='word_1_162' title='bbox 3046 744 3328 799; x_wconf 87' lang='lat' dir='ltr'><strong>nominum</strong></span> <span class='ocrx_word' id='word_1_163' title='bbox 3362 745 3532 802; x_wconf 83' lang='lat' dir='ltr'><strong>inter-</strong></span> 
     </span>
    </p>
   </div>
   <div class='ocr_carea' id='block_1_24' title="bbox 1953 831 3539 907">
    <p class='ocr_par' dir='ltr' id='par_1_24' title="bbox 1953 831 3539 907">
     <span class='ocr_line' id='line_1_24' title="bbox 1953 831 3539 907; baseline 0.006 -25"><span class='ocrx_word' id='word_1_164' title='bbox 1953 831 2262 899; x_wconf 88' lang='lat' dir='ltr'><strong>pretatione</strong></span> <span class='ocrx_word' id='word_1_165' title='bbox 2290 839 2501 886; x_wconf 90' lang='lat' dir='ltr'><strong>tantum</strong></span> <span class='ocrx_word' id='word_1_166' title='bbox 2529 848 2639 887; x_wconf 89' lang='lat' dir='ltr'><strong>non</strong></span> <span class='ocrx_word' id='word_1_167' title='bbox 2673 832 2874 905; x_wconf 84' lang='lat' dir='ltr'><strong>ellingi,</strong></span> <span class='ocrx_word' id='word_1_168' title='bbox 2910 844 2966 888; x_wconf 90' lang='lat' dir='ltr'><strong>et</strong></span> <span class='ocrx_word' id='word_1_169' title='bbox 2988 834 3309 890; x_wconf 68' lang='lat' dir='ltr'><strong>futurorum</strong></span> <span class='ocrx_word' id='word_1_170' title='bbox 3330 835 3539 907; x_wconf 67' lang='lat' dir='ltr'><strong>imagi—</strong></span> 
     </span>
    </p>
   </div>
   <div class='ocr_carea' id='block_1_25' title="bbox 1954 920 3540 995">
    <p class='ocr_par' dir='ltr' id='par_1_25' title="bbox 1954 920 3540 995">
     <span class='ocr_line' id='line_1_25' title="bbox 1954 920 3540 995; baseline 0.006 -25"><span class='ocrx_word' id='word_1_171' title='bbox 1954 932 2081 972; x_wconf 87' lang='lat' dir='ltr'><strong>nem</strong></span> <span class='ocrx_word' id='word_1_172' title='bbox 2113 920 2523 987; x_wconf 64' lang='lat' dir='ltr'><strong>praemonstrari</strong></span> <span class='ocrx_word' id='word_1_173' title='bbox 2570 938 2583 975; x_wconf 89' lang='lat'><strong>:</strong></span> <span class='ocrx_word' id='word_1_174' title='bbox 2631 932 2797 990; x_wconf 89' lang='lat' dir='ltr'><strong>prout</strong></span> <span class='ocrx_word' id='word_1_175' title='bbox 2834 921 2996 978; x_wconf 78' lang='lat' dir='ltr'><strong>facile</strong></span> <span class='ocrx_word' id='word_1_176' title='bbox 3042 924 3318 979; x_wconf 82' lang='lat' dir='ltr'><strong>notaverit</strong></span> <span class='ocrx_word' id='word_1_177' title='bbox 3359 923 3540 995; x_wconf 66' lang='lat' dir='ltr'><strong>quivis</strong></span> 
     </span>
    </p>
   </div>
   <div class='ocr_carea' id='block_1_26' title="bbox 1955 1010 3536 1082">
    <p class='ocr_par' dir='ltr' id='par_1_26' title="bbox 1955 1010 3536 1082">
     <span class='ocr_line' id='line_1_26' title="bbox 1955 1010 3536 1082; baseline 0.008 -22"><span class='ocrx_word' id='word_1_178' title='bbox 1955 1018 2137 1071; x_wconf 69' lang='lat' dir='ltr'><strong>mente</strong></span> <span class='ocrx_word' id='word_1_179' title='bbox 2160 1010 2442 1079; x_wconf 59' lang='lat' dir='ltr'><strong>praeditus.</strong></span> <span class='ocrx_word' id='word_1_180' title='bbox 2459 1010 2612 1077; x_wconf 84' lang='lat' dir='ltr'><strong>Quod</strong></span> <span class='ocrx_word' id='word_1_181' title='bbox 2636 1011 2814 1081; x_wconf 89' lang='lat' dir='ltr'><strong>ipsum</strong></span> <span class='ocrx_word' id='word_1_182' title='bbox 2842 1012 3243 1073; x_wconf 83' lang='lat' dir='ltr'><strong>vidcrelicetiu</strong></span> <span class='ocrx_word' id='word_1_183' title='bbox 3268 1014 3536 1082; x_wconf 87' lang='lat' dir='ltr'><strong>Zabulon,</strong></span> 
     </span>
    </p>
   </div>
   <div class='ocr_carea' id='block_1_27' title="bbox 1953 1098 3536 1174">
    <p class='ocr_par' dir='ltr' id='par_1_27' title="bbox 1953 1098 3536 1174">
     <span class='ocr_line' id='line_1_27' title="bbox 1953 1098 3536 1174; baseline 0.006 -23"><span class='ocrx_word' id='word_1_184' title='bbox 1953 1106 2010 1151; x_wconf 92' lang='lat' dir='ltr'><strong>ct</strong></span> <span class='ocrx_word' id='word_1_185' title='bbox 2038 1098 2283 1168; x_wconf 90' lang='lat' dir='ltr'><strong>reliquis.</strong></span> <span class='ocrx_word' id='word_1_186' title='bbox 2322 1098 2603 1171; x_wconf 84' lang='lat' dir='ltr'><strong>Signiﬁcat</strong></span> <span class='ocrx_word' id='word_1_187' title='bbox 2632 1102 2780 1156; x_wconf 88' lang='lat' dir='ltr'><strong>enim</strong></span> <span class='ocrx_word' id='word_1_188' title='bbox 2814 1105 3211 1174; x_wconf 67' lang='lat' dir='ltr'><strong>prosperitate»:</strong></span> <span class='ocrx_word' id='word_1_189' title='bbox 3239 1105 3352 1159; x_wconf 82' lang='lat' dir='ltr'><strong>sive</strong></span> <span class='ocrx_word' id='word_1_190' title='bbox 3380 1105 3536 1160; x_wconf 79' lang='lat' dir='ltr'><strong>bene-</strong></span> 
     </span>
    </p>
   </div>
   <div class='ocr_carea' id='block_1_28' title="bbox 1953 1188 3537 1265">
    <p class='ocr_par' dir='ltr' id='par_1_28' title="bbox 1953 1188 3537 1265">
     <span class='ocr_line' id='line_1_28' title="bbox 1953 1188 3537 1265; baseline 0.006 -25"><span class='ocrx_word' id='word_1_191' title='bbox 1953 1188 2233 1243; x_wconf 80' lang='lat' dir='ltr'><strong>dictionem</strong></span> <span class='ocrx_word' id='word_1_192' title='bbox 2265 1191 2409 1261; x_wconf 87' lang='lat' dir='ltr'><strong>apud</strong></span> <span class='ocrx_word' id='word_1_193' title='bbox 2437 1207 2552 1257; x_wconf 89' lang='lat' dir='ltr'><strong>eos,</strong></span> <span class='ocrx_word' id='word_1_194' title='bbox 2586 1192 2681 1263; x_wconf 87' lang='lat' dir='ltr'><strong>qui</strong></span> <span class='ocrx_word' id='word_1_195' title='bbox 2717 1192 3030 1265; x_wconf 75' lang='lat' dir='ltr'><strong>huiusmodi</strong></span> <span class='ocrx_word' id='word_1_196' title='bbox 3062 1195 3326 1250; x_wconf 87' lang='lat' dir='ltr'><strong>vocabula</strong></span> <span class='ocrx_word' id='word_1_197' title='bbox 3361 1197 3537 1252; x_wconf 88' lang='lat' dir='ltr'><strong>inter-</strong></span> 
     </span>
    </p>
   </div>
   <div class='ocr_carea' id='block_1_29' title="bbox 1953 1278 3539 1353">
    <p class='ocr_par' dir='ltr' id='par_1_29' title="bbox 1953 1278 3539 1353">
     <span class='ocr_line' id='line_1_29' title="bbox 1953 1278 3539 1353; baseline 0.008 -24"><span class='ocrx_word' id='word_1_198' title='bbox 1953 1285 2264 1344; x_wconf 84' lang='lat' dir='ltr'><strong>pretantur.</strong></span> <span class='ocrx_word' id='word_1_199' title='bbox 2308 1278 2660 1336; x_wconf 80' lang='lat' dir='ltr'><strong>Inveniemus</strong></span> <span class='ocrx_word' id='word_1_200' title='bbox 2700 1283 2887 1353; x_wconf 89' lang='lat' dir='ltr'><strong>itaque</strong></span> <span class='ocrx_word' id='word_1_201' title='bbox 2933 1285 3226 1339; x_wconf 89' lang='lat' dir='ltr'><strong>nonnullos</strong></span> <span class='ocrx_word' id='word_1_202' title='bbox 3268 1301 3336 1341; x_wconf 81' lang='lat' dir='ltr'><strong>ex</strong></span> <span class='ocrx_word' id='word_1_203' title='bbox 3372 1285 3539 1342; x_wconf 88' lang='lat' dir='ltr'><strong>Israel</strong></span> 
     </span>
    </p>
   </div>
   <div class='ocr_carea' id='block_1_30' title="bbox 1954 1368 3541 1449">
    <p class='ocr_par' dir='ltr' id='par_1_30' title="bbox 1954 1368 3541 1449">
     <span class='ocr_line' id='line_1_30' title="bbox 1954 1368 3541 1449; baseline 0.009 -28"><span class='ocrx_word' id='word_1_204' title='bbox 1954 1368 2296 1436; x_wconf 89' lang='lat' dir='ltr'><strong>benedictos,</strong></span> <span class='ocrx_word' id='word_1_205' title='bbox 2326 1378 2587 1444; x_wconf 88' lang='lat' dir='ltr'><strong>recteque</strong></span> <span class='ocrx_word' id='word_1_206' title='bbox 2621 1376 2677 1430; x_wconf 90' lang='lat' dir='ltr'><strong>in</strong></span> <span class='ocrx_word' id='word_1_207' title='bbox 2714 1376 2972 1432; x_wconf 90' lang='lat' dir='ltr'><strong>omnibus</strong></span> <span class='ocrx_word' id='word_1_208' title='bbox 3012 1393 3132 1447; x_wconf 68' lang='lat' dir='ltr'><strong>qua:</strong></span> <span class='ocrx_word' id='word_1_209' title='bbox 3174 1377 3285 1432; x_wconf 84' lang='lat' dir='ltr'><strong>Deo</strong></span> <span class='ocrx_word' id='word_1_210' title='bbox 3324 1378 3541 1449; x_wconf 87' lang='lat' dir='ltr'><strong>placent</strong></span> 
     </span>
    </p>
   </div>
   <div class='ocr_carea' id='block_1_31' title="bbox 1955 1460 3538 1541">
    <p class='ocr_par' dir='ltr' id='par_1_31' title="bbox 1955 1460 3538 1541">
     <span class='ocr_line' id='line_1_31' title="bbox 1955 1460 3538 1541; baseline 0.007 -26"><span class='ocrx_word' id='word_1_211' title='bbox 1955 1460 2306 1531; x_wconf 86' lang='lat' dir='ltr'><strong>incedentes;</strong></span> <span class='ocrx_word' id='word_1_212' title='bbox 2335 1472 2594 1521; x_wconf 71' lang='lat' dir='ltr'><strong>cazterum</strong></span> <span class='ocrx_word' id='word_1_213' title='bbox 2625 1483 2725 1538; x_wconf 88' lang='lat' dir='ltr'><strong>per</strong></span> <span class='ocrx_word' id='word_1_214' title='bbox 2755 1468 2918 1524; x_wconf 83' lang='lat' dir='ltr'><strong>ﬁdem</strong></span> <span class='ocrx_word' id='word_1_215' title='bbox 2948 1469 3003 1524; x_wconf 91' lang='lat' dir='ltr'><strong>in</strong></span> <span class='ocrx_word' id='word_1_216' title='bbox 3031 1469 3311 1525; x_wconf 86' lang='lat' dir='ltr'><strong>Christum</strong></span> <span class='ocrx_word' id='word_1_217' title='bbox 3333 1471 3538 1541; x_wconf 84' lang='lat' dir='ltr'><strong>justiﬁ-</strong></span> 
     </span>
    </p>
   </div>
   <div class='ocr_carea' id='block_1_32' title="bbox 1954 1554 3541 1629">
    <p class='ocr_par' dir='ltr' id='par_1_32' title="bbox 1954 1554 3541 1629">
     <span class='ocr_line' id='line_1_32' title="bbox 1954 1554 3541 1629; baseline 0.007 -25"><span class='ocrx_word' id='word_1_218' title='bbox 1954 1558 2124 1617; x_wconf 88' lang='lat' dir='ltr'><strong>catos,</strong></span> <span class='ocrx_word' id='word_1_219' title='bbox 2160 1560 2217 1607; x_wconf 91' lang='lat' dir='ltr'><strong>et</strong></span> <span class='ocrx_word' id='word_1_220' title='bbox 2256 1555 2430 1608; x_wconf 88' lang='lat' dir='ltr'><strong>sancti</strong></span> <span class='ocrx_word' id='word_1_221' title='bbox 2470 1554 2707 1626; x_wconf 87' lang='lat' dir='ltr'><strong>Spiritus</strong></span> <span class='ocrx_word' id='word_1_222' title='bbox 2737 1559 2911 1629; x_wconf 88' lang='lat' dir='ltr'><strong>gratia</strong></span> <span class='ocrx_word' id='word_1_223' title='bbox 2946 1559 3285 1615; x_wconf 82' lang='lat' dir='ltr'><strong>illustratus:</strong></span> <span class='ocrx_word' id='word_1_224' title='bbox 3312 1560 3449 1616; x_wconf 87' lang='lat' dir='ltr'><strong>adeo</strong></span> <span class='ocrx_word' id='word_1_225' title='bbox 3478 1568 3541 1615; x_wconf 92' lang='lat' dir='ltr'><strong>ut</strong></span> 
     </span>
    </p>
   </div>
   <div class='ocr_carea' id='block_1_33' title="bbox 1955 1638 3536 1718">
    <p class='ocr_par' dir='ltr' id='par_1_33' title="bbox 1955 1638 3536 1718">
     <span class='ocr_line' id='line_1_33' title="bbox 1955 1638 3536 1718; baseline 0.008 -23"><span class='ocrx_word' id='word_1_226' title='bbox 1955 1638 2217 1713; x_wconf 88' lang='lat' dir='ltr'><strong>deinceps</strong></span> <span class='ocrx_word' id='word_1_227' title='bbox 2242 1660 2368 1700; x_wconf 87' lang='lat' dir='ltr'><strong>vere</strong></span> <span class='ocrx_word' id='word_1_228' title='bbox 2403 1647 2711 1703; x_wconf 77' lang='lat' dir='ltr'><strong>exclamare</strong></span> <span class='ocrx_word' id='word_1_229' title='bbox 2742 1650 2954 1718; x_wconf 90' lang='lat' dir='ltr'><strong>possint</strong></span> <span class='ocrx_word' id='word_1_230' title='bbox 2980 1668 2992 1703; x_wconf 92' lang='lat'>:</span> <span class='ocrx_word' id='word_1_231' title='bbox 3030 1671 3045 1701; x_wconf 85' lang='grc' dir='ltr'>ι</span> <span class='ocrx_word' id='word_1_232' title='bbox 3078 1650 3355 1706; x_wconf 87' lang='lat' dir='ltr'><strong>Benedicti</strong></span> <span class='ocrx_word' id='word_1_233' title='bbox 3379 1666 3481 1706; x_wconf 91' lang='lat' dir='ltr'><strong>nos</strong></span> <span class='ocrx_word' id='word_1_234' title='bbox 3503 1668 3536 1707; x_wconf 88' lang='lat' dir='ltr'><strong>a</strong></span> 
     </span>
    </p>
   </div>
   <div class='ocr_carea' id='block_1_34' title="bbox 269 1732 1855 1813">
    <p class='ocr_par' dir='ltr' id='par_1_34' title="bbox 269 1738 1851 1812">
     <span class='ocr_line' id='line_1_34' title="bbox 269 1738 1851 1812; baseline 0.004 -20"><span class='ocrx_word' id='word_1_235' title='bbox 269 1739 434 1809; x_wconf 81' lang='grc' dir='ltr'>άγίου</span> <span class='ocrx_word' id='word_1_236' title='bbox 469 1738 791 1809; x_wconf 75' lang='grc' dir='ltr'>Πνεῦματος</span> <span class='ocrx_word' id='word_1_237' title='bbox 826 1739 1351 1812; x_wconf 79' lang='grc' dir='ltr'>λελαμπρυσμένους</span> <span class='ocrx_word' id='word_1_238' title='bbox 1388 1741 1603 1812; x_wconf 66' lang='grc' dir='ltr'>χάρισιν</span> <span class='ocrx_word' id='word_1_239' title='bbox 1635 1744 1711 1807; x_wconf 83' lang='grc' dir='ltr'>ὡς</span> <span class='ocrx_word' id='word_1_240' title='bbox 1756 1745 1851 1799; x_wconf 77' lang='grc' dir='ltr'>καὶ</span> 
     </span>
    </p>
   </div>
   <div class='ocr_carea' id='block_1_35' title="bbox 1956 1732 3536 1813">
    <p class='ocr_par' dir='ltr' id='par_1_35' title="bbox 1956 1732 3536 1813">
     <span class='ocr_line' id='line_1_35' title="bbox 1956 1732 3536 1813; baseline 0.005 -23"><span class='ocrx_word' id='word_1_241' title='bbox 1956 1736 2207 1807; x_wconf 85' lang='lat' dir='ltr'><strong>Domino,</strong></span> <span class='ocrx_word' id='word_1_242' title='bbox 2252 1737 2347 1807; x_wconf 87' lang='lat' dir='ltr'><strong>qui</strong></span> <span class='ocrx_word' id='word_1_243' title='bbox 2386 1737 2517 1794; x_wconf 79' lang='lat' dir='ltr'><strong>fecit</strong></span> <span class='ocrx_word' id='word_1_244' title='bbox 2547 1740 2745 1795; x_wconf 65' lang='lat' dir='ltr'><strong>coelum</strong></span> <span class='ocrx_word' id='word_1_245' title='bbox 2772 1746 2829 1794; x_wconf 89' lang='lat' dir='ltr'><strong>et</strong></span> <span class='ocrx_word' id='word_1_246' title='bbox 2869 1748 3067 1795; x_wconf 86' lang='lat' dir='ltr'><strong>terram</strong></span> <span class='ocrx_word' id='word_1_247' title='bbox 3104 1743 3167 1795; x_wconf 54' lang='grc' dir='ltr'><strong>δ’.</strong></span> <span class='ocrx_word' id='word_1_248' title='bbox 3201 1732 3368 1797; x_wconf 69' lang='lat' dir='ltr'><strong>illuc</strong></span> <span class='ocrx_word' id='word_1_249' title='bbox 3394 1758 3536 1813; x_wconf 89' lang='lat' dir='ltr'><strong>qua-</strong></span> 
     </span>
    </p>
   </div>
   <div class='ocr_carea' id='block_1_36' title="bbox 273 1829 1855 1905">
    <p class='ocr_par' dir='ltr' id='par_1_36' title="bbox 273 1829 1855 1905">
     <span class='ocr_line' id='line_1_36' title="bbox 273 1829 1855 1905; baseline 0.002 -20"><span class='ocrx_word' id='word_1_250' title='bbox 273 1831 497 1904; x_wconf 79' lang='grc' dir='ltr'>ἰσχύσαι</span> <span class='ocrx_word' id='word_1_251' title='bbox 527 1830 716 1885; x_wconf 78' lang='grc' dir='ltr'>λοιπὸν</span> <span class='ocrx_word' id='word_1_252' title='bbox 743 1831 803 1883; x_wconf 78' lang='grc' dir='ltr'>οὐ</span> <span class='ocrx_word' id='word_1_253' title='bbox 827 1829 1261 1905; x_wconf 76' lang='grc' dir='ltr'>ψευδοεποῦντας</span> <span class='ocrx_word' id='word_1_254' title='bbox 1311 1832 1644 1903; x_wconf 72' lang='grc' dir='ltr'>ἀνακραγεῖν</span> <span class='ocrx_word' id='word_1_255' title='bbox 1661 1848 1675 1861; x_wconf 82' lang='grc'><strong>“</strong></span> <span class='ocrx_word' id='word_1_256' title='bbox 1707 1852 1725 1884; x_wconf 82' lang='grc' dir='ltr'><strong>ι</strong></span> <span class='ocrx_word' id='word_1_257' title='bbox 1753 1835 1855 1888; x_wconf 83' lang='grc' dir='ltr'><strong>Εὐ-</strong></span> 
     </span>
    </p>
   </div>
   <div class='ocr_carea' id='block_1_37' title="bbox 270 1921 1855 1998">
    <p class='ocr_par' dir='ltr' id='par_1_37' title="bbox 270 1921 1855 1998">
     <span class='ocr_line' id='line_1_37' title="bbox 270 1921 1855 1998; baseline 0.004 -24"><span class='ocrx_word' id='word_1_258' title='bbox 270 1922 568 1993; x_wconf 81' lang='grc' dir='ltr'>λογημένοι</span> <span class='ocrx_word' id='word_1_259' title='bbox 594 1923 757 1992; x_wconf 78' lang='grc' dir='ltr'>ἡμεῖς</span> <span class='ocrx_word' id='word_1_260' title='bbox 781 1921 858 1993; x_wconf 83' lang='grc' dir='ltr'>τῷ</span> <span class='ocrx_word' id='word_1_261' title='bbox 886 1922 1077 1995; x_wconf 80' lang='grc' dir='ltr'>Κυρίῳ</span> <span class='ocrx_word' id='word_1_262' title='bbox 1100 1923 1178 1995; x_wconf 81' lang='grc' dir='ltr'>τῷ</span> <span class='ocrx_word' id='word_1_263' title='bbox 1200 1924 1486 1994; x_wconf 81' lang='grc' dir='ltr'>ποιήσαντι</span> <span class='ocrx_word' id='word_1_264' title='bbox 1517 1923 1608 1979; x_wconf 82' lang='grc' dir='ltr'><strong>τὸν</strong></span> <span class='ocrx_word' id='word_1_265' title='bbox 1629 1926 1855 1998; x_wconf 77' lang='grc' dir='ltr'>οὐρανὸν</span> 
     </span>
    </p>
   </div>
   <div class='ocr_carea' id='block_1_38' title="bbox 268 2010 1856 2090">
    <p class='ocr_par' dir='ltr' id='par_1_38' title="bbox 268 2010 1856 2090">
     <span class='ocr_line' id='line_1_38' title="bbox 268 2010 1856 2090; baseline 0.003 -21"><span class='ocrx_word' id='word_1_266' title='bbox 268 2016 367 2069; x_wconf 77' lang='grc' dir='ltr'>καὶ</span> <span class='ocrx_word' id='word_1_267' title='bbox 401 2014 507 2084; x_wconf 81' lang='grc' dir='ltr'>τὴν</span> <span class='ocrx_word' id='word_1_268' title='bbox 537 2014 663 2086; x_wconf 81' lang='grc' dir='ltr'>γῆν.</span> <span class='ocrx_word' id='word_1_269' title='bbox 701 2033 722 2067; x_wconf 76' lang='grc' dir='ltr'><strong>ι</strong></span> <span class='ocrx_word' id='word_1_270' title='bbox 768 2014 1033 2086; x_wconf 80' lang='grc' dir='ltr'>’Δρμόσαι</span> <span class='ocrx_word' id='word_1_271' title='bbox 1057 2015 1101 2069; x_wconf 89' lang='grc' dir='ltr'>δ’</span> <span class='ocrx_word' id='word_1_272' title='bbox 1134 2014 1200 2070; x_wconf 78' lang='grc' dir='ltr'>ἂν</span> <span class='ocrx_word' id='word_1_273' title='bbox 1222 2010 1379 2086; x_wconf 77' lang='grc' dir='ltr'>οἶμαι</span> <span class='ocrx_word' id='word_1_274' title='bbox 1408 2016 1502 2070; x_wconf 68' lang='grc' dir='ltr'><strong>καὶ</strong></span> <span class='ocrx_word' id='word_1_275' title='bbox 1526 2019 1653 2090; x_wconf 79' lang='grc' dir='ltr'>περὶ</span> <span class='ocrx_word' id='word_1_276' title='bbox 1677 2018 1856 2074; x_wconf 81' lang='grc' dir='ltr'>αὐτῶν</span> 
     </span>
    </p>
   </div>
   <div class='ocr_carea' id='block_1_39' title="bbox 266 2104 1858 2177">
    <p class='ocr_par' dir='ltr' id='par_1_39' title="bbox 266 2104 1858 2177">
     <span class='ocr_line' id='line_1_39' title="bbox 266 2104 1858 2177; baseline 0.004 -19"><span class='ocrx_word' id='word_1_277' title='bbox 266 2104 360 2158; x_wconf 71' lang='grc' dir='ltr'>τὸν</span> <span class='ocrx_word' id='word_1_278' title='bbox 415 2105 693 2175; x_wconf 84' lang='grc' dir='ltr'>μακάριον</span> <span class='ocrx_word' id='word_1_279' title='bbox 741 2107 1029 2177; x_wconf 78' lang='grc' dir='ltr'>προφήτην</span> <span class='ocrx_word' id='word_1_280' title='bbox 1098 2105 1325 2159; x_wconf 81' lang='grc' dir='ltr'>Ἡσαΐαν</span> <span class='ocrx_word' id='word_1_281' title='bbox 1366 2107 1560 2162; x_wconf 85' lang='grc' dir='ltr'>είπείν·</span> <span class='ocrx_word' id='word_1_282' title='bbox 1622 2128 1642 2162; x_wconf 76' lang='grc' dir='ltr'>ι</span> <span class='ocrx_word' id='word_1_283' title='bbox 1710 2110 1858 2174; x_wconf 63' lang='grc' dir='ltr'>Ὁδὸς</span> 
     </span>
    </p>
   </div>
   <div class='ocr_carea' id='block_1_40' title="bbox 269 2194 1856 2273">
    <p class='ocr_par' dir='ltr' id='par_1_40' title="bbox 269 2194 1856 2273">
     <span class='ocr_line' id='line_1_40' title="bbox 269 2194 1856 2273; baseline 0.005 -25"><span class='ocrx_word' id='word_1_284' title='bbox 269 2194 522 2249; x_wconf 74' lang='grc' dir='ltr'>εὐσεϐῶν</span> <span class='ocrx_word' id='word_1_285' title='bbox 556 2194 741 2249; x_wconf 80' lang='grc' dir='ltr'>εὐθεῖα</span> <span class='ocrx_word' id='word_1_286' title='bbox 767 2196 1003 2264; x_wconf 75' lang='grc' dir='ltr'>ἐγένετο,</span> <span class='ocrx_word' id='word_1_287' title='bbox 1044 2196 1139 2250; x_wconf 78' lang='grc' dir='ltr'><strong>καὶ</strong></span> <span class='ocrx_word' id='word_1_288' title='bbox 1166 2200 1659 2272; x_wconf 79' lang='grc' dir='ltr'>παρεσκευασμένη</span> <span class='ocrx_word' id='word_1_289' title='bbox 1688 2201 1856 2273; x_wconf 49' lang='lat' dir='ltr'><strong>sese;</strong></span> 
     </span>
    </p>
   </div>
   <div class='ocr_carea' id='block_1_41' title="bbox 264 2286 1856 2362">
    <p class='ocr_par' dir='ltr' id='par_1_41' title="bbox 264 2286 1856 2362">
     <span class='ocr_line' id='line_1_41' title="bbox 264 2286 1856 2362; baseline 0.006 -21"><span class='ocrx_word' id='word_1_290' title='bbox 264 2288 377 2342; x_wconf 81' lang='grc' dir='ltr'>τῶν</span> <span class='ocrx_word' id='word_1_291' title='bbox 422 2286 689 2345; x_wconf 73' lang='grc' dir='ltr'>εὐσεϐῶν.</span> <span class='ocrx_word' id='word_1_292' title='bbox 729 2288 799 2342; x_wconf 81' lang='grc' dir='ltr'><strong>Ἦ</strong></span> <span class='ocrx_word' id='word_1_293' title='bbox 844 2288 952 2360; x_wconf 86' lang='grc' dir='ltr'>γὰρ</span> <span class='ocrx_word' id='word_1_294' title='bbox 981 2288 1097 2353; x_wconf 81' lang='grc' dir='ltr'>ὁδὸς</span> <span class='ocrx_word' id='word_1_295' title='bbox 1136 2291 1345 2362; x_wconf 79' lang='grc' dir='ltr'>Κυρίου</span> <span class='ocrx_word' id='word_1_296' title='bbox 1394 2293 1594 2362; x_wconf 86' lang='grc' dir='ltr'>κρίσις.</span> <span class='ocrx_word' id='word_1_297' title='bbox 1652 2312 1672 2346; x_wconf 73' lang='grc' dir='ltr'><strong>ι</strong></span> <span class='ocrx_word' id='word_1_298' title='bbox 1717 2294 1856 2358; x_wconf 75' lang='grc' dir='ltr'>Τοὺς</span> 
     </span>
    </p>
   </div>
   <div class='ocr_carea' id='block_1_42' title="bbox 265 2374 1855 2456">
    <p class='ocr_par' dir='ltr' id='par_1_42' title="bbox 265 2374 1855 2456">
     <span class='ocr_line' id='line_1_42' title="bbox 265 2374 1855 2456; baseline 0.003 -21"><span class='ocrx_word' id='word_1_299' title='bbox 265 2374 374 2435; x_wconf 78' lang='grc' dir='ltr'>ὧδε</span> <span class='ocrx_word' id='word_1_300' title='bbox 398 2379 695 2452; x_wconf 75' lang='grc' dir='ltr'>λαμπροὺς</span> <span class='ocrx_word' id='word_1_301' title='bbox 725 2379 820 2433; x_wconf 74' lang='grc' dir='ltr'><strong>καὶ</strong></span> <span class='ocrx_word' id='word_1_302' title='bbox 849 2380 1254 2452; x_wconf 81' lang='grc' dir='ltr'>εὑλογημένους</span> <span class='ocrx_word' id='word_1_303' title='bbox 1282 2384 1362 2447; x_wconf 87' lang='grc' dir='ltr'><strong>είς</strong></span> <span class='ocrx_word' id='word_1_304' title='bbox 1380 2384 1477 2455; x_wconf 78' lang='grc' dir='ltr'>τὴν</span> <span class='ocrx_word' id='word_1_305' title='bbox 1501 2384 1651 2456; x_wconf 88' lang='grc' dir='ltr'>ἱεράν</span> <span class='ocrx_word' id='word_1_306' title='bbox 1671 2402 1732 2439; x_wconf 85' lang='grc' dir='ltr'><strong>τε</strong></span> <span class='ocrx_word' id='word_1_307' title='bbox 1763 2387 1855 2440; x_wconf 80' lang='grc' dir='ltr'>καὶ</span> 
     </span>
    </p>
   </div>
   <div class='ocr_carea' id='block_1_43' title="bbox 266 2470 1856 2542">
    <p class='ocr_par' dir='ltr' id='par_1_43' title="bbox 266 2470 1856 2542">
     <span class='ocr_line' id='line_1_43' title="bbox 266 2470 1856 2542; baseline 0.004 -20"><span class='ocrx_word' id='word_1_308' title='bbox 266 2470 426 2524; x_wconf 80' lang='grc' dir='ltr'>θείαν</span> <span class='ocrx_word' id='word_1_309' title='bbox 464 2470 636 2541; x_wconf 82' lang='grc' dir='ltr'>αὐλὴν</span> <span class='ocrx_word' id='word_1_310' title='bbox 682 2470 1055 2523; x_wconf 76' lang='grc' dir='ltr'>εἱσκαλείσοαι</span> <span class='ocrx_word' id='word_1_311' title='bbox 1100 2470 1466 2542; x_wconf 81' lang='grc' dir='ltr'>προστέταχιν</span> <span class='ocrx_word' id='word_1_312' title='bbox 1510 2476 1539 2526; x_wconf 85' lang='grc' dir='ltr'>ὁ</span> <span class='ocrx_word' id='word_1_313' title='bbox 1566 2472 1676 2527; x_wconf 81' lang='grc' dir='ltr'>τῶν</span> <span class='ocrx_word' id='word_1_314' title='bbox 1720 2474 1856 2529; x_wconf 82' lang='grc' dir='ltr'>ὅλων</span> 
     </span>
    </p>
   </div>
   <div class='ocr_carea' id='block_1_44' title="bbox 265 2559 1858 2629">
    <p class='ocr_par' dir='ltr' id='par_1_44' title="bbox 265 2559 1858 2629">
     <span class='ocr_line' id='line_1_44' title="bbox 265 2559 1858 2629; baseline 0.003 -15"><span class='ocrx_word' id='word_1_315' title='bbox 265 2561 426 2627; x_wconf 81' lang='grc' dir='ltr'>Θεὸς,</span> <span class='ocrx_word' id='word_1_316' title='bbox 473 2560 620 2614; x_wconf 72' lang='grc' dir='ltr'>οὕτω</span> <span class='ocrx_word' id='word_1_317' title='bbox 668 2559 876 2629; x_wconf 73' lang='grc' dir='ltr'>λέγων·</span> <span class='ocrx_word' id='word_1_318' title='bbox 913 2579 932 2612; x_wconf 78' lang='grc' dir='ltr'><strong>ι</strong></span> <span class='ocrx_word' id='word_1_319' title='bbox 984 2560 1258 2627; x_wconf 77' lang='grc' dir='ltr'>Ἀνοίξατε</span> <span class='ocrx_word' id='word_1_320' title='bbox 1302 2562 1477 2626; x_wconf 82' lang='grc' dir='ltr'>πύλας</span> <span class='ocrx_word' id='word_1_321' title='bbox 1501 2580 1514 2595; x_wconf 78' lang='grc' dir='ltr'><strong>ο</strong></span> <span class='ocrx_word' id='word_1_322' title='bbox 1571 2563 1858 2618; x_wconf 75' lang='grc' dir='ltr'>εἰσελθέτω</span> 
     </span>
    </p>
   </div>
   <div class='ocr_carea' id='block_1_45' title="bbox 265 2651 1856 2728">
    <p class='ocr_par' dir='ltr' id='par_1_45' title="bbox 265 2651 1856 2728">
     <span class='ocr_line' id='line_1_45' title="bbox 265 2651 1856 2728; baseline 0.004 -25"><span class='ocrx_word' id='word_1_323' title='bbox 265 2651 398 2716; x_wconf 55' lang='grc' dir='ltr'>λαις</span> <span class='ocrx_word' id='word_1_324' title='bbox 428 2653 724 2722; x_wconf 75' lang='grc' dir='ltr'>φυλάσσων</span> <span class='ocrx_word' id='word_1_325' title='bbox 744 2653 1113 2725; x_wconf 83' lang='grc' dir='ltr'>δικαιοσύνην,</span> <span class='ocrx_word' id='word_1_326' title='bbox 1145 2657 1241 2708; x_wconf 75' lang='grc' dir='ltr'><strong>καὶ</strong></span> <span class='ocrx_word' id='word_1_327' title='bbox 1268 2655 1555 2725; x_wconf 83' lang='grc' dir='ltr'>φυλάσσων</span> <span class='ocrx_word' id='word_1_328' title='bbox 1578 2655 1856 2728; x_wconf 75' lang='grc' dir='ltr'>ἀλήθειαν,</span> 
     </span>
    </p>
   </div>
   <div class='ocr_carea' id='block_1_46' title="bbox 265 2745 1853 2819">
    <p class='ocr_par' dir='ltr' id='par_1_46' title="bbox 265 2745 1853 2819">
     <span class='ocr_line' id='line_1_46' title="bbox 265 2745 1853 2819; baseline 0.002 -20"><span class='ocrx_word' id='word_1_329' title='bbox 265 2745 809 2816; x_wconf 65' lang='grc' dir='ltr'>ἀντιλαμϐανόμενος</span> <span class='ocrx_word' id='word_1_330' title='bbox 826 2746 1107 2818; x_wconf 78' lang='grc' dir='ltr'>ἀληθείας,</span> <span class='ocrx_word' id='word_1_331' title='bbox 1126 2749 1220 2802; x_wconf 76' lang='grc' dir='ltr'><strong>καὶ</strong></span> <span class='ocrx_word' id='word_1_332' title='bbox 1240 2747 1529 2817; x_wconf 78' lang='grc' dir='ltr'>φυλάσσων</span> <span class='ocrx_word' id='word_1_333' title='bbox 1562 2749 1806 2819; x_wconf 77' lang='grc' dir='ltr'>εἰρήνην.</span> <span class='ocrx_word' id='word_1_334' title='bbox 1833 2766 1853 2801; x_wconf 73' lang='grc' dir='ltr'>ι</span> 
     </span>
    </p>
   </div>
   <div class='ocr_carea' id='block_1_47' title="bbox 280 2836 1859 2910">
    <p class='ocr_par' dir='ltr' id='par_1_47' title="bbox 280 2836 1859 2910">
     <span class='ocr_line' id='line_1_47' title="bbox 280 2836 1859 2910; baseline 0.002 -20"><span class='ocrx_word' id='word_1_335' title='bbox 280 2836 427 2891; x_wconf 75' lang='grc' dir='ltr'>Ἀλλ’</span> <span class='ocrx_word' id='word_1_336' title='bbox 462 2838 551 2890; x_wconf 82' lang='grc' dir='ltr'>ἶνα</span> <span class='ocrx_word' id='word_1_337' title='bbox 588 2837 664 2909; x_wconf 78' lang='grc' dir='ltr'>μὴ</span> <span class='ocrx_word' id='word_1_338' title='bbox 691 2840 804 2902; x_wconf 76' lang='grc' dir='ltr'>τοῖς</span> <span class='ocrx_word' id='word_1_339' title='bbox 827 2838 916 2892; x_wconf 85' lang='grc' dir='ltr'><strong>διά</strong></span> <span class='ocrx_word' id='word_1_340' title='bbox 947 2838 1112 2909; x_wconf 81' lang='grc' dir='ltr'>μέσου</span> <span class='ocrx_word' id='word_1_341' title='bbox 1147 2839 1466 2904; x_wconf 78' lang='grc' dir='ltr'>σκανδάλοις</span> <span class='ocrx_word' id='word_1_342' title='bbox 1495 2839 1859 2910; x_wconf 78' lang='grc' dir='ltr'>προσπταίον-</span> 
     </span>
    </p>
   </div>
   <div class='ocr_carea' id='block_1_48' title="bbox 266 2930 1859 3007">
    <p class='ocr_par' dir='ltr' id='par_1_48' title="bbox 266 2930 1859 3007">
     <span class='ocr_line' id='line_1_48' title="bbox 266 2930 1859 3007; baseline 0.001 -23"><span class='ocrx_word' id='word_1_343' title='bbox 266 2948 381 2995; x_wconf 74' lang='grc' dir='ltr'>τες,</span> <span class='ocrx_word' id='word_1_344' title='bbox 396 2930 560 2985; x_wconf 74' lang='grc' dir='ltr'>ὄκνον</span> <span class='ocrx_word' id='word_1_345' title='bbox 584 2930 916 2996; x_wconf 81' lang='grc' dir='ltr'>εἰσδέξαιντο</span> <span class='ocrx_word' id='word_1_346' title='bbox 934 2931 1026 2985; x_wconf 79' lang='grc' dir='ltr'><strong>τὸν</strong></span> <span class='ocrx_word' id='word_1_347' title='bbox 1047 2933 1135 2985; x_wconf 77' lang='grc' dir='ltr'><strong>ἐπ’</strong></span> <span class='ocrx_word' id='word_1_348' title='bbox 1157 2933 1403 3002; x_wconf 76' lang='grc' dir='ltr'>ἀγαθοῖς,</span> <span class='ocrx_word' id='word_1_349' title='bbox 1434 2933 1645 2988; x_wconf 79' lang='grc' dir='ltr'>εὐοδίαν</span> <span class='ocrx_word' id='word_1_350' title='bbox 1670 2933 1859 3007; x_wconf 85' lang='grc' dir='ltr'>ὥσπερ</span> 
     </span>
    </p>
   </div>
   <div class='ocr_carea' id='block_1_49' title="bbox 267 3022 1856 3098">
    <p class='ocr_par' dir='ltr' id='par_1_49' title="bbox 267 3022 1856 3098">
     <span class='ocr_line' id='line_1_49' title="bbox 267 3022 1856 3098; baseline 0.004 -23"><span class='ocrx_word' id='word_1_351' title='bbox 267 3022 532 3091; x_wconf 79' lang='grc' dir='ltr'>γενέσθαι</span> <span class='ocrx_word' id='word_1_352' title='bbox 569 3022 927 3093; x_wconf 77' lang='grc' dir='ltr'>προστέταχε,</span> <span class='ocrx_word' id='word_1_353' title='bbox 951 3025 1042 3076; x_wconf 78' lang='grc' dir='ltr'>καὶ</span> <span class='ocrx_word' id='word_1_354' title='bbox 1069 3025 1499 3090; x_wconf 81' lang='grc' dir='ltr'>καταψιλοῦσθαι</span> <span class='ocrx_word' id='word_1_355' title='bbox 1523 3025 1620 3098; x_wconf 77' lang='grc' dir='ltr'>τὴν</span> <span class='ocrx_word' id='word_1_356' title='bbox 1649 3026 1856 3097; x_wconf 84' lang='grc' dir='ltr'>εἰσδρο-</span> 
     </span>
    </p>
   </div>
   <div class='ocr_carea' id='block_1_50' title="bbox 270 3108 1853 3186">
    <p class='ocr_par' dir='ltr' id='par_1_50' title="bbox 270 3108 1853 3186">
     <span class='ocr_line' id='line_1_50' title="bbox 270 3108 1853 3186; baseline 0.004 -24"><span class='ocrx_word' id='word_1_357' title='bbox 270 3111 409 3185; x_wconf 74' lang='grc' dir='ltr'>μὴν,</span> <span class='ocrx_word' id='word_1_358' title='bbox 443 3108 592 3163; x_wconf 78' lang='grc' dir='ltr'>οὕτω</span> <span class='ocrx_word' id='word_1_359' title='bbox 615 3110 792 3179; x_wconf 79' lang='grc' dir='ltr'>λέγων</span> <span class='ocrx_word' id='word_1_360' title='bbox 814 3115 928 3176; x_wconf 82' lang='grc' dir='ltr'>τοῖς</span> <span class='ocrx_word' id='word_1_361' title='bbox 948 3112 1123 3180; x_wconf 85' lang='grc' dir='ltr'>ἁγίοις</span> <span class='ocrx_word' id='word_1_362' title='bbox 1155 3114 1455 3185; x_wconf 80' lang='grc' dir='ltr'>ίερουργοῖς</span> <span class='ocrx_word' id='word_1_363' title='bbox 1472 3130 1486 3144; x_wconf 86' lang='grc'><strong>·</strong></span> <span class='ocrx_word' id='word_1_364' title='bbox 1510 3133 1529 3165; x_wconf 73' lang='grc' dir='ltr'><strong><em>ο</em></strong></span> <span class='ocrx_word' id='word_1_365' title='bbox 1551 3115 1853 3186; x_wconf 77' lang='grc' dir='ltr'>Πορεύεσθε</span> 
     </span>
    </p>
   </div>
   <div class='ocr_carea' id='block_1_51' title="bbox 264 3201 1853 3278">
    <p class='ocr_par' dir='ltr' id='par_1_51' title="bbox 264 3201 1853 3278">
     <span class='ocr_line' id='line_1_51' title="bbox 264 3201 1853 3278; baseline 0.003 -22"><span class='ocrx_word' id='word_1_366' title='bbox 264 3203 360 3256; x_wconf 70' lang='grc' dir='ltr'>διὰ</span> <span class='ocrx_word' id='word_1_367' title='bbox 385 3201 497 3255; x_wconf 80' lang='grc' dir='ltr'><strong>τῶν</strong></span> <span class='ocrx_word' id='word_1_368' title='bbox 539 3201 727 3256; x_wconf 83' lang='grc' dir='ltr'>πυλῶν</span> <span class='ocrx_word' id='word_1_369' title='bbox 762 3220 882 3273; x_wconf 71' lang='grc' dir='ltr'>μου,</span> <span class='ocrx_word' id='word_1_370' title='bbox 923 3204 1018 3257; x_wconf 78' lang='grc' dir='ltr'>καὶ</span> <span class='ocrx_word' id='word_1_371' title='bbox 1048 3205 1175 3268; x_wconf 80' lang='grc' dir='ltr'>τοὺς</span> <span class='ocrx_word' id='word_1_372' title='bbox 1201 3203 1382 3267; x_wconf 85' lang='grc' dir='ltr'>λίθους</span> <span class='ocrx_word' id='word_1_373' title='bbox 1414 3206 1513 3277; x_wconf 80' lang='grc' dir='ltr'>τῆς</span> <span class='ocrx_word' id='word_1_374' title='bbox 1545 3205 1665 3260; x_wconf 72' lang='grc' dir='ltr'>ὀδοῦ</span> <span class='ocrx_word' id='word_1_375' title='bbox 1697 3208 1853 3278; x_wconf 77' lang='grc' dir='ltr'>διαρο</span> 
     </span>
    </p>
   </div>
   <div class='ocr_carea' id='block_1_52' title="bbox 271 3292 1854 3368">
    <p class='ocr_par' dir='ltr' id='par_1_52' title="bbox 271 3292 1854 3368">
     <span class='ocr_line' id='line_1_52' title="bbox 271 3292 1854 3368; baseline 0.005 -22"><span class='ocrx_word' id='word_1_376' title='bbox 271 3295 497 3365; x_wconf 77' lang='grc' dir='ltr'>ῥίψατε.</span> <span class='ocrx_word' id='word_1_377' title='bbox 538 3313 557 3346; x_wconf 76' lang='grc' dir='ltr'>ι</span> <span class='ocrx_word' id='word_1_378' title='bbox 591 3295 802 3348; x_wconf 77' lang='grc' dir='ltr'>Οὐκοῦν</span> <span class='ocrx_word' id='word_1_379' title='bbox 822 3292 931 3349; x_wconf 85' lang='grc' dir='ltr'>εἶεν</span> <span class='ocrx_word' id='word_1_380' title='bbox 955 3297 1022 3353; x_wconf 82' lang='grc' dir='ltr'>ἂν</span> <span class='ocrx_word' id='word_1_381' title='bbox 1047 3297 1403 3368; x_wconf 77' lang='grc' dir='ltr'>εὐλογημένοι</span> <span class='ocrx_word' id='word_1_382' title='bbox 1430 3316 1489 3352; x_wconf 85' lang='grc' dir='ltr'><strong>τε</strong></span> <span class='ocrx_word' id='word_1_383' title='bbox 1521 3299 1613 3352; x_wconf 81' lang='grc' dir='ltr'><strong>καὶ</strong></span> <span class='ocrx_word' id='word_1_384' title='bbox 1641 3300 1854 3354; x_wconf 70' lang='grc' dir='ltr'>εὐοδοῦ-</span> 
     </span>
    </p>
   </div>
   <div class='ocr_carea' id='block_1_53' title="bbox 273 3384 1857 3460">
    <p class='ocr_par' dir='ltr' id='par_1_53' title="bbox 273 3384 1857 3460">
     <span class='ocr_line' id='line_1_53' title="bbox 273 3384 1857 3460; baseline 0.004 -23"><span class='ocrx_word' id='word_1_385' title='bbox 273 3402 452 3457; x_wconf 86' lang='grc' dir='ltr'>μενοι,</span> <span class='ocrx_word' id='word_1_386' title='bbox 501 3384 603 3457; x_wconf 82' lang='grc' dir='ltr'>τὴν</span> <span class='ocrx_word' id='word_1_387' title='bbox 656 3387 737 3449; x_wconf 86' lang='grc' dir='ltr'><strong>είς</strong></span> <span class='ocrx_word' id='word_1_388' title='bbox 780 3387 1016 3458; x_wconf 80' lang='grc' dir='ltr'>Χριστὸν</span> <span class='ocrx_word' id='word_1_389' title='bbox 1064 3387 1246 3442; x_wconf 88' lang='grc' dir='ltr'>πίστιν</span> <span class='ocrx_word' id='word_1_390' title='bbox 1292 3389 1343 3441; x_wconf 74' lang='lat' dir='ltr'><strong>oi</strong></span> <span class='ocrx_word' id='word_1_391' title='bbox 1397 3391 1756 3460; x_wconf 85' lang='grc' dir='ltr'>τετιμηκότες</span> <span class='ocrx_word' id='word_1_392' title='bbox 1796 3390 1857 3456; x_wconf 79' lang='grc' dir='ltr'>ἐξ</span> 
     </span>
    </p>
   </div>
   <div class='ocr_carea' id='block_1_54' title="bbox 284 3477 1855 3552">
    <p class='ocr_par' dir='ltr' id='par_1_54' title="bbox 284 3477 1855 3552">
     <span class='ocr_line' id='line_1_54' title="bbox 284 3477 1855 3552; baseline 0.003 -21"><span class='ocrx_word' id='word_1_393' title='bbox 284 3477 533 3549; x_wconf 77' lang='grc' dir='ltr'>Ἰσραήλ.</span> <span class='ocrx_word' id='word_1_394' title='bbox 590 3478 957 3548; x_wconf 79' lang='grc' dir='ltr'>Κατοικήσειν</span> <span class='ocrx_word' id='word_1_395' title='bbox 1008 3495 1071 3547; x_wconf 89' lang='grc' dir='ltr'><strong>γε</strong></span> <span class='ocrx_word' id='word_1_396' title='bbox 1128 3479 1235 3550; x_wconf 77' lang='grc' dir='ltr'>μὴν</span> <span class='ocrx_word' id='word_1_397' title='bbox 1284 3478 1481 3545; x_wconf 78' lang='grc' dir='ltr'>αὐτοὺς</span> <span class='ocrx_word' id='word_1_398' title='bbox 1526 3478 1647 3552; x_wconf 72' lang='grc' dir='ltr'>ἢτοι</span> <span class='ocrx_word' id='word_1_399' title='bbox 1692 3500 1712 3534; x_wconf 77' lang='grc' dir='ltr'>ι</span> <span class='ocrx_word' id='word_1_400' title='bbox 1764 3482 1855 3535; x_wconf 75' lang='grc' dir='ltr'>τὸν</span> 
     </span>
    </p>
   </div>
   <div class='ocr_carea' id='block_1_55' title="bbox 271 3569 1881 3645">
    <p class='ocr_par' dir='ltr' id='par_1_55' title="bbox 271 3569 1881 3645">
     <span class='ocr_line' id='line_1_55' title="bbox 271 3569 1881 3645; baseline 0.003 -22"><span class='ocrx_word' id='word_1_401' title='bbox 271 3569 567 3624; x_wconf 76' lang='grc' dir='ltr'>Ζασουλὼν</span> <span class='ocrx_word' id='word_1_402' title='bbox 611 3570 711 3643; x_wconf 77' lang='grc' dir='ltr'>τὴν</span> <span class='ocrx_word' id='word_1_403' title='bbox 748 3574 813 3644; x_wconf 79' lang='grc' dir='ltr'>τῇ</span> <span class='ocrx_word' id='word_1_404' title='bbox 852 3570 1100 3645; x_wconf 82' lang='grc' dir='ltr'>θαλάσσῃ</span> <span class='ocrx_word' id='word_1_405' title='bbox 1133 3573 1349 3639; x_wconf 88' lang='grc' dir='ltr'>γείτονα</span> <span class='ocrx_word' id='word_1_406' title='bbox 1389 3571 1577 3645; x_wconf 85' lang='grc' dir='ltr'>χώραν</span> <span class='ocrx_word' id='word_1_407' title='bbox 1619 3593 1638 3626; x_wconf 78' lang='grc' dir='ltr'><strong>ι</strong></span> <span class='ocrx_word' id='word_1_408' title='bbox 1684 3573 1881 3628; x_wconf 78' lang='grc' dir='ltr'>διεϐε-’</span> 
     </span>
    </p>
   </div>
   <div class='ocr_carea' id='block_1_56' title="bbox 274 3661 1856 3735">
    <p class='ocr_par' dir='ltr' id='par_1_56' title="bbox 274 3661 1856 3735">
     <span class='ocr_line' id='line_1_56' title="bbox 274 3661 1856 3735; baseline 0 -18"><span class='ocrx_word' id='word_1_409' title='bbox 274 3661 501 3717; x_wconf 76' lang='grc' dir='ltr'>σαιοῦτο</span> <span class='ocrx_word' id='word_1_410' title='bbox 533 3662 744 3732; x_wconf 78' lang='grc' dir='ltr'>σαφῶς.</span> <span class='ocrx_word' id='word_1_411' title='bbox 791 3664 965 3717; x_wconf 83' lang='grc' dir='ltr'>Οίονεί</span> <span class='ocrx_word' id='word_1_412' title='bbox 1010 3681 1127 3727; x_wconf 87' lang='grc' dir='ltr'><strong>πως</strong></span> <span class='ocrx_word' id='word_1_413' title='bbox 1156 3666 1332 3718; x_wconf 80' lang='grc' dir='ltr'>ἐκεῖνο</span> <span class='ocrx_word' id='word_1_414' title='bbox 1363 3663 1560 3735; x_wconf 84' lang='grc' dir='ltr'>λέγων,</span> <span class='ocrx_word' id='word_1_415' title='bbox 1612 3665 1694 3719; x_wconf 83' lang='grc' dir='ltr'>ὅτι</span> <span class='ocrx_word' id='word_1_416' title='bbox 1743 3667 1856 3730; x_wconf 85' lang='grc' dir='ltr'>τοῖς</span> 
     </span>
    </p>
   </div>
   <div class='ocr_carea' id='block_1_57' title="bbox 274 3753 1855 3831">
    <p class='ocr_par' dir='ltr' id='par_1_57' title="bbox 274 3753 1855 3831">
     <span class='ocr_line' id='line_1_57' title="bbox 274 3753 1855 3831; baseline 0.004 -27"><span class='ocrx_word' id='word_1_417' title='bbox 274 3753 487 3808; x_wconf 75' lang='grc' dir='ltr'>ἔθνεσιν</span> <span class='ocrx_word' id='word_1_418' title='bbox 513 3755 715 3824; x_wconf 76' lang='grc' dir='ltr'>ἀναμὶξ</span> <span class='ocrx_word' id='word_1_419' title='bbox 752 3754 903 3808; x_wconf 77' lang='grc' dir='ltr'>ἔσται</span> <span class='ocrx_word' id='word_1_420' title='bbox 944 3754 1131 3809; x_wconf 83' lang='grc' dir='ltr'>λοιπὸν</span> <span class='ocrx_word' id='word_1_421' title='bbox 1170 3758 1198 3809; x_wconf 85' lang='grc' dir='ltr'>ὁ</span> <span class='ocrx_word' id='word_1_422' title='bbox 1236 3756 1474 3828; x_wconf 84' lang='grc' dir='ltr'>Ἰσραὴλ,</span> <span class='ocrx_word' id='word_1_423' title='bbox 1514 3756 1611 3812; x_wconf 71' lang='grc' dir='ltr'><strong>ἅτε</strong></span> <span class='ocrx_word' id='word_1_424' title='bbox 1648 3757 1715 3831; x_wconf 80' lang='grc' dir='ltr'>δὴ</span> <span class='ocrx_word' id='word_1_425' title='bbox 1761 3760 1855 3813; x_wconf 73' lang='grc' dir='ltr'><strong>καὶ</strong></span> 
     </span>
    </p>
   </div>
   <div class='ocr_carea' id='block_1_58' title="bbox 276 3845 1855 3918">
    <p class='ocr_par' dir='ltr' id='par_1_58' title="bbox 276 3845 1855 3918">
     <span class='ocr_line' id='line_1_58' title="bbox 276 3845 1855 3918; baseline 0.004 -21"><span class='ocrx_word' id='word_1_426' title='bbox 276 3846 355 3908; x_wconf 85' lang='grc' dir='ltr'><strong>είς</strong></span> <span class='ocrx_word' id='word_1_427' title='bbox 386 3845 520 3915; x_wconf 86' lang='grc' dir='ltr'>μίαν</span> <span class='ocrx_word' id='word_1_428' title='bbox 550 3846 787 3915; x_wconf 79' lang='grc' dir='ltr'>ποίμνην</span> <span class='ocrx_word' id='word_1_429' title='bbox 809 3847 1289 3918; x_wconf 69' lang='grc' dir='ltr'>συνενηνεγμένων</span> <span class='ocrx_word' id='word_1_430' title='bbox 1316 3848 1423 3901; x_wconf 85' lang='grc' dir='ltr'><strong>τῶν</strong></span> <span class='ocrx_word' id='word_1_431' title='bbox 1445 3848 1538 3902; x_wconf 79' lang='grc' dir='ltr'><strong>δύο</strong></span> <span class='ocrx_word' id='word_1_432' title='bbox 1563 3848 1727 3913; x_wconf 75' lang='grc' dir='ltr'>λαῶν,</span> <span class='ocrx_word' id='word_1_433' title='bbox 1764 3851 1855 3903; x_wconf 64' lang='grc' dir='ltr'>καὶ</span> 
     </span>
    </p>
   </div>
   <div class='ocr_carea' id='block_1_59' title="bbox 275 3929 1855 4006">
    <p class='ocr_par' dir='ltr' id='par_1_59' title="bbox 275 3929 1855 4006">
     <span class='ocr_line' id='line_1_59' title="bbox 275 3929 1855 4006; baseline 0.007 -24"><span class='ocrx_word' id='word_1_434' title='bbox 275 3929 381 3982; x_wconf 72' lang='grc' dir='ltr'>ὑπὸ</span> <span class='ocrx_word' id='word_1_435' title='bbox 408 3933 569 4001; x_wconf 78' lang='grc' dir='ltr'>χεῖρα</span> <span class='ocrx_word' id='word_1_436' title='bbox 589 3929 688 4001; x_wconf 79' lang='grc' dir='ltr'>τὴν</span> <span class='ocrx_word' id='word_1_437' title='bbox 713 3931 830 3993; x_wconf 79' lang='grc' dir='ltr'>ἐνὸς</span> <span class='ocrx_word' id='word_1_438' title='bbox 856 3932 950 3986; x_wconf 84' lang='grc' dir='ltr'><strong>τοῦ</strong></span> <span class='ocrx_word' id='word_1_439' title='bbox 977 3934 1119 3987; x_wconf 83' lang='grc' dir='ltr'>κατὰ</span> <span class='ocrx_word' id='word_1_440' title='bbox 1146 3936 1306 4002; x_wconf 74' lang='grc' dir='ltr'>φύσιν</span> <span class='ocrx_word' id='word_1_441' title='bbox 1325 3935 1529 4004; x_wconf 79' lang='grc' dir='ltr'>ἀγαθοῦ</span> <span class='ocrx_word' id='word_1_442' title='bbox 1556 3939 1855 4006; x_wconf 83' lang='grc' dir='ltr'>γεγονότων</span> 
     </span>
    </p>
   </div>
   <div class='ocr_carea' id='block_1_60' title="bbox 271 4021 1856 4098">
    <p class='ocr_par' dir='ltr' id='par_1_60' title="bbox 271 4021 1856 4098">
     <span class='ocr_line' id='line_1_60' title="bbox 271 4021 1856 4098; baseline 0.006 -24"><span class='ocrx_word' id='word_1_443' title='bbox 271 4021 693 4092; x_wconf 77' lang='grc' dir='ltr'>ἀρχιποιμένος,</span> <span class='ocrx_word' id='word_1_444' title='bbox 720 4024 965 4077; x_wconf 82' lang='grc' dir='ltr'>τουτέστι</span> <span class='ocrx_word' id='word_1_445' title='bbox 999 4025 1255 4096; x_wconf 82' lang='grc' dir='ltr'>Χριστοῦ.</span> <span class='ocrx_word' id='word_1_446' title='bbox 1289 4026 1412 4079; x_wconf 81' lang='grc' dir='ltr'>Ὅτι</span> <span class='ocrx_word' id='word_1_447' title='bbox 1439 4026 1496 4079; x_wconf 80' lang='grc' dir='ltr'>δὲ</span> <span class='ocrx_word' id='word_1_448' title='bbox 1534 4027 1594 4080; x_wconf 86' lang='grc' dir='ltr'><strong>τὸ</strong></span> <span class='ocrx_word' id='word_1_449' title='bbox 1629 4028 1856 4098; x_wconf 72' lang='grc' dir='ltr'>αἴνιγμα</span> 
     </span>
    </p>
   </div>
   <div class='ocr_carea' id='block_1_61' title="bbox 270 4109 1859 4189">
    <p class='ocr_par' dir='ltr' id='par_1_61' title="bbox 270 4109 1859 4189">
     <span class='ocr_line' id='line_1_61' title="bbox 270 4109 1859 4189; baseline 0.006 -28"><span class='ocrx_word' id='word_1_450' title='bbox 270 4109 501 4179; x_wconf 68' lang='grc' dir='ltr'>άληθις,</span> <span class='ocrx_word' id='word_1_451' title='bbox 529 4111 936 4184; x_wconf 59' lang='grc' dir='ltr'>πληῳφορήσει</span> <span class='ocrx_word' id='word_1_452' title='bbox 977 4114 1174 4184; x_wconf 72' lang='grc' dir='ltr'>ῥᾳδίως</span> <span class='ocrx_word' id='word_1_453' title='bbox 1201 4114 1301 4185; x_wconf 82' lang='grc' dir='ltr'>τῆς</span> <span class='ocrx_word' id='word_1_454' title='bbox 1331 4115 1688 4169; x_wconf 84' lang='grc' dir='ltr'>θεοπνεύστου</span> <span class='ocrx_word' id='word_1_455' title='bbox 1722 4118 1859 4189; x_wconf 90' lang='grc' dir='ltr'>Γρα-</span> 
     </span>
    </p>
   </div>
   <div class='ocr_carea' id='block_1_62' title="bbox 269 4204 1857 4281">
    <p class='ocr_par' dir='ltr' id='par_1_62' title="bbox 269 4204 1857 4281">
     <span class='ocr_line' id='line_1_62' title="bbox 269 4204 1857 4281; baseline 0.003 -23"><span class='ocrx_word' id='word_1_456' title='bbox 269 4204 385 4275; x_wconf 77' lang='grc' dir='ltr'>φῆς</span> <span class='ocrx_word' id='word_1_457' title='bbox 412 4204 442 4257; x_wconf 75' lang='grc' dir='ltr'><strong>ὁ</strong></span> <span class='ocrx_word' id='word_1_458' title='bbox 478 4204 656 4273; x_wconf 85' lang='grc' dir='ltr'>λόγος,</span> <span class='ocrx_word' id='word_1_459' title='bbox 692 4209 800 4271; x_wconf 83' lang='grc' dir='ltr'>τοῖς</span> <span class='ocrx_word' id='word_1_460' title='bbox 829 4206 885 4273; x_wconf 76' lang='grc' dir='ltr'><strong>ἐξ</strong></span> <span class='ocrx_word' id='word_1_461' title='bbox 922 4207 1090 4261; x_wconf 76' lang='grc' dir='ltr'>ἐθνῶν</span> <span class='ocrx_word' id='word_1_462' title='bbox 1117 4209 1405 4279; x_wconf 79' lang='grc' dir='ltr'>ἀπονέμων</span> <span class='ocrx_word' id='word_1_463' title='bbox 1442 4208 1539 4281; x_wconf 83' lang='grc' dir='ltr'><strong>τὴν</strong></span> <span class='ocrx_word' id='word_1_464' title='bbox 1569 4210 1857 4281; x_wconf 78' lang='grc' dir='ltr'>πρόσοικον</span> 
     </span>
    </p>
   </div>
   <div class='ocr_carea' id='block_1_63' title="bbox 268 4294 1856 4371">
    <p class='ocr_par' dir='ltr' id='par_1_63' title="bbox 268 4294 1856 4371">
     <span class='ocr_line' id='line_1_63' title="bbox 268 4294 1856 4371; baseline 0.003 -22"><span class='ocrx_word' id='word_1_465' title='bbox 268 4297 338 4367; x_wconf 74' lang='grc' dir='ltr'>τῇ</span> <span class='ocrx_word' id='word_1_466' title='bbox 373 4294 617 4367; x_wconf 79' lang='grc' dir='ltr'>θαλάττῃ</span> <span class='ocrx_word' id='word_1_467' title='bbox 664 4295 867 4368; x_wconf 83' lang='grc' dir='ltr'>χώραν.</span> <span class='ocrx_word' id='word_1_468' title='bbox 913 4298 1059 4366; x_wconf 79' lang='grc' dir='ltr'><strong>Ἔφη</strong></span> <span class='ocrx_word' id='word_1_469' title='bbox 1098 4296 1205 4368; x_wconf 79' lang='grc' dir='ltr'><strong>γάρ</strong></span> <span class='ocrx_word' id='word_1_470' title='bbox 1236 4296 1442 4362; x_wconf 78' lang='grc' dir='ltr'>οὕτως·</span> <span class='ocrx_word' id='word_1_471' title='bbox 1491 4317 1508 4350; x_wconf 80' lang='grc' dir='ltr'><strong>ι</strong></span> <span class='ocrx_word' id='word_1_472' title='bbox 1547 4296 1713 4371; x_wconf 82' lang='grc' dir='ltr'>Χώρα</span> <span class='ocrx_word' id='word_1_473' title='bbox 1753 4300 1856 4353; x_wconf 85' lang='grc' dir='ltr'><strong>Ζα-</strong></span> 
     </span>
    </p>
   </div>
   <div class='ocr_carea' id='block_1_64' title="bbox 1956 1826 3534 1904">
    <p class='ocr_par' dir='ltr' id='par_1_64' title="bbox 1956 1826 3534 1904">
     <span class='ocr_line' id='line_1_64' title="bbox 1956 1826 3534 1904; baseline 0.007 -23"><span class='ocrx_word' id='word_1_474' title='bbox 1956 1826 2158 1892; x_wconf 87' lang='lat' dir='ltr'><strong>drahit,</strong></span> <span class='ocrx_word' id='word_1_475' title='bbox 2202 1830 2460 1897; x_wconf 86' lang='lat' dir='ltr'><strong>arbitror,</strong></span> <span class='ocrx_word' id='word_1_476' title='bbox 2491 1832 2658 1886; x_wconf 91' lang='lat' dir='ltr'><strong>etiam</strong></span> <span class='ocrx_word' id='word_1_477' title='bbox 2684 1832 2818 1888; x_wconf 89' lang='lat' dir='ltr'><strong>illud</strong></span> <span class='ocrx_word' id='word_1_478' title='bbox 2845 1834 3128 1904; x_wconf 72' lang='lat' dir='ltr'><strong>propheta:</strong></span> <span class='ocrx_word' id='word_1_479' title='bbox 3164 1835 3315 1890; x_wconf 69' lang='lat' dir='ltr'><strong>Isaia:</strong></span> <span class='ocrx_word' id='word_1_480' title='bbox 3341 1852 3354 1888; x_wconf 89' lang='lat'><strong>:</strong></span> <span class='ocrx_word' id='word_1_481' title='bbox 3388 1854 3406 1886; x_wconf 83' lang='grc' dir='ltr'><strong>ι</strong></span> <span class='ocrx_word' id='word_1_482' title='bbox 3436 1834 3534 1892; x_wconf 70' lang='lat' dir='ltr'><strong>Via</strong></span> 
     </span>
    </p>
   </div>
   <div class='ocr_carea' id='block_1_65' title="bbox 1955 1919 3559 1998">
    <p class='ocr_par' dir='ltr' id='par_1_65' title="bbox 1955 1919 3559 1998">
     <span class='ocr_line' id='line_1_65' title="bbox 1955 1919 3559 1998; baseline 0.007 -25"><span class='ocrx_word' id='word_1_483' title='bbox 1955 1919 2171 1989; x_wconf 88' lang='lat' dir='ltr'><strong>piorum</strong></span> <span class='ocrx_word' id='word_1_484' title='bbox 2197 1921 2340 1977; x_wconf 78' lang='lat' dir='ltr'><strong>facta</strong></span> <span class='ocrx_word' id='word_1_485' title='bbox 2372 1932 2456 1978; x_wconf 90' lang='lat' dir='ltr'><strong>est</strong></span> <span class='ocrx_word' id='word_1_486' title='bbox 2487 1934 2656 1988; x_wconf 89' lang='lat' dir='ltr'><strong>recta,</strong></span> <span class='ocrx_word' id='word_1_487' title='bbox 2688 1932 2743 1980; x_wconf 91' lang='lat' dir='ltr'><strong>et</strong></span> <span class='ocrx_word' id='word_1_488' title='bbox 2773 1925 2878 1981; x_wconf 89' lang='lat' dir='ltr'><strong>iter</strong></span> <span class='ocrx_word' id='word_1_489' title='bbox 2904 1927 3122 1997; x_wconf 89' lang='lat' dir='ltr'><strong>piorum</strong></span> <span class='ocrx_word' id='word_1_490' title='bbox 3156 1936 3407 1998; x_wconf 88' lang='lat' dir='ltr'><strong>paratum</strong></span> <span class='ocrx_word' id='word_1_491' title='bbox 3429 1937 3559 1985; x_wconf 82' lang='lat' dir='ltr'><strong>est..</strong></span> 
     </span>
    </p>
   </div>
   <div class='ocr_carea' id='block_1_66' title="bbox 1956 2013 3579 2093">
    <p class='ocr_par' dir='ltr' id='par_1_66' title="bbox 1956 2013 3579 2093">
     <span class='ocr_line' id='line_1_66' title="bbox 1956 2013 3579 2093; baseline 0.004 -24"><span class='ocrx_word' id='word_1_492' title='bbox 1956 2013 2053 2069; x_wconf 83' lang='lat' dir='ltr'><strong>Via</strong></span> <span class='ocrx_word' id='word_1_493' title='bbox 2087 2014 2235 2068; x_wconf 89' lang='lat' dir='ltr'><strong>enim</strong></span> <span class='ocrx_word' id='word_1_494' title='bbox 2266 2016 2479 2072; x_wconf 87' lang='lat' dir='ltr'><strong>Domini</strong></span> <span class='ocrx_word' id='word_1_495' title='bbox 2504 2018 2772 2089; x_wconf 85' lang='lat' dir='ltr'><strong>judicium</strong></span> <span class='ocrx_word' id='word_1_496' title='bbox 2814 2020 2876 2072; x_wconf 62' lang='grc' dir='ltr'><strong>δ’.</strong></span> <span class='ocrx_word' id='word_1_497' title='bbox 2912 2039 2929 2070; x_wconf 71' lang='grc' dir='ltr'>ι</span> <span class='ocrx_word' id='word_1_498' title='bbox 2969 2019 3113 2075; x_wconf 88' lang='lat' dir='ltr'><strong>Deus</strong></span> <span class='ocrx_word' id='word_1_499' title='bbox 3152 2030 3335 2074; x_wconf 82' lang='lat' dir='ltr'><strong>autem</strong></span> <span class='ocrx_word' id='word_1_500' title='bbox 3374 2019 3539 2093; x_wconf 82' lang='lat' dir='ltr'><strong>hujus</strong></span> <span class='ocrx_word' id='word_1_501' title='bbox 3573 2044 3579 2050; x_wconf 64' lang='grc'><em>’</em></span> 
     </span>
    </p>
   </div>
   <div class='ocr_carea' id='block_1_67' title="bbox 1956 2103 3535 2180">
    <p class='ocr_par' dir='ltr' id='par_1_67' title="bbox 1956 2103 3535 2180">
     <span class='ocr_line' id='line_1_67' title="bbox 1956 2103 3535 2180; baseline 0.006 -23"><span class='ocrx_word' id='word_1_502' title='bbox 1956 2103 2199 2159; x_wconf 84' lang='lat' dir='ltr'><strong>universi</strong></span> <span class='ocrx_word' id='word_1_503' title='bbox 2233 2107 2515 2177; x_wconf 65' lang='lat' dir='ltr'><strong>praecepit,</strong></span> <span class='ocrx_word' id='word_1_504' title='bbox 2544 2116 2604 2163; x_wconf 92' lang='lat' dir='ltr'><strong>ut</strong></span> <span class='ocrx_word' id='word_1_505' title='bbox 2629 2108 2706 2162; x_wconf 89' lang='lat' dir='ltr'><strong>illi</strong></span> <span class='ocrx_word' id='word_1_506' title='bbox 2733 2110 2827 2180; x_wconf 92' lang='lat' dir='ltr'><strong>qui</strong></span> <span class='ocrx_word' id='word_1_507' title='bbox 2855 2108 2929 2164; x_wconf 89' lang='lat' dir='ltr'><strong>ita</strong></span> <span class='ocrx_word' id='word_1_508' title='bbox 2967 2110 3238 2179; x_wconf 88' lang='lat' dir='ltr'><strong>splendidi</strong></span> <span class='ocrx_word' id='word_1_509' title='bbox 3273 2124 3338 2165; x_wconf 87' lang='lat' dir='ltr'><strong>ac</strong></span> <span class='ocrx_word' id='word_1_510' title='bbox 3363 2109 3535 2167; x_wconf 85' lang='lat' dir='ltr'><strong>bene-</strong></span> 
     </span>
    </p>
   </div>
   <div class='ocr_carea' id='block_1_68' title="bbox 1956 2193 3533 2265">
    <p class='ocr_par' dir='ltr' id='par_1_68' title="bbox 1956 2193 3533 2265">
     <span class='ocr_line' id='line_1_68' title="bbox 1956 2193 3533 2265; baseline 0.005 -17"><span class='ocrx_word' id='word_1_511' title='bbox 1956 2193 2091 2249; x_wconf 89' lang='lat' dir='ltr'><strong>dicti</strong></span> <span class='ocrx_word' id='word_1_512' title='bbox 2129 2203 2285 2261; x_wconf 89' lang='lat' dir='ltr'><strong>sunt,</strong></span> <span class='ocrx_word' id='word_1_513' title='bbox 2323 2207 2591 2253; x_wconf 86' lang='lat' dir='ltr'><strong>vocentur</strong></span> <span class='ocrx_word' id='word_1_514' title='bbox 2619 2199 2675 2253; x_wconf 90' lang='lat' dir='ltr'><strong>in</strong></span> <span class='ocrx_word' id='word_1_515' title='bbox 2722 2214 2933 2254; x_wconf 81' lang='lat' dir='ltr'><strong>sacram</strong></span> <span class='ocrx_word' id='word_1_516' title='bbox 2960 2207 3016 2254; x_wconf 88' lang='lat' dir='ltr'><strong>et</strong></span> <span class='ocrx_word' id='word_1_517' title='bbox 3044 2200 3286 2254; x_wconf 88' lang='lat' dir='ltr'><strong>divinam</strong></span> <span class='ocrx_word' id='word_1_518' title='bbox 3319 2201 3497 2256; x_wconf 89' lang='lat' dir='ltr'><strong>aulam</strong></span> <span class='ocrx_word' id='word_1_519' title='bbox 3517 2241 3533 2265; x_wconf 92' lang='lat'><strong>,</strong></span> 
     </span>
    </p>
   </div>
   <div class='ocr_carea' id='block_1_69' title="bbox 1956 2284 3538 2361">
    <p class='ocr_par' dir='ltr' id='par_1_69' title="bbox 1956 2284 3538 2361">
     <span class='ocr_line' id='line_1_69' title="bbox 1956 2284 3538 2361; baseline 0.004 -20"><span class='ocrx_word' id='word_1_520' title='bbox 1956 2284 2147 2341; x_wconf 85' lang='lat' dir='ltr'><strong>dicens</strong></span> <span class='ocrx_word' id='word_1_521' title='bbox 2177 2304 2190 2339; x_wconf 91' lang='lat'><strong>:</strong></span> <span class='ocrx_word' id='word_1_522' title='bbox 2228 2306 2245 2338; x_wconf 80' lang='grc' dir='ltr'><strong>ι</strong></span> <span class='ocrx_word' id='word_1_523' title='bbox 2286 2287 2511 2357; x_wconf 82' lang='lat' dir='ltr'><strong>Aperite</strong></span> <span class='ocrx_word' id='word_1_524' title='bbox 2543 2297 2761 2358; x_wconf 87' lang='lat' dir='ltr'><strong>portas;</strong></span> <span class='ocrx_word' id='word_1_525' title='bbox 2800 2289 3140 2360; x_wconf 76' lang='lat' dir='ltr'><strong>ingrediatur</strong></span> <span class='ocrx_word' id='word_1_526' title='bbox 3165 2291 3402 2361; x_wconf 82' lang='lat' dir='ltr'><strong>populus</strong></span> <span class='ocrx_word' id='word_1_527' title='bbox 3439 2307 3538 2347; x_wconf 71' lang='lat' dir='ltr'><strong>cu~</strong></span> 
     </span>
    </p>
   </div>
   <div class='ocr_carea' id='block_1_70' title="bbox 1957 2377 3541 2452">
    <p class='ocr_par' dir='ltr' id='par_1_70' title="bbox 1957 2377 3541 2452">
     <span class='ocr_line' id='line_1_70' title="bbox 1957 2377 3541 2452; baseline 0.001 -20"><span class='ocrx_word' id='word_1_528' title='bbox 1957 2377 2501 2449; x_wconf 74' lang='lat' dir='ltr'><strong>stodiensjustitiam,</strong></span> <span class='ocrx_word' id='word_1_529' title='bbox 2515 2387 2571 2433; x_wconf 90' lang='lat' dir='ltr'><strong>ct</strong></span> <span class='ocrx_word' id='word_1_530' title='bbox 2586 2380 2901 2435; x_wconf 87' lang='lat' dir='ltr'><strong>custodiens</strong></span> <span class='ocrx_word' id='word_1_531' title='bbox 2914 2381 3198 2436; x_wconf 86' lang='lat' dir='ltr'><strong>veritatem</strong></span> <span class='ocrx_word' id='word_1_532' title='bbox 3209 2422 3223 2447; x_wconf 90' lang='lat'><strong>,</strong></span> <span class='ocrx_word' id='word_1_533' title='bbox 3234 2381 3541 2452; x_wconf 72' lang='lat' dir='ltr'><strong>apprehen~</strong></span> 
     </span>
    </p>
   </div>
   <div class='ocr_carea' id='block_1_71' title="bbox 1956 2466 3541 2551">
    <p class='ocr_par' dir='ltr' id='par_1_71' title="bbox 1956 2466 3541 2551">
     <span class='ocr_line' id='line_1_71' title="bbox 1956 2466 3541 2551; baseline 0.002 -30"><span class='ocrx_word' id='word_1_534' title='bbox 1956 2466 2095 2522; x_wconf 89' lang='lat' dir='ltr'><strong>dens</strong></span> <span class='ocrx_word' id='word_1_535' title='bbox 2115 2467 2420 2533; x_wconf 85' lang='lat' dir='ltr'><strong>veritatem,</strong></span> <span class='ocrx_word' id='word_1_536' title='bbox 2439 2478 2495 2523; x_wconf 90' lang='lat' dir='ltr'><strong>et</strong></span> <span class='ocrx_word' id='word_1_537' title='bbox 2512 2469 2829 2524; x_wconf 80' lang='lat' dir='ltr'><strong>cus‘todiens</strong></span> <span class='ocrx_word' id='word_1_538' title='bbox 2848 2486 3037 2551; x_wconf 79' lang='lat' dir='ltr'><strong>pacem</strong></span> <span class='ocrx_word' id='word_1_539' title='bbox 3060 2472 3124 2525; x_wconf 77' lang='lat'><strong>&quot;.</strong></span> <span class='ocrx_word' id='word_1_540' title='bbox 3155 2490 3173 2521; x_wconf 76' lang='grc' dir='ltr'><strong>ι</strong></span> <span class='ocrx_word' id='word_1_541' title='bbox 3196 2470 3265 2526; x_wconf 80' lang='lat' dir='ltr'><strong>At</strong></span> <span class='ocrx_word' id='word_1_542' title='bbox 3284 2485 3353 2527; x_wconf 86' lang='lat' dir='ltr'><strong>ne</strong></span> <span class='ocrx_word' id='word_1_543' title='bbox 3369 2471 3541 2526; x_wconf 90' lang='lat' dir='ltr'><strong>inter-</strong></span> 
     </span>
    </p>
   </div>
   <div class='ocr_carea' id='block_1_72' title="bbox 1955 2548 3542 2632">
    <p class='ocr_par' dir='ltr' id='par_1_72' title="bbox 1955 2548 3542 2632">
     <span class='ocr_line' id='line_1_72' title="bbox 1955 2548 3542 2632; baseline 0.003 -17"><span class='ocrx_word' id='word_1_544' title='bbox 1955 2559 2307 2615; x_wconf 83' lang='lat' dir='ltr'><strong>venientibus</strong></span> <span class='ocrx_word' id='word_1_545' title='bbox 2322 2560 2592 2615; x_wconf 89' lang='lat' dir='ltr'><strong>scandalis</strong></span> <span class='ocrx_word' id='word_1_546' title='bbox 2612 2548 2981 2632; x_wconf 81' lang='lat' dir='ltr'><strong>impingentes</strong></span> <span class='ocrx_word' id='word_1_547' title='bbox 2994 2563 3343 2619; x_wconf 85' lang='lat' dir='ltr'><strong>retardentur</strong></span> <span class='ocrx_word' id='word_1_548' title='bbox 3362 2564 3419 2619; x_wconf 94' lang='lat' dir='ltr'><strong>in</strong></span> <span class='ocrx_word' id='word_1_549' title='bbox 3436 2564 3542 2620; x_wconf 78' lang='lat' dir='ltr'><strong>hac</strong></span> 
     </span>
    </p>
   </div>
   <div class='ocr_carea' id='block_1_73' title="bbox 1956 2644 3542 2725">
    <p class='ocr_par' dir='ltr' id='par_1_73' title="bbox 1956 2644 3542 2725">
     <span class='ocr_line' id='line_1_73' title="bbox 1956 2644 3542 2725; baseline 0.003 -20"><span class='ocrx_word' id='word_1_550' title='bbox 1956 2644 2218 2722; x_wconf 76' lang='lat' dir='ltr'><strong>prospera</strong></span> <span class='ocrx_word' id='word_1_551' title='bbox 2239 2652 2480 2722; x_wconf 52' lang='lat' dir='ltr'><strong>vimque:</strong></span> <span class='ocrx_word' id='word_1_552' title='bbox 2500 2647 2672 2707; x_wconf 78' lang='lat' dir='ltr'><strong>tendit</strong></span> <span class='ocrx_word' id='word_1_553' title='bbox 2683 2653 2751 2706; x_wconf 85' lang='lat' dir='ltr'><strong>ad</strong></span> <span class='ocrx_word' id='word_1_554' title='bbox 2773 2653 2936 2719; x_wconf 87' lang='lat' dir='ltr'><strong>bona,</strong></span> <span class='ocrx_word' id='word_1_555' title='bbox 2950 2654 3228 2709; x_wconf 80' lang='lat' dir='ltr'><strong>ordinavit</strong></span> <span class='ocrx_word' id='word_1_556' title='bbox 3243 2663 3302 2709; x_wconf 93' lang='lat' dir='ltr'><strong>ut</strong></span> <span class='ocrx_word' id='word_1_557' title='bbox 3315 2655 3542 2725; x_wconf 84' lang='lat' dir='ltr'><strong>planum</strong></span> 
     </span>
    </p>
   </div>
   <div class='ocr_carea' id='block_1_74' title="bbox 1956 2742 3537 2810">
    <p class='ocr_par' dir='ltr' id='par_1_74' title="bbox 1956 2742 3537 2810">
     <span class='ocr_line' id='line_1_74' title="bbox 1956 2742 3537 2810; baseline 0.004 -15"><span class='ocrx_word' id='word_1_558' title='bbox 1956 2742 2203 2798; x_wconf 84' lang='lat' dir='ltr'><strong>facerent</strong></span> <span class='ocrx_word' id='word_1_559' title='bbox 2229 2744 2460 2810; x_wconf 86' lang='lat' dir='ltr'><strong>aditum,</strong></span> <span class='ocrx_word' id='word_1_560' title='bbox 2492 2744 2565 2799; x_wconf 86' lang='lat' dir='ltr'><strong>ita</strong></span> <span class='ocrx_word' id='word_1_561' title='bbox 2596 2745 2665 2800; x_wconf 87' lang='lat' dir='ltr'><strong>ad</strong></span> <span class='ocrx_word' id='word_1_562' title='bbox 2697 2753 2916 2801; x_wconf 89' lang='lat' dir='ltr'><strong>sanctos</strong></span> <span class='ocrx_word' id='word_1_563' title='bbox 2944 2746 3256 2802; x_wconf 85' lang='lat' dir='ltr'><strong>sacerdotes</strong></span> <span class='ocrx_word' id='word_1_564' title='bbox 3301 2747 3493 2803; x_wconf 89' lang='lat' dir='ltr'><strong>dicens</strong></span> <span class='ocrx_word' id='word_1_565' title='bbox 3522 2764 3537 2802; x_wconf 88' lang='lat'>:</span> 
     </span>
    </p>
   </div>
   <div class='ocr_carea' id='block_1_75' title="bbox 1965 2834 3541 2908">
    <p class='ocr_par' dir='ltr' id='par_1_75' title="bbox 1965 2834 3541 2908">
     <span class='ocr_line' id='line_1_75' title="bbox 1965 2834 3541 2908; baseline 0.007 -23"><span class='ocrx_word' id='word_1_566' title='bbox 1965 2852 1984 2885; x_wconf 80' lang='grc' dir='ltr'><strong>ι</strong></span> <span class='ocrx_word' id='word_1_567' title='bbox 2013 2834 2366 2905; x_wconf 85' lang='lat' dir='ltr'><strong>lngredimini</strong></span> <span class='ocrx_word' id='word_1_568' title='bbox 2389 2852 2488 2905; x_wconf 90' lang='lat' dir='ltr'><strong>per</strong></span> <span class='ocrx_word' id='word_1_569' title='bbox 2506 2846 2692 2907; x_wconf 88' lang='lat' dir='ltr'><strong>portas</strong></span> <span class='ocrx_word' id='word_1_570' title='bbox 2711 2852 2881 2903; x_wconf 87' lang='lat' dir='ltr'><strong>meas,</strong></span> <span class='ocrx_word' id='word_1_571' title='bbox 2906 2845 2963 2891; x_wconf 92' lang='lat' dir='ltr'><strong>et</strong></span> <span class='ocrx_word' id='word_1_572' title='bbox 2981 2838 3190 2908; x_wconf 85' lang='lat' dir='ltr'><strong>lapides</strong></span> <span class='ocrx_word' id='word_1_573' title='bbox 3208 2855 3239 2895; x_wconf 91' lang='lat' dir='ltr'><strong>e</strong></span> <span class='ocrx_word' id='word_1_574' title='bbox 3260 2839 3348 2894; x_wconf 85' lang='lat' dir='ltr'><strong>via</strong></span> <span class='ocrx_word' id='word_1_575' title='bbox 3367 2840 3541 2896; x_wconf 90' lang='lat' dir='ltr'><strong>dimo-</strong></span> 
     </span>
    </p>
   </div>
   <div class='ocr_carea' id='block_1_76' title="bbox 1958 2927 3544 3000">
    <p class='ocr_par' dir='ltr' id='par_1_76' title="bbox 1958 2927 3544 3000">
     <span class='ocr_line' id='line_1_76' title="bbox 1958 2927 3544 3000; baseline 0.004 -19"><span class='ocrx_word' id='word_1_576' title='bbox 1958 2937 2080 2984; x_wconf 87' lang='lat' dir='ltr'><strong>vete</strong></span> <span class='ocrx_word' id='word_1_577' title='bbox 2101 2929 2163 2981; x_wconf 70' lang='lat'><strong>“.</strong></span> <span class='ocrx_word' id='word_1_578' title='bbox 2185 2947 2202 2978; x_wconf 73' lang='grc' dir='ltr'><strong>ι</strong></span> <span class='ocrx_word' id='word_1_579' title='bbox 2214 2927 2469 2983; x_wconf 69' lang='lat' dir='ltr'><strong>Israelita:</strong></span> <span class='ocrx_word' id='word_1_580' title='bbox 2492 2930 2657 3000; x_wconf 80' lang='lat' dir='ltr'><strong>igitur</strong></span> <span class='ocrx_word' id='word_1_581' title='bbox 2672 2930 2765 3000; x_wconf 92' lang='lat' dir='ltr'><strong>qui</strong></span> <span class='ocrx_word' id='word_1_582' title='bbox 2782 2931 3188 2999; x_wconf 89' lang='lat' dir='ltr'><strong>amplectuntur</strong></span> <span class='ocrx_word' id='word_1_583' title='bbox 3205 2931 3367 2986; x_wconf 81' lang='lat' dir='ltr'><strong>(idem</strong></span> <span class='ocrx_word' id='word_1_584' title='bbox 3383 2931 3544 2988; x_wconf 82' lang='lat' dir='ltr'><strong>Chri-</strong></span> 
     </span>
    </p>
   </div>
   <div class='ocr_carea' id='block_1_77' title="bbox 1960 3019 3541 3095">
    <p class='ocr_par' dir='ltr' id='par_1_77' title="bbox 1960 3019 3541 3095">
     <span class='ocr_line' id='line_1_77' title="bbox 1960 3019 3541 3095; baseline 0.003 -21"><span class='ocrx_word' id='word_1_585' title='bbox 1960 3020 2052 3085; x_wconf 91' lang='lat' dir='ltr'><strong>sti,</strong></span> <span class='ocrx_word' id='word_1_586' title='bbox 2072 3026 2237 3075; x_wconf 90' lang='lat' dir='ltr'><strong>erunt</strong></span> <span class='ocrx_word' id='word_1_587' title='bbox 2258 3019 2556 3084; x_wconf 86' lang='lat' dir='ltr'><strong>benedicti,</strong></span> <span class='ocrx_word' id='word_1_588' title='bbox 2577 3034 2875 3090; x_wconf 87' lang='lat' dir='ltr'><strong>omnesque</strong></span> <span class='ocrx_word' id='word_1_589' title='bbox 2893 3022 3134 3092; x_wconf 88' lang='lat' dir='ltr'><strong>ipsorum</strong></span> <span class='ocrx_word' id='word_1_590' title='bbox 3155 3023 3400 3080; x_wconf 89' lang='lat' dir='ltr'><strong>actiones</strong></span> <span class='ocrx_word' id='word_1_591' title='bbox 3414 3040 3541 3095; x_wconf 88' lang='lat' dir='ltr'><strong>pro-</strong></span> 
     </span>
    </p>
   </div>
   <div class='ocr_carea' id='block_1_78' title="bbox 1959 3110 3542 3181">
    <p class='ocr_par' dir='ltr' id='par_1_78' title="bbox 1959 3110 3542 3181">
     <span class='ocr_line' id='line_1_78' title="bbox 1959 3110 3542 3181; baseline 0.004 -16"><span class='ocrx_word' id='word_1_592' title='bbox 1959 3126 2119 3181; x_wconf 90' lang='lat' dir='ltr'><strong>spere</strong></span> <span class='ocrx_word' id='word_1_593' title='bbox 2144 3110 2276 3181; x_wconf 81' lang='lat' dir='ltr'><strong>ipsis</strong></span> <span class='ocrx_word' id='word_1_594' title='bbox 2297 3110 2613 3165; x_wconf 86' lang='lat' dir='ltr'><strong>succedent.</strong></span> <span class='ocrx_word' id='word_1_595' title='bbox 2637 3111 2806 3167; x_wconf 87' lang='lat' dir='ltr'><strong>Porro</strong></span> <span class='ocrx_word' id='word_1_596' title='bbox 2829 3111 3063 3167; x_wconf 80' lang='lat' dir='ltr'><strong>aﬂirmat</strong></span> <span class='ocrx_word' id='word_1_597' title='bbox 3088 3121 3288 3180; x_wconf 83' lang='lat' dir='ltr'><strong>textus,</strong></span> <span class='ocrx_word' id='word_1_598' title='bbox 3309 3130 3404 3170; x_wconf 89' lang='lat' dir='ltr'><strong>eos</strong></span> <span class='ocrx_word' id='word_1_599' title='bbox 3425 3115 3542 3172; x_wconf 85' lang='lat' dir='ltr'><strong>sive</strong></span> 
     </span>
    </p>
   </div>
   <div class='ocr_carea' id='block_1_79' title="bbox 1965 3201 3543 3273">
    <p class='ocr_par' dir='ltr' id='par_1_79' title="bbox 1965 3201 3543 3273">
     <span class='ocr_line' id='line_1_79' title="bbox 1965 3201 3543 3273; baseline 0.006 -20"><span class='ocrx_word' id='word_1_600' title='bbox 1965 3221 1981 3253; x_wconf 80' lang='grc' dir='ltr'>ι</span> <span class='ocrx_word' id='word_1_601' title='bbox 2005 3201 2249 3257; x_wconf 88' lang='lat' dir='ltr'><strong>Zabulon</strong></span> <span class='ocrx_word' id='word_1_602' title='bbox 2274 3201 2551 3273; x_wconf 81' lang='lat' dir='ltr'><strong>regionem</strong></span> <span class='ocrx_word' id='word_1_603' title='bbox 2568 3202 2897 3257; x_wconf 87' lang='lat' dir='ltr'><strong>maritimam</strong></span> <span class='ocrx_word' id='word_1_604' title='bbox 2923 3223 2940 3255; x_wconf 75' lang='grc' dir='ltr'>ι</span> <span class='ocrx_word' id='word_1_605' title='bbox 2959 3204 3385 3261; x_wconf 88' lang='lat' dir='ltr'><strong>inhabitaturos.</strong></span> <span class='ocrx_word' id='word_1_606' title='bbox 3411 3208 3543 3263; x_wconf 61' lang='lat' dir='ltr'><strong>Pero</strong></span> 
     </span>
    </p>
   </div>
   <div class='ocr_carea' id='block_1_80' title="bbox 1957 3291 3541 3369">
    <p class='ocr_par' dir='ltr' id='par_1_80' title="bbox 1957 3291 3541 3369">
     <span class='ocr_line' id='line_1_80' title="bbox 1957 3291 3541 3369; baseline 0.006 -24"><span class='ocrx_word' id='word_1_607' title='bbox 1957 3291 2084 3347; x_wconf 89' lang='lat' dir='ltr'><strong>inde</strong></span> <span class='ocrx_word' id='word_1_608' title='bbox 2129 3308 2193 3347; x_wconf 91' lang='lat' dir='ltr'><strong>ac</strong></span> <span class='ocrx_word' id='word_1_609' title='bbox 2237 3292 2416 3356; x_wconf 86' lang='lat' dir='ltr'><strong>dicat,</strong></span> <span class='ocrx_word' id='word_1_610' title='bbox 2448 3291 2613 3347; x_wconf 86' lang='lat' dir='ltr'><strong>Israel</strong></span> <span class='ocrx_word' id='word_1_611' title='bbox 2659 3295 2886 3364; x_wconf 88' lang='lat' dir='ltr'><strong>posthac</strong></span> <span class='ocrx_word' id='word_1_612' title='bbox 2924 3294 3318 3351; x_wconf 89' lang='lat' dir='ltr'><strong>admiscebitur</strong></span> <span class='ocrx_word' id='word_1_613' title='bbox 3359 3298 3541 3369; x_wconf 85' lang='lat' dir='ltr'><strong>genti-</strong></span> 
     </span>
    </p>
   </div>
   <div class='ocr_carea' id='block_1_81' title="bbox 1956 3384 3540 3461">
    <p class='ocr_par' dir='ltr' id='par_1_81' title="bbox 1956 3384 3540 3461">
     <span class='ocr_line' id='line_1_81' title="bbox 1956 3384 3540 3461; baseline 0.004 -21"><span class='ocrx_word' id='word_1_614' title='bbox 1956 3384 2081 3449; x_wconf 91' lang='lat' dir='ltr'><strong>bus,</strong></span> <span class='ocrx_word' id='word_1_615' title='bbox 2111 3393 2174 3439; x_wconf 90' lang='lat' dir='ltr'><strong>ut</strong></span> <span class='ocrx_word' id='word_1_616' title='bbox 2201 3385 2277 3439; x_wconf 90' lang='lat' dir='ltr'><strong>ita</strong></span> <span class='ocrx_word' id='word_1_617' title='bbox 2303 3385 2414 3440; x_wconf 92' lang='lat' dir='ltr'><strong>duo</strong></span> <span class='ocrx_word' id='word_1_618' title='bbox 2454 3385 2640 3455; x_wconf 88' lang='lat' dir='ltr'><strong>populi</strong></span> <span class='ocrx_word' id='word_1_619' title='bbox 2681 3396 3083 3459; x_wconf 80' lang='lat' dir='ltr'><strong>congregemur</strong></span> <span class='ocrx_word' id='word_1_620' title='bbox 3125 3388 3183 3442; x_wconf 91' lang='lat' dir='ltr'><strong>in</strong></span> <span class='ocrx_word' id='word_1_621' title='bbox 3215 3406 3385 3445; x_wconf 88' lang='lat' dir='ltr'><strong>unum</strong></span> <span class='ocrx_word' id='word_1_622' title='bbox 3415 3406 3540 3461; x_wconf 87' lang='lat' dir='ltr'><strong>gre-</strong></span> 
     </span>
    </p>
   </div>
   <div class='ocr_carea' id='block_1_82' title="bbox 1955 3476 3546 3563">
    <p class='ocr_par' dir='ltr' id='par_1_82' title="bbox 1955 3476 3546 3563">
     <span class='ocr_line' id='line_1_82' title="bbox 1955 3476 3546 3563; baseline 0.003 -34"><span class='ocrx_word' id='word_1_623' title='bbox 1955 3491 2098 3546; x_wconf 86' lang='lat' dir='ltr'><strong>gem,</strong></span> <span class='ocrx_word' id='word_1_624' title='bbox 2135 3483 2297 3545; x_wconf 84' lang='lat' dir='ltr'><strong>atque</strong></span> <span class='ocrx_word' id='word_1_625' title='bbox 2328 3476 2422 3529; x_wconf 89' lang='lat' dir='ltr'><strong>uni</strong></span> <span class='ocrx_word' id='word_1_626' title='bbox 2454 3484 2644 3545; x_wconf 85' lang='lat' dir='ltr'><strong>suapte</strong></span> <span class='ocrx_word' id='word_1_627' title='bbox 2674 3486 2869 3532; x_wconf 86' lang='lat' dir='ltr'><strong>natura</strong></span> <span class='ocrx_word' id='word_1_628' title='bbox 2901 3479 3046 3533; x_wconf 88' lang='lat' dir='ltr'><strong>bono</strong></span> <span class='ocrx_word' id='word_1_629' title='bbox 3072 3494 3287 3534; x_wconf 88' lang='lat' dir='ltr'><strong>summo</strong></span> <span class='ocrx_word' id='word_1_630' title='bbox 3308 3481 3546 3563; x_wconf 76' lang='lat' dir='ltr'><strong>pastori,</strong></span> 
     </span>
    </p>
   </div>
   <div class='ocr_carea' id='block_1_83' title="bbox 1957 3565 3541 3641">
    <p class='ocr_par' dir='ltr' id='par_1_83' title="bbox 1957 3565 3541 3641">
     <span class='ocr_line' id='line_1_83' title="bbox 1957 3565 3541 3641; baseline 0.004 -22"><span class='ocrx_word' id='word_1_631' title='bbox 1957 3565 2010 3619; x_wconf 88' lang='lat' dir='ltr'><strong>id</strong></span> <span class='ocrx_word' id='word_1_632' title='bbox 2037 3572 2122 3620; x_wconf 90' lang='lat' dir='ltr'><strong>est</strong></span> <span class='ocrx_word' id='word_1_633' title='bbox 2144 3565 2385 3630; x_wconf 86' lang='lat' dir='ltr'><strong>Christo,</strong></span> <span class='ocrx_word' id='word_1_634' title='bbox 2416 3566 2797 3637; x_wconf 77' lang='lat' dir='ltr'><strong>subjiciuntur.</strong></span> <span class='ocrx_word' id='word_1_635' title='bbox 2831 3567 2986 3634; x_wconf 84' lang='lat' dir='ltr'><strong>Quod</strong></span> <span class='ocrx_word' id='word_1_636' title='bbox 3015 3578 3195 3624; x_wconf 87' lang='lat' dir='ltr'><strong>autem</strong></span> <span class='ocrx_word' id='word_1_637' title='bbox 3222 3569 3338 3625; x_wconf 73' lang='lat' dir='ltr'><strong>haec</strong></span> <span class='ocrx_word' id='word_1_638' title='bbox 3368 3569 3541 3641; x_wconf 74' lang='lat' dir='ltr'><strong>ﬁgura</strong></span> 
     </span>
    </p>
   </div>
   <div class='ocr_carea' id='block_1_84' title="bbox 1956 3657 3541 3731">
    <p class='ocr_par' dir='ltr' id='par_1_84' title="bbox 1956 3657 3541 3731">
     <span class='ocr_line' id='line_1_84' title="bbox 1956 3657 3541 3731; baseline 0.004 -18"><span class='ocrx_word' id='word_1_639' title='bbox 1956 3657 2028 3713; x_wconf 90' lang='lat' dir='ltr'><strong>sit</strong></span> <span class='ocrx_word' id='word_1_640' title='bbox 2070 3673 2220 3721; x_wconf 88' lang='lat' dir='ltr'><strong>vera,</strong></span> <span class='ocrx_word' id='word_1_641' title='bbox 2258 3672 2425 3713; x_wconf 70' lang='lat' dir='ltr'><strong>sacrm</strong></span> <span class='ocrx_word' id='word_1_642' title='bbox 2460 3657 2756 3728; x_wconf 66' lang='lat' dir='ltr'><strong>Scriptum</strong></span> <span class='ocrx_word' id='word_1_643' title='bbox 2776 3673 2978 3721; x_wconf 54' lang='lat' dir='ltr'><strong>,sermo</strong></span> <span class='ocrx_word' id='word_1_644' title='bbox 3018 3662 3335 3731; x_wconf 85' lang='lat' dir='ltr'><strong>plenissime</strong></span> <span class='ocrx_word' id='word_1_645' title='bbox 3379 3663 3541 3719; x_wconf 85' lang='lat' dir='ltr'><strong>nobis</strong></span> 
     </span>
    </p>
   </div>
   <div class='ocr_carea' id='block_1_85' title="bbox 1956 3749 3537 3825">
    <p class='ocr_par' dir='ltr' id='par_1_85' title="bbox 1956 3749 3537 3825">
     <span class='ocr_line' id='line_1_85' title="bbox 1956 3749 3537 3825; baseline 0.003 -20"><span class='ocrx_word' id='word_1_646' title='bbox 1956 3749 2320 3825; x_wconf 61' lang='lat' dir='ltr'><strong>coniirmarit,</strong></span> <span class='ocrx_word' id='word_1_647' title='bbox 2363 3765 2484 3820; x_wconf 62' lang='lat' dir='ltr'><strong>quae</strong></span> <span class='ocrx_word' id='word_1_648' title='bbox 2523 3752 2780 3820; x_wconf 79' lang='lat' dir='ltr'><strong>gentibus</strong></span> <span class='ocrx_word' id='word_1_649' title='bbox 2820 3753 3096 3823; x_wconf 88' lang='lat' dir='ltr'><strong>regionem</strong></span> <span class='ocrx_word' id='word_1_650' title='bbox 3130 3755 3267 3807; x_wconf 89' lang='lat' dir='ltr'><strong>mari</strong></span> <span class='ocrx_word' id='word_1_651' title='bbox 3302 3754 3537 3810; x_wconf 87' lang='lat' dir='ltr'><strong>vicinam</strong></span> 
     </span>
    </p>
   </div>
   <div class='ocr_carea' id='block_1_86' title="bbox 1956 3842 3536 3913">
    <p class='ocr_par' dir='ltr' id='par_1_86' title="bbox 1956 3842 3536 3913">
     <span class='ocr_line' id='line_1_86' title="bbox 1956 3842 3536 3913; baseline 0.001 -16"><span class='ocrx_word' id='word_1_652' title='bbox 1956 3842 2215 3913; x_wconf 79' lang='lat' dir='ltr'><strong>assignat.</strong></span> <span class='ocrx_word' id='word_1_653' title='bbox 2250 3843 2342 3896; x_wconf 83' lang='lat' dir='ltr'><strong>Ait</strong></span> <span class='ocrx_word' id='word_1_654' title='bbox 2390 3842 2538 3895; x_wconf 89' lang='lat' dir='ltr'><strong>enim</strong></span> <span class='ocrx_word' id='word_1_655' title='bbox 2587 3842 2667 3895; x_wconf 90' lang='lat' dir='ltr'><strong>sic</strong></span> <span class='ocrx_word' id='word_1_656' title='bbox 2708 3859 2721 3895; x_wconf 91' lang='lat'><strong>:</strong></span> <span class='ocrx_word' id='word_1_657' title='bbox 2773 3861 2791 3891; x_wconf 82' lang='grc' dir='ltr'><strong>ι</strong></span> <span class='ocrx_word' id='word_1_658' title='bbox 2852 3843 3023 3913; x_wconf 79' lang='lat' dir='ltr'><strong>Regio</strong></span> <span class='ocrx_word' id='word_1_659' title='bbox 3067 3842 3345 3909; x_wconf 88' lang='lat' dir='ltr'><strong>Zabulon,</strong></span> <span class='ocrx_word' id='word_1_660' title='bbox 3390 3853 3536 3898; x_wconf 88' lang='lat' dir='ltr'><strong>terra</strong></span> 
     </span>
    </p>
   </div>
   <div class='ocr_carea' id='block_1_87' title="bbox 1955 3932 3541 4003">
    <p class='ocr_par' dir='ltr' id='par_1_87' title="bbox 1955 3932 3541 4003">
     <span class='ocr_line' id='line_1_87' title="bbox 1955 3932 3541 4003; baseline 0.001 -15"><span class='ocrx_word' id='word_1_661' title='bbox 1955 3933 2305 4003; x_wconf 84' lang='lat' dir='ltr'><strong>Nephthalim</strong></span> <span class='ocrx_word' id='word_1_662' title='bbox 2336 3934 2488 4002; x_wconf 80' lang='lat' dir='ltr'><strong>juxta</strong></span> <span class='ocrx_word' id='word_1_663' title='bbox 2524 3933 2663 3985; x_wconf 85' lang='lat' dir='ltr'><strong>viam</strong></span> <span class='ocrx_word' id='word_1_664' title='bbox 2709 3932 2875 3986; x_wconf 89' lang='lat' dir='ltr'><strong>maris</strong></span> <span class='ocrx_word' id='word_1_665' title='bbox 2898 3939 2952 3987; x_wconf 91' lang='lat' dir='ltr'><strong>et</strong></span> <span class='ocrx_word' id='word_1_666' title='bbox 2997 3933 3209 3988; x_wconf 83' lang='lat' dir='ltr'><strong>caeteris</strong></span> <span class='ocrx_word' id='word_1_667' title='bbox 3255 3934 3350 4002; x_wconf 89' lang='lat' dir='ltr'><strong>qui</strong></span> <span class='ocrx_word' id='word_1_668' title='bbox 3389 3949 3541 3989; x_wconf 84' lang='lat' dir='ltr'><strong>mare</strong></span> 
     </span>
    </p>
   </div>
   <div class='ocr_carea' id='block_1_88' title="bbox 1956 4021 3539 4095">
    <p class='ocr_par' dir='ltr' id='par_1_88' title="bbox 1956 4021 3539 4095">
     <span class='ocr_line' id='line_1_88' title="bbox 1956 4021 3539 4095; baseline 0.001 -16"><span class='ocrx_word' id='word_1_669' title='bbox 1956 4025 2245 4088; x_wconf 89' lang='lat' dir='ltr'><strong>accolunt,</strong></span> <span class='ocrx_word' id='word_1_670' title='bbox 2316 4022 2535 4078; x_wconf 66' lang='lat' dir='ltr'><strong>Galilaaa</strong></span> <span class='ocrx_word' id='word_1_671' title='bbox 2607 4021 2872 4092; x_wconf 84' lang='lat' dir='ltr'><strong>gentium.</strong></span> <span class='ocrx_word' id='word_1_672' title='bbox 2927 4023 3169 4092; x_wconf 90' lang='lat' dir='ltr'><strong>Populus</strong></span> <span class='ocrx_word' id='word_1_673' title='bbox 3224 4025 3320 4095; x_wconf 91' lang='lat' dir='ltr'><strong>qui</strong></span> <span class='ocrx_word' id='word_1_674' title='bbox 3382 4025 3539 4081; x_wconf 89' lang='lat' dir='ltr'><strong>sedet</strong></span> 
     </span>
    </p>
   </div>
   <div class='ocr_carea' id='block_1_89' title="bbox 1957 4113 3535 4189">
    <p class='ocr_par' dir='ltr' id='par_1_89' title="bbox 1957 4113 3535 4189">
     <span class='ocr_line' id='line_1_89' title="bbox 1957 4113 3535 4189; baseline 0.003 -20"><span class='ocrx_word' id='word_1_675' title='bbox 1957 4115 2013 4169; x_wconf 91' lang='lat' dir='ltr'><strong>in</strong></span> <span class='ocrx_word' id='word_1_676' title='bbox 2037 4114 2281 4169; x_wconf 88' lang='lat' dir='ltr'><strong>tenebris</strong></span> <span class='ocrx_word' id='word_1_677' title='bbox 2298 4113 2433 4167; x_wconf 87' lang='lat' dir='ltr'><strong>vidit</strong></span> <span class='ocrx_word' id='word_1_678' title='bbox 2456 4114 2641 4167; x_wconf 87' lang='lat' dir='ltr'><strong>lumen</strong></span> <span class='ocrx_word' id='word_1_679' title='bbox 2668 4128 2923 4183; x_wconf 88' lang='lat' dir='ltr'><strong>magnum</strong></span> <span class='ocrx_word' id='word_1_680' title='bbox 2943 4114 3006 4168; x_wconf 67' lang='grc' dir='ltr'>δ’.</span> <span class='ocrx_word' id='word_1_681' title='bbox 3035 4134 3054 4165; x_wconf 76' lang='grc' dir='ltr'><strong>ι</strong></span> <span class='ocrx_word' id='word_1_682' title='bbox 3086 4115 3349 4189; x_wconf 90' lang='lat' dir='ltr'><strong>lntelligis</strong></span> <span class='ocrx_word' id='word_1_683' title='bbox 3365 4132 3535 4181; x_wconf 87' lang='lat' dir='ltr'><strong>nunc,</strong></span> 
     </span>
    </p>
   </div>
   <div class='ocr_carea' id='block_1_90' title="bbox 1957 4204 3536 4281">
    <p class='ocr_par' dir='ltr' id='par_1_90' title="bbox 1957 4204 3536 4281">
     <span class='ocr_line' id='line_1_90' title="bbox 1957 4204 3536 4281; baseline 0.004 -21"><span class='ocrx_word' id='word_1_684' title='bbox 1957 4205 2233 4277; x_wconf 89' lang='lat' dir='ltr'><strong>quomodo</strong></span> <span class='ocrx_word' id='word_1_685' title='bbox 2274 4205 2552 4277; x_wconf 83' lang='lat' dir='ltr'><strong>regionem</strong></span> <span class='ocrx_word' id='word_1_686' title='bbox 2584 4204 2829 4261; x_wconf 88' lang='lat' dir='ltr'><strong>Zabulon</strong></span> <span class='ocrx_word' id='word_1_687' title='bbox 2863 4208 3081 4263; x_wconf 86' lang='lat' dir='ltr'><strong>vocavit</strong></span> <span class='ocrx_word' id='word_1_688' title='bbox 3111 4227 3128 4260; x_wconf 76' lang='grc' dir='ltr'><strong>ι</strong></span> <span class='ocrx_word' id='word_1_689' title='bbox 3177 4215 3375 4265; x_wconf 87' lang='lat' dir='ltr'><strong>terram</strong></span> <span class='ocrx_word' id='word_1_690' title='bbox 3401 4225 3536 4281; x_wconf 88' lang='lat' dir='ltr'><strong>gen-</strong></span> 
     </span>
    </p>
   </div>
   <div class='ocr_carea' id='block_1_91' title="bbox 1961 4299 3537 4370">
    <p class='ocr_par' dir='ltr' id='par_1_91' title="bbox 1961 4299 3537 4370">
     <span class='ocr_line' id='line_1_91' title="bbox 1961 4299 3537 4370; baseline -0.001 -15"><span class='ocrx_word' id='word_1_691' title='bbox 1961 4302 2117 4365; x_wconf 90' lang='lat' dir='ltr'><strong>tium,</strong></span> <span class='ocrx_word' id='word_1_692' title='bbox 2158 4320 2177 4351; x_wconf 77' lang='grc' dir='ltr'><strong>ι</strong></span> <span class='ocrx_word' id='word_1_693' title='bbox 2214 4315 2335 4370; x_wconf 74' lang='lat' dir='ltr'><strong>qua:</strong></span> <span class='ocrx_word' id='word_1_694' title='bbox 2363 4306 2418 4353; x_wconf 90' lang='lat' dir='ltr'><strong>et</strong></span> <span class='ocrx_word' id='word_1_695' title='bbox 2449 4299 2634 4353; x_wconf 88' lang='lat' dir='ltr'><strong>lumen</strong></span> <span class='ocrx_word' id='word_1_696' title='bbox 2664 4314 2921 4370; x_wconf 87' lang='lat' dir='ltr'><strong>maguum</strong></span> <span class='ocrx_word' id='word_1_697' title='bbox 2960 4300 3221 4355; x_wconf 87' lang='lat' dir='ltr'><strong>viderunt</strong></span> <span class='ocrx_word' id='word_1_698' title='bbox 3247 4317 3345 4370; x_wconf 87' lang='lat' dir='ltr'><strong>per</strong></span> <span class='ocrx_word' id='word_1_699' title='bbox 3371 4300 3537 4357; x_wconf 89' lang='lat' dir='ltr'><strong>Chri-</strong></span> 
     </span>
    </p>
   </div>
   <div class='ocr_carea' id='block_1_92' title="bbox 271 4386 1855 4476">
    <p class='ocr_par' dir='ltr' id='par_1_92' title="bbox 271 4386 1854 4462">
     <span class='ocr_line' id='line_1_92' title="bbox 271 4386 1854 4462; baseline 0.003 -22"><span class='ocrx_word' id='word_1_700' title='bbox 271 4386 508 4452; x_wconf 71' lang='grc' dir='ltr'>εουλιὶη,</span> <span class='ocrx_word' id='word_1_701' title='bbox 541 4386 615 4458; x_wconf 81' lang='grc' dir='ltr'>γῆ</span> <span class='ocrx_word' id='word_1_702' title='bbox 657 4387 973 4459; x_wconf 65' lang='grc' dir='ltr'>Νεφθαλείμ</span> <span class='ocrx_word' id='word_1_703' title='bbox 997 4389 1115 4442; x_wconf 75' lang='grc' dir='ltr'>ὁδὸν</span> <span class='ocrx_word' id='word_1_704' title='bbox 1144 4389 1441 4462; x_wconf 85' lang='grc' dir='ltr'>θαλάσσης,</span> <span class='ocrx_word' id='word_1_705' title='bbox 1473 4392 1569 4445; x_wconf 72' lang='grc' dir='ltr'><strong>καὶ</strong></span> <span class='ocrx_word' id='word_1_706' title='bbox 1598 4392 1647 4444; x_wconf 89' lang='grc' dir='ltr'><strong>οί</strong></span> <span class='ocrx_word' id='word_1_707' title='bbox 1675 4391 1854 4445; x_wconf 75' lang='grc' dir='ltr'>λοιποὶ</span> 
     </span>
    </p>
   </div>
   <div class='ocr_carea' id='block_1_93' title="bbox 1956 4386 3536 4476">
    <p class='ocr_par' dir='ltr' id='par_1_93' title="bbox 1965 4390 3536 4462">
     <span class='ocr_line' id='line_1_93' title="bbox 1965 4390 3536 4462; baseline -0.001 -16"><span class='ocrx_word' id='word_1_708' title='bbox 1965 4401 2128 4447; x_wconf 91' lang='lat' dir='ltr'><strong>stum.</strong></span> <span class='ocrx_word' id='word_1_709' title='bbox 2157 4390 2320 4447; x_wconf 84' lang='lat' dir='ltr'><strong>Israel</strong></span> <span class='ocrx_word' id='word_1_710' title='bbox 2341 4406 2470 4462; x_wconf 84' lang='lat' dir='ltr'><strong>ergo</strong></span> <span class='ocrx_word' id='word_1_711' title='bbox 2493 4407 2618 4446; x_wconf 90' lang='lat' dir='ltr'><strong>eum</strong></span> <span class='ocrx_word' id='word_1_712' title='bbox 2642 4393 2897 4461; x_wconf 84' lang='lat' dir='ltr'><strong>gentibus</strong></span> <span class='ocrx_word' id='word_1_713' title='bbox 2916 4392 3171 4445; x_wconf 86' lang='lat' dir='ltr'><strong>habitans</strong></span> <span class='ocrx_word' id='word_1_714' title='bbox 3193 4392 3357 4461; x_wconf 78' lang='lat'><strong>226</strong></span> <span class='ocrx_word' id='word_1_715' title='bbox 3375 4392 3536 4447; x_wconf 89' lang='lat' dir='ltr'><strong>simul</strong></span> 
     </span>
    </p>
   </div>
   <div class='ocr_carea' id='block_1_94' title="bbox 269 4478 1854 4551">
    <p class='ocr_par' dir='ltr' id='par_1_94' title="bbox 269 4478 1854 4551">
     <span class='ocr_line' id='line_1_94' title="bbox 269 4478 1854 4551; baseline 0.003 -18"><span class='ocrx_word' id='word_1_716' title='bbox 269 4482 322 4533; x_wconf 81' lang='lat' dir='ltr'><strong>oi</strong></span> <span class='ocrx_word' id='word_1_717' title='bbox 359 4478 461 4548; x_wconf 73' lang='grc' dir='ltr'><strong>τὴν</strong></span> <span class='ocrx_word' id='word_1_718' title='bbox 501 4478 772 4551; x_wconf 83' lang='grc' dir='ltr'>παραλίαν</span> <span class='ocrx_word' id='word_1_719' title='bbox 801 4480 1097 4544; x_wconf 76' lang='grc' dir='ltr'>οἰκοῦντες,</span> <span class='ocrx_word' id='word_1_720' title='bbox 1139 4480 1398 4535; x_wconf 81' lang='grc' dir='ltr'>Γαλιλαία</span> <span class='ocrx_word' id='word_1_721' title='bbox 1427 4482 1532 4536; x_wconf 87' lang='grc' dir='ltr'><strong>τῶν</strong></span> <span class='ocrx_word' id='word_1_722' title='bbox 1560 4482 1748 4539; x_wconf 74' lang='grc' dir='ltr'>ἐθνῶν.</span> <span class='ocrx_word' id='word_1_723' title='bbox 1794 4486 1854 4538; x_wconf 90' lang='lat'><strong>&#39;0</strong></span> 
     </span>
    </p>
   </div>
   <div class='ocr_carea' id='block_1_95' title="bbox 271 4567 1858 4648">
    <p class='ocr_par' dir='ltr' id='par_1_95' title="bbox 271 4567 1858 4648">
     <span class='ocr_line' id='line_1_95' title="bbox 271 4567 1858 4648; baseline 0.004 -26"><span class='ocrx_word' id='word_1_724' title='bbox 271 4567 406 4632; x_wconf 73' lang='grc' dir='ltr'>λαὸς</span> <span class='ocrx_word' id='word_1_725' title='bbox 437 4570 467 4622; x_wconf 83' lang='grc' dir='ltr'>ὁ</span> <span class='ocrx_word' id='word_1_726' title='bbox 492 4569 796 4642; x_wconf 79' lang='grc' dir='ltr'>καθήμενος</span> <span class='ocrx_word' id='word_1_727' title='bbox 830 4572 888 4624; x_wconf 79' lang='grc' dir='ltr'>ὲν</span> <span class='ocrx_word' id='word_1_728' title='bbox 913 4572 1116 4637; x_wconf 83' lang='grc' dir='ltr'>σκότει,</span> <span class='ocrx_word' id='word_1_729' title='bbox 1154 4571 1269 4642; x_wconf 81' lang='grc' dir='ltr'><strong>φῶς</strong></span> <span class='ocrx_word' id='word_1_730' title='bbox 1295 4572 1370 4626; x_wconf 83' lang='grc' dir='ltr'><strong>ῐδε</strong></span> <span class='ocrx_word' id='word_1_731' title='bbox 1405 4573 1567 4643; x_wconf 81' lang='grc' dir='ltr'>μέγα.</span> <span class='ocrx_word' id='word_1_732' title='bbox 1607 4595 1626 4628; x_wconf 75' lang='grc' dir='ltr'>ι</span> <span class='ocrx_word' id='word_1_733' title='bbox 1664 4576 1858 4648; x_wconf 88' lang='grc' dir='ltr'>Συνίης</span> 
     </span>
    </p>
   </div>
   <div class='ocr_carea' id='block_1_96' title="bbox 274 4658 1864 4735">
    <p class='ocr_par' dir='ltr' id='par_1_96' title="bbox 274 4658 1864 4735">
     <span class='ocr_line' id='line_1_96' title="bbox 274 4658 1864 4735; baseline 0.006 -23"><span class='ocrx_word' id='word_1_734' title='bbox 274 4658 431 4723; x_wconf 69' lang='grc' dir='ltr'>ὅπως</span> <span class='ocrx_word' id='word_1_735' title='bbox 496 4679 514 4712; x_wconf 82' lang='grc' dir='ltr'>ι</span> <span class='ocrx_word' id='word_1_736' title='bbox 549 4661 734 4733; x_wconf 75' lang='grc' dir='ltr'>χώραν</span> <span class='ocrx_word' id='word_1_737' title='bbox 766 4681 783 4714; x_wconf 75' lang='grc' dir='ltr'>ι</span> <span class='ocrx_word' id='word_1_738' title='bbox 825 4662 1113 4717; x_wconf 72' lang='grc' dir='ltr'>Ζαϐουλὼν</span> <span class='ocrx_word' id='word_1_739' title='bbox 1154 4682 1173 4714; x_wconf 83' lang='grc' dir='ltr'>ι</span> <span class='ocrx_word' id='word_1_740' title='bbox 1210 4662 1307 4735; x_wconf 74' lang='grc' dir='ltr'><strong>τὴν</strong></span> <span class='ocrx_word' id='word_1_741' title='bbox 1338 4665 1447 4718; x_wconf 83' lang='grc' dir='ltr'><strong>τῶν</strong></span> <span class='ocrx_word' id='word_1_742' title='bbox 1492 4666 1659 4720; x_wconf 74' lang='grc' dir='ltr'>ἐθνῶν</span> <span class='ocrx_word' id='word_1_743' title='bbox 1698 4686 1716 4719; x_wconf 75' lang='grc' dir='ltr'><strong>ι</strong></span> <span class='ocrx_word' id='word_1_744' title='bbox 1754 4668 1864 4721; x_wconf 87' lang='grc' dir='ltr'><strong>ἀπ-</strong></span> 
     </span>
    </p>
   </div>
   <div class='ocr_carea' id='block_1_97' title="bbox 275 4751 1860 4827">
    <p class='ocr_par' dir='ltr' id='par_1_97' title="bbox 275 4751 1860 4827">
     <span class='ocr_line' id='line_1_97' title="bbox 275 4751 1860 4827; baseline 0.006 -24"><span class='ocrx_word' id='word_1_745' title='bbox 275 4751 491 4814; x_wconf 83' lang='grc' dir='ltr'>εκάλει,</span> <span class='ocrx_word' id='word_1_746' title='bbox 514 4753 563 4806; x_wconf 76' lang='grc' dir='ltr'><strong>οἳ</strong></span> <span class='ocrx_word' id='word_1_747' title='bbox 599 4755 693 4807; x_wconf 69' lang='grc' dir='ltr'><strong>καὶ</strong></span> <span class='ocrx_word' id='word_1_748' title='bbox 725 4754 840 4823; x_wconf 76' lang='grc' dir='ltr'>φῶς</span> <span class='ocrx_word' id='word_1_749' title='bbox 862 4754 1152 4810; x_wconf 85' lang='grc' dir='ltr'>τεθέανται</span> <span class='ocrx_word' id='word_1_750' title='bbox 1178 4756 1341 4827; x_wconf 80' lang='grc' dir='ltr'>μέγα,</span> <span class='ocrx_word' id='word_1_751' title='bbox 1373 4757 1531 4825; x_wconf 72' lang='grc' dir='ltr'>δῆλον</span> <span class='ocrx_word' id='word_1_752' title='bbox 1562 4758 1619 4811; x_wconf 79' lang='grc' dir='ltr'>δὲ</span> <span class='ocrx_word' id='word_1_753' title='bbox 1662 4759 1743 4812; x_wconf 84' lang='grc' dir='ltr'><strong>ὅτι</strong></span> <span class='ocrx_word' id='word_1_754' title='bbox 1772 4758 1860 4812; x_wconf 79' lang='grc' dir='ltr'>διὰ</span> 
     </span>
    </p>
   </div>
   <div class='ocr_carea' id='block_1_98' title="bbox 276 4843 1856 4922">
    <p class='ocr_par' dir='ltr' id='par_1_98' title="bbox 276 4843 1856 4922">
     <span class='ocr_line' id='line_1_98' title="bbox 276 4843 1856 4922; baseline 0.007 -27"><span class='ocrx_word' id='word_1_755' title='bbox 276 4843 539 4912; x_wconf 78' lang='grc' dir='ltr'>Χριστοῦ.</span> <span class='ocrx_word' id='word_1_756' title='bbox 578 4844 1037 4916; x_wconf 82' lang='grc' dir='ltr'>Συμπεφὼτισται</span> <span class='ocrx_word' id='word_1_757' title='bbox 1071 4847 1135 4920; x_wconf 80' lang='grc' dir='ltr'>δὴ</span> <span class='ocrx_word' id='word_1_758' title='bbox 1164 4844 1260 4904; x_wconf 81' lang='grc' dir='ltr'><strong>οὖν</strong></span> <span class='ocrx_word' id='word_1_759' title='bbox 1301 4852 1413 4912; x_wconf 83' lang='grc' dir='ltr'>τοῖς</span> <span class='ocrx_word' id='word_1_760' title='bbox 1453 4850 1551 4920; x_wconf 78' lang='grc' dir='ltr'>τὴν</span> <span class='ocrx_word' id='word_1_761' title='bbox 1585 4850 1856 4922; x_wconf 87' lang='grc' dir='ltr'>παραλίαν</span> 
     </span>
    </p>
   </div>
   <div class='ocr_carea' id='block_1_99' title="bbox 238 4933 1851 5011">
    <p class='ocr_par' dir='ltr' id='par_1_99' title="bbox 238 4933 1851 5011">
     <span class='ocr_line' id='line_1_99' title="bbox 238 4933 1851 5011; baseline 0.006 -27"><span class='ocrx_word' id='word_1_762' title='bbox 238 4962 249 4975; x_wconf 80' lang='grc' dir='ltr'>ι</span> <span class='ocrx_word' id='word_1_763' title='bbox 276 4933 649 4998; x_wconf 75' lang='grc' dir='ltr'>κατοικοῦσιν,</span> <span class='ocrx_word' id='word_1_764' title='bbox 678 4936 708 4988; x_wconf 79' lang='grc' dir='ltr'><strong>ὁ</strong></span> <span class='ocrx_word' id='word_1_765' title='bbox 744 4936 991 5002; x_wconf 85' lang='grc' dir='ltr'>σύνοικος</span> <span class='ocrx_word' id='word_1_766' title='bbox 1049 4938 1286 5011; x_wconf 78' lang='grc' dir='ltr'>Ἰσραήλ.</span> <span class='ocrx_word' id='word_1_767' title='bbox 1327 4940 1424 5002; x_wconf 85' lang='grc' dir='ltr'><strong>Εῖη</strong></span> <span class='ocrx_word' id='word_1_768' title='bbox 1463 4940 1508 4991; x_wconf 86' lang='grc' dir='ltr'>δ’</span> <span class='ocrx_word' id='word_1_769' title='bbox 1556 4940 1644 5002; x_wconf 82' lang='grc' dir='ltr'>ἂν,</span> <span class='ocrx_word' id='word_1_770' title='bbox 1677 4936 1851 5010; x_wconf 77' lang='grc' dir='ltr'>οἶμαι,</span> 
     </span>
    </p>
   </div>
   <div class='ocr_carea' id='block_1_100' title="bbox 275 5026 1857 5103">
    <p class='ocr_par' dir='ltr' id='par_1_100' title="bbox 275 5026 1857 5103">
     <span class='ocr_line' id='line_1_100' title="bbox 275 5026 1857 5103; baseline 0.004 -24"><span class='ocrx_word' id='word_1_771' title='bbox 275 5027 425 5079; x_wconf 73' lang='grc' dir='ltr'>τουτὶ</span> <span class='ocrx_word' id='word_1_772' title='bbox 456 5026 518 5079; x_wconf 83' lang='grc' dir='ltr'><strong>τδ</strong></span> <span class='ocrx_word' id='word_1_773' title='bbox 555 5027 869 5081; x_wconf 78' lang='grc' dir='ltr'>εὐοδοῦσθαι</span> <span class='ocrx_word' id='word_1_774' title='bbox 897 5028 1047 5101; x_wconf 71' lang='grc' dir='ltr'>παρὰ</span> <span class='ocrx_word' id='word_1_775' title='bbox 1093 5030 1250 5084; x_wconf 85' lang='grc' dir='ltr'>Θεοῦ.</span> <span class='ocrx_word' id='word_1_776' title='bbox 1285 5031 1407 5084; x_wconf 83' lang='grc' dir='ltr'><strong>Ὅτι</strong></span> <span class='ocrx_word' id='word_1_777' title='bbox 1434 5032 1542 5103; x_wconf 73' lang='grc' dir='ltr'><strong>γάρ</strong></span> <span class='ocrx_word' id='word_1_778' title='bbox 1577 5031 1655 5103; x_wconf 82' lang='grc' dir='ltr'>τῷ</span> <span class='ocrx_word' id='word_1_779' title='bbox 1691 5033 1857 5103; x_wconf 85' lang='grc' dir='ltr'>φωτί-</span> 
     </span>
    </p>
   </div>
   <div class='ocr_carea' id='block_1_101' title="bbox 276 5117 1852 5191">
    <p class='ocr_par' dir='ltr' id='par_1_101' title="bbox 276 5117 1852 5191">
     <span class='ocr_line' id='line_1_101' title="bbox 276 5117 1852 5191; baseline 0.004 -20"><span class='ocrx_word' id='word_1_780' title='bbox 276 5117 468 5181; x_wconf 74' lang='grc' dir='ltr'>ζεσθαι</span> <span class='ocrx_word' id='word_1_781' title='bbox 495 5119 672 5191; x_wconf 86' lang='grc' dir='ltr'>πάντη</span> <span class='ocrx_word' id='word_1_782' title='bbox 719 5137 781 5173; x_wconf 91' lang='grc' dir='ltr'><strong>τε</strong></span> <span class='ocrx_word' id='word_1_783' title='bbox 815 5121 910 5174; x_wconf 74' lang='grc' dir='ltr'>καὶ</span> <span class='ocrx_word' id='word_1_784' title='bbox 944 5121 1165 5187; x_wconf 88' lang='grc' dir='ltr'>πάντως</span> <span class='ocrx_word' id='word_1_785' title='bbox 1206 5123 1391 5176; x_wconf 72' lang='grc' dir='ltr'>ἕποιτο</span> <span class='ocrx_word' id='word_1_786' title='bbox 1425 5121 1490 5177; x_wconf 85' lang='grc' dir='ltr'><strong>ἂν</strong></span> <span class='ocrx_word' id='word_1_787' title='bbox 1520 5124 1580 5177; x_wconf 82' lang='grc' dir='ltr'><strong>τὸ</strong></span> <span class='ocrx_word' id='word_1_788' title='bbox 1611 5125 1705 5177; x_wconf 80' lang='grc' dir='ltr'>καὶ</span> <span class='ocrx_word' id='word_1_789' title='bbox 1731 5125 1852 5177; x_wconf 75' lang='grc' dir='ltr'>εὐο-</span> 
     </span>
    </p>
   </div>
   <div class='ocr_carea' id='block_1_102' title="bbox 276 5208 1856 5288">
    <p class='ocr_par' dir='ltr' id='par_1_102' title="bbox 276 5208 1856 5288">
     <span class='ocr_line' id='line_1_102' title="bbox 276 5208 1856 5288; baseline 0.003 -25"><span class='ocrx_word' id='word_1_790' title='bbox 276 5208 500 5263; x_wconf 81' lang='grc' dir='ltr'>δοῦσθαι</span> <span class='ocrx_word' id='word_1_791' title='bbox 538 5210 675 5277; x_wconf 79' lang='grc' dir='ltr'>δεῖν,</span> <span class='ocrx_word' id='word_1_792' title='bbox 707 5211 973 5283; x_wconf 77' lang='grc' dir='ltr'>εἰσόμεθα</span> <span class='ocrx_word' id='word_1_793' title='bbox 1007 5214 1170 5268; x_wconf 85' lang='grc' dir='ltr'>πάλιν</span> <span class='ocrx_word' id='word_1_794' title='bbox 1198 5213 1292 5268; x_wconf 88' lang='grc' dir='ltr'><strong>τοῦ</strong></span> <span class='ocrx_word' id='word_1_795' title='bbox 1333 5213 1587 5288; x_wconf 78' lang='grc' dir='ltr'>Σωτῆρος</span> <span class='ocrx_word' id='word_1_796' title='bbox 1609 5215 1856 5284; x_wconf 81' lang='grc' dir='ltr'>λέγοντος</span> 
     </span>
    </p>
   </div>
   <div class='ocr_carea' id='block_1_103' title="bbox 276 5302 1857 5379">
    <p class='ocr_par' dir='ltr' id='par_1_103' title="bbox 276 5302 1857 5379">
     <span class='ocr_line' id='line_1_103' title="bbox 276 5302 1857 5379; baseline 0.003 -25"><span class='ocrx_word' id='word_1_797' title='bbox 276 5303 389 5366; x_wconf 70' lang='grc' dir='ltr'>τοῖς</span> <span class='ocrx_word' id='word_1_798' title='bbox 424 5302 697 5358; x_wconf 82' lang='grc' dir='ltr'>Ἰουδαίων</span> <span class='ocrx_word' id='word_1_799' title='bbox 724 5303 939 5376; x_wconf 74' lang='grc' dir='ltr'>δήμοις*</span> <span class='ocrx_word' id='word_1_800' title='bbox 969 5324 987 5357; x_wconf 81' lang='grc' dir='ltr'><strong>ι</strong></span> <span class='ocrx_word' id='word_1_801' title='bbox 1015 5305 1160 5371; x_wconf 83' lang='grc' dir='ltr'>Ἕως</span> <span class='ocrx_word' id='word_1_802' title='bbox 1184 5307 1245 5362; x_wconf 80' lang='grc' dir='ltr'><strong>τὸ</strong></span> <span class='ocrx_word' id='word_1_803' title='bbox 1271 5307 1387 5378; x_wconf 78' lang='grc' dir='ltr'><strong>φῶς</strong></span> <span class='ocrx_word' id='word_1_804' title='bbox 1414 5309 1583 5379; x_wconf 79' lang='grc' dir='ltr'>ἔχετε,</span> <span class='ocrx_word' id='word_1_805' title='bbox 1620 5324 1857 5375; x_wconf 86' lang='grc' dir='ltr'>περιπα-</span> 
     </span>
    </p>
   </div>
   <div class='ocr_carea' id='block_1_104' title="bbox 275 5394 1854 5471">
    <p class='ocr_par' dir='ltr' id='par_1_104' title="bbox 275 5394 1854 5471">
     <span class='ocr_line' id='line_1_104' title="bbox 275 5394 1854 5471; baseline 0.003 -24"><span class='ocrx_word' id='word_1_806' title='bbox 275 5396 417 5448; x_wconf 76' lang='grc' dir='ltr'>τεῖτε</span> <span class='ocrx_word' id='word_1_807' title='bbox 449 5396 509 5449; x_wconf 81' lang='grc' dir='ltr'>ὲν</span> <span class='ocrx_word' id='word_1_808' title='bbox 539 5394 619 5467; x_wconf 82' lang='grc' dir='ltr'>τῷ</span> <span class='ocrx_word' id='word_1_809' title='bbox 642 5397 813 5464; x_wconf 78' lang='grc' dir='ltr'>φωτὶ,</span> <span class='ocrx_word' id='word_1_810' title='bbox 853 5398 941 5451; x_wconf 82' lang='grc' dir='ltr'>ἴνα</span> <span class='ocrx_word' id='word_1_811' title='bbox 971 5398 1045 5471; x_wconf 80' lang='grc' dir='ltr'>μὴ</span> <span class='ocrx_word' id='word_1_812' title='bbox 1084 5400 1277 5455; x_wconf 83' lang='grc' dir='ltr'>σκοτία</span> <span class='ocrx_word' id='word_1_813' title='bbox 1312 5401 1456 5471; x_wconf 75' lang='grc' dir='ltr'>ὑμᾶς</span> <span class='ocrx_word' id='word_1_814' title='bbox 1495 5398 1799 5470; x_wconf 79' lang='grc' dir='ltr'>καταλάϐῃ.</span> <span class='ocrx_word' id='word_1_815' title='bbox 1835 5417 1854 5451; x_wconf 77' lang='grc' dir='ltr'><strong>ι</strong></span> 
     </span>
    </p>
   </div>
   <div class='ocr_carea' id='block_1_105' title="bbox 286 5484 1859 5563">
    <p class='ocr_par' dir='ltr' id='par_1_105' title="bbox 286 5484 1859 5563">
     <span class='ocr_line' id='line_1_105' title="bbox 286 5484 1859 5563; baseline 0.003 -22"><span class='ocrx_word' id='word_1_816' title='bbox 286 5484 346 5541; x_wconf 84' lang='grc' dir='ltr'><strong>ὐ</strong></span> <span class='ocrx_word' id='word_1_817' title='bbox 370 5488 541 5543; x_wconf 82' lang='grc' dir='ltr'>πάλαι</span> <span class='ocrx_word' id='word_1_818' title='bbox 568 5487 749 5543; x_wconf 90' lang='grc' dir='ltr'>τοίνυν</span> <span class='ocrx_word' id='word_1_819' title='bbox 768 5487 897 5555; x_wconf 81' lang='grc' dir='ltr'>λαὸς</span> <span class='ocrx_word' id='word_1_820' title='bbox 916 5494 1231 5563; x_wconf 78' lang='grc' dir='ltr'>καταμόνας</span> <span class='ocrx_word' id='word_1_821' title='bbox 1247 5493 1433 5556; x_wconf 81' lang='grc' dir='ltr'>οἰκῶν,</span> <span class='ocrx_word' id='word_1_822' title='bbox 1465 5494 1493 5547; x_wconf 83' lang='grc' dir='ltr'><strong>ὁ</strong></span> <span class='ocrx_word' id='word_1_823' title='bbox 1514 5495 1626 5557; x_wconf 81' lang='grc' dir='ltr'>τοῖς</span> <span class='ocrx_word' id='word_1_824' title='bbox 1650 5491 1859 5547; x_wconf 73' lang='grc' dir='ltr'>ἔθνεσιν</span> 
     </span>
    </p>
   </div>
   <div class='ocr_carea' id='block_1_106' title="bbox 347 5604 1530 5675">
    <p class='ocr_par' dir='ltr' id='par_1_106' title="bbox 347 5604 1530 5675">
     <span class='ocr_line' id='line_1_106' title="bbox 347 5604 1530 5675; baseline 0.003 -13"><span class='ocrx_word' id='word_1_825' title='bbox 347 5604 467 5675; x_wconf 49' lang='grc' dir='ltr'><strong>ξ’·δο</strong></span> <span class='ocrx_word' id='word_1_826' title='bbox 491 5604 630 5661; x_wconf 86' lang='lat' dir='ltr'><strong>Gen.</strong></span> <span class='ocrx_word' id='word_1_827' title='bbox 666 5623 810 5671; x_wconf 68' lang='lat' dir='ltr'><strong>nix,</strong></span> <span class='ocrx_word' id='word_1_828' title='bbox 852 5610 934 5666; x_wconf 76' lang='lat'><strong>1&#39;5.</strong></span> <span class='ocrx_word' id='word_1_829' title='bbox 1020 5613 1061 5645; x_wconf 68' lang='grc' dir='ltr'><strong>δ’</strong></span> <span class='ocrx_word' id='word_1_830' title='bbox 1090 5611 1232 5667; x_wconf 80' lang='lat' dir='ltr'><strong>Psal.</strong></span> <span class='ocrx_word' id='word_1_831' title='bbox 1268 5627 1413 5675; x_wconf 77' lang='lat' dir='ltr'><strong>exul,</strong></span> <span class='ocrx_word' id='word_1_832' title='bbox 1441 5611 1530 5665; x_wconf 72' lang='lat'><strong>2&#39;5.</strong></span> 
     </span>
    </p>
   </div>
   <div class='ocr_carea' id='block_1_107' title="bbox 280 5673 758 5736">
    <p class='ocr_par' dir='ltr' id='par_1_107' title="bbox 280 5673 758 5736">
     <span class='ocr_line' id='line_1_107' title="bbox 280 5673 758 5736; baseline 0.006 -5"><span class='ocrx_word' id='word_1_833' title='bbox 280 5673 325 5704; x_wconf 80' lang='lat'><strong><em>“</em></strong></span> <span class='ocrx_word' id='word_1_834' title='bbox 345 5674 507 5733; x_wconf 81' lang='lat' dir='ltr'><strong>Joan.</strong></span> <span class='ocrx_word' id='word_1_835' title='bbox 540 5692 637 5736; x_wconf 75' lang='lat' dir='ltr'><strong>xu.</strong></span> <span class='ocrx_word' id='word_1_836' title='bbox 665 5679 758 5734; x_wconf 65' lang='grc' dir='ltr'>δεῖ.</span> 
     </span>
    </p>
   </div>
   <div class='ocr_carea' id='block_1_108' title="bbox 1609 5611 2062 5676">
    <p class='ocr_par' dir='ltr' id='par_1_108' title="bbox 1609 5611 2062 5676">
     <span class='ocr_line' id='line_1_108' title="bbox 1609 5611 2062 5676; baseline -0.009 -9"><span class='ocrx_word' id='word_1_837' title='bbox 1609 5611 1654 5642; x_wconf 73' lang='grc' dir='ltr'>δ’</span> <span class='ocrx_word' id='word_1_838' title='bbox 1689 5612 1792 5668; x_wconf 85' lang='lat' dir='ltr'><strong>lsa.</strong></span> <span class='ocrx_word' id='word_1_839' title='bbox 1838 5626 1979 5676; x_wconf 76' lang='lat' dir='ltr'><strong>xxvi,</strong></span> <span class='ocrx_word' id='word_1_840' title='bbox 2009 5612 2062 5663; x_wconf 83' lang='lat'><strong>7.</strong></span> 
     </span>
    </p>
   </div>
   <div class='ocr_carea' id='block_1_109' title="bbox 1963 4480 3537 4554">
    <p class='ocr_par' dir='ltr' id='par_1_109' title="bbox 1963 4480 3537 4554">
     <span class='ocr_line' id='line_1_109' title="bbox 1963 4480 3537 4554; baseline -0.003 -15"><span class='ocrx_word' id='word_1_841' title='bbox 1963 4500 2087 4540; x_wconf 91' lang='lat' dir='ltr'><strong>cum</strong></span> <span class='ocrx_word' id='word_1_842' title='bbox 2117 4483 2250 4554; x_wconf 84' lang='lat' dir='ltr'><strong>ipsis</strong></span> <span class='ocrx_word' id='word_1_843' title='bbox 2278 4497 2430 4537; x_wconf 90' lang='lat' dir='ltr'><strong>mare</strong></span> <span class='ocrx_word' id='word_1_844' title='bbox 2453 4480 2846 4545; x_wconf 88' lang='lat' dir='ltr'><strong>accolentibus,</strong></span> <span class='ocrx_word' id='word_1_845' title='bbox 2870 4480 3211 4536; x_wconf 89' lang='lat' dir='ltr'><strong>illuminatus</strong></span> <span class='ocrx_word' id='word_1_846' title='bbox 3235 4490 3339 4535; x_wconf 85' lang='lat' dir='ltr'><strong>est.</strong></span> <span class='ocrx_word' id='word_1_847' title='bbox 3359 4481 3419 4535; x_wconf 92' lang='lat' dir='ltr'><strong>Id</strong></span> <span class='ocrx_word' id='word_1_848' title='bbox 3441 4496 3537 4535; x_wconf 82' lang='lat' dir='ltr'><strong>au-</strong></span> 
     </span>
    </p>
   </div>
   <div class='ocr_carea' id='block_1_110' title="bbox 1959 4571 3536 4645">
    <p class='ocr_par' dir='ltr' id='par_1_110' title="bbox 1959 4571 3536 4645">
     <span class='ocr_line' id='line_1_110' title="bbox 1959 4571 3536 4645; baseline -0.004 -13"><span class='ocrx_word' id='word_1_849' title='bbox 1959 4587 2069 4633; x_wconf 90' lang='lat' dir='ltr'><strong>tem</strong></span> <span class='ocrx_word' id='word_1_850' title='bbox 2104 4586 2187 4631; x_wconf 88' lang='lat' dir='ltr'><strong>est</strong></span> <span class='ocrx_word' id='word_1_851' title='bbox 2218 4589 2539 4645; x_wconf 85' lang='lat' dir='ltr'><strong>prosperum</strong></span> <span class='ocrx_word' id='word_1_852' title='bbox 2575 4588 2606 4627; x_wconf 86' lang='lat' dir='ltr'><strong>a</strong></span> <span class='ocrx_word' id='word_1_853' title='bbox 2647 4572 2759 4627; x_wconf 88' lang='lat' dir='ltr'><strong>Deo</strong></span> <span class='ocrx_word' id='word_1_854' title='bbox 2786 4572 2892 4626; x_wconf 87' lang='lat' dir='ltr'><strong>iter</strong></span> <span class='ocrx_word' id='word_1_855' title='bbox 2915 4571 3138 4626; x_wconf 86' lang='lat' dir='ltr'><strong>habere.</strong></span> <span class='ocrx_word' id='word_1_856' title='bbox 3170 4572 3324 4636; x_wconf 76' lang='lat' dir='ltr'><strong>Quod</strong></span> <span class='ocrx_word' id='word_1_857' title='bbox 3353 4581 3536 4627; x_wconf 87' lang='lat' dir='ltr'><strong>autem</strong></span> 
     </span>
    </p>
   </div>
   <div class='ocr_carea' id='block_1_111' title="bbox 1958 4664 3536 4737">
    <p class='ocr_par' dir='ltr' id='par_1_111' title="bbox 1958 4664 3536 4737">
     <span class='ocr_line' id='line_1_111' title="bbox 1958 4664 3536 4737; baseline -0.004 -12"><span class='ocrx_word' id='word_1_858' title='bbox 1958 4668 2417 4725; x_wconf 88' lang='lat' dir='ltr'><strong>illuminationem</strong></span> <span class='ocrx_word' id='word_1_859' title='bbox 2443 4672 2710 4737; x_wconf 89' lang='lat' dir='ltr'><strong>perpetuo</strong></span> <span class='ocrx_word' id='word_1_860' title='bbox 2740 4664 3034 4720; x_wconf 88' lang='lat' dir='ltr'><strong>comitetur</strong></span> <span class='ocrx_word' id='word_1_861' title='bbox 3058 4679 3289 4735; x_wconf 82' lang='lat' dir='ltr'><strong>prosper</strong></span> <span class='ocrx_word' id='word_1_862' title='bbox 3317 4678 3536 4719; x_wconf 87' lang='lat' dir='ltr'><strong>succes-</strong></span> 
     </span>
    </p>
   </div>
   <div class='ocr_carea' id='block_1_112' title="bbox 1959 4754 3539 4825">
    <p class='ocr_par' dir='ltr' id='par_1_112' title="bbox 1959 4754 3539 4825">
     <span class='ocr_line' id='line_1_112' title="bbox 1959 4754 3539 4825; baseline -0.003 -13"><span class='ocrx_word' id='word_1_863' title='bbox 1959 4772 2055 4812; x_wconf 87' lang='lat' dir='ltr'><strong>sus</strong></span> <span class='ocrx_word' id='word_1_864' title='bbox 2089 4757 2322 4821; x_wconf 90' lang='lat' dir='ltr'><strong>itineris,</strong></span> <span class='ocrx_word' id='word_1_865' title='bbox 2353 4755 2721 4825; x_wconf 78' lang='lat' dir='ltr'><strong>intelligemus</strong></span> <span class='ocrx_word' id='word_1_866' title='bbox 2764 4769 3006 4820; x_wconf 88' lang='lat' dir='ltr'><strong>rursum,</strong></span> <span class='ocrx_word' id='word_1_867' title='bbox 3037 4755 3255 4811; x_wconf 90' lang='lat' dir='ltr'><strong>dicente</strong></span> <span class='ocrx_word' id='word_1_868' title='bbox 3297 4754 3539 4815; x_wconf 68' lang='lat' dir='ltr'><strong>Judaica:</strong></span> 
     </span>
    </p>
   </div>
   <div class='ocr_carea' id='block_1_113' title="bbox 1963 4846 3537 4911">
    <p class='ocr_par' dir='ltr' id='par_1_113' title="bbox 1963 4846 3537 4911">
     <span class='ocr_line' id='line_1_113' title="bbox 1963 4846 3537 4911; baseline -0.003 -5"><span class='ocrx_word' id='word_1_869' title='bbox 1963 4851 2173 4906; x_wconf 88' lang='lat' dir='ltr'><strong>nationi</strong></span> <span class='ocrx_word' id='word_1_870' title='bbox 2201 4849 2482 4904; x_wconf 87' lang='lat' dir='ltr'><strong>Salvatore</strong></span> <span class='ocrx_word' id='word_1_871' title='bbox 2509 4864 2522 4899; x_wconf 92' lang='lat'><strong>:</strong></span> <span class='ocrx_word' id='word_1_872' title='bbox 2551 4866 2568 4897; x_wconf 88' lang='grc' dir='ltr'>ι</span> <span class='ocrx_word' id='word_1_873' title='bbox 2593 4846 2776 4903; x_wconf 88' lang='lat' dir='ltr'><strong>Donec</strong></span> <span class='ocrx_word' id='word_1_874' title='bbox 2798 4848 2975 4903; x_wconf 89' lang='lat' dir='ltr'><strong>lucem</strong></span> <span class='ocrx_word' id='word_1_875' title='bbox 3001 4847 3234 4911; x_wconf 88' lang='lat' dir='ltr'><strong>habetis,</strong></span> <span class='ocrx_word' id='word_1_876' title='bbox 3262 4847 3537 4901; x_wconf 88' lang='lat' dir='ltr'><strong>ambulate</strong></span> 
     </span>
    </p>
   </div>
   <div class='ocr_carea' id='block_1_114' title="bbox 1963 4936 3538 5008">
    <p class='ocr_par' dir='ltr' id='par_1_114' title="bbox 1963 4936 3538 5008">
     <span class='ocr_line' id='line_1_114' title="bbox 1963 4936 3538 5008; baseline -0.003 -13"><span class='ocrx_word' id='word_1_877' title='bbox 1963 4941 2018 4995; x_wconf 91' lang='lat' dir='ltr'><strong>in</strong></span> <span class='ocrx_word' id='word_1_878' title='bbox 2047 4941 2191 5004; x_wconf 90' lang='lat' dir='ltr'><strong>luce,</strong></span> <span class='ocrx_word' id='word_1_879' title='bbox 2220 4954 2289 4993; x_wconf 90' lang='lat' dir='ltr'><strong>ne</strong></span> <span class='ocrx_word' id='word_1_880' title='bbox 2319 4938 2561 4993; x_wconf 67' lang='lat' dir='ltr'><strong>tenebrae</strong></span> <span class='ocrx_word' id='word_1_881' title='bbox 2592 4952 2690 4993; x_wconf 89' lang='lat' dir='ltr'><strong>vos</strong></span> <span class='ocrx_word' id='word_1_882' title='bbox 2723 4938 3188 5008; x_wconf 84' lang='lat' dir='ltr'><strong>comprehendant</strong></span> <span class='ocrx_word' id='word_1_883' title='bbox 3218 4937 3282 4988; x_wconf 64' lang='grc' dir='ltr'><strong>ι’.</strong></span> <span class='ocrx_word' id='word_1_884' title='bbox 3317 4955 3336 4986; x_wconf 73' lang='grc' dir='ltr'>ι</span> <span class='ocrx_word' id='word_1_885' title='bbox 3371 4936 3538 4991; x_wconf 84' lang='lat' dir='ltr'><strong>Vetus</strong></span> 
     </span>
    </p>
   </div>
   <div class='ocr_carea' id='block_1_115' title="bbox 1961 5025 3534 5102">
    <p class='ocr_par' dir='ltr' id='par_1_115' title="bbox 1961 5025 3534 5102">
     <span class='ocr_line' id='line_1_115' title="bbox 1961 5025 3534 5102; baseline -0.005 -16"><span class='ocrx_word' id='word_1_886' title='bbox 1961 5031 2129 5102; x_wconf 66' lang='lat' dir='ltr'><strong>igitur</strong></span> <span class='ocrx_word' id='word_1_887' title='bbox 2154 5028 2408 5100; x_wconf 87' lang='lat' dir='ltr'><strong>populus,</strong></span> <span class='ocrx_word' id='word_1_888' title='bbox 2434 5027 2527 5098; x_wconf 88' lang='lat' dir='ltr'><strong>qui</strong></span> <span class='ocrx_word' id='word_1_889' title='bbox 2557 5042 2804 5083; x_wconf 90' lang='lat' dir='ltr'><strong>seorsum</strong></span> <span class='ocrx_word' id='word_1_890' title='bbox 2846 5025 3128 5089; x_wconf 82' lang='lat' dir='ltr'><strong>habitavit,</strong></span> <span class='ocrx_word' id='word_1_891' title='bbox 3165 5025 3367 5093; x_wconf 85' lang='lat' dir='ltr'><strong>quique</strong></span> <span class='ocrx_word' id='word_1_892' title='bbox 3400 5039 3534 5094; x_wconf 83' lang='lat' dir='ltr'><strong>geu-</strong></span> 
     </span>
    </p>
   </div>
   <div class='ocr_carea' id='block_1_116' title="bbox 1962 5113 3532 5183">
    <p class='ocr_par' dir='ltr' id='par_1_116' title="bbox 1962 5113 3532 5183">
     <span class='ocr_line' id='line_1_116' title="bbox 1962 5113 3532 5183; baseline -0.008 -5"><span class='ocrx_word' id='word_1_893' title='bbox 1962 5124 2109 5178; x_wconf 90' lang='lat' dir='ltr'><strong>tibus</strong></span> <span class='ocrx_word' id='word_1_894' title='bbox 2141 5118 2434 5175; x_wconf 86' lang='lat' dir='ltr'><strong>admisceri</strong></span> <span class='ocrx_word' id='word_1_895' title='bbox 2472 5119 2782 5183; x_wconf 87' lang='lat' dir='ltr'><strong>recusabat,</strong></span> <span class='ocrx_word' id='word_1_896' title='bbox 2828 5118 2908 5172; x_wconf 89' lang='lat' dir='ltr'><strong>eis</strong></span> <span class='ocrx_word' id='word_1_897' title='bbox 2949 5116 3055 5169; x_wconf 89' lang='lat' dir='ltr'><strong>erit</strong></span> <span class='ocrx_word' id='word_1_898' title='bbox 3097 5113 3532 5179; x_wconf 87' lang='lat' dir='ltr'><strong>contubernalis,</strong></span> 
     </span>
    </p>
   </div>
   <div class='ocr_carea' id='block_1_117' title="bbox 1955 5209 3530 5287">
    <p class='ocr_par' dir='ltr' id='par_1_117' title="bbox 1955 5209 3530 5287">
     <span class='ocr_line' id='line_1_117' title="bbox 1955 5209 3530 5287; baseline -0.008 -15"><span class='ocrx_word' id='word_1_899' title='bbox 1955 5231 2080 5273; x_wconf 89' lang='lat' dir='ltr'><strong>cum</strong></span> <span class='ocrx_word' id='word_1_900' title='bbox 2119 5216 2229 5287; x_wconf 86' lang='lat' dir='ltr'><strong>jam</strong></span> <span class='ocrx_word' id='word_1_901' title='bbox 2283 5212 2420 5268; x_wconf 90' lang='lat' dir='ltr'><strong>nihil</strong></span> <span class='ocrx_word' id='word_1_902' title='bbox 2472 5213 2540 5269; x_wconf 90' lang='lat' dir='ltr'><strong>sit</strong></span> <span class='ocrx_word' id='word_1_903' title='bbox 2594 5210 2739 5283; x_wconf 88' lang='lat' dir='ltr'><strong>quod</strong></span> <span class='ocrx_word' id='word_1_904' title='bbox 2776 5223 2871 5263; x_wconf 87' lang='lat' dir='ltr'><strong>eos</strong></span> <span class='ocrx_word' id='word_1_905' title='bbox 2915 5209 3194 5278; x_wconf 85' lang='lat' dir='ltr'><strong>sejungat;</strong></span> <span class='ocrx_word' id='word_1_906' title='bbox 3239 5213 3530 5277; x_wconf 88' lang='lat' dir='ltr'><strong>propterea</strong></span> 
     </span>
    </p>
   </div>
   <div class='ocr_carea' id='block_1_118' title="bbox 1955 5296 3535 5381">
    <p class='ocr_par' dir='ltr' id='par_1_118' title="bbox 1955 5296 3535 5381">
     <span class='ocr_line' id='line_1_118' title="bbox 1955 5296 3535 5381; baseline -0.01 -18"><span class='ocrx_word' id='word_1_907' title='bbox 1955 5306 2103 5381; x_wconf 88' lang='lat' dir='ltr'><strong>quod</strong></span> <span class='ocrx_word' id='word_1_908' title='bbox 2128 5304 2482 5361; x_wconf 88' lang='lat' dir='ltr'><strong>interstitium</strong></span> <span class='ocrx_word' id='word_1_909' title='bbox 2508 5302 2756 5357; x_wconf 71' lang='lat' dir='ltr'><strong>maceria:</strong></span> <span class='ocrx_word' id='word_1_910' title='bbox 2788 5297 2859 5353; x_wconf 92' lang='lat' dir='ltr'><strong>sit</strong></span> <span class='ocrx_word' id='word_1_911' title='bbox 2886 5298 3152 5361; x_wconf 89' lang='lat' dir='ltr'><strong>dirutum,</strong></span> <span class='ocrx_word' id='word_1_912' title='bbox 3178 5304 3234 5350; x_wconf 89' lang='lat' dir='ltr'><strong>et</strong></span> <span class='ocrx_word' id='word_1_913' title='bbox 3266 5296 3355 5351; x_wconf 77' lang='lat' dir='ltr'><strong>lex</strong></span> <span class='ocrx_word' id='word_1_914' title='bbox 3384 5309 3535 5348; x_wconf 82' lang='lat' dir='ltr'><strong>man-</strong></span> 
     </span>
    </p>
   </div>
   <div class='ocr_carea' id='block_1_119' title="bbox 1957 5378 3639 5460">
    <p class='ocr_par' dir='ltr' id='par_1_119' title="bbox 1957 5378 3639 5460">
     <span class='ocr_line' id='line_1_119' title="bbox 1957 5378 3639 5460; baseline -0.013 -5"><span class='ocrx_word' id='word_1_915' title='bbox 1957 5378 2210 5455; x_wconf 88' lang='lat' dir='ltr'><strong>datorum</strong></span> <span class='ocrx_word' id='word_1_916' title='bbox 2242 5401 2526 5457; x_wconf 87' lang='lat' dir='ltr'><strong>evacuata,</strong></span> <span class='ocrx_word' id='word_1_917' title='bbox 2553 5391 2768 5460; x_wconf 88' lang='lat' dir='ltr'><strong>duoque</strong></span> <span class='ocrx_word' id='word_1_918' title='bbox 2793 5387 2979 5458; x_wconf 90' lang='lat' dir='ltr'><strong>populi</strong></span> <span class='ocrx_word' id='word_1_919' title='bbox 3004 5385 3264 5454; x_wconf 83' lang='lat' dir='ltr'><strong>deinceps</strong></span> <span class='ocrx_word' id='word_1_920' title='bbox 3284 5383 3342 5437; x_wconf 86' lang='lat' dir='ltr'><strong>in</strong></span> <span class='ocrx_word' id='word_1_921' title='bbox 3362 5395 3535 5437; x_wconf 87' lang='lat' dir='ltr'><strong>unum</strong></span> <span class='ocrx_word' id='word_1_922' title='bbox 3636 5378 3639 5381; x_wconf 72' lang='grc'><em>’</em></span> 
     </span>
    </p>
   </div>
   <div class='ocr_carea' id='block_1_120' title="bbox 1957 5469 3533 5546">
    <p class='ocr_par' dir='ltr' id='par_1_120' title="bbox 1957 5469 3533 5546">
     <span class='ocr_line' id='line_1_120' title="bbox 1957 5469 3533 5546; baseline -0.015 1"><span class='ocrx_word' id='word_1_923' title='bbox 1957 5505 2160 5546; x_wconf 83' lang='lat' dir='ltr'><strong>novum</strong></span> <span class='ocrx_word' id='word_1_924' title='bbox 2192 5485 2470 5543; x_wconf 86' lang='lat' dir='ltr'><strong>hominem</strong></span> <span class='ocrx_word' id='word_1_925' title='bbox 2500 5480 2701 5534; x_wconf 75' lang='lat' dir='ltr'><strong>conditi</strong></span> <span class='ocrx_word' id='word_1_926' title='bbox 2729 5479 2838 5533; x_wconf 87' lang='lat' dir='ltr'><strong>sint</strong></span> <span class='ocrx_word' id='word_1_927' title='bbox 2869 5478 2924 5532; x_wconf 91' lang='lat' dir='ltr'><strong>in</strong></span> <span class='ocrx_word' id='word_1_928' title='bbox 2957 5474 3195 5539; x_wconf 86' lang='lat' dir='ltr'><strong>Christo,</strong></span> <span class='ocrx_word' id='word_1_929' title='bbox 3226 5488 3324 5544; x_wconf 89' lang='lat' dir='ltr'><strong>per</strong></span> <span class='ocrx_word' id='word_1_930' title='bbox 3356 5469 3533 5542; x_wconf 79' lang='lat' dir='ltr'><strong>Spiri-</strong></span> 
     </span>
    </p>
   </div>
   <div class='ocr_carea' id='block_1_121' title="bbox 2171 5589 3535 5665">
    <p class='ocr_par' dir='ltr' id='par_1_121' title="bbox 2171 5589 3535 5665">
     <span class='ocr_line' id='line_1_121' title="bbox 2171 5589 3535 5665; baseline -0.01 -5"><span class='ocrx_word' id='word_1_931' title='bbox 2171 5609 2215 5638; x_wconf 71' lang='grc'><strong>⁸³</strong></span> <span class='ocrx_word' id='word_1_932' title='bbox 2248 5604 2383 5661; x_wconf 87' lang='lat' dir='ltr'><strong>ibid.</strong></span> <span class='ocrx_word' id='word_1_933' title='bbox 2416 5602 2470 5656; x_wconf 74' lang='lat'><strong>2.</strong></span> <span class='ocrx_word' id='word_1_934' title='bbox 2550 5601 2593 5633; x_wconf 72' lang='lat'>“</span> <span class='ocrx_word' id='word_1_935' title='bbox 2625 5600 2722 5655; x_wconf 89' lang='lat' dir='ltr'><strong>lsa.</strong></span> <span class='ocrx_word' id='word_1_936' title='bbox 2757 5615 2886 5665; x_wconf 68' lang='lat' dir='ltr'><strong>1.x&quot;,</strong></span> <span class='ocrx_word' id='word_1_937' title='bbox 2920 5596 3007 5653; x_wconf 78' lang='lat' dir='ltr'><strong>iO.</strong></span> <span class='ocrx_word' id='word_1_938' title='bbox 3082 5596 3125 5631; x_wconf 63' lang='grc' dir='ltr'><strong>δ’</strong></span> <span class='ocrx_word' id='word_1_939' title='bbox 3152 5596 3248 5653; x_wconf 85' lang='lat' dir='ltr'><strong>lsa.</strong></span> <span class='ocrx_word' id='word_1_940' title='bbox 3284 5608 3362 5660; x_wconf 81' lang='lat' dir='ltr'><strong>ix,</strong></span> <span class='ocrx_word' id='word_1_941' title='bbox 3394 5594 3446 5658; x_wconf 21' lang='lat' dir='ltr'><strong>Al,</strong></span> <span class='ocrx_word' id='word_1_942' title='bbox 3474 5589 3535 5646; x_wconf 72' lang='lat'><strong>2.</strong></span> 
     </span>
    </p>
   </div>
  </div>
