4032 6198
465 277 573 333 559

1496 258 1553 312 S.
1592 253 1864 311 CYRIIJJ
1904 243 2375 306 ALEXANDRINI
2415 238 2734 296 AﬂCiilEP.

3624 183 3737 283 i360

466 429 603 472 tum.
643 434 659 461 ε
694 408 816 467 Erit
845 411 1052 465 autem,
1100 398 1302 468 inquit,
1354 395 1409 449 in
1459 393 1695 447 statione
1736 387 1979 449 navium,
2027 401 2044 435 ι

2180 375 2529 448 ιναφύρεσθαι
2563 368 3020 438 παραιτούμενος,
3052 366 3232 428 αὐτοῖς
3256 365 3408 419 εσται
3444 363 3740 434 συγκάτοιο

466 510 572 559 hoc
614 509 700 557 est
754 498 811 552 in
853 501 1039 566 portu,
1063 489 1323 546 videlicet
1352 493 1470 541 tuto
1508 492 1564 539 et
1598 480 1912 551 tranquillo,
1939 476 2057 546 spei

467 590 803 650 rudentibus
825 585 1048 643 Christo
1077 579 1436 651 acquiescens
1460 583 1624 645 atque
1649 573 1907 627 innitens.
1930 569 2059 623 Elu-

469 678 648 741 etatus
679 680 827 736 enim
855 671 1258 748 quodammodo
1287 684 1318 724 e
1357 666 1678 739 gravissima
1736 668 2075 731 tempestate.

471 774 703 845 recipiet
751 786 809 826 se
847 767 1068 824 tandem
1099 765 1156 819 in
1184 760 1411 834 gratiam
1437 757 1557 822 Dei,
1596 751 2057 826 quemadmodum

473 880 665 921 revera
690 860 911 917 oleades
941 857 1057 913 sive
1076 868 1246 910 naves
1264 849 1530 906 onerariae
1558 848 1614 902 in
1637 853 1875 916 portum.
1903 839 2058 908 Quod

471 966 654 1012 autem
678 952 958 1025 pertingat
989 967 1007 1000 ι
1035 946 1104 1003 ad
1130 945 1388 1001 Sidonem
1410 955 1605 1011 usque.
1638 957 1656 989 ι
1686 936 1907 991 videtur
1930 931 2058 987 sub-

473 1045 739 1107 indicare,
763 1051 976 1098 tantum
999 1038 1236 1092 duorum
1261 1033 1593 1105 populorum
1622 1038 1952 1082 concursum
1968 1018 2059 1076 ΐιισε

474 1152 683 1202 turum,
713 1144 771 1191 ut
798 1133 1058 1191 lsraelitaa
1081 1131 1187 1185 sint
1219 1123 1544 1196 completuri
1583 1121 1747 1178 etiam
1786 1117 2057 1178 civitates,

476 1247 598 1303 qua:
622 1237 751 1285 sunt
779 1224 925 1296 apud
956 1225 1130 1279 Deum
1160 1218 1465 1288 culpabiles
1489 1222 1653 1283 atque
1684 1210 1972 1271 damnatae,
1995 1221 2062 1261 eo

474 1297 621 1395 quod
669 1320 1009 1376 seduxerunt
1051 1314 1183 1369 olim
1232 1318 1398 1380 atque
1436 1308 1756 1362 averterunt
1793 1297 2061 1371 quodam-

476 1392 638 1470 modo
661 1412 782 1484 ejus
812 1409 1075 1466 cultores.
1108 1402 1189 1457 Ita
1215 1400 1362 1456 enim
1397 1393 1601 1451 alicubi
1643 1392 1720 1448 ait
1746 1404 1844 1460 per
1871 1401 2062 1442 vocem

425 1529 444 1547 -
478 1477 871 1577 prophetarum
915 1516 927 1550 :
967 1515 985 1547 ι
1017 1492 1229 1564 Ecquid
1254 1489 1412 1546 vobis
1449 1499 1688 1547 mecum,
1720 1482 1861 1554 Tyra
1891 1487 1946 1534 ct
1976 1477 2063 1533 Si-

477 1572 608 1659 don,
641 1593 887 1662 adeoque
920 1594 1033 1642 tota
1069 1583 1293 1641 Galilaea
1336 1574 1806 1649 alienigenarum?
1832 1572 1971 1626 Num
2011 1578 2066 1624 et

479 1703 576 1743 vos
606 1660 935 1740 retaiiabitis
967 1677 1125 1741 mihi,
1156 1682 1251 1729 aut
1278 1667 1696 1728 reminiscitnini
1723 1663 1937 1735 injuria:
1972 1660 2067 1716 ad-

2160 488 2277 532 κος,
2322 467 2635 527 διαστάντος
2687 461 2821 535 πρὸς
2865 458 3127 530 διαφορὰν
3164 457 3399 521 οὐδενόςο
3439 456 3531 511 διά
3567 473 3627 510 τε
3676 457 3743 510 τδ

2160 559 2412 614 λελύσθαι
2446 555 2597 628 ποιρά
2626 550 2860 623 Χριστοῦ
2893 551 2956 605 τὸ
2989 548 3303 620 μεσότοιχον
3332 544 3428 601 τοῦ
3456 547 3740 619 φραγμοῦ,

2162 652 2256 704 καὶ
2279 648 2370 701 τὸν
2399 646 2561 716 νόμον
2594 644 2702 699 τῶν
2736 639 2964 696 ἐντολῶν
2987 639 3302 710 ὲνδείγμασι
3335 637 3741 709 κατηργῆσθαι,

2163 741 2400 805 καὶτοὺς
2435 739 2528 794 δύο
2557 737 2721 801 λαοὺς
2761 734 3016 789 ἐκθέσθαι
3061 733 3247 787 λοιπὸν
3289 733 3370 795 είς
3415 732 3510 784 Eva
3558 733 3743 785 καινδν

2162 835 2446 905 ἄνθρωπον
2486 832 2545 883 ὲν
2581 825 2803 900 Χριστῷ
2844 824 2931 879 διὰ
2978 823 3313 894 Πνεύματος.
3368 841 3386 874 ι
3430 823 3625 876 Ἔσται
3662 823 3746 882 δὲ.

2164 926 2318 997 φησὶ,
2349 923 2445 978 xal.
2492 922 2618 993 παρ’
2656 921 2826 991 ὅρμον
2877 916 3100 981 πλοίων,
3144 936 3161 967 ι
3210 917 3510 980 τουτέστιν,
3554 913 3632 977 ὡς
3686 915 3745 965 ὲν

2163 1018 2343 1089 λιμένι
2378 1014 2541 1086 τυχὸν
2562 1012 2816 1083 ἀσφαλεῖ,
2844 1010 2938 1065 καὶ
2983 1008 3244 1079 ἀκύμονι,
3272 1006 3368 1060 καὶ
3405 1008 3481 1069 είς
3504 1006 3747 1076 Χριστὸν

2165 1110 2421 1164 ἀνάπτων
2448 1106 2549 1175 τῆς
2577 1104 2789 1167 ἐλπίδος
2812 1102 2882 1156 τά
2923 1101 3222 1171 πείσματα.
3268 1098 3364 1152 Ἐκ
3399 1095 3604 1166 πολλῆς
3635 1095 3746 1164 γάρ

2164 1202 2356 1269 ὥσπερ
2403 1200 2775 1268 ἀποφοιτήσας
2815 1194 3004 1265 ζάλης,
3057 1189 3512 1263 ὲνορμισθήσεται
3559 1186 3748 1241 λοιπὸν

2168 1297 2233 1365 τῇ
2261 1293 2391 1364 παρ’
2424 1289 2573 1360 αὐτῷ
2606 1284 3079 1360 χάριτι,καθάπερ
3096 1280 3288 1353 ἀμέλει
3323 1280 3415 1333 καὶ
3439 1280 3497 1331 ὲν
3526 1277 3746 1349 λιμέσιν

2170 1385 2413 1449 ὁλκάδες.
2454 1384 2528 1436 Τὸ
2558 1382 2615 1435 δὲ
2651 1381 2716 1453 δὴ
2753 1379 2848 1433 καὶ
2894 1396 2912 1429 ι
2961 1374 3154 1447 μέχρις
3200 1372 3369 1442 αὐτῆς
3409 1390 3427 1424 ι
3484 1367 3750 1443 παρατεί-

2171 1478 2357 1532 νεσθαι
2393 1497 2410 1528 ‹
2459 1475 2558 1546 τῆς
2583 1472 2814 1535 Σιδῶνος
2847 1490 2865 1523 ι
2897 1471 3090 1532 εἰπεῖν,
3123 1462 3425 1537 ύποδηλοῦν
3450 1463 3627 1517 ἔοικεν
3663 1462 3747 1516 ὅτι

2167 1568 2404 1639 τοσαύτη
2433 1565 2570 1638 πρὸς
2593 1565 2789 1618 ἒνωσιν
2823 1558 3201 1631 πνευματικὴν
3225 1555 3498 1627 συνδρομὴ
3526 1553 3637 1607 τῶν
3657 1552 3751 1606 δύο

2170 1664 2458 1733 γενήσεται
2505 1657 2674 1721 λαῶν,
2716 1656 2791 1720 ὡς
2835 1655 2961 1718 τοὺς
3000 1652 3057 1718 ἐξ
3098 1650 3329 1721 αἵματος
3382 1645 3603 1718 Ἰσραὴλ
3655 1645 3751 1698 aut

485 1722 576 1743 ws
609 1722 935 1740 .υ.υ.....,....,
967 1722 1125 1741 ...-...,
1156 1722 1249 1729 __-
1777 1722 1797 1735 ,

481 1791 671 1833 versus
705 1774 825 1829 me?
858 1772 968 1843 Ego
992 1776 1178 1824 autem
1217 1762 1483 1820 retaliabo
1514 1758 1670 1815 vobis
1696 1757 1807 1812 cito
1829 1761 1886 1809 et
1916 1753 2066 1807 velo—

2180 1722 2342 1818 αὑτάς
2371 1751 2650 1824 ἐμπλῆσαι
2673 1749 2774 1812 τὰς
2808 1747 3011 1809 πόλεις,
3044 1743 3139 1809 τάς
3165 1746 3224 1798 ὲν
3256 1741 3426 1814 πολλῇ
3457 1739 3607 1811 παρά
3633 1737 3756 1807 Θεῴ

482 1869 618 1922 eiter
650 1866 707 1920 in
740 1864 918 1933 capita
946 1867 1150 1921 vestra,
1180 1873 1247 1911 eo
1276 1852 1424 1925 quod
1464 1857 1748 1922 argentum
1795 1859 1978 1900 meum
2013 1849 2070 1896 et

481 1973 676 2014 aurum
705 1969 888 2010 meum
921 1949 1231 2021 accepistis,
1275 1954 1439 2015 atque
1473 1943 1647 1998 electa
1688 1953 1808 1993 mea
1851 1945 1907 1990 et
1947 1934 2069 2003 pul-

482 2050 617 2104 chra
639 2043 975 2117 importastis
1001 2042 1057 2096 in
1078 2047 1262 2095 vestra
1283 2035 1531 2092 delubra.
1556 2033 1713 2095 item,
1741 2029 1880 2085 ﬁlios
1903 2025 2070 2083 Israel

482 2147 538 2193 et
563 2114 1068 2193 Iudae—vendidistis
1102 2128 1228 2183 ﬁliis
1251 2126 1590 2188 Graecorum,
1621 2130 1683 2176 ut
1723 2114 2072 2174 abduceretis

484 2245 579 2287 eos
608 2245 639 2284 a
662 2228 778 2285 suis
793 2225 996 2280 finibus
1010 2222 1144 2275 "-“.
1158 2220 1323 2277 vVide
1339 2232 1470 2288 ergo
1483 2211 1758 2286 quomodo
1776 2210 1881 2264 illae
1899 2222 2075 2278 quon-

485 2319 611 2374 dam
652 2316 888 2390 graudes
924 2323 980 2370 et
1024 2310 1457 2369 bellicosissima:
1497 2306 1692 2370 urbes,
1738 2317 1859 2373 quae
1898 2312 2074 2355 causa:

485 2413 711 2467 luerunt
732 2406 1061 2479 perditionis
1086 2402 1369 2467 lsraelitis,
1390 2415 1538 2454 nunc
1564 2404 1691 2452 sunt
1714 2392 1935 2449 eosdem
1957 2404 2075 2444 cre-

487 2501 680 2556 dentes
705 2499 774 2554 ab
807 2498 955 2553 omni
994 2510 1197 2567 pavore
1221 2492 1429 2547 liberos
1459 2497 1782 2558 recepturae,
1808 2498 1933 2539 cum
1958 2481 2074 2537 Sal-

488 2600 644 2646 vator
672 2597 862 2644 noster
893 2588 1052 2643 Jesus
1090 2585 1343 2641 Christus
1378 2583 1516 2637 duos
1544 2580 1774 2652 populos
1804 2573 2074 2645 redegerit

490 2681 558 2737 ad
588 2681 851 2737 unitatem
884 2680 940 2734 iu
977 2694 1131 2749 pace,
1159 2686 1217 2732 et
1246 2675 1557 2732 dissolverit
1595 2669 1962 2733 inimicitiam,
1995 2667 2072 2722 si-

492 2775 715 2844 mulque
745 2787 870 2829 cum
896 2770 1153 2842 gentibus
1176 2769 1434 2823 Israelem
1465 2767 1522 2821 in
1542 2764 1895 2832 dilectionem
1920 2773 2074 2815 suam

492 2864 853 2923 transtulerit.
879 2863 957 2918 ita
987 2865 1139 2934 ergo,
1166 2876 1347 2932 neque
1373 2859 1483 2915 ulla
1515 2857 1620 2913 alia
1659 2855 1891 2919 ratione,
1925 2850 2075 2907 arbi-

493 2970 629 3025 tror,
652 2957 900 3013 Zabulon
932 2956 1269 3011 maritimum
1303 2954 1486 3009 locum
1510 2946 1862 3019 habitaverit.

2175 1845 2551 1916 γεγενημένας
2602 1842 2750 1911 αἰτίᾳ
2795 1840 2887 1894 καὶ
2934 1836 3178 1908 διαϐολῇ,
3225 1834 3300 1891 ὡς
3350 1828 3754 1892 ἀποπλανώσας

2176 1938 2305 1992 ποτὲ
2336 1934 2429 1989 καὶ
2461 1932 2867 2004 διαρπαζούσας
2899 1930 3099 2000 τρόπον
3128 1926 3249 1980 τινὰ
3274 1924 3400 1988 τοὺς
3426 1921 3758 1993 σεϐομένους

2175 2029 2359 2084 αὐτόν.
2399 2028 2544 2097 Ἔφη
2581 2025 2689 2095 γάρ
2736 2040 2838 2075 που
2883 2021 2970 2074 διὰ
3009 2019 3192 2089 φωνῆς
3223 2015 3552 2087 προφητῶνο
3589 2031 3608 2063 ι
3643 2013 3757 2065 Καὶ

2176 2120 2228 2174 τί
2255 2120 2412 2189 ὑμεῖς
2451 2118 2595 2188 ἐμοὶ,
2629 2115 2805 2186 Τύρος
2849 2114 2943 2167 κα⁶ι
2971 2109 3161 2175 Σιδὼν,
3191 2109 3284 2162 καὶ
3311 2108 3458 2161 πᾶσα
3493 2103 3758 2160 Γαλιλαία

2179 2209 2522 2279 ἀλλοφύλων;
2556 2208 2647 2277 Μὴ
2675 2204 3026 2274 ἀνταπόδομα
3068 2201 3161 2256 καὶ
3193 2201 3346 2271 ὑμεῖς
3373 2196 3755 2252 ἀνταποδίδοτέ

2183 2317 2295 2374 μοι,
2328 2300 2361 2371 ἢ
2398 2299 2786 2371 μνησικακεῖτε
2816 2294 2910 2349 καὶ
2943 2294 3101 2364 ὑμεῖς
3128 2291 3215 2344 ἐπ’
3246 2288 3397 2360 spei;
3441 2287 3641 2354 Ὀξέως
3663 2288 3761 2339 καὶ

2178 2390 2389 2462 ταχέως
2422 2385 2790 2442 ἀνταποδώσω
2814 2384 2872 2438 τὸ
2902 2380 3249 2451 ἀνταπόδομα
3283 2377 3436 2449 ὑμῶν
3474 2377 3557 2441 είς
3584 2392 3761 2445 κειρα-

2180 2483 2278 2547 λάς
2317 2481 2496 2552 ὑμῶν,
2536 2478 2653 2533 ἀνθ’
2686 2470 2762 2531 ὧν
2795 2477 2853 2529 τὸ
2892 2473 3156 2546 ἀργύριόν
3187 2489 3288 2543 μου
3320 2470 3503 2526 καὶτὸ
3532 2468 3760 2540 χρυσίον

2185 2592 2286 2646 μου
2314 2571 2556 2636 έλάδετε,
2601 2571 2697 2624 καὶ
2727 2568 2797 2623 τά
2823 2565 3084 2620 ἐπίλεκτά
3117 2581 3220 2636 μου
3255 2563 3348 2618 καὶ
3375 2561 3447 2616 τά
3473 2561 3615 2617 καλά
3640 2562 3759 2614 είσ-

2181 2665 2451 2739 ηνέγκατε
2502 2663 2581 2726 είς
2628 2660 2754 2724 τοὺς
2836 2660 2999 2722 ναοὺς
3056 2655 3231 2729 ὑμῶν.
3276 2654 3387 2707 Καὶ
3439 2653 3565 2716 τοὺς
3607 2651 3763 2714 υἱοὺς

2196 2755 2367 2811 Ἰούδα
2412 2754 2506 2808 καὶ
2546 2754 2674 2816 τοὺς
2723 2752 2874 2815 υἱοὺς
2916 2749 3136 2822 Ἰσραὴλ
3167 2747 3433 2804 ἀπέδοσθε
3460 2749 3575 2811 τοῖς
3621 2745 3761 2807 υἱοῖς

2181 2849 2291 2902 τῶν
2331 2846 2623 2917 Ἑλλήνων,
2665 2844 2814 2906 ὅπως
2855 2839 3094 2912 ἐξώσητε
3134 2839 3329 2903 αὐτοὺς
3358 2839 3422 2892 ἐκ
3455 2836 3565 2890 τῶν
3592 2835 3758 2909 ὁρίων

2186 2939 2389 2994 αὐτῶν.
2427 2956 2445 2989 ι
2484 2935 2674 3008 Ἀθρει
2716 2933 2780 3005 δὴ
2813 2929 2906 2988 οὖν
2941 2934 3087 2995 ὅπως
3125 2932 3180 2984 αἱ
3231 2929 3396 2985 πάλαι
3444 2928 3620 2983 δειναὶ
3664 2926 3761 2979 καὶ

493 3018 903 3123 πολέμιὼταται
939 3049 1146 3112 πόλεις,
1179 3047 1284 3101 καὶ.
1322 3043 1548 3115 ὀλέθρου
1619 3037 1868 3110 πρόξενοι
1912 3035 2023 3097 τοῖς
2090 3033 2149 3097 ἐξ
2199 3031 2448 3102 Ἰσραὴλ,
2504 3029 2702 3091 παντὸς
2752 3023 3072 3096 ἐλευθέρους
3116 3022 3370 3092 δείματος
3429 3018 3761 3085 εἰσδέξονται

492 3143 619 3205 τοὺς
654 3140 1104 3202 πεπιστευκότας,
1139 3136 1449 3196 συνδέοντος
1482 3134 1539 3184 ὲν
1562 3130 1751 3201 είρήνῃ
1778 3125 1912 3197 πρὸς
1939 3122 2245 3195 ὀμοψυχίαν
2276 3123 2403 3185 τοὺς
2466 3120 2560 3174 δύο
2616 3118 2778 3182 λαοὺς
2819 3116 2912 3171 τοῦ
2979 3115 3233 3187 Σωτῆρος
3297 3113 3453 3184 ἡμῶν
3492 3110 3759 3182 Χριστοῦ,

496 3201 612 3287 καὶ-
638 3231 1006 3293 καταλύοντος
1039 3230 1137 3300 μὲν
1171 3227 1269 3297 τὴν
1306 3226 1526 3297 ἔχθραν,
1574 3219 2081 3290 συγκατοικίζοντος
2118 3216 2175 3270 δὲ
2208 3220 2320 3280 τοῖς
2353 3215 2563 3268 ἔθνεσιν
2593 3215 2651 3267 ὲν
2714 3211 2905 3284 ἀγάπῃ
2941 3210 3034 3264 τὸν
3074 3207 3312 3280 Ἰσραήλ.
3351 3202 3520 3278 υἶμαι
3560 3206 3626 3276 δὴ
3669 3201 3762 3258 οὖν

494 3320 597 3379 ὧδέ
636 3341 691 3377 τε
726 3324 819 3376 καὶ
848 3323 907 3404 οὐ
937 3310 1065 3373 καθ’
1086 3320 1273 3390 ἓτερον
1314 3316 1513 3387 τρόπον
1537 3313 1629 3368 τὸν
1661 3311 1946 3368 Ζαϐουλὼν
1987 3310 2336 3382 κατοικήσειν
2369 3307 2653 3380 παράλιον.

1120 3430 1197 3482 De
1227 3428 1466 3483 Isaclmr.

499 3599 505 3605 ν
570 3527 729 3596 227
761 3545 777 3574 ι
810 3524 1028 3579 lsachar
1055 3523 1259 3577 bonum
1280 3520 1616 3590 concupivit,
1643 3520 1995 3590 requiescens
2025 3520 2083 3574 in

503 3617 682 3673 medio
696 3613 1096 3670 lizereditatum.
1112 3611 1387 3668 Etvidens
1399 3611 1666 3680 requiem,
1680 3611 1827 3680 quod
1845 3611 1986 3666 bona
1998 3626 2085 3665 es-

502 3716 605 3773 set,
625 3713 682 3762 et
700 3714 900 3761 terram
922 3703 1069 3774 quod
1084 3702 1322 3774 pinguis,
1342 3701 1596 3758 submisit
1611 3702 1901 3757 humerum
1924 3718 2084 3756 suum

501 3796 570 3853 ad
596 3796 981 3861 laborandum,
1017 3803 1074 3849 et
1099 3793 1275 3857 factus
1307 3799 1392 3848 est
1419 3790 1504 3845 vir
1528 3791 1765 3863 agricola
1803 3791 1866 3845 “.
1912 3809 1930 3841 ι
1970 3791 2084 3846 Isa-

500 3889 634 3943 char
662 3901 853 3942 rursus
878 3883 1172 3954 exponitur
1203 3897 1416 3936 merces.
1453 3881 1639 3935 Potest
1672 3887 1875 3942 autem,
1908 3894 2085 3948 quan-

503 3988 619 4034 tum
641 3979 709 4033 ad
732 3976 974 4032 nominis
997 3973 1473 4045 signiﬁcationem,
1504 3979 1665 4043 typus
1684 3979 1739 4025 et
1765 3970 1941 4040 imago
1967 3984 2087 4024 esse

503 4071 650 4125 haud
687 4070 922 4123 obscura
957 4068 1200 4130 illorum,
1230 4079 1351 4134 qum
1383 4064 1502 4118 loco
1536 4062 1809 4117 mercedis
1831 4077 1862 4115 a
1887 4063 1998 4116 Deo
2026 4076 2089 4116 ac

504 4163 663 4214 Patre
691 4159 896 4211 tributa
922 4166 1051 4211 sunt
1070 4155 1309 4210 Christo.
1336 4155 1426 4207 Ait
1448 4154 1596 4208 enim
1616 4153 1785 4208 David
1816 4172 1828 4207 :
1856 4174 1872 4205 ι
1903 4154 2033 4208 Pete
2057 4168 2088 4207 a

507 4266 614 4314 me,
633 4248 846 4303 etdabo
865 4247 961 4302 tibi
986 4256 1176 4318 gentes
1194 4246 1572 4301 haereditatem
1593 4254 1764 4311 tuam,
1786 4254 1840 4300 et
1871 4232 2088 4316 passes-

507 4343 719 4398 sionem
739 4350 885 4395 tuam
904 4340 1169 4395 terminos
1185 4338 1422 4394 terrm”.
1436 4337 1760 4393 iEtrursum
1784 4337 1928 4391 idem
1949 4338 2091 4408 psal-

507 4435 669 4492 lendo
707 4434 862 4505 quasi
900 4440 1291 4489 commemorat
1317 4447 1414 4487 eos
1452 4430 1548 4501 qui
1573 4410 1684 4486 dati
1715 4437 1844 4485 sunt
1867 4430 2089 4485 Emma-

508 4528 657 4584 nueli
685 4544 698 4579 :
733 4549 749 4576 ι
780 4526 921 4580 Ecce
955 4522 1250 4579 hmreditas
1284 4521 1526 4586 Domini,
1560 4521 1680 4586 ﬁlii,
1719 4536 1930 4576 merces
1971 4520 2089 4575 fru-

508 4626 631 4673 ctus
652 4615 865 4670 ventris
886 4616 952 4667 “.
984 4634 1000 4664 ι
1031 4614 1135 4680 Qui
1158 4613 1307 4668 enim
1335 4611 1710 4673 crediderunt,
1741 4620 1854 4664 tum
1880 4625 1947 4664 ex
1971 4624 2094 4664 san-

2675 3422 2814 3490 Hspl
2852 3422 2959 3475 τοῦ
3006 3420 3279 3489 Ἰσιὶχαρ.

2262 3535 2280 3567 ι
2335 3515 2551 3585 Ίσάχαρ
2602 3514 2663 3567 τὸ
2710 3513 2873 3567 καλὸν
2932 3512 3301 3581 ἐπεθύμησεν,
3351 3509 3768 3579 ἀναπαυόμενος

2183 3608 2287 3662 ἀνά
2318 3606 2482 3678 μέσον
2519 3605 2626 3659 τῶν
2663 3604 2899 3676 κλήρων.
2933 3603 3042 3657 Καὶ
3077 3601 3200 3656 ἰδὼν
3231 3602 3330 3672 τὴν
3352 3602 3659 3655 ἀνάπαυσιν
3683 3601 3767 3654 ὅτι

2186 3697 2347 3767 καλὴ,
2376 3698 2470 3751 καὶ
2505 3696 2602 3769 τὴν
2632 3698 2734 3769 γῆν
2766 3698 2849 3750 ὅτι
2884 3695 3046 3759 πίων,
3077 3694 3321 3766 ὑπέθηκε
3352 3693 3442 3747 τὸν
3474 3686 3628 3763 ὦμον
3666 3691 3768 3747 αύ-

2186 3788 2279 3844 τοῦ
2312 3792 2391 3854 εἰς
2419 3789 2480 3842 τὸ
2514 3791 2714 3853 πονεῖν,
2750 3789 2843 3841 κοιλ⁹
2869 3786 3101 3859 ἐγενήθη
3136 3785 3273 3857 ἀνὴρ
3301 3784 3565 3855 γεωργός.
3610 3803 3630 3836 ι
3654 3786 3768 3838 Μι-

2186 3885 2335 3950 σθὸς
2367 3882 2430 3955 δὴ
2466 3883 2627 3938 πάλιν
2656 3883 2685 3934 ὁ
2729 3882 2951 3951 ’ἰσάχαρ
2972 3879 3360 3951 ἑρμηνεύεται.
3406 3878 3505 3949 Εῖη
3535 3878 3580 3931 δ’
3604 3877 3672 3932 ἂν
3690 3877 3769 3942 ὡς

2187 3972 2295 4026 ἀπό
2338 3989 2401 4041 γε
2437 3971 2530 4026 τοῦ
2574 3970 2975 4041 σημαινομένου
3023 3968 3193 4032 τύπος
3233 3962 3321 4023 οἷά
3356 3984 3440 4032 τις
3475 3966 3571 4043 καὶ
3602 3965 3767 4021 εἰκὼν

2188 4065 2287 4118 οὐκ
2327 4064 2654 4134 ἀσυμφανης
2695 4060 2801 4116 τῶν
2838 4061 2915 4124 ὡς
2964 4062 3022 4114 έν
3055 4058 3207 4124 τάξει
3244 4058 3435 4130 μισθοῦ
3458 4058 3628 4131 απαρά
3672 4058 3767 4113 τοῦ

2190 4154 2325 4209 Θεοῦ
2365 4156 2458 4209 καὶ
2496 4153 2707 4225 [lat-po;
2750 4152 3206 4223 ἀπονεμηθέντων
3243 4149 3497 4222 Χριστῷ·
3536 4168 3557 4202 ι
3599 4150 3765 4219 Αἴτη-

2193 4264 2285 4301 σαι
2315 4267 2332 4300 ι
2363 4247 2492 4320 γὰρ,
2522 4247 2685 4317 φησιν
2712 4245 2740 4297 ὁ
2764 4244 2946 4304 Δαόὶδ,
2978 4262 2995 4294 ι
3036 4246 3168 4313 παρ’
3192 4241 3348 4313 ἐμοῦ,
3370 4243 3466 4295 καὶ
3494 4240 3653 4296 δώσω
3685 4259 3770 4295 σοι

2191 4338 2317 4409 ἔθνη
2347 4339 2445 4409 τὴν
2492 4336 2856 4408 κληρονομίαν
2896 4352 2987 4387 σου
3010 4373 3023 4396 ,
3060 4334 3154 4387 καὶ
3183 4334 3280 4405 τὴν
3309 4334 3641 4403 κατάσχεσίν
3676 4349 3770 4387 σου

2190 4429 2258 4482 τά
2294 4429 2504 4499 πέρατα
2528 4432 2620 4497 τῆς
2655 4427 2780 4497 γῆς.
2823 4447 2840 4477 ι
2878 4426 3082 4480 Ψάλλει
3113 4426 3171 4478 δέ
3200 4440 3301 4477 που
3335 4424 3430 4478 καὶ¹
3460 4424 3625 4478 πάλιν
3644 4424 3773 4487 τοὺς

2191 4518 2463 4580 δοθέντας,
2524 4512 2679 4587 οἶμαί
2730 4533 2858 4573 που.
2913 4516 2988 4587 τῷ
3057 4515 3428 4588 Ἐμμανουὴλ,
3487 4514 3776 4585 μονονουχὶ

2192 4608 2543 4671 καταδεικνύς
2569 4623 2583 4637 ο
2640 4626 2657 4658 ι
2708 4607 2840 4661 Ἰδοὺ
2881 4609 2913 4677 ἡ
2943 4607 3279 4679 κληρονομία
3306 4609 3533 4678 Κυρίου,
3571 4606 3679 4660 υἱοί
3700 4623 3713 4636 ’
3746 4608 3778 4661 δ

510 4706 674 4778 guine
715 4704 903 4769 'srael,
951 4712 1066 4758 tum
1105 4720 1173 4758 ex
1215 4689 1569 4757 multitudine
1613 4702 1804 4766 altera,
1846 4702 2077 4772 gentiurr

2197 4696 2384 4770 μισθὸς
2432 4696 2525 4751 τοῦ
2577 4696 2790 4769 καρποῦ
2833 4698 2933 4767 τῆς
2964 4699 3220 4770 γαστρός.
3280 4717 3299 4749 ι
3341 4698 3593 4752 Δέδονται
3654 4698 3774 4769 (ἀρ,

510 4797 794 4861 nimirum,
818 4805 947 4850 sunt
971 4795 1127 4865 quasi
1154 4809 1367 4848 merces
1390 4793 1501 4848 dati
1530 4771 1893 4847 Emmanueli.
1919 4793 2077 4847 Porrc

2196 4791 2329 4862 φησι
2348 4830 2362 4854 ,
2393 4789 2472 4860 τῷ
2504 4788 2850 4860 Ἐμμανουὴλ
2879 4790 3069 4860 μισθὸς
3092 4786 3179 4845 οἷά
3209 4807 3289 4853 τις
3312 4790 3362 4844 οἱ
3412 4791 3780 4845 πεπιστευκό-

509 4892 698 4948 Jesum
747 4888 1041 4960 appellavit
1085 4885 1408 4951 Dominum,
1459 4894 1515 4940 et
1558 4885 1811 4939 eumdem
1854 4884 2093 4938 fructum

511 4981 722 5037 ventris
753 4980 957 5035 factum
992 4977 1089 5043 ait,
1117 4983 1342 5047 propter
1369 4984 1614 5030 nostram
1653 4973 2091 5029 similitudinem.

513 5073 686 5127 Natus
717 5073 864 5126 enim
891 5079 975 5126 est
1006 5085 1074 5124 ex
1104 5067 1354 5133 muliere,
1378 5076 1436 5121 et
1457 5066 1670 5121 fructus
1692 5063 1902 5119 ventris
1923 5062 2095 5133 virgi-

515 5164 655 5218 nalis
694 5163 1021 5218 declaratus.
1063 5159 1331 5228 Quocirca
1370 5157 1660 5213 credentes
1689 5154 1960 5211 lucrit‘ecit
1990 5154 2094 5209 sibi

514 5253 767 5308 Christus
800 5270 813 5305 :
843 5253 912 5307 ob
943 5268 1082 5324 quos
1121 5250 1325 5308 alicubi
1370 5259 1424 5305 et
1463 5249 1740 5305 etnlestem
1772 5246 1993 5302 Patrem
2032 5260 2098 5301 ac

518 5345 689 5400 Deum
728 5343 928 5399 aﬁ‘atur
957 5363 969 5397 :
1003 5363 1020 5395 ι
1054 5343 1200 5411 Quos
1242 5342 1441 5399 dedisti
1471 5340 1605 5396 mihi
1634 5355 1701 5395 ex
1742 5337 1969 5402 mundo,
2014 5336 2094 5391 tui

517 5444 694 5500 erant,
740 5444 797 5490 et
833 5435 965 5489 mihi
1000 5449 1093 5489 eos
1130 5435 1330 5490 dedisti
1359 5435 1426 5488 δ’.
1475 5453 1492 5485 ι
1522 5432 1603 5488 Illi
1648 5430 1815 5502 igitur
1840 5428 2094 5484 eximiam

520 5542 605 5578 sor
617 5533 726 5580 tem
748 5527 1114 5595 expetierunt,
1133 5527 1237 5582 hoc
1255 5536 1360 5592 est,
1380 5525 1745 5596 quodcunque
1761 5521 1865 5576 dici
1893 5529 2093 5589 potest,

2195 4898 2286 4946 τες
2323 4881 2431 4935 ἀπό
2467 4898 2526 4934 τε
2553 4881 2661 4934 τῶν
2703 4881 2762 4948 ἐξ
2791 4881 3026 4953 αἵματος
3065 4881 3302 4953 Ἰσραὴλ,
3329 4881 3423 4934 καὶ
3449 4881 3553 4953 τῆς
3579 4881 3777 4953 ἑτέρας

2198 4973 2457 5044 πληθύος,
2484 4975 2626 5044 φημί
2650 4972 2715 5045 δὴ
2744 4974 2842 5043 τῆς
2872 4972 2932 5038 ὲξ
2959 4972 3147 5027 ἐθνῶν.
3177 4972 3382 5044 Κύριον
3409 4972 3469 5027 δὲ
3498 4972 3777 5044 ὀνομάσας

2194 5063 2286 5116 τὸν
2330 5064 2569 5133 Ἰησοῦν,
2604 5063 2700 5118 καὶ
2723 5062 2937 5133 καρπὸν
2975 5062 3137 5116 αὐτὸν
3180 5063 3352 5132 ἔφησε
3396 5063 3650 5132 γενέσθαι
3678 5080 3775 5131 γα-

2197 5154 2376 5224 στρὸς,
2397 5154 2484 5208 διά
2503 5172 2584 5208 τοι
2601 5152 2698 5227 τὴν
2721 5154 2844 5208 καθ’
2860 5155 3008 5225 ἡμᾶς
3029 5153 3305 5224 ὁμοίωσιν.
3325 5153 3651 5223 Γεγέννηται
3666 5151 3777 5221 γάρ

2198 5249 2262 5302 ὲκ
2284 5246 2563 5316 γυναικὸς,
2597 5246 2689 5301 καὶ
2715 5246 2923 5317 καρπὸς
2949 5244 3140 5317 νηδύος
3172 5245 3388 5316 ἐδείχθη
3413 5241 3774 5315 παρθενικῆς.

2198 5338 2408 5393 Οὐκοῦν
2432 5340 2557 5403 τοὺς
2594 5336 2949 5401 πιστεύοντας
2982 5335 3428 5408 ἀποκεκέρδηκεν
3457 5336 3486 5388 ὁ
3516 5332 3777 5403 Χριστὸς,

2199 5430 2294 5483 καὶ
2328 5430 2457 5502 περὶ
2496 5429 2674 5483 αὐτῶν
2712 5430 2853 5501 τάχα
2880 5444 2984 5482 που
3012 5428 3149 5500 πρὸς
3173 5427 3264 5482 τὸν
3286 5429 3343 5479 ἐν
3383 5426 3633 5496 οὐρανοῖς
3667 5423 3783 5474 Πα-

2198 5520 2329 5593 τέρα
2363 5523 2457 5576 καὶ
2496 5520 2627 5575 Θεόν
2667 5538 2837 5593 φησι·
2882 5540 2900 5573 ι
2929 5518 3037 5584 Οὒς
3064 5520 3300 5582 δεδωκάς
3340 5535 3429 5589 μοι
3460 5518 3525 5570 ὲκ
3558 5513 3653 5570 τοῦ
3682 5511 3775 5568 κύ.

592 5633 710 5665 ⁸⁷⁸⁸⁸
740 5636 854 5692 Joel
887 5655 965 5711 ιιι,
1002 5641 1112 5694 4-6.
1193 5640 1234 5672 δ’
1260 5640 1394 5695 Ceu.
1429 5656 1570 5704 xm,
1609 5639 1691 5706 Η,
1714 5638 1798 5691 i5.
1876 5638 1920 5667 ⁸⁸
1945 5635 2077 5690 Ρεῑὶιη

2200 5636 2253 5692 8.
2332 5638 2372 5670 ⁵⁸
2406 5637 2548 5694 Psal.
2583 5654 2758 5706 cxxvr,
2788 5637 2841 5691 3.
2921 5638 2965 5669 δ’
3010 5637 3167 5693 Joan.
3191 5650 3319 5702 xvu,
3349 5634 3403 5689 6.
