4032 6198
287 346 383 404 331

1283 343 1800 401 GLAPHYRORUM
1839 347 1904 402 ΙΝ
1947 347 2246 404 GENESIM
2285 349 2412 404 LIB.
2456 350 2564 405 Vll.

3430 354 3532 408 36!

289 479 453 535 σμου,
494 461 578 513 σοὶ
607 455 770 530 ἦσαν,
809 459 902 510 καὶ
946 457 1071 527 ἐμοὶ
1110 458 1307 521 αὐτοὺς
1340 457 1601 522 δέδωκας.
1648 478 1666 510 ι
1702 458 1860 513 Οὗτοι

1963 470 2015 514 et
2035 471 2120 516 est
2137 477 2324 517 revera
2351 461 2634 526 eximium,
2654 459 2920 531 longeque
2944 460 3056 515 Deo
3073 462 3534 531 acceptissimum.

284 557 348 626 δὴ
380 550 478 608 οὖν
511 553 572 606 τὸ
604 552 769 605 καλὸν
800 549 1177 619 ἐπεθύμησαν,
1215 549 1460 604 τουτέστι
1493 553 1601 605 πᾶν
1634 552 1772 622 ὅπερ
1798 551 1864 606 ἃν

285 647 496 716 λέγοιτό
521 661 582 698 τε
628 642 724 697 καὶ
750 642 900 695 ἔστιν
936 641 1155 712 ἀληθῶς
1185 641 1486 712 ἐξαίρετον,
1525 643 1620 697 καὶ
1646 644 1754 696 τῶν
1783 643 1866 697 ὅτι

286 739 523 807 μάλιστα
563 734 836 806 φιλτάτων
866 733 1006 804 Θεῷ.
1061 733 1234 787 Τοῦτο
1263 734 1538 788 ποιοῦνται
1569 735 1699 805 περὶ
1740 735 1864 788 πολ-

283 829 379 883 λοῦ
408 871 423 895 ,
460 829 558 882 καὶ
607 824 913 896 κατορθοῦν
955 823 1370 889 σπουδάζουσιν,
1410 826 1486 888 ὼς
1533 827 1599 878 ὲκ
1621 826 1862 890 διανοίας

282 920 496 990 ἀγαθῆς
538 915 951 987 ἁναφωνοῦντες
983 915 1191 984 λέγειν’
1235 933 1253 968 ι
1286 915 1365 970 Τὰ
1389 919 1632 988 κρίματα
1658 918 1864 988 Κυρίου

283 1011 535 1084 ἀληθινὰ,
562 1007 962 1078 δεδικαιωμένα
987 1009 1081 1061 ἐπὶ
1123 1005 1186 1060 τὸ
1209 1006 1365 1060 αύτό’
1393 1008 1700 1079 ἐπιθυμητὰ
1727 1010 1864 1080 ὑπὲρ

283 1102 506 1174 χρυσίον
522 1101 618 1154 καὶ
633 1099 777 1153 λίθον
793 1099 974 1168 τίμιον
1001 1098 1217 1153 πολύν.»
1239 1098 1418 1152 Καλὸν
1433 1099 1489 1152 δὲ
1510 1099 1645 1170 πρὸς
1666 1099 1860 1170 τούτῳ,

279 1195 341 1248 τὸ
364 1193 655 1262 ἐπιθυμεῖν
687 1189 781 1243 ὑπ’
816 1189 964 1260 αύτῷ
994 1189 1248 1257 γενέσθαι
1286 1189 1529 1261 Χριστῷ.
1573 1193 1640 1244 ’0
1674 1191 1738 1262 δὴ
1770 1193 1864 1245 καὶ

282 1287 314 1357 ή
339 1285 531 1355 νύμφη
561 1283 724 1354 φησὶν
746 1283 806 1334 ἐν
835 1282 915 1352 τῷ
949 1283 1188 1352 ’ᾼσματι
1213 1280 1324 1335 τῶν
1363 1282 1626 1353 ᾀσμάτων
1646 1301 1660 1314 ·
1701 1301 1720 1334 ι
1775 1284 1862 1337 Ἑν

281 1380 346 1449 τῇ
379 1378 511 1448 σκιᾷ
534 1373 702 1429 αύτοῦ
723 1374 1068 1444 ἐπεθύμησα,
1095 1375 1190 1427 καὶ
1216 1374 1466 1428 ἐκάθισα.
1497 1395 1516 1428 ι
1554 1377 1611 1430 'O
1637 1375 1863 1447 γνώμης

281 1469 463 1523 τοίνυν
503 1471 584 1532 εἰς
612 1466 774 1522 τοῦτο
825 1468 1082 1538 προήκων
1115 1466 1240 1530 λαὸς
1270 1506 1285 1532 ,
1323 1468 1728 1536 κατασκέψεται
1762 1468 1860 1539 μὲν

280 1561 528 1632 ἀκριϐῶς
569 1562 696 1624 τοὺς
739 1559 869 1630 περὶ⁵
908 1557 1042 1611 Θεοῦ
1075 1557 1311 1628 κλήρους
1333 1599 1348 1623 ,
1381 1557 1664 1623 τουτέστι,
1696 1560 1762 1612 τὰ
1803 1563 1861 1612 ὲν

281 1653 494 1706 ἐλπίσιν
517 1651 698 1720 ἀγαθὰ
713 1653 827 1713 τοῖς
847 1648 1162 1702 εὐσεϐοῦσιν
1193 1648 1600 1720 ἐπηγγελμένα.
1627 1650 1764 1720 Περὶ
1784 1643 1860 1704 ὧν

279 1744 371 1798 καὶ
397 1744 429 1795 6
459 1743 603 1805 θεῖος
631 1741 736 1812 ἔφη
761 1739 942 1793 Δαϐίδ·
972 1757 991 1791 ι
1028 1740 1116 1792 Ἐν
1145 1741 1266 1802 ταῖς
1292 1740 1447 1810 χερσί
1476 1756 1568 1793 σου
1597 1741 1646 1792 οἱ
1666 1740 1860 1810 κλῆροι

281 1853 405 1909 μου.
430 1854 448 1886 ι
466 1832 778 1888 Καταλύσει
792 1831 849 1884 δὲ
870 1830 1020 1884 ὥσπε
1028 1846 1058 1901 ρ
1075 1831 1132 1882 ὲν
1146 1829 1350 1894 αὐτοῖς,
1370 1831 1461 1883 καὶ
1475 1831 1764 1884 ὲπαναπαύ
1773 1847 1860 1882 σε-
1894 1809 1934 1866 Β

278 1945 368 1982 ται
400 1927 588 1999 πάντη
621 1942 684 1979 τε
715 1925 811 1979 καὶ
854 1923 1094 1985 πάντως,
1129 1922 1212 1976 ότι
1247 1921 1495 1989 τεύξεται
1524 1923 1856 1993 προσδοκῶν.

291 2018 625 2081 Ἐπαινέσας
653 2016 718 2088 δὴ
741 2011 836 2069 οὖν
868 2015 968 2085 τήν
997 2011 1191 2068 ἑαυτοῦ
1223 2012 1418 2084 βουλήν
1443 2029 1501 2066 τε
1536 2015 1629 2068 καὶ
1657 2016 1858 2086 κρίσιν,

278 2111 371 2166 καὶ
399 2111 464 2163 ού
497 2109 723 2180 μετρίου
749 2105 1028 2178 θαύματος
1055 2106 1158 2179 τὴν
1197 2104 1256 2159 εν
1289 2121 1353 2175 γε
1380 2106 1593 2170 τούτοις
1624 2104 1860 2171 ἀξιώσας

277 2202 612 2266 ἀνάπαυσιν,
652 2199 923 2262 τουτέστι,
954 2197 1055 2270 τὴν
1087 2198 1169 2261 είς
1204 2196 1378 2252 αίῶνα
1412 2197 1600 2268 τιμὴν,
1645 2197 1745 2268 τὴν
1783 2197 1860 2262 ὡς

277 2298 336 2348 ἐν
370 2291 637 2364 ἁγιασμῷ
683 2291 874 2361 τελείῳ
920 2291 1098 2360 ἔχοντι
1143 2289 1311 2360 ζωὴν,
1358 2288 1458 2359 τὴν
1500 2289 1859 2362 ἀτελεύτητον

275 2385 470 2452 δόξαν,
503 2382 605 2454 τὴν
641 2380 1016 2450 ἀναπόϐλητον
1053 2377 1350 2448 βασιλείαν,
1383 2377 1477 2431 καὶ
1505 2377 1608 2431 ὅσα
1639 2379 1735 2431 καὶ
1767 2379 1860 2434 νοῦ

278 2479 372 2531 καὶ
394 2473 650 2545 γλώττης
677 2471 956 2538 ἐπέκεινα,
985 2468 1268 2541 τληπαθὴς
1301 2468 1453 2522 ἔσται
1475 2467 1685 2523 λοιπόν.
1727 2469 1862 2524 Ἑω-

281 2568 467 2641 ρακὼς
488 2565 600 2636 γὰρ
632 2565 715 2618 ὅτι
747 2563 886 2617 πίων
916 2565 950 2634 ἡ
981 2561 1085 2632 γῆ,
1125 2579 1146 2614 ι
1185 2560 1278 2613 τὸν
1312 2553 1462 2630 ὦμον
1491 2559 1790 2629 ὑποθήσει,
1837 2580 1856 2612 ι

277 2660 437 2731 φησὶ,
467 2658 564 2712 καὶ
587 2655 867 2726 ἀγαπήσει
892 2653 986 2706 τὸν
1032 2653 1212 2706 πόνον.
1249 2651 1477 2722 Δέχεται
1512 2651 1568 2706 δὲ
1595 2653 1658 2705 τὸ
1687 2653 1861 2722 παρά-

275 2750 479 2819 δειγμα
508 2746 662 2819 παρὰ
699 2743 809 2798 τῶν
842 2743 917 2806 ὡς
945 2741 1146 2812 ἄριστα
1189 2741 1447 2811 γηπονεῐν
1481 2738 1769 2805 εἰωθότων,
1807 2741 1858 2793 οἳ

279 2837 696 2913 φιλεργέστατοί
727 2837 790 2889 τὲ
822 2837 927 2888 είσι
959 2836 1052 2888 καὶ
1097 2831 1387 2903 σκαπάνης
1421 2830 1566 2900 φίλοι
1585 2873 1598 2895 ,
1627 2830 1719 2883 καὶ
1751 2831 1858 2902 μὴν

279 2930 374 2982 καὶ
424 2927 681 2999 ἀρότροις
728 2922 969 2994 ὲνιδροῦν
1009 2921 1422 2985 σπουδάζουσιν,
1455 2922 1504 2972 εἰ
1540 2920 1604 2991 δή
1640 2919 1858 2988 πιείρας

276 3019 529 3074 λάϐοιντο
560 3020 685 3088 γῆς,
708 3014 1034 3079 ἐννοοῦντες,
1061 3008 1216 3084 οἶμαι
1240 3027 1364 3074 που,
1390 3012 1602 3082 καρπὸν
1632 3010 1722 3063 τὸν
1751 3012 1858 3080 ἀμ-

1969 553 2025 606 ld
2055 553 2202 608 enim
2227 553 2620 624 magnifaciunt
2647 560 2810 623 atque
2832 553 3108 623 praecipue
3131 564 3390 624 praestare
3411 571 3539 610 con-

1971 645 2222 712 tendunt,
2246 655 2306 701 ut
2335 646 2548 701 scilicet
2578 659 2645 699 ex
2679 645 2824 699 bono
2847 645 3012 699 corde
3038 645 3426 711 exclamantes,
3451 648 3536 702 di-

1967 744 2130 791 cant:
2166 756 2183 788 ι
2209 737 2423 794 Iudicia
2441 737 2658 792 Domini
2683 750 2834 801 vera,
2855 735 3152 808 justiﬁcata
3175 737 3230 792 in
3255 737 3496 808 idipsum
3523 780 3535 792 .

1965 827 2349 884 desiderabilia
2367 844 2533 900 super
2549 843 2743 884 aurum
2758 837 2816 884 et
2829 827 3064 899 lapidem
3080 829 3383 899 pretiosum
3401 832 3538 884 mul-

1967 927 2083 974 tum
2107 919 2171 974 ⁸⁸.
2200 940 2218 972 ι
2246 922 2573 976 Praeclarum
2597 921 2728 976 item
2758 934 2822 974 ac
2843 921 3046 976 bonum
3069 928 3156 976 est
3175 929 3432 991 expetere
3479 928 3542 975 ut

1965 1012 2088 1080 quis
2111 1012 2182 1065 sit
2216 1012 2320 1066 sub
2354 1013 2594 1076 Christo,
2621 1012 2763 1066 sicut
2799 1020 2855 1066 et
2879 1027 3079 1081 sponsa
3113 1013 3193 1067 ait
3219 1013 3272 1066 i-n
3295 1011 3539 1068 Canticis

1965 1102 2300 1156 canticorum
2334 1122 2345 1155 :
2381 1123 2399 1153 ι
2446 1103 2559 1156 Sub
2596 1104 2792 1158 umbra
2821 1104 2992 1177 ipsius
3034 1103 3358 1167 desideravi,
3400 1103 3538 1167 etin

1963 1207 2028 1247 ea
2056 1193 2262 1247 sedi”.
2296 1213 2312 1244 ι
2343 1194 2583 1262 Populus
2621 1191 2786 1265 igitui-
2826 1195 2900 1250 ita
2940 1195 3170 1249 allectus
3225 1196 3538 1270 considerat

1963 1285 2208 1340 studiose
2265 1286 2611 1342 hereditates
2664 1303 2786 1357 qua:
2827 1303 2858 1342 a
2901 1287 3131 1341 Domino
3176 1288 3534 1357 proveniunt,

1963 1375 2068 1432 hoc
2093 1386 2196 1443 est,
2233 1377 2375 1432 bona
2414 1379 2618 1433 sanctis
2647 1379 2936 1448 promissa,
2979 1393 3100 1448 qua:
3138 1378 3319 1433 adhuc
3359 1380 3414 1433 in
3439 1391 3537 1448 spe

1962 1467 2067 1521 sita
2091 1475 2220 1522 sunt
2245 1485 2258 1522 :
2285 1468 2353 1522 de
2375 1469 2577 1538 quibus
2597 1479 2654 1524 et
2676 1469 2896 1524 divinus
2913 1469 3084 1523 David
3111 1469 3360 1524 meminit
3387 1487 3398 1521 :
3433 1490 3450 1519 ι
3475 1471 3535 1523 In

1963 1561 2218 1616 manibus
2240 1562 2349 1616 tuis
2373 1569 2551 1617 sortes
2577 1577 2711 1616 mete
2738 1563 2806 1616 ⁸⁸,
2841 1581 2858 1613 ι
2887 1561 3328 1617 Commorabitur
3351 1571 3534 1616 autem

1961 1651 2364 1720 quodammodo
2397 1659 2454 1705 et
2499 1653 2849 1721 conquiescet
2896 1651 2952 1705 in
2992 1651 3092 1717 eis,
3142 1651 3271 1721 quia
3311 1666 3536 1720 compos

1963 1757 2073 1796 suae
2108 1741 2225 1811 spei
2266 1750 2351 1796 est
2377 1742 2614 1798 futurus.
2659 1742 2798 1798 Cum
2841 1743 3009 1813 igitur
3046 1745 3332 1814 probasset
3375 1761 3534 1800 suum

1963 1831 2251 1885 consilium
2269 1847 2333 1887 ac
2349 1831 2638 1902 judicium,
2660 1847 2838 1902 neque
2858 1848 3052 1903 parum
3073 1834 3374 1890 admiratus
3393 1841 3536 1890 esset

1961 1923 2204 1993 quietem
2250 1924 2307 1978 in
2345 1923 2453 1989 his,
2492 1923 2596 1978 hoc
2620 1931 2723 1988 est,
2756 1934 3022 1978 internum
3055 1925 3221 1994 228
3245 1925 3533 1990 honorem,

1961 2015 2128 2068 vitam
2161 2012 2402 2084 perfecte
2424 2011 2812 2067 sanctiﬁcatam
2829 2052 2843 2077 ,
2870 2013 3249 2067 incessabilem
3275 2013 3532 2084 gloriam,

1963 2119 2191 2176 regnum
2234 2104 2653 2174 sempiternum,
2678 2118 2741 2158 ac
2770 2118 3110 2174 quaecunque
3136 2119 3353 2158 omnem
3382 2120 3535 2159 men-

1962 2203 2070 2251 tem
2093 2209 2159 2250 ac
2177 2195 2420 2266 linguam
2454 2201 2736 2265 superant,
2763 2201 2876 2248 tum
2899 2194 3118 2248 demum
3142 2193 3318 2250 factus
3338 2203 3422 2250 est
3444 2211 3538 2265 pa-

1963 2288 2103 2342 tiens
2125 2287 2398 2342 laborum.
2437 2285 2576 2341 Cum
2611 2285 2758 2340 enim
2784 2283 3013 2339 vidisset
3038 2284 3185 2356 quod
3210 2294 3356 2341 terra
3391 2297 3538 2342 esset

1959 2379 2198 2448 pinguis,
2229 2379 2306 2432 ait
2346 2386 2546 2442 textus,
2595 2395 2615 2429 ι
2653 2375 2953 2433 Submittet
2993 2375 3286 2432 humerum
3322 2377 3390 2442 ",
3434 2397 3452 2428 ι
3481 2387 3538 2432 et

1959 2469 2164 2524 amabit
2185 2469 2447 2524 laborem.
2473 2469 2754 2523 Mutuatur
2771 2477 2957 2542 autem
2970 2469 3277 2538 exemplum
3300 2469 3371 2524 ab
3417 2469 3536 2524 istis

1959 2561 2052 2630 qui
2078 2572 2281 2617 terram
2311 2561 2496 2616 colere
2519 2568 2945 2624 consueverunt,
2971 2559 3065 2629 qui
3101 2567 3229 2614 sunt
3262 2560 3317 2614 in
3341 2561 3537 2630 primis

1959 2653 2240 2717 laboriosi,
2263 2659 2428 2722 atque
2451 2650 2829 2723 agricolationi
2851 2649 3044 2714 dediti,
3071 2656 3292 2720 totoque
3314 2659 3535 2720 pectore

1959 2744 2155 2799 aratris
2174 2744 2520 2808 incumbunt,
2543 2742 2764 2813 quando
2787 2743 2988 2812 pingue
3015 2743 3190 2797 solum
3213 2742 3355 2798 nacti
3379 2752 3526 2808 sunt,

1958 2836 2292 2905 nberemque
2314 2834 2552 2889 fructum
2582 2849 2640 2889 se
2663 2834 2791 2889 inde
2816 2841 3172 2904 percepturos
3193 2834 3524 2906 intelligunt.

1957 2925 2293 2982 Adhortatur
2317 2933 2500 2980 autem
2527 2940 2628 2980 nos
2647 2925 2716 2980 ad
2736 2925 2843 2980 hoc
2865 2924 3030 2979 etiam
3049 2925 3316 2994 propheta
3337 2925 3525 2993 Oseas,

1957 3019 2183 3074 dicens:
2216 3038 2234 3070 ι
2267 3016 2544 3073 Seminate
2583 3017 2740 3072 vobis
2779 3015 2846 3071 ad
2883 3014 3171 3088 justitiam,
3197 3022 3255 3072 et
3291 3016 3546 3089 colligite,

163 3355 169 3358 ,
276 3294 495 3355 ἑαυτοῖς
521 3293 604 3355 είς
625 3287 991 3357 δικαιοσύνην,
1008 3287 1318 3359 τρυγήσατε
1343 3287 1423 3349 είς
1446 3287 1654 3357 καρπὸν
1678 3287 1852 3358 ξωῆςο

275 3109 515 3182 quaeq,
565 3107 660 3163 καὶ
677 3107 745 3161 τὰ
769 3107 829 3173 ὲξ
845 3106 1014 3176 αὐτῆς
1034 3104 1282 3173 ἐσόμενα.
1301 3102 1638 3173 Παροτρύνει
1660 3102 1718 3155 δέ
1737 3119 1856 3167 πως

1961 3111 2014 3165 in
2041 3109 2281 3164 fructum
2303 3109 2449 3163 vitae.
2475 3106 2771 3163 Accendite
2795 3108 2849 3162 in
2874 3105 3032 3161 vobis
3050 3104 3237 3161 lumen
3261 3105 3531 3177 cognitio-
3549 3146 3559 3190 ,ί

275 3208 357 3269 είς
380 3202 542 3258 τοῦτο
565 3201 656 3255 καὶ
677 3202 706 3254 6
727 3199 890 3269 σοφὸς
917 3198 1063 3269 ἡμᾶς
1096 3196 1274 3267 Ὠσηὶ,
1301 3195 1474 3264 λέγων
1501 3212 1513 3225 °
1541 3213 1559 3248 ι
1591 3195 1854 3268 Σπείρατε

1961 3202 2064 3256 nis.
2090 3199 2375 3271 Exquirite
2401 3198 2694 3254 Dominum
2721 3198 2896 3253 donec
2925 3197 3151 3252 veniant
3171 3196 3329 3251 vobis
3353 3196 3535 3267 fruges

1954 3295 2182 3368 iustitia:
2221 3295 2288 3348 η.
2323 3313 2341 3346 ι
2374 3291 2573 3347 Paulus
2611 3305 2831 3361 quoque
2868 3287 3081 3344 fructus
3117 3288 3344 3360 justitiae
3377 3288 3535 3344 nobis

277 3385 558 3454 φωτίσατι
603 3381 816 3442 ἑαυτοῖς
865 3378 980 3448 φῶς
1030 3377 1306 3446 γνώσεως.
1356 3375 1724 3449 Ἐκζητήσατε
1765 3381 1858 3434 τὸν

1961 3397 2236 3459 precatur,
2260 3386 2481 3442 dicens:
2507 3400 2525 3435 ι
2545 3382 2649 3450 Qui
2679 3380 2990 3453 suppeditat
3012 3395 3199 3436 semen
3218 3379 3530 3444 seminanti,

279 3476 490 3545 Κύριον
514 3474 622 3535 ἕως
645 3463 706 3524 οὗ
741 3469 870 3541 ἔλθη
894 3467 1262 3540 γενίν]ήματα
1286 3468 1635 3541 δικαιοσύνης
1667 3472 1813 3542 ὑμῖν.
1831 3490 1848 3522 ι

1961 3491 2015 3536 et
2036 3494 2232 3551 panem
2255 3479 2310 3533 in
2333 3477 2538 3540 cibum,
2563 3473 3015 3545 suppeditabit,et
3036 3471 3423 3546 multiplicahit
3443 3487 3532 3527 se-

290 3563 602 3637 Ὲπηύξατο
631 3561 688 3614 δὲ
725 3563 820 3615 καὶ
847 3563 876 3614 6
921 3561 1190 3631 μακάριος
1226 3560 1436 3624 Παῦλος
1471 3561 1641 3614 είπὼν
1665 3578 1679 3592 θ
1723 3564 1858 3649 ι.⁹0

1961 3578 2201 3625 mentem
2216 3577 2476 3632 vestram,
2494 3565 2822 3635 augebitque
2844 3561 3056 3618 fructus
3071 3563 3295 3634 iustitia:
3314 3570 3530 3626 vestrae,

276 3656 333 3709 δὲ
379 3651 732 3726 ἐπιχορηγῶν
764 3651 986 3723 σπέρμα
1025 3649 1104 3721 τῷ
1142 3651 1418 3721 σπείροντι
1443 3651 1537 3705 καὶ
1571 3652 1735 3724 ἄρτον
1776 3656 1856 3720 εἰς

1964 3673 2023 3720 ut
2047 3663 2253 3732 ubique
2275 3673 2494 3714 omnem
2521 3655 2901 3713 sufﬁcientiam
2928 3654 3213 3720 habentes,
3243 3653 3536 3710 abundetis

282 3744 488 3816 βρῶσιν
514 3783 530 3810 ,
561 3743 861 3815 χορηγήσει
897 3741 992 3795 καὶ
1022 3740 1283 3811 πληθυνεῖ
1321 3740 1412 3794 τὸν
1446 3743 1650 3815 σπόρον
1679 3748 1853 3816 ὑμῶν,

1963 3755 2020 3808 in
2053 3766 2214 3808 omne
2251 3763 2390 3820 opus
2414 3747 2622 3802 bonum
2659 3745 2725 3799 ⁸⁸.
2770 3763 2789 3798 ι

281 3839 374 3892 καὶ
392 3837 621 3908 αὐξήσει
652 3835 720 3889 τά
745 3834 1111 3908 τενῘνῙήίιατα
1133 3835 1230 3905 τῆς
1258 3835 1603 3908 δικαιοσύνης
1629 3841 1803 3912 ὑμῶν,
1846 3847 1933 3904 ῐνα
1971 3847 2202 3902 πάντοτε
2234 3843 2415 3896 πᾶσαν
2459 3840 2788 3909 αὐτάρκειαν
2820 3835 3032 3905 ἔχοντες
3066 3833 3423 3906 περισσεύητε
3454 3835 3536 3899 είς

280 3935 388 3987 πᾶν
408 3932 573 4004 ἔργον
595 3929 817 3999 ἀγαθόν.
854 3949 873 3982 ι

844 4044 978 4114 Περὶ
1011 4043 1116 4096 τοῦ
1137 4044 1276 4100 Δάν.

353 4158 373 4191 ι
409 4138 522 4194 Adv
551 4138 728 4209 κρινεί
775 4136 870 4190 τὸν
895 4121 1022 4189 λαὸν
1057 4136 1242 4201 αὐτοῦ,
1280 4137 1412 4192 ὡσεὶ
1457 4138 1551 4191 καὶ
1589 4140 1689 4209 μία
1719 4140 1857 4212 φυλὴ

281 4233 335 4287 ἂν
376 4229 624 4305 Ἰσραήλσ
666 4229 762 4282 καὶ
801 4225 1089 4300 γενηθήτω
1136 4228 1243 4282 Δὰν
1275 4229 1418 4298 ὖφις,
1443 4229 1529 4298 ἐφ’
1559 4229 1664 4300 ὁδῷ
1687 4231 1858 4299 ἐγκα-

281 4327 516 4398 θήμενος
555 4320 651 4373 ἐπὶ
703 4318 927 4392 τρίϐου,
973 4319 1184 4374 δάκνων
1232 4321 1470 4393 πτέρναν
1525 4320 1716 4386 ἵππου,
1765 4322 1859 4374 καὶ

2620 4034 2697 4089 De
2735 4033 2876 4088 Dan.

2037 4155 2054 4186 ι
2083 4133 2201 4188 Dan
2225 4125 2495 4201 judicabit
2528 4124 2792 4196 populum
2825 4137 3006 4189 suum,
3036 4123 3178 4178 sicut
3203 4131 3258 4180 et
3288 4141 3395 4181 una
3432 4130 3532 4183 tri-

1960 4226 2062 4280 bus
2086 4224 2142 4278 in
2175 4220 2363 4284 Israel,
2387 4226 2442 4273 et
2467 4217 2560 4272 ﬂat
2597 4217 2713 4272 Dan
2749 4216 2976 4270 coluber
3004 4215 3060 4270 in
3093 4217 3179 4272 via
3213 4217 3456 4274 insidens
3478 4222 3533 4276 in

1959 4317 2175 4381 semita,
2203 4311 2464 4370 mordens
2489 4309 2802 4365 calcaneum
2829 4307 2978 4378 equi,
3002 4315 3058 4361 et
3079 4307 3237 4364 cadet
3258 4325 3428 4379 eques
3452 4330 3536 4368 re-

279 4421 528 4473 πεσεῖται
547 4418 577 4470 6
606 4415 803 4478 ἱππεὺς
830 4415 909 4476 είς
930 4415 998 4468 τὰ
1029 4413 1271 4484 ὀπίσθια,
1316 4411 1415 4486 τὴν
1447 4414 1720 4486 σωτηρίαν
1760 4432 1856 4469 πει

1963 4421 2229 4474 trorsum;
2261 4405 2509 4461 Salutare
2549 4407 2870 4470 exspectans
2910 4397 3125 4452 Domini
3150 4399 3214 4451 '°.
3249 4418 3267 4450 ι
3298 4401 3535 4460 Historia

278 4509 522 4582 ριμένων
563 4505 715 4578 παρὰ
744 4505 974 4578 Κυρίου.
1011 4523 1029 4556 ι
1069 4503 1303 4559 Ἕπεται
1331 4506 1490 4559 πάλιν
1515 4512 1583 4580 τῇ
1613 4507 1707 4560 τοῦ
1738 4506 1855 4561 ὀνό-

1960 4515 2177 4556 rursum
2200 4495 2438 4554 nominis
2459 4489 2838 4564 etymologiam
2861 4485 3126 4556 sequitur.
3149 4486 3263 4541 Dan
3283 4490 3428 4543 enim
3452 4502 3536 4548 est

279 4578 451 4672 ματος
484 4597 813 4670 ἐτυμολογία
854 4599 882 4650 6
908 4597 1084 4665 λόγος.
1121 4595 1343 4665 Κριτὴς
1370 4597 1479 4670 γὰρ
1505 4578 1624 4671 ἦτοι
1654 4598 1857 4667 κρίσις

1961 4593 2138 4661 iudex,
2173 4597 2268 4644 aut
2289 4585 2570 4660 judicium.
2599 4581 2715 4636 Prae
2756 4595 2814 4634 se
2857 4578 2965 4633 fert
2995 4585 3177 4633 autem
3207 4579 3298 4636 hic
3330 4580 3536 4653 glorio-

272 4697 309 4749 6
337 4694 460 4748 Δάν.
495 4691 788 4762 Ἐμφήνειε
808 4689 851 4743 δ’
881 4687 946 4742 ἂν
971 4686 1046 4753 ὡς
1073 4688 1157 4756 ἐφ’
1183 4687 1360 4760 ἐαυτῷ
1392 4691 1485 4743 καὶ
1515 4683 1668 4752 οὗτος
1697 4689 1859 4744 πάλιν

269 4785 371 4840 τὸν
409 4783 612 4837 εὐκλεᾶ
638 4782 731 4835 καὶ
756 4779 1048 4850 περίοπτον
1076 4778 1185 4834 τῶν
1213 4779 1382 4848 ἁγίων
1423 4780 1734 4834 ἀποστόλων
1764 4799 1856 4850 χο-

273 4881 407 4953 ρόν·
442 4877 492 4932 οἳ
529 4877 610 4939 είς
640 4873 815 4946 ἀρχὴν
848 4871 1117 4928 τέθεινται
1139 4873 1251 4928 τῶν
1281 4873 1740 4940 πεπιστευκότων,
1765 4875 1860 4928 καὶ

266 4974 344 5028 τὸ
373 4973 583 5043 κρίνειν
631 4967 843 5037 ἔλαχον,
887 4965 1292 5037 κατανέμοντος
1341 4965 1524 5028 αὐτοῖς
1557 4964 1619 5018 τὸ
1665 4965 1856 5034 χρῆμα

267 5059 542 5133 Χριστοῦ.
575 5059 686 5113 Καὶ
709 5056 839 5125 γοῦν
865 5058 894 5110 6
923 5055 1212 5117 θεσπέσιος
1239 5053 1449 5117 Παῦλός
1477 5069 1610 5122 φησι
1630 5070 1642 5082 ·
1685 5072 1702 5105 ι
1742 5053 1857 5106 Ούκ

264 5155 458 5209 οἶδατε
489 5154 576 5206 ὃτι
607 5147 873 5216 ἀγγέλους
923 5145 1236 5218 κρινοῦμεν,
1275 5145 1474 5216 μήτιγε
1507 5143 1774 5214 βιωτικά;
1832 5161 1850 5196 ι

262 5242 488 5314 Κριτής
521 5241 621 5310 μὲν
651 5234 745 5292 οὖν
766 5231 846 5301 εἷς
881 5238 976 5292 καὶ
1020 5235 1318 5307 νομοθέτης
1347 5234 1487 5289 κατὰ
1510 5232 1608 5298 τὰς
1635 5233 1858 5304 Γραφὰς

257 5337 296 5388 ὁ
331 5329 595 5402 Χριστός.
623 5327 689 5381 Ei
709 5327 766 5382 δὲ
804 5325 1197 5396 πρεσϐεύουσιν
1223 5324 1360 5397 ὑπὲρ
1385 5323 1622 5395 Χριστοῦ
1647 5325 1694 5378 oi
1721 5323 1860 5377 ἁπό-

261 5421 481 5483 στολοι,
504 5419 601 5473 καὶ
622 5421 680 5471 ἐν
698 5417 880 5480 αὐτοῖς
899 5417 1131 5470 τέθειται
1147 5416 1248 5486 τῆς
1271 5416 1616 5487 καταλλαγῆς
1634 5419 1662 5469 6
1679 5415 1857 5484 λόγος,

259 5512 432 5567 οὐδὲν
467 5511 528 5564 τὸ
555 5507 876 5581 παράδοξον,
897 5510 946 5561 εί
972 5509 1064 5562 καὶ
1087 5512 1292 5563 νοοῖντο
1319 5509 1506 5579 κριταὶ
1529 5506 1650 5561 καθ’
1675 5507 1860 5578 ὁμοιό-

1960 4698 2079 4738 sum
2141 4691 2304 4752 atque
2357 4673 2741 4731 admirabilem
2795 4679 3111 4727 sanctorum
3164 4673 3537 4743 apostolorum

1960 4773 2213 4836 chorum,
2240 4770 2333 4840 qui
2377 4769 2433 4824 in
2464 4765 2831 4839 principatum
2874 4761 3117 4818 ﬁdelium
3159 4772 3287 4819 sunt
3329 4769 3535 4823 consti-

1962 4867 2087 4931 tuti,
2110 4874 2166 4921 et
2184 4861 2454 4936 judicium
2475 4856 2779 4919 consecuti,
2804 4855 3079 4911 tribuente
3101 4857 3208 4911 hoc
3228 4856 3360 4925 ipsis
3383 4857 3538 4913 Chri-

1961 4967 2067 5014 sto.
2114 4956 2253 5011 llinc
2287 4958 2344 5006 et
2394 4948 2616 5004 divinus
2659 4946 2863 5001 Paulus
2902 4945 2978 5000 ait
3018 4962 3030 4997 :
3067 4963 3086 4995 ‹
3118 4943 3354 5000 Nescitis
3395 4962 3536 5015 quo-

1962 5051 2112 5104 niam
2141 5045 2365 5116 angelos
2411 5041 2588 5097 simus
2629 5035 2948 5110 judicaturi,
3004 5048 3114 5088 non
3169 5043 3378 5088 tantum
3429 5051 3536 5090 saa-

1962 5139 2172 5197 cularia
2222 5136 2301 5188 °°?
2345 5154 2363 5186 ι
2431 5132 2736 5199 Quocirca,
2785 5128 2915 5183 licet
2959 5140 3101 5179 unus
3136 5123 3305 5196 judex
3355 5134 3413 5180 et
3461 5126 3537 5182 le-

1961 5231 2187 5303 gislator
2204 5227 2295 5293 sit,
2315 5226 2469 5298 juxta
2492 5222 2804 5291 Scripturas
2827 5217 2916 5281 σθ’,
2935 5230 3133 5284 nempe
3161 5213 3432 5282 Christus,
3457 5224 3537 5272 ta-

1966 5337 2090 5378 men
2101 5317 2421 5390 etapostoli,
2435 5314 2526 5386 qui
2540 5329 2640 5386 pro
2649 5310 2867 5368 Christo
2876 5306 3456 5380 fungunturlegationc
3470 5311 3534 5371 ⁶¹,

1964 5424 2020 5470 et
2034 5412 2242 5484 quibus
2269 5407 2594 5464 commissus
2613 5414 2698 5459 est
2729 5399 3185 5456 reconciliationis
3203 5413 3404 5464 sermo,
3425 5414 3534 5454 non

1965 5506 2064 5561 abs
2086 5520 2146 5559 re
2169 5501 2395 5572 intelligi
2420 5497 2632 5569 possint
2655 5504 2713 5551 et
2742 5493 2844 5564 ipsi
2864 5491 3100 5564 iudices,
3132 5491 3432 5547 secundum
3463 5494 3540 5548 si-

344 5648 399 5680 "
421 5645 567 5702 Psal.
599 5658 750 5708 mn,
785 5642 871 5708 l0,
901 5643 988 5697 ll.
1060 5643 1109 5677 "
1127 5643 1284 5700 Cant.
1313 5659 1372 5703 ιι.
1406 5644 1459 5698 5.
1536 5643 1582 5676 ⁸⁸
1607 5642 1748 5698 Psal.
1771 5658 1861 5697 xxx

1966 5640 2018 5694 6.
2096 5638 2300 5693 “Gen.
2327 5653 2469 5708 nix,
2504 5633 2588 5687 15.
2666 5627 3083 5708 '105ee,x,12.
3163 5628 3207 5660 "
3241 5626 3284 5682 ll
3307 5627 3432 5683 Cor.
3458 5645 3536 5695 rx,

282 5718 365 5786 Ὠ,
401 5717 488 5770 ll.
567 5714 613 5747 "
635 5712 774 5770 Gen.
797 5727 938 5778 xux,
976 5714 1063 5779 l6,
1096 5713 1183 5767 l7.

598 5809 871 5870 ΡΑτιιοι..
915 5811 1032 5869 Gn.
1074 5809 1279 5871 LXIX.

1293 5716 1337 5746 °°
1368 5713 1539 5769 lCor.
1574 5726 1645 5778 vt,
1677 5714 1729 5766 3.
1808 5703 2016 5766 ‘V'Jac.
2053 5725 2124 5774 tv,
2162 5711 2246 5764 12.
2279 5711 2322 5741 ⁸⁸
2359 5708 2398 5761 Il
2431 5707 2555 5762 Cor.
2581 5721 2634 5768 ν,
2667 5703 2754 5757 20.

3071 5792 3142 5854 12
