4022 6198
539 366 642 422 8ῧὸ

1529 361 1584 416 S.
1629 362 1900 417 CYBILLI
1941 364 2406 420 ALEXANDBINI
2443 362 2758 419 ABCIIIEP.

3670 366 3772 419 σοι

540 476 904 535 militudinem
918 473 1140 532 Christi.
1154 471 1413 528 Inclamat
1425 481 1607 529 autem
1618 474 1748 530 alibi
1767 475 1927 530 nobis
1943 474 2098 530 etiam

2210 492 2346 546 τητα
2384 475 2477 528 τοῦ
2512 473 2768 548 Χριστοῦ.
2805 472 3143 544 Διακέκραγε
3175 473 3230 527 δέ
3275 491 3376 528 που
3413 475 3505 527 καὶ
3535 477 3562 528 ὁ
3595 451 3773 545 ’μέγας

539 584 770 640 magnus
791 567 978 631 Isaias,
1003 566 1355 621 introducens
1375 574 1431 620 et
1453 581 1679 636 regnum
1705 566 1910 622 Christi
1929 583 2104 639 anguo

539 671 706 724 stum,
720 667 776 714 et
791 667 1100 713 sanctorum
1111 657 1478 726 apostolorum
1492 657 1756 712 illustrem
1771 658 2107 728 pmdicatio.

539 767 663 806 nem
686 766 700 806 :
717 749 881 819 229
901 769 918 799 ‹
944 749 1104 813 Ecce,
1125 748 1395 819 inquiens,
1422 765 1518 803 rex
1543 751 1722 820 justus
1756 751 2022 821 regnabit,
2052 762 2110 807 et

539 841 816 912 principes
838 855 961 894 cum
973 839 1181 910 judicio
1197 848 1473 909 praerunt
1486 841 1570 893 δι’.
1593 840 1756 895 »Νοω
1771 841 1900 896 olim
1918 842 2109 896 Hiero-

539 935 616 989 sol
623 934 760 1004 ymis
771 932 1069 1002 regnabant
1081 932 1302 1002 quidem
1320 933 1396 987 illi
1411 932 1506 1003 qui
1536 943 1769 989 erantex
1784 935 1926 990 tribu
1937 936 1964 990 .I
1971 936 2074 990 uda
2090 953 2104 1002 ;

535 1025 632 1081 sed
647 1025 739 1095 qui
755 1034 942 1089 sancto
961 1025 1311 1079 tabernaculo
1322 1034 1609 1094 praeerant,
1621 1033 1676 1081 et
1718 1027 2108 1082 sacerdotalem

538 1116 854 1187 dignitatem
871 1116 1210 1178 obtinebant,
1223 1114 1458 1169 ordinati
1474 1123 1632 1170 erant
1648 1117 1713 1171 ad
1729 1117 2104 1187 judicandum.

541 1225 564 1258 ε
581 1205 751 1264 Labia
767 1205 913 1261 enim
930 1204 1229 1260 sacerdotis
1241 1205 1556 1260 custodiunt
1564 1206 1852 1275 judicium,
1868 1215 1924 1261 et
1936 1207 2107 1279 legem

536 1296 902 1366 requirentex
919 1310 1012 1350 ore
1030 1295 1150 1365 ejus
1165 1295 1229 1348 ⁶¹.
1255 1295 1578 1365 »Ροειιιιιοιῐι
1601 1305 1784 1351 autem
1816 1298 2007 1352 umbra
2032 1298 2110 1354 le-

537 1389 620 1458 gis
641 1386 1040 1456 quodammodo
1061 1393 1340 1441 contracta
1359 1395 1462 1450 est,
1476 1396 1531 1440 et
1546 1402 1708 1442 verus
1719 1388 1903 1443 cultus
1923 1389 1976 1442 in
2000 1389 2110 1459 spi—

538 1477 644 1530 ritu
673 1475 930 1530 inductus
964 1490 1062 1545 per
1082 1475 1383 1540 Christum,
1413 1476 1804 1532 illustrioribus
1829 1478 2110 1548 judicibus

538 1566 816 1636 indigebat
845 1565 1100 1630 mundus,
1124 1566 1411 1636 vocatique
1431 1575 1562 1621 sunt
1585 1567 1653 1621 ad
1679 1568 1783 1622 hoc
1819 1568 1988 1623 divini
2026 1569 2110 1624 di-

2204 569 2338 637 ήμῐν
2382 567 2634 630 Ἡσαΐας,
2673 566 2773 637 τήν
2815 581 2872 618 τε
2903 564 3066 618 αὑτοῦ
3107 565 3198 618 τοῦ
3229 564 3464 636 Χριστοῦ
3495 565 3771 636 θεοπρεπῆ

2209 657 2505 728 βασιλείαν,
2569 657 2660 711 καὶ
2708 657 2805 726 τὴν
2858 657 3038 709 αὐτῶν
3081 656 3190 708 τῶν
3242 657 3413 721 ἁγίων
3456 657 3767 712 ἀποστόλων

2207 749 2508 818 ἀνάρρησιν
2566 745 2786 818 ἐμφανῆ
2826 746 3120 810 καθιστάςο
3171 765 3188 796 ι
3246 746 3377 800 Ἰδοὺ
3425 747 3489 818 δὴ
3516 747 3770 817 βασιλεὺς

2206 840 2412 904 δίκαιος
2443 839 2786 910 βασιλεύσει,
2817 840 2916 899 καὶ,
2938 839 3198 909 ἄρχοντες
3238 838 3378 908 μετά
3410 840 3642 909 κρίσεως
3673 841 3775 912 ἆρ-

2212 929 2379 996 ξουσι.
2421 950 2440 983 ι
2478 931 2653 985 Πάλαι
2682 930 2780 1000 μὲν
2808 929 2914 1001 γὰρ
2939 929 3252 981 ἐϐασίλευον
3288 929 3384 1000 τῆς
3423 930 3772 1000 Ἰερουσαλὴμ

2205 1025 2256 1078 οί
2278 1027 2341 1077 ἐκ
2370 1023 2466 1094 τῆς
2501 1021 2668 1075 Ἰούδα
2692 1020 2860 1091 φυλῆς
2884 1037 2898 1050 ·
2935 1021 3228 1089 τετάχαντο
3249 1020 3306 1072 δὲ
3331 1020 3466 1091 πρὸς
3490 1021 3550 1074 τὸ
3570 1022 3772 1090 κρίνειν

2207 1117 2255 1170 οἱ
2287 1117 2352 1185 τῇ
2385 1114 2516 1184 ἁγίᾳ
2544 1114 2713 1182 σκηνῇ
2743 1111 3216 1183 προσεδρεύοντες,
3253 1112 3346 1164 καὶ
3373 1112 3463 1164 τὸν
3492 1113 3591 1182 τῆς
3617 1115 3776 1183 ἱερω-

2211 1208 2374 1278 σύνης
2400 1206 2655 1276 λαχόντες
2687 1204 2888 1272 κλῆρον
2915 1220 2929 1235 ·
2980 1223 2998 1255 ι
3044 1204 3213 1273 Χείλη
3241 1203 3349 1275 γὰρ
3378 1203 3568 1273 ίερέως
3606 1202 3775 1272 opum.

2209 1300 2356 1365 ξεται
2384 1299 2581 1370 κρίσιν,
2611 1299 2704 1352 καὶ
2726 1299 2885 1366 νόμον
2907 1296 3292 1366 ἐκζητήσουσιν
3316 1298 3378 1348 ἐκ
3398 1296 3660 1366 στόματος
3678 1297 3775 1350 αύ-

2206 1390 2324 1445 τοῦ.
2363 1409 2381 1443 ι
2431 1389 2651 1458 Ἐπειδὴ
2676 1388 2731 1441 δὲ
2753 1389 2851 1458 τῆς
2871 1388 2928 1440 ἐν
2952 1387 3100 1456 νόμῳ
3123 1388 3278 1449 σκιᾶς
3293 1386 3461 1440 οίονεὶ
3491 1385 3776 1439 συνεσταλο

2211 1476 2398 1547 μένης,
2427 1476 2638 1545 καὶτῆς
2658 1477 2715 1528 ἐν
2746 1474 3018 1544 πνεύματί
3041 1491 3100 1526 τε
3135 1474 3230 1527 καὶ
3254 1473 3486 1543 ἀληθοῦς
3518 1474 3773 1546 λατρείας

2209 1565 2697 1636 είσκεκομισμένης
2728 1565 2816 1619 διὰ
2842 1561 3076 1633 Χριστοῦ
3095 1604 3109 1626 ,
3137 1562 3532 1634 λαμπροτέρων
3559 1563 3664 1616 ἔδει
3695 1563 3776 1632 τῷ

538 1655 755 1725 scipuli,
771 1653 866 1724 qui
883 1653 1137 1724 legalium
1156 1654 1441 1710 doctorum
1466 1656 1645 1710 locum
1668 1657 1934 1712 subirent.
1954 1658 2098 1714 Unde

2210 1658 2400 1728 κόσμῳ
2438 1657 2641 1728 κριτῶν
2673 1697 2688 1722 ,
2737 1656 3109 1727 είσκέκληνται
3146 1657 3280 1727 πρὸς
3323 1654 3478 1708 τοῦτο
3509 1655 3691 1708 λοιπὸν
3722 1657 3772 1708 oi

535 1747 602 1802 ad
625 1747 937 1802 Judaeorum
962 1757 1214 1812 matrem,
1237 1747 1342 1802 hoc
1357 1757 1441 1803 est
1461 1749 1529 1803 ad
1542 1749 1875 1815 ‘Jerusalem,
1899 1751 2098 1806 dictum

2211 1747 2486 1801 θεσπέσιον.
2511 1745 2770 1816 μαθηταὶ,
2789 1747 2883 1800 καὶ
2911 1749 2990 1810 είς
3019 1747 3109 1799 τὸν
3130 1746 3236 1801 τῶν
3269 1747 3409 1811 κατὰ
3442 1747 3604 1816 νόμον
3634 1747 3773 1800 καθα

536 1839 639 1893 fuit
661 1854 692 1892 a
714 1839 825 1892 Deo
845 1853 942 1907 per
963 1853 1151 1892 vocem
1175 1838 1473 1894 Psalmistae
1497 1857 1509 1893 :
1543 1859 1560 1891 ι
1591 1840 1697 1895 Pro
1723 1841 1971 1911 patrihus
1991 1843 2098 1898 nati

2207 1840 2430 1908 ηγητῶν
2459 1840 2793 1910 είσέφρησαν
2815 1839 3036 1909 κλῆρον.
3071 1840 3356 1909 Τοιγάρτοι
3388 1839 3520 1909 πρὸς
3550 1839 3647 1909 μὲν
3673 1837 3776 1908 τὴν

537 1937 664 1983 sunt
698 1928 796 1982 tibi
819 1926 937 1992 ﬁlii,
971 1946 988 1978 ι
1021 1927 1125 1981 hoc
1144 1936 1247 1990 est,
1276 1927 1392 1992 lilii,
1419 1929 1512 1998 qui
1539 1929 1635 1983 tibi
1663 1930 1753 1999 jus
1778 1930 1989 1997 dicunt,
2022 1932 2098 1986 lo-

2219 1933 2484 1986 Ἰουδαίων
2521 1931 2762 2003 μητέρα,
2797 1933 2940 2001 φημὶ
2983 1930 3048 2000 δὴ
3080 1930 3176 2000 τὴν
3223 1929 3599 2000 Ἰερουσαλὴμ,
3654 1928 3776 1982 ἐλέ-

535 2035 662 2074 cum
699 2027 914 2088 patrum
956 2018 1134 2072 sortiti
1176 2025 1324 2072 sunt.
1350 2019 1431 2072 Ad
1462 2019 1749 2074 Dominum
1787 2030 1970 2077 autem
2003 2039 2098 2078 no-

2207 2039 2334 2092 γετο
2366 2021 2516 2094 πα.ρά
2546 2021 2640 2074 τοῦ
2666 2019 2799 2074 Θεοῦ
2832 2019 2919 2073 διὰ
2952 2020 3050 2090 τῆς
3085 2019 3178 2074 τοῦ
3207 2020 3515 2084 Ψάλλοντος
3548 2019 3734 2089 φωνῆς
3756 2035 3771 2050 ⁶

535 2121 708 2167 strum
730 2111 915 2166 Jesum
937 2109 1217 2164 Christum
1245 2109 1324 2164 ait
1346 2126 1359 2162 :
1393 2129 1411 2160 ι
1447 2110 1760 2185 Constitues
1781 2129 1877 2168 eos
1899 2114 2098 2184 princi-

2212 2132 2230 2165 ι
2274 2112 2418 2166 Ἀντὶ
2445 2112 2552 2165 τῶν
2576 2111 2823 2182 πατέρων
2853 2128 2947 2163 σου
2965 2110 3326 2182 ἐγεννήθησαν
3353 2110 3457 2163 υίοί
3485 2127 3599 2168 σου,
3621 2127 3776 2163 »του⁴

536 2217 632 2272 pes
661 2216 827 2270 super
857 2214 1074 2254 omnem
1108 2208 1306 2252 terram
1348 2199 1410 2252 ".
1444 2218 1462 2250 ι
1492 2198 1645 2265 Quod
1685 2211 1867 2256 autem
1904 2204 2008 2258 hoc
2034 2203 2098 2258 sil

2203 2201 2404 2268 τέστιν,
2432 2205 2496 2257 Ol
2535 2204 2619 2257 σοὶ
2643 2201 3073 2274 χρηματίζοντες
3098 2202 3226 2264 υἱοὶ,
3255 2201 3351 2272 τὴν
3380 2201 3488 2254 τῶν
3520 2203 3774 2270 πατέρων

536 2294 839 2364 impletum,
873 2300 930 2346 et
962 2290 1029 2346 ad
1055 2290 1260 2346 exitum
1290 2290 1636 2360 perductum,
1675 2292 1833 2348 facile
1865 2294 1990 2363 quis
2021 2294 2104 2348 vi-

532 2385 693 2442 derit.
720 2384 1000 2453 Principes
1021 2383 1167 2437 enim
1202 2397 1268 2437 ac
1295 2383 1511 2454 judices
1543 2383 1881 2439 universales
1905 2385 2103 2440 habui-

533 2491 655 2530 mus
694 2483 911 2529 sanctos
961 2471 1291 2542 discipulos,
1341 2488 1575 2543 quorum
1617 2474 1867 2530 doctrina
1923 2477 2103 2546 ipsum

529 2566 731 2622 Christi
760 2565 1082 2636 mysterium
1105 2564 1433 2634 explicatum
1457 2563 1844 2635 est.Siquidem
1866 2567 1968 2636 ipsi
1988 2567 2103 2622 dis-

533 2667 855 2730 pensatores
893 2655 1163 2712 salutiferi
1202 2655 1390 2721 verbi,
1431 2665 1488 2710 et
1540 2672 1724 2711 rerum
1771 2657 2104 2728 agendarum

528 2760 808 2816 auctores;
835 2749 1037 2820 quippe
1059 2748 1153 2819 qui
1185 2747 1452 2819 quidquid
1478 2748 1672 2803 inutile
1713 2757 1798 2802 est
1838 2748 2102 2804 discenti-

531 2843 662 2908 bus,
704 2850 960 2911 tanquam
993 2840 1362 2896 adulterinum
1403 2849 1729 2904 secernunt,
1769 2847 1825 2894 et
1862 2839 2104 2895 vicissim

529 2933 676 3008 quod
710 2933 844 2988 utile
870 2941 974 2996 est,
1002 2940 1062 2986 ut
1092 2931 1484 3001 amplectamur
1516 2937 1759 2986 monent.
1795 2930 1908 2984 Dan
1938 2930 2104 3001 igitur

528 3024 624 3089 ait,
655 3023 760 3078 hoc
785 3029 868 3077 est
893 3021 969 3075 illi
993 3020 1090 3090 qui
1139 3028 1281 3076 stato
1308 3029 1553 3090 tempore
1575 3020 1846 3090 eligentur
1869 3019 1935 3072 ad
1953 3019 2102 3090 judi-

528 3114 733 3170 candos
754 3111 984 3184 populos
1005 3120 1060 3166 et
1078 3120 1286 3180 gentes,
1305 3111 1443 3164 adeo
1461 3117 1712 3178 potenter
1732 3109 2098 3178 imperabunt,

527 3213 585 3259 et
616 3219 742 3258 cum
783 3211 934 3256 tanto
972 3200 1263 3270 splendore
1298 3215 1361 3254 ac
1393 3199 1584 3270 gloria,
1625 3205 1827 3268 quanta
1859 3215 1963 3254 una
1997 3200 2098 3254 tri-

531 3295 633 3350 bus
663 3309 731 3348 ex
764 3291 928 3347 Israel
954 3291 1218 3360 regnavit.
1244 3289 1428 3345 Innuit
1461 3299 1643 3344 autem
1677 3289 1922 3356 omnino,
1949 3291 2100 3346 arbi-

529 3390 674 3446 tror,
704 3385 1021 3450 regnantem
1057 3378 1262 3433 tribum
1288 3378 1426 3434 Iuda
1448 3419 1463 3444 ,
1509 3385 1565 3433 et
1604 3393 1715 3433 non
1740 3379 1924 3433 aliam.
1966 3379 2101 3446 Quis

528 3473 675 3529 enim
701 3470 1039 3526 dubitaverit
1076 3471 1210 3540 quin
1234 3469 1311 3524 illi
1335 3470 1430 3539 qui
1479 3470 1641 3526 electi
1666 3481 1794 3526 sunt
1825 3472 2100 3542 principes

528 3562 740 3628 mundi,
766 3561 822 3616 in
852 3561 1086 3616 maximo
1110 3561 1219 3615 sint
1246 3562 1442 3631 pretio,
1465 3568 1631 3631 atque
1649 3577 1864 3616 summo
1889 3563 2098 3620 honore

527 3654 895 3727 prosequendi
913 3670 943 3708 a
958 3652 1162 3709 Christi
1187 3654 1521 3708 cultoribus?
1541 3655 1929 3710 Verumtamen
1951 3656 2098 3726 quod

526 3749 769 3819 ipsorum
793 3746 1082 3818 imperium
1113 3761 1224 3800 non
1248 3746 1320 3801 sit
1342 3745 1586 3814 futurum
1607 3761 1802 3816 expers
1823 3763 2096 3803 aerumna-

526 3856 681 3903 rum,
725 3839 820 3895 sed
861 3839 1006 3909 quod
1056 3838 1245 3892 multis
1291 3837 1892 3910 innumerabilibusque
1941 3839 2097 3894 malis

523 3932 636 3987 sint
659 3930 926 3994 tentandi,
955 3945 1134 4000 neque
1164 3929 1442 3984 inventuri
1473 3929 1581 3984 sint
1605 3930 1939 4000 apostolatus
1964 3945 2094 3985 cur-

523 4036 645 4078 sum
671 4021 969 4076 immunem
991 4037 1054 4076 ac
1079 4021 1317 4076 liberum
1339 4036 1369 4076 a
1389 4021 1670 4092 periculis,
1694 4021 1865 4076 veluti
1889 4021 1945 4075 in
1966 4029 2095 4092 typo

521 4111 938 4176 demonstravit,
960 4111 1183 4166 dicens:
1217 4130 1236 4163 ι
1269 4111 1389 4166 Fiat
1407 4111 1542 4177 Dan,
1575 4129 1593 4163 ι
1620 4111 1724 4166 hoc
1744 4119 1849 4177 est,
1874 4110 2096 4168 futurus

519 4209 606 4258 est
631 4201 745 4256 Dan
762 4200 1006 4272 populus
1036 4215 1388 4271 persequens,
1425 4221 1443 4252 ι
1487 4209 1745 4270 tanquam
1774 4217 2000 4271 serpens
2035 4201 2094 4256 in

522 4292 608 4347 via
659 4306 1042 4356 commorans,
1101 4292 1158 4348 in
1211 4291 1404 4346 semita
1465 4291 1721 4345 mordens
1775 4293 2092 4346 calcancum

519 4383 648 4454 equi
677 4383 744 4449 “,
773 4403 791 4436 ι
810 4382 981 4454 23o
1002 4382 1108 4437 hoc
1128 4390 1230 4447 est,
1270 4381 1442 4438 ardua
1466 4389 1522 4436 et
1545 4381 1946 4453 inexplicabilia
1988 4382 2091 4437 do-

2203 2297 2354 2364 τάξιν
2389 2297 2654 2367 διέλαχον.
2687 2296 2830 2366 Πρὸς
2851 2295 2908 2349 δέ
2933 2312 2995 2364 γε
3021 2294 3111 2348 τὸν
3140 2294 3342 2365 Κύριον
3373 2295 3529 2362 ήμῶν
3565 2293 3775 2361 Ἰησοῦν

2204 2390 2436 2460 Χριστόν
2453 2406 2464 2418 °
2505 2409 2524 2442 ι
2558 2390 2934 2457 Καταστήσεις
2960 2387 3156 2450 αὐτοὺς
3182 2388 3446 2456 ἄρχοντας
3477 2385 3567 2438 ἐπὶ
3591 2385 3776 2437 πᾶσαν

2203 2483 2301 2552 τὴν
2323 2483 2445 2552 γῆν.
2491 2501 2510 2534 ι
2552 2483 2618 2534 Ὃ
2647 2481 2710 2550 δὴ
2744 2480 2836 2533 καὶ
2863 2481 2942 2543 είς
2970 2479 3141 2550 πέρας
3165 2477 3520 2548 ἐνηνεγμένον
3561 2476 3657 2530 ῐδοι
3684 2493 3776 2541 τις

2204 2576 2289 2630 ἄν.
2321 2573 2622 2644 Ἀρχοντας
2651 2571 2760 2642 γὰρ
2787 2571 3148 2641 πεποιήμεθα,
3181 2571 3273 2622 καὶ
3303 2569 3496 2639 κριτὰς
3533 2569 3775 2638 ἐσχήκα-

2208 2683 2306 2737 μεν
2337 2662 2774 2732 οἱκουμενικοὺς,
2823 2661 2946 2723 τοὺς
2988 2660 3175 2728 ἁγίους
3226 2657 3490 2729 μαθητὰς,
3533 2651 3605 2712 ὧν
3647 2661 3777 2720 ταῖς

2205 2756 2502 2826 ὑποθήκαις
2531 2753 2626 2806 καὶ
2655 2753 2786 2806 αὐτὸ
2809 2751 2870 2804 τὸ
2897 2750 3132 2820 Χριστοῦ
3165 2749 3400 2803 λαλεῖται
3433 2751 3736 2819 μυστήριον
3755 2790 3772 2813 ,

2204 2849 2434 2916 ἐπείπερ
2465 2846 2601 2898 εἰσὶν
2632 2843 2786 2897 αὐτοὶ
2807 2842 2900 2896 καὶ
2928 2841 3121 2910 ταμίαι
3155 2839 3247 2893 τοῦ
3277 2838 3539 2903 σώζοντος
3569 2837 3732 2905 λόγου
3754 2878 3769 2898 ,

2205 2938 2296 2991 καὶ
2323 2935 2431 2990 τῶν
2466 2933 2753 3005 πρακτέων
2794 2930 3100 3001 είσηγηταί’
3135 2930 3196 2984 τὸ
3228 2929 3325 2999 μὲν
3355 2930 3476 2981 ὅσον
3515 2928 3630 2980 ἐστὶ
3654 2930 3775 2989 τοῖς

2205 3026 2612 3096 παιδευομένοις
2645 3023 2927 3086 ἀσυντελές
2958 3024 3035 3084 εἰς
3054 3021 3236 3091 ὄνησιν
3259 3019 3334 3083 ὡς
3361 3019 3610 3090 κίϐδηλον
3635 3017 3770 3072 ἀπο·

2205 3116 2480 3186 κρίνοντες
2504 3154 2520 3177 ,
2547 3113 2903 3167 είσποιεῖσθαί
2941 3129 3006 3180 γε
3043 3113 3147 3182 μὴν
3173 3111 3254 3163 ὅτι
3288 3111 3486 3181 πρέποι
3509 3109 3568 3162 τὸ
3584 3125 3770 3185 ρεφυ-

2204 3207 2298 3269 κδς
2333 3205 2562 3274 ὠφελεῖν
2595 3203 3067 3273 συμὸουλεύοντες.
3116 3201 3222 3255 Adv
3251 3202 3427 3254 τοίνυν
3457 3199 3608 3270 φησι,
3642 3215 3767 3252 του-

2199 3297 2404 3359 τέστιν,
2437 3297 2597 3368 οἵπερ
2630 3297 2695 3350 ἂν
2723 3297 2859 3358 ὅλως
2903 3291 3332 3366 προχειρισθεῖεν
3361 3291 3502 3346 κατά
3541 3291 3767 3360 καιροὺς

2201 3388 2297 3441 ἐπὶ
2325 3387 2386 3440 τὸ
2423 3386 2629 3456 κρίνειν
2661 3384 2788 3453 έθνη
2816 3385 2908 3439 καὶ
2939 3384 3098 3447 λαοὺς
3118 3424 3132 3447 ,
3159 3382 3300 3435 οῦτω
3329 3378 3656 3451 κατάρξονσι
3678 3379 3768 3432 δυ·

2199 3477 2375 3540 νατῶς
2392 3476 2484 3528 καὶ
2507 3476 2602 3528 σὺν
2614 3474 2832 3546 εὐκλείᾳ
2859 3473 3046 3543 πολλῇ,
3071 3472 3318 3541 καθάπερ
3339 3472 3528 3540 ἀμέλει
3551 3471 3646 3523 καὶ
3668 3470 3766 3540 μία

2199 3566 2338 3635 φυλὴ
2359 3564 2464 3618 τῶν
2487 3566 2545 3630 ἐξ
2577 3563 2809 3636 Ἰσραήλ.
2827 3565 2962 3633 Φησὶ
2979 3562 3058 3624 δὲ,
3072 3558 3244 3634 οἶμαι,
3269 3560 3364 3632 τὴν
3384 3558 3768 3630 βασιλεύουσαν

2199 3656 2295 3727 τὴν
2320 3656 2486 3710 Ἰούδα
2501 3655 2737 3719 πάντως,
2755 3656 2849 3708 καὶ
2859 3654 2956 3724 οὐχ
2973 3653 3313 3722 ἐτέραν.”οτι
3325 3652 3434 3722 γὰρ
3446 3651 3767 3720 ἐκτετίμην-

2196 3766 2308 3812 ται,
2339 3749 2432 3802 ml
2459 3751 2537 3811 είς
2552 3749 2720 3818 ἄκρον
2736 3747 2930 3816 ἥκουσι
2947 3745 3126 3816 δόξης,
3157 3745 3306 3816 παρά
3324 3761 3388 3812 γε
3413 3745 3528 3806 τοῖς
3543 3743 3638 3796 τοῦ
3660 3742 3771 3796 Σω-

2197 3839 2359 3910 τῆρος
2375 3841 2797 3910 προσκυνηταῖς,
2827 3839 2876 3889 οἱ
2905 3837 3034 3906 παρ’
3061 3835 3224 3889 αὑτοῦ
3257 3833 3770 3906 προκεχειρισμένοι

2193 3930 2294 4000 τῆς
2318 3932 2406 3998 ὑφ’
2422 3929 2898 4000 ήλίῳκαθηγηταὶ,
2915 3927 3030 3989 πῶς
3045 3925 3191 3980 ἐστιν
3214 3925 3600 3996 ἀμφιϐάλλεινς
3621 3923 3772 3996 Πλὴν

2195 4019 2352 4075 ὅτιτὸ
2372 4021 2560 4090 ἄρχειν
2585 4021 2767 4083 αὐτοῖς
2782 4019 2881 4073 οὐκ
2896 4019 3270 4090 ἀταλαίπωρον
3298 4018 3447 4070 ἔσται
3464 4016 3765 4080 παντελῶς,

2194 4109 2416 4182 ἔμελλον
2443 4109 2498 4163 δέ
2527 4109 2736 4164 πολλῶν
2769 4109 2864 4165 καὶ
2899 4109 3285 4180 ἀναριθμήτων
3336 4105 3628 4180 πειρᾶσθαι
3664 4123 3764 4160 xa-

2194 4199 2906 4269 κῶνοπαραποδισθήσονται
2925 4197 2980 4250 δέ
3000 4198 3081 4251 ὅτι
3110 4197 3204 4252 καὶ
3230 4197 3329 4250 οὐκ
3354 4197 3432 4258 είς
3450 4195 3765 4270 ἆπανεύρή-

2195 4307 2346 4344 σουσι
2366 4292 2463 4362 τῆς
2480 4291 2781 4359 ἀποστολῆς
2794 4291 2886 4344 τὸν
2905 4290 3103 4361 δρόμον
3129 4289 3387 4343 κινδύνων
3401 4288 3762 4363 ἀπηλλαγμέ-

3747 4367 3778 4378 «ρ

2191 4399 2302 4448 νον,
2321 4382 2396 4446 ὡς
2419 4384 2475 4435 ἐν
2495 4383 2652 4453 τύπῳ
2679 4381 3118 4452 παραδείγματος
3146 4381 3532 4455 ὑπεμιρήνειεν,
3567 4383 3762 4443 εἰπὼν,

519 4483 701 4544 gmata
736 4487 1069 4545 proponens.
1099 4472 1308 4526 Morsus
1351 4472 1498 4526 enim
1530 4471 1839 4542 viperarum
1866 4473 2096 4528 inevita-

2199 4472 2279 4526 δτι
2313 4492 2331 4524 ι
2372 4471 2662 4542 Γενηθήτω
2683 4473 2807 4526 Adv
2840 4488 2868 4525 τ
2892 4473 3011 4527 ἀντὶ
3055 4473 3169 4540 τοῦ,
3211 4475 3360 4528 ἔσται
3384 4474 3446 4527 τὸ
3477 4475 3582 4529 Adv
3604 4476 3631 4528 ὁ
3654 4473 3763 4526 τῶν

520 4564 660 4619 biles
690 4563 1090 4634 quodammodo
1116 4570 1264 4626 sunt,
1294 4563 1507 4617 etiamsi
1534 4563 1588 4616 in
1616 4563 1794 4634 ipsum
1820 4561 1950 4618 ﬁant
1974 4565 2089 4619 cal-

519 4664 770 4705 caneum.
809 4669 827 4706 ι
855 4649 974 4720 Ipse
997 4651 1164 4715 enim,
1188 4650 1286 4715 ait,
1313 4649 1627 4705 observabit
1649 4659 1811 4723 caput
1835 4661 2012 4718 tuum,
2034 4663 2092 4709 et

519 4751 578 4794 tu
605 4739 922 4795 observabis
946 4742 1258 4797 calcaneum
1286 4741 1432 4797 illius
1454 4742 1521 4797 ".
1554 4762 1572 4794 ι
1598 4742 1678 4796 Ita
1712 4743 1860 4798 enim
1887 4745 2090 4800 sanctis

517 4830 780 4902 apostolis
804 4839 931 4886 sunt
970 4831 1229 4896 insidiati,
1257 4841 1315 4887 ut
1354 4833 1518 4888 etiam
1559 4841 1792 4888 mortem
1826 4849 2089 4905 corpora-

517 4921 624 4976 lem
659 4921 792 4991 ipsis
824 4922 1130 4978 intulerint.
1156 4921 1310 4979 Unde
1350 4925 1457 4980 tale
1493 4924 1626 4995 quid
1665 4939 1761 4979 eos
1802 4940 2093 4994 perpessos

514 5025 635 5066 esse
658 5009 912 5076 dicimus,
939 5012 1245 5083 cujusmodi
1270 5021 1550 5083 pateretur
1580 5027 1770 5083 eques,
1795 5012 1839 5066 si
1875 5013 2092 5068 labente

514 5117 660 5171 equo
690 5099 886 5157 solutis
921 5103 1322 5172 posterioribus
1351 5103 1610 5172 pedibus,
1653 5102 1894 5158 insessor
1935 5103 2088 5172 supi-

521 5207 624 5245 nus
656 5193 710 5244 in
744 5202 941 5246 terram
973 5193 1239 5263 procidat,
1267 5200 1588 5262 exspectans
1619 5195 1712 5263 qui
1752 5209 1910 5263 opem
1950 5193 2090 5248 ferat

515 5295 581 5334 ac
603 5281 792 5336 salvet.
821 5283 1149 5354 Exspectant
1188 5295 1372 5338 autem
1411 5283 1576 5336 etiam
1617 5283 1789 5337 divini
1829 5284 2086 5353 discipuli

514 5379 881 5441 opportunum
906 5389 1017 5428 suae
1048 5375 1232 5445 gloria:
1263 5383 1318 5428 et
1355 5373 1546 5427 salutis
1574 5383 1810 5444 tempus,
1844 5389 1952 5444 quo
1983 5389 2081 5428 vo-

513 5462 782 5519 cabuntur
817 5466 869 5520 in
913 5481 1135 5537 regnum
1174 5467 1555 5520 inconcussum
1593 5473 1754 5534 atque
1796 5467 2083 5535 sempiter-

515 5567 667 5622 num,
699 5558 1031 5614 acclamante
1071 5559 1154 5614 eis
1186 5557 1404 5637 Christo
1447 5575 1460 5610 :
1503 5576 1519 5608 ι
1551 5556 1761 5624 Venite,
1809 5557 2081 5613 benedicti

2191 4563 2496 4616 διωκόντων
2524 4563 2714 4634 δῆμος,
2757 4584 2775 4616 ι
2810 4564 2886 4628 ὡς
2927 4564 3052 4634 ὄφις
3112 4565 3170 4619 ἐν
3195 4564 3299 4636 ὀδῷ
3327 4564 3631 4635 καθήμενος
3669 4565 3764 4618 ἐπὶ

2190 4653 2377 4725 τρίϐου
2401 4652 2610 4708 δάκνων
2640 4655 2874 4728 πτέρναν
2901 4656 3091 4720 ἵππου,
3133 4675 3151 4707 ι
3179 4657 3459 4721 τουτέστι,
3493 4655 3641 4708 δεινά
3667 4656 3763 4709 καὶ

2191 4744 2406 4813 ἄφυκτα
2419 4744 2663 4816 δόγματα
2685 4747 2874 4810 διδούς.
2891 4747 3178 4818 Τοιγάρτοι
3197 4746 3304 4799 τῶν
3325 4748 3491 4818 ἔχεων
3505 4747 3761 4818 δήγματα

2191 4835 2559 4906 δυσδιάφυκτά
2579 4837 2694 4902 πώς
2715 4837 2871 4901 εἰσιν,
2902 4840 2950 4891 εί
2975 4839 3066 4892 καὶ
3097 4839 3176 4902 είς
3198 4839 3366 4908 αὐτὴν
3395 4839 3633 4906 γένοιντο
3660 4839 3761 4907 τὴν

2192 4925 2451 4995 πτέρναν.
2494 4942 2514 4976 ι
2553 4927 2724 4989 Αὐτὸς
2750 4927 2857 4997 γάρ
2886 4942 3000 4987 σου,
3034 4927 3166 4997 φησὶ
3192 4967 3208 4992 ,
3237 4929 3466 4998 τηρήσει
3493 4928 3760 4998 κεφαλὴν,

2190 5017 2286 5070 καὶ
2313 5017 2379 5070 σὺ
2411 5018 2672 5088 τηρήσεις
2695 5016 2861 5070 αὐτοῦ
2898 5019 3183 5088 πτέρναν.»
3231 5017 3664 5071 Ἐπεϐούλευσαν
3703 5018 3763 5070 δέ

2187 5107 2331 5160 οὕτω
2372 5107 2518 5170 τινὲς
2562 5110 2675 5170 τοῖς
2710 5109 2882 5176 ἁγίοις
2920 5109 3274 5173 ἀποστόλοις,
3320 5109 3395 5172 ὼς
3447 5109 3540 5162 καὶ
3593 5108 3762 5161 αὐτὸν

2187 5198 2484 5266 ἐπαγαγεῖν
2499 5197 2590 5250 τὸν
2610 5199 2709 5268 τῆς
2729 5199 2928 5268 σαρκὸς
2950 5199 3195 5253 θάνατον.
3221 5200 3329 5253 Καὶ
3353 5200 3414 5269 δή
3441 5215 3494 5251 τι
3517 5199 3763 5252 τοιοῦτον

2189 5286 2488 5355 ὑποστῆναί
2519 5303 2699 5357 φαμεν
2726 5288 2940 5352 αὐτοὺς,
2978 5290 3161 5342 ὁποῖον
3203 5289 3269 5344 ἂν
3305 5291 3450 5360 πάθη
3484 5291 3646 5360 τυχὸν
3673 5293 3763 5342 ἱπ-

2190 5377 2345 5440 πεὺς,
2380 5377 2707 5441 ὁκλάσαντος
2745 5378 2945 5445 ῐππου,
2979 5382 3072 5432 καὶ
3101 5381 3292 5434 ἀνόπιν
3331 5380 3518 5454 ὥσπερ
3558 5384 3760 5453 ύφιζη-

2190 5467 2365 5531 κότος.
2407 5467 2863 5540 ’Υπτιασθήσεται
2891 5471 2996 5541 γὰρ
3025 5473 3052 5524 ὁ
3075 5471 3362 5542 ἐπιϐάτης,
3397 5474 3491 5525 καὶ
3521 5475 3602 5538 είς
3628 5473 3755 5545 γῆν,

2189 5554 2362 5630 οἶμαι,
2435 5559 2638 5628 πεσὼν,
2667 5564 2949 5634 περιμενεῖ
2972 5562 3064 5618 τὸν
3101 5562 3362 5628 σώζοντα.
3393 5565 3756 5638 Περιμενοῦσι

590 5735 775 5791 “‘lsa.
805 5752 966 5805 χχχιι,
1015 5736 1101 5793 22.
1179 5739 1222 5771 ⁴²
1253 5737 1480 5795 Malach.
1527 5756 1586 5806 ιι,
1615 5741 1666 5794 7.
1743 5741 1788 5773 ⁸³
1823 5739 1965 5796 Psal.
2023 5754 2098 5794 XLI

2205 5739 2289 5796 l7.
2347 5743 2418 5824 εδ
2437 5741 2572 5798 Gen.
2610 5758 2751 5810 χιιι,
2783 5743 2869 5798 17.
2946 5743 2989 5777 ⁸⁸
3013 5743 3147 5801 Gen.
3182 5761 3260 5812 nt,
3291 5747 3373 5802 15.
