4032 6198
358 286 463 344 868

1312 291 1828 347 σιΑΡιιιιιοιιυιι
1870 295 1935 349 1N
1975 295 2274 351 GENESIR
2314 299 2442 355 LIB.
2487 299 2595 357 VII.

3493 307 3602 364 366

358 396 415 453 δὲ
434 400 482 453 oi
516 399 798 454 θεσπέσιοι
826 401 1065 473 μαθηταὶ
1094 405 1184 457 τὸν
1212 406 1310 477 τῆς
1331 407 1540 461 ἑαυτῶν
1568 408 1727 479 δόξης
1749 426 1807 462 τε
1837 410 1926 464 καὶ

2034 410 2210 468 Patris
2232 414 2361 479 mei,
2391 416 2667 484 possidete
2697 434 2929 491 regnum
2954 420 3111 478 vobis
3132 437 3164 478 a
3186 422 3374 478 mundi
3402 428 3605 482 consti-

360 492 632 562 σωτηρίας
646 494 858 561 καιρὸν,
881 494 1001 548 καθ’
1016 495 1075 548 δν
1090 497 1531 569 είσκεκλήσονται
1553 502 1633 565 είς
1658 501 1931 571 βασιλείαν

357 584 658 655 ἀκλόνητον
707 586 802 639 καὶ
850 584 1092 653 αἰώνιον,
1146 589 1546 657 ἐπιφωνοῦντος
1606 594 1791 657 αὐτοῖς
1837 593 1931 647 τοῦ

356 674 595 746 Χριστοῦ
620 691 635 707 ·
672 694 691 727 ι
729 676 927 741 Δεῦτε,
967 678 1014 731 οί
1043 679 1398 750 εὐλογημένοι
1421 681 1514 737 τοῦ
1551 684 1765 755 Πατρός
1802 701 1927 755 μου,

357 766 802 838 κληρονομήσατε
828 768 926 840 τὴν
956 771 1359 843 ἡτοιμασμένην
1382 774 1508 844 ὑμῖν
1530 773 1806 844 βασιλείαν
1826 776 1934 829 ἀπὸ

354 860 662 929 καταϐολῆς
685 861 780 915 τοῦ
801 861 1027 932 κόσμου.
1064 882 1083 915 ι
1118 863 1440 918 Τετελέκασι
1470 864 1578 935 γὰρ
1598 866 1687 919 τὸν
1711 865 1928 937 δρόμον,

350 954 686 1024 τετηρήκασι
716 954 772 1007 δὲ
801 954 897 1009 καὶ
931 954 1031 1026 τὴν
1058 956 1257 1010 πίστιν.
1305 955 1512 1009 Οὐκοῦν
1552 956 1642 1010 τὸν
1680 958 1931 1028 ἀμάραν-

348 1059 441 1095 τον
492 1043 595 1113 τῆς
640 1044 798 1113 δόξης
851 1045 1278 1117 ἀποκομιοῦνται
1324 1046 1604 1116 στέφανον.
1658 1048 1720 1101 Ei
1766 1048 1822 1100 δὲ
1866 1047 1930 1118 δὴ

349 1132 595 1202 βούλοιτό
630 1152 718 1196 τις
761 1136 883 1205 οὐχὶ
928 1135 1008 1207 τῷ
1044 1137 1151 1191 Δάν
1193 1136 1412 1190 ἔσεσθαί
1455 1155 1607 1201 τινας
1654 1138 1731 1201 ὡς
1778 1138 1930 1207 ὄφεις

348 1221 764 1291 ἐγκαθημένους
794 1224 919 1295 όδῷ,
952 1224 1066 1278 ἀλλ’
1090 1224 1252 1278 αὐτὸν
1276 1225 1481 1296 ἑτέροις
1518 1226 1930 1279 ἐπιϐουλεύσειν

348 1311 441 1363 τὸν
468 1312 603 1363 Δάν·
638 1313 816 1365 ἐκεῖνο
841 1312 1091 1384 ἐροῦμεν,
1120 1314 1201 1367 ὅτι
1233 1314 1295 1367 τὸ
1335 1315 1542 1385 κρίνειν
1574 1331 1629 1369 τε
1668 1315 1762 1369 καὶ
1793 1317 1929 1369 καθ-

346 1403 600 1473 ηγεῖσθαι
636 1404 781 1457 λαῶν
822 1405 1036 1476 ἔχοντες
1071 1407 1120 1460 οἱ
1161 1406 1199 1459 Γ
1205 1410 1509 1480 ραμματεῖς
1544 1424 1603 1461 τε
1630 1408 1725 1461 καὶ
1763 1410 1929 1480 Φαρια-

346 1497 506 1553 σαῖοι.
538 1497 881 1567 πικροτάτων
901 1496 1073 1568 ἔχεων
1092 1499 1393 1568 ἐπεφύοντο
1414 1498 1570 1569 δίκην
1585 1499 1662 1569 τῷ
1683 1498 1923 1571 Χριστῷ,

344 1586 440 1640 καὶ
478 1588 643 1641 οἱονεί
666 1606 781 1652 πως
814 1590 987 1644 ἱππέα
1016 1590 1105 1645 διὰ
1128 1590 1291 1662 ψιλῆς
1316 1608 1376 1644 τε
1397 1592 1490 1645 καὶ
1523 1592 1671 1655 λείας
1697 1592 1925 1664 ᾄττοντα

342 1677 558 1748 τρίϐου,
609 1677 854 1749 δήγμασι
885 1680 1331 1751 παρακόπτοντες
1366 1682 1594 1746 ἀνοσίως
1618 1683 1921 1752 ἡλίσκοντο.

354 1769 495 1823 Ἀλλ’
526 1770 577 1823 εί
607 1772 701 1824 καὶ
732 1771 1023 1826 πᾶπτωκεν
1060 1774 1088 1826 6
1124 1774 1352 1838 ἱππεὺς,
1382 1775 1664 1846 ἐθελοντὴς
1688 1775 1923 1840 ἀνατλὰς
1956 1769 1993 1823 Β

341 1861 433 1915 τὸν
460 1862 562 1931 τῆς
592 1864 793 1934 σαρκὸς
821 1866 1076 1919 θάνατον·
1106 1865 1222 1919 ἀλλ’
1259 1862 1353 1920 οῦν
1399 1868 1495 1919 καὶ
1521 1866 1885 1921 ἀνασιώσεται
1905 1907 1922 1934 ,

343 1954 693 2026 συλλήπτορα
721 1956 814 2008 καὶ
859 1957 1147 2025 ἐπαρωγὸν
1182 1956 1505 2027 ποιούμενος
1545 1958 1637 2011 τὸν
1669 1958 1921 2031 Πατέρα.

340 2043 585 2115 Δύναμις
619 2045 729 2115 γὰρ
767 2045 843 2100 ὣν
871 2048 962 2101 τοῦ
1010 2048 1147 2102 Θεοῦ
1182 2048 1277 2103 καὶ
1322 2048 1557 2119 Πατρὺς,
1597 2052 1625 2102 6
1658 2050 1805 2116 Υίὸς,
1834 2052 1925 2106 τὸν

341 2139 473 2192 ἴδιον
500 2140 665 2204 αὐτὸς
694 2139 1026 2213 ὲξωοποίησε
1071 2142 1217 2196 ναόν.
1250 2142 1517 2214 Ταύτῃτοι
1552 2142 1820 2197 σεσῶσθαι
1842 2144 1929 2198 λέ-

336 2246 496 2297 γεται
526 2231 680 2302 παρὰ
708 2231 802 2285 τοῦ
829 2233 1038 2303 Πατρὸς
1072 2232 1495 2295 κεκινδυνευκὼς
1517 2234 1593 2296 ὠς
1613 2234 1921 2306 ἄνθρωπος,

340 2322 523 2376 καίτοι
554 2324 697 2377 κατὰ
726 2322 888 2394 φύσιν
911 2326 1172 2398 ὑπάρχων
1191 2326 1347 2393 Θεὸς,
1373 2327 1469 2379 καλ⁵
1496 2325 1625 2398 ὅλην
1651 2327 1811 2389 αὐτὸς
1842 2330 1922 2392 είς

2036 505 2246 561 tutione
2265 518 2513 577 paratum
2534 510 2598 564 “.
2614 510 3106 571 iConsummarunt
3121 516 3267 571 enim
3284 531 3526 581 cursum,
3549 529 3606 573 et

1984 664 1997 671 _
2034 593 2196 649 ﬁdem
2236 610 2558 666 servarunt,
2612 602 2845 674 ideoque
2888 620 3147 661 coronam
3190 606 3376 677 gloriae
3420 622 3609 677 repor-

2033 686 2228 743 tabunt
2260 689 2771 749 immarcescibilem
2798 696 2883 750 ⁴⁶’.
2926 698 3119 763 Ροιτο,
3140 698 3187 753 si
3222 698 3346 769 quis
3367 707 3608 754 statuere

2032 778 2165 834 velit
2190 795 2300 835 non
2338 781 2553 839 futuros
2574 801 2695 841 esse
2730 788 2848 843 Dan
2875 789 3016 845 ullos
3042 799 3300 861 tanquam
3324 799 3609 863 serpentes

2033 869 2335 928 insidentes
2372 875 2494 940 viae,
2521 876 2617 931 sed
2658 878 2835 949 ipsum
2873 880 2988 936 Dan
3022 882 3144 937 aliis
3185 882 3605 947 insidiaturum,

2032 969 2149 1016 tum
2179 963 2313 1018 illud
2350 966 2608 1033 dicimus,
2656 971 2803 1040 quod
2848 971 3054 1029 Scriba:
3090 983 3147 1029 et
3169 974 3427 1029 Pbarismi
3454 974 3606 1046 judio

2030 1052 2178 1107 cium
2218 1055 2428 1124 pariter
2466 1066 2524 1113 et
2554 1059 2921 1131 principatum
2963 1063 3296 1129 obtinentes,
3326 1065 3498 1121 instar
3523 1077 3605 1123 te-

2030 1145 2380 1202 terrimarum
2418 1149 2733 1220 viperarum
2780 1153 3046 1209 irruerint
3086 1156 3142 1210 in
3188 1155 3499 1223 Christum,
3543 1173 3606 1213 ac

2031 1236 2189 1306 quasi
2208 1238 2450 1306 equitem
2476 1255 2575 1309 per
2600 1254 2887 1313 angustam
2908 1245 3263 1316 glabfamque
3286 1247 3427 1302 viam
3449 1248 3604 1304 festi-

2033 1336 2257 1381 nantem
2297 1330 2574 1386 morsibus
2594 1331 2834 1400 inﬁictis,
2860 1336 3027 1406 impie
3051 1338 3315 1407 ceperint.
3333 1337 3605 1396 Caeterum

2027 1417 2239 1471 etiamsi
2268 1434 2435 1488 eques
2467 1422 2748 1489 ceciderit,
2777 1426 2967 1481 volens
3000 1436 3231 1483 mortem
3262 1430 3442 1485 carnis
3474 1445 3603 1502 per-

2028 1523 2239 1577 pessus,
2275 1517 2455 1565 tamen
2496 1512 2697 1567 iterum
2736 1516 3047 1583 reviviscet,
3079 1519 3480 1576 constituturus
3501 1523 3603 1578 Pa-

2027 1610 2165 1655 trem
2190 1600 2496 1672 adjutorem
2535 1611 2698 1673 atque
2724 1607 3130 1677 opitulatorem.
3155 1610 3290 1665 Nam
3326 1627 3449 1668 eum
3488 1614 3603 1685 ipsa

2027 1689 2097 1744 sit
2126 1691 2223 1745 Dei
2248 1706 2309 1746 ac
2334 1692 2513 1747 Patris
2545 1696 2810 1763 potentia,
2840 1712 2999 1752 suum
3031 1698 3203 1769 ipsius
3226 1703 3487 1773 templum
3518 1706 3603 1759 vi-

2023 1781 2280 1836 viﬁcavit.
2323 1781 2559 1853 ideoque
2598 1792 2655 1838 et
2681 1787 2923 1843 salvatus
2957 1789 3162 1845 dicitur
3186 1806 3217 1846 a
3240 1792 3423 1859 Patre,
3453 1794 3603 1864 peri—

2023 1873 2162 1928 culis
2206 1880 2267 1928 ut
2307 1873 2472 1929 homo
2512 1875 2812 1947 subjectus,
2840 1895 3151 1952 quanquam
3180 1894 3373 1954 suapte
3406 1893 3603 1943 natura

2024 1964 2096 2019 sit
2115 1965 2279 2030 Dens,
2308 1973 2588 2037 totamque
2610 1968 2886 2025 visibilem
2909 1980 3071 2042 atque
3101 1975 3430 2032 invisibilem
3454 1993 3606 2033 crea-

2026 2065 2205 2113 turam
2231 2059 2287 2113 in
2319 2074 2421 2113 suo
2470 2068 2615 2114 statu
2651 2062 2959 2119 continens.
2989 2064 3103 2120 Hoc
3126 2068 3290 2122 modo
3317 2069 3602 2125 intellexe—

2025 2148 2103 2202 ris
2136 2147 2283 2217 quod
2322 2147 2482 2203 divus
2524 2147 2727 2203 Paulus
2770 2150 2902 2205 alibi
2949 2152 3018 2208 de
3055 2168 3123 2209 eo
3162 2156 3393 2212 scribit:
3423 2176 3442 2210 ι
3487 2158 3603 2215 Etsi

2030 2238 2177 2292 enim
2211 2238 2508 2293 cruciﬁxus
2539 2245 2625 2293 est
2659 2252 2727 2292 ex
2755 2237 3094 2308 inﬁrmitate,
3140 2242 3279 2300 vivit
3318 2251 3500 2302 tamen
3535 2260 3606 2302 ex

2028 2329 2271 2399 potentia
2297 2330 2393 2385 Dei
2424 2330 2487 2384 "’.
2520 2348 2540 2382 ι
2626 2358 2629 2361 λ

340 2418 401 2470 τὸ
430 2414 492 2471 εὖ
525 2414 672 2472 εἶναι
706 2420 942 2490 συνέχων
970 2422 1172 2491 όρατήν
1204 2438 1263 2474 τε
1318 2421 1414 2475 καὶ
1449 2420 1683 2493 ἀόρατον
1724 2421 1923 2477 κτίσιν.
1961 2421 2117 2477 Οῦτω
2142 2439 2244 2477 που
2269 2425 2471 2488 συνιεὶς
2496 2427 2590 2479 καὶ
2611 2429 2639 2481 6
2668 2424 2952 2495 θεσπέσιος
2973 2425 3205 2496 Παῦλος,
3246 2431 3377 2503 περὶ
3433 2426 3605 2485 αὐτοῦ

339 2527 500 2583 ρησι·
533 2530 555 2563 ε
580 2512 690 2566 Καὶ
722 2510 831 2582 γάρ
868 2512 917 2564 ει
946 2510 1262 2584 ἐσταυρώθη
1282 2512 1340 2579 ἐξ
1368 2511 1668 2577 ἀσθενείας,
1695 2512 1832 2567 ἀλλὰ
1861 2513 1928 2584 ζῇ
1968 2515 2030 2567 ἐκ
2055 2514 2337 2585 δυνάμεως
2360 2514 2516 2571 θεοῦ.
2556 2535 2575 2568 ι

919 2628 1062 2697 Περί
1094 2628 1200 2683 τοῦ
1229 2632 1258 2683 ι
1264 2628 1374 2683 ’άδ.

428 2760 448 2793 ι
478 2742 590 2795 Γὰδ
615 2740 973 2812 πειρατήριον
992 2738 1336 2812 πειρατεύσει
1361 2739 1711 2805 αύτόνοαύτδς
1735 2741 1791 2795 δὲ
1812 2758 1927 2795 πει-

343 2835 602 2907 ρατεύσει
626 2831 792 2890 αὑτὸν
813 2834 954 2887 κατά
982 2832 1203 2897 πόδας.»
1222 2834 1567 2905 Ἠρμήνευσε
1598 2832 1761 2888 πάλιν
1793 2834 1853 2887 τὸ
1875 2834 1928 2886 τί

341 2928 408 2981 ἂν
435 2926 687 2996 βούλοιτο
711 2922 906 2996 δηλοῦν
936 2926 963 2979 6
985 2923 1092 2979 Γάδ
1116 2924 1478 2995 ’πειρασμὸς
1503 2923 1633 2997 γὰρ,
1663 2926 1695 2997 ἢ
1727 2941 1926 2995 πειρα-

2688 2631 2768 2689 De
2798 2633 2933 2693 God.

2108 2763 2124 2793 ι
2163 2741 2278 2798 Gad
2315 2744 2545 2800 tentatio
2570 2746 2805 2802 tentabit
2839 2763 2986 2804 eum.
3016 2747 3138 2819 ipse
3158 2756 3343 2804 autem
3369 2747 3603 2804 tentabit

2026 2847 2153 2887 cum
2174 2835 2327 2905 juxta
2357 2835 2526 2904 pedes
2558 2834 2624 2889 ".
2657 2855 2674 2887 ι
2702 2837 2909 2894 lterum
2935 2839 3331 2911 interpretatus
3346 2848 3434 2896 est
3472 2840 3606 2910 quid

2027 2924 2134 2979 sibi
2161 2924 2295 2980 velit
2316 2926 2474 2998 231
2511 2941 2714 2983 nomen
2751 2928 2903 2997 Gad;
2938 2928 3210 3001 signiﬁcat
3243 2930 3393 2987 enim
3430 2938 3606 2986 tenta-

340 3019 574 3088 εήριον.
621 3018 829 3089 Πρέποι
862 3016 905 3069 δ’
935 3012 1324 3087 ἆν,οἷμαι,κα“ι
1352 3015 1441 3069 διὰ
1468 3017 1656 3071 τούτου
1693 3015 1926 3072 νοεῖσθαι

2033 3015 2248 3072 tionem.
2276 3017 2397 3074 Non
2426 3028 2610 3074 autem
2651 3020 2760 3075 erit
2795 3020 3084 3087 absonum,
3138 3030 3200 3078 ut
3246 3021 3507 3087 arbitror,
3558 3023 3607 3078 si

338 3112 434 3165 τὸν
456 3110 726 3180 θεοστυγῆ
741 3126 801 3162 τε
824 3107 921 3161 καὶ
940 3106 1178 3171 ἀλαζόνα
1206 3106 1314 3160 τῶν
1340 3107 1717 3178 Γραμματέων
1745 3124 1806 3161 τε
1828 3109 1923 3162 καὶ

335 3203 661 3274 σαρισαίων
701 3200 891 3271 ὲσμόνο
940 3198 990 3251 οἶ
1035 3198 1098 3254 τὸ
1140 3198 1281 3253 θετόν
1326 3215 1385 3252 τε
1431 3200 1526 3251 καὶ
1571 3199 1924 3268 εύαγγελικδν

338 3294 768 3366 παρωθούμενοι
792 3292 1074 3363 κήρυγμα,
1110 3290 1205 3344 καὶ
1233 3288 1341 3343 τῶν
1379 3291 1692 3358 ἀναγκαίων
1721 3290 1923 3362 τιμῶν-

336 3404 431 3453 τες
464 3388 549 3449 είς
589 3387 778 3456 δνησιν
827 3384 977 3438 οὐδὲν
998 3423 1014 3446 ,
1042 3383 1343 3456 ἐπέδρυχον
1384 3384 1511 3445 τοὺς
1544 3379 1757 3448 ὀδόντας
1789 3385 1921 3457 Χρι-

339 3479 477 3551 στῷ,
505 3477 816 3531 διδάσκοντι
851 3478 949 3548 μὲν
973 3475 1042 3530 τὰ
1072 3475 1213 3547 ὑπὲρ
1245 3475 1403 3529 σκιὰν
1439 3475 1533 3529 καὶ
1556 3474 1736 3546 νόμον,
1774 3476 1925 3530 εὐδο-

338 3570 599 3643 κιμοῦντι
628 3568 685 3623 δὲ
717 3569 837 3622 λίαν
866 3569 962 3622 καὶ
988 3567 1458 3638 τεθαυμασμένῳ.
1491 3566 1923 3639 καταπλήττοντί

336 3679 397 3718 τε
442 3661 603 3714 ούδδν
639 3655 805 3732 ἦττον
848 3660 975 3723 τοὺς
1018 3659 1127 3713 ἀνά
1168 3659 1350 3711 πᾶσαν
1411 3656 1511 3727 τὴν
1553 3655 1814 3712 Ἰουδαίαν
1852 3656 1920 3729 τῇ

337 3752 455 3809 τῶν
494 3749 1087 3824 τετερατουργημένων
1136 3746 1449 3818 ὑπερδολῇ,
1488 3746 1584 3800 καὶ
1642 3750 1761 3811 ταῖς
1809 3749 1922 3801 είσο

342 3846 590 3919 ηγήσεσι.
638 3845 761 3906 ταῖς
802 3843 885 3905 εις
916 3841 1029 3894 πᾶν
1052 3839 1235 3894 ὁτιοῦν
1276 3840 1387 3893 τῶν
1417 3839 1759 3910 ἀρεσκόντων
1805 3838 1926 3909 Θεῷ

342 3934 765 4006 συνεισφέροντι
794 3933 864 3986 τὰ
897 3931 1195 4003 παράδοξα.
1228 3930 1339 3985 Καὶ
1366 3929 1497 3998 γοῦν
1517 3932 1630 3997 ὅτε,
1655 3930 1799 3985 κατά
1824 3932 1924 4002 τὴν

337 4027 440 4083 τοῦ
469 4026 763 4097 προφήτου
786 4020 1096 4093 φωνὴνπὴν
1123 4020 1394 4092 Βηθανίαν
1412 4018 1924 4091 ἀφεὶς,είσέφρησεν

339 4120 424 4182 εις
467 4115 843 4189 Ἱεροσόλυμα,
883 4113 1045 4176 αὐτὸς
1071 4111 1250 4185 πραῢς
1291 4110 1641 4184 ιπιδεῦηκὼς
1669 4113 1762 4167 επὶ
1788 4112 1925 4168 ὕπο-

342 4209 541 4277 ζύγιον
572 4206 670 4260 καὶ
701 4203 883 4257 πῶλον
911 4202 1061 4269 νέον,
1102 4201 1152 4255 oi
1183 4200 1283 4272 μεν
1311 4200 1713 4274 προηγούμενοι
1742 4200 1926 4266 παῖδες

338 4297 729 4369 εὐφημοῦντες
766 4295 1025 4365 εφασκον·
1058 4311 1078 4346 ι
1099 4291 1329 4349 Ὡσαννά
1355 4293 1434 4363 τῷ
1468 4291 1569 4363 υἱῷ
1600 4291 1783 4348 Δαδίδ.
1814 4291 1921 4346 Eo-

2025 3124 2125 3180 per
2155 3108 2304 3165 hunc
2339 3108 2709 3183 intelligamus
2747 3113 2859 3168 Deo
2893 3113 3181 3170 adversam
3213 3120 3271 3169 et
3310 3113 3606 3184 superbam

2027 3199 2347 3255 Scribarum
2393 3209 2557 3272 atque
2607 3202 3008 3261 Pharisaaorum
3060 3204 3303 3275 turbam,
3343 3204 3439 3274 qui
3479 3219 3605 3259 cum

2025 3290 2272 3346 divinum
2306 3302 2471 3363 atque
2512 3294 2888 3366 evangelicum
2926 3295 3258 3367 praeconium
3284 3293 3394 3351 sint
3418 3310 3607 3373 asper-

2025 3384 2161 3449 nati,
2203 3398 2381 3455 neque
2420 3382 2719 3457 quidquam
2754 3404 2946 3443 eorum
2976 3403 3098 3458 qua:
3136 3395 3264 3444 sunt
3292 3387 3607 3443 necessaria

2025 3474 2093 3530 ad
2143 3476 2377 3531 salutem
2420 3475 2717 3547 coluerint,
2765 3478 3072 3536 fremebant
3115 3479 3374 3535 dentibus
3417 3488 3611 3535 contra

2024 3565 2325 3633 Christum,
2352 3567 2640 3624 docentem
2669 3585 2791 3640 quae
2821 3570 3211 3626 excellentium
3240 3577 3398 3625 erant
3419 3569 3610 3642 ﬁguris

2024 3658 2183 3729 legis,
2226 3674 2603 3732 summamque
2633 3658 2704 3717 ob
2737 3662 2955 3733 egregia
2979 3663 3122 3717 facta
3157 3661 3376 3717 laudem
3411 3661 3607 3718 existi-

2026 3754 2433 3823 mationemque
2472 3763 2849 3819 consecutum,
2905 3762 2961 3809 et
3001 3753 3377 3824 prodigiorum
3422 3753 3607 3809 excel-

2023 3841 2195 3897 lentia
2268 3853 2440 3898 totam
2516 3842 2759 3899 Judaeam
2806 3841 3388 3914 perterrefacientem,
3436 3848 3605 3911 atque

2024 3949 2135 3988 una
2160 3933 2425 3989 doctrinae
2445 3946 2636 3987 eorum
2665 3949 2787 4003 qua:
2813 3934 2926 3988 Deo
2954 3932 3010 3987 in
3034 3931 3227 4003 primis
3248 3931 3485 4003 placent.
3516 3931 3609 3986 ἰιι-

2024 4023 2212 4079 audita
2257 4022 2523 4077 miracula
2561 4021 2931 4093 adjicientem.
2974 4020 3131 4078 Unde
3168 4020 3410 4092 quando,
3449 4021 3603 4093 juxta

2024 4128 2215 4168 vocem
2245 4112 2527 4185 prophetae
2556 4113 2624 4179 ",
2664 4111 2857 4167 relicta
2893 4112 3179 4179 Bethania,
3212 4113 3493 4185 ingressus
3519 4121 3606 4169 est

2025 4204 2452 4275 Hierosolymam
2474 4212 2795 4260 mansuetus
2813 4218 3111 4260 conscensa
3131 4205 3283 4259 asina
3305 4203 3605 4276 subjugali,

2027 4303 2085 4352 et
2127 4297 2282 4368 pullo
2331 4296 2471 4366 ejus,
2503 4294 2661 4365 pueri
2688 4294 2914 4365 quidem
2950 4301 3263 4366 praeeuntes
3294 4294 3555 4350 dicebant
3586 4312 3601 4348 :

339 4389 653 4462 λογημὲνος
677 4389 707 4440 6
738 4386 1029 4458 ἐρχόμενος
1050 4386 1107 4438 ὲν
1138 4383 1366 4455 ὀνόματι
1391 4383 1621 4456 Κυρίου.
1662 4401 1683 4436 ι
1715 4382 1839 4437 τῶν
1866 4381 1923 4436 δὲ

2033 4408 2053 4442 ι
2088 4386 2343 4445 Bosanna
2382 4387 2496 4442 ﬁlio
2520 4386 2710 4443 David.
2745 4384 3076 4442 Benedictus
3111 4385 3207 4455 qui
3235 4385 3389 4440 venit
3421 4384 3477 4440 in
3499 4400 3603 4442 no-

346 4480 689 4545 συνθεόντων
720 4478 864 4542 τινες
905 4476 975 4532 τά
1007 4476 1201 4545 ίμάτια
1237 4474 1682 4547 κατεστρώννυον
1710 4476 1767 4529 ιν
1801 4475 1923 4537 ταῖς

341 4556 509 4636 ὁδοῖς,
540 4572 637 4625 καὶ
675 4569 779 4623 οὐκ
813 4568 1163 4639 ἀθαύμαστον
1204 4566 1484 4622 ἐποιοῦντο
1514 4567 1616 4637 τὴν
1648 4566 1919 4639 είσδολήνσ

341 4667 396 4719 οἱ
422 4666 483 4719 δὲ
528 4664 941 4735 διερρήγνυντο,
983 4661 1078 4715 καὶ
1103 4659 1379 4732 όξυτέροις
1399 4658 1494 4713 τοῦ
1530 4659 1723 4728 φθόνου
1755 4659 1924 4730 πλητ-

344 4757 571 4826 τόμενοι
600 4754 845 4825 κέντροις
863 4796 879 4820 ,
921 4750 1287 4823 προσελάλουν
1315 4750 1568 4822 ἀλλήλοις
1586 4793 1602 4818 ,
1644 4750 1927 4822 μονονουχξ

342 4848 404 4903 δὲ
448 4847 539 4901 καὶ
595 4843 932 4918 κατῃτιῶντο
981 4842 1272 4915 μέλλοντας
1317 4842 1397 4897 ἔτι
1446 4842 1576 4913 περὶ⁵
1621 4842 1683 4896 rb
1728 4843 1922 4914 χρῆναι

345 4941 540 5009 φονᾷν.
578 4937 856 5005 Ἐφασιιον
877 4936 1021 5006 γὰρ,
1052 4936 1135 4990 ὅτι
1173 4953 1191 4986 ι
1225 4934 1495 5007 Θεωρεῖτε
1537 4936 1619 4989 δτι
1654 4934 1753 4987 οὐκ
1779 4934 1924 5003 ὡφε-

348 5028 435 5081 λεῐ
483 5026 662 5081 οὐδέν.
694 5025 801 5079 Ἴδε
826 5028 857 5079 6
895 5025 1105 5095 κόσμος
1147 5022 1270 5088 δλος
1328 5023 1504 5078 όπίσω
1551 5021 1719 5077 αὐτοῦ
1744 5021 1921 5094 ἀπῆλ-

346 5121 464 5175 θεν.
510 5139 529 5172 ι
570 5117 789 5189 Ἐπειδὴ
810 5116 867 5172 δι
891 5115 990 5189 τὴν
1028 5117 1137 5172 τῶν
1168 5116 1270 5189 ήδη
1303 5115 1747 5171 πεπιστευκότων
1785 5115 1925 5187 πλη-

346 5214 451 5267 θῦν
486 5210 782 5273 ἐδεδίεσαν,
811 5209 1014 5281 χειρῶν
1046 5209 1147 5281 μὲν
1186 5209 1324 5272 τέως
1371 5208 1663 5278 ἐφείδοντο,
1691 5209 1785 5261 καὶ
1822 5207 1922 5277 τῆς

345 5308 430 5368 είς
457 5299 737 5377 προῦπτον
760 5300 1038 5371 ἐπιϐολῆς.
1068 5300 1186 5353 ἰνα
1217 5298 1275 5352 δὲ
1295 5300 1410 5362 τοῖς
1439 5298 1726 5368 Ῥωμαίων
1753 5313 1923 5369 προσ.

345 5394 605 5466 κρούσειε
645 5392 1002 5463 στρατηγοῖς,
1034 5387 1409 5458 ἐπιπέμπουσί
1448 5404 1601 5450 τινας
1633 5387 1741 5442 τῶν
1779 5388 1924 5442 ίδίων

348 5485 616 5557 μαθητῶν
658 5484 795 5556 μετά
835 5484 945 5537 τῶν
980 5481 1332 5554 καλουμένων
1369 5478 1718 5553 ’Πρωδιανῶν
1741 5480 1926 5548 λέγονο

2027 4480 2176 4536 mine
2204 4478 2421 4535 Domini
2448 4479 2515 4533 ".
2554 4496 2573 4531 ι
2598 4476 2857 4533 Nonnulli
2882 4490 3017 4532 vero
3036 4489 3231 4532 eorum
3252 4474 3349 4547 qui
3375 4490 3606 4531 concur-

2026 4571 2243 4635 rebant,
2281 4570 2608 4628 vestimenta
2634 4584 2733 4626 sua
2766 4576 3078 4625 straverunt
3112 4569 3172 4625 in
3199 4569 3328 4635 viis,
3354 4569 3604 4626 celeber-

2028 4660 2278 4733 rimeque
2320 4677 2449 4718 eum
2486 4668 2863 4732 exceperunt:
2904 4660 3155 4716 nonnulli
3191 4674 3324 4717 vero
3367 4660 3607 4717 disrum—

2026 4752 2321 4824 pebantur,
2370 4759 2429 4808 et
2464 4750 2750 4807 acerrimis
2788 4750 3006 4806 invidia:
3047 4751 3284 4807 stimulis
3326 4750 3603 4823 exagitati.

2028 4842 2484 4912 colloquebantur
2521 4842 2669 4897 inter
2704 4856 2784 4908 se,
2821 4850 2986 4913 atque
3030 4841 3357 4898 incusabant
3382 4856 3480 4897 eos
3509 4841 3605 4910 qui

2027 4934 2096 4990 ad
2136 4934 2316 5005 ipsum
2342 4931 2787 4989 interﬁciendum
2816 4932 3091 4988 tardiores
3108 4940 3326 4994 essent;
3350 4931 3607 4986 dicebant

2026 5024 2176 5080 enim
2212 5041 2226 5078 :
2281 5041 2300 5075 ι
2354 5023 2566 5079 Videtis
2627 5022 2775 5094 quod
2826 5022 2965 5079 nihil
3007 5035 3237 5093 prorsus
3282 5018 3602 5091 proﬁciatis.

2028 5114 2171 5171 Ecce
2214 5121 2363 5169 totus
2408 5114 2648 5170 mundus
2694 5114 2946 5184 sequitur
2973 5125 3102 5167 eum
3141 5112 3209 5167 ".
3238 5129 3258 5164 ι
3292 5109 3431 5168 Cum
3471 5125 3606 5166 vero

2030 5206 2288 5261 timerent
2323 5204 2733 5261 multitudinem
2759 5220 2954 5260 eorum
2975 5204 3073 5276 qui
3093 5205 3208 5275 jam
3229 5202 3600 5264 crediderant.

2028 5297 2268 5368 primum
2316 5296 2539 5375 quidem
2565 5295 2917 5351 abstinebant
2956 5309 3173 5361 manus,
3218 5302 3275 5350 et
3326 5301 3603 5363 tempera-

2028 5388 2161 5444 bant
2198 5387 2302 5443 sibi
2348 5388 2418 5443 ab
2456 5398 2644 5458 aperta
2680 5386 2887 5445 Christi
2931 5386 3213 5443 invasione
3243 5402 3259 5451 ;
3303 5384 3399 5440 sed
3449 5395 3508 5440 ιιι
3546 5385 3604 5439 in

2029 5480 2386 5536 oﬁ’ensionem
2436 5479 2673 5536 militum
2719 5481 3091 5537 Romanorum
3141 5478 3469 5541 incurreret,
3498 5476 3604 5532 mi-

426 5644 474 5675 ιο
500 5643 697 5701 mnu.
745 5659 865 5707 xxv,
894 5643 984 5700 st.
1052 5642 1122 5713 με·
1147 5641 1191 5700 ιι
1213 5638 1451 5713 Timoth.
1486 5654 1561 5704 ιν.
1589 5639 1657 5713 1,
1680 5640 1926 5713 8;1Ρειι

2026 5680 2038 5705 ,
2074 5639 2125 5695 ι.
2204 5639 2246 5672 ⁶’
2274 5638 2317 5696 ΙΙ
2340 5637 2471 5696 Cor.
2498 5653 2611 5703 ιιιι.
2650 5638 2704 5693 4.
2777 5636 2824 5667 "
2844 5635 2978 5696 Gen.
2998 5650 3155 5701 χιιι,
3192 5631 3279 5690 t9.
3358 5631 3403 5663 ⁶⁹
3439 5629 3605 5707 Zaeh.
3632 5628 3649 5645 '

348 5727 435 5781 ει,
465 5713 527 5769 9.
597 5714 647 5747 "
675 5714 866 5768 Matth.
898 5728 1007 5777 ιιι,
1039 5711 1091 5767 9.
1181 5712 1227 5743 "
1248 5708 1435 5765 Matth.
1474 5724 1548 5774 ιι,
1591 5708 1677 5763 87.
