4024 6198
449 314 556 372 567

1476 312 1530 367 S.
1567 313 1841 368 CYRILLI
1877 313 2347 372 ALEXANDRII-‘il
2387 317 2706 374 ARCHIEP.

3605 323 3712 381 568

449 440 645 488 serunt
687 429 951 502 quosdam
988 441 1215 485 suorum
1247 425 1644 498 discipulorum
1673 444 1798 484 cum
1831 428 1899 484 iis
1934 431 2026 499 qui

2132 449 2250 496 τας·
2294 454 2312 484 ‹
2359 435 2692 502 Διδάσκαλε,
2739 436 2961 508 οἴδαμεν
2997 439 3080 492 δτι
3139 440 3347 511 ἀληθὴς
3385 440 3469 503 εἴ,
3517 445 3608 497 καὶ
3652 461 3715 496 σ-

450 532 720 578 vocantur
757 520 1078 584 Hcrodiaui,
1122 528 1181 574 ut
1221 518 1469 574 dicerent
1507 518 1576 573 ad
1621 520 1832 589 ipsum:
1871 539 1888 572 ι
1918 521 2030 579 Ma-

450 617 642 686 gister,
664 615 868 669 scimus
894 611 1042 683 quod
1059 626 1224 667 verax
1249 610 1344 675 sis,
1368 626 1470 665 nec
1489 627 1651 670 cures
1668 627 2028 682 quemquam:

422 715 437 774 ι’
451 723 631 780 neque
668 708 817 769 enim
863 704 1094 780 respicis
1133 719 1422 774 personam
1468 704 1774 764 hominum.
1809 704 2034 763 Licetne

450 801 584 860 dare
619 795 1081 861 censumC-aasari,
1113 812 1181 850 an
1200 796 1407 868 nonf'?
1438 815 1455 845 ι
1481 794 1754 850 Sedillico
1770 811 2033 867 coargue—

449 891 652 945 bantur
681 905 712 942 a
739 887 958 944 Christo
984 886 1202 942 dicente
1227 886 1362 956 ipsis
1379 893 1502 959 post
1535 887 1907 946 ostensionem
1935 887 2035 948 de,-

449 963 592 1048 narii
623 999 643 1036 τ
695 1000 712 1033 ι
751 980 886 1042 Date
928 995 1051 1056 quae
1083 978 1313 1035 Caesaris
1350 986 1498 1043 sunt,
1544 977 1780 1044 Caesari;
1821 986 1877 1034 et
1913 995 2036 1048 qua:

449 1075 548 1132 Dei
578 1082 726 1138 sunt,
751 1073 863 1127 Deo
888 1071 954 1126 ⁷³.
993 1091 1012 1122 ι
1045 1070 1164 1144 Qua
1185 1069 1410 1142 quidem
1439 1069 1508 1126 de
1537 1085 1700 1125 causa
1733 1084 1856 1124 cum
1889 1070 2036 1140 ipsos

449 1165 658 1236 pudere
687 1164 771 1218 sui
802 1172 1102 1233 oporteret,
1130 1177 1298 1232 seque
1319 1161 1580 1232 deinceps
1599 1162 1668 1220 ab
1694 1177 1760 1217 eo
1776 1163 2036 1223 tentando

444 1256 732 1312 continere
779 1254 1080 1320 deberent,
1131 1270 1201 1308 en
1263 1254 1432 1308 etiam
1485 1253 1712 1310 alteram
1773 1254 2035 1312 adversus

446 1350 632 1422 ipsum
659 1346 1115 1408 machinabantur
1144 1345 1524 1407 tentatiouem.
1557 1347 1721 1406 Facto
1753 1348 1902 1405 enim
1935 1347 2033 1404 ﬂa-

447 1439 590 1510 gello
619 1453 686 1494 ex
709 1436 862 1502 fune,
893 1451 1020 1494 cum
1045 1435 1273 1506 eliceret
1292 1451 1322 1490 e
1350 1437 1555 1507 templo
1575 1437 1876 1496 vendentes
1905 1453 2038 1493 oves

446 1545 512 1586 ac
540 1530 731 1594 b‘oves,
758 1527 987 1584 dicens:
1030 1546 1047 1581 ι
1075 1525 1302 1583 Auferte
1340 1527 1448 1590 ista
1489 1527 1620 1586 hinc
1654 1546 1668 1582 :
1713 1543 1783 1583 ne
1820 1527 2036 1586 faciatis

447 1621 672 1678 domum
704 1619 884 1676 Patris
917 1619 1046 1684 mei,
1071 1619 1296 1680 domum
1325 1621 1784 1691 negotiationis“
1811 1638 1828 1687 ;
1864 1640 1882 1673 ι
1920 1631 2034 1677 tum

447 1714 560 1776 isti,
591 1713 813 1784 indigne
842 1712 947 1768 hoc
988 1711 1248 1778 ferentes,
1275 1720 1667 1771 accesserunt:
1708 1730 1726 1771 ι
1760 1712 1840 1770 Ex
1877 1712 2034 1782 cujus

448 1813 738 1876 potestate,
775 1803 1109 1876 inquientes.
1146 1803 1264 1866 haec
1296 1803 1480 1865 facis?
1514 1803 1717 1874 Ecquis
1745 1803 1898 1861 dedit
1931 1804 2028 1858 tibi

445 1897 592 1954 hanc
616 1903 944 1967 potestatem
968 1895 1060 1950 7'?
1095 1914 1113 1947 ι
1146 1894 1290 1962 Quid
1315 1905 1502 1952 autem
1523 1895 1595 1954 ad
1612 1896 1715 1950 ista
1733 1895 2030 1951 Christus?

453 2008 473 2042 ι
493 1987 654 2061 232
675 1987 1060 2059 lnterrogabo,
1081 1987 1280 2056 inquit,
1294 1997 1350 2043 et
1361 2003 1461 2059 ego
1478 2003 1575 2044 vos
1606 2003 1761 2044 mum
1776 1987 2026 2043 verbum.

445 2076 620 2131 Dicite
632 2075 765 2130 mihi
785 2093 797 2127 :
818 2075 1091 2146 Baptisma
1104 2071 1331 2130 Joannis
1344 2075 1490 2138 unde
1505 2076 1696 2134 erat?e
1709 2077 1940 2143 caelone,
1958 2093 2029 2136 an

447 2167 766 2231 hominibus
782 2169 804 2221 ?
822 2167 888 2222 ili
903 2176 1108 2232 autem.
1135 2167 1212 2232 ait
1243 2175 1442 2232 textus,
1459 2167 1771 2238 cogitabant
1795 2184 1984 2225 secum
2009 2187 2025 2236 ;

448 2261 496 2332 si
517 2259 841 2327 dixerimus,
874 2275 908 2316 ο
943 2259 1106 2325 calo.
1136 2258 1284 2321 (licet
1311 2259 1473 2318 nobis
1498 2277 1511 2314 :
1551 2259 1731 2326 Quare
1756 2276 1888 2332 ergo
1915 2278 2029 2320 non

448 2351 764 2408 credidistis
797 2350 912 2404 illi?
947 2349 1004 2405 Si
1036 2357 1220 2405 autem
1256 2349 1581 2417 dixerimus,
1606 2369 1675 2408 ex
1688 2352 2027 2420 hominibus,

448 2444 710 2510 timemus
748 2441 1000 2507 turbam;
1033 2455 1226 2504 omnes
1265 2442 1415 2504 enim
1453 2442 1732 2500 habebant
1760 2443 2029 2500 Joannem

446 2543 705 2604 tanquam
749 2531 1096 2602 prophetam,
1134 2521 1312 2600 eoque
1349 2531 1639 2593 dicebant:
1675 2532 2020 2588 Nescimus.»

444 2625 586 2693 Quid
603 2624 671 2680 ad
691 2625 808 2680 huic
820 2623 1106 2679 Christus?
1137 2643 1154 2676 ι
1178 2623 1498 2695 Nequeego,
1517 2624 1714 2695 inquit,
1734 2625 1857 2680 dico
1871 2626 2030 2682 vobis

443 2735 514 2773 ex
537 2718 696 2790 cujus
730 2723 1002 2787 potestate
1028 2715 1145 2769 haec
1175 2714 1315 2771 facio
1347 2717 1415 2770 ".
1444 2736 1462 2768 ι
1486 2717 1742 2772 Tentatio
1766 2717 1931 2789 igitur
1945 2727 2028 2774 est

443 2809 584 2876 Gad,
626 2808 734 2863 hoc
761 2802 878 2870 est,
914 2805 1197 2873 Phariszei,
1237 2807 1331 2876 qui
1366 2821 1581 2877 semper
1606 2803 1837 2864 tentant.
1870 2811 2028 2864 Atta-

449 2917 574 2956 men
593 2899 856 2957 continuo
880 2897 1080 2952 iterum
1102 2905 1386 2954 tentantur
1401 2909 1456 2955 et
1477 2899 1600 2971 ipsi.
1618 2900 1870 2958 Christus
1881 2904 2026 2961 enim

446 2994 537 3049 ille
563 3001 684 3047 erat
725 2989 842 3064 qui,
873 2990 1027 3062 thXta
1064 3005 1256 3046 vocem
1284 2991 1678 3062 prophetarum
1712 2995 1780 3060 ⁷⁷,
1827 3010 2026 3066 appre-

447 3081 640 3138 hendit
676 3083 954 3153 sapientes
994 3081 1050 3135 in
1087 3081 1379 3151 sapientia,
1415 3091 1471 3137 et
1496 3084 1868 3153 Sophistarum
1891 3100 2025 3140 con-

444 3173 568 3228 silia
593 3174 811 3245 egregie
830 3176 1113 3239 retorquet
1137 3169 1193 3223 in
1219 3171 1575 3240 quaestionem
1601 3172 1954 3226 contrariam.

884 3310 921 3370 ἴε
1100 3280 1178 3336 De
1214 3282 1366 3336 Aser.
2033 3347 2035 3350 ι

521 3397 540 3428 ‹
579 3373 716 3429 Aser
762 3375 980 3448 pinguis
1032 3376 1191 3448 panis
1230 3375 1368 3448 ejus,
1402 3383 1458 3430 et
1497 3373 1614 3445 ipse
1652 3375 1806 3431 dabit
1843 3377 2029 3434 cibum

445 3468 791 3548 principibus
822 3465 888 3522 ⁷⁸.
929 3487 946 3520 ι
997 3468 1135 3524 Aser
1169 3481 1389 3526 rursum
1427 3465 1697 3537 signiﬁcat
1726 3468 1937 3524 divitiae.
1971 3469 2028 3524 Id

444 3563 596 3618 enim
625 3560 870 3618 declarat
903 3574 1126 3616 nomen.
1169 3557 1427 3613 Arbitror
1459 3566 1644 3615 autem
1683 3559 1816 3619 hinc
1862 3559 2027 3615 intel-

445 3653 538 3726 ligi
569 3667 733 3724 posse
768 3667 916 3717 eum,
955 3669 972 3702 ι
1009 3651 1066 3704 in
1101 3665 1212 3721 quo
1238 3665 1429 3706 omnes
1457 3650 1700 3706 thesauri
1747 3651 2029 3722 sapientia:

443 3753 502 3800 et
531 3743 774 3810 scientiae
796 3753 924 3798 sunt
959 3742 1230 3798 reconditi
1265 3742 1332 3808 τ’,
1370 3762 1387 3795 ι
1428 3743 1533 3797 hoc
1574 3751 1679 3809 est,
1723 3744 2026 3812 Christum,

442 3837 539 3911 qui
566 3844 651 3903 est
689 3855 706 3887 ι
732 3836 1026 3900 thesaurus
1060 3836 1118 3897 in
1149 3850 1280 3906 agro
1326 3835 1682 3896 absconditus
1715 3836 1783 3902 ⁸ο,
1816 3856 1833 3888 )
1883 3853 2029 3892 mar-

442 3927 618 4002 garita
651 3927 743 3990 illa
780 3927 1062 3999 pretiosa;
1103 3928 1309 3998 quique
1357 3926 1412 3981 in
1455 3943 1690 3998 persona
1742 3929 2027 3999 sapientia:

440 4019 889 4084 manifestissime
920 4018 1057 4078 dicit
1090 4037 1102 4072 :
1155 4039 1171 4070 ι
1199 4019 1413 4075 Divitias
1433 4028 1489 4074 et
1515 4020 1689 4090 gloria
1711 4020 1845 4078 mihi
1874 4029 2023 4087 sunt,

439 4115 497 4162 et
519 4107 792 4178 possessio
832 4108 1136 4162 multorum
1188 4116 1353 4178 atque
1385 4110 1601 4181 justitia
1635 4110 1703 4164 εί.
1733 4130 1751 4162 ι
1799 4110 1920 4180 Ipse
1943 4119 2027 4166 est

441 4196 537 4266 qui
566 4196 753 4252 visitat
781 4203 1005 4262 terram,
1046 4197 1187 4254 sicut
1227 4199 1406 4268 inquit
1439 4200 1609 4256 David
1646 4220 1659 4256 :
1705 4222 1722 4253 ι
1756 4202 2024 4274 Μυιιὶριίτ

442 4285 578 4343 c'asti
619 4298 679 4343 ut
715 4287 888 4370 ipsam
926 4288 1135 4351 ditares
1177 4287 1245 4344 θ’.
1277 4310 1295 4341 ι
1347 4290 1552 4349 Scribit
1583 4292 1730 4347 enim
1763 4294 1894 4349 alibi
1930 4310 2022 4350 sa-

442 4379 827 4452 pientissimus,
849 4380 1049 4448 Paulus
1081 4382 1242 4438 nobis
1262 4383 1330 4441 de
1356 4383 1572 4454 seipso:
1613 4403 1630 4438 ι
1669 4383 1887 4440 Gratias
1920 4402 2021 4466 ago

2137 517 2289 586 μέλει
2316 536 2400 573 σοι
2431 523 2564 592 περὶ
2593 523 2828 587 οὐδενός*
2871 525 2929 577 οὑ
2967 519 3082 597 ’γάρ
3138 527 3356 597 βλέπεις
3401 533 3481 594 είς
3541 535 3710 603 πρόσ-

2135 625 2285 666 ωπον
2324 608 2654 680 ἀνθρώπων.
2686 613 2905 679 Ἔξεστι
2938 613 3121 669 δοῦναι
3166 619 3362 688 κῆνσον
3391 620 3654 692 Καίσαρι.
3681 623 3714 690 ἢ

2134 698 2226 766 ob;
2267 719 2286 751 ι
2326 700 2465 756 Ἀλλ’
2500 703 2791 774 ἠλέγχοντο
2837 709 3202 780 παραχρῆμα,
3238 711 3489 779 λέγοντος
3530 714 3712 775 αὐτοῖς

2134 789 2227 843 τοῦ
2246 791 2506 860 Χριστοῦ,
2540 793 2678 862 μετὰ
2695 795 2790 866 τὴν
2807 796 2916 850 τῶν
2941 798 3214 871 δηναρίων
3228 800 3411 866 δεῖξιν·
3426 822 3443 854 ι
3459 803 3716 859 Ἀπόδοτε

2137 877 2206 931 τὰ
2241 878 2520 950 Καίσαρος
2551 882 2810 954 Καίσαρι,
2852 886 2946 939 καὶ
2968 887 3037 940 τὰ
3062 888 3158 942 τοῦ
3188 889 3324 942 Θεοῦ
3356 891 3434 962 τῷ
3464 892 3713 964 aequo:

2127 968 2191 1024 δὲ
2208 968 2293 1040 δὴ,
2327 972 2464 1043 πρὸς
2482 973 2643 1028 τοῦτο
2667 977 3096 1049 κατερυθριάσαι
3119 980 3236 1035 δέον
3258 984 3351 1035 καὶ
3376 985 3713 1055 ἀποσχέσθαι

2132 1058 2317 1115 λοιπὸν
2340 1062 2438 1122 τοῦ
2474 1065 2756 1134 πειράζειν
2790 1067 2975 1137 αὐτὸν,
3013 1073 3209 1141 πεῖραν
3247 1072 3414 1126 αὑτοῦ
3449 1075 3716 1130 καθίεσαν

2135 1152 2231 1207 καὶ
2278 1153 2493 1224 ἑτέραν.
2541 1156 2784 1225 Ποιήσας
2816 1159 2916 1228 μὲν
2960 1157 3070 1231 γάρ
3101 1161 3236 1215 ὡσεὶ
3276 1164 3608 1236 φραγέλλιον
3650 1169 3715 1222 ὲκ

2135 1247 2394 1317 σχοινίου,
2413 1248 2620 1312 πάντας
2642 1249 2891 1316 ἐξέϐαλεν
2917 1253 2983 1304 ὲκ
3006 1253 3100 1306 τοῦ
3134 1255 3280 1326 ἱεροῦ
3315 1259 3442 1320 τοὺς
3466 1259 3712 1314 πωλοῦν·

2131 1355 2234 1402 τας
2264 1339 2333 1394 τά
2358 1339 2606 1410 πρόϐατα
2623 1342 2717 1404 καὶ
2745 1343 2844 1406 τὰς
2858 1341 3006 1412 βοῦς,
3035 1344 3233 1413 λέγων’
3268 1349 3506 1419 (Ἄρατε
3538 1351 3713 1407 ταῦτα

2133 1430 2408 1486 ἐντεῦθεν·
2436 1433 2526 1502 Μὴ
2553 1435 2756 1486 ποιεῖτε
2775 1433 2868 1486 τὸν
2887 1431 3037 1489 οἷκον
3057 1437 3153 1490 τοῦ
3180 1439 3394 1509 Πατρός
3419 1459 3544 1510 μου,
3566 1440 3713 1497 οἶκον

2135 1523 2422 1594 ἐμπορίου.
2451 1543 2470 1575 ι
2500 1527 2562 1578 υἱ
2583 1524 2641 1578 δὲ
2662 1526 3097 1595 ἀγανακτοῦντες
3120 1532 3535 1602 παραγίνονταιο
3566 1556 3584 1587 ι
3626 1535 3711 1589 Ἐν

2135 1616 2267 1686 ποίᾳ
2311 1615 2531 1687 ἐξουσία
2569 1616 2739 1670 ταῦτα
2769 1621 2962 1685 ποιεῖς,
3010 1622 3105 1674 καὶ
3153 1621 3238 1685 τίς
3282 1623 3452 1677 ἔδωκέ
3497 1643 3580 1679 σοι
3613 1627 3712 1701 τὴν

2135 1703 2382 1771 ἐξουσίαν
2426 1707 2665 1778 ταύτηνς
2714 1726 2732 1759 ι
2771 1710 2836 1761 Τί
2876 1705 2970 1764 οὖν
3013 1713 3148 1780 πρὸς
3181 1713 3340 1768 τοῦτο
3377 1716 3406 1769 6
3437 1717 3707 1787 Χριστόςς

2066 1785 2106 1840 Β
2141 1813 2160 1848 ι
2205 1796 2499 1868 Ἐρωτήσω
2519 1839 2534 1864 ,
2567 1799 2731 1869 φησὶ,
2765 1801 2920 1870 κάγὼ
2968 1802 3112 1874 ὑμᾶς
3157 1804 3342 1872 λόγον,
3374 1809 3469 1861 καὶ
3497 1785 3709 1865 -εἴπατέ

2139 1905 2255 1958 μοι’
2295 1888 2368 1942 T6
2414 1889 2696 1962 βάπτισμα
2741 1889 2988 1946 Ἰωάννου
3033 1895 3198 1948 πόθεν
3233 1893 3324 1968 ἧν;
3361 1898 3420 1965 ἐξ
3451 1901 3708 1972 οὐρανοῦ,

2135 1979 2168 2050 ἢ
2201 1979 2261 2044 ἐξ
2287 1980 2638 2054 ἀνθρώπωνς
2663 1985 2726 2038 Οί
2764 1983 2823 2038 δὲ
2856 1984 3236 2055 διελογίζοντο,
3277 1991 3464 2060 φησιν,
3497 1993 3553 2043 ὲν
3582 1994 3710 2046 ἐαυ-

2133 2074 2269 2139 τοῖς,
2299 2073 2383 2127 ὅτι
2419 2074 2543 2130 Ἐὰν
2577 2075 2852 2146 εἴπωμεν,
2878 2075 2937 2142 ἐξ
2957 2077 3213 2149 οὐρανοῦ,
3245 2081 3360 2149 sps!
3379 2082 3531 2152 ἡμῖν’
3557 2084 3713 2138 Διατί

2135 2159 2228 2216 οὖν
2269 2165 2370 2218 οὑκ
2416 2164 2773 2221 ἐπιστεύσατε
2820 2167 3005 2236 αὐτῷ;
3065 2168 3190 2222 Ἐὰν
3230 2171 3493 2242 εῐπωμεν,
3524 2171 3586 2238 ἐξ
3617 2175 3714 2228 άν·

2137 2253 2393 2326 θρώπων,
2421 2256 2735 2328 φοϐούμεθα
2763 2258 2855 2311 τὸν
2880 2259 3057 2329 ὄχλον.
3089 2261 3299 2325 Πάντες
3322 2262 3432 2334 γὰρ
3471 2265 3547 2328 ὡς
3577 2282 3712 2337 προ-

2137 2348 2316 2420 φήτην
2345 2343 2490 2420 εἶχον
2525 2350 2615 2403 τὸν
2659 2351 2934 2422 Ἰωάννην.
2973 2353 3084 2408 Καὶ
3113 2353 3354 2422 λέγουσι,
3379 2357 3570 2426 φησίν·
3593 2357 3714 2410 Οὐκ

2135 2438 2381 2508 οἴδαμεν.
2414 2457 2434 2492 ι
2465 2439 2528 2493 Τί
2559 2435 2654 2494 οῦν
2680 2441 2818 2512 πρὸς
2845 2439 3022 2495 ταῦτα
3051 2443 3324 2512 Χριστόςς
3373 2461 3393 2495 ι
3427 2444 3563 2498 οὐδὲ
3599 2443 3713 2516 ἐγὼ

2135 2528 2278 2598 λέγω
2318 2531 2447 2601 ὑμῖν
2489 2532 2546 2588 ὲν
2587 2533 2720 2605 ποίᾳ.
2757 2533 2979 2608 ἐξουσίᾳ
3027 2535 3200 2590 ταῦτα
3241 2537 3400 2598 ποιῶ.
3441 2556 3461 2590 ι
3499 2539 3713 2595 Οὐκοῦν

2137 2623 2489 2696 πειρατήριον
2511 2627 2540 2678 6
2564 2625 2689 2691 Γὰδ,
2714 2628 3016 2694 τουτέστιν,
3041 2628 3090 2681 oi
3107 2628 3196 2682 ἀεὶ
3229 2629 3580 2700 πειράζοντες
3602 2632 3712 2686 Φα-

2140 2717 2360 2785 ρισαῖοι.
2385 2714 2532 2790 Πλὴν
2564 2717 3019 2788 άντεπειράζοντο
3047 2721 3377 2786 καταπόδας,
3405 2721 3708 2786 τουτέστιν,

2136 2807 2319 2870 εὐθύς.
2365 2808 2599 2878 Χριστὸς
2647 2801 2754 2882 γάρ
2791 2805 2857 2881 ἦν
2899 2811 2927 2863 6
2965 2810 3108 2864 κατὰ
3149 2811 3248 2883 τὴν
3279 2812 3375 2865 τοῦ
3426 2814 3711 2884 προφήτου

2137 2899 2320 2969 φωνὴν
2345 2899 2711 2973 δρασσόμενος
2740 2903 2864 2968 τοὺς
2892 2904 3087 2973 σοφοὺς
3115 2905 3170 2957 ὲν
3203 2907 3270 2977 τῇ
3309 2905 3472 2978 σοφίᾳ
3504 2907 3708 2970 αὐτῶν,

2136 2987 2230 3042 καὶ
2262 2989 2360 3053 τὰς
2407 2989 2514 3043 τῶν
2553 2990 2905 3045 πολυπλόκων
2959 2991 3156 3062 βουλὰς
3189 2995 3451 3066 περιστὰς
3477 2994 3712 3060 ἀστείως

2136 3079 2215 3140 είς
2239 3077 2592 3151 ἀντίστροφον
2622 3079 2871 3154 ζήτησιν.

2646 3283 2788 3352 Περὶ
2827 3283 2932 3340 τοῦ
2992 3285 3196 3363 Ἀσήρ.

2210 3389 2227 3420 ι
2271 3369 2439 3443 Ἀσὴρ
2464 3370 2603 3426 πίων
2628 3373 2794 3426 αὑτοῦ
2829 3377 2858 3428 6
2891 3376 3077 3448 ἄρτος,
3104 3381 3199 3434 καὶ
3220 3381 3383 3446 αὐτὸς
3406 3383 3568 3438 δώσει
3592 3404 3713 3460 τρο-

2130 3459 2236 3533 φὴν
2277 3463 2527 3534 ἄρχουσι.
2583 3483 2601 3516 ι
2641 3465 2915 3534 Πλοῦτός
2956 3485 3039 3526 τοι
3077 3471 3237 3525 πάλιν
3271 3475 3300 3527 6
3350 3474 3539 3548 ‘Aaﬁp.
3579 3459 3710 3532 Ὧδε

2127 3551 2236 3624 γὰρ
2282 3552 2394 3623 ἔχει
2433 3554 2526 3608 τοῦ
2576 3557 2982 3628 σημαινομένου
3027 3562 3062 3631 ἡ
3106 3561 3360 3632 δήλωσις.
3394 3565 3493 3636 Εἵη
3533 3567 3577 3620 δ’
3619 3569 3706 3636 ἂν,

2129 3643 2282 3716 οἶμαί
2315 3662 2442 3711 που,
2494 3645 2774 3700 κάνταῦθα
2815 3649 3130 3721 νοούμενος,
3176 3673 3194 3704 ι
3225 3655 3283 3707 ὲν
3315 3647 3359 3723 ᾧ
3397 3658 3599 3721 πάντες
3627 3663 3708 3712 εί-

2130 3738 2213 3792 σ”ιν
2253 3740 2301 3790 οί
2343 3739 2610 3810 Θησαυροὶ
2651 3741 2752 3812 τῆς
2806 3743 3000 3813 σοφίας
3037 3745 3133 3799 καὶ
3163 3745 3420 3814 γνώσεως
3459 3751 3709 3821 ἀπόκρυς

2129 3845 2240 3896 φοι,
2280 3847 2297 3878 ι
2340 3827 2590 3883 τουτέστι
2615 3829 2874 3901 Χριστὸς,
2913 3852 2932 3884 ι
2982 3833 3010 3886 6
3037 3837 3095 3890 ὲν
3133 3835 3290 3909 ἀγρῷ
3331 3842 3708 3914 κρυπτόμενος

2129 3917 2436 3988 Θησαυρδς,
2475 3937 2494 3968 ι
2543 3920 2571 3970 6
2617 3920 2986 3992 πολυτίμητος
3029 3928 3399 4001 μαργαρίτης,
3446 3933 3474 3984 6
3505 3934 3602 3986 καὶ
3649 3935 3706 3988 ἐν

2127 4008 2403 4081 προσώπῳ
2426 4010 2523 4080 τῆς
2551 4011 2742 4081 σοφίας
2765 4011 3142 4083 ἐναργέστατα
3185 4017 3379 4088 λέγων’
3413 4042 3430 4074 ι
3466 4023 3706 4096 Πλοῦτος

2126 4101 2219 4156 καὶ
2248 4101 2376 4166 δόξα
2418 4102 2540 4176 ἐμοὶ
2571 4102 2838 4180 ὑπάρχει,
2879 4106 2972 4159 καὶ
3002 4107 3196 4177 κτῆσις
3227 4110 3468 4179 πολλῶν,
3503 4117 3598 4184 καὶ
3622 4116 3702 4169 δι-

2125 4193 2406 4265 καιοσύνη.
2446 4213 2464 4246 ο
2510 4195 2682 4259 Αὐτὸς
2716 4197 2745 4252 6
2774 4196 2874 4271 τὴν
2909 4196 3013 4266 γῆν
3049 4199 3520 4273 ἐπισκεψάμενος,
3561 4207 3704 4262 καθά

2125 4303 2290 4358 φησιν
2317 4287 2346 4340 6
2371 4286 2555 4340 Δαὸίδο
2587 4307 2606 4341 ι
2661 4287 3002 4364 Ἐπλήϐυνας
3028 4291 3123 4344 τοῦ
3149 4294 3431 4350 πλουτίσαι
3461 4299 3652 4370 αὑτήν.
3678 4321 3698 4353 ›

2123 4379 2332 4449 Γράφει
2374 4379 2431 4440 δέ
2480 4396 2582 4434 που
2618 4380 2714 4435 uel.
2754 4380 2782 4438 6
2824 4379 3136 4452 σοφώτατος
3163 4383 3373 4450 Παῦλος
3411 4390 3544 4460 ἡμῖν
3574 4392 3705 4464 περὶ

447 4475 553 4530 Dco
619 4490 743 4534 meo
798 4467 1002 4554 ubique
1032 4473 1099 4530 de
1150 4476 1309 4534 vobis
1350 4487 1577 4556 propter
1629 4477 1859 4547 gloriam
1900 4479 2018 4547 Dei,

2128 4471 2309 4525 αὑτοῦ·
2336 4491 2354 4524 ι
2378 4470 2698 4542 Εὐχάριστῶ
2724 4471 2802 4542 τῷ
2833 4472 2950 4543 Θεῷ
2979 4491 3087 4545 μου
3115 4477 3349 4532 πάντοτε
3376 4481 3503 4550 περὶ
3523 4482 3701 4552 ὑμῶν,

441 4582 561 4636 qua:
595 4565 721 4622 data
745 4576 829 4628 est
860 4567 1020 4632 vobis
1053 4567 1111 4627 in
1148 4566 1368 4628 Christo
1403 4569 1533 4624 Jesu
1566 4587 1579 4623 :
1615 4569 1744 4640 quia
1780 4569 1839 4623 in
1871 4571 2022 4628 omni

443 4655 603 4710 ditati
663 4656 798 4710 estis
857 4655 914 4718 in
973 4656 1113 4726 ipso,
1173 4657 1229 4716 in
1277 4658 1426 4714 omni
1461 4673 1717 4714 sermone
1749 4667 1805 4716 et
1835 4661 2022 4730 cogni-

441 4749 589 4803 tione
626 4745 692 4802 ⁸³.
722 4766 740 4798 ι
776 4747 911 4806 Nam
945 4747 1112 4814 Deus,
1153 4750 1258 4808 etsi
1304 4759 1496 4827 suapte
1523 4756 1720 4809 natura
1747 4751 1902 4808 dives
1926 4753 2034 4822 sit,

437 4855 647 4914 pauper
679 4853 790 4898 una
829 4837 1118 4894 nobiscum
1150 4849 1236 4896 est
1267 4841 1464 4908 factus,
1503 4851 1563 4899 ut
1593 4858 1696 4900 nos
1725 4858 1824 4916 per
1850 4841 2035 4916 ipsius

433 4938 818 5004 paupertatem
845 4930 1263 4998 ditesceremus.
1297 4935 1437 4992 Hinc
1470 4937 1654 5012 itaque
1687 4938 1912 5000 omnino
1937 4949 2026 5010 est

435 5029 492 5075 et
515 5020 674 5092 panis
699 5019 940 5096 pinguis,
973 5020 1078 5077 hoc
1101 5030 1206 5088 est,
1229 5023 1388 5079 valde
1433 5027 1672 5094 opimus,
1701 5037 1759 5082 et
1778 5027 1848 5082 ad
1867 5025 2019 5086 alen-

433 5113 566 5168 dum
614 5110 1044 5174 efﬁcacissimus.
1089 5100 1204 5180 Alit
1249 5116 1399 5178 enim
1441 5126 1502 5174 et
1523 5120 1736 5176 enutrit
1765 5135 1868 5176 nos
1899 5120 2021 5186 Sal-

432 5210 588 5258 vator
625 5209 814 5266 noster
853 5193 1014 5270 Iesus
1063 5205 1336 5273 Christus,
1382 5224 1492 5267 non
1533 5211 1795 5266 sensibile
1821 5228 2021 5268 manna

430 5292 706 5363 praebens,
737 5294 882 5350 sicut
902 5293 1031 5362 olim
1059 5295 1341 5365 lsraelitis,
1379 5298 1476 5355 sed
1519 5300 1761 5372 seipsum
1796 5303 1852 5358 in
1890 5304 2014 5358 ani-

430 5401 549 5440 mas
607 5383 852 5447 ﬁdelium
906 5387 1209 5447 immittens
1258 5408 1357 5463 per
1417 5393 1683 5463 Spiritum
1738 5406 2010 5456 sanctum.

434 5476 587 5548 Unde
625 5487 682 5534 et
735 5479 1023 5536 dicebatur
1077 5485 1296 5554 populis
1339 5486 1654 5552 Judaaorum
1692 5507 1705 5556 ;
1759 5508 1778 5541 ι
1807 5489 2007 5556 Amen,

2120 4564 2211 4616 ἐπὶ
2248 4565 2314 4635 τῇ
2349 4562 2533 4638 χάριτι
2571 4561 2666 4618 τοῦ
2699 4563 2835 4620 Θεοῦ
2868 4567 2935 4639 τῇ
2964 4565 3180 4642 δοθείσῃ
3227 4570 3358 4640 ὑμῖν
3391 4573 3450 4624 ὲν
3473 4575 3706 4645 ,Χριστῷ

2133 4653 2326 4724 Ἰησοῦ,
2361 4653 2442 4708 ὅτι
2477 4655 2534 4706 ἐν
2566 4653 2726 4709 παντὶ
2763 4653 3152 4726 ἐπλουτίσθητε
3185 4658 3243 4711 ἐν
3264 4658 3510 4731 αὑτῷ,ὲν
3539 4665 3705 4716 παντὶ

2119 4744 2262 4816 λόγῳ
2295 4745 2389 4807 καὶ
2431 4744 2580 4816 πάσῃ
2624 4743 2844 4813 γνώσει.
2878 4764 2898 4796 »
2930 4746 3351 4828 Συνεπτὼχευσε
3379 4752 3488 4825 γάρ
3542 4755 3702 4825 ἡμῖν,

2120 4838 2295 4894 καίτοι
2351 4837 2605 4901 πλούσιος
2656 4836 2732 4898 ὢν
2770 4840 2798 4890 6
2852 4838 3020 4906 Θεὸς,
3073 4841 3164 4900 ἵνα
3210 4844 3483 4916 ἡμεῖς-τῇ
3535 4847 3703 4902 αὑτοῦ

2119 4933 2368 5008 πτωχείᾳ
2400 4934 2815 5006 πλουτήσωμεν.
2837 4933 3027 5008 Τούτῳ
3073 4933 3140 5006 δὴ
3176 4935 3396 5006 πάντως
3447 4940 3568 4992 ἐστὶ
3604 4941 3704 4993 καὶ

2119 5024 2258 5085 πίων
2287 5027 2316 5078 6
2346 5027 2531 5095 ἄρτος,
2554 5026 2838 5092 τουτέστι,
2865 5025 3094 5098 λιπαρὸς
3121 5027 3260 5096 ἄγαν
3294 5029 3388 5084 καὶ
3417 5032 3705 5100 τροφιμώ-

2116 5134 2296 5180 τατος.
2341 5118 2546 5188 Τρέφει
2597 5118 2707 5190 γὰρ
2750 5119 2898 5190 ἡμᾶς
2937 5121 2966 5174 6
3021 5121 3228 5192 Κύριος
3269 5121 3426 5192 ἡμῶν
3487 5123 3704 5194 Ἰησοῦς

2117 5213 2384 5282 Χριστὸς,
2416 5212 2478 5264 οὐ
2513 5211 2690 5281 μάννα
2736 5212 2798 5266 τὸ
2825 5211 3085 5284 αἰσθητὸν
3129 5211 3374 5280 καθιεὶς,
3421 5215 3566 5270 καθὰ
3604 5217 3704 5268 καὶ

2123 5304 2292 5360 πάλαι
2319 5306 2428 5366 τοῖς
2449 5303 2507 5370 ἐξ
2526 5303 2764 5376 Ἰσραὴλ,
2786 5304 2902 5358 ἀλλ’
2921 5303 3257 5371 ἑαυτδν“ταῖς
3278 5305 3385 5358 τῶν
3412 5307 3701 5360 πιστευόν-

2120 5410 2228 5452 των
2270 5392 2549 5458 evomiva
2596 5393 2795 5464 ψυχαῖς
2838 5393 2930 5447 διὰ
2991 5393 3088 5448 τοῦ
3141 5393 3298 5462 ἁγίου
3353 5393 3699 5464 Πνεῦματος.

2117 5487 2410 5558 Τοιγάρτοι
2429 5486 2524 5546 καὶ
2547 5483 2756 5554 ἔφασκε
2783 5489 2895 5551 τοῖς
2927 5487 3197 5544 Ἰουδαίων
3212 5487 3429 5558 δήμοιςο
3464 5506 3484 5540 ι
3523 5487 3700 5557 Ἀμὴν

499 5589 546 5670 1'
574 5589 919 5670 Matthzxxn,
943 5595 1123 5670 153,17.
1201 5600 1247 5631 "
1286 5601 1449 5665 lbid.,
1475 5603 1565 5657 2|.
1639 5603 1685 5635 ⁷⁸
1711 5603 1902 5656 Matth.
1930 5619 2026 5658 xxr

2128 5604 2168 5658 ς.
2245 5599 2598 5670 ’³1ῦί(1.,ἓό.
2673 5600 3130 5667 "Ibid.,24-27.
3212 5602 3694 5669 "Isa.xm,u;

430 5641 919 5742 3.31%:
949 5641 1094 5724 '66:}:
1112 5641 1269 5735 ἰυι,
1290 5641 1449 5724 'é’é?"
1469 5641 2026 5740 ττέςοιοεςῖ-ῑῑζξςυῖε

2128 5641 2263 5731 Ξὶιιι.
2303 5641 2658 5740 iriiri?“
2687 5641 3130 5741 Ρτῖιέῗίἔιιῖῗῖέἰ
3179 5672 3228 5707 εί
3256 5641 3402 5731 r312
3428 5641 3579 5742 ἱὶὶῖζ
3603 5641 3693 5728 ἱδῖ

429 5725 477 5761 ⁸³
508 5727 672 5786 'Cor.
709 5743 746 5796 ι,
785 5729 838 5796 4,
879 5730 930 5785 5.
