  <div class='ocr_page' id='page_1' title='image "/cluster/home/n/w/nwhite01/storage/ocr_20150623/69/hvd.32044073501983/191.png"; bbox 0 0 4024 6198; ppageno 0'>
   <div class='ocr_carea' id='block_1_1' title="bbox 437 342 3689 426">
    <p class='ocr_par' dir='ltr' id='par_1_1' title="bbox 437 342 3689 426">
     <span class='ocr_line' id='line_1_1' title="bbox 437 342 3689 426; baseline -0.008 0"><span class='ocrx_word' id='word_1_1' title='bbox 437 366 540 426; x_wconf 67' lang='grc'><strong>871</strong></span> <span class='ocrx_word' id='word_1_2' title='bbox 1480 359 1536 416; x_wconf 81' lang='lat' dir='ltr'><strong>S.</strong></span> <span class='ocrx_word' id='word_1_3' title='bbox 1577 356 1852 416; x_wconf 73' lang='lat' dir='ltr'><strong>CYRILLI</strong></span> <span class='ocrx_word' id='word_1_4' title='bbox 1884 354 2354 412; x_wconf 67' lang='lat' dir='ltr'><strong>ALEXANDle</strong></span> <span class='ocrx_word' id='word_1_5' title='bbox 2391 353 2709 411; x_wconf 64' lang='lat' dir='ltr'><strong>ARCHIEP.</strong></span> <span class='ocrx_word' id='word_1_6' title='bbox 3588 342 3689 399; x_wconf 65' lang='lat'><strong>373</strong></span> 
     </span>
    </p>
   </div>
   <div class='ocr_carea' id='block_1_2' title="bbox 444 459 2057 553">
    <p class='ocr_par' dir='ltr' id='par_1_2' title="bbox 444 469 2057 553">
     <span class='ocr_line' id='line_1_2' title="bbox 444 469 2057 553; baseline -0.006 -19"><span class='ocrx_word' id='word_1_7' title='bbox 444 478 731 553; x_wconf 73' lang='lat' dir='ltr'><strong>palmitem</strong></span> <span class='ocrx_word' id='word_1_8' title='bbox 754 475 852 546; x_wconf 88' lang='lat' dir='ltr'><strong>qui</strong></span> <span class='ocrx_word' id='word_1_9' title='bbox 882 474 938 530; x_wconf 91' lang='lat' dir='ltr'><strong>in</strong></span> <span class='ocrx_word' id='word_1_10' title='bbox 965 488 1054 530; x_wconf 89' lang='lat' dir='ltr'><strong>me</strong></span> <span class='ocrx_word' id='word_1_11' title='bbox 1078 487 1191 529; x_wconf 87' lang='lat' dir='ltr'><strong>non</strong></span> <span class='ocrx_word' id='word_1_12' title='bbox 1215 469 1328 528; x_wconf 89' lang='lat' dir='ltr'><strong>fcrt</strong></span> <span class='ocrx_word' id='word_1_13' title='bbox 1348 469 1616 536; x_wconf 83' lang='lat' dir='ltr'><strong>fructum,</strong></span> <span class='ocrx_word' id='word_1_14' title='bbox 1639 469 1806 535; x_wconf 90' lang='lat' dir='ltr'><strong>tollit,</strong></span> <span class='ocrx_word' id='word_1_15' title='bbox 1830 476 1888 525; x_wconf 91' lang='lat' dir='ltr'><strong>et</strong></span> <span class='ocrx_word' id='word_1_16' title='bbox 1911 482 2024 523; x_wconf 81' lang='lat' dir='ltr'><strong>om-</strong></span> <span class='ocrx_word' id='word_1_17' title='bbox 2052 512 2057 525; x_wconf 85' lang='grc'><strong>.</strong></span> 
     </span>
    </p>
   </div>
   <div class='ocr_carea' id='block_1_3' title="bbox 2158 459 3695 553">
    <p class='ocr_par' dir='ltr' id='par_1_3' title="bbox 2201 459 3695 553">
     <span class='ocr_line' id='line_1_3' title="bbox 2201 459 3695 553; baseline -0.006 -31"><span class='ocrx_word' id='word_1_18' title='bbox 2201 465 2345 536; x_wconf 77' lang='grc' dir='ltr'><strong>Ἐγώ</strong></span> <span class='ocrx_word' id='word_1_19' title='bbox 2375 468 2492 538; x_wconf 87' lang='grc' dir='ltr'>είμι</span> <span class='ocrx_word' id='word_1_20' title='bbox 2525 468 2560 537; x_wconf 71' lang='grc' dir='ltr'><strong>ἡ</strong></span> <span class='ocrx_word' id='word_1_21' title='bbox 2586 465 2832 537; x_wconf 71' lang='grc' dir='ltr'>ἄμπελος</span> <span class='ocrx_word' id='word_1_22' title='bbox 2865 464 2897 534; x_wconf 76' lang='grc' dir='ltr'><strong>ἡ</strong></span> <span class='ocrx_word' id='word_1_23' title='bbox 2925 460 3177 534; x_wconf 78' lang='grc' dir='ltr'>ἀληθινὴ,</span> <span class='ocrx_word' id='word_1_24' title='bbox 3207 460 3350 516; x_wconf 78' lang='grc' dir='ltr'>καὶὸ</span> <span class='ocrx_word' id='word_1_25' title='bbox 3374 459 3560 553; x_wconf 67' lang='grc' dir='ltr'>Πατήρ</span> <span class='ocrx_word' id='word_1_26' title='bbox 3591 474 3695 530; x_wconf 79' lang='grc' dir='ltr'><strong>μου</strong></span> 
     </span>
    </p>
   </div>
   <div class='ocr_carea' id='block_1_4' title="bbox 442 552 2057 639">
    <p class='ocr_par' dir='ltr' id='par_1_4' title="bbox 442 552 2022 639">
     <span class='ocr_line' id='line_1_4' title="bbox 442 552 2022 639; baseline -0.007 -13"><span class='ocrx_word' id='word_1_27' title='bbox 442 552 572 626; x_wconf 83' lang='lat' dir='ltr'><strong>nem</strong></span> <span class='ocrx_word' id='word_1_28' title='bbox 601 567 698 639; x_wconf 92' lang='lat' dir='ltr'><strong>qui</strong></span> <span class='ocrx_word' id='word_1_29' title='bbox 719 565 828 623; x_wconf 98' lang='lat' dir='ltr'><strong>fert</strong></span> <span class='ocrx_word' id='word_1_30' title='bbox 852 566 1114 628; x_wconf 88' lang='lat' dir='ltr'><strong>fructum,</strong></span> <span class='ocrx_word' id='word_1_31' title='bbox 1139 571 1357 635; x_wconf 84' lang='lat' dir='ltr'><strong>purgat,</strong></span> <span class='ocrx_word' id='word_1_32' title='bbox 1389 571 1453 618; x_wconf 93' lang='lat' dir='ltr'><strong>ut</strong></span> <span class='ocrx_word' id='word_1_33' title='bbox 1488 561 1729 619; x_wconf 87' lang='lat' dir='ltr'><strong>fructum</strong></span> <span class='ocrx_word' id='word_1_34' title='bbox 1754 560 2022 633; x_wconf 89' lang='lat' dir='ltr'><strong>producat</strong></span> 
     </span>
    </p>
   </div>
   <div class='ocr_carea' id='block_1_5' title="bbox 2158 552 3696 639">
    <p class='ocr_par' dir='ltr' id='par_1_5' title="bbox 2185 552 3696 632">
     <span class='ocr_line' id='line_1_5' title="bbox 2185 552 3696 632; baseline -0.007 -17"><span class='ocrx_word' id='word_1_35' title='bbox 2185 559 2433 632; x_wconf 80' lang='grc' dir='ltr'>γεωργός</span> <span class='ocrx_word' id='word_1_36' title='bbox 2467 560 2602 613; x_wconf 65' lang='grc' dir='ltr'>ἔστι.</span> <span class='ocrx_word' id='word_1_37' title='bbox 2644 557 2757 612; x_wconf 73' lang='grc' dir='ltr'><strong>Πᾶν</strong></span> <span class='ocrx_word' id='word_1_38' title='bbox 2785 555 2972 629; x_wconf 83' lang='grc' dir='ltr'>κλῆμα</span> <span class='ocrx_word' id='word_1_39' title='bbox 3012 557 3072 609; x_wconf 69' lang='grc' dir='ltr'><strong>ιν</strong></span> <span class='ocrx_word' id='word_1_40' title='bbox 3101 555 3227 626; x_wconf 72' lang='grc' dir='ltr'>ἐμοὶ</span> <span class='ocrx_word' id='word_1_41' title='bbox 3268 554 3345 626; x_wconf 78' lang='grc' dir='ltr'>μὴ</span> <span class='ocrx_word' id='word_1_42' title='bbox 3379 552 3542 624; x_wconf 76' lang='grc' dir='ltr'>φέρον</span> <span class='ocrx_word' id='word_1_43' title='bbox 3566 568 3696 623; x_wconf 88' lang='grc' dir='ltr'>καρ-</span> 
     </span>
    </p>
   </div>
   <div class='ocr_carea' id='block_1_6' title="bbox 443 653 2022 733">
    <p class='ocr_par' dir='ltr' id='par_1_6' title="bbox 443 653 2022 733">
     <span class='ocr_line' id='line_1_6' title="bbox 443 653 2022 733; baseline -0.006 -15"><span class='ocrx_word' id='word_1_44' title='bbox 443 659 810 733; x_wconf 85' lang='lat' dir='ltr'><strong>copiosiorem</strong></span> <span class='ocrx_word' id='word_1_45' title='bbox 853 660 920 713; x_wconf 74' lang='grc'><strong>⁸³.</strong></span> <span class='ocrx_word' id='word_1_46' title='bbox 953 675 973 710; x_wconf 77' lang='grc' dir='ltr'><strong>ι</strong></span> <span class='ocrx_word' id='word_1_47' title='bbox 1023 657 1160 712; x_wconf 86' lang='lat' dir='ltr'><strong>Nam</strong></span> <span class='ocrx_word' id='word_1_48' title='bbox 1185 655 1453 712; x_wconf 79' lang='lat' dir='ltr'><strong>Dominus</strong></span> <span class='ocrx_word' id='word_1_49' title='bbox 1473 664 1663 710; x_wconf 88' lang='lat' dir='ltr'><strong>noster</strong></span> <span class='ocrx_word' id='word_1_50' title='bbox 1682 653 1840 710; x_wconf 83' lang='lat' dir='ltr'><strong>Jesus</strong></span> <span class='ocrx_word' id='word_1_51' title='bbox 1859 653 2022 710; x_wconf 82' lang='lat' dir='ltr'><strong>Chri-</strong></span> 
     </span>
    </p>
   </div>
   <div class='ocr_carea' id='block_1_7' title="bbox 403 744 2025 820">
    <p class='ocr_par' dir='ltr' id='par_1_7' title="bbox 403 744 2025 820">
     <span class='ocr_line' id='line_1_7' title="bbox 403 744 2025 820; baseline -0.006 -10"><span class='ocrx_word' id='word_1_52' title='bbox 403 763 412 766; x_wconf 83' lang='lat'>&#39;</span> <span class='ocrx_word' id='word_1_53' title='bbox 445 763 567 810; x_wconf 83' lang='lat' dir='ltr'><strong>stus</strong></span> <span class='ocrx_word' id='word_1_54' title='bbox 615 761 701 808; x_wconf 89' lang='lat' dir='ltr'><strong>est</strong></span> <span class='ocrx_word' id='word_1_55' title='bbox 745 750 918 806; x_wconf 86' lang='lat' dir='ltr'><strong>veluti</strong></span> <span class='ocrx_word' id='word_1_56' title='bbox 963 750 1118 804; x_wconf 81' lang='lat' dir='ltr'><strong>radix</strong></span> <span class='ocrx_word' id='word_1_57' title='bbox 1157 749 1406 820; x_wconf 74' lang='lat' dir='ltr'><strong>quaedam</strong></span> <span class='ocrx_word' id='word_1_58' title='bbox 1445 756 1503 804; x_wconf 89' lang='lat' dir='ltr'><strong>et</strong></span> <span class='ocrx_word' id='word_1_59' title='bbox 1552 747 1724 820; x_wconf 89' lang='lat' dir='ltr'><strong>stipes</strong></span> <span class='ocrx_word' id='word_1_60' title='bbox 1763 747 1893 802; x_wconf 87' lang='lat' dir='ltr'><strong>vitis</strong></span> <span class='ocrx_word' id='word_1_61' title='bbox 1925 744 2025 801; x_wconf 86' lang='lat' dir='ltr'><strong>ad-</strong></span> 
     </span>
    </p>
   </div>
   <div class='ocr_carea' id='block_1_8' title="bbox 448 837 2026 911">
    <p class='ocr_par' dir='ltr' id='par_1_8' title="bbox 448 837 2026 911">
     <span class='ocr_line' id='line_1_8' title="bbox 448 837 2026 911; baseline -0.004 -12"><span class='ocrx_word' id='word_1_62' title='bbox 448 843 672 899; x_wconf 86' lang='lat' dir='ltr'><strong>modum</strong></span> <span class='ocrx_word' id='word_1_63' title='bbox 716 841 1072 898; x_wconf 77' lang='lat' dir='ltr'><strong>exuberantis</strong></span> <span class='ocrx_word' id='word_1_64' title='bbox 1119 848 1288 911; x_wconf 90' lang='lat' dir='ltr'><strong>atque</strong></span> <span class='ocrx_word' id='word_1_65' title='bbox 1333 846 1544 896; x_wconf 65' lang='lat' dir='ltr'><strong>onustae</strong></span> <span class='ocrx_word' id='word_1_66' title='bbox 1589 838 1790 894; x_wconf 87' lang='lat' dir='ltr'><strong>talibus</strong></span> <span class='ocrx_word' id='word_1_67' title='bbox 1827 837 2026 902; x_wconf 86' lang='lat' dir='ltr'><strong>botris,</strong></span> 
     </span>
    </p>
   </div>
   <div class='ocr_carea' id='block_1_9' title="bbox 447 930 2030 1005">
    <p class='ocr_par' dir='ltr' id='par_1_9' title="bbox 447 930 2030 1005">
     <span class='ocr_line' id='line_1_9' title="bbox 447 930 2030 1005; baseline -0.003 -16"><span class='ocrx_word' id='word_1_68' title='bbox 447 934 545 1005; x_wconf 91' lang='lat' dir='ltr'><strong>qui</strong></span> <span class='ocrx_word' id='word_1_69' title='bbox 582 933 652 989; x_wconf 92' lang='lat' dir='ltr'><strong>ad</strong></span> <span class='ocrx_word' id='word_1_70' title='bbox 693 933 993 990; x_wconf 74' lang='lat' dir='ltr'><strong>novitatem</strong></span> <span class='ocrx_word' id='word_1_71' title='bbox 1027 931 1257 1004; x_wconf 81' lang='lat' dir='ltr'><strong>spiritus</strong></span> <span class='ocrx_word' id='word_1_72' title='bbox 1288 940 1420 989; x_wconf 88' lang='lat' dir='ltr'><strong>sunt</strong></span> <span class='ocrx_word' id='word_1_73' title='bbox 1438 930 1684 988; x_wconf 75' lang='lat' dir='ltr'><strong>adducti.</strong></span> <span class='ocrx_word' id='word_1_74' title='bbox 1711 930 1822 987; x_wconf 83' lang='lat' dir='ltr'><strong>Nos</strong></span> <span class='ocrx_word' id='word_1_75' title='bbox 1843 938 2030 986; x_wconf 88' lang='lat' dir='ltr'><strong>autem</strong></span> 
     </span>
    </p>
   </div>
   <div class='ocr_carea' id='block_1_10' title="bbox 450 1019 2031 1096">
    <p class='ocr_par' dir='ltr' id='par_1_10' title="bbox 450 1019 2031 1096">
     <span class='ocr_line' id='line_1_10' title="bbox 450 1019 2031 1096; baseline -0.005 -14"><span class='ocrx_word' id='word_1_76' title='bbox 450 1039 645 1082; x_wconf 83' lang='lat' dir='ltr'><strong>sumus</strong></span> <span class='ocrx_word' id='word_1_77' title='bbox 698 1024 875 1080; x_wconf 86' lang='lat' dir='ltr'><strong>instar</strong></span> <span class='ocrx_word' id='word_1_78' title='bbox 925 1024 1216 1096; x_wconf 85' lang='lat' dir='ltr'><strong>palmitum</strong></span> <span class='ocrx_word' id='word_1_79' title='bbox 1259 1023 1316 1080; x_wconf 90' lang='lat' dir='ltr'><strong>in</strong></span> <span class='ocrx_word' id='word_1_80' title='bbox 1370 1022 1583 1079; x_wconf 83' lang='lat' dir='ltr'><strong>unitate</strong></span> <span class='ocrx_word' id='word_1_81' title='bbox 1640 1021 1870 1092; x_wconf 82' lang='lat' dir='ltr'><strong>spiritus</strong></span> <span class='ocrx_word' id='word_1_82' title='bbox 1926 1019 2031 1090; x_wconf 89' lang='lat' dir='ltr'><strong>ipsi</strong></span> 
     </span>
    </p>
   </div>
   <div class='ocr_carea' id='block_1_11' title="bbox 453 1113 2033 1192">
    <p class='ocr_par' dir='ltr' id='par_1_11' title="bbox 453 1113 2033 1192">
     <span class='ocr_line' id='line_1_11' title="bbox 453 1113 2033 1192; baseline -0.003 -18"><span class='ocrx_word' id='word_1_83' title='bbox 453 1117 637 1192; x_wconf 82' lang='lat' dir='ltr'><strong>agnati</strong></span> <span class='ocrx_word' id='word_1_84' title='bbox 654 1125 713 1174; x_wconf 89' lang='lat' dir='ltr'><strong>et</strong></span> <span class='ocrx_word' id='word_1_85' title='bbox 740 1117 916 1183; x_wconf 84' lang='lat' dir='ltr'><strong>insiti,</strong></span> <span class='ocrx_word' id='word_1_86' title='bbox 949 1133 1077 1174; x_wconf 86' lang='lat' dir='ltr'><strong>cum</strong></span> <span class='ocrx_word' id='word_1_87' title='bbox 1100 1117 1523 1191; x_wconf 80' lang='lat' dir='ltr'><strong>intelligibiiiter</strong></span> <span class='ocrx_word' id='word_1_88' title='bbox 1560 1132 1662 1188; x_wconf 83' lang='lat' dir='ltr'><strong>per</strong></span> <span class='ocrx_word' id='word_1_89' title='bbox 1704 1113 2033 1172; x_wconf 86' lang='lat' dir='ltr'><strong>charitatem</strong></span> 
     </span>
    </p>
   </div>
   <div class='ocr_carea' id='block_1_12' title="bbox 451 1209 2034 1283">
    <p class='ocr_par' dir='ltr' id='par_1_12' title="bbox 451 1209 2034 1283">
     <span class='ocr_line' id='line_1_12' title="bbox 451 1209 2034 1283; baseline -0.004 -14"><span class='ocrx_word' id='word_1_90' title='bbox 451 1213 508 1269; x_wconf 84' lang='lat' dir='ltr'><strong>ei</strong></span> <span class='ocrx_word' id='word_1_91' title='bbox 555 1211 837 1277; x_wconf 86' lang='lat' dir='ltr'><strong>uniamur,</strong></span> <span class='ocrx_word' id='word_1_92' title='bbox 886 1227 952 1267; x_wconf 90' lang='lat' dir='ltr'><strong>ac</strong></span> <span class='ocrx_word' id='word_1_93' title='bbox 1000 1211 1172 1268; x_wconf 87' lang='lat' dir='ltr'><strong>veluti</strong></span> <span class='ocrx_word' id='word_1_94' title='bbox 1206 1210 1541 1283; x_wconf 70' lang='lat' dir='ltr'><strong>pinguedine</strong></span> <span class='ocrx_word' id='word_1_95' title='bbox 1571 1209 1642 1266; x_wconf 85' lang='lat' dir='ltr'><strong>ab</strong></span> <span class='ocrx_word' id='word_1_96' title='bbox 1665 1209 1787 1280; x_wconf 85' lang='lat' dir='ltr'><strong>ipso</strong></span> <span class='ocrx_word' id='word_1_97' title='bbox 1806 1215 2034 1278; x_wconf 82' lang='lat' dir='ltr'><strong>accepts</strong></span> 
     </span>
    </p>
   </div>
   <div class='ocr_carea' id='block_1_13' title="bbox 451 1298 2036 1375">
    <p class='ocr_par' dir='ltr' id='par_1_13' title="bbox 451 1298 2036 1375">
     <span class='ocr_line' id='line_1_13' title="bbox 451 1298 2036 1375; baseline -0.003 -17"><span class='ocrx_word' id='word_1_98' title='bbox 451 1302 818 1368; x_wconf 79' lang='lat' dir='ltr'><strong>luxuriantes,</strong></span> <span class='ocrx_word' id='word_1_99' title='bbox 867 1303 1056 1358; x_wconf 87' lang='lat' dir='ltr'><strong>divina</strong></span> <span class='ocrx_word' id='word_1_100' title='bbox 1103 1303 1276 1375; x_wconf 87' lang='lat' dir='ltr'><strong>gratia</strong></span> <span class='ocrx_word' id='word_1_101' title='bbox 1312 1303 1524 1358; x_wconf 87' lang='lat' dir='ltr'><strong>alamur</strong></span> <span class='ocrx_word' id='word_1_102' title='bbox 1565 1300 1632 1357; x_wconf 91' lang='lat' dir='ltr'><strong>ad</strong></span> <span class='ocrx_word' id='word_1_103' title='bbox 1654 1298 2036 1357; x_wconf 83' lang='lat' dir='ltr'><strong>fructificstio-</strong></span> 
     </span>
    </p>
   </div>
   <div class='ocr_carea' id='block_1_14' title="bbox 455 1391 2035 1450">
    <p class='ocr_par' dir='ltr' id='par_1_14' title="bbox 455 1391 2035 1450">
     <span class='ocr_line' id='line_1_14' title="bbox 455 1391 2035 1450; baseline -0.003 0"><span class='ocrx_word' id='word_1_104' title='bbox 455 1409 586 1450; x_wconf 86' lang='lat' dir='ltr'><strong>nem</strong></span> <span class='ocrx_word' id='word_1_105' title='bbox 623 1394 865 1450; x_wconf 87' lang='lat' dir='ltr'><strong>virtutis.</strong></span> <span class='ocrx_word' id='word_1_106' title='bbox 904 1393 1080 1450; x_wconf 83' lang='lat' dir='ltr'><strong>Porro</strong></span> <span class='ocrx_word' id='word_1_107' title='bbox 1119 1409 1226 1450; x_wconf 87' lang='lat' dir='ltr'><strong>una</strong></span> <span class='ocrx_word' id='word_1_108' title='bbox 1253 1408 1379 1449; x_wconf 91' lang='lat' dir='ltr'><strong>cum</strong></span> <span class='ocrx_word' id='word_1_109' title='bbox 1404 1392 1542 1448; x_wconf 81' lang='lat' dir='ltr'><strong>Filio</strong></span> <span class='ocrx_word' id='word_1_110' title='bbox 1562 1393 1730 1448; x_wconf 87' lang='lat' dir='ltr'><strong>etiam</strong></span> <span class='ocrx_word' id='word_1_111' title='bbox 1752 1391 1916 1448; x_wconf 82' lang='lat' dir='ltr'><strong>Pater</strong></span> <span class='ocrx_word' id='word_1_112' title='bbox 1935 1404 2035 1446; x_wconf 82' lang='lat' dir='ltr'><strong>cu-</strong></span> 
     </span>
    </p>
   </div>
   <div class='ocr_carea' id='block_1_15' title="bbox 457 1478 2035 1556">
    <p class='ocr_par' dir='ltr' id='par_1_15' title="bbox 457 1478 2035 1556">
     <span class='ocr_line' id='line_1_15' title="bbox 457 1478 2035 1556; baseline -0.002 -16"><span class='ocrx_word' id='word_1_113' title='bbox 457 1499 578 1540; x_wconf 86' lang='lat' dir='ltr'><strong>ram</strong></span> <span class='ocrx_word' id='word_1_114' title='bbox 622 1484 766 1556; x_wconf 84' lang='lat' dir='ltr'><strong>gerit</strong></span> <span class='ocrx_word' id='word_1_115' title='bbox 809 1483 1008 1540; x_wconf 84' lang='lat' dir='ltr'><strong>nostri.</strong></span> <span class='ocrx_word' id='word_1_116' title='bbox 1051 1484 1168 1542; x_wconf 87' lang='lat' dir='ltr'><strong>lmo</strong></span> <span class='ocrx_word' id='word_1_117' title='bbox 1199 1498 1334 1540; x_wconf 78' lang='lat' dir='ltr'><strong>vero</strong></span> <span class='ocrx_word' id='word_1_118' title='bbox 1369 1482 1720 1539; x_wconf 87' lang='lat' dir='ltr'><strong>manifestum</strong></span> <span class='ocrx_word' id='word_1_119' title='bbox 1757 1490 1844 1538; x_wconf 87' lang='lat' dir='ltr'><strong>est</strong></span> <span class='ocrx_word' id='word_1_120' title='bbox 1865 1478 2035 1551; x_wconf 88' lang='lat' dir='ltr'><strong>quod,</strong></span> 
     </span>
    </p>
   </div>
   <div class='ocr_carea' id='block_1_16' title="bbox 457 1572 2040 1647">
    <p class='ocr_par' dir='ltr' id='par_1_16' title="bbox 457 1572 2040 1647">
     <span class='ocr_line' id='line_1_16' title="bbox 457 1572 2040 1647; baseline -0.003 -16"><span class='ocrx_word' id='word_1_121' title='bbox 457 1574 677 1631; x_wconf 78' lang='lat' dir='ltr'><strong>etiamsi</strong></span> <span class='ocrx_word' id='word_1_122' title='bbox 717 1573 972 1632; x_wconf 80' lang='lat' dir='ltr'><strong>Christus</strong></span> <span class='ocrx_word' id='word_1_123' title='bbox 1012 1573 1351 1647; x_wconf 72' lang='lat' dir='ltr'><strong>intelligatur</strong></span> <span class='ocrx_word' id='word_1_124' title='bbox 1389 1574 1542 1639; x_wconf 81' lang='lat' dir='ltr'><strong>vitis,</strong></span> <span class='ocrx_word' id='word_1_125' title='bbox 1594 1574 1757 1630; x_wconf 73' lang='lat' dir='ltr'><strong>Pater</strong></span> <span class='ocrx_word' id='word_1_126' title='bbox 1800 1572 2040 1645; x_wconf 83' lang='lat' dir='ltr'><strong>agricola</strong></span> 
     </span>
    </p>
   </div>
   <div class='ocr_carea' id='block_1_17' title="bbox 460 1665 2043 1739">
    <p class='ocr_par' dir='ltr' id='par_1_17' title="bbox 460 1665 2043 1739">
     <span class='ocr_line' id='line_1_17' title="bbox 460 1665 2043 1739; baseline 0 -17"><span class='ocrx_word' id='word_1_127' title='bbox 460 1673 567 1732; x_wconf 75' lang='lat' dir='ltr'><strong>est,</strong></span> <span class='ocrx_word' id='word_1_128' title='bbox 619 1681 784 1723; x_wconf 89' lang='lat' dir='ltr'><strong>omne</strong></span> <span class='ocrx_word' id='word_1_129' title='bbox 825 1682 1228 1739; x_wconf 86' lang='lat' dir='ltr'><strong>supervacuum</strong></span> <span class='ocrx_word' id='word_1_130' title='bbox 1276 1667 1334 1723; x_wconf 88' lang='lat' dir='ltr'><strong>in</strong></span> <span class='ocrx_word' id='word_1_131' title='bbox 1375 1665 1598 1724; x_wconf 86' lang='lat' dir='ltr'><strong>Christo</strong></span> <span class='ocrx_word' id='word_1_132' title='bbox 1633 1673 1945 1738; x_wconf 84' lang='lat' dir='ltr'><strong>amputans,</strong></span> <span class='ocrx_word' id='word_1_133' title='bbox 1985 1674 2043 1722; x_wconf 90' lang='lat' dir='ltr'><strong>et</strong></span> 
     </span>
    </p>
   </div>
   <div class='ocr_carea' id='block_1_18' title="bbox 462 1756 2040 1829">
    <p class='ocr_par' dir='ltr' id='par_1_18' title="bbox 462 1756 2040 1829">
     <span class='ocr_line' id='line_1_18' title="bbox 462 1756 2040 1829; baseline 0.004 -20"><span class='ocrx_word' id='word_1_134' title='bbox 462 1768 652 1810; x_wconf 83' lang='lat' dir='ltr'><strong>curam</strong></span> <span class='ocrx_word' id='word_1_135' title='bbox 686 1756 957 1813; x_wconf 86' lang='lat' dir='ltr'><strong>adhibens</strong></span> <span class='ocrx_word' id='word_1_136' title='bbox 1003 1765 1253 1829; x_wconf 87' lang='lat' dir='ltr'><strong>utquam</strong></span> <span class='ocrx_word' id='word_1_137' title='bbox 1283 1757 1490 1828; x_wconf 87' lang='lat' dir='ltr'><strong>optime</strong></span> <span class='ocrx_word' id='word_1_138' title='bbox 1527 1758 1854 1828; x_wconf 81' lang='lat' dir='ltr'><strong>proveniant</strong></span> <span class='ocrx_word' id='word_1_139' title='bbox 1875 1759 2040 1825; x_wconf 86' lang='lat' dir='ltr'><strong>bona,</strong></span> 
     </span>
    </p>
   </div>
   <div class='ocr_carea' id='block_1_19' title="bbox 465 1818 2116 1922">
    <p class='ocr_par' dir='ltr' id='par_1_19' title="bbox 465 1818 2116 1922">
     <span class='ocr_line' id='line_1_19' title="bbox 465 1818 2116 1922; baseline -0.007 -4"><span class='ocrx_word' id='word_1_140' title='bbox 465 1853 632 1917; x_wconf 73' lang='grc' dir='ltr'>ιιίιιιο</span> <span class='ocrx_word' id='word_1_141' title='bbox 674 1847 733 1904; x_wconf 78' lang='lat' dir='ltr'><strong>in</strong></span> <span class='ocrx_word' id='word_1_142' title='bbox 779 1847 902 1920; x_wconf 80' lang='lat' dir='ltr'><strong>ipso</strong></span> <span class='ocrx_word' id='word_1_143' title='bbox 947 1818 1154 1920; x_wconf 79' lang='lat' dir='ltr'><strong>queant</strong></span> <span class='ocrx_word' id='word_1_144' title='bbox 1184 1818 1546 1908; x_wconf 59' lang='lat' dir='ltr'><strong>fructiﬁcare:</strong></span> <span class='ocrx_word' id='word_1_145' title='bbox 1567 1850 1707 1908; x_wconf 87' lang='lat' dir='ltr'><strong>Cum</strong></span> <span class='ocrx_word' id='word_1_146' title='bbox 1736 1852 1923 1922; x_wconf 84' lang='lat' dir='ltr'><strong>itaque</strong></span> <span class='ocrx_word' id='word_1_147' title='bbox 1947 1818 2044 1908; x_wconf 56' lang='lat' dir='ltr'><strong>de;</strong></span> <span class='ocrx_word' id='word_1_148' title='bbox 2073 1818 2116 1875; x_wconf 63' lang='grc' dir='ltr'><strong><em>Β</em></strong></span> 
     </span>
    </p>
   </div>
   <div class='ocr_carea' id='block_1_20' title="bbox 467 1938 2046 2012">
    <p class='ocr_par' dir='ltr' id='par_1_20' title="bbox 467 1938 2046 2012">
     <span class='ocr_line' id='line_1_20' title="bbox 467 1938 2046 2012; baseline 0.003 -19"><span class='ocrx_word' id='word_1_149' title='bbox 467 1938 674 1994; x_wconf 89' lang='lat' dir='ltr'><strong>cuisset</strong></span> <span class='ocrx_word' id='word_1_150' title='bbox 691 1939 1006 2000; x_wconf 68' lang='lat' dir='ltr'><strong>Judmorum</strong></span> <span class='ocrx_word' id='word_1_151' title='bbox 1031 1949 1263 1998; x_wconf 87' lang='lat' dir='ltr'><strong>matrem</strong></span> <span class='ocrx_word' id='word_1_152' title='bbox 1289 1943 1727 2012; x_wconf 65' lang='lat' dir='ltr'><strong>praestantiorem</strong></span> <span class='ocrx_word' id='word_1_153' title='bbox 1755 1942 1954 2008; x_wconf 83' lang='lat' dir='ltr'><strong>videri,</strong></span> <span class='ocrx_word' id='word_1_154' title='bbox 1988 1951 2046 1999; x_wconf 91' lang='lat' dir='ltr'><strong>et</strong></span> 
     </span>
    </p>
   </div>
   <div class='ocr_carea' id='block_1_21' title="bbox 466 2028 2046 2103">
    <p class='ocr_par' dir='ltr' id='par_1_21' title="bbox 466 2028 2046 2103">
     <span class='ocr_line' id='line_1_21' title="bbox 466 2028 2046 2103; baseline 0.004 -21"><span class='ocrx_word' id='word_1_155' title='bbox 466 2039 590 2082; x_wconf 87' lang='lat' dir='ltr'><strong>esse</strong></span> <span class='ocrx_word' id='word_1_156' title='bbox 609 2028 908 2084; x_wconf 78' lang='lat' dir='ltr'><strong>formosam</strong></span> <span class='ocrx_word' id='word_1_157' title='bbox 927 2039 1092 2101; x_wconf 89' lang='lat' dir='ltr'><strong>atque</strong></span> <span class='ocrx_word' id='word_1_158' title='bbox 1115 2045 1342 2100; x_wconf 86' lang='lat' dir='ltr'><strong>opacam</strong></span> <span class='ocrx_word' id='word_1_159' title='bbox 1368 2031 1590 2096; x_wconf 86' lang='lat' dir='ltr'><strong>olivam,</strong></span> <span class='ocrx_word' id='word_1_160' title='bbox 1614 2033 1757 2088; x_wconf 88' lang='lat' dir='ltr'><strong>sicut</strong></span> <span class='ocrx_word' id='word_1_161' title='bbox 1778 2031 2046 2103; x_wconf 85' lang='lat' dir='ltr'><strong>propheta</strong></span> 
     </span>
    </p>
   </div>
   <div class='ocr_carea' id='block_1_22' title="bbox 469 2115 2048 2191">
    <p class='ocr_par' dir='ltr' id='par_1_22' title="bbox 469 2115 2048 2191">
     <span class='ocr_line' id='line_1_22' title="bbox 469 2115 2048 2191; baseline 0.003 -18"><span class='ocrx_word' id='word_1_162' title='bbox 469 2115 586 2173; x_wconf 82' lang='lat' dir='ltr'><strong>ait:</strong></span> <span class='ocrx_word' id='word_1_163' title='bbox 626 2126 745 2174; x_wconf 90' lang='lat' dir='ltr'><strong>tum</strong></span> <span class='ocrx_word' id='word_1_164' title='bbox 781 2119 898 2190; x_wconf 86' lang='lat' dir='ltr'><strong>ipsa</strong></span> <span class='ocrx_word' id='word_1_165' title='bbox 934 2119 1117 2190; x_wconf 88' lang='lat' dir='ltr'><strong>periit,</strong></span> <span class='ocrx_word' id='word_1_166' title='bbox 1156 2119 1408 2191; x_wconf 75' lang='lat' dir='ltr'><strong>ignisque</strong></span> <span class='ocrx_word' id='word_1_167' title='bbox 1431 2119 1487 2176; x_wconf 89' lang='lat' dir='ltr'><strong>in</strong></span> <span class='ocrx_word' id='word_1_168' title='bbox 1508 2136 1573 2176; x_wconf 88' lang='lat' dir='ltr'><strong>ea</strong></span> <span class='ocrx_word' id='word_1_169' title='bbox 1595 2136 1878 2176; x_wconf 88' lang='lat' dir='ltr'><strong>accensus.</strong></span> <span class='ocrx_word' id='word_1_170' title='bbox 1905 2120 2048 2178; x_wconf 77' lang='lat' dir='ltr'><strong>Hinc</strong></span> 
     </span>
    </p>
   </div>
   <div class='ocr_carea' id='block_1_23' title="bbox 468 2209 2047 2279">
    <p class='ocr_par' dir='ltr' id='par_1_23' title="bbox 468 2209 2047 2279">
     <span class='ocr_line' id='line_1_23' title="bbox 468 2209 2047 2279; baseline 0.002 -15"><span class='ocrx_word' id='word_1_171' title='bbox 468 2215 529 2264; x_wconf 82' lang='lat' dir='ltr'><strong>et</strong></span> <span class='ocrx_word' id='word_1_172' title='bbox 572 2209 791 2279; x_wconf 83' lang='lat' dir='ltr'><strong>sapiens</strong></span> <span class='ocrx_word' id='word_1_173' title='bbox 825 2209 1066 2266; x_wconf 80' lang='lat' dir='ltr'><strong>Joannes</strong></span> <span class='ocrx_word' id='word_1_174' title='bbox 1095 2227 1109 2264; x_wconf 87' lang='lat'><strong>:</strong></span> <span class='ocrx_word' id='word_1_175' title='bbox 1157 2229 1176 2261; x_wconf 77' lang='grc' dir='ltr'><strong>ι</strong></span> <span class='ocrx_word' id='word_1_176' title='bbox 1201 2210 1321 2266; x_wconf 82' lang='lat' dir='ltr'><strong>Jam</strong></span> <span class='ocrx_word' id='word_1_177' title='bbox 1351 2210 1654 2266; x_wconf 83' lang='lat' dir='ltr'><strong>securisad</strong></span> <span class='ocrx_word' id='word_1_178' title='bbox 1687 2211 1929 2268; x_wconf 90' lang='lat' dir='ltr'><strong>radicem</strong></span> <span class='ocrx_word' id='word_1_179' title='bbox 1955 2227 2047 2267; x_wconf 87' lang='lat' dir='ltr'><strong>ar-</strong></span> 
     </span>
    </p>
   </div>
   <div class='ocr_carea' id='block_1_24' title="bbox 471 2295 2048 2373">
    <p class='ocr_par' dir='ltr' id='par_1_24' title="bbox 471 2295 2048 2373">
     <span class='ocr_line' id='line_1_24' title="bbox 471 2295 2048 2373; baseline 0.003 -19"><span class='ocrx_word' id='word_1_180' title='bbox 471 2295 626 2354; x_wconf 84' lang='lat' dir='ltr'><strong>boris</strong></span> <span class='ocrx_word' id='word_1_181' title='bbox 661 2299 843 2367; x_wconf 87' lang='lat' dir='ltr'><strong>posita</strong></span> <span class='ocrx_word' id='word_1_182' title='bbox 873 2307 979 2364; x_wconf 85' lang='lat' dir='ltr'><strong>est.</strong></span> <span class='ocrx_word' id='word_1_183' title='bbox 1004 2299 1202 2372; x_wconf 89' lang='lat' dir='ltr'><strong>inquit.</strong></span> <span class='ocrx_word' id='word_1_184' title='bbox 1233 2299 1426 2356; x_wconf 87' lang='lat' dir='ltr'><strong>Omnis</strong></span> <span class='ocrx_word' id='word_1_185' title='bbox 1454 2302 1622 2373; x_wconf 87' lang='lat' dir='ltr'><strong>igitur</strong></span> <span class='ocrx_word' id='word_1_186' title='bbox 1641 2303 1807 2357; x_wconf 89' lang='lat' dir='ltr'><strong>arbor</strong></span> <span class='ocrx_word' id='word_1_187' title='bbox 1830 2318 1942 2358; x_wconf 88' lang='lat' dir='ltr'><strong>non</strong></span> <span class='ocrx_word' id='word_1_188' title='bbox 1965 2302 2048 2358; x_wconf 87' lang='lat' dir='ltr'><strong>fa-</strong></span> 
     </span>
    </p>
   </div>
   <div class='ocr_carea' id='block_1_25' title="bbox 471 2383 2050 2464">
    <p class='ocr_par' dir='ltr' id='par_1_25' title="bbox 471 2383 2050 2464">
     <span class='ocr_line' id='line_1_25' title="bbox 471 2383 2050 2464; baseline 0.006 -24"><span class='ocrx_word' id='word_1_189' title='bbox 471 2383 626 2440; x_wconf 88' lang='lat' dir='ltr'><strong>ciens</strong></span> <span class='ocrx_word' id='word_1_190' title='bbox 664 2385 902 2444; x_wconf 84' lang='lat' dir='ltr'><strong>fructum</strong></span> <span class='ocrx_word' id='word_1_191' title='bbox 943 2387 1151 2444; x_wconf 90' lang='lat' dir='ltr'><strong>bonum</strong></span> <span class='ocrx_word' id='word_1_192' title='bbox 1204 2390 1545 2446; x_wconf 81' lang='lat' dir='ltr'><strong>exscinditur</strong></span> <span class='ocrx_word' id='word_1_193' title='bbox 1575 2401 1633 2448; x_wconf 87' lang='lat' dir='ltr'><strong>et</strong></span> <span class='ocrx_word' id='word_1_194' title='bbox 1666 2393 1960 2464; x_wconf 89' lang='lat' dir='ltr'><strong>conjicitur</strong></span> <span class='ocrx_word' id='word_1_195' title='bbox 1992 2393 2050 2450; x_wconf 91' lang='lat' dir='ltr'><strong>in</strong></span> 
     </span>
    </p>
   </div>
   <div class='ocr_carea' id='block_1_26' title="bbox 473 2473 2051 2546">
    <p class='ocr_par' dir='ltr' id='par_1_26' title="bbox 473 2473 2051 2546">
     <span class='ocr_line' id='line_1_26' title="bbox 473 2473 2051 2546; baseline 0.002 -12"><span class='ocrx_word' id='word_1_196' title='bbox 473 2473 658 2545; x_wconf 75' lang='lat' dir='ltr'><strong>ignem</strong></span> <span class='ocrx_word' id='word_1_197' title='bbox 687 2476 756 2532; x_wconf 82' lang='lat'><strong>”.</strong></span> <span class='ocrx_word' id='word_1_198' title='bbox 794 2495 813 2530; x_wconf 77' lang='grc' dir='ltr'><strong>ι</strong></span> <span class='ocrx_word' id='word_1_199' title='bbox 858 2476 1014 2546; x_wconf 83' lang='lat' dir='ltr'><strong>Quod</strong></span> <span class='ocrx_word' id='word_1_200' title='bbox 1051 2488 1237 2536; x_wconf 89' lang='lat' dir='ltr'><strong>autem</strong></span> <span class='ocrx_word' id='word_1_201' title='bbox 1269 2479 1505 2537; x_wconf 85' lang='lat' dir='ltr'><strong>celebris</strong></span> <span class='ocrx_word' id='word_1_202' title='bbox 1540 2481 1630 2536; x_wconf 88' lang='lat' dir='ltr'><strong>illa</strong></span> <span class='ocrx_word' id='word_1_203' title='bbox 1655 2481 1787 2537; x_wconf 89' lang='lat' dir='ltr'><strong>urbs</strong></span> <span class='ocrx_word' id='word_1_204' title='bbox 1807 2482 1864 2537; x_wconf 90' lang='lat' dir='ltr'><strong>in</strong></span> <span class='ocrx_word' id='word_1_205' title='bbox 1885 2480 2051 2537; x_wconf 81' lang='lat' dir='ltr'><strong>finem</strong></span> 
     </span>
    </p>
   </div>
   <div class='ocr_carea' id='block_1_27' title="bbox 477 2571 2052 2642">
    <p class='ocr_par' dir='ltr' id='par_1_27' title="bbox 477 2571 2052 2642">
     <span class='ocr_line' id='line_1_27' title="bbox 477 2571 2052 2642; baseline 0.007 -23"><span class='ocrx_word' id='word_1_206' title='bbox 477 2581 652 2639; x_wconf 84' lang='lat' dir='ltr'><strong>usque</strong></span> <span class='ocrx_word' id='word_1_207' title='bbox 697 2571 1060 2642; x_wconf 85' lang='lat' dir='ltr'><strong>opprimenda</strong></span> <span class='ocrx_word' id='word_1_208' title='bbox 1106 2573 1178 2631; x_wconf 87' lang='lat' dir='ltr'><strong>sit</strong></span> <span class='ocrx_word' id='word_1_209' title='bbox 1217 2572 1650 2639; x_wconf 83' lang='lat' dir='ltr'><strong>calamitatibus,</strong></span> <span class='ocrx_word' id='word_1_210' title='bbox 1706 2575 1882 2630; x_wconf 89' lang='lat' dir='ltr'><strong>multo</strong></span> <span class='ocrx_word' id='word_1_211' title='bbox 1925 2584 2052 2631; x_wconf 89' lang='lat' dir='ltr'><strong>ante</strong></span> 
     </span>
    </p>
   </div>
   <div class='ocr_carea' id='block_1_28' title="bbox 478 2658 2056 2736">
    <p class='ocr_par' dir='ltr' id='par_1_28' title="bbox 478 2658 2056 2736">
     <span class='ocr_line' id='line_1_28' title="bbox 478 2658 2056 2736; baseline 0.003 -20"><span class='ocrx_word' id='word_1_212' title='bbox 478 2658 666 2716; x_wconf 87' lang='lat' dir='ltr'><strong>docuit</strong></span> <span class='ocrx_word' id='word_1_213' title='bbox 703 2660 969 2734; x_wconf 79' lang='lat' dir='ltr'><strong>propheta</strong></span> <span class='ocrx_word' id='word_1_214' title='bbox 1011 2662 1322 2728; x_wconf 84' lang='lat' dir='ltr'><strong>Zacharias,</strong></span> <span class='ocrx_word' id='word_1_215' title='bbox 1368 2663 1598 2723; x_wconf 88' lang='lat' dir='ltr'><strong>dicens:</strong></span> <span class='ocrx_word' id='word_1_216' title='bbox 1636 2684 1654 2716; x_wconf 81' lang='grc' dir='ltr'><strong>ι</strong></span> <span class='ocrx_word' id='word_1_217' title='bbox 1683 2665 1752 2722; x_wconf 87' lang='lat' dir='ltr'><strong>Et</strong></span> <span class='ocrx_word' id='word_1_218' title='bbox 1772 2667 1881 2721; x_wconf 88' lang='lat' dir='ltr'><strong>erit</strong></span> <span class='ocrx_word' id='word_1_219' title='bbox 1901 2666 2056 2736; x_wconf 87' lang='lat' dir='ltr'><strong>plan-</strong></span> 
     </span>
    </p>
   </div>
   <div class='ocr_carea' id='block_1_29' title="bbox 475 2748 2052 2828">
    <p class='ocr_par' dir='ltr' id='par_1_29' title="bbox 475 2748 2052 2828">
     <span class='ocr_line' id='line_1_29' title="bbox 475 2748 2052 2828; baseline 0.008 -28"><span class='ocrx_word' id='word_1_220' title='bbox 475 2753 601 2802; x_wconf 86' lang='lat' dir='ltr'><strong>ctus</strong></span> <span class='ocrx_word' id='word_1_221' title='bbox 647 2748 706 2802; x_wconf 90' lang='lat' dir='ltr'><strong>in</strong></span> <span class='ocrx_word' id='word_1_222' title='bbox 741 2748 1073 2818; x_wconf 80' lang='lat' dir='ltr'><strong>Jerusalem,</strong></span> <span class='ocrx_word' id='word_1_223' title='bbox 1129 2753 1274 2808; x_wconf 86' lang='lat' dir='ltr'><strong>sicut</strong></span> <span class='ocrx_word' id='word_1_224' title='bbox 1331 2754 1585 2824; x_wconf 87' lang='lat' dir='ltr'><strong>planctus</strong></span> <span class='ocrx_word' id='word_1_225' title='bbox 1644 2757 1773 2811; x_wconf 85' lang='lat' dir='ltr'><strong>mali</strong></span> <span class='ocrx_word' id='word_1_226' title='bbox 1829 2757 2052 2828; x_wconf 90' lang='lat' dir='ltr'><strong>punici,</strong></span> 
     </span>
    </p>
   </div>
   <div class='ocr_carea' id='block_1_30' title="bbox 476 2836 2056 2918">
    <p class='ocr_par' dir='ltr' id='par_1_30' title="bbox 476 2836 2056 2918">
     <span class='ocr_line' id='line_1_30' title="bbox 476 2836 2056 2918; baseline 0.008 -27"><span class='ocrx_word' id='word_1_227' title='bbox 476 2836 625 2908; x_wconf 82' lang='lat' dir='ltr'><strong>quod</strong></span> <span class='ocrx_word' id='word_1_228' title='bbox 648 2837 705 2893; x_wconf 91' lang='lat' dir='ltr'><strong>in</strong></span> <span class='ocrx_word' id='word_1_229' title='bbox 727 2854 920 2918; x_wconf 89' lang='lat' dir='ltr'><strong>campo</strong></span> <span class='ocrx_word' id='word_1_230' title='bbox 942 2843 1246 2899; x_wconf 79' lang='lat' dir='ltr'><strong>succiditur</strong></span> <span class='ocrx_word' id='word_1_231' title='bbox 1278 2845 1346 2900; x_wconf 83' lang='lat'><strong>”.</strong></span> <span class='ocrx_word' id='word_1_232' title='bbox 1383 2865 1401 2896; x_wconf 72' lang='grc' dir='ltr'><strong>ι</strong></span> <span class='ocrx_word' id='word_1_233' title='bbox 1445 2846 1515 2901; x_wconf 84' lang='grc' dir='ltr'>Ει</span> <span class='ocrx_word' id='word_1_234' title='bbox 1550 2861 1746 2902; x_wconf 90' lang='lat' dir='ltr'><strong>rursus</strong></span> <span class='ocrx_word' id='word_1_235' title='bbox 1777 2848 1948 2903; x_wconf 81' lang='lat' dir='ltr'><strong>veluti</strong></span> <span class='ocrx_word' id='word_1_236' title='bbox 1986 2847 2056 2904; x_wconf 91' lang='lat' dir='ltr'><strong>ad</strong></span> 
     </span>
    </p>
   </div>
   <div class='ocr_carea' id='block_1_31' title="bbox 479 2926 2059 3007">
    <p class='ocr_par' dir='ltr' id='par_1_31' title="bbox 479 2926 2059 3007">
     <span class='ocr_line' id='line_1_31' title="bbox 479 2926 2059 3007; baseline 0.006 -25"><span class='ocrx_word' id='word_1_237' title='bbox 479 2926 656 3002; x_wconf 86' lang='lat' dir='ltr'><strong>ipsam</strong></span> <span class='ocrx_word' id='word_1_238' title='bbox 691 2931 768 2986; x_wconf 89' lang='lat' dir='ltr'><strong>ait</strong></span> <span class='ocrx_word' id='word_1_239' title='bbox 794 2949 806 2985; x_wconf 94' lang='lat'>:</span> <span class='ocrx_word' id='word_1_240' title='bbox 861 2951 879 2984; x_wconf 78' lang='grc' dir='ltr'><strong>ι</strong></span> <span class='ocrx_word' id='word_1_241' title='bbox 910 2933 1142 3000; x_wconf 79' lang='lat' dir='ltr'><strong>Libane,</strong></span> <span class='ocrx_word' id='word_1_242' title='bbox 1189 2935 1339 3006; x_wconf 88' lang='lat' dir='ltr'><strong>aperi</strong></span> <span class='ocrx_word' id='word_1_243' title='bbox 1361 2945 1549 3007; x_wconf 88' lang='lat' dir='ltr'><strong>portas</strong></span> <span class='ocrx_word' id='word_1_244' title='bbox 1581 2943 1722 3002; x_wconf 87' lang='lat' dir='ltr'><strong>tuas,</strong></span> <span class='ocrx_word' id='word_1_245' title='bbox 1747 2946 1804 2994; x_wconf 90' lang='lat' dir='ltr'><strong>et</strong></span> <span class='ocrx_word' id='word_1_246' title='bbox 1831 2938 2059 2993; x_wconf 72' lang='lat' dir='ltr'><strong>devoret</strong></span> 
     </span>
    </p>
   </div>
   <div class='ocr_carea' id='block_1_32' title="bbox 481 3019 2055 3098">
    <p class='ocr_par' dir='ltr' id='par_1_32' title="bbox 481 3019 2055 3098">
     <span class='ocr_line' id='line_1_32' title="bbox 481 3019 2055 3098; baseline 0.008 -25"><span class='ocrx_word' id='word_1_247' title='bbox 481 3019 623 3092; x_wconf 88' lang='lat' dir='ltr'><strong>ignis</strong></span> <span class='ocrx_word' id='word_1_248' title='bbox 651 3021 848 3083; x_wconf 78' lang='lat' dir='ltr'><strong>cedrus</strong></span> <span class='ocrx_word' id='word_1_249' title='bbox 877 3032 1019 3082; x_wconf 89' lang='lat' dir='ltr'><strong>tuos.</strong></span> <span class='ocrx_word' id='word_1_250' title='bbox 1054 3025 1238 3084; x_wconf 90' lang='lat' dir='ltr'><strong>Ululet</strong></span> <span class='ocrx_word' id='word_1_251' title='bbox 1265 3027 1450 3098; x_wconf 89' lang='lat' dir='ltr'><strong>pinus,</strong></span> <span class='ocrx_word' id='word_1_252' title='bbox 1478 3043 1546 3082; x_wconf 91' lang='lat' dir='ltr'><strong>eo</strong></span> <span class='ocrx_word' id='word_1_253' title='bbox 1571 3029 1718 3098; x_wconf 90' lang='lat' dir='ltr'><strong>quod</strong></span> <span class='ocrx_word' id='word_1_254' title='bbox 1740 3029 1940 3086; x_wconf 88' lang='lat' dir='ltr'><strong>cecidit</strong></span> <span class='ocrx_word' id='word_1_255' title='bbox 1965 3045 2055 3085; x_wconf 83' lang='lat' dir='ltr'><strong>ce-</strong></span> 
     </span>
    </p>
   </div>
   <div class='ocr_carea' id='block_1_33' title="bbox 481 3111 2057 3188">
    <p class='ocr_par' dir='ltr' id='par_1_33' title="bbox 481 3111 2057 3188">
     <span class='ocr_line' id='line_1_33' title="bbox 481 3111 2057 3188; baseline 0.003 -19"><span class='ocrx_word' id='word_1_256' title='bbox 481 3111 636 3169; x_wconf 84' lang='lat' dir='ltr'><strong>drus.</strong></span> <span class='ocrx_word' id='word_1_257' title='bbox 671 3111 808 3184; x_wconf 83' lang='lat' dir='ltr'><strong>Quia</strong></span> <span class='ocrx_word' id='word_1_258' title='bbox 841 3115 1100 3186; x_wconf 75' lang='lat' dir='ltr'><strong>praecipui</strong></span> <span class='ocrx_word' id='word_1_259' title='bbox 1132 3126 1415 3187; x_wconf 81' lang='lat' dir='ltr'><strong>magnates</strong></span> <span class='ocrx_word' id='word_1_260' title='bbox 1439 3118 1517 3170; x_wconf 92' lang='lat' dir='ltr'><strong>tui</strong></span> <span class='ocrx_word' id='word_1_261' title='bbox 1544 3117 1598 3171; x_wconf 92' lang='lat' dir='ltr'><strong>in</strong></span> <span class='ocrx_word' id='word_1_262' title='bbox 1623 3119 1925 3188; x_wconf 87' lang='lat' dir='ltr'><strong>perniciem</strong></span> <span class='ocrx_word' id='word_1_263' title='bbox 1959 3118 2057 3174; x_wconf 92' lang='lat' dir='ltr'><strong>de-</strong></span> 
     </span>
    </p>
   </div>
   <div class='ocr_carea' id='block_1_34' title="bbox 483 3204 2062 3278">
    <p class='ocr_par' dir='ltr' id='par_1_34' title="bbox 483 3204 2062 3278">
     <span class='ocr_line' id='line_1_34' title="bbox 483 3204 2062 3278; baseline 0.007 -23"><span class='ocrx_word' id='word_1_264' title='bbox 483 3213 777 3266; x_wconf 76' lang='lat' dir='ltr'><strong>venerunt.</strong></span> <span class='ocrx_word' id='word_1_265' title='bbox 806 3204 1046 3270; x_wconf 87' lang='lat' dir='ltr'><strong>Ululate,</strong></span> <span class='ocrx_word' id='word_1_266' title='bbox 1096 3223 1337 3278; x_wconf 82' lang='lat' dir='ltr'><strong>quercus</strong></span> <span class='ocrx_word' id='word_1_267' title='bbox 1396 3209 1590 3273; x_wconf 88' lang='lat' dir='ltr'><strong>Basan,</strong></span> <span class='ocrx_word' id='word_1_268' title='bbox 1647 3209 1776 3278; x_wconf 88' lang='lat' dir='ltr'><strong>quia</strong></span> <span class='ocrx_word' id='word_1_269' title='bbox 1816 3209 2062 3266; x_wconf 89' lang='lat' dir='ltr'><strong>succisus</strong></span> 
     </span>
    </p>
   </div>
   <div class='ocr_carea' id='block_1_35' title="bbox 484 3293 2061 3354">
    <p class='ocr_par' dir='ltr' id='par_1_35' title="bbox 484 3293 2061 3354">
     <span class='ocr_line' id='line_1_35' title="bbox 484 3293 2061 3354; baseline 0.004 -7"><span class='ocrx_word' id='word_1_270' title='bbox 484 3301 571 3347; x_wconf 90' lang='lat' dir='ltr'><strong>est</strong></span> <span class='ocrx_word' id='word_1_271' title='bbox 595 3293 766 3347; x_wconf 87' lang='lat' dir='ltr'><strong>saltus</strong></span> <span class='ocrx_word' id='word_1_272' title='bbox 796 3295 1043 3350; x_wconf 90' lang='lat' dir='ltr'><strong>consitus</strong></span> <span class='ocrx_word' id='word_1_273' title='bbox 1070 3296 1137 3350; x_wconf 75' lang='lat'><strong>&quot;.</strong></span> <span class='ocrx_word' id='word_1_274' title='bbox 1174 3315 1193 3348; x_wconf 73' lang='grc' dir='ltr'><strong>ι</strong></span> <span class='ocrx_word' id='word_1_275' title='bbox 1237 3296 1480 3352; x_wconf 88' lang='lat' dir='ltr'><strong>Libanus</strong></span> <span class='ocrx_word' id='word_1_276' title='bbox 1503 3301 1654 3352; x_wconf 90' lang='lat' dir='ltr'><strong>enim</strong></span> <span class='ocrx_word' id='word_1_277' title='bbox 1683 3313 1841 3353; x_wconf 90' lang='lat' dir='ltr'><strong>mons</strong></span> <span class='ocrx_word' id='word_1_278' title='bbox 1863 3307 1947 3354; x_wconf 90' lang='lat' dir='ltr'><strong>est</strong></span> <span class='ocrx_word' id='word_1_279' title='bbox 1967 3314 2061 3354; x_wconf 90' lang='lat' dir='ltr'><strong>ce-</strong></span> 
     </span>
    </p>
   </div>
   <div class='ocr_carea' id='block_1_36' title="bbox 487 3382 2062 3460">
    <p class='ocr_par' dir='ltr' id='par_1_36' title="bbox 487 3382 2062 3460">
     <span class='ocr_line' id='line_1_36' title="bbox 487 3382 2062 3460; baseline 0.006 -22"><span class='ocrx_word' id='word_1_280' title='bbox 487 3382 604 3440; x_wconf 91' lang='lat' dir='ltr'><strong>dris</strong></span> <span class='ocrx_word' id='word_1_281' title='bbox 637 3384 896 3451; x_wconf 91' lang='lat' dir='ltr'><strong>refertus,</strong></span> <span class='ocrx_word' id='word_1_282' title='bbox 936 3403 1057 3456; x_wconf 63' lang='lat' dir='ltr'><strong>quae</strong></span> <span class='ocrx_word' id='word_1_283' title='bbox 1092 3387 1222 3442; x_wconf 89' lang='lat' dir='ltr'><strong>boni</strong></span> <span class='ocrx_word' id='word_1_284' title='bbox 1247 3389 1434 3444; x_wconf 90' lang='lat' dir='ltr'><strong>odoris</strong></span> <span class='ocrx_word' id='word_1_285' title='bbox 1467 3397 1552 3444; x_wconf 91' lang='lat' dir='ltr'><strong>est</strong></span> <span class='ocrx_word' id='word_1_286' title='bbox 1574 3390 1777 3460; x_wconf 84' lang='lat' dir='ltr'><strong>planta,</strong></span> <span class='ocrx_word' id='word_1_287' title='bbox 1802 3392 2062 3460; x_wconf 89' lang='lat' dir='ltr'><strong>pulchra-</strong></span> 
     </span>
    </p>
   </div>
   <div class='ocr_carea' id='block_1_37' title="bbox 487 3476 2062 3558">
    <p class='ocr_par' dir='ltr' id='par_1_37' title="bbox 487 3476 2062 3558">
     <span class='ocr_line' id='line_1_37' title="bbox 487 3476 2062 3558; baseline 0.007 -28"><span class='ocrx_word' id='word_1_288' title='bbox 487 3491 596 3546; x_wconf 87' lang='lat' dir='ltr'><strong>que</strong></span> <span class='ocrx_word' id='word_1_289' title='bbox 621 3477 677 3530; x_wconf 92' lang='lat' dir='ltr'><strong>in</strong></span> <span class='ocrx_word' id='word_1_290' title='bbox 702 3476 915 3546; x_wconf 87' lang='lat' dir='ltr'><strong>primis.</strong></span> <span class='ocrx_word' id='word_1_291' title='bbox 939 3477 1148 3533; x_wconf 85' lang='lat' dir='ltr'><strong>Libano</strong></span> <span class='ocrx_word' id='word_1_292' title='bbox 1163 3494 1293 3551; x_wconf 85' lang='lat' dir='ltr'><strong>ergo</strong></span> <span class='ocrx_word' id='word_1_293' title='bbox 1313 3493 1595 3552; x_wconf 86' lang='lat' dir='ltr'><strong>comparat</strong></span> <span class='ocrx_word' id='word_1_294' title='bbox 1611 3484 2062 3558; x_wconf 81' lang='lat' dir='ltr'><strong>Hierosolymam,</strong></span> 
     </span>
    </p>
   </div>
   <div class='ocr_carea' id='block_1_38' title="bbox 489 3566 2066 3638">
    <p class='ocr_par' dir='ltr' id='par_1_38' title="bbox 489 3566 2066 3638">
     <span class='ocr_line' id='line_1_38' title="bbox 489 3566 2066 3638; baseline 0.007 -14"><span class='ocrx_word' id='word_1_295' title='bbox 489 3566 651 3638; x_wconf 80' lang='lat'><strong>235</strong></span> <span class='ocrx_word' id='word_1_296' title='bbox 698 3584 820 3638; x_wconf 67' lang='lat' dir='ltr'><strong>qua:</strong></span> <span class='ocrx_word' id='word_1_297' title='bbox 865 3585 998 3626; x_wconf 87' lang='lat' dir='ltr'><strong>sane</strong></span> <span class='ocrx_word' id='word_1_298' title='bbox 1041 3571 1422 3628; x_wconf 88' lang='lat' dir='ltr'><strong>admirandam</strong></span> <span class='ocrx_word' id='word_1_299' title='bbox 1482 3576 1651 3632; x_wconf 87' lang='lat' dir='ltr'><strong>habet</strong></span> <span class='ocrx_word' id='word_1_300' title='bbox 1717 3579 2066 3634; x_wconf 90' lang='lat' dir='ltr'><strong>sacerdotum</strong></span> 
     </span>
    </p>
   </div>
   <div class='ocr_carea' id='block_1_39' title="bbox 490 3659 2069 3740">
    <p class='ocr_par' dir='ltr' id='par_1_39' title="bbox 490 3659 2069 3740">
     <span class='ocr_line' id='line_1_39' title="bbox 490 3659 2069 3740; baseline 0.007 -27"><span class='ocrx_word' id='word_1_301' title='bbox 490 3659 921 3728; x_wconf 82' lang='lat' dir='ltr'><strong>multitudinem,</strong></span> <span class='ocrx_word' id='word_1_302' title='bbox 969 3671 1233 3733; x_wconf 89' lang='lat' dir='ltr'><strong>quantum</strong></span> <span class='ocrx_word' id='word_1_303' title='bbox 1273 3665 1484 3727; x_wconf 84' lang='lat' dir='ltr'><strong>scilicet</strong></span> <span class='ocrx_word' id='word_1_304' title='bbox 1517 3667 1585 3722; x_wconf 91' lang='lat' dir='ltr'><strong>ad</strong></span> <span class='ocrx_word' id='word_1_305' title='bbox 1620 3667 1888 3724; x_wconf 91' lang='lat' dir='ltr'><strong>honorem</strong></span> <span class='ocrx_word' id='word_1_306' title='bbox 1932 3669 2069 3740; x_wconf 88' lang='lat' dir='ltr'><strong>legis</strong></span> 
     </span>
    </p>
   </div>
   <div class='ocr_carea' id='block_1_40' title="bbox 489 3752 2067 3828">
    <p class='ocr_par' dir='ltr' id='par_1_40' title="bbox 489 3752 2067 3828">
     <span class='ocr_line' id='line_1_40' title="bbox 489 3752 2067 3828; baseline 0.006 -22"><span class='ocrx_word' id='word_1_307' title='bbox 489 3752 704 3807; x_wconf 87' lang='lat' dir='ltr'><strong>attinet.</strong></span> <span class='ocrx_word' id='word_1_308' title='bbox 749 3752 815 3808; x_wconf 78' lang='lat' dir='ltr'><strong>Hi</strong></span> <span class='ocrx_word' id='word_1_309' title='bbox 860 3754 1007 3810; x_wconf 89' lang='lat' dir='ltr'><strong>enim</strong></span> <span class='ocrx_word' id='word_1_310' title='bbox 1033 3754 1258 3811; x_wconf 88' lang='lat' dir='ltr'><strong>fuerunt</strong></span> <span class='ocrx_word' id='word_1_311' title='bbox 1281 3757 1557 3828; x_wconf 67' lang='lat' dir='ltr'><strong>prmpositi</strong></span> <span class='ocrx_word' id='word_1_312' title='bbox 1587 3757 1775 3826; x_wconf 76' lang='lat' dir='ltr'><strong>duces,</strong></span> <span class='ocrx_word' id='word_1_313' title='bbox 1811 3775 1875 3815; x_wconf 92' lang='lat' dir='ltr'><strong>ac</strong></span> <span class='ocrx_word' id='word_1_314' title='bbox 1896 3761 2067 3816; x_wconf 86' lang='lat' dir='ltr'><strong>veluti</strong></span> 
     </span>
    </p>
   </div>
   <div class='ocr_carea' id='block_1_41' title="bbox 492 3844 2070 3922">
    <p class='ocr_par' dir='ltr' id='par_1_41' title="bbox 492 3844 2070 3922">
     <span class='ocr_line' id='line_1_41' title="bbox 492 3844 2070 3922; baseline 0.006 -24"><span class='ocrx_word' id='word_1_315' title='bbox 492 3844 550 3899; x_wconf 83' lang='lat' dir='ltr'><strong>in</strong></span> <span class='ocrx_word' id='word_1_316' title='bbox 593 3844 745 3901; x_wconf 86' lang='lat' dir='ltr'><strong>silvis</strong></span> <span class='ocrx_word' id='word_1_317' title='bbox 776 3846 1002 3903; x_wconf 89' lang='lat' dir='ltr'><strong>robusta</strong></span> <span class='ocrx_word' id='word_1_318' title='bbox 1023 3863 1086 3903; x_wconf 88' lang='lat' dir='ltr'><strong>ac</strong></span> <span class='ocrx_word' id='word_1_319' title='bbox 1107 3848 1366 3918; x_wconf 60' lang='lat' dir='ltr'><strong>praecelsa</strong></span> <span class='ocrx_word' id='word_1_320' title='bbox 1388 3849 1554 3920; x_wconf 88' lang='lat' dir='ltr'><strong>ligna,</strong></span> <span class='ocrx_word' id='word_1_321' title='bbox 1578 3850 1780 3922; x_wconf 90' lang='lat' dir='ltr'><strong>quippe</strong></span> <span class='ocrx_word' id='word_1_322' title='bbox 1805 3853 1899 3922; x_wconf 89' lang='lat' dir='ltr'><strong>qui</strong></span> <span class='ocrx_word' id='word_1_323' title='bbox 1932 3853 2070 3907; x_wconf 85' lang='lat' dir='ltr'><strong>alios</strong></span> 
     </span>
    </p>
   </div>
   <div class='ocr_carea' id='block_1_42' title="bbox 492 3926 2068 4014">
    <p class='ocr_par' dir='ltr' id='par_1_42' title="bbox 492 3926 2068 4014">
     <span class='ocr_line' id='line_1_42' title="bbox 492 3926 2068 4014; baseline 0.005 -24"><span class='ocrx_word' id='word_1_324' title='bbox 492 3951 686 3992; x_wconf 86' lang='lat' dir='ltr'><strong>omnes</strong></span> <span class='ocrx_word' id='word_1_325' title='bbox 729 3939 1058 3995; x_wconf 86' lang='lat' dir='ltr'><strong>auctoritate</strong></span> <span class='ocrx_word' id='word_1_326' title='bbox 1126 3926 1474 4007; x_wconf 82' lang='lat' dir='ltr'><strong>antecellant,</strong></span> <span class='ocrx_word' id='word_1_327' title='bbox 1533 3943 1906 4014; x_wconf 88' lang='lat' dir='ltr'><strong>populumque</strong></span> <span class='ocrx_word' id='word_1_328' title='bbox 1963 3943 2068 3998; x_wconf 90' lang='lat' dir='ltr'><strong>sibi</strong></span> 
     </span>
    </p>
   </div>
   <div class='ocr_carea' id='block_1_43' title="bbox 493 4029 2073 4102">
    <p class='ocr_par' dir='ltr' id='par_1_43' title="bbox 493 4029 2073 4102">
     <span class='ocr_line' id='line_1_43' title="bbox 493 4029 2073 4102; baseline 0.004 -19"><span class='ocrx_word' id='word_1_329' title='bbox 493 4029 800 4100; x_wconf 82' lang='lat' dir='ltr'><strong>subjectum</strong></span> <span class='ocrx_word' id='word_1_330' title='bbox 846 4031 1005 4102; x_wconf 80' lang='lat' dir='ltr'><strong>longe</strong></span> <span class='ocrx_word' id='word_1_331' title='bbox 1050 4040 1329 4102; x_wconf 88' lang='lat' dir='ltr'><strong>superent.</strong></span> <span class='ocrx_word' id='word_1_332' title='bbox 1372 4031 1642 4089; x_wconf 65' lang='lat' dir='ltr'><strong>Caeterum</strong></span> <span class='ocrx_word' id='word_1_333' title='bbox 1690 4049 1951 4091; x_wconf 88' lang='lat' dir='ltr'><strong>succensa</strong></span> <span class='ocrx_word' id='word_1_334' title='bbox 1989 4043 2073 4090; x_wconf 87' lang='lat' dir='ltr'><strong>est</strong></span> 
     </span>
    </p>
   </div>
   <div class='ocr_carea' id='block_1_44' title="bbox 491 4120 2070 4198">
    <p class='ocr_par' dir='ltr' id='par_1_44' title="bbox 491 4120 2070 4198">
     <span class='ocr_line' id='line_1_44' title="bbox 491 4120 2070 4198; baseline 0.003 -23"><span class='ocrx_word' id='word_1_335' title='bbox 491 4120 816 4186; x_wconf 78' lang='lat' dir='ltr'><strong>Jerusalem,</strong></span> <span class='ocrx_word' id='word_1_336' title='bbox 857 4123 964 4178; x_wconf 90' lang='lat' dir='ltr'><strong>hoc</strong></span> <span class='ocrx_word' id='word_1_337' title='bbox 1005 4131 1109 4189; x_wconf 89' lang='lat' dir='ltr'><strong>est,</strong></span> <span class='ocrx_word' id='word_1_338' title='bbox 1148 4124 1432 4191; x_wconf 85' lang='lat' dir='ltr'><strong>Libanus;</strong></span> <span class='ocrx_word' id='word_1_339' title='bbox 1482 4126 1577 4196; x_wconf 90' lang='lat' dir='ltr'><strong>qui</strong></span> <span class='ocrx_word' id='word_1_340' title='bbox 1606 4141 1738 4181; x_wconf 88' lang='lat' dir='ltr'><strong>vero</strong></span> <span class='ocrx_word' id='word_1_341' title='bbox 1778 4126 1835 4180; x_wconf 85' lang='lat' dir='ltr'><strong>in</strong></span> <span class='ocrx_word' id='word_1_342' title='bbox 1858 4127 1975 4198; x_wconf 89' lang='lat' dir='ltr'><strong>ipsa</strong></span> <span class='ocrx_word' id='word_1_343' title='bbox 2001 4127 2070 4180; x_wconf 90' lang='lat' dir='ltr'><strong>il-</strong></span> 
     </span>
    </p>
   </div>
   <div class='ocr_carea' id='block_1_45' title="bbox 496 4212 2072 4286">
    <p class='ocr_par' dir='ltr' id='par_1_45' title="bbox 496 4212 2072 4286">
     <span class='ocr_line' id='line_1_45' title="bbox 496 4212 2072 4286; baseline 0.006 -22"><span class='ocrx_word' id='word_1_344' title='bbox 496 4212 699 4268; x_wconf 88' lang='lat' dir='ltr'><strong>lustres</strong></span> <span class='ocrx_word' id='word_1_345' title='bbox 739 4227 804 4267; x_wconf 90' lang='lat' dir='ltr'><strong>ac</strong></span> <span class='ocrx_word' id='word_1_346' title='bbox 845 4222 1172 4282; x_wconf 79' lang='lat' dir='ltr'><strong>praestantes</strong></span> <span class='ocrx_word' id='word_1_347' title='bbox 1211 4222 1389 4280; x_wconf 88' lang='lat' dir='ltr'><strong>erant,</strong></span> <span class='ocrx_word' id='word_1_348' title='bbox 1427 4216 1723 4286; x_wconf 85' lang='lat' dir='ltr'><strong>gloriaeque</strong></span> <span class='ocrx_word' id='word_1_349' title='bbox 1781 4218 2072 4274; x_wconf 87' lang='lat' dir='ltr'><strong>altitudine</strong></span> 
     </span>
    </p>
   </div>
   <div class='ocr_carea' id='block_1_46' title="bbox 495 4303 2073 4374">
    <p class='ocr_par' dir='ltr' id='par_1_46' title="bbox 495 4303 2073 4374">
     <span class='ocr_line' id='line_1_46' title="bbox 495 4303 2073 4374; baseline 0.004 -16"><span class='ocrx_word' id='word_1_350' title='bbox 495 4303 824 4370; x_wconf 87' lang='lat' dir='ltr'><strong>eminentes,</strong></span> <span class='ocrx_word' id='word_1_351' title='bbox 874 4305 1206 4374; x_wconf 82' lang='lat' dir='ltr'><strong>planxerunt</strong></span> <span class='ocrx_word' id='word_1_352' title='bbox 1258 4321 1316 4360; x_wconf 90' lang='lat' dir='ltr'><strong>se</strong></span> <span class='ocrx_word' id='word_1_353' title='bbox 1373 4306 1638 4371; x_wconf 83' lang='lat' dir='ltr'><strong>invicem,</strong></span> <span class='ocrx_word' id='word_1_354' title='bbox 1698 4308 1957 4364; x_wconf 87' lang='lat' dir='ltr'><strong>cadentes</strong></span> <span class='ocrx_word' id='word_1_355' title='bbox 2009 4325 2073 4365; x_wconf 87' lang='lat' dir='ltr'><strong>ac</strong></span> 
     </span>
    </p>
   </div>
   <div class='ocr_carea' id='block_1_47' title="bbox 497 4398 2072 4473">
    <p class='ocr_par' dir='ltr' id='par_1_47' title="bbox 497 4398 2072 4473">
     <span class='ocr_line' id='line_1_47' title="bbox 497 4398 2072 4473; baseline 0.004 -23"><span class='ocrx_word' id='word_1_356' title='bbox 497 4406 821 4473; x_wconf 87' lang='lat' dir='ltr'><strong>pereuntes:</strong></span> <span class='ocrx_word' id='word_1_357' title='bbox 848 4399 1050 4469; x_wconf 89' lang='lat' dir='ltr'><strong>quippe</strong></span> <span class='ocrx_word' id='word_1_358' title='bbox 1076 4399 1170 4471; x_wconf 88' lang='lat' dir='ltr'><strong>qui</strong></span> <span class='ocrx_word' id='word_1_359' title='bbox 1197 4400 1252 4453; x_wconf 89' lang='lat' dir='ltr'><strong>in</strong></span> <span class='ocrx_word' id='word_1_360' title='bbox 1275 4398 1686 4455; x_wconf 88' lang='lat' dir='ltr'><strong>robustissimos</strong></span> <span class='ocrx_word' id='word_1_361' title='bbox 1702 4400 2072 4456; x_wconf 79' lang='lat' dir='ltr'><strong>Romanorum</strong></span> 
     </span>
    </p>
   </div>
   <div class='ocr_carea' id='block_1_48' title="bbox 2127 641 3698 722">
    <p class='ocr_par' dir='ltr' id='par_1_48' title="bbox 2127 641 3698 722">
     <span class='ocr_line' id='line_1_48' title="bbox 2127 641 3698 722; baseline -0.008 -16"><span class='ocrx_word' id='word_1_362' title='bbox 2127 651 2251 718; x_wconf 76' lang='grc' dir='ltr'>πδν,</span> <span class='ocrx_word' id='word_1_363' title='bbox 2284 649 2429 722; x_wconf 73' lang='grc' dir='ltr'>αἴρει</span> <span class='ocrx_word' id='word_1_364' title='bbox 2457 647 2613 704; x_wconf 77' lang='grc' dir='ltr'>αὑτόο</span> <span class='ocrx_word' id='word_1_365' title='bbox 2654 648 2750 702; x_wconf 83' lang='grc' dir='ltr'>καὶ</span> <span class='ocrx_word' id='word_1_366' title='bbox 2781 648 2891 705; x_wconf 75' lang='grc' dir='ltr'>πᾶν</span> <span class='ocrx_word' id='word_1_367' title='bbox 2924 646 2985 700; x_wconf 78' lang='grc' dir='ltr'>τὸ</span> <span class='ocrx_word' id='word_1_368' title='bbox 3013 645 3227 717; x_wconf 69' lang='grc' dir='ltr'>καρπὸν</span> <span class='ocrx_word' id='word_1_369' title='bbox 3251 644 3418 714; x_wconf 80' lang='grc' dir='ltr'>φέρον</span> <span class='ocrx_word' id='word_1_370' title='bbox 3451 641 3698 712; x_wconf 78' lang='grc' dir='ltr'>καθαίρει</span> 
     </span>
    </p>
   </div>
   <div class='ocr_carea' id='block_1_49' title="bbox 2127 732 3701 812">
    <p class='ocr_par' dir='ltr' id='par_1_49' title="bbox 2127 732 3701 812">
     <span class='ocr_line' id='line_1_49' title="bbox 2127 732 3701 812; baseline -0.008 -13"><span class='ocrx_word' id='word_1_371' title='bbox 2127 742 2294 805; x_wconf 75' lang='grc' dir='ltr'>αὐτὸ,</span> <span class='ocrx_word' id='word_1_372' title='bbox 2337 743 2426 796; x_wconf 81' lang='grc' dir='ltr'><strong>ίνα</strong></span> <span class='ocrx_word' id='word_1_373' title='bbox 2465 739 2676 812; x_wconf 76' lang='grc' dir='ltr'>καρπὸν</span> <span class='ocrx_word' id='word_1_374' title='bbox 2717 737 2941 794; x_wconf 86' lang='grc' dir='ltr'>πλείονα</span> <span class='ocrx_word' id='word_1_375' title='bbox 2978 736 3140 809; x_wconf 72' lang='grc' dir='ltr'>φέρῃ.</span> <span class='ocrx_word' id='word_1_376' title='bbox 3182 755 3201 789; x_wconf 77' lang='grc' dir='ltr'><strong>ι</strong></span> <span class='ocrx_word' id='word_1_377' title='bbox 3255 735 3411 799; x_wconf 79' lang='grc' dir='ltr'>Ῥἰζα</span> <span class='ocrx_word' id='word_1_378' title='bbox 3457 733 3554 805; x_wconf 73' lang='grc' dir='ltr'>μὶν</span> <span class='ocrx_word' id='word_1_379' title='bbox 3593 732 3701 803; x_wconf 74' lang='grc' dir='ltr'><strong>γὰρ</strong></span> 
     </span>
    </p>
   </div>
   <div class='ocr_carea' id='block_1_50' title="bbox 2126 824 3702 906">
    <p class='ocr_par' dir='ltr' id='par_1_50' title="bbox 2126 824 3702 906">
     <span class='ocr_line' id='line_1_50' title="bbox 2126 824 3702 906; baseline -0.008 -16"><span class='ocrx_word' id='word_1_380' title='bbox 2126 830 2217 890; x_wconf 76' lang='grc' dir='ltr'><strong>οἶά</strong></span> <span class='ocrx_word' id='word_1_381' title='bbox 2235 851 2341 900; x_wconf 81' lang='grc' dir='ltr'>τις,</span> <span class='ocrx_word' id='word_1_382' title='bbox 2357 832 2706 906; x_wconf 74' lang='grc' dir='ltr'>καὶάμπέλου</span> <span class='ocrx_word' id='word_1_383' title='bbox 2729 830 2978 902; x_wconf 74' lang='grc' dir='ltr'><strong>στέλεχος</strong></span> <span class='ocrx_word' id='word_1_384' title='bbox 2999 826 3508 903; x_wconf 76' lang='grc' dir='ltr'>ἰμσεσοθρευμένης</span> <span class='ocrx_word' id='word_1_385' title='bbox 3530 824 3702 892; x_wconf 82' lang='grc' dir='ltr'>ἀσφα-</span> 
     </span>
    </p>
   </div>
   <div class='ocr_carea' id='block_1_51' title="bbox 2129 915 3704 994">
    <p class='ocr_par' dir='ltr' id='par_1_51' title="bbox 2129 915 3704 994">
     <span class='ocr_line' id='line_1_51' title="bbox 2129 915 3704 994; baseline -0.008 -13"><span class='ocrx_word' id='word_1_386' title='bbox 2129 925 2256 990; x_wconf 84' lang='grc' dir='ltr'>λῶς,</span> <span class='ocrx_word' id='word_1_387' title='bbox 2287 925 2398 980; x_wconf 84' lang='grc' dir='ltr'><strong>τῶν</strong></span> <span class='ocrx_word' id='word_1_388' title='bbox 2429 926 2510 989; x_wconf 80' lang='grc' dir='ltr'><strong>είς</strong></span> <span class='ocrx_word' id='word_1_389' title='bbox 2540 923 2838 994; x_wconf 78' lang='grc' dir='ltr'><strong>καινότητα</strong></span> <span class='ocrx_word' id='word_1_390' title='bbox 2863 922 3007 993; x_wconf 80' lang='grc' dir='ltr'>ζωῆς</span> <span class='ocrx_word' id='word_1_391' title='bbox 3031 919 3406 991; x_wconf 72' lang='grc' dir='ltr'>ὲνηνεγμένων</span> <span class='ocrx_word' id='word_1_392' title='bbox 3437 919 3467 971; x_wconf 95' lang='lat'><strong>6</strong></span> <span class='ocrx_word' id='word_1_393' title='bbox 3501 915 3704 988; x_wconf 74' lang='grc' dir='ltr'>Κύριος</span> 
     </span>
    </p>
   </div>
   <div class='ocr_carea' id='block_1_52' title="bbox 2127 1009 3702 1090">
    <p class='ocr_par' dir='ltr' id='par_1_52' title="bbox 2127 1009 3702 1090">
     <span class='ocr_line' id='line_1_52' title="bbox 2127 1009 3702 1090; baseline -0.009 -16"><span class='ocrx_word' id='word_1_394' title='bbox 2127 1018 2290 1090; x_wconf 75' lang='grc' dir='ltr'>ἡμῶν</span> <span class='ocrx_word' id='word_1_395' title='bbox 2344 1017 2557 1090; x_wconf 80' lang='grc' dir='ltr'>Ἰησοῦς</span> <span class='ocrx_word' id='word_1_396' title='bbox 2605 1015 2862 1088; x_wconf 77' lang='grc' dir='ltr'>Χριστός.</span> <span class='ocrx_word' id='word_1_397' title='bbox 2899 1013 3210 1085; x_wconf 72' lang='grc' dir='ltr'>κλημάτων</span> <span class='ocrx_word' id='word_1_398' title='bbox 3253 1010 3312 1065; x_wconf 71' lang='grc' dir='ltr'>δὶ</span> <span class='ocrx_word' id='word_1_399' title='bbox 3351 1009 3506 1081; x_wconf 80' lang='grc' dir='ltr'>δίκην</span> <span class='ocrx_word' id='word_1_400' title='bbox 3545 1009 3702 1078; x_wconf 74' lang='grc' dir='ltr'>ἡμεῖς</span> 
     </span>
    </p>
   </div>
   <div class='ocr_carea' id='block_1_53' title="bbox 2133 1099 3706 1182">
    <p class='ocr_par' dir='ltr' id='par_1_53' title="bbox 2133 1099 3706 1182">
     <span class='ocr_line' id='line_1_53' title="bbox 2133 1099 3706 1182; baseline -0.008 -17"><span class='ocrx_word' id='word_1_401' title='bbox 2133 1110 2257 1165; x_wconf 80' lang='grc' dir='ltr'>καθ’</span> <span class='ocrx_word' id='word_1_402' title='bbox 2279 1110 2480 1166; x_wconf 74' lang='grc' dir='ltr'>Ξνωσιν</span> <span class='ocrx_word' id='word_1_403' title='bbox 2505 1108 2606 1182; x_wconf 71' lang='grc' dir='ltr'>τὴν</span> <span class='ocrx_word' id='word_1_404' title='bbox 2632 1110 2689 1164; x_wconf 75' lang='grc' dir='ltr'>ἑν</span> <span class='ocrx_word' id='word_1_405' title='bbox 2717 1107 2987 1179; x_wconf 78' lang='grc' dir='ltr'>πνεύματι</span> <span class='ocrx_word' id='word_1_406' title='bbox 3017 1101 3491 1176; x_wconf 73' lang='grc' dir='ltr'>προσπεφύκαμέν</span> <span class='ocrx_word' id='word_1_407' title='bbox 3521 1115 3584 1154; x_wconf 76' lang='grc' dir='ltr'>τι</span> <span class='ocrx_word' id='word_1_408' title='bbox 3615 1099 3706 1152; x_wconf 69' lang='grc' dir='ltr'>καὶ</span> 
     </span>
    </p>
   </div>
   <div class='ocr_carea' id='block_1_54' title="bbox 2133 1189 3709 1276">
    <p class='ocr_par' dir='ltr' id='par_1_54' title="bbox 2133 1189 3709 1276">
     <span class='ocr_line' id='line_1_54' title="bbox 2133 1189 3709 1276; baseline -0.01 -17"><span class='ocrx_word' id='word_1_409' title='bbox 2133 1203 2355 1276; x_wconf 77' lang='grc' dir='ltr'>ἀπηρτή</span> <span class='ocrx_word' id='word_1_410' title='bbox 2365 1201 2506 1273; x_wconf 82' lang='grc' dir='ltr'>μιθα</span> <span class='ocrx_word' id='word_1_411' title='bbox 2535 1199 2762 1272; x_wconf 68' lang='grc' dir='ltr'>νοητιῖκ,</span> <span class='ocrx_word' id='word_1_412' title='bbox 2791 1199 2980 1270; x_wconf 77' lang='grc' dir='ltr'>ἀγάπῃ</span> <span class='ocrx_word' id='word_1_413' title='bbox 3017 1199 3085 1269; x_wconf 76' lang='grc' dir='ltr'><strong>τῇ</strong></span> <span class='ocrx_word' id='word_1_414' title='bbox 3117 1198 3198 1260; x_wconf 84' lang='grc' dir='ltr'><strong>είς</strong></span> <span class='ocrx_word' id='word_1_415' title='bbox 3229 1193 3391 1250; x_wconf 76' lang='grc' dir='ltr'>αὐτὸν</span> <span class='ocrx_word' id='word_1_416' title='bbox 3417 1189 3709 1260; x_wconf 77' lang='grc' dir='ltr'>συνδούμιο</span> 
     </span>
    </p>
   </div>
   <div class='ocr_carea' id='block_1_55' title="bbox 2134 1281 3710 1360">
    <p class='ocr_par' dir='ltr' id='par_1_55' title="bbox 2134 1281 3710 1360">
     <span class='ocr_line' id='line_1_55' title="bbox 2134 1281 3710 1360; baseline -0.008 -10"><span class='ocrx_word' id='word_1_417' title='bbox 2134 1312 2237 1357; x_wconf 87' lang='grc' dir='ltr'>νοι.</span> <span class='ocrx_word' id='word_1_418' title='bbox 2265 1296 2362 1349; x_wconf 80' lang='grc' dir='ltr'>καὶ</span> <span class='ocrx_word' id='word_1_419' title='bbox 2386 1292 2836 1356; x_wconf 72' lang='grc' dir='ltr'>ινσπαταλῶντες</span> <span class='ocrx_word' id='word_1_420' title='bbox 2865 1291 3084 1360; x_wconf 84' lang='grc' dir='ltr'>πιότητι</span> <span class='ocrx_word' id='word_1_421' title='bbox 3109 1291 3178 1360; x_wconf 73' lang='grc' dir='ltr'>τῇ</span> <span class='ocrx_word' id='word_1_422' title='bbox 3216 1287 3348 1358; x_wconf 82' lang='grc' dir='ltr'>παρ’</span> <span class='ocrx_word' id='word_1_423' title='bbox 3378 1283 3580 1349; x_wconf 71' lang='grc' dir='ltr'>αὑτοῦ,</span> <span class='ocrx_word' id='word_1_424' title='bbox 3616 1281 3710 1338; x_wconf 79' lang='grc' dir='ltr'>καὶ</span> 
     </span>
    </p>
   </div>
   <div class='ocr_carea' id='block_1_56' title="bbox 2135 1375 3710 1459">
    <p class='ocr_par' dir='ltr' id='par_1_56' title="bbox 2135 1375 3710 1459">
     <span class='ocr_line' id='line_1_56' title="bbox 2135 1375 3710 1459; baseline -0.007 -17"><span class='ocrx_word' id='word_1_425' title='bbox 2135 1389 2204 1459; x_wconf 72' lang='grc' dir='ltr'>τῇ</span> <span class='ocrx_word' id='word_1_426' title='bbox 2225 1385 2348 1458; x_wconf 75' lang='grc' dir='ltr'>θεία</span> <span class='ocrx_word' id='word_1_427' title='bbox 2369 1386 2695 1458; x_wconf 68' lang='grc' dir='ltr'><strong>τρεφόμενοι</strong></span> <span class='ocrx_word' id='word_1_428' title='bbox 2719 1384 2902 1456; x_wconf 77' lang='grc' dir='ltr'>χάριτι</span> <span class='ocrx_word' id='word_1_429' title='bbox 2930 1380 3068 1454; x_wconf 72' lang='grc' dir='ltr'>πρὸς</span> <span class='ocrx_word' id='word_1_430' title='bbox 3083 1378 3464 1453; x_wconf 82' lang='grc' dir='ltr'>καρποφορίαν</span> <span class='ocrx_word' id='word_1_431' title='bbox 3484 1375 3710 1448; x_wconf 74' lang='grc' dir='ltr'>ἀρετῆς.</span> 
     </span>
    </p>
   </div>
   <div class='ocr_carea' id='block_1_57' title="bbox 2151 1463 3718 1544">
    <p class='ocr_par' dir='ltr' id='par_1_57' title="bbox 2151 1463 3718 1544">
     <span class='ocr_line' id='line_1_57' title="bbox 2151 1463 3718 1544; baseline -0.005 -12"><span class='ocrx_word' id='word_1_432' title='bbox 2151 1475 2574 1532; x_wconf 75' lang='grc' dir='ltr'>Ἐπισκέπτσται</span> <span class='ocrx_word' id='word_1_433' title='bbox 2599 1474 2659 1530; x_wconf 63' lang='grc' dir='ltr'>δὲ</span> <span class='ocrx_word' id='word_1_434' title='bbox 2702 1473 2772 1527; x_wconf 75' lang='grc' dir='ltr'><strong>τὰ</strong></span> <span class='ocrx_word' id='word_1_435' title='bbox 2801 1472 2925 1528; x_wconf 84' lang='grc' dir='ltr'>καθ’</span> <span class='ocrx_word' id='word_1_436' title='bbox 2955 1473 3104 1544; x_wconf 72' lang='grc' dir='ltr'>ἡμᾶς</span> <span class='ocrx_word' id='word_1_437' title='bbox 3138 1470 3237 1526; x_wconf 75' lang='grc' dir='ltr'><strong>σὺν</strong></span> <span class='ocrx_word' id='word_1_438' title='bbox 3273 1466 3393 1540; x_wconf 80' lang='grc' dir='ltr'><strong>Υἱῷ</strong></span> <span class='ocrx_word' id='word_1_439' title='bbox 3430 1467 3528 1521; x_wconf 73' lang='grc' dir='ltr'>καὶ</span> <span class='ocrx_word' id='word_1_440' title='bbox 3555 1463 3718 1524; x_wconf 73' lang='grc' dir='ltr'>αὒτδς</span> 
     </span>
    </p>
   </div>
   <div class='ocr_carea' id='block_1_58' title="bbox 2141 1555 3716 1640">
    <p class='ocr_par' dir='ltr' id='par_1_58' title="bbox 2141 1555 3716 1640">
     <span class='ocr_line' id='line_1_58' title="bbox 2141 1555 3716 1640; baseline -0.009 -16"><span class='ocrx_word' id='word_1_441' title='bbox 2141 1570 2172 1624; x_wconf 98' lang='lat'><strong>6</strong></span> <span class='ocrx_word' id='word_1_442' title='bbox 2201 1568 2413 1640; x_wconf 78' lang='grc' dir='ltr'>Πατήρ.</span> <span class='ocrx_word' id='word_1_443' title='bbox 2431 1566 2571 1621; x_wconf 80' lang='grc' dir='ltr'>Ἀλλ’</span> <span class='ocrx_word' id='word_1_444' title='bbox 2603 1565 2720 1620; x_wconf 68' lang='lat' dir='ltr'><strong>[cm</strong></span> <span class='ocrx_word' id='word_1_445' title='bbox 2758 1583 2862 1619; x_wconf 83' lang='grc' dir='ltr'><strong>που</strong></span> <span class='ocrx_word' id='word_1_446' title='bbox 2897 1563 3083 1634; x_wconf 76' lang='grc' dir='ltr'>δῆλον,</span> <span class='ocrx_word' id='word_1_447' title='bbox 3122 1563 3207 1619; x_wconf 82' lang='grc' dir='ltr'><strong>δτι</strong></span> <span class='ocrx_word' id='word_1_448' title='bbox 3243 1561 3349 1616; x_wconf 76' lang='grc' dir='ltr'><strong>κάν</strong></span> <span class='ocrx_word' id='word_1_449' title='bbox 3385 1561 3434 1613; x_wconf 78' lang='lat' dir='ltr'><strong>sl</strong></span> <span class='ocrx_word' id='word_1_450' title='bbox 3473 1555 3716 1629; x_wconf 70' lang='grc' dir='ltr'>ἄμπελος</span> 
     </span>
    </p>
   </div>
   <div class='ocr_carea' id='block_1_59' title="bbox 2143 1647 3718 1731">
    <p class='ocr_par' dir='ltr' id='par_1_59' title="bbox 2143 1647 3718 1731">
     <span class='ocr_line' id='line_1_59' title="bbox 2143 1647 3718 1731; baseline -0.009 -15"><span class='ocrx_word' id='word_1_451' title='bbox 2143 1663 2318 1717; x_wconf 83' lang='grc' dir='ltr'>νοοῖτο</span> <span class='ocrx_word' id='word_1_452' title='bbox 2341 1659 2578 1731; x_wconf 75' lang='grc' dir='ltr'>Χριστὸς</span> <span class='ocrx_word' id='word_1_453' title='bbox 2595 1701 2610 1726; x_wconf 95' lang='grc'><strong>,</strong></span> <span class='ocrx_word' id='word_1_454' title='bbox 2639 1657 2884 1731; x_wconf 75' lang='grc' dir='ltr'>γεωργὸς</span> <span class='ocrx_word' id='word_1_455' title='bbox 2907 1657 2965 1712; x_wconf 71' lang='grc' dir='ltr'>δὲ</span> <span class='ocrx_word' id='word_1_456' title='bbox 2995 1657 3024 1712; x_wconf 90' lang='lat'><strong>6</strong></span> <span class='ocrx_word' id='word_1_457' title='bbox 3052 1655 3278 1726; x_wconf 74' lang='grc' dir='ltr'>Πατὴρ,</span> <span class='ocrx_word' id='word_1_458' title='bbox 3306 1654 3364 1706; x_wconf 76' lang='grc' dir='ltr'><strong>έν</strong></span> <span class='ocrx_word' id='word_1_459' title='bbox 3401 1649 3630 1723; x_wconf 79' lang='grc' dir='ltr'>Χριστῷ</span> <span class='ocrx_word' id='word_1_460' title='bbox 3655 1647 3718 1720; x_wconf 78' lang='grc' dir='ltr'>δὴ</span> 
     </span>
    </p>
   </div>
   <div class='ocr_carea' id='block_1_60' title="bbox 2145 1739 3722 1822">
    <p class='ocr_par' dir='ltr' id='par_1_60' title="bbox 2145 1739 3722 1822">
     <span class='ocr_line' id='line_1_60' title="bbox 2145 1739 3722 1822; baseline -0.009 -15"><span class='ocrx_word' id='word_1_461' title='bbox 2145 1752 2368 1816; x_wconf 85' lang='grc' dir='ltr'>πάντως</span> <span class='ocrx_word' id='word_1_462' title='bbox 2401 1751 2464 1806; x_wconf 78' lang='grc' dir='ltr'>τὸ</span> <span class='ocrx_word' id='word_1_463' title='bbox 2508 1751 2730 1822; x_wconf 81' lang='grc' dir='ltr'><strong>ἀχρεῖον</strong></span> <span class='ocrx_word' id='word_1_464' title='bbox 2759 1750 3057 1820; x_wconf 85' lang='grc' dir='ltr'>ἀποκερεῖ,</span> <span class='ocrx_word' id='word_1_465' title='bbox 3099 1746 3193 1801; x_wconf 79' lang='grc' dir='ltr'>καὶ</span> <span class='ocrx_word' id='word_1_466' title='bbox 3251 1743 3537 1818; x_wconf 76' lang='grc' dir='ltr'>φροντίδος</span> <span class='ocrx_word' id='word_1_467' title='bbox 3583 1739 3722 1806; x_wconf 76' lang='grc' dir='ltr'>ἀξιοῖ</span> 
     </span>
    </p>
   </div>
   <div class='ocr_carea' id='block_1_61' title="bbox 2143 1832 3721 1916">
    <p class='ocr_par' dir='ltr' id='par_1_61' title="bbox 2143 1832 3721 1916">
     <span class='ocr_line' id='line_1_61' title="bbox 2143 1832 3721 1916; baseline -0.008 -17"><span class='ocrx_word' id='word_1_468' title='bbox 2143 1845 2204 1900; x_wconf 77' lang='grc' dir='ltr'>τὸ</span> <span class='ocrx_word' id='word_1_469' title='bbox 2231 1844 2310 1909; x_wconf 83' lang='grc' dir='ltr'><strong>ὡς</strong></span> <span class='ocrx_word' id='word_1_470' title='bbox 2345 1843 2544 1916; x_wconf 74' lang='grc' dir='ltr'>ἄριστα</span> <span class='ocrx_word' id='word_1_471' title='bbox 2585 1843 2731 1914; x_wconf 65' lang='grc' dir='ltr'>ἔχειν</span> <span class='ocrx_word' id='word_1_472' title='bbox 2771 1841 3070 1913; x_wconf 74' lang='grc' dir='ltr'>δυνάμενον</span> <span class='ocrx_word' id='word_1_473' title='bbox 3107 1839 3200 1894; x_wconf 77' lang='grc' dir='ltr'>καὶ</span> <span class='ocrx_word' id='word_1_474' title='bbox 3237 1832 3630 1910; x_wconf 76' lang='grc' dir='ltr'>καρποφοροῦν</span> <span class='ocrx_word' id='word_1_475' title='bbox 3665 1834 3721 1888; x_wconf 70' lang='grc' dir='ltr'><strong>έν</strong></span> 
     </span>
    </p>
   </div>
   <div class='ocr_carea' id='block_1_62' title="bbox 2145 1925 3724 2008">
    <p class='ocr_par' dir='ltr' id='par_1_62' title="bbox 2145 1925 3724 2008">
     <span class='ocr_line' id='line_1_62' title="bbox 2145 1925 3724 2008; baseline -0.009 -16"><span class='ocrx_word' id='word_1_476' title='bbox 2145 1934 2319 2008; x_wconf 79' lang='grc' dir='ltr'>αὐτῷ.</span> <span class='ocrx_word' id='word_1_477' title='bbox 2362 1937 2492 1990; x_wconf 85' lang='grc' dir='ltr'><strong>Ὅτε</strong></span> <span class='ocrx_word' id='word_1_478' title='bbox 2524 1936 2704 1989; x_wconf 92' lang='grc' dir='ltr'>τοίνυν</span> <span class='ocrx_word' id='word_1_479' title='bbox 2750 1935 2917 2004; x_wconf 72' lang='grc' dir='ltr'>ἐχρῆν</span> <span class='ocrx_word' id='word_1_480' title='bbox 2949 1934 3004 1986; x_wconf 79' lang='grc' dir='ltr'>ὲν</span> <span class='ocrx_word' id='word_1_481' title='bbox 3044 1930 3325 2003; x_wconf 79' lang='grc' dir='ltr'>ἀμείνοσιν</span> <span class='ocrx_word' id='word_1_482' title='bbox 3366 1925 3606 1997; x_wconf 80' lang='grc' dir='ltr'>δρᾶσθαι</span> <span class='ocrx_word' id='word_1_483' title='bbox 3632 1940 3724 1993; x_wconf 82' lang='grc' dir='ltr'>γε·</span> 
     </span>
    </p>
   </div>
   <div class='ocr_carea' id='block_1_63' title="bbox 2143 2014 3725 2101">
    <p class='ocr_par' dir='ltr' id='par_1_63' title="bbox 2143 2014 3725 2101">
     <span class='ocr_line' id='line_1_63' title="bbox 2143 2014 3725 2101; baseline -0.011 -17"><span class='ocrx_word' id='word_1_484' title='bbox 2143 2027 2453 2101; x_wconf 77' lang='grc' dir='ltr'>γενημένην</span> <span class='ocrx_word' id='word_1_485' title='bbox 2512 2027 2612 2098; x_wconf 82' lang='grc' dir='ltr'>τὴν</span> <span class='ocrx_word' id='word_1_486' title='bbox 2639 2025 2749 2081; x_wconf 84' lang='grc' dir='ltr'>τῶν</span> <span class='ocrx_word' id='word_1_487' title='bbox 2789 2023 3056 2080; x_wconf 76' lang='grc' dir='ltr'>Ἰουδαίων</span> <span class='ocrx_word' id='word_1_488' title='bbox 3087 2021 3330 2094; x_wconf 78' lang='grc' dir='ltr'>μητέρα,</span> <span class='ocrx_word' id='word_1_489' title='bbox 3359 2018 3457 2090; x_wconf 82' lang='grc' dir='ltr'>τὴν</span> <span class='ocrx_word' id='word_1_490' title='bbox 3505 2014 3725 2070; x_wconf 74' lang='grc' dir='ltr'>εὖσκιόν</span> 
     </span>
    </p>
   </div>
   <div class='ocr_carea' id='block_1_64' title="bbox 2145 2105 3727 2191">
    <p class='ocr_par' dir='ltr' id='par_1_64' title="bbox 2145 2105 3727 2191">
     <span class='ocr_line' id='line_1_64' title="bbox 2145 2105 3727 2191; baseline -0.011 -16"><span class='ocrx_word' id='word_1_491' title='bbox 2145 2138 2204 2176; x_wconf 80' lang='grc' dir='ltr'><strong>τι</strong></span> <span class='ocrx_word' id='word_1_492' title='bbox 2241 2121 2338 2175; x_wconf 80' lang='grc' dir='ltr'>καὶ</span> <span class='ocrx_word' id='word_1_493' title='bbox 2381 2118 2594 2191; x_wconf 82' lang='grc' dir='ltr'>ὡραίαν</span> <span class='ocrx_word' id='word_1_494' title='bbox 2633 2117 2844 2184; x_wconf 69' lang='grc' dir='ltr'>ἐλαίαν,</span> <span class='ocrx_word' id='word_1_495' title='bbox 2883 2115 2960 2180; x_wconf 83' lang='grc' dir='ltr'><strong>ὡς</strong></span> <span class='ocrx_word' id='word_1_496' title='bbox 2987 2117 3016 2169; x_wconf 90' lang='lat'><strong>6</strong></span> <span class='ocrx_word' id='word_1_497' title='bbox 3051 2116 3338 2187; x_wconf 83' lang='grc' dir='ltr'>προφήτης</span> <span class='ocrx_word' id='word_1_498' title='bbox 3383 2108 3561 2180; x_wconf 61' lang='grc' dir='ltr'>φησι.</span> <span class='ocrx_word' id='word_1_499' title='bbox 3607 2105 3727 2158; x_wconf 81' lang='grc' dir='ltr'>τότε</span> 
     </span>
    </p>
   </div>
   <div class='ocr_carea' id='block_1_65' title="bbox 2147 2197 3728 2280">
    <p class='ocr_par' dir='ltr' id='par_1_65' title="bbox 2147 2197 3728 2280">
     <span class='ocr_line' id='line_1_65' title="bbox 2147 2197 3728 2280; baseline -0.011 -13"><span class='ocrx_word' id='word_1_500' title='bbox 2147 2211 2245 2267; x_wconf 75' lang='grc' dir='ltr'>καὶ</span> <span class='ocrx_word' id='word_1_501' title='bbox 2293 2210 2572 2274; x_wconf 86' lang='grc' dir='ltr'>ἀπόλωλε,</span> <span class='ocrx_word' id='word_1_502' title='bbox 2613 2209 2709 2263; x_wconf 71' lang='grc' dir='ltr'>καὶ</span> <span class='ocrx_word' id='word_1_503' title='bbox 2749 2206 2966 2280; x_wconf 74' lang='grc' dir='ltr'>ἀνήφθη</span> <span class='ocrx_word' id='word_1_504' title='bbox 2998 2204 3111 2276; x_wconf 78' lang='grc' dir='ltr'>πῦρ</span> <span class='ocrx_word' id='word_1_505' title='bbox 3139 2205 3197 2259; x_wconf 77' lang='grc' dir='ltr'>ὲν</span> <span class='ocrx_word' id='word_1_506' title='bbox 3228 2204 3386 2273; x_wconf 76' lang='grc' dir='ltr'>αὐτῇ.</span> <span class='ocrx_word' id='word_1_507' title='bbox 3431 2197 3728 2270; x_wconf 76' lang='grc' dir='ltr'>Τοιγάρτοι</span> 
     </span>
    </p>
   </div>
   <div class='ocr_carea' id='block_1_66' title="bbox 2147 2287 3730 2371">
    <p class='ocr_par' dir='ltr' id='par_1_66' title="bbox 2147 2287 3730 2371">
     <span class='ocr_line' id='line_1_66' title="bbox 2147 2287 3730 2371; baseline -0.01 -15"><span class='ocrx_word' id='word_1_508' title='bbox 2147 2301 2290 2357; x_wconf 76' lang='grc' dir='ltr'>καὶὸ</span> <span class='ocrx_word' id='word_1_509' title='bbox 2323 2300 2485 2371; x_wconf 72' lang='grc' dir='ltr'>σοφὸς</span> <span class='ocrx_word' id='word_1_510' title='bbox 2535 2299 2808 2369; x_wconf 79' lang='grc' dir='ltr'>Ἰωάννης,</span> <span class='ocrx_word' id='word_1_511' title='bbox 2848 2315 2868 2349; x_wconf 81' lang='grc' dir='ltr'><strong>ι</strong></span> <span class='ocrx_word' id='word_1_512' title='bbox 2909 2295 3048 2363; x_wconf 84' lang='grc' dir='ltr'>Ἤδη</span> <span class='ocrx_word' id='word_1_513' title='bbox 3074 2293 3255 2352; x_wconf 49' lang='lat' dir='ltr'><strong>eam</strong></span> <span class='ocrx_word' id='word_1_514' title='bbox 3277 2292 3312 2361; x_wconf 78' lang='grc' dir='ltr'><strong>ἠ</strong></span> <span class='ocrx_word' id='word_1_515' title='bbox 3338 2289 3520 2361; x_wconf 74' lang='grc' dir='ltr'>ἀξίνη.</span> <span class='ocrx_word' id='word_1_516' title='bbox 3569 2287 3730 2357; x_wconf 57' lang='grc' dir='ltr'>φησὶ,</span> 
     </span>
    </p>
   </div>
   <div class='ocr_carea' id='block_1_67' title="bbox 2150 2374 3734 2465">
    <p class='ocr_par' dir='ltr' id='par_1_67' title="bbox 2150 2374 3734 2465">
     <span class='ocr_line' id='line_1_67' title="bbox 2150 2374 3734 2465; baseline -0.011 -18"><span class='ocrx_word' id='word_1_517' title='bbox 2150 2393 2287 2465; x_wconf 73' lang='grc' dir='ltr'>πρὸς</span> <span class='ocrx_word' id='word_1_518' title='bbox 2310 2391 2410 2462; x_wconf 78' lang='grc' dir='ltr'>τὴν</span> <span class='ocrx_word' id='word_1_519' title='bbox 2439 2389 2599 2463; x_wconf 78' lang='grc' dir='ltr'>ῥίζαν</span> <span class='ocrx_word' id='word_1_520' title='bbox 2629 2387 2738 2443; x_wconf 84' lang='grc' dir='ltr'><strong>τῶν</strong></span> <span class='ocrx_word' id='word_1_521' title='bbox 2769 2386 3001 2458; x_wconf 79' lang='grc' dir='ltr'>δένδρων</span> <span class='ocrx_word' id='word_1_522' title='bbox 3024 2385 3222 2438; x_wconf 79' lang='grc' dir='ltr'>κεῖταιο</span> <span class='ocrx_word' id='word_1_523' title='bbox 3251 2381 3361 2435; x_wconf 80' lang='grc' dir='ltr'><strong>πᾶν</strong></span> <span class='ocrx_word' id='word_1_524' title='bbox 3383 2374 3476 2434; x_wconf 74' lang='grc' dir='ltr'>οὖν</span> <span class='ocrx_word' id='word_1_525' title='bbox 3511 2375 3734 2448; x_wconf 72' lang='grc' dir='ltr'>δένδρον</span> 
     </span>
    </p>
   </div>
   <div class='ocr_carea' id='block_1_68' title="bbox 2154 2467 3735 2558">
    <p class='ocr_par' dir='ltr' id='par_1_68' title="bbox 2154 2467 3735 2558">
     <span class='ocr_line' id='line_1_68' title="bbox 2154 2467 3735 2558; baseline -0.011 -17"><span class='ocrx_word' id='word_1_526' title='bbox 2154 2487 2230 2558; x_wconf 84' lang='grc' dir='ltr'>μὴ</span> <span class='ocrx_word' id='word_1_527' title='bbox 2274 2483 2461 2539; x_wconf 76' lang='grc' dir='ltr'>ποιοῦν</span> <span class='ocrx_word' id='word_1_528' title='bbox 2506 2481 2719 2554; x_wconf 77' lang='grc' dir='ltr'>καρπὸν</span> <span class='ocrx_word' id='word_1_529' title='bbox 2757 2480 2941 2543; x_wconf 84' lang='grc' dir='ltr'>καλὸν,</span> <span class='ocrx_word' id='word_1_530' title='bbox 2973 2477 3332 2537; x_wconf 74' lang='grc' dir='ltr'>ἐκκόπτεται,</span> <span class='ocrx_word' id='word_1_531' title='bbox 3371 2473 3466 2526; x_wconf 76' lang='grc' dir='ltr'>καὶ</span> <span class='ocrx_word' id='word_1_532' title='bbox 3497 2472 3586 2534; x_wconf 83' lang='grc' dir='ltr'><strong>είς</strong></span> <span class='ocrx_word' id='word_1_533' title='bbox 3626 2467 3735 2540; x_wconf 79' lang='grc' dir='ltr'><strong>πῦρ</strong></span> 
     </span>
    </p>
   </div>
   <div class='ocr_carea' id='block_1_69' title="bbox 2155 2561 3736 2650">
    <p class='ocr_par' dir='ltr' id='par_1_69' title="bbox 2155 2561 3736 2650">
     <span class='ocr_line' id='line_1_69' title="bbox 2155 2561 3736 2650; baseline -0.012 -16"><span class='ocrx_word' id='word_1_534' title='bbox 2155 2577 2432 2650; x_wconf 80' lang='grc' dir='ltr'><strong>βάλλεται.</strong></span> <span class='ocrx_word' id='word_1_535' title='bbox 2472 2595 2492 2629; x_wconf 74' lang='grc' dir='ltr'><strong>ι</strong></span> <span class='ocrx_word' id='word_1_536' title='bbox 2530 2575 2654 2629; x_wconf 86' lang='grc' dir='ltr'><strong>Ὅτι</strong></span> <span class='ocrx_word' id='word_1_537' title='bbox 2686 2573 2742 2626; x_wconf 75' lang='grc' dir='ltr'>δὲ</span> <span class='ocrx_word' id='word_1_538' title='bbox 2779 2570 2972 2644; x_wconf 75' lang='grc' dir='ltr'>ἔμελλε</span> <span class='ocrx_word' id='word_1_539' title='bbox 3005 2571 3124 2631; x_wconf 86' lang='grc' dir='ltr'>ταῖς</span> <span class='ocrx_word' id='word_1_540' title='bbox 3158 2569 3239 2631; x_wconf 87' lang='grc' dir='ltr'><strong>είς</strong></span> <span class='ocrx_word' id='word_1_541' title='bbox 3283 2565 3437 2635; x_wconf 80' lang='grc' dir='ltr'>λῆξιν</span> <span class='ocrx_word' id='word_1_542' title='bbox 3469 2561 3736 2633; x_wconf 75' lang='grc' dir='ltr'><strong>ἡκούσαις</strong></span> 
     </span>
    </p>
   </div>
   <div class='ocr_carea' id='block_1_70' title="bbox 2155 2654 3734 2739">
    <p class='ocr_par' dir='ltr' id='par_1_70' title="bbox 2155 2654 3734 2739">
     <span class='ocr_line' id='line_1_70' title="bbox 2155 2654 3734 2739; baseline -0.013 -14"><span class='ocrx_word' id='word_1_543' title='bbox 2155 2669 2325 2726; x_wconf 74' lang='grc' dir='ltr'>κακοῦ</span> <span class='ocrx_word' id='word_1_544' title='bbox 2359 2665 2776 2739; x_wconf 78' lang='grc' dir='ltr'>περιπεσεῖσθαι</span> <span class='ocrx_word' id='word_1_545' title='bbox 2817 2665 3126 2735; x_wconf 82' lang='grc' dir='ltr'>συμφοραῖς</span> <span class='ocrx_word' id='word_1_546' title='bbox 3158 2662 3192 2731; x_wconf 83' lang='grc' dir='ltr'>ὴ</span> <span class='ocrx_word' id='word_1_547' title='bbox 3236 2657 3520 2728; x_wconf 76' lang='grc' dir='ltr'>διαϐόητος</span> <span class='ocrx_word' id='word_1_548' title='bbox 3551 2654 3734 2718; x_wconf 73' lang='grc' dir='ltr'>πόλις.</span> 
     </span>
    </p>
   </div>
   <div class='ocr_carea' id='block_1_71' title="bbox 2159 2745 3734 2834">
    <p class='ocr_par' dir='ltr' id='par_1_71' title="bbox 2159 2745 3734 2834">
     <span class='ocr_line' id='line_1_71' title="bbox 2159 2745 3734 2834; baseline -0.012 -18"><span class='ocrx_word' id='word_1_549' title='bbox 2159 2758 2732 2834; x_wconf 83' lang='grc' dir='ltr'>προανεχρησμῲδησε</span> <span class='ocrx_word' id='word_1_550' title='bbox 2785 2755 2963 2825; x_wconf 88' lang='grc' dir='ltr'>λέγων</span> <span class='ocrx_word' id='word_1_551' title='bbox 3011 2755 3040 2806; x_wconf 89' lang='lat'><strong>6</strong></span> <span class='ocrx_word' id='word_1_552' title='bbox 3094 2751 3379 2824; x_wconf 78' lang='grc' dir='ltr'>προφήτης</span> <span class='ocrx_word' id='word_1_553' title='bbox 3432 2745 3734 2819; x_wconf 79' lang='grc' dir='ltr'>Ζαχαρίας·</span> 
     </span>
    </p>
   </div>
   <div class='ocr_carea' id='block_1_72' title="bbox 2163 2838 3740 2920">
    <p class='ocr_par' dir='ltr' id='par_1_72' title="bbox 2163 2838 3740 2920">
     <span class='ocr_line' id='line_1_72' title="bbox 2163 2838 3740 2920; baseline -0.011 -11"><span class='ocrx_word' id='word_1_554' title='bbox 2163 2875 2183 2908; x_wconf 78' lang='grc' dir='ltr'><strong>ι</strong></span> <span class='ocrx_word' id='word_1_555' title='bbox 2224 2856 2334 2909; x_wconf 73' lang='grc' dir='ltr'><strong>Καὶ</strong></span> <span class='ocrx_word' id='word_1_556' title='bbox 2362 2854 2511 2908; x_wconf 73' lang='grc' dir='ltr'>ἔσται</span> <span class='ocrx_word' id='word_1_557' title='bbox 2541 2853 2570 2906; x_wconf 86' lang='grc' dir='ltr'>ὁ</span> <span class='ocrx_word' id='word_1_558' title='bbox 2609 2850 2839 2914; x_wconf 83' lang='grc' dir='ltr'>κοπετδς</span> <span class='ocrx_word' id='word_1_559' title='bbox 2874 2851 2976 2920; x_wconf 81' lang='grc' dir='ltr'>τῆς</span> <span class='ocrx_word' id='word_1_560' title='bbox 3012 2844 3369 2918; x_wconf 74' lang='grc' dir='ltr'>Ἰερουσαλὴμ</span> <span class='ocrx_word' id='word_1_561' title='bbox 3399 2842 3475 2905; x_wconf 84' lang='grc' dir='ltr'><strong>ὡς</strong></span> <span class='ocrx_word' id='word_1_562' title='bbox 3502 2838 3740 2902; x_wconf 83' lang='grc' dir='ltr'>κοπετδς</span> 
     </span>
    </p>
   </div>
   <div class='ocr_carea' id='block_1_73' title="bbox 2162 2930 3740 3017">
    <p class='ocr_par' dir='ltr' id='par_1_73' title="bbox 2162 2930 3740 3017">
     <span class='ocr_line' id='line_1_73' title="bbox 2162 2930 3740 3017; baseline -0.013 -14"><span class='ocrx_word' id='word_1_563' title='bbox 2162 2947 2362 3017; x_wconf 79' lang='grc' dir='ltr'>ροὦνος</span> <span class='ocrx_word' id='word_1_564' title='bbox 2424 2947 2482 3000; x_wconf 77' lang='grc' dir='ltr'><strong>έν</strong></span> <span class='ocrx_word' id='word_1_565' title='bbox 2526 2943 2693 3013; x_wconf 84' lang='grc' dir='ltr'>πεδίῳ</span> <span class='ocrx_word' id='word_1_566' title='bbox 2756 2937 3184 3010; x_wconf 80' lang='grc' dir='ltr'>ὲκκοπτομένου.</span> <span class='ocrx_word' id='word_1_567' title='bbox 3234 2955 3252 2988; x_wconf 73' lang='grc' dir='ltr'><strong>ι</strong></span> <span class='ocrx_word' id='word_1_568' title='bbox 3296 2935 3409 2988; x_wconf 72' lang='grc' dir='ltr'><strong>Καὶ</strong></span> <span class='ocrx_word' id='word_1_569' title='bbox 3453 2931 3626 2987; x_wconf 77' lang='grc' dir='ltr'>πάλιν</span> <span class='ocrx_word' id='word_1_570' title='bbox 3669 2930 3740 2993; x_wconf 85' lang='grc' dir='ltr'><strong>ὡς</strong></span> 
     </span>
    </p>
   </div>
   <div class='ocr_carea' id='block_1_74' title="bbox 2162 3024 3740 3112">
    <p class='ocr_par' dir='ltr' id='par_1_74' title="bbox 2162 3024 3740 3112">
     <span class='ocr_line' id='line_1_74' title="bbox 2162 3024 3740 3112; baseline -0.013 -18"><span class='ocrx_word' id='word_1_571' title='bbox 2162 3040 2298 3112; x_wconf 77' lang='grc' dir='ltr'>πρὸς</span> <span class='ocrx_word' id='word_1_572' title='bbox 2333 3039 2528 3108; x_wconf 76' lang='grc' dir='ltr'><strong>αὐτήν⁸</strong></span> <span class='ocrx_word' id='word_1_573' title='bbox 2553 3057 2572 3090; x_wconf 83' lang='grc' dir='ltr'><strong>ι</strong></span> <span class='ocrx_word' id='word_1_574' title='bbox 2603 3034 2897 3100; x_wconf 78' lang='grc' dir='ltr'>Διάνοιξον,</span> <span class='ocrx_word' id='word_1_575' title='bbox 2928 3033 2957 3086; x_wconf 90' lang='lat'><strong>6</strong></span> <span class='ocrx_word' id='word_1_576' title='bbox 2980 3029 3232 3093; x_wconf 70' lang='grc' dir='ltr'>Λίϐανος,</span> <span class='ocrx_word' id='word_1_577' title='bbox 3263 3027 3364 3091; x_wconf 81' lang='grc' dir='ltr'>τὰς</span> <span class='ocrx_word' id='word_1_578' title='bbox 3401 3024 3577 3094; x_wconf 83' lang='grc' dir='ltr'>θύρας</span> <span class='ocrx_word' id='word_1_579' title='bbox 3626 3039 3740 3087; x_wconf 86' lang='grc' dir='ltr'>σου,</span> 
     </span>
    </p>
   </div>
   <div class='ocr_carea' id='block_1_75' title="bbox 2163 3113 3745 3199">
    <p class='ocr_par' dir='ltr' id='par_1_75' title="bbox 2163 3113 3745 3199">
     <span class='ocr_line' id='line_1_75' title="bbox 2163 3113 3745 3199; baseline -0.014 -13"><span class='ocrx_word' id='word_1_580' title='bbox 2163 3132 2260 3186; x_wconf 75' lang='grc' dir='ltr'>καὶ</span> <span class='ocrx_word' id='word_1_581' title='bbox 2298 3128 2659 3199; x_wconf 82' lang='grc' dir='ltr'>καταφαγέτω</span> <span class='ocrx_word' id='word_1_582' title='bbox 2690 3126 2802 3197; x_wconf 79' lang='grc' dir='ltr'>πῦρ</span> <span class='ocrx_word' id='word_1_583' title='bbox 2839 3123 2938 3186; x_wconf 83' lang='grc' dir='ltr'><strong>τὰς</strong></span> <span class='ocrx_word' id='word_1_584' title='bbox 2979 3121 3207 3194; x_wconf 86' lang='grc' dir='ltr'>κέδρους</span> <span class='ocrx_word' id='word_1_585' title='bbox 3250 3135 3366 3172; x_wconf 81' lang='grc' dir='ltr'>σου.</span> <span class='ocrx_word' id='word_1_586' title='bbox 3408 3113 3745 3177; x_wconf 75' lang='grc' dir='ltr'>Ὀλολυζέτω</span> 
     </span>
    </p>
   </div>
   <div class='ocr_carea' id='block_1_76' title="bbox 2167 3207 3746 3288">
    <p class='ocr_par' dir='ltr' id='par_1_76' title="bbox 2167 3207 3746 3288">
     <span class='ocr_line' id='line_1_76' title="bbox 2167 3207 3746 3288; baseline -0.014 -11"><span class='ocrx_word' id='word_1_587' title='bbox 2167 3224 2362 3288; x_wconf 83' lang='grc' dir='ltr'>πίτυς,</span> <span class='ocrx_word' id='word_1_588' title='bbox 2403 3220 2536 3275; x_wconf 84' lang='grc' dir='ltr'>διότι</span> <span class='ocrx_word' id='word_1_589' title='bbox 2563 3218 2822 3272; x_wconf 78' lang='grc' dir='ltr'>πέπτωκε</span> <span class='ocrx_word' id='word_1_590' title='bbox 2865 3215 3078 3286; x_wconf 77' lang='grc' dir='ltr'>κέδρος.</span> <span class='ocrx_word' id='word_1_591' title='bbox 3108 3214 3231 3266; x_wconf 77' lang='grc' dir='ltr'>Ὀτι</span> <span class='ocrx_word' id='word_1_592' title='bbox 3282 3207 3535 3280; x_wconf 78' lang='grc' dir='ltr'>μεγάλως</span> <span class='ocrx_word' id='word_1_593' title='bbox 3591 3220 3746 3276; x_wconf 80' lang='grc' dir='ltr'>μεγι-</span> 
     </span>
    </p>
   </div>
   <div class='ocr_carea' id='block_1_77' title="bbox 2167 3297 3742 3380">
    <p class='ocr_par' dir='ltr' id='par_1_77' title="bbox 2167 3297 3742 3380">
     <span class='ocr_line' id='line_1_77' title="bbox 2167 3297 3742 3380; baseline -0.015 -10"><span class='ocrx_word' id='word_1_594' title='bbox 2167 3318 2359 3378; x_wconf 81' lang='grc' dir='ltr'>στᾶνες</span> <span class='ocrx_word' id='word_1_595' title='bbox 2399 3310 2874 3380; x_wconf 77' lang='grc' dir='ltr'>ἐταλαιπώρησαν.</span> <span class='ocrx_word' id='word_1_596' title='bbox 2929 3303 3265 3369; x_wconf 78' lang='grc' dir='ltr'>Ὀλολύξατε.</span> <span class='ocrx_word' id='word_1_597' title='bbox 3289 3300 3448 3374; x_wconf 81' lang='grc' dir='ltr'>δρύες</span> <span class='ocrx_word' id='word_1_598' title='bbox 3500 3298 3608 3368; x_wconf 82' lang='grc' dir='ltr'>τῆς</span> <span class='ocrx_word' id='word_1_599' title='bbox 3637 3297 3742 3349; x_wconf 84' lang='grc' dir='ltr'><strong>Βα-</strong></span> 
     </span>
    </p>
   </div>
   <div class='ocr_carea' id='block_1_78' title="bbox 2168 3389 3741 3469">
    <p class='ocr_par' dir='ltr' id='par_1_78' title="bbox 2168 3389 3741 3469">
     <span class='ocr_line' id='line_1_78' title="bbox 2168 3389 3741 3469; baseline -0.016 -7"><span class='ocrx_word' id='word_1_600' title='bbox 2168 3405 2468 3469; x_wconf 85' lang='grc' dir='ltr'>σανίτιδος,</span> <span class='ocrx_word' id='word_1_601' title='bbox 2497 3404 2579 3456; x_wconf 80' lang='grc' dir='ltr'>ὃτι</span> <span class='ocrx_word' id='word_1_602' title='bbox 2623 3397 2980 3468; x_wconf 82' lang='grc' dir='ltr'>κατεσπάσθη</span> <span class='ocrx_word' id='word_1_603' title='bbox 3012 3398 3040 3451; x_wconf 88' lang='lat'><strong>6</strong></span> <span class='ocrx_word' id='word_1_604' title='bbox 3069 3393 3274 3466; x_wconf 81' lang='grc' dir='ltr'>δρυμὸς</span> <span class='ocrx_word' id='word_1_605' title='bbox 3313 3393 3342 3446; x_wconf 88' lang='lat'><strong>6</strong></span> <span class='ocrx_word' id='word_1_606' title='bbox 3385 3389 3693 3459; x_wconf 75' lang='grc' dir='ltr'>σύμφυτος.</span> <span class='ocrx_word' id='word_1_607' title='bbox 3722 3403 3741 3436; x_wconf 76' lang='grc' dir='ltr'><strong>ι</strong></span> 
     </span>
    </p>
   </div>
   <div class='ocr_carea' id='block_1_79' title="bbox 2167 3479 3750 3567">
    <p class='ocr_par' dir='ltr' id='par_1_79' title="bbox 2167 3479 3750 3567">
     <span class='ocr_line' id='line_1_79' title="bbox 2167 3479 3750 3567; baseline -0.013 -13"><span class='ocrx_word' id='word_1_608' title='bbox 2167 3497 2396 3561; x_wconf 77' lang='grc' dir='ltr'>Λίϐανος</span> <span class='ocrx_word' id='word_1_609' title='bbox 2416 3494 2640 3567; x_wconf 78' lang='grc' dir='ltr'>μὲνγὰρ</span> <span class='ocrx_word' id='word_1_610' title='bbox 2659 3493 2784 3565; x_wconf 80' lang='grc' dir='ltr'>ὅρος</span> <span class='ocrx_word' id='word_1_611' title='bbox 2808 3489 2926 3544; x_wconf 77' lang='grc' dir='ltr'>ἐστὶ</span> <span class='ocrx_word' id='word_1_612' title='bbox 2952 3491 3019 3560; x_wconf 74' lang='grc' dir='ltr'>τῇ</span> <span class='ocrx_word' id='word_1_613' title='bbox 3050 3487 3226 3559; x_wconf 85' lang='grc' dir='ltr'>κέδρῳ</span> <span class='ocrx_word' id='word_1_614' title='bbox 3267 3483 3610 3552; x_wconf 78' lang='grc' dir='ltr'>κατάκομον.</span> <span class='ocrx_word' id='word_1_615' title='bbox 3657 3479 3750 3533; x_wconf 78' lang='grc' dir='ltr'><strong>Εὑ-</strong></span> 
     </span>
    </p>
   </div>
   <div class='ocr_carea' id='block_1_80' title="bbox 2167 3571 3749 3659">
    <p class='ocr_par' dir='ltr' id='par_1_80' title="bbox 2167 3571 3749 3659">
     <span class='ocr_line' id='line_1_80' title="bbox 2167 3571 3749 3659; baseline -0.015 -13"><span class='ocrx_word' id='word_1_616' title='bbox 2167 3591 2300 3655; x_wconf 84' lang='grc' dir='ltr'>ὦδες</span> <span class='ocrx_word' id='word_1_617' title='bbox 2316 3591 2372 3644; x_wconf 79' lang='grc' dir='ltr'>δὲ</span> <span class='ocrx_word' id='word_1_618' title='bbox 2386 3589 2446 3642; x_wconf 81' lang='grc' dir='ltr'>τὸ</span> <span class='ocrx_word' id='word_1_619' title='bbox 2460 3587 2648 3659; x_wconf 81' lang='grc' dir='ltr'>φυτὸν,</span> <span class='ocrx_word' id='word_1_620' title='bbox 2668 3585 2762 3640; x_wconf 68' lang='grc' dir='ltr'>καὶ</span> <span class='ocrx_word' id='word_1_621' title='bbox 2785 3583 2894 3636; x_wconf 84' lang='grc' dir='ltr'><strong>τῶν</strong></span> <span class='ocrx_word' id='word_1_622' title='bbox 2919 3583 3003 3636; x_wconf 82' lang='grc' dir='ltr'>ὅτι</span> <span class='ocrx_word' id='word_1_623' title='bbox 3023 3580 3259 3652; x_wconf 83' lang='grc' dir='ltr'>μάλιστα</span> <span class='ocrx_word' id='word_1_624' title='bbox 3276 3571 3749 3646; x_wconf 79' lang='grc' dir='ltr'>τεθαυμασμένων</span> 
     </span>
    </p>
   </div>
   <div class='ocr_carea' id='block_1_81' title="bbox 2169 3664 3748 3750">
    <p class='ocr_par' dir='ltr' id='par_1_81' title="bbox 2169 3664 3748 3750">
     <span class='ocr_line' id='line_1_81' title="bbox 2169 3664 3748 3750; baseline -0.013 -12"><span class='ocrx_word' id='word_1_625' title='bbox 2169 3688 2248 3749; x_wconf 86' lang='grc' dir='ltr'><strong>εἰς</strong></span> <span class='ocrx_word' id='word_1_626' title='bbox 2264 3678 2700 3750; x_wconf 85' lang='grc' dir='ltr'>κάλλος.Λι6ἀνῳ</span> <span class='ocrx_word' id='word_1_627' title='bbox 2719 3676 2783 3743; x_wconf 84' lang='grc' dir='ltr'>δὴ</span> <span class='ocrx_word' id='word_1_628' title='bbox 2798 3670 2890 3730; x_wconf 75' lang='grc' dir='ltr'>οὖν</span> <span class='ocrx_word' id='word_1_629' title='bbox 2906 3671 3234 3744; x_wconf 75' lang='grc' dir='ltr'>παρεικάζει</span> <span class='ocrx_word' id='word_1_630' title='bbox 3247 3668 3345 3741; x_wconf 84' lang='grc' dir='ltr'>τὴν</span> <span class='ocrx_word' id='word_1_631' title='bbox 3365 3664 3748 3739; x_wconf 79' lang='grc' dir='ltr'>Ἰερουσαλὴμ,</span> 
     </span>
    </p>
   </div>
   <div class='ocr_carea' id='block_1_82' title="bbox 2168 3757 3747 3843">
    <p class='ocr_par' dir='ltr' id='par_1_82' title="bbox 2168 3757 3747 3843">
     <span class='ocr_line' id='line_1_82' title="bbox 2168 3757 3747 3843; baseline -0.012 -12"><span class='ocrx_word' id='word_1_632' title='bbox 2168 3777 2269 3831; x_wconf 83' lang='grc' dir='ltr'>οὐκ</span> <span class='ocrx_word' id='word_1_633' title='bbox 2316 3773 2665 3843; x_wconf 79' lang='grc' dir='ltr'>ἀθαύμαστον</span> <span class='ocrx_word' id='word_1_634' title='bbox 2713 3768 2942 3840; x_wconf 74' lang='grc' dir='ltr'>ἔχουσαν</span> <span class='ocrx_word' id='word_1_635' title='bbox 2980 3765 3078 3836; x_wconf 79' lang='grc' dir='ltr'>τὴν</span> <span class='ocrx_word' id='word_1_636' title='bbox 3127 3763 3238 3816; x_wconf 81' lang='grc' dir='ltr'><strong>τῶν</strong></span> <span class='ocrx_word' id='word_1_637' title='bbox 3273 3761 3460 3834; x_wconf 78' lang='grc' dir='ltr'>ἱερέων</span> <span class='ocrx_word' id='word_1_638' title='bbox 3499 3757 3747 3829; x_wconf 74' lang='grc' dir='ltr'>πληθὺν,</span> 
     </span>
    </p>
   </div>
   <div class='ocr_carea' id='block_1_83' title="bbox 2169 3851 3752 3938">
    <p class='ocr_par' dir='ltr' id='par_1_83' title="bbox 2169 3851 3752 3938">
     <span class='ocr_line' id='line_1_83' title="bbox 2169 3851 3752 3938; baseline -0.011 -16"><span class='ocrx_word' id='word_1_639' title='bbox 2169 3869 2229 3922; x_wconf 89' lang='grc' dir='ltr'><strong>τό</strong></span> <span class='ocrx_word' id='word_1_640' title='bbox 2248 3884 2312 3937; x_wconf 83' lang='grc' dir='ltr'>γε</span> <span class='ocrx_word' id='word_1_641' title='bbox 2341 3861 2496 3938; x_wconf 77' lang='grc' dir='ltr'>ἧκον,</span> <span class='ocrx_word' id='word_1_642' title='bbox 2535 3863 2699 3935; x_wconf 71' lang='grc' dir='ltr'>φημὶ,</span> <span class='ocrx_word' id='word_1_643' title='bbox 2734 3860 2869 3933; x_wconf 80' lang='grc' dir='ltr'>πρὸς</span> <span class='ocrx_word' id='word_1_644' title='bbox 2901 3858 2998 3920; x_wconf 84' lang='grc' dir='ltr'>τὰς</span> <span class='ocrx_word' id='word_1_645' title='bbox 3018 3859 3081 3910; x_wconf 85' lang='grc' dir='ltr'>ὲκ</span> <span class='ocrx_word' id='word_1_646' title='bbox 3096 3856 3261 3925; x_wconf 74' lang='grc' dir='ltr'>νόμον</span> <span class='ocrx_word' id='word_1_647' title='bbox 3292 3851 3752 3924; x_wconf 82' lang='grc' dir='ltr'>τιμάς.Τέθειντο</span> 
     </span>
    </p>
   </div>
   <div class='ocr_carea' id='block_1_84' title="bbox 2169 3943 3752 4032">
    <p class='ocr_par' dir='ltr' id='par_1_84' title="bbox 2169 3943 3752 4032">
     <span class='ocr_line' id='line_1_84' title="bbox 2169 3943 3752 4032; baseline -0.011 -18"><span class='ocrx_word' id='word_1_648' title='bbox 2169 3960 2280 4032; x_wconf 81' lang='grc' dir='ltr'>γὰρ</span> <span class='ocrx_word' id='word_1_649' title='bbox 2316 3957 2640 4030; x_wconf 77' lang='grc' dir='ltr'>ἡγούμενοι,</span> <span class='ocrx_word' id='word_1_650' title='bbox 2674 3955 2771 4009; x_wconf 69' lang='grc' dir='ltr'>καὶ</span> <span class='ocrx_word' id='word_1_651' title='bbox 2816 3947 3013 4024; x_wconf 74' lang='grc' dir='ltr'>οἷάπερ</span> <span class='ocrx_word' id='word_1_652' title='bbox 3065 3953 3122 4004; x_wconf 81' lang='grc' dir='ltr'>ὲν</span> <span class='ocrx_word' id='word_1_653' title='bbox 3150 3950 3374 4021; x_wconf 87' lang='grc' dir='ltr'>δρυμοῖς</span> <span class='ocrx_word' id='word_1_654' title='bbox 3405 3945 3542 4017; x_wconf 88' lang='grc' dir='ltr'><strong>ἀδρά</strong></span> <span class='ocrx_word' id='word_1_655' title='bbox 3569 3962 3632 3998; x_wconf 90' lang='grc' dir='ltr'><strong>τε</strong></span> <span class='ocrx_word' id='word_1_656' title='bbox 3659 3943 3752 3998; x_wconf 87' lang='grc' dir='ltr'>καὶ</span> 
     </span>
    </p>
   </div>
   <div class='ocr_carea' id='block_1_85' title="bbox 2172 4038 3751 4124">
    <p class='ocr_par' dir='ltr' id='par_1_85' title="bbox 2172 4038 3751 4124">
     <span class='ocr_line' id='line_1_85' title="bbox 2172 4038 3751 4124; baseline -0.012 -16"><span class='ocrx_word' id='word_1_657' title='bbox 2172 4050 2626 4124; x_wconf 84' lang='grc' dir='ltr'>εὐθυμηκέστατα</span> <span class='ocrx_word' id='word_1_658' title='bbox 2654 4046 2803 4112; x_wconf 80' lang='grc' dir='ltr'>ξύλα,</span> <span class='ocrx_word' id='word_1_659' title='bbox 2828 4044 2891 4099; x_wconf 78' lang='grc' dir='ltr'>τὸ</span> <span class='ocrx_word' id='word_1_660' title='bbox 2917 4045 3025 4098; x_wconf 86' lang='grc' dir='ltr'><strong>τῶν</strong></span> <span class='ocrx_word' id='word_1_661' title='bbox 3049 4043 3220 4098; x_wconf 84' lang='grc' dir='ltr'>ἄλλων</span> <span class='ocrx_word' id='word_1_662' title='bbox 3246 4040 3498 4097; x_wconf 77' lang='grc' dir='ltr'>ἁπάντων</span> <span class='ocrx_word' id='word_1_663' title='bbox 3529 4038 3751 4108; x_wconf 78' lang='grc' dir='ltr'>ἀνέχονο</span> 
     </span>
    </p>
   </div>
   <div class='ocr_carea' id='block_1_86' title="bbox 2170 4127 3752 4214">
    <p class='ocr_par' dir='ltr' id='par_1_86' title="bbox 2170 4127 3752 4214">
     <span class='ocr_line' id='line_1_86' title="bbox 2170 4127 3752 4214; baseline -0.012 -16"><span class='ocrx_word' id='word_1_664' title='bbox 2170 4161 2262 4208; x_wconf 87' lang='grc' dir='ltr'><strong>τες</strong></span> <span class='ocrx_word' id='word_1_665' title='bbox 2295 4141 2512 4214; x_wconf 76' lang='grc' dir='ltr'>μέτρον,</span> <span class='ocrx_word' id='word_1_666' title='bbox 2541 4138 2634 4193; x_wconf 74' lang='grc' dir='ltr'>καὶ</span> <span class='ocrx_word' id='word_1_667' title='bbox 2665 4137 2800 4190; x_wconf 80' lang='grc' dir='ltr'>πολὺ</span> <span class='ocrx_word' id='word_1_668' title='bbox 2832 4135 2940 4189; x_wconf 84' lang='grc' dir='ltr'><strong>τῶν</strong></span> <span class='ocrx_word' id='word_1_669' title='bbox 2976 4133 3081 4187; x_wconf 81' lang='grc' dir='ltr'><strong>ὑπὸ</strong></span> <span class='ocrx_word' id='word_1_670' title='bbox 3118 4135 3275 4205; x_wconf 84' lang='grc' dir='ltr'>χεῖρα</span> <span class='ocrx_word' id='word_1_671' title='bbox 3305 4129 3450 4184; x_wconf 83' lang='grc' dir='ltr'>λαῶν</span> <span class='ocrx_word' id='word_1_672' title='bbox 3488 4127 3752 4200; x_wconf 82' lang='grc' dir='ltr'>ὑπερκεί-</span> 
     </span>
    </p>
   </div>
   <div class='ocr_carea' id='block_1_87' title="bbox 2177 4220 3754 4309">
    <p class='ocr_par' dir='ltr' id='par_1_87' title="bbox 2177 4220 3754 4309">
     <span class='ocr_line' id='line_1_87' title="bbox 2177 4220 3754 4309; baseline -0.011 -18"><span class='ocrx_word' id='word_1_673' title='bbox 2177 4253 2350 4309; x_wconf 88' lang='grc' dir='ltr'>μενοι.</span> <span class='ocrx_word' id='word_1_674' title='bbox 2415 4232 2551 4287; x_wconf 77' lang='grc' dir='ltr'>Ἀλλ’</span> <span class='ocrx_word' id='word_1_675' title='bbox 2598 4229 2984 4303; x_wconf 82' lang='grc' dir='ltr'>ὲμπέπρησται</span> <span class='ocrx_word' id='word_1_676' title='bbox 3035 4226 3134 4297; x_wconf 83' lang='grc' dir='ltr'>μὲν</span> <span class='ocrx_word' id='word_1_677' title='bbox 3190 4220 3580 4296; x_wconf 76' lang='grc' dir='ltr'>Ἰερουσαλὴμ,</span> <span class='ocrx_word' id='word_1_678' title='bbox 3630 4237 3754 4274; x_wconf 82' lang='grc' dir='ltr'>τουο</span> 
     </span>
    </p>
   </div>
   <div class='ocr_carea' id='block_1_88' title="bbox 2173 4312 3754 4392">
    <p class='ocr_par' dir='ltr' id='par_1_88' title="bbox 2173 4312 3754 4392">
     <span class='ocr_line' id='line_1_88' title="bbox 2173 4312 3754 4392; baseline -0.012 -9"><span class='ocrx_word' id='word_1_679' title='bbox 2173 4330 2374 4392; x_wconf 86' lang='grc' dir='ltr'>τέστιν,</span> <span class='ocrx_word' id='word_1_680' title='bbox 2412 4327 2441 4380; x_wconf 88' lang='lat'><strong>6</strong></span> <span class='ocrx_word' id='word_1_681' title='bbox 2471 4323 2723 4386; x_wconf 79' lang='grc' dir='ltr'>Λίϐανος.</span> <span class='ocrx_word' id='word_1_682' title='bbox 2753 4323 2813 4374; x_wconf 86' lang='grc' dir='ltr'><strong>Οί</strong></span> <span class='ocrx_word' id='word_1_683' title='bbox 2839 4320 2896 4373; x_wconf 76' lang='grc' dir='ltr'>δὲ</span> <span class='ocrx_word' id='word_1_684' title='bbox 2929 4320 2988 4372; x_wconf 84' lang='grc' dir='ltr'>ὲν</span> <span class='ocrx_word' id='word_1_685' title='bbox 3013 4318 3149 4388; x_wconf 80' lang='grc' dir='ltr'><strong>αὐτῇ</strong></span> <span class='ocrx_word' id='word_1_686' title='bbox 3176 4316 3439 4386; x_wconf 71' lang='grc' dir='ltr'>λαμπροὶ,</span> <span class='ocrx_word' id='word_1_687' title='bbox 3473 4312 3568 4366; x_wconf 69' lang='grc' dir='ltr'>καὶ</span> <span class='ocrx_word' id='word_1_688' title='bbox 3597 4328 3754 4384; x_wconf 82' lang='grc' dir='ltr'>περι-</span> 
     </span>
    </p>
   </div>
   <div class='ocr_carea' id='block_1_89' title="bbox 2176 4404 3755 4489">
    <p class='ocr_par' dir='ltr' id='par_1_89' title="bbox 2176 4404 3755 4489">
     <span class='ocr_line' id='line_1_89' title="bbox 2176 4404 3755 4489; baseline -0.011 -16"><span class='ocrx_word' id='word_1_689' title='bbox 2176 4419 2521 4489; x_wconf 83' lang='grc' dir='ltr'>φανέστατοι,</span> <span class='ocrx_word' id='word_1_690' title='bbox 2546 4415 2640 4468; x_wconf 74' lang='grc' dir='ltr'>καὶ</span> <span class='ocrx_word' id='word_1_691' title='bbox 2664 4415 2726 4467; x_wconf 83' lang='grc' dir='ltr'>τὸ</span> <span class='ocrx_word' id='word_1_692' title='bbox 2751 4414 2809 4466; x_wconf 84' lang='grc' dir='ltr'>ὲν</span> <span class='ocrx_word' id='word_1_693' title='bbox 2831 4410 3100 4472; x_wconf 79' lang='grc' dir='ltr'>εὖκλείαις</span> <span class='ocrx_word' id='word_1_694' title='bbox 3125 4408 3337 4478; x_wconf 80' lang='grc' dir='ltr'>ἔχοντες</span> <span class='ocrx_word' id='word_1_695' title='bbox 3359 4405 3522 4475; x_wconf 62' lang='grc' dir='ltr'>ὕψος,</span> <span class='ocrx_word' id='word_1_696' title='bbox 3550 4404 3755 4475; x_wconf 82' lang='grc' dir='ltr'>τεθρη-</span> 
     </span>
    </p>
   </div>
   <div class='ocr_carea' id='block_1_90' title="bbox 497 4483 3754 4583">
    <p class='ocr_par' dir='ltr' id='par_1_90' title="bbox 497 4483 3754 4583">
     <span class='ocr_line' id='line_1_90' title="bbox 497 4483 3754 4583; baseline -0.004 -24"><span class='ocrx_word' id='word_1_697' title='bbox 497 4483 668 4583; x_wconf 41' lang='grc' dir='ltr'>ξυίξθε</span> <span class='ocrx_word' id='word_1_698' title='bbox 688 4503 797 4583; x_wconf 56' lang='grc' dir='ltr'><strong>ηῨξι</strong></span> <span class='ocrx_word' id='word_1_699' title='bbox 829 4489 1000 4583; x_wconf 55' lang='grc' dir='ltr'><strong>ἕλικες</strong></span> <span class='ocrx_word' id='word_1_700' title='bbox 1032 4506 1196 4583; x_wconf 51' lang='grc' dir='ltr'><strong>(ῐυέῐη</strong></span> <span class='ocrx_word' id='word_1_701' title='bbox 1232 4491 1285 4544; x_wconf 68' lang='lat' dir='ltr'><strong>in</strong></span> <span class='ocrx_word' id='word_1_702' title='bbox 1317 4491 1616 4583; x_wconf 58' lang='grc' dir='ltr'>ιίεηειίξνοε</span> <span class='ocrx_word' id='word_1_703' title='bbox 1638 4490 1901 4583; x_wconf 13' lang='grc' dir='ltr'><strong>(ἶιξνφίίθῐη</strong></span> <span class='ocrx_word' id='word_1_704' title='bbox 1928 4491 2068 4546; x_wconf 67' lang='lat' dir='ltr'><strong>inc&quot;</strong></span> <span class='ocrx_word' id='word_1_705' title='bbox 2103 4495 2146 4552; x_wconf 72' lang='grc' dir='ltr'>ί)</span> <span class='ocrx_word' id='word_1_706' title='bbox 2175 4483 2404 4583; x_wconf 77' lang='grc' dir='ltr'>νήκασιν</span> <span class='ocrx_word' id='word_1_707' title='bbox 2450 4507 2740 4578; x_wconf 72' lang='grc' dir='ltr'>ἀλλήλους,</span> <span class='ocrx_word' id='word_1_708' title='bbox 2789 4501 3079 4565; x_wconf 86' lang='grc' dir='ltr'>πίπτοντές</span> <span class='ocrx_word' id='word_1_709' title='bbox 3121 4517 3182 4553; x_wconf 84' lang='grc' dir='ltr'><strong>τε</strong></span> <span class='ocrx_word' id='word_1_710' title='bbox 3221 4500 3315 4552; x_wconf 74' lang='grc' dir='ltr'>καὶ</span> <span class='ocrx_word' id='word_1_711' title='bbox 3360 4496 3754 4566; x_wconf 78' lang='grc' dir='ltr'>ἀπολλύμενοι,</span> 
     </span>
    </p>
   </div>
   <div class='ocr_carea' id='block_1_91' title="bbox 495 4577 2072 4646">
    <p class='ocr_par' dir='ltr' id='par_1_91' title="bbox 495 4577 2072 4646">
     <span class='ocr_line' id='line_1_91' title="bbox 495 4577 2072 4646; baseline 0.005 -16"><span class='ocrx_word' id='word_1_712' title='bbox 495 4577 698 4633; x_wconf 90' lang='lat' dir='ltr'><strong>derint.</strong></span> <span class='ocrx_word' id='word_1_713' title='bbox 731 4579 933 4634; x_wconf 79' lang='lat' dir='ltr'><strong>Verum</strong></span> <span class='ocrx_word' id='word_1_714' title='bbox 971 4580 1234 4635; x_wconf 88' lang='lat' dir='ltr'><strong>Dominus</strong></span> <span class='ocrx_word' id='word_1_715' title='bbox 1275 4589 1463 4636; x_wconf 89' lang='lat' dir='ltr'><strong>noster</strong></span> <span class='ocrx_word' id='word_1_716' title='bbox 1491 4581 1649 4635; x_wconf 87' lang='lat' dir='ltr'><strong>Jesus</strong></span> <span class='ocrx_word' id='word_1_717' title='bbox 1677 4581 1948 4646; x_wconf 86' lang='lat' dir='ltr'><strong>Christus,</strong></span> <span class='ocrx_word' id='word_1_718' title='bbox 1974 4598 2072 4638; x_wconf 87' lang='lat' dir='ltr'><strong>eo-</strong></span> 
     </span>
    </p>
   </div>
   <div class='ocr_carea' id='block_1_92' title="bbox 498 4667 2068 4739">
    <p class='ocr_par' dir='ltr' id='par_1_92' title="bbox 498 4667 2068 4739">
     <span class='ocr_line' id='line_1_92' title="bbox 498 4667 2068 4739; baseline 0.003 -16"><span class='ocrx_word' id='word_1_719' title='bbox 498 4682 621 4723; x_wconf 90' lang='lat' dir='ltr'><strong>rum</strong></span> <span class='ocrx_word' id='word_1_720' title='bbox 647 4667 741 4735; x_wconf 89' lang='lat' dir='ltr'><strong>qui</strong></span> <span class='ocrx_word' id='word_1_721' title='bbox 767 4669 894 4722; x_wconf 88' lang='lat' dir='ltr'><strong>mali</strong></span> <span class='ocrx_word' id='word_1_722' title='bbox 927 4669 1068 4724; x_wconf 89' lang='lat' dir='ltr'><strong>male</strong></span> <span class='ocrx_word' id='word_1_723' title='bbox 1109 4670 1411 4739; x_wconf 85' lang='lat' dir='ltr'><strong>perierunt,</strong></span> <span class='ocrx_word' id='word_1_724' title='bbox 1443 4680 1673 4725; x_wconf 89' lang='lat' dir='ltr'><strong>truncus</strong></span> <span class='ocrx_word' id='word_1_725' title='bbox 1703 4677 1787 4724; x_wconf 90' lang='lat' dir='ltr'><strong>est</strong></span> <span class='ocrx_word' id='word_1_726' title='bbox 1821 4670 2068 4727; x_wconf 69' lang='lat' dir='ltr'><strong>effectus.</strong></span> 
     </span>
    </p>
   </div>
   <div class='ocr_carea' id='block_1_93' title="bbox 496 4757 2070 4830">
    <p class='ocr_par' dir='ltr' id='par_1_93' title="bbox 496 4757 2070 4830">
     <span class='ocr_line' id='line_1_93' title="bbox 496 4757 2070 4830; baseline 0.003 -18"><span class='ocrx_word' id='word_1_727' title='bbox 496 4757 710 4812; x_wconf 86' lang='lat' dir='ltr'><strong>Gaudet</strong></span> <span class='ocrx_word' id='word_1_728' title='bbox 730 4757 877 4811; x_wconf 88' lang='lat' dir='ltr'><strong>enim</strong></span> <span class='ocrx_word' id='word_1_729' title='bbox 906 4773 1122 4826; x_wconf 90' lang='lat' dir='ltr'><strong>semper</strong></span> <span class='ocrx_word' id='word_1_730' title='bbox 1148 4759 1377 4814; x_wconf 73' lang='lat' dir='ltr'><strong>infinitis</strong></span> <span class='ocrx_word' id='word_1_731' title='bbox 1401 4760 1574 4830; x_wconf 85' lang='lat' dir='ltr'><strong>copiis</strong></span> <span class='ocrx_word' id='word_1_732' title='bbox 1605 4775 1824 4814; x_wconf 89' lang='lat' dir='ltr'><strong>sursum</strong></span> <span class='ocrx_word' id='word_1_733' title='bbox 1863 4760 2070 4816; x_wconf 69' lang='lat' dir='ltr'><strong>vehen-</strong></span> 
     </span>
    </p>
   </div>
   <div class='ocr_carea' id='block_1_94' title="bbox 498 4849 2070 4918">
    <p class='ocr_par' dir='ltr' id='par_1_94' title="bbox 498 4849 2070 4918">
     <span class='ocr_line' id='line_1_94' title="bbox 498 4849 2070 4918; baseline 0.003 -15"><span class='ocrx_word' id='word_1_734' title='bbox 498 4849 604 4912; x_wconf 87' lang='lat' dir='ltr'><strong>dis,</strong></span> <span class='ocrx_word' id='word_1_735' title='bbox 644 4855 701 4903; x_wconf 89' lang='lat' dir='ltr'><strong>et</strong></span> <span class='ocrx_word' id='word_1_736' title='bbox 737 4864 837 4918; x_wconf 91' lang='lat' dir='ltr'><strong>per</strong></span> <span class='ocrx_word' id='word_1_737' title='bbox 873 4856 1069 4915; x_wconf 91' lang='lat' dir='ltr'><strong>totum,</strong></span> <span class='ocrx_word' id='word_1_738' title='bbox 1105 4857 1164 4905; x_wconf 90' lang='lat' dir='ltr'><strong>ut</strong></span> <span class='ocrx_word' id='word_1_739' title='bbox 1198 4865 1308 4904; x_wconf 90' lang='lat' dir='ltr'><strong>uno</strong></span> <span class='ocrx_word' id='word_1_740' title='bbox 1344 4851 1514 4906; x_wconf 87' lang='lat' dir='ltr'><strong>verbo</strong></span> <span class='ocrx_word' id='word_1_741' title='bbox 1537 4851 1735 4917; x_wconf 88' lang='lat' dir='ltr'><strong>dicam,</strong></span> <span class='ocrx_word' id='word_1_742' title='bbox 1759 4851 1951 4907; x_wconf 88' lang='lat' dir='ltr'><strong>orbem</strong></span> <span class='ocrx_word' id='word_1_743' title='bbox 1983 4852 2070 4908; x_wconf 46' lang='lat' dir='ltr'><strong>dis</strong></span> 
     </span>
    </p>
   </div>
   <div class='ocr_carea' id='block_1_95' title="bbox 498 4939 2072 5015">
    <p class='ocr_par' dir='ltr' id='par_1_95' title="bbox 498 4939 2072 5015">
     <span class='ocr_line' id='line_1_95' title="bbox 498 4939 2072 5015; baseline 0.002 -19"><span class='ocrx_word' id='word_1_744' title='bbox 498 4944 718 4996; x_wconf 83' lang='lat' dir='ltr'><strong>latatur.</strong></span> <span class='ocrx_word' id='word_1_745' title='bbox 755 4939 911 5007; x_wconf 86' lang='lat' dir='ltr'><strong>Quod</strong></span> <span class='ocrx_word' id='word_1_746' title='bbox 953 4941 1130 5011; x_wconf 86' lang='lat' dir='ltr'><strong>ipsum</strong></span> <span class='ocrx_word' id='word_1_747' title='bbox 1160 4939 1600 5013; x_wconf 68' lang='lat' dir='ltr'><strong>prmsigniﬁcavit</strong></span> <span class='ocrx_word' id='word_1_748' title='bbox 1633 4944 1779 4999; x_wconf 87' lang='lat' dir='ltr'><strong>Deus</strong></span> <span class='ocrx_word' id='word_1_749' title='bbox 1803 4945 1950 5000; x_wconf 89' lang='lat' dir='ltr'><strong>clare</strong></span> <span class='ocrx_word' id='word_1_750' title='bbox 1973 4961 2072 5015; x_wconf 91' lang='lat' dir='ltr'><strong>per</strong></span> 
     </span>
    </p>
   </div>
   <div class='ocr_carea' id='block_1_96' title="bbox 496 5030 2074 5104">
    <p class='ocr_par' dir='ltr' id='par_1_96' title="bbox 496 5030 2074 5104">
     <span class='ocr_line' id='line_1_96' title="bbox 496 5030 2074 5104; baseline 0.001 -18"><span class='ocrx_word' id='word_1_751' title='bbox 496 5047 689 5086; x_wconf 73' lang='lat' dir='ltr'><strong>vocem</strong></span> <span class='ocrx_word' id='word_1_752' title='bbox 728 5030 1035 5088; x_wconf 83' lang='lat' dir='ltr'><strong>Ezechielis</strong></span> <span class='ocrx_word' id='word_1_753' title='bbox 1069 5033 1144 5086; x_wconf 89' lang='lat' dir='ltr'><strong>ita</strong></span> <span class='ocrx_word' id='word_1_754' title='bbox 1167 5031 1357 5086; x_wconf 87' lang='lat' dir='ltr'><strong>dicens</strong></span> <span class='ocrx_word' id='word_1_755' title='bbox 1392 5049 1404 5084; x_wconf 92' lang='lat'><strong>:</strong></span> <span class='ocrx_word' id='word_1_756' title='bbox 1438 5051 1455 5082; x_wconf 87' lang='grc'><em>‹</em></span> <span class='ocrx_word' id='word_1_757' title='bbox 1486 5033 1555 5087; x_wconf 87' lang='lat' dir='ltr'><strong>Et</strong></span> <span class='ocrx_word' id='word_1_758' title='bbox 1583 5035 1846 5104; x_wconf 83' lang='lat' dir='ltr'><strong>accipiam</strong></span> <span class='ocrx_word' id='word_1_759' title='bbox 1873 5051 1939 5090; x_wconf 78' lang='lat' dir='ltr'><strong>ex</strong></span> <span class='ocrx_word' id='word_1_760' title='bbox 1960 5036 2074 5088; x_wconf 90' lang='lat' dir='ltr'><strong>ele-</strong></span> 
     </span>
    </p>
   </div>
   <div class='ocr_carea' id='block_1_97' title="bbox 505 5121 2071 5195">
    <p class='ocr_par' dir='ltr' id='par_1_97' title="bbox 505 5121 2071 5195">
     <span class='ocr_line' id='line_1_97' title="bbox 505 5121 2071 5195; baseline 0.003 -19"><span class='ocrx_word' id='word_1_761' title='bbox 505 5124 608 5176; x_wconf 80' lang='lat' dir='ltr'><strong>clis</strong></span> <span class='ocrx_word' id='word_1_762' title='bbox 642 5121 812 5187; x_wconf 85' lang='lat' dir='ltr'><strong>cedri,</strong></span> <span class='ocrx_word' id='word_1_763' title='bbox 856 5137 924 5177; x_wconf 76' lang='lat' dir='ltr'><strong>ex</strong></span> <span class='ocrx_word' id='word_1_764' title='bbox 963 5123 1276 5178; x_wconf 87' lang='lat' dir='ltr'><strong>summitate</strong></span> <span class='ocrx_word' id='word_1_765' title='bbox 1307 5123 1491 5178; x_wconf 90' lang='lat' dir='ltr'><strong>cordis</strong></span> <span class='ocrx_word' id='word_1_766' title='bbox 1527 5123 1773 5195; x_wconf 90' lang='lat' dir='ltr'><strong>ipsorum</strong></span> <span class='ocrx_word' id='word_1_767' title='bbox 1819 5126 2071 5192; x_wconf 83' lang='lat' dir='ltr'><strong>evellam,</strong></span> 
     </span>
    </p>
   </div>
   <div class='ocr_carea' id='block_1_98' title="bbox 498 5209 2075 5290">
    <p class='ocr_par' dir='ltr' id='par_1_98' title="bbox 498 5209 2075 5290">
     <span class='ocr_line' id='line_1_98' title="bbox 498 5209 2075 5290; baseline 0.004 -24"><span class='ocrx_word' id='word_1_768' title='bbox 498 5219 557 5266; x_wconf 86' lang='lat' dir='ltr'><strong>et</strong></span> <span class='ocrx_word' id='word_1_769' title='bbox 587 5209 844 5282; x_wconf 80' lang='lat' dir='ltr'><strong>pL-mlabo</strong></span> <span class='ocrx_word' id='word_1_770' title='bbox 880 5214 934 5269; x_wconf 90' lang='lat' dir='ltr'><strong>in</strong></span> <span class='ocrx_word' id='word_1_771' title='bbox 976 5223 1215 5270; x_wconf 88' lang='lat' dir='ltr'><strong>montem</strong></span> <span class='ocrx_word' id='word_1_772' title='bbox 1243 5214 1434 5280; x_wconf 89' lang='lat' dir='ltr'><strong>altum,</strong></span> <span class='ocrx_word' id='word_1_773' title='bbox 1458 5226 1514 5270; x_wconf 87' lang='lat' dir='ltr'><strong>et</strong></span> <span class='ocrx_word' id='word_1_774' title='bbox 1543 5217 1869 5286; x_wconf 91' lang='lat' dir='ltr'><strong>suspendam</strong></span> <span class='ocrx_word' id='word_1_775' title='bbox 1897 5219 2075 5290; x_wconf 91' lang='lat' dir='ltr'><strong>ipsum</strong></span> 
     </span>
    </p>
   </div>
   <div class='ocr_carea' id='block_1_99' title="bbox 501 5304 2072 5381">
    <p class='ocr_par' dir='ltr' id='par_1_99' title="bbox 501 5304 2072 5381">
     <span class='ocr_line' id='line_1_99' title="bbox 501 5304 2072 5381; baseline 0.005 -23"><span class='ocrx_word' id='word_1_776' title='bbox 501 5304 558 5358; x_wconf 87' lang='lat' dir='ltr'><strong>in</strong></span> <span class='ocrx_word' id='word_1_777' title='bbox 601 5311 842 5360; x_wconf 86' lang='lat' dir='ltr'><strong>montem</strong></span> <span class='ocrx_word' id='word_1_778' title='bbox 875 5307 1166 5363; x_wconf 88' lang='lat' dir='ltr'><strong>sublimem</strong></span> <span class='ocrx_word' id='word_1_779' title='bbox 1201 5306 1437 5363; x_wconf 88' lang='lat' dir='ltr'><strong>Israelis.</strong></span> <span class='ocrx_word' id='word_1_780' title='bbox 1465 5309 1532 5362; x_wconf 85' lang='lat' dir='ltr'><strong>Et</strong></span> <span class='ocrx_word' id='word_1_781' title='bbox 1554 5309 1834 5379; x_wconf 89' lang='lat' dir='ltr'><strong>plantabo,</strong></span> <span class='ocrx_word' id='word_1_782' title='bbox 1861 5319 1918 5366; x_wconf 89' lang='lat' dir='ltr'><strong>et</strong></span> <span class='ocrx_word' id='word_1_783' title='bbox 1943 5327 2072 5381; x_wconf 88' lang='lat' dir='ltr'><strong>pro-</strong></span> 
     </span>
    </p>
   </div>
   <div class='ocr_carea' id='block_1_100' title="bbox 499 5395 2070 5471">
    <p class='ocr_par' dir='ltr' id='par_1_100' title="bbox 499 5395 2070 5471">
     <span class='ocr_line' id='line_1_100' title="bbox 499 5395 2070 5471; baseline 0.003 -21"><span class='ocrx_word' id='word_1_784' title='bbox 499 5395 665 5453; x_wconf 86' lang='lat' dir='ltr'><strong>ducet</strong></span> <span class='ocrx_word' id='word_1_785' title='bbox 688 5412 932 5468; x_wconf 86' lang='lat' dir='ltr'><strong>germen,</strong></span> <span class='ocrx_word' id='word_1_786' title='bbox 961 5399 1241 5471; x_wconf 81' lang='lat' dir='ltr'><strong>facietque</strong></span> <span class='ocrx_word' id='word_1_787' title='bbox 1259 5401 1521 5466; x_wconf 84' lang='lat' dir='ltr'><strong>fructum,</strong></span> <span class='ocrx_word' id='word_1_788' title='bbox 1542 5409 1598 5456; x_wconf 91' lang='lat' dir='ltr'><strong>ct</strong></span> <span class='ocrx_word' id='word_1_789' title='bbox 1623 5402 1729 5457; x_wconf 90' lang='lat' dir='ltr'><strong>erit</strong></span> <span class='ocrx_word' id='word_1_790' title='bbox 1763 5402 1817 5457; x_wconf 91' lang='lat' dir='ltr'><strong>in</strong></span> <span class='ocrx_word' id='word_1_791' title='bbox 1845 5403 2070 5457; x_wconf 87' lang='lat' dir='ltr'><strong>cedrum</strong></span> 
     </span>
    </p>
   </div>
   <div class='ocr_carea' id='block_1_101' title="bbox 499 5493 2076 5565">
    <p class='ocr_par' dir='ltr' id='par_1_101' title="bbox 499 5493 2076 5565">
     <span class='ocr_line' id='line_1_101' title="bbox 499 5493 2076 5565; baseline 0.002 -18"><span class='ocrx_word' id='word_1_792' title='bbox 499 5507 770 5562; x_wconf 84' lang='lat' dir='ltr'><strong>magnam,</strong></span> <span class='ocrx_word' id='word_1_793' title='bbox 807 5500 864 5546; x_wconf 91' lang='lat' dir='ltr'><strong>et</strong></span> <span class='ocrx_word' id='word_1_794' title='bbox 895 5493 1142 5563; x_wconf 88' lang='lat' dir='ltr'><strong>quiescet</strong></span> <span class='ocrx_word' id='word_1_795' title='bbox 1177 5494 1280 5548; x_wconf 89' lang='lat' dir='ltr'><strong>sub</strong></span> <span class='ocrx_word' id='word_1_796' title='bbox 1312 5494 1426 5565; x_wconf 84' lang='lat' dir='ltr'><strong>ipsa</strong></span> <span class='ocrx_word' id='word_1_797' title='bbox 1455 5495 1634 5551; x_wconf 90' lang='lat' dir='ltr'><strong>omnis</strong></span> <span class='ocrx_word' id='word_1_798' title='bbox 1656 5495 1789 5558; x_wconf 85' lang='lat' dir='ltr'><strong>fera.</strong></span> <span class='ocrx_word' id='word_1_799' title='bbox 1819 5505 1876 5550; x_wconf 88' lang='lat' dir='ltr'><strong>et</strong></span> <span class='ocrx_word' id='word_1_800' title='bbox 1896 5496 2076 5550; x_wconf 91' lang='lat' dir='ltr'><strong>omnis</strong></span> 
     </span>
    </p>
   </div>
   <div class='ocr_carea' id='block_1_102' title="bbox 501 5582 2072 5655">
    <p class='ocr_par' dir='ltr' id='par_1_102' title="bbox 501 5582 2072 5655">
     <span class='ocr_line' id='line_1_102' title="bbox 501 5582 2072 5655; baseline 0.003 -21"><span class='ocrx_word' id='word_1_801' title='bbox 501 5582 724 5636; x_wconf 69' lang='lat' dir='ltr'><strong>volucer</strong></span> <span class='ocrx_word' id='word_1_802' title='bbox 751 5584 855 5636; x_wconf 89' lang='lat' dir='ltr'><strong>sub</strong></span> <span class='ocrx_word' id='word_1_803' title='bbox 893 5585 1087 5639; x_wconf 87' lang='lat' dir='ltr'><strong>umbra</strong></span> <span class='ocrx_word' id='word_1_804' title='bbox 1112 5587 1231 5655; x_wconf 83' lang='lat' dir='ltr'><strong>ejus</strong></span> <span class='ocrx_word' id='word_1_805' title='bbox 1253 5587 1519 5655; x_wconf 88' lang='lat' dir='ltr'><strong>quiescet.</strong></span> <span class='ocrx_word' id='word_1_806' title='bbox 1546 5587 1802 5647; x_wconf 83' lang='lat' dir='ltr'><strong>Germina</strong></span> <span class='ocrx_word' id='word_1_807' title='bbox 1841 5587 1958 5655; x_wconf 87' lang='lat' dir='ltr'><strong>ejus</strong></span> <span class='ocrx_word' id='word_1_808' title='bbox 1984 5601 2072 5639; x_wconf 87' lang='lat' dir='ltr'><strong>re-</strong></span> 
     </span>
    </p>
   </div>
   <div class='ocr_carea' id='block_1_103' title="bbox 2177 4585 3757 4670">
    <p class='ocr_par' dir='ltr' id='par_1_103' title="bbox 2177 4585 3757 4670">
     <span class='ocr_line' id='line_1_103' title="bbox 2177 4585 3757 4670; baseline -0.012 -14"><span class='ocrx_word' id='word_1_809' title='bbox 2177 4603 2270 4657; x_wconf 73' lang='grc' dir='ltr'>καὶ</span> <span class='ocrx_word' id='word_1_810' title='bbox 2297 4602 2484 4670; x_wconf 85' lang='grc' dir='ltr'>ὥσπερ</span> <span class='ocrx_word' id='word_1_811' title='bbox 2507 4597 2618 4651; x_wconf 71' lang='grc' dir='ltr'>τισὶ</span> <span class='ocrx_word' id='word_1_812' title='bbox 2653 4593 2943 4667; x_wconf 85' lang='grc' dir='ltr'>δρυτόμοις</span> <span class='ocrx_word' id='word_1_813' title='bbox 2981 4591 3371 4662; x_wconf 84' lang='grc' dir='ltr'>περιπεσόντες</span> <span class='ocrx_word' id='word_1_814' title='bbox 3397 4585 3757 4641; x_wconf 79' lang='grc' dir='ltr'>εὐσθενεστὰ-</span> 
     </span>
    </p>
   </div>
   <div class='ocr_carea' id='block_1_104' title="bbox 2174 4677 3758 4758">
    <p class='ocr_par' dir='ltr' id='par_1_104' title="bbox 2174 4677 3758 4758">
     <span class='ocr_line' id='line_1_104' title="bbox 2174 4677 3758 4758; baseline -0.011 -12"><span class='ocrx_word' id='word_1_815' title='bbox 2174 4710 2288 4756; x_wconf 87' lang='grc' dir='ltr'>τοις</span> <span class='ocrx_word' id='word_1_816' title='bbox 2307 4695 2418 4755; x_wconf 85' lang='grc' dir='ltr'>τοῖς</span> <span class='ocrx_word' id='word_1_817' title='bbox 2433 4689 2715 4758; x_wconf 83' lang='grc' dir='ltr'>Ῥωμαίων</span> <span class='ocrx_word' id='word_1_818' title='bbox 2737 4688 3078 4757; x_wconf 84' lang='grc' dir='ltr'>στρατηγοῖς.</span> <span class='ocrx_word' id='word_1_819' title='bbox 3100 4683 3237 4738; x_wconf 81' lang='grc' dir='ltr'>Ἀλλ’</span> <span class='ocrx_word' id='word_1_820' title='bbox 3255 4685 3283 4738; x_wconf 87' lang='grc' dir='ltr'><strong>δ</strong></span> <span class='ocrx_word' id='word_1_821' title='bbox 3301 4699 3364 4751; x_wconf 86' lang='grc' dir='ltr'>γε</span> <span class='ocrx_word' id='word_1_822' title='bbox 3381 4680 3584 4753; x_wconf 83' lang='grc' dir='ltr'>Κύριος</span> <span class='ocrx_word' id='word_1_823' title='bbox 3600 4679 3634 4748; x_wconf 83' lang='grc' dir='ltr'>ἠ</span> <span class='ocrx_word' id='word_1_824' title='bbox 3642 4677 3758 4748; x_wconf 83' lang='grc' dir='ltr'>μῶν</span> 
     </span>
    </p>
   </div>
   <div class='ocr_carea' id='block_1_105' title="bbox 2187 4769 3756 4858">
    <p class='ocr_par' dir='ltr' id='par_1_105' title="bbox 2187 4769 3756 4858">
     <span class='ocr_line' id='line_1_105' title="bbox 2187 4769 3756 4858; baseline -0.013 -17"><span class='ocrx_word' id='word_1_825' title='bbox 2187 4785 2392 4858; x_wconf 79' lang='grc' dir='ltr'>Ἰησοῦς</span> <span class='ocrx_word' id='word_1_826' title='bbox 2422 4783 2674 4855; x_wconf 82' lang='grc' dir='ltr'>Χριστὸς,</span> <span class='ocrx_word' id='word_1_827' title='bbox 2693 4781 2760 4833; x_wconf 77' lang='grc' dir='ltr'>δι’</span> <span class='ocrx_word' id='word_1_828' title='bbox 2790 4773 2864 4833; x_wconf 84' lang='grc' dir='ltr'>ὧν</span> <span class='ocrx_word' id='word_1_829' title='bbox 2901 4781 3099 4833; x_wconf 80' lang='grc' dir='ltr'>ἐκεῖνοι</span> <span class='ocrx_word' id='word_1_830' title='bbox 3131 4776 3290 4830; x_wconf 69' lang='grc' dir='ltr'>κακοὶ</span> <span class='ocrx_word' id='word_1_831' title='bbox 3321 4773 3505 4834; x_wconf 82' lang='grc' dir='ltr'>κακῶς</span> <span class='ocrx_word' id='word_1_832' title='bbox 3538 4769 3756 4825; x_wconf 87' lang='grc' dir='ltr'>ἀπολὼ-</span> 
     </span>
    </p>
   </div>
   <div class='ocr_carea' id='block_1_106' title="bbox 2175 4857 3760 4942">
    <p class='ocr_par' dir='ltr' id='par_1_106' title="bbox 2175 4857 3760 4942">
     <span class='ocr_line' id='line_1_106' title="bbox 2175 4857 3760 4942; baseline -0.013 -11"><span class='ocrx_word' id='word_1_833' title='bbox 2175 4857 2319 4936; x_wconf 80' lang='grc' dir='ltr'>λασι,</span> <span class='ocrx_word' id='word_1_834' title='bbox 2362 4874 2612 4942; x_wconf 78' lang='grc' dir='ltr'>στέλεχος</span> <span class='ocrx_word' id='word_1_835' title='bbox 2639 4870 2859 4940; x_wconf 81' lang='grc' dir='ltr'>γέγονεν</span> <span class='ocrx_word' id='word_1_836' title='bbox 2887 4865 3188 4938; x_wconf 82' lang='grc' dir='ltr'>ἀνειμένον.</span> <span class='ocrx_word' id='word_1_837' title='bbox 3233 4862 3507 4934; x_wconf 83' lang='grc' dir='ltr'>Ἐντρυφᾷ</span> <span class='ocrx_word' id='word_1_838' title='bbox 3527 4858 3638 4930; x_wconf 76' lang='grc' dir='ltr'><strong>γὰρ</strong></span> <span class='ocrx_word' id='word_1_839' title='bbox 3671 4857 3760 4912; x_wconf 76' lang='grc' dir='ltr'>ἀεὶ</span> 
     </span>
    </p>
   </div>
   <div class='ocr_carea' id='block_1_107' title="bbox 2171 4947 3760 5036">
    <p class='ocr_par' dir='ltr' id='par_1_107' title="bbox 2171 4947 3760 5036">
     <span class='ocr_line' id='line_1_107' title="bbox 2171 4947 3760 5036; baseline -0.014 -14"><span class='ocrx_word' id='word_1_840' title='bbox 2171 4971 2292 5032; x_wconf 82' lang='grc' dir='ltr'>ταῖς</span> <span class='ocrx_word' id='word_1_841' title='bbox 2322 4947 2717 5036; x_wconf 79' lang='grc' dir='ltr'>ἀκαταλήκτοις</span> <span class='ocrx_word' id='word_1_842' title='bbox 2745 4962 2824 5023; x_wconf 84' lang='grc' dir='ltr'><strong>είς</strong></span> <span class='ocrx_word' id='word_1_843' title='bbox 2860 4959 2922 5014; x_wconf 78' lang='grc' dir='ltr'>τὸ</span> <span class='ocrx_word' id='word_1_844' title='bbox 2947 4959 3060 5012; x_wconf 81' lang='grc' dir='ltr'>ἄνω</span> <span class='ocrx_word' id='word_1_845' title='bbox 3101 4957 3313 5027; x_wconf 85' lang='grc' dir='ltr'>φοραῖς,</span> <span class='ocrx_word' id='word_1_846' title='bbox 3344 4953 3439 5007; x_wconf 78' lang='grc' dir='ltr'>καὶ</span> <span class='ocrx_word' id='word_1_847' title='bbox 3479 4952 3641 5022; x_wconf 82' lang='grc' dir='ltr'>ὅλης,</span> <span class='ocrx_word' id='word_1_848' title='bbox 3682 4947 3760 5010; x_wconf 87' lang='grc' dir='ltr'><strong>ὡς</strong></span> 
     </span>
    </p>
   </div>
   <div class='ocr_carea' id='block_1_108' title="bbox 2174 5035 3759 5125">
    <p class='ocr_par' dir='ltr' id='par_1_108' title="bbox 2174 5035 3759 5125">
     <span class='ocr_line' id='line_1_108' title="bbox 2174 5035 3759 5125; baseline -0.015 -13"><span class='ocrx_word' id='word_1_849' title='bbox 2174 5059 2302 5121; x_wconf 73' lang='grc' dir='ltr'>ἔπος</span> <span class='ocrx_word' id='word_1_850' title='bbox 2325 5059 2519 5119; x_wconf 86' lang='grc' dir='ltr'>εἰπεῖν,</span> <span class='ocrx_word' id='word_1_851' title='bbox 2546 5055 2644 5125; x_wconf 80' lang='grc' dir='ltr'>τῆς</span> <span class='ocrx_word' id='word_1_852' title='bbox 2672 5053 2763 5110; x_wconf 75' lang='grc' dir='ltr'><strong>ὑπ’</strong></span> <span class='ocrx_word' id='word_1_853' title='bbox 2793 5049 3022 5122; x_wconf 72' lang='grc' dir='ltr'>οὐρανὸν</span> <span class='ocrx_word' id='word_1_854' title='bbox 3047 5044 3460 5114; x_wconf 85' lang='grc' dir='ltr'>κατευρύνεται.</span> <span class='ocrx_word' id='word_1_855' title='bbox 3492 5040 3602 5095; x_wconf 70' lang='grc' dir='ltr'><strong>Καὶ</strong></span> <span class='ocrx_word' id='word_1_856' title='bbox 3625 5035 3759 5098; x_wconf 73' lang='grc' dir='ltr'>αὐτὸ</span> 
     </span>
    </p>
   </div>
   <div class='ocr_carea' id='block_1_109' title="bbox 2173 5131 3759 5220">
    <p class='ocr_par' dir='ltr' id='par_1_109' title="bbox 2173 5131 3759 5220">
     <span class='ocr_line' id='line_1_109' title="bbox 2173 5131 3759 5220; baseline -0.015 -16"><span class='ocrx_word' id='word_1_857' title='bbox 2173 5152 2239 5220; x_wconf 85' lang='grc' dir='ltr'>δὴ</span> <span class='ocrx_word' id='word_1_858' title='bbox 2265 5149 2424 5203; x_wconf 82' lang='grc' dir='ltr'>τοῦτο</span> <span class='ocrx_word' id='word_1_859' title='bbox 2456 5145 2834 5220; x_wconf 84' lang='grc' dir='ltr'>προανεφὼνει</span> <span class='ocrx_word' id='word_1_860' title='bbox 2872 5141 3060 5214; x_wconf 82' lang='grc' dir='ltr'>σαφῶς</span> <span class='ocrx_word' id='word_1_861' title='bbox 3098 5141 3128 5192; x_wconf 87' lang='lat'><strong>6</strong></span> <span class='ocrx_word' id='word_1_862' title='bbox 3156 5139 3288 5200; x_wconf 80' lang='grc' dir='ltr'>Θεὸς</span> <span class='ocrx_word' id='word_1_863' title='bbox 3321 5135 3410 5190; x_wconf 79' lang='grc' dir='ltr'><strong>διὰ</strong></span> <span class='ocrx_word' id='word_1_864' title='bbox 3437 5133 3622 5203; x_wconf 76' lang='grc' dir='ltr'>φωνῆς</span> <span class='ocrx_word' id='word_1_865' title='bbox 3665 5131 3759 5182; x_wconf 82' lang='grc' dir='ltr'><strong>Ἱε-</strong></span> 
     </span>
    </p>
   </div>
   <div class='ocr_carea' id='block_1_110' title="bbox 2176 5225 3759 5313">
    <p class='ocr_par' dir='ltr' id='par_1_110' title="bbox 2176 5225 3759 5313">
     <span class='ocr_line' id='line_1_110' title="bbox 2176 5225 3759 5313; baseline -0.015 -17"><span class='ocrx_word' id='word_1_866' title='bbox 2176 5240 2363 5313; x_wconf 73' lang='grc' dir='ltr'>ζεχιὴλ</span> <span class='ocrx_word' id='word_1_867' title='bbox 2393 5239 2534 5293; x_wconf 79' lang='grc' dir='ltr'>οὕτω</span> <span class='ocrx_word' id='word_1_868' title='bbox 2555 5239 2748 5307; x_wconf 77' lang='grc' dir='ltr'><strong>λέγων⁹</strong></span> <span class='ocrx_word' id='word_1_869' title='bbox 2783 5257 2802 5290; x_wconf 75' lang='grc' dir='ltr'><strong>ι</strong></span> <span class='ocrx_word' id='word_1_870' title='bbox 2838 5237 2946 5291; x_wconf 74' lang='grc' dir='ltr'><strong>Καὶ</strong></span> <span class='ocrx_word' id='word_1_871' title='bbox 2963 5235 3203 5306; x_wconf 73' lang='grc' dir='ltr'>λήψομαι</span> <span class='ocrx_word' id='word_1_872' title='bbox 3237 5233 3302 5284; x_wconf 78' lang='grc' dir='ltr'>ἐκ</span> <span class='ocrx_word' id='word_1_873' title='bbox 3324 5230 3432 5282; x_wconf 84' lang='grc' dir='ltr'>τῶν</span> <span class='ocrx_word' id='word_1_874' title='bbox 3459 5225 3759 5280; x_wconf 75' lang='grc' dir='ltr'>ἐπιλέκτων</span> 
     </span>
    </p>
   </div>
   <div class='ocr_carea' id='block_1_111' title="bbox 2181 5314 3758 5405">
    <p class='ocr_par' dir='ltr' id='par_1_111' title="bbox 2181 5314 3758 5405">
     <span class='ocr_line' id='line_1_111' title="bbox 2181 5314 3758 5405; baseline -0.021 -7"><span class='ocrx_word' id='word_1_875' title='bbox 2181 5334 2277 5403; x_wconf 78' lang='grc' dir='ltr'>τῆς</span> <span class='ocrx_word' id='word_1_876' title='bbox 2305 5332 2517 5405; x_wconf 79' lang='grc' dir='ltr'>κέδρου,</span> <span class='ocrx_word' id='word_1_877' title='bbox 2543 5333 2606 5386; x_wconf 78' lang='grc' dir='ltr'>ἐκ</span> <span class='ocrx_word' id='word_1_878' title='bbox 2625 5330 2870 5402; x_wconf 74' lang='grc' dir='ltr'>κορυφῆς</span> <span class='ocrx_word' id='word_1_879' title='bbox 2903 5327 3126 5398; x_wconf 82' lang='grc' dir='ltr'>καρδίας</span> <span class='ocrx_word' id='word_1_880' title='bbox 3153 5323 3332 5379; x_wconf 78' lang='grc' dir='ltr'>αὐτῶν</span> <span class='ocrx_word' id='word_1_881' title='bbox 3362 5317 3628 5382; x_wconf 80' lang='grc' dir='ltr'>ἀποκνιῶ,</span> <span class='ocrx_word' id='word_1_882' title='bbox 3661 5314 3758 5366; x_wconf 78' lang='grc' dir='ltr'>καὶ</span> 
     </span>
    </p>
   </div>
   <div class='ocr_carea' id='block_1_112' title="bbox 2181 5405 3780 5494">
    <p class='ocr_par' dir='ltr' id='par_1_112' title="bbox 2181 5405 3780 5494">
     <span class='ocr_line' id='line_1_112' title="bbox 2181 5405 3780 5494; baseline -0.011 -16"><span class='ocrx_word' id='word_1_883' title='bbox 2181 5423 2572 5492; x_wconf 78' lang='grc' dir='ltr'>καταφυτεύσω</span> <span class='ocrx_word' id='word_1_884' title='bbox 2593 5422 2703 5494; x_wconf 76' lang='grc' dir='ltr'><strong>ἐγὼ</strong></span> <span class='ocrx_word' id='word_1_885' title='bbox 2725 5422 2816 5476; x_wconf 74' lang='grc' dir='ltr'><strong>ἐπὶ</strong></span> <span class='ocrx_word' id='word_1_886' title='bbox 2835 5421 2960 5492; x_wconf 73' lang='grc' dir='ltr'>ὅρος</span> <span class='ocrx_word' id='word_1_887' title='bbox 2980 5418 3206 5492; x_wconf 70' lang='grc' dir='ltr'>ὑψηλὸν,</span> <span class='ocrx_word' id='word_1_888' title='bbox 3229 5416 3323 5472; x_wconf 74' lang='grc' dir='ltr'>καὶ</span> <span class='ocrx_word' id='word_1_889' title='bbox 3345 5412 3611 5486; x_wconf 87' lang='grc' dir='ltr'>κρεμάσω</span> <span class='ocrx_word' id='word_1_890' title='bbox 3629 5405 3780 5462; x_wconf 80' lang='grc' dir='ltr'>αὐτὸ·</span> 
     </span>
    </p>
   </div>
   <div class='ocr_carea' id='block_1_113' title="bbox 2182 5497 3760 5588">
    <p class='ocr_par' dir='ltr' id='par_1_113' title="bbox 2182 5497 3760 5588">
     <span class='ocr_line' id='line_1_113' title="bbox 2182 5497 3760 5588; baseline -0.01 -20"><span class='ocrx_word' id='word_1_891' title='bbox 2182 5518 2237 5570; x_wconf 85' lang='grc' dir='ltr'>ὲν</span> <span class='ocrx_word' id='word_1_892' title='bbox 2264 5517 2380 5587; x_wconf 75' lang='grc' dir='ltr'>ὄρει</span> <span class='ocrx_word' id='word_1_893' title='bbox 2406 5515 2665 5588; x_wconf 83' lang='grc' dir='ltr'>μετεώρῳ</span> <span class='ocrx_word' id='word_1_894' title='bbox 2695 5512 2788 5568; x_wconf 75' lang='grc' dir='ltr'>τοῦ</span> <span class='ocrx_word' id='word_1_895' title='bbox 2822 5512 3056 5585; x_wconf 80' lang='grc' dir='ltr'>Ἰσραήλ.</span> <span class='ocrx_word' id='word_1_896' title='bbox 3081 5510 3191 5564; x_wconf 70' lang='grc' dir='ltr'><strong>Καὶ</strong></span> <span class='ocrx_word' id='word_1_897' title='bbox 3214 5504 3632 5576; x_wconf 73' lang='grc' dir='ltr'>καταφυτεύσω,</span> <span class='ocrx_word' id='word_1_898' title='bbox 3661 5497 3760 5552; x_wconf 77' lang='grc' dir='ltr'>καὶ</span> 
     </span>
    </p>
   </div>
   <div class='ocr_carea' id='block_1_114' title="bbox 2181 5589 3759 5678">
    <p class='ocr_par' dir='ltr' id='par_1_114' title="bbox 2181 5589 3759 5678">
     <span class='ocr_line' id='line_1_114' title="bbox 2181 5589 3759 5678; baseline -0.011 -16"><span class='ocrx_word' id='word_1_899' title='bbox 2181 5607 2377 5674; x_wconf 77' lang='grc' dir='ltr'>ἐξοίσει</span> <span class='ocrx_word' id='word_1_900' title='bbox 2415 5607 2642 5678; x_wconf 71' lang='grc' dir='ltr'>βλαστὸν</span> <span class='ocrx_word' id='word_1_901' title='bbox 2663 5647 2676 5670; x_wconf 88' lang='grc'><strong>,</strong></span> <span class='ocrx_word' id='word_1_902' title='bbox 2709 5607 2801 5659; x_wconf 70' lang='grc' dir='ltr'>καὶ</span> <span class='ocrx_word' id='word_1_903' title='bbox 2832 5605 3046 5674; x_wconf 65' lang='grc' dir='ltr'>ποιήσει</span> <span class='ocrx_word' id='word_1_904' title='bbox 3080 5601 3321 5673; x_wconf 72' lang='grc' dir='ltr'>καρπὸν,</span> <span class='ocrx_word' id='word_1_905' title='bbox 3362 5597 3456 5653; x_wconf 71' lang='grc' dir='ltr'>καὶ</span> <span class='ocrx_word' id='word_1_906' title='bbox 3499 5596 3653 5648; x_wconf 76' lang='grc' dir='ltr'>ἔσται</span> <span class='ocrx_word' id='word_1_907' title='bbox 3676 5589 3759 5654; x_wconf 75' lang='grc' dir='ltr'><strong>είς</strong></span> 
     </span>
    </p>
   </div>
   <div class='ocr_carea' id='block_1_115' title="bbox 573 5759 2057 5859">
    <p class='ocr_par' dir='ltr' id='par_1_115' title="bbox 573 5759 2057 5859">
     <span class='ocr_line' id='line_1_115' title="bbox 573 5759 2057 5859; baseline -0.004 -5"><span class='ocrx_word' id='word_1_908' title='bbox 573 5796 615 5831; x_wconf 72' lang='grc' dir='ltr'><strong>ν’</strong></span> <span class='ocrx_word' id='word_1_909' title='bbox 665 5759 924 5855; x_wconf 53' lang='grc' dir='ltr'><strong>εἴρωνα.</strong></span> <span class='ocrx_word' id='word_1_910' title='bbox 958 5791 1005 5856; x_wconf 77' lang='grc' dir='ltr'><strong>ι.</strong></span> <span class='ocrx_word' id='word_1_911' title='bbox 1035 5792 1086 5846; x_wconf 77' lang='lat'><strong>~2.</strong></span> <span class='ocrx_word' id='word_1_912' title='bbox 1161 5794 1204 5824; x_wconf 70' lang='grc' dir='ltr'><strong>υ</strong></span> <span class='ocrx_word' id='word_1_913' title='bbox 1250 5792 1437 5848; x_wconf 77' lang='lat' dir='ltr'><strong>Matth.</strong></span> <span class='ocrx_word' id='word_1_914' title='bbox 1474 5810 1549 5859; x_wconf 85' lang='grc' dir='ltr'>ιιι,</span> <span class='ocrx_word' id='word_1_915' title='bbox 1588 5793 1670 5848; x_wconf 83' lang='lat' dir='ltr'><strong>l0.</strong></span> <span class='ocrx_word' id='word_1_916' title='bbox 1748 5792 1795 5823; x_wconf 64' lang='grc' dir='ltr'><strong>θ’</strong></span> <span class='ocrx_word' id='word_1_917' title='bbox 1835 5791 2057 5849; x_wconf 79' lang='lat' dir='ltr'><strong>Zachar.</strong></span> 
     </span>
    </p>
   </div>
   <div class='ocr_carea' id='block_1_116' title="bbox 2158 5759 2940 5859">
    <p class='ocr_par' dir='ltr' id='par_1_116' title="bbox 2158 5787 2940 5859">
     <span class='ocr_line' id='line_1_116' title="bbox 2158 5787 2940 5859; baseline -0.017 -8"><span class='ocrx_word' id='word_1_918' title='bbox 2158 5793 2289 5859; x_wconf 51' lang='lat' dir='ltr'><strong>nil.</strong></span> <span class='ocrx_word' id='word_1_919' title='bbox 2368 5792 2410 5822; x_wconf 77' lang='lat'><strong><em>&quot;&#39;</em></strong></span> <span class='ocrx_word' id='word_1_920' title='bbox 2450 5791 2676 5846; x_wconf 68' lang='lat' dir='ltr'><strong>Zachar.</strong></span> <span class='ocrx_word' id='word_1_921' title='bbox 2716 5805 2788 5854; x_wconf 71' lang='lat' dir='ltr'><strong>xu,</strong></span> <span class='ocrx_word' id='word_1_922' title='bbox 2826 5787 2940 5840; x_wconf 79' lang='grc'>1-5.</span> 
     </span>
    </p>
   </div>
  </div>
