4024 6198
303 265 413 337 373

1273 270 1793 331 GLAPIIYROBUI
1833 272 1903 330 IN
1941 271 2246 332 usuusu:
2282 276 2418 334 LIB.
2454 276 2565 334 VII.

3464 286 3570 346 876

301 397 495 469 nam
534 389 811 465 μεγάλην,
855 388 953 444 καὶ
990 386 1377 444 ἀναπαύσεται
1415 390 1682 446 ὑποκάτω
1719 388 1886 445 αὐτοῦ

2011 390 2319 459 ιιὶιυοιιιιιτ,
2340 402 2400 450 et
2434 392 2623 450 omnia
2657 393 3024 468 ligua’eampi
3044 400 3375 470 cognoscent
3424 406 3571 473 quod

301 489 410 544 πᾶν
445 484 670 557 θηρίον,
702 481 802 536 καὶ
833 481 943 536 πᾶν
977 479 1223 534 πετεινδν
1251 477 1359 534 ύπδ
1386 481 1486 551 τὴν
1519 485 1680 535 σκιάν
1719 479 1887 535 αὐτοῦ

300 577 699 633 ἀναπαύσεται.
728 573 842 629 Καὶ
870 571 940 627 τά
968 570 1232 643 κλήματα
1252 570 1415 626 αὐτοῦ
1439 570 1889 643 ἀποκατασταθὴ·

302 686 477 734 σεται,
513 667 611 722 καὶ
639 665 941 736 γνώσονται
967 663 1148 718 πάντα
1175 663 1244 717 τὰ
1282 662 1414 728 ξύλα
1442 663 1537 718 τοῦ
1575 663 1781 729 πεδίου,
1804 664 1888 717 ὅτι

300 761 414 833 ἐγὼ
448 760 689 833 Κύριος,
735 759 766 813 6
803 756 1077 812 ταπεινῶν
1110 755 1266 822 ξύλον
1310 755 1553 826 ὑψηλὸν,
1599 756 1695 809 καὶ
1738 754 1891 825 ὑψῶν

303 853 461 922 ξύλον
485 849 772 913 ταπεινὸν,
796 847 894 902 καὶ⁸
913 846 1186 920 ξηραίνων
1206 845 1365 913 ξύλον
1389 845 1620 918 χλωρὸν,
1652 844 1749 900 καὶ
1767 845 1895 900 ἀνα·

303 944 519 1000 θάλλων
576 939 738 1008 ξύλον
786 938 967 1012 ξηρόν.
1036 937 1180 1008 ⁹κτὼ
1228 937 1432 1010 Κύριος
1480 937 1719 1010 ιλάλησα
1736 978 1752 1004 ,
1797 937 1893 993 καὶ

306 1033 545 1103 ποιήσω.
587 1049 610 1086 ι
654 1029 851 1101 Συνίης
879 1022 974 1083 οὖν
1013 1027 1099 1082 δτι
1137 1025 1210 1081 τὰ
1253 1026 1521 1082 ἐπίλεκτοι
1555 1026 1659 1097 τῆς
1699 1025 1893 1098 κέδρου

303 1125 510 1192 λαϐὼν,
541 1119 1028 1190 καταπεφύτευκσν
1069 1120 1205 1190 ἡμῖν
1247 1118 1313 1173 τὸ
1350 1118 1450 1190 τῆς
1483 1118 1631 1191 ζωῆς
1664 1116 1821 1185 ξύλον
1863 1118 1894 1171 6

303 1218 438 1283 Θιδς
466 1215 566 1271 καὶ
593 1211 805 1285 Πατὴρ,
830 1209 1077 1265 τουτέστι
1098 1208 1355 1281 Χριστόν.
1395 1208 1688 1266 Ἐπίλικτα
1712 1207 1769 1263 δδ
1794 1207 1895 1278 τῆς

306 1308 509 1376 κάδρου
527 1303 666 1376 φησὶ
693 1302 798 1375 τήν
829 1299 998 1355 Ἰούδα
1024 1299 1221 1372 φυλὴν,
1241 1300 1342 1371 τὴν
1372 1299 1754 1373 κατάρχουσαν
1785 1298 1895 1363 ἀεὶ,

310 1400 408 1455 καὶ
427 1398 547 1453 τῶν
564 1396 744 1453 ἀλλων
779 1393 1193 1466 εύκλεεστόραψ
1223 1393 1285 1460 ἑξ
1317 1387 1386 1466 ἧς
1419 1392 1592 1463 ἀνέφυ
1627 1392 1723 1447 καὶ
1766 1390 1897 1446 Ἰεσ-

312 1492 424 1555 σαὶ,
452 1490 554 1545 καὶ
578 1488 764 1552 Δαόὶδ,
794 1488 889 1541 καὶ
920 1488 958 1558 ἠ
986 1486 1119 1556 ἀτία
1160 1484 1458 1558 Βαρθένος,
1483 1485 1518 1557 ἦ
1543 1483 1642 1539 τὸν
1688 1482 1897 1556 Ἰησοῦν

311 1584 624 1639 introitu.
664 1581 796 1634 Ὅτι
832 1579 892 1633 δὲ
934 1579 1030 1632 καὶ
1071 1579 1166 1633 ἐπὶ
1205 1575 1365 1643 ξύλου
1413 1575 1785 1649 κικρίμασται
1826 1573 1895 1627 δι’

314 1678 460 1749 ius;
484 1676 552 1730 τδ
578 1676 647 1728 ικ
665 1672 771 1744 τῆς
811 1671 1114 1727 anisum
1136 1670 1329 1743 κέδρου
1358 1669 1582 1741 ληφθὲν,
1609 1668 1706 1722 καὶ
1731 1665 1898 1737 φυτόν

312 1773 427 1825 ἔστι
447 1768 622 1823 καλόν
643 1782 702 1820 τε
730 1765 827 1819 καὶ
846 1761 1260 1827 εὐανθέστατον,
1290 1759 1410 1824 πῶς
1441 1758 1595 1813 ἔστιν
1619 1755 1896 1829 ἀμφιϐάλ-
1929 1749 1972 1805 Β

310 1860 462 1923 λεινς
510 1854 1022 1925 Ἀνεσλαστήσαμιν
1057 1851 1116 1906 δὲ
1139 1852 1235 1906 καὶ
1259 1851 1422 1924 ἡμεῖς
1456 1846 1550 1902 aia:
1580 1845 1773 1919 βουλῆς
1800 1843 1896 1901 τοῦ

314 1949 557 2020 Πατρδς,
583 1947 656 2000 τὰ
691 1945 862 2000 πάλαι
892 1943 1031 2015 ξηρά
1056 1943 1151 1999 καὶ
1179 1940 1392 2013 καρπὸν
1410 1939 1511 1994 οὐκ
1526 1938 1718 2010 ἔχοντα
1740 1936 1895 2003 ξύλα,

318 2042 501 2115 ξηρῶν
530 2038 832 2109 γεγονότων
860 2038 956 2091 καὶ
988 2034 1330 2091 αὑανθέντων
1377 2033 1581 2105 τρόπον
1624 2029 1750 2087 τινὰ
1788 2029 1898 2085 τῶν

316 2134 390 2196 ὡς
420 2133 481 2185 ιν
502 2130 765 2202 ὑγρότητι
789 2129 886 2182 καὶ
909 2127 1021 2198 ζωῇ
1053 2125 1148 2180 τοῦ
1175 2125 1366 2195 νόμου,
1387 2124 1635 2177 τουτέστι
1653 2163 1670 2187 ,
1695 2122 1806 2176 τῶν
1838 2120 1900 2188 ἐξ

331 2222 570 2294 Ἰσραήλ.
611 2221 726 2276 Καὶ
762 2221 815 2273 oi
844 2218 944 2291 μὲν
962 2213 1105 2289 ἦσαν
1136 2216 1350 2287 mm,
1387 2213 1633 2270 ταπεινοὶ
1657 2213 1715 2268 δὲ
1736 2215 1900 2285 ἡμεῖς

320 2320 416 2372 καὶ
454 2313 912 2388 κατερῤιμμὲνοι.
961 2310 1100 2365 Ἀλλ’
1138 2310 1435 2382 ὑψώθημεν
1466 2310 1524 2363 ὲν
1552 2306 1773 2380 Χριστῷ
1810 2307 1900 2363 διὰ

322 2408 580 2469 πίστεως.
625 2406 687 2459 0i
712 2403 769 2457 δὲ
806 2403 910 2472 τῆς
948 2399 1179 2473 ἀρχαίας
1220 2398 1552 2454 κατώλισθον
1582 2398 1771 2471 δόξης,
1805 2398 1901 2452 καὶ

322 2496 580 2569 γεγόνασι
604 2493 871 2549 ταπεινοί.
896 2492 1029 2557 Θεὸς
1047 2486 1142 2546 οὖν
1166 2492 1317 2545 ἐστιν
1339 2493 1368 2545 6
1387 2490 1496 2544 τῶν
1516 2490 1654 2544 ὅλων
1676 2489 1898 2561 Κύριος,

324 2594 357 2646 6
374 2590 475 2645 καὶ
506 2588 661 2650 ἰδίοις
685 2586 919 2658 νεύμασι
948 2583 1219 2640 ταπεινῶν
1245 2582 1315 2638 τὰ
1345 2582 1546 2654 ὑψηλὰ,
1582 2583 1677 2637 καὶ
1700 2582 1901 2637 ἀνακο-

328 2683 499 2755 μίζων
521 2678 656 2751 ὑψοῦ
680 2678 748 2733 τά
776 2676 1031 2739 ταπεινὰ,
1062 2676 1156 2730 καὶ
1188 2674 1458 2750 ξηραίνων
1477 2672 1633 2741 ξύλον
1666 2670 1901 2745 χλωρὸν,

326 2773 424 2826 καὶ
446 2769 763 2824 ἀναϐάλλων
789 2768 945 2835 ξύλον
977 2766 1161 2836 ξηρόν.
1190 2767 1313 2819 Ὅτι
1338 2765 1447 2836 γὰρ
1476 2764 1511 2835 ἢ
1539 2761 1782 2832 ἀκάνθης
1807 2760 1903 2816 καὶ

250 2896 253 2897 ν
326 2862 573 2934 τριϐόλου
605 2860 974 2929 διενεγκόντες
993 2860 1166 2923 οὐδὲν,
1197 2859 1246 2912 oi
1277 2859 1343 2911 ix
1363 2856 1462 2926 τῆς
1501 2853 1735 2927 ἀρχαίας
1767 2854 1902 2909 Συν-

328 2955 554 3024 αγωγῆς
593 2953 876 3025 μονονουχὶ
909 2952 1005 3007 κοιλ⁵
1028 2952 1127 3023 τῆς
1155 2949 1317 3020 ἁγίας
1349 2947 1737 3019 ἀποκείρονται
1774 2946 1902 3017 γῆς,

331 3045 604 3114 ἀντανόφυ
628 3044 685 3098 δὲ
710 3042 902 3115 ῶσπερ
936 3044 972 3113 ἡ
993 3042 1101 3095 τῶν
1131 3042 1191 3095 ὲν
1220 3040 1402 3095 πίστει
1422 3037 1653 3110 πληθὺς,
1676 3036 1771 3092 καὶ
1790 3040 1904 3102 τοῖς

330 3137 438 3191 τῶν
479 3106 714 3207 δένδρων
750 3106 1136 3205 εὐοσμοτάτοις
1172 3106 1598 3202 παρεικόζετάι,
1649 3127 1907 3202 μαθήσῃ,
1935 3106 1977 3163 C

330 3228 580 3298 λέγοντος
609 3223 705 3280 τοῦ
746 3224 910 3280 Θεοῦ·
963 3243 981 3276 ι
1031 3225 1141 3279 Καὶ
1183 3222 1396 3293 ποιήσω
1440 3221 1541 3293 τὴν
1588 3221 1794 3293 ἔρημον
1829 3223 1909 3285 είς

333 3323 447 3392 ῑλη.
475 3322 574 3375 ut
599 3319 701 3390 τὴν
724 3318 831 3387 γῆν
873 3319 932 3371 ὲν
963 3316 1322 3388 ύδραγωγοῖς.
1358 3314 1523 3385 Θήσω
1556 3316 1638 3376 είς
1676 3314 1776 3382 τὴν
1816 3312 1911 3367 ἀν·-

335 3413 491 3484 υδρον
543 3409 651 3479 γῆν
702 3408 911 3479 κέδρον,
967 3408 1062 3461 καὶ
1106 3405 1274 3471 πύξον
1297 3446 1314 3472 ,
1360 3405 1480 3459 καὶ¹
1505 3404 1794 3475 μυρσίνην,
1818 3402 1912 3456 καὶ

335 3505 693 3574 κυπάρισσον,
736 3501 831 3554 καλ⁸
866 3498 1083 3570 λεύκην.
1132 3517 1153 3549 ι
1191 3498 1300 3553 Καὶ
1340 3497 1459 3569 μεθ’
1501 3497 1683 3565 ἔτερα·
1735 3516 1753 3547 ι
1799 3496 1911 3550 Καὶ

333 3596 482 3650 εσται
515 3595 639 3649 ἀντὶ
663 3594 763 3663 τῆς
793 3590 1012 3661 στοισῆς
1041 3590 1373 3662 ἀναϐήσεται
1405 3588 1762 3659 κυπάρισσος,
1792 3587 1915 3643 ἀντὶ

335 3693 390 3746 δὲ
421 3692 528 3761 τῆς
558 3688 795 3761 κονύζης
831 3688 1162 3759 ἀναϐήσεται
1193 3688 1447 3759 μυρσίνη.
1498 3707 1519 3742 ι
1549 3687 1649 3742 Διά
1682 3686 1781 3758 μὲν
1805 3688 1915 3759 γὰρ

336 3786 433 3856 τῆς
479 3782 677 3854 κέδρου
714 3782 930 3852 νοήσεις
966 3781 1066 3852 τὴν
1107 3782 1187 3843 εἰς
1227 3778 1537 3851 ἀφθαρσίαν
1581 3780 1771 3849 ἐλπίδα
1806 3779 1917 3834 τῶν

337 3874 808 3930 πεπιστευκότων·
844 3872 1116 3945 σήπεσθαι
1155 3873 1267 3945 γὰρ
1311 3874 1411 3926 οὐκ
1451 3868 1591 3927 οἶδεν
1624 3874 1657 3944 ἡ
1702 3874 1912 3943 κέδρος.

336 3968 435 4021 Διά
462 3967 528 4020 δὲ
560 3966 661 4036 τῆς
693 3964 886 4032 πύξου,
923 3964 986 4018 τὸ
1015 3964 1157 4035 μήτε
1189 3965 1247 4017 ὲν
1274 3965 1567 4034 κουφότητι
1602 3965 1696 4020 νοῦ
1715 4005 1732 4031 ,
1781 3967 1919 4036 μήτε

340 4059 448 4129 μὴν
486 4059 551 4110 ἐν
597 4056 833 4128 ἐλαφρίᾳ.
865 4055 1107 4127 φρενῶν,
1142 4055 1268 4120 τοὺς
1318 4057 1376 4109 ἐν
1416 4056 1635 4128 Χριστῷ
1680 4056 1919 4111 νοεῖσθαι

340 4149 574 4219 πρέπον.
610 4146 830 4201 Συνετοὶ
868 4148 978 4217 γὰρ
1011 4146 1279 4210 ἀπαντες,
1332 4146 1536 4201 ὲπείτοι
1572 4146 1699 4201 νοῦν
1735 4147 1920 4219 ἔχουσι

340 4239 427 4295 τὸν
456 4240 719 4308 Χριστόν.
747 4239 963 4293 Ναστδν
983 4240 1040 4293 δὲ
1068 4239 1224 4306 ξύλον
1251 4240 1313 4293 τὸ
1339 4239 1581 4307 πύξινον,
1606 4240 1700 4294 καὶ
1722 4240 1923 4315 πολλὴν

341 4331 465 4402 ἔχον
497 4333 559 4383 ὲν
591 4328 773 4401 ἑαυτῷ
802 4333 901 4402 τὴν
923 4330 1222 4385 πύκνωσιν.
1251 4333 1350 4388 Διά
1369 4334 1426 4386 δὲ
1459 4334 1560 4404 τῆς
1597 4331 1824 4403 μύρτου,
1861 4334 1923 4388 τὸ

1992 497 2093 554 ego
2138 483 2417 541 Dominus-
2443 485 2568 551 sim,
2612 485 2709 556 qui
2757 485 3053 542 humiliem'
3069 488 3277 560 lignum
3303 492 3494 556 altum,
3518 500 3576 548 et

1992 575 2227 631 exaltem
2260 575 2486 648 lignum
2508 577 2738 644 humile,
2772 587 2829 634 et
2849 580 3118 636 exsiccem
3155 581 3571 653 lignumviridc,

1993 678 2050 725 et
2078 669 2274 724 faciam
2304 671 2878 742 germinare-aridum.
2920 664 3339 745 Ego‘Dominus
3360 674 3496 739 dixi,
3520 685 3579 732 et

1994 760 2192 817 faciam
2220 762 2289 817 “.
2325 780 2344 815 ι
2388 762 2726 835 lntelligisne
2762 778 2873 835 quo
2903 774 3062 835 pacto
3104 780 3174 821 ex
3194 765 3388 823 electis
3410 766 3578 838 ligni!

1995 850 2151 907 cedri
2168 852 2440 923 plantarit'
2453 852 2625 909 nobis-
2637 854 2784 911 Deus
2805 862 2863 910 et
2882 854 3046 912 Pater
3067 855 3275 926 lignum
3298 854 3444 921 vitae,
3468 854 3577 911 hoc

1996 952 2102 1009 est,
2135 944 2450 1001 Christum?
2474 944 2663 1002 Electa
2704 956 2888 1003 autem
2923 947 3070 1019 ligna
3110 946 3263 1003 cedri
3297 955 3458 1004 vocat
3479 948 3579 1003 trr-

1996 1034 2131 1091 buni
2158 1033 2334 1099 Iuda,
2362 1050 2585 1105 semper
2608 1043 2950 1107 regnantem,
2975 1037 3209 1108 aliisque
3223 1035 3572 1107 nobiliorem;

1996 1140 2067 1182 ex
2118 1139 2232 1196 qua
2278 1125 2609 1197 prodierunt
2648 1126 2803 1183 Iesse
2831 1133 2891 1183 et
2916 1126 3112 1194 David,
3150 1134 3209 1183 et
3231 1135 3575 1185 sacrosancta

1997 1217 2184 1288 Virgo,
2236 1231 2362 1287 que
2410 1216 2630 1287 peperit
2663 1216 2873 1274 Iesum.
2910 1216 3070 1285 Quod
3114 1226 3300 1275 autem
3343 1218 3401 1274 in
3428 1218 3579 1292 ligno

1998 1315 2228 1379 propter
2257 1321 2361 1364 nos
2398 1321 2727 1378 suspensum
2759 1307 2929 1369 fuerit
2962 1308 3096 1365 illud
3118 1324 3187 1365 ex
3206 1309 3379 1366 electa
3411 1310 3578 1366 cedro

2000 1407 2282 1470 sumptum
2300 1438 2317 1464 ,
2367 1397 2629 1470 quodque
2684 1398 3057 1471 pulcherrima
3118 1399 3579 1475 doridissimaque

2000 1491 2170 1547 arbor
2208 1492 2301 1556 sit,
2347 1490 2607 1547 omnibus
2656 1499 3001 1562 compertum
3034 1499 3139 1548 est.
3173 1492 3286 1549 Nos
3311 1508 3448 1549 vero
3481 1494 3575 1565 qui

2001 1585 2133 1641 olim
2169 1584 2377 1641 fuimus
2406 1584 2559 1641 arida
2594 1593 2759 1654 atque
2791 1583 3113 1657 infrugil‘era
3143 1585 3308 1657 ligna,
3342 1601 3490 1643 nunc
3511 1601 3577 1642 ex

2003 1677 2100 1733 Dei
2135 1677 2417 1733 voluntate
2450 1675 2821 1742 reﬂoruimus,
2860 1676 3032 1732 aridis
3064 1672 3285 1733 interim
3312 1676 3467 1735 factis
3491 1689 3579 1734 at-

2000 1785 2108 1843 que
2144 1770 2434 1827 exsiccatis
2464 1769 2870 1842 quodammodo
2904 1769 3027 1825 istis
3081 1770 3178 1841 qui
3211 1778 3373 1826 erant
3405 1771 3463 1827 in
3499 1771 3582 1826 vi:

2001 1876 2133 1933 gore
2165 1871 2225 1917 et
2256 1860 2370 1916 vita
2395 1860 2554 1932 legis,
2589 1859 2697 1914 hoc
2717 1866 2822 1923 est,
2847 1857 3128 1913 lsraelitis.
3159 1857 3336 1928 Atque
3360 1857 3417 1913 lii
3452 1858 3580 1928 qui;

2003 1953 2128 2009 dem
2159 1960 2319 2008 erant
2344 1950 2567 2016 excelsi,
2594 1964 2697 2004 nos
2725 1965 2859 2005 vero
2880 1948 3119 2004 humiles
3140 1956 3304 2019 atque
3334 1945 3532 2018 abiecti
3560 1966 3575 2001 :

2003 2044 2167 2116 336
2215 2043 2315 2100 sed
2360 2059 2509 2099 nunc
2552 2057 2653 2114 per
2674 2040 2837 2096 ﬁdem
2862 2040 2917 2095 in
2947 2039 3229 2096 Christ
3259 2054 3361 2095 nos
3390 2052 3580 2095 sumus

2004 2136 2226 2192 exaltati
2249 2136 2330 2204 ης
2359 2134 2418 2191 bi
2440 2148 2573 2191 vero
2595 2132 2825 2205 pristina
2847 2132 3018 2202 gloria
3033 2131 3375 2197 exciderunt,
3398 2130 3583 2185 humi:

2004 2224 2232 2296 liatique
2268 2233 2417 2282 sunt.
2456 2224 2604 2280 Deus
2637 2222 2806 2294 igitur
2829 2231 2914 2278 est
2940 2221 3109 2277 totius
3127 2219 3368 2275 universi
3400 2217 3589 2274 Domi~

2004 2331 2131 2382 nus,
2172 2317 2266 2386 qui
2306 2331 2408 2387 pro
2439 2329 2541 2370 suo
2566 2314 2836 2369 arbitratu
2876 2309 3131 2366 humiliat
3155 2308 3432 2373 sublimia,
3457 2307 3585 2379 qui-

2005 2422 2113 2479 que
2135 2406 2345 2479 abjecta
2381 2406 2438 2462 in
2472 2405 2643 2461 altum
2678 2403 2890 2460 extollit
2925 2420 2939 2455 :
2975 2402 3068 2474 qui
3106 2400 3345 2456 exsiccat
3375 2399 3583 2469 lignum

2004 2497 2201 2563 viride,
2251 2506 2308 2554 et
2363 2496 2671 2570 germinare
2715 2485 3105 2551 facitaridum.
3131 2492 3268 2549 Nam
3294 2489 3443 2563 quod
3495 2490 3584 2546 isti

2006 2590 2101 2662 qui
2147 2590 2371 2647 fuerunt
2404 2606 2472 2646 ex
2507 2588 2676 2644 veteri
2705 2587 3007 2660 SynagOga,
3034 2600 3159 2641 cum
3182 2583 3321 2638 nihil
3344 2582 3451 2637 nisi
3472 2582 3592 2649 spi-

2006 2697 2133 2737 nam
2158 2689 2218 2738 et
2258 2681 2529 2736 tribulum
2542 2677 2943 2750 produxerunt,
2970 2671 3364 2746 propemodum
3387 2685 3417 2725 a
3442 2678 3592 2726 terra

2008 2782 2195 2830 sancta
2216 2773 2328 2828 sint
2351 2771 2519 2827 excisi
2555 2788 2569 2825 :
2595 2776 2649 2825 at
2672 2785 2705 2825 e
2728 2768 2949 2823 diverso
2980 2781 3123 2821 nova
3164 2763 3409 2818 ﬁdelium
3442 2759 3589 2815 mul-

2009 2865 2188 2925 titudo
2208 2865 2436 2920 suborta
2462 2864 2554 2929 sit,
2578 2877 2700 2933 quae
2722 2858 3032 2917 suavissimi
3071 2855 3261 2912 odoris
3295 2852 3591 2908 arboribus

2009 2963 2378 3026 comparatur,
2407 2953 2587 3009 disces
2607 2951 2951 3023 protinus‘ex
2974 2948 3107 3011 Deo,
3156 2944 3376 3000 dicente
3403 2959 3418 2996 :
3468 2958 3487 2993 ι
3522 2938 3593 2996 Et

2011 3048 2204 3105 faciam
2244 3048 2458 3104 deserta
2497 3047 2552 3101 in
2591 3054 2781 3116 stagna
2811 3052 2868 3099 et
2899 3050 3105 3097 terram
3152 3028 3417 3110 aquosam
3447 3052 3462 3089 :
3494 3048 3593 3105 po-

2008 3153 2138 3195 nam
2192 3137 2250 3193 in
2306 3145 2507 3193 terram
2546 3142 2793 3190 arentem
2828 3132 3078 3194 cedrum,
3134 3136 3191 3184 et
3244 3127 3474 3191 buxum,
3536 3130 3594 3180 et

2011 3239 2272 3302 myrtum,
2306 3239 2363 3286 et
2402 3242 2753 3300 cupressum,
2784 3236 2843 3281 et
2869 3222 3135 3296 papulum
3158 3221 3227 3275 ".
3262 3240 3278 3271 ο
3327 3218 3396 3275 Et
3431 3217 3596 3288 paulo

2010 3333 2176 3396 post:
2214 3344 2231 3375 ι
2257 3324 2323 3378 Et
2365 3321 2475 3378 erit
2529 3330 2589 3377 ut
2621 3336 2722 3392 pro
2769 3318 2947 3375 stmba
2983 3320 3239 3386 exsurgat
3278 3325 3594 3382 cupressus,

2011 3426 2068 3471 et
2110 3430 2211 3486 pro
2252 3412 2518 3485 pulicaria
2569 3411 2740 3467 herba
2783 3417 3041 3480 exsurgat
3076 3413 3288 3479 myrtus
3330 3403 3398 3458 ⁸⁸.
3425 3420 3445 3454 ι
3492 3401 3596 3457 Per

2012 3507 2240 3563 cedrum
2280 3505 2428 3561 enim
2466 3504 2738 3575 intelliges
2769 3516 2924 3573 spem
2961 3498 3308 3557 credentium
3333 3496 3391 3551 in
3427 3495 3594 3549 vitam

2012 3608 2290 3655 aeternam.
2321 3595 2537 3653 Cedrus
2570 3595 2717 3651 enim
2765 3608 2962 3664 expers
2994 3601 3080 3648 est
3120 3587 3447 3663 putredinis.
3491 3585 3600 3642 Per

2015 3691 2220 3746 buxum
2288 3696 2506 3753 autem,
2561 3684 2709 3758 quod
2775 3683 2973 3740 levitas
3028 3697 3095 3738 ac
3140 3679 3341 3736 mentis
3403 3677 3597 3732 incon-

2012 3781 2214 3839 stantia
2273 3796 2306 3836 a
2363 3778 2693 3835 Christianis
2730 3776 2912 3831 aliena
2959 3788 3081 3829 esse
3128 3771 3346 3827 debeat.
3398 3765 3602 3822 Omnes

2015 3873 2164 3931 enim
2207 3872 2576 3941 intelligentes
2615 3876 2764 3931 sunt,
2803 3874 2865 3920 ut
2904 3865 2998 3935 qui
3042 3861 3324 3918 Christum
3360 3856 3601 3911 habeant

2022 3979 2174 4020 suam
2223 3969 2461 4017 mentem
2507 3968 2671 4028 atque
2717 3956 3076 4011 intellectum.
3124 3952 3313 4006 Buxus
3342 3947 3491 4004 enim
3528 3947 3599 4002 li-

2021 4068 2185 4126 gnum
2224 4061 2308 4106 est
2342 4059 2709 4119 compactum,
2738 4045 3075 4115 multamque
3095 4041 3152 4097 in
3183 4056 3242 4096 se
3268 4038 3600 4095 soliditatem

2024 4145 2250 4202 habens.
2294 4143 2470 4199 Porro
2514 4156 2613 4211 per
2654 4146 2896 4211 myrtum
2940 4134 3266 4207 intelligitur
3313 4132 3456 4187 bona
3496 4129 3605 4191 fra-

2022 4235 2236 4311 grantia
2273 4234 2327 4289 in
2368 4231 2823 4295 sanctiﬁcatione,
2851 4237 2907 4284 et
2930 4221 3471 4311 perpetuam-gratia
3501 4218 3603 4276 ilo-

2024 4306 2238 4388 riditas.
2256 4329 2347 4399 ~At
2371 4344 2470 4399 per
2499 4339 2850 4397 cupressum,
2878 4306 3112 4377 altitudo
3144 4330 3201 4375 et
3237 4320 3416 4374 bonus
3447 4316 3602 4371 odor.

343 4423 580 4494 εὔοσμον
610 4423 670 4475 ἐν
697 4422 973 4494 ἁγιασμῷ.
1008 4424 1102 4477 καὶ
1138 4423 1199 4477 τὸ
1230 4423 1476 4488 ἀειθαλὲς
1505 4426 1562 4478 ἑν
1590 4426 1793 4497 χάριτι.
1824 4424 1912 4478 Διὰ

2025 4423 2270 4481 Altitudo
2282 4421 2429 4479 enim
2452 4427 2556 4483 est,
2580 4418 2826 4487 inquam,
2853 4414 2909 4468 in
2936 4413 3161 4470 virtute,
3178 4419 3235 4464 et
3265 4410 3319 4463 in
3341 4406 3610 4463 doctrinis

342 4515 398 4568 δέ
422 4531 489 4584 γε
512 4513 617 4584 τῆς
639 4514 1004 4585 κυπαρίσσου,
1028 4514 1090 4566 τὸ
1116 4514 1319 4586 ὑψηλὸν
1342 4515 1434 4569 καὶ
1455 4514 1673 4579 εὐῶδες.
1691 4512 1925 4586 ’Υψηλδν

345 4607 399 4660 δέ
428 4624 578 4676 φημι
613 4607 754 4661 κατά
784 4623 848 4675 γε
895 4609 993 4677 τὴν
1022 4607 1224 4678 ἀρετὴν
1273 4609 1369 4662 καὶ
1397 4610 1460 4662 τὸ
1486 4609 1562 4672 ὡς
1600 4611 1657 4662 ὲν
1696 4609 1931 4680 δόγμασι

351 4697 673 4768 περιφανές.
707 4698 804 4751 Διά
839 4698 898 4751 δὲ
926 4698 1028 4768 τῆς
1053 4698 1275 4771 λεύκης,
1302 4702 1364 4754 τὸ
1389 4702 1550 4755 oiovel
1583 4702 1832 4773 λαμπρόν
1873 4718 1932 4755 τε

352 4790 444 4844 καὶ
490 4789 752 4843 ἔκλευκον
787 4792 869 4855 είς
909 4791 1278 4863 δικαιοσύνην.
1329 4794 1588 4863 Λαμπροί
1627 4793 1734 4865 γὰρ
1778 4794 1828 4848 οί
1875 4794 1935 4847 ὲν

350 4879 591 4951 Χριστῷ,
617 4882 683 4950 τῇ
711 4882 840 4952 παρ’
866 4880 1032 4934 αὐτοῦ
1059 4881 1545 4954 καταγλαῖζόμενοι
1576 4884 1776 4956 χάριτι.
1809 4885 1936 4938 Στέ-

352 4968 502 5040 λεχος
520 4970 584 5040 δὴ
608 4966 702 5025 οὖν
722 4971 1009 5041 ἀνειμένον
1030 4972 1363 5045 Νεφθαλεὶμ,
1386 4974 1420 5045 ἢ
1446 4976 1606 5040 αὐτὸς
1625 4977 1654 5030 6
1678 4977 1931 5046 Χριστὸς,

352 5061 383 5131 ἢ
486 5062 728 5133 Χριστοῦ
755 5064 1043 5137 γνώριμοι.
1081 5067 1297 5138 Ἐπειδὴ
1318 5067 1373 5120 δέ
1396 5084 1549 5137 φησι·
1581 5089 1600 5120 ι
1640 5070 1935 5134 Ἐπιδιδοῦς

353 5153 428 5225 τῷ
453 5157 757 5225 γεννήματι
792 5157 1007 5220 κάλλος·
1059 5176 1078 5209 ι
1113 5158 1511 5231 ύποδηλώσειεν
1544 5159 1635 5224 ἂν,
1675 5160 1749 5224 ὡς
1793 5155 1934 5229 ὲγῷο

358 5261 475 5313 μαι,
510 5244 754 5299 τοιοῦτόν
790 5263 841 5300 τι
874 5246 1054 5303 πάλιν.
1103 5248 1194 5302 Ἐν
1220 5250 1416 5321 ἀρχαῖς
1463 5250 1561 5320 μὲν
1597 5250 1705 5320 γὰρ
1738 5252 1766 5304 6
1803 5252 1937 5321 Χρι-

360 5338 502 5400 στος,
521 5339 582 5393 ὲν
618 5336 702 5407 τῷ
730 5338 853 5392 καθ’
886 5342 1034 5409 ἡμᾶς
1072 5340 1346 5413 ὁρώμενος
1377 5344 1653 5414 σχήματι,
1684 5345 1766 5398 ὅτι
1804 5344 1935 5408 Θεὸς

361 5429 499 5482 κατὰ
526 5446 692 5496 φυσιν
721 5429 858 5495 ἐστὶ,
891 5433 985 5484 καὶ
1007 5433 1055 5485 εί
1084 5432 1275 5501 γέγονε
1288 5432 1445 5505 σὰρξ,
1471 5435 1571 5488 οὐκ
1601 5435 1935 5489 ἐπιστεύετο.

361 5520 470 5576 Καὶ
500 5523 636 5591 γοῦν
674 5524 1013 5581 λιθόλευετον
1040 5527 1138 5599 μὲν
1168 5529 1340 5581 ποιεῖν
1366 5529 1416 5580 oi
1456 5527 1696 5583 Ἰουδαῖοι
1722 5527 1942 5582 ἀπετόλ-

2033 4517 2272 4574 claritas.
2316 4515 2423 4570 Per
2463 4510 2725 4582 populum
2769 4519 2902 4563 vero
2924 4502 3269 4575 splendorem
3293 4506 3455 4568 atque
3481 4512 3609 4551 can-

2029 4609 2220 4664 dorem
2263 4604 2635 4674 intelligemus
2679 4599 2747 4655 ad
2793 4594 3084 4669 justitiam.
3131 4587 3415 4662 Splendidi
3458 4585 3607 4641 enim

2028 4707 2161 4756 sunt
2197 4695 2521 4758 Christiani,
2565 4698 2925 4750 coruscantes
2974 4687 3069 4743 Dei
3112 4683 3319 4758 gratia.-
3359 4680 3610 4736 Truncus

2030 4788 2198 4860 igitur
2212 4794 2297 4842 est
2326 4782 2696 4851 Nepbthalim,
2721 4788 2823 4835 aut
2841 4779 3027 4851 potius
3050 4776 3166 4847 ipse
3185 4773 3458 4835 Christus,
3486 4767 3612 4839 qui-

2031 4896 2139 4953 que
2180 4878 2400 4934 Christo
2440 4874 2553 4930 noti
2595 4880 2744 4929 sunt.
2789 4871 2927 4927 Cum
2972 4879 3155 4926 autem
3196 4864 3369 4921 dixit:
3420 4880 3437 4913 ι
3468 4861 3614 4916 Dans

2034 4970 2266 5046 germini
2310 4964 2781 5039 pulchritudinem
2804 4964 2872 5027 ”,
2912 4981 2929 5014 ι
2965 4961 3071 5016 tale
3093 4956 3372 5029 quidpiam
3396 4966 3611 5046 rursus,

2036 5042 2095 5121 ut
2136 5061 2399 5124 arbitror,
2425 5056 2818 5115 subindicavit.
2843 5052 2980 5110 Cum
3006 5050 3155 5106 enim
3180 5047 3432 5103 Christus
3455 5042 3614 5099 initio

2036 5158 2092 5212 in
2125 5157 2365 5211 humana
2404 5162 2602 5206 natura
2623 5154 2933 5219 appareret,
2958 5157 3068 5197 non
3092 5138 3253 5195 facile
3279 5135 3614 5193 credebatur

2035 5257 2227 5319 suapte
2269 5252 2469 5300 natura
2507 5243 2650 5297 Deus
2679 5252 2824 5302 esse,
2861 5244 2918 5291 et
2953 5235 3129 5289 factus
3149 5245 3270 5287 esse
3302 5226 3451 5285 caro.
3472 5226 3616 5283 Hinc

2034 5351 2090 5397 et
2134 5336 2314 5396 Judaei
2368 5335 2628 5390 volebant
2680 5343 2807 5386 eum
2869 5324 3132 5397 lapidare,
3174 5320 3501 5392 obiiciente:
3552 5329 3608 5375 et

2037 5429 2205 5503 quod,
2244 5441 2380 5483 cum
2431 5424 2597 5479 homo
2648 5427 2821 5485 esset,
2876 5420 3117 5487 seipsum
3166 5414 3350 5469 tamen
3393 5407 3617 5465 fecisset

2038 5525 2213 5580 Deum
2258 5519 2296 5574 '.
2339 5515 2483 5584 Quin
2525 5524 2581 5569 et
2610 5519 2828 5568 sanctos
2868 5507 3141 5587 apostolos
3175 5517 3466 5561 cernemus
3488 5515 3614 5557 eum

434 5637 722 5713 ’:_E_zgch.
762 5661 891 5712 xv",
920 5645 1104 5703 22-24:
1182 5647 1227 5681 "
1265 5647 1312 5703 ll
1343 5646 1470 5704 Cor.
1494 5663 1566 5713 xi,
1598 5648 1649 5701 7.
1728 5647 1771 5680 ³⁷
1812 5647 1911 5702 lsa.
1947 5661 2054 5712 xu,
2085 5641 2173 5707 l8,
2211 5637 2298 5693 i9.
2370 5633 2417 5668 ”
2458 5628 2764 5696 lsa.i.v,15
2860 5627 2921 5659 π’
2945 5624 3079 5681 Gen.
3105 5641 3247 5691 xux,
3273 5624 3365 5682 θλ.
3419 5623 3614 5681 'Joan.

367 5720 425 5771 x,
454 5706 516 5763 5i
528 5710 651 5764 -35.
