4022 6198
469 287 574 358 ὖτὸ

1486 294 1540 349 s.
1580 296 1858 355 CYRILLI
1895 295 2366 353 ALEXANDRINI
2395 275 2713 350 menter.

3603 291 3699 349 376

467 405 693 476 quidem
718 415 972 477 tanquam
1002 408 1375 480 prodigiorum
1398 411 1718 470 eﬂ‘ectorem
1746 416 2020 471 admiratoi

2149 429 2285 482 μων,
2309 411 2592 480 ἐπίκλημα
2615 409 2712 462 καὶ
2733 405 2957 478 γραφὴν
2982 403 3432 479 ιπιρριπτοῢνικς
3456 403 3606 476 αὐτῷ
3633 405 3714 459 ιδ.

469 498 637 554 fuisse
662 515 678 566 ;
715 515 823 555 non
850 508 1031 555 tamen
1054 502 1340 558 manifeste
1362 507 1682 576 mysterium
1705 509 1772 562 de
1797 508 1916 577 ipso
1947 507 2038 562 in-

471 589 767 646 tellexisse.
801 589 1070 656 Quocirca
1107 609 1232 648 cum
1263 595 1479 652 sedaret
1505 613 1676 662 mare,
1706 606 1763 654 et
1792 599 2037 668 hnpuro-

469 695 591 734 rum
619 681 912 750 spirituum
935 683 1174 752 impetus
1196 685 1541 755 reprimeret,
1559 689 1871 759 cogitabant
1893 689 2036 743 intra

461 784 525 824 se
570 769 816 826 dicentes
842 789 854 824 :
906 790 926 822 ι
953 771 1140 838 Qualis
1173 781 1256 828 est
1297 775 1420 837 iste.
1445 777 1591 846 quod
1616 786 1672 832 et
1700 778 1858 848 237
1884 794 2036 833 mare

464 868 522 914 et
556 860 706 914 venti
745 861 1005 918 obediant
1032 864 1164 917 ei’?
1203 885 1221 916 ι
1253 866 1486 921 Videsne
1508 869 1784 938 quomodo
1813 869 1866 923 id
1888 869 2036 938 quod

465 955 657 1018 suapte
685 958 882 1006 natura
906 962 1048 1018 erat,
1089 954 1195 1010 hoc
1223 967 1329 1020 est,
1372 958 1538 1023 Deus,
1562 960 1667 1014 etsi
1691 959 1868 1014 factus
1907 976 2035 1014 caro

464 1037 650 1103 fuerit,
701 1042 942 1096 nondum
986 1051 1167 1098 tamen
1211 1045 1282 1102 ab
1314 1046 1397 1101 eis
1427 1047 1522 1116 qui
1577 1048 1635 1102 in
1675 1047 1882 1102 mundo
1907 1054 2036 1102 sunt

464 1131 716 1200 cognitus
751 1132 842 1197 sit,
884 1150 1062 1203 neque
1115 1136 1344 1205 gloriam
1388 1137 1572 1193 divina
1613 1139 1898 1206 majestate
1945 1137 2035 1191 di-

460 1234 623 1290 gnam
661 1221 1002 1278 obtinuerit?
1040 1225 1333 1294 Postquam
1355 1243 1491 1282 vero
1517 1227 1572 1282 in
1605 1227 1768 1282 nobis
1793 1227 2034 1297 cognitio

459 1312 580 1380 ejus
610 1313 904 1382 ampliores
934 1331 1262 1390 progressus
1284 1319 1432 1383 fecit,
1470 1331 1587 1374 tum
1609 1319 1830 1374 demum
1856 1319 2035 1373 credi-

460 1409 550 1456 tus
580 1411 665 1456 est
704 1412 896 1473 suapte
940 1414 1136 1462 natura
1165 1409 1318 1466 Deus
1343 1425 1466 1465 esse
1493 1429 1506 1464 :
1549 1428 1568 1462 ι
1593 1425 1865 1479 omneque
1889 1425 2032 1481 genu

460 1490 563 1560 ipsi
612 1493 854 1549 ﬂectitur
899 1497 939 1561 ³,
972 1515 992 1549 ι
1050 1505 1166 1554 toto
1211 1500 1346 1556 orbe
1376 1501 1554 1570 ipsum
1585 1501 1870 1556 adorante.
1893 1502 2033 1557 Cum

457 1599 590 1653 ergo
627 1585 684 1639 in
719 1587 881 1642 nobis
919 1590 1161 1660 cognitio
1190 1591 1362 1660 ipsius
1396 1592 1463 1646 ad
1490 1592 1881 1662 perfectionem
1902 1607 2032 1662 per-

457 1673 620 1730 ducta
673 1676 862 1743 fuerit,
905 1685 1036 1734 tunc
1069 1681 1290 1736 demum
1328 1684 1609 1752 speciosus
1632 1699 1744 1752 prae
1766 1683 1893 1738 ﬁliis
1927 1684 2029 1739 ho.

2147 505 2302 557 «Ὅτι
2319 505 2404 564 σὺ,
2425 502 2520 556 ἄνθ
2528 517 2708 574 ρωπος
2718 499 2812 566 ὢν,
2834 501 3006 562 ποιεῖς
3025 494 3250 551 σεαυτὸν
3264 495 3419 549 Θεόν.
3445 513 3464 547 ι
3485 495 3730 566 309+,“-

2144 611 2241 665 μεν
2253 594 2310 648 δὲ
2332 594 2426 648 καὶ
2447 594 2644 656 αὑτοὺς
2655 595 2780 654 τοὺς
2793 591 2982 660 ἁγίους
2994 587 3325 651 ἀποστόλους
3346 588 3718 656 κατατεοηπό-

2139 701 2236 746 τας
2257 685 2354 754 μὲν
2379 683 2453 745 ὡς
2465 680 2848 754 τερατουργὸν,
2868 679 3008 749 πλὴν
3017 677 3172 732 οὔπω
3191 678 3382 746 σαφῶς
3397 676 3459 730 τὸ
3477 693 3542 728 πε
3552 677 3604 748 pl.
3615 678 3712 731 α’)-

2136 775 2232 828 τοῧ
2255 774 2544 848 συνιένταςῇ
2569 773 2884 844 μυστήριον.
2913 769 3202 842 Τοιγάρτοι
3221 766 3591 838 κατηυνάζετο
3614 769 3720 838 μιν

2137 871 2170 940 ἡ
2198 867 2461 928 Θάλασσα,
2491 866 2585 920 καὶ
2615 863 2940 933 πνευμάτων
2963 861 3170 932 ἀγρίων
3193 859 3527 913 ἀνεκόπτετό
3547 859 3714 930 φορὰ,

2136 957 2373 1031 Χριστοῦ
2399 955 2648 1025 γενέσθαι
2681 953 3124 1025 προστάττοντος.
3161 952 3228 1005 Οἱ
3257 950 3333 1017 δὲ,
3365 950 3519 1019 φησὶ,
3546 951 3731 1004 διελθε-⁵

2135 1050 2348 1119 γίζοντο
2373 1051 2430 1102 ὲν
2458 1048 2672 1110 ἑαυτοῖς
2697 1045 2971 1113 λέγοντες·
3001 1061 3022 1094 ι
3061 1041 3312 1104 Ποταπός
3341 1042 3494 1094 ἐστιν
3531 1035 3708 1106 οὗτος,

2135 1143 2216 1196 ὅτι
2248 1142 2340 1194 καὶ
2356 1142 2389 1210 ἡ
2409 1139 2649 1193 θάλασσα
2666 1177 2678 1200 ,
2705 1139 2800 1190 καὶ
2820 1137 2870 1189 οἱ
2885 1136 3075 1204 ἄνεμοι
3092 1132 3458 1187 ὑπακούουσιν
3477 1131 3624 1202 αὑτῷ
3640 1149 3656 1198 ;
3674 1148 3699 1182 ι

2145 1233 2310 1304 Ὁρᾷς
2325 1233 2495 1296 ὅπως,
2518 1231 2654 1300 ὅπερ
2677 1224 2746 1298 ἦν
2772 1227 2913 1282 κατὰ
2944 1226 3129 1295 φύσιν,
3163 1223 3410 1278 τουτέστι
3439 1222 3592 1286 Θεὸς,
3612 1225 3712 1278 καὶ

2133 1325 2181 1376 εί
2219 1323 2409 1393 γέγονε
2434 1321 2590 1390 σὰρξ,
2627 1317 2782 1372 οὑπω
2808 1319 2920 1380 τοῖς
2949 1316 3090 1369 κατὰ
3116 1313 3317 1384 κόσμον
3359 1313 3705 1382 ἐγνωρίζετο,

2134 1415 2226 1467 καὶ
2255 1409 2324 1485 ἦν
2362 1414 2420 1465 ὲν
2454 1409 2633 1475 δόξαις
2680 1411 2802 1471 ταῖς
2845 1407 2998 1460 οὑπω
3034 1405 3350 1476 λαμπραῖς;
3387 1402 3605 1472 Ἐπειδὴ
3647 1402 3701 1456 δί

2133 1507 2268 1578 πρὸς
2301 1504 2540 1558 ἐπίδοσιν
2580 1503 2638 1555 ὲν
2671 1500 2859 1570 ἡμῖνή
2893 1497 3022 1567 περὶ
3053 1495 3217 1549 αὑτοῦ
3255 1493 3540 1564 κεχώρηκε
3563 1493 3702 1560 γνῶ-

2133 1618 2236 1664 σις,
2279 1595 2570 1664 ἐπιστεύθη
2615 1591 2822 1653 λοιπὸν,
2871 1593 2953 1644 ὅτι
2999 1589 3132 1652 Θεὸς
3177 1586 3320 1641 κατὰ
3352 1586 3512 1655 φύσιν
3563 1585 3705 1648 ἐστὶ,

2137 1709 2156 1742 ι
2195 1690 2292 1744 καλ
2324 1685 2472 1757 αὑτῷ
2494 1687 2601 1738 πᾶν
2622 1684 2751 1753 γόνυ
2780 1681 3010 1752 κάμψει,
3049 1699 3068 1732 ι
3100 1677 3515 1750 προσκυνούσης
3543 1677 3706 1731 αὑτὸν

454 1766 667 1820 minum
694 1767 715 1797 δ
750 1770 1054 1838 apparebit,
1082 1779 1138 1825 et
1164 1786 1292 1826 vere
1321 1781 1703 1843 cognoscetur.
1723 1772 1792 1829 At
1822 1788 1955 1827 vero
1977 1775 2020 1827 si

2124 1783 2224 1851 τῆς
2267 1781 2358 1834 ὑπ’
2394 1775 2640 1848 οὐρανόν.
2686 1773 2896 1828 Οὐκοῦν
2937 1770 3234 1844 προϊούσης
3269 1771 3350 1833 είς
3387 1768 3707 1836 τελειότητα

455 1853 523 1908 de
576 1855 736 1910 nobis
785 1872 850 1911 ea
895 1858 1062 1913 verba
1100 1859 1496 1930 intelligantur,
1559 1881 1577 1912 ι
1604 1863 1750 1918 Dans
1794 1862 2027 1932 germini

452 1946 919 2018 pulchritudinem
969 1991 983 2015 ,
1019 1969 1038 2002 ι
1079 1966 1188 2005 non
1223 1952 1452 2007 obscura
1493 1952 1661 2008 fuerit
1688 1953 1847 2008 ratio.
1890 1952 2029 2009 Cum

452 2037 599 2092 enim
637 2054 853 2109 semper
891 2041 1243 2110 proficiamus
1282 2042 1339 2097 in
1375 2044 1599 2108 virtute,
1626 2052 1791 2114 atque
1814 2045 1882 2099 ad
1911 2062 2028 2100 me-

450 2127 590 2183 liora
630 2131 1028 2187 contendamus
1068 2133 1136 2187 ad
1182 2133 1443 2188 ulteriora
1492 2150 1594 2190 nos
1648 2132 2027 2204 extendentes,

445 2219 598 2288 juxta
637 2220 782 2275 beati
820 2222 976 2277 Pauli
1011 2238 1202 2281 vocem
1224 2226 1266 2288 ⁸,
1301 2232 1416 2279 tum
1447 2225 1696 2294 profecto
1718 2242 1932 2298 semper
1953 2229 2021 2283 ad

449 2310 914 2378 pulchritudinem
967 2315 1380 2389 progredimur,
1432 2315 1914 2384 pulchritudinem,
1941 2321 2024 2375 in-

448 2415 633 2470 quam,
651 2403 993 2472 spiritualem
1016 2422 1030 2471 ;
1054 2405 1128 2460 ita
1155 2413 1215 2460 ut
1236 2417 1291 2462 et
1313 2406 1473 2461 nobis
1488 2405 1596 2462 dici
1613 2410 1778 2478 possit
1804 2427 1816 2463 :
1845 2409 2019 2466 «Con-

447 2493 656 2563 cupivit
678 2510 774 2550 rex
801 2495 1058 2552 decorem
1092 2507 1246 2553 tuum
1273 2501 1313 2554 ⁸.
1346 2518 1364 2550 ι

2123 1875 2224 1944 τῆς
2255 1871 2385 1936 περὶ
2413 1867 2580 1923 αὑτοῦ
2621 1865 2876 1935 γνώσεως
2908 1865 2966 1918 ὲν
2995 1866 3150 1934 ἡμῖν,
3183 1861 3382 1932 ὡραῖος
3410 1859 3486 1913 ὢν
3515 1858 3705 1912 κάλλει

2126 1963 2278 2034 παρὰ
2296 1963 2420 2024 τοὺς
2437 1960 2584 2021 υἱοὺς
2607 1957 2715 2009 τῶν
2743 1953 3066 2026 ἀνθρώπων,
3098 1953 3219 2006 τότε
3247 1951 3336 2019 δὴ,
3372 1950 3492 2002 τότε
3526 1948 3702 2015 διαγι-

2126 2050 2415 2107 νώσκεται.
2462 2050 2526 2102 Εἰ
2557 2047 2613 2100 δὲ
2645 2047 2710 2117 δὴ
2756 2045 2850 2098 καὶ
2883 2045 2970 2112 ἐφ’
3011 2042 3172 2112 ἡμῶν
3217 2043 3389 2094 νοοῖτο
3429 2037 3589 2107 τυχὸν
3617 2037 3700 2103 τὸ,

2135 2165 2156 2200 ι
2198 2141 2499 2203 Ἐπιδιδοὺς
2517 2139 2596 2210 τῷ
2628 2137 2929 2207 γεννήματι
2951 2133 3145 2197 κάλλος
3166 2173 3182 2198 ,
3213 2151 3233 2186 ι
3257 2132 3356 2185 οὑκ
3376 2128 3704 2199 ἁσυμφανὴς

2127 2235 2158 2288 6
2183 2233 2360 2302 λόγος.
2387 2229 2798 2300 Προκόπτοντες
2824 2226 2932 2297 γὰρ
2955 2226 3043 2278 ἀεὶ
3064 2223 3206 2278 κατὰ
3227 2222 3450 2293 ἀρετὴν,
3475 2218 3701 2274 καὶτῶν

2125 2322 2428 2396 ἀμεινόνων
2469 2318 2878 2389 ἐφικνούμενοι,
2929 2317 3047 2386 ἦτοι
3093 2318 3204 2378 τοῖς
3243 2311 3551 2384 ἔμπροσθεν
3595 2311 3698 2362 ὲπ-

2126 2412 2508 2481 εκτεινόμενοι,
2533 2407 2676 2461 κατὰ
2695 2406 2794 2476 τὴν
2814 2404 2908 2458 τοῦ
2933 2403 3204 2475 μακαρίου
3229 2400 3442 2455 Παύλου
3475 2397 3661 2469 φωνὴν
3677 2435 3698 2458 ,

2124 2505 2204 2566 εἰς
2215 2501 2410 2562 κάλλος
2425 2500 2514 2553 ἀεὶ
2530 2499 2592 2550 τὸ
2613 2497 3072 2568 περιφανέστερον
3089 2492 3514 2564 ἀναθρώσκομεν
3527 2507 3542 2520 ·
3562 2489 3699 2544 κά).-

446 2585 535 2651 λος
566 2586 622 2642 δέ
655 2603 794 2658 φημι
821 2589 882 2642 τὸ
942 2590 1324 2660 πνευματικὸν,
1355 2591 1441 2645 ῖνα
1471 2593 1566 2647 καὶ
1592 2595 1724 2664 ἡμῖν
1753 2593 1976 2665 λέγηται
2029 2593 2236 2650 λοιπόν·
2281 2613 2300 2647 ι
2360 2590 2738 2662 Ἐπεθύμησεν
2773 2590 2802 2642 6
2840 2587 3103 2651 Βασιλεὺς
3133 2587 3230 2641 τοῦ
3261 2586 3492 2649 κάλλους
3525 2601 3639 2638 σου.
3670 2603 3692 2636 ι

1053 2701 1132 2756 De
1157 2702 1399 2774 Jascpho.

522 2805 541 2838 ι
567 2787 740 2842 Filius
762 2799 958 2845 auctus
976 2789 1177 2861 Ioseph
1205 2810 1218 2844 :
1240 2792 1384 2847 ﬁlius
1407 2803 1621 2860 auctus,
1639 2794 2023 2854 desiderabilis

444 2876 590 2931 illius
612 2879 984 2949 meusjunior,
1001 2881 1069 2935 ad
1093 2896 1180 2936 me
1214 2893 1515 2938 revertere.
1539 2883 1598 2937 ln
1628 2901 1792 2955 quem
1823 2902 2022 2942 consu—

441 2968 619 3024 lentes
655 2970 945 3027 oonviciati
973 2981 1121 3037 sunt,
1162 2972 1403 3028 insidiati
1439 2982 1566 3027 sunt
1604 2974 1655 3029 ei
1702 2975 1909 3030 domini
1936 2991 2022 3030 sa-

2611 2702 2750 2771 Περὶ
2800 2701 2908 2755 τοῦ
2968 2698 3202 2770 Ἰωσήφ.

2195 2819 2213 2852 ι
2255 2797 2385 2861 Υίδς
2410 2796 2718 2867 ηὐξημένος
2759 2794 2957 2864 Ἰωσήφ
2979 2808 2994 2825 ·
3021 2791 3134 2855 υίὸς
3160 2789 3487 2860 ηὐξημένος,
3521 2790 3699 2860 ζηλω-

2115 2892 2217 2961 τὴς
2249 2890 2362 2953 υἱός
2395 2907 2496 2960 μου
2525 2887 2809 2950 νεώτατος,
2843 2885 2981 2956 πρός
3014 2901 3080 2954 με
3115 2883 3469 2954 ἀνάστρεψον.
3504 2884 3598 2946 Et;
3631 2882 3700 2936 δν

2114 2979 2580 3048 διαδουλευόμενοι
2622 2975 2944 3046 ἐλοιδόρουν,
2976 2973 3070 3026 καλ⁸
3099 2973 3306 3042 ἑνεῖχον
3331 2971 3481 3040 αὑτῷ
3509 2969 3696 3040 κύριοι

441 3051 809 3131 gittationum,
841 3072 901 3117 et
925 3063 1148 3118 contriti
1185 3073 1314 3119 sunt
1344 3080 1469 3120 cum
1499 3064 1821 3120 fortitudine
1853 3082 2013 3121 arcus

2120 3067 2494 3139 τοξευμάτων,
2537 3066 2631 3120 καὶ
2664 3064 2952 3136 συνετρίϐη
3003 3063 3138 3134 μετὰ
3185 3063 3420 3134 κράτους
3451 3061 3518 3115 τὰ
3560 3061 3696 3126 τόξα

439 3168 652 3218 eorum,
671 3163 728 3209 et
747 3154 999 3210 dissoluti
1033 3161 1161 3210 sunt
1198 3157 1356 3210 nervi
1379 3155 1731 3210 brachiorum
1757 3171 2018 3211 manuum

439 3258 634 3298 eorum
660 3260 760 3313 per
797 3260 1018 3299 manum
1041 3245 1281 3314 potentis
1301 3245 1490 3300 Iacob.
1522 3245 1652 3299 inde
1691 3246 2017 3302 corrobora-

440 3343 528 3391 tor
553 3333 720 3388 lsrael
744 3350 774 3388 a
807 3335 920 3390 Deo
944 3334 1116 3405 patris
1147 3334 1253 3399 tui,
1275 3343 1331 3389 et
1363 3335 1573 3406 adjuvit
1593 3345 1646 3391 te
1665 3337 1810 3392 Deus
1838 3353 2014 3399 meus.

439 3431 496 3477 et
522 3423 803 3478 benedixit
844 3425 946 3480 tibi
980 3424 1419 3481 benedictionem
1478 3427 1604 3483 coeli
1643 3427 1901 3498 desuper,
1961 3439 2017 3486 et

440 3513 874 3572 benedictionem
913 3525 1076 3573 terra:
1115 3518 1369 3573 habentis
1420 3519 1624 3583 omnia,
1651 3529 1878 3591 pr0pter
1916 3521 2013 3577 lle-

439 3603 807 3660 nedictionem
849 3606 1079 3662 uberum
1119 3615 1176 3663 et
1197 3607 1393 3673 vulvae,
1429 3607 1871 3665 benedictionem
1913 3628 2011 3681 pa-

442 3691 542 3746 tris
575 3693 654 3748 tui
695 3701 752 3750 ot
793 3696 985 3751 matris
1029 3706 1156 3753 tuae.
1191 3695 1541 3752 Confortatus
1567 3713 1628 3753 es
1651 3713 1818 3768 super
1841 3699 2010 3755 bene-

437 3783 709 3840 dictiones
729 3787 997 3842 montium
1021 3790 1318 3854 stabilium,
1349 3796 1406 3844 et
1446 3790 1501 3843 in
1531 3790 2012 3847 benedictionibus

437 3873 662 3930 collium
698 3884 1048 3931 memorum.
1081 3877 1258 3933 Erunt
1304 3893 1469 3948 super
1500 3885 1663 3948 caput
1709 3879 1933 3949 Ioseph,
1954 3889 2011 3936 et

437 3978 602 4032 super
625 3964 887 4021 verticem
915 3967 1117 4036 quibus
1131 3967 1346 4038 praefuit
1375 3968 1663 4023 fratrum'.
1703 3987 1720 4020 ι
1745 3968 1870 4023 Ηεεο
1884 3985 2010 4039 pro-

436 4057 622 4126 phetia
651 4058 841 4115 itidem
878 4061 1054 4115 tendit
1076 4061 1145 4116 ad
1178 4062 1355 4132 ipsum
1393 4062 1806 4117 Emmanuelem
1841 4080 1852 4115 :
1883 4079 2005 4129 nec,

435 4149 582 4218 quod
620 4150 710 4204 hic
733 4150 1090 4220 signiﬁcatur,
1125 4161 1304 4221 potest
1362 4151 1510 4208 aliud
1553 4153 1850 4222 quidquam
1887 4169 2009 4210 esse

435 4255 597 4309 quam
624 4241 860 4310 idipsum
911 4242 1057 4311 quod
1092 4244 1436 4312 praecedente
1473 4245 1653 4312 capite
1681 4245 1816 4308 dixi,
1853 4261 2010 4301 nem-

435 4347 502 4400 pe
529 4347 544 4387 :
588 4349 606 4382 ι
641 4331 784 4387 Dans
799 4333 1027 4403 germini
1049 4333 1513 4403 pulchritudinem
1533 4335 1572 4387 ⁸.
1606 4353 1624 4386 ι
1657 4335 1791 4389 Nam
1820 4335 2006 4394 dicere

2119 3160 2300 3214 αὑτῶν
2318 3199 2332 3222 ,
2364 3159 2459 3212 καὶ
2486 3156 2708 3228 ἐξελύθη
2739 3157 2807 3210 τά
2835 3155 3001 3225 νεῦρα
3033 3154 3329 3226 βραχιόνων
3366 3153 3564 3224 χειρῶν
3591 3155 3694 3209 αὑ-

2117 3251 2225 3306 τῶν
2252 3251 2343 3304 διά
2371 3253 2525 3322 χεῖρα
2550 3248 2812 3303 δυνάστου
2861 3245 3075 3300 Ἰακώϐ.
3118 3243 3360 3298 Ἐκεῖθεν
3381 3246 3410 3297 6
3437 3244 3696 3315 κατισχύ-

2119 3357 2216 3405 σας
2253 3341 2468 3412 ’Ῑσραὴλ
2493 3338 2645 3410 παρὰ
2663 3337 2799 3392 Θεοῦ
2824 3336 2918 3391 τοὺ
2940 3335 3147 3408 πατρός
3175 3352 3290 3389 σουσ
3319 3336 3412 3390 καὶ
3429 3335 3695 3407 ἐϐοήθησά

2117 3448 2200 3486 σοι
2225 3434 2252 3485 ὀ
2280 3431 2410 3495 Θεὸς
2445 3433 2474 3484 6
2496 3429 2646 3501 ἐμὸς,
2680 3428 2774 3481 καὶ
2807 3426 3072 3496 εὑλογησέ
3101 3443 3158 3478 σε
3183 3425 3432 3494 εὐλογίαν
3458 3423 3694 3495 ούρανοῦ

2114 3523 2353 3585 ἄνωθεν,
2400 3522 2495 3576 καὶ
2539 3520 2788 3588 εὐλογίαν
2825 3520 2927 3588 γῆς
2973 3518 3203 3588 ἐχούσης
3253 3518 3451 3581 πάντα,
3503 3517 3694 3570 ἕνεκεν

2113 3612 2363 3681 εὐλογίας
2403 3611 2624 3681 μαστῶν
2654 3610 2747 3664 καὶ
2795 3610 3031 3680 μήτρας,
3071 3608 3322 3676 εὐλογίας
3360 3607 3564 3679 πατρός
3593 3623 3690 3660 σου

2111 3702 2205 3756 καὶ
2245 3701 2451 3773 μητρός
2489 3717 2603 3754 σου.
2655 3699 3058 3770 ’Υπερίσχυσας
3086 3697 3174 3750 ἐπ’
3208 3697 3481 3765 εὐλογίαις
3517 3696 3692 3763 ὀρέων

2115 3791 2376 3862 μονίμων,
2408 3789 2502 3844 καὶ
2527 3790 2614 3842 ἐπ’
2654 3788 2926 3856 εὐλογίαις
2958 3787 3120 3840 θινῶν
3160 3785 3427 3851 αἰωνίων,
3458 3787 3514 3839 αῖ
3544 3785 3695 3839 ἔσον-

2109 3898 2200 3935 ται
2227 3879 2318 3933 ἐπὶ
2340 3879 2584 3950 κεφαλὴν
2616 3876 2840 3950 Ἰωσὴφ,
2870 3879 2962 3932 καὶ
2994 3878 3088 3932 ἐπὶ
3128 3878 3372 3949 κορυφῆς
3392 3917 3408 3939 .
3435 3871 3510 3931 ὧν
3546 3879 3691 3946 ἡγή-

2112 3987 2263 4036 σατο,
2297 3969 2564 4040 ἀδελφῶν.
2603 3988 2623 4022 t
2681 3970 2798 4023 Ἐπ’
2845 3970 3171 4040 αὑτὸ-ν’ήμῖν
3215 3968 3377 4023 πάλιν
3416 3968 3506 4021 τὸν
3553 3967 3688 4036 Ἐμ-

2113 4057 2351 4130 μανουὴλ
2381 4062 2410 4112 6
2435 4061 2533 4128 τῆς
2567 4057 2901 4128 προφητείας
2936 4057 3147 4128 διέρπει
3185 4057 3363 4124 λόγος.
3404 4055 3504 4127 Εῖη
3531 4057 3574 4110 δ’
3599 4057 3690 4120 ἂν,

2108 4145 2262 4221 οἶμαι
2309 4167 2436 4214 που,
2467 4149 2526 4206 τὸ
2565 4149 2890 4221 δηλούμενον
2926 4148 2984 4212 ἐξ
3017 4149 3190 4218 αὑτῆς
3234 4149 3421 4219 ἕτερον
3468 4146 3619 4202 οὐδὲν
3649 4147 3686 4217 ἦ

2109 4242 2246 4312 ὅπερ
2290 4241 2426 4310 ἔφην
2463 4241 2688 4309 ἀρτίως,
2735 4240 2814 4304 τὸ,
2846 4257 2865 4290 ι
2929 4239 3226 4301 Ἐπιδιδοὺς
3264 4237 3344 4308 τῷ
3386 4237 3688 4307 γεννήματι

2109 4332 2328 4395 κάλλος,
2369 4352 2387 4384 ι
2425 4332 2498 4384 Τὸ
2523 4332 2631 4402 γὰρ
2664 4330 2932 4402 ηὐξῆσθαι
2965 4329 3144 4398 λέγειν
3173 4328 3356 4394 αὑτὸν,
3391 4329 3490 4399 τὴν
3524 4329 3603 4390 είς
3626 4326 3692 4380 τὸ

433 4439 558 4478 eum
581 4439 700 4480 esse
728 4432 972 4491 auctum,
1004 4425 1270 4496 signiﬁcat
1310 4426 1534 4481 omnino
1571 4426 1715 4481 illam
1745 4442 1867 4496 quae
1922 4437 2008 4484 est

2120 4423 2206 4476 άπ’
2233 4423 2408 4493 ἀρχῆς
2429 4423 2688 4486 ἐπίδοσιν,
2714 4424 2808 4476 καὶ
2832 4421 3130 4492 ἐπιδρομὴν
3150 4421 3252 4490 τῆς
3279 4421 3505 4491 ἐνούσης
3535 4417 3690 4487 αὑτῷ

433 4515 500 4568 ad
527 4515 581 4570 id
623 4515 766 4586 quod
793 4516 862 4571 ab
888 4516 1046 4572 initio
1083 4526 1235 4580 erat,
1269 4517 1710 4588 progressionem
1741 4519 2010 4574 naturali-

436 4614 518 4660 ter
549 4604 864 4660 exsistentis
883 4605 940 4659 in
971 4605 1089 4675 ipso
1118 4606 1321 4675 glorim.
1358 4605 1496 4660 Cum
1523 4605 1670 4660 enim
1700 4607 2040 4679 unigenitus.

434 4695 531 4752 Dei
553 4695 744 4759 Filius,
765 4695 910 4750 Deus
941 4711 1007 4751 ex
1023 4697 1135 4750 Deo
1149 4697 1438 4761 exsistens,
1460 4697 1762 4753 exinanivit
1806 4709 2012 4754 semet-

433 4785 939 4855 ipsum,secundum
957 4785 1172 4857 Scriptu
1182 4803 1269 4841 ras
1283 4789 1326 4853 9,
1345 4788 1508 4858 238
1528 4789 1718 4844 volens
1747 4807 1804 4844 se
1831 4791 2010 4846 demi-

433 4878 580 4935 sitin
614 4878 668 4932 id
721 4879 866 4948 quod
890 4895 1000 4934 non
1029 4889 1170 4943 erat,
1198 4887 1360 4950 atque
1389 4881 1530 4935 hanc
1554 4881 1872 4935 vilissimam
1890 4897 2008 4934 car-

431 4986 557 5026 nem
579 4969 777 5035 induit,
811 4980 867 5026 et
901 4971 958 5027 in
981 4973 1123 5027 servi
1155 4972 1328 5028 forma
1353 4973 1624 5044 apparuit,
1665 4973 1842 5028 factus
1871 4972 2006 5027 obe-

430 5061 590 5118 diens
621 5063 734 5120 Deo
759 5079 822 5118 ac
846 5063 994 5120 Patri
1018 5079 1188 5134 usque
1217 5065 1285 5119 ad
1334 5074 1567 5119 mortem
1589 5065 1659 5130 ¹⁰;
1693 5063 1817 5118 ideo
1860 5078 2008 5121 nunc.

431 5155 634 5211 dicitur
653 5155 943 5220 exaltatus,
972 5165 1028 5213 et
1049 5170 1252 5210 nomen
1273 5155 1436 5226 (quod
1453 5157 1564 5225 jam
1601 5153 2004 5224 quodammodo

431 5262 543 5302 non
567 5246 804 5303 habebat
832 5248 903 5303 ob
931 5247 1348 5318 humanitatem)
1365 5247 1536 5302 veluti
1560 5246 1748 5317 gratia;
1771 5262 1836 5300 ac
1857 5261 2003 5300 mer-

428 5336 579 5394 cedis
599 5338 722 5394 loeo
751 5339 1048 5409 accepisse,
1067 5348 1123 5394 et
1147 5339 1369 5408 quidem
1398 5358 1416 5389 ι
1439 5354 1640 5393 nomen
1659 5353 1826 5408 super
1843 5352 2004 5393 omne

425 5446 649 5496 nomen,
688 5450 706 5483 ι
744 5432 897 5503 juxta
930 5431 989 5487 Β.
1011 5432 1162 5488 Pauli
1190 5448 1380 5488 vocem
1401 5432 1463 5486 ¹¹.
1491 5430 1760 5489 Caeterum
1790 5446 2001 5495 revera,

2110 4513 2359 4575 εὐκλείας
2392 4514 2668 4582 φυσικῶς,
2705 4513 3056 4584 διασημαίνει
3091 4513 3330 4577 πάντως,
3362 4513 3503 4566 κατά
3533 4528 3596 4579 γε
3625 4510 3689 4562 τὸ

2108 4603 2282 4675 ὀρθῶς
2315 4603 2457 4672 ἔχειν
2480 4603 2902 4674 ὑπειλημμένον.
2949 4603 3164 4674 Ἐπειδὴ
3191 4604 3297 4674 γὰρ
3328 4605 3357 4656 6
3389 4602 3687 4672 μονογενὴς

2106 4693 2200 4747 τοῦ
2227 4692 2361 4747 Θεοῦ
2391 4693 2582 4760 Λόγος,
2609 4694 2740 4760 Θεὸς
2789 4695 3050 4765 ὑπάρχων
3088 4696 3180 4747 καὶ
3214 4695 3277 4746 ὲκ
3315 4692 3474 4758 Θεοῦ,
3522 4692 3683 4744 κεκέ-

2107 4801 2278 4840 νωκεν
2303 4783 2514 4848 ἑαυτὸν,
2534 4786 2674 4839 κατὰ
2692 4786 2790 4848 τὰς
2813 4785 3053 4855 Γραφὰς,
3080 4784 3267 4848 καθεὶς
3294 4781 3574 4852 ἐθελοντὴς
3605 4783 3687 4846 είς

2109 4880 2247 4950 ὅπερ
2281 4878 2380 4931 οὑκ
2416 4872 2504 4949 ἦν,
2531 4878 2626 4932 καὶ
2663 4879 2761 4948 τὴν
2789 4879 3114 4949 άδοξοτάτην
3140 4877 3345 4948 ταύτην
3376 4875 3555 4947 σάρκα
3579 4877 3690 4946 ὴμ-

2111 4969 2362 5041 πέσχετο,
2391 4971 2484 5023 καὶ
2511 4972 2569 5023 ὲν
2598 4973 2663 5039 τῇ
2693 4969 2786 5023 τοῦ
2815 4969 3000 5022 δούλου
3035 4970 3216 5039 μορφῇ
3259 4967 3490 5036 πέφηνε,
3526 4981 3689 5033 γεγο-

2111 5060 2217 5125 νὼς
2248 5062 2487 5132 ὑπήκοος
2508 5061 2584 5131 τῷ
2612 5061 2731 5132 Θεῷ
2760 5062 2852 5115 καὶ
2884 5061 3059 5132 Πατρὶ
3087 5060 3248 5132 μέχρι
3272 5058 3521 5112 θανάτουο
3553 5057 3686 5112 ταύυ

2103 5169 2254 5224 τῃτοι
2285 5151 2466 5206 λοιπὸν
2498 5153 2904 5222 ὑπερυψοῦσθαι
2930 5151 3169 5221 λέγεται,
3204 5150 3297 5204 καὶ
3321 5151 3398 5212 ὡς
3422 5151 3522 5202 οὑκ
3546 5147 3690 5217 ἔχων

2103 5244 2191 5301 διὰ
2223 5243 2284 5296 τὸ
2310 5243 2646 5315 ἀνθρώπινον
2691 5245 2987 5314 μονονουχὶ,
3019 5244 3115 5298 καὶ
3146 5244 3204 5296 ὲν
3247 5243 3468 5312 χάριτος
3501 5238 3684 5311 μοίρᾳ,

2103 5337 2284 5390 λαϐεῖν
2321 5356 2338 5388 ι
2361 5336 2421 5389 τὸ
2453 5335 2696 5406 ὄνοματὸ
2725 5337 2864 5408 ὑπὲρ
2880 5338 2986 5390 πᾶν
3010 5337 3200 5406 ὄνομα,
3226 5353 3244 5386 ι
3284 5333 3426 5387 κατὰ,
3453 5331 3553 5402 τὴν
3591 5329 3688 5384 τοῦ

2106 5426 2376 5500 μακαρίου
2407 5427 2619 5483 Παύλου
2649 5429 2851 5498 φωνήν.
2894 5427 3032 5481 Ἀλλ’
3061 5423 3128 5498 ἢν
3152 5426 3213 5479 τὸ
3233 5427 3425 5496 χρῆμα
3456 5420 3598 5476 κατὰ
3626 5420 3689 5474 τὸ

489 5633 718 5703 ξΜιιιιΙτ.
747 5652 859 5697 vnn,
884 5637 980 5694 27:
1019 5637 1180 5691 Marc.
1211 5636 1389 5703 ινμθ.
1472 5635 1740 5703 'Philipp.
1775 5633 1936 5702 ",10.
2014 5632 2034 5664 ⁸
2072 5634 2213 5690 Psal.
2242 5651 2382 5697 κων,
2415 5635 2467 5687 3.
2547 5631 2817 5703 iPhilipp.
2854 5649 2931 5697 ιιι,
2968 5629 3146 5696 15,”.
3229 5629 3248 5659 ⁸
3272 5627 3559 5689 Psal.xt.vt,
3588 5619 3679 5680 12.

429 5709 448 5738 ’
479 5701 613 5758 Gen.
643 5719 782 5768 xm,
818 5696 1006 5760 272-26.
1081 5708 1100 5736 ⁸
1130 5696 1411 5771 ιὺίάζξῖι.
1475 5709 1494 5739 ⁹
1529 5696 1764 5774 Philipp.
1799 5696 1855 5770 ll,
1891 5703 1940 5757 7.

2120 5704 2250 5769 bid.,
2277 5705 2328 5758 8.

2410 5704 2446 5734 ¹¹
2478 5702 2641 5767 lbid.,
2673 5703 2724 5755 9.
