2011 3099
188 142 242 169 377

668 141 928 170 GLAPHYBORUM
947 140 981 168 IN
1002 139 1152 168 GENESIH
1171 140 1235 167 LIB.
1256 140 1303 168 ΥΠ

1763 141 1820 170 378

184 200 295 236 ἀληθὲς,
310 199 341 226 οὗ
354 199 428 230 δόσις
446 198 483 230 ὡς
497 199 526 225 ἐν
546 199 616 234 ἀρχῇ
635 198 689 226 τῶν
701 200 752 226 οὐκ
776 199 890 225 ὲνόντων
904 197 978 233 αὐτῷ

1031 198 1097 225 nihil
1116 199 1166 233 ipsi
1182 199 1276 225 datum
1297 203 1339 225 est
1359 205 1416 232 quo
1441 203 1521 226 antea
1540 199 1702 227 naturaliter
1715 202 1816 235 praedi-

185 246 318 281 φυσικῶς·
342 245 440 272 πολλοῦ
457 253 487 279 γε
511 245 558 271 καὶ
584 245 634 272 δεῖ.
656 245 752 272 Νοοῖτο
774 246 797 272 δ’
817 245 850 272 ἂν
874 244 974 279 μᾶλλον

184 291 362 326 ὰναφοίτησις
374 291 422 318 καὶ
435 290 574 326 ἀναδρομὴ
590 290 657 325 πρὸς
677 290 708 317 τδ
731 291 760 317 ἐν
776 291 859 326 ἀρχῇ,
873 291 919 317 καὶ
930 290 974 316 οὐ-

185 338 290 369 σιωδῶς
306 338 354 365 καὶ
374 337 567 372 ἀναποϐλήτως
587 337 710 371 ὑπάρχον
727 337 812 372 αὐτῷ.
830 337 973 372 Τοιγάρτοι

186 383 234 410 καὶ
248 383 362 417 Eamne,
372 382 421 417 τῆς
433 380 643 416 ἀνθρωπότητος
656 381 687 407 τὸ
699 376 974 417 σμικροπριπὲςύπο-

184 430 233 460 δὺς
255 427 444 463 οἰκονομικῶς·
473 436 483 453 ι
511 427 617 461 Πάτερ,
631 425 741 458 δόξασόν
769 435 802 462 με
820 429 853 462 τῇ
878 424 973 463 δόξῃῇ

185 472 259 508 εἶχον
273 473 327 508 πρὸ
341 471 388 499 τοῦ
400 472 445 498 τὸν
460 473 562 507 κόσμον
575 469 644 498 εἷναι
660 472 736 507 παρά
748 471 799 499 σοί.
820 481 830 497 ›
853 472 908 498 Ἀεὶ
918 466 974 507 γὰρ

185 517 222 554 ἦν
232 520 262 546 ὲν
275 518 338 553 δόξῃ
349 518 497 553 θεοπρεπεῐ
510 517 548 553 τῷ
561 518 620 553 ίδίῳ
633 517 814 553 συνυπάρχων
827 518 973 553 Γεννήτορι

187 564 242 600 πρὸ
271 563 372 595 παντὸς
387 563 484 595 αίῶνος
500 563 547 590 καὶ⁵
561 564 657 598 χρόνον
673 563 719 589 καὶ
742 563 793 597 τῆς
807 563 854 589 τοῦ
871 564 972 598 κόσμου

185 610 349 645 καταϐολῆς.
366 609 457 645 Alii-qv
474 609 505 645 δὴ
522 607 569 636 οὖν
584 610 693 645 νοητέον
713 610 760 636 ἐπὶ
773 609 909 645 Χριστοῦ,
925 610 974 645 τὴν

185 658 237 691 τῆς
254 655 379 687 εὐκλείας
396 655 534 687 ἐπίδοσιν,
559 655 592 690 ἣν
607 655 651 681 ἀεί
671 663 730 685 πως
754 655 904 690 εὐρυτέραν
927 655 974 682 καὶ

185 701 391 736 ἄμφανςστέραν
407 700 464 735 ἔχει
478 699 562 731 Θεός“
577 700 617 726 ὅτι
636 699 706 726 κατὰ
725 698 806 732 φύσιν
826 699 884 725 ἐστὶ
900 698 974 734 παρὰ

186 745 241 772 τῶν
254 745 283 772 ἐν
299 745 392 780 κόσμῳ
407 744 566 780 νοούμενος,
582 745 629 771 καὶ
645 743 683 775 ὼς
698 743 752 770 τῶν
767 743 836 770 ὅλων
860 743 972 778 Κύριος,

187 790 459 825 συνδοξολογούμενός
466 799 497 817 τε
507 791 553 817 καὶ
564 789 857 825 συμπροτιιυνούμενος
868 790 906 824 τῷ
915 790 976 825 Θεῷ

186 837 235 864 καὶ
249 836 346 871 Πατρί.
357 836 429 872 Πλὴν
442 837 660 872 αὑτὸςὺπάρχων
674 837 728 863 τῶν
744 835 849 863 αἰώνων
864 837 878 862 ὁ
894 844 974 871 ποιηο

1029 248 1073 270 tus
1091 251 1145 270 non
1157 243 1240 276 fuerit
1254 252 1260 269 :
1275 244 1354 278 longe
1369 243 1443 270 enim
1456 244 1543 276 abest,
1570 249 1599 271 ut
1610 245 1702 279 potius
1716 246 1818 273 intelli-

1028 289 1134 323 gendus
1147 290 1184 316 sit
1207 289 1311 316 reditus
1327 289 1438 324 quidam
1454 294 1536 324 atque
1547 298 1676 317 recursus
1692 291 1725 317 ad
1742 299 1817 318 suam

1028 334 1062 360 ab
1074 334 1151 361 initio
1162 334 1320 366 essentiam,
1339 339 1365 361 et
1382 334 1454 369 quod
1466 340 1597 369 perpetuo
1609 340 1678 363 erat.
1697 336 1774 364 Unde
1791 342 1836 364 ειη

1029 380 1086 414 ipse
1097 387 1159 407 cum
1174 380 1300 407 humana:
1313 385 1418 408 natura;
1434 381 1615 408 humilitatem
1624 382 1720 408 divino
1729 383 1820 409 consi-

1028 426 1065 453 lio
1091 426 1230 458 subiisset,
1260 427 1347 454 dixit:
1380 436 1389 452 ‹
1405 427 1499 459 Pater,
1523 427 1643 462 gloriﬁca
1667 435 1710 454 me
1735 428 1819 462 gloria

1029 479 1109 506 quam
1124 471 1206 498 habui
1226 477 1370 507 antequam
1384 473 1430 500 hic
1442 473 1560 499 mundus
1571 477 1654 504 esset,
1670 473 1744 507 apud
1754 477 1790 500 te.
1806 482 1814 498 I

1029 517 1142 551 Semper
1166 517 1239 544 enim
1256 523 1313 545 erat
1342 518 1369 544 in
1385 518 1469 553 gloria
1489 518 1590 549 divina,
1618 523 1649 545 ut
1670 519 1717 553 qui
1726 518 1821 550 .simul

1028 562 1112 588 fuerit
1128 570 1190 589 cum
1204 571 1254 590 suo
1263 563 1392 590 Genitore
1404 567 1467 589 ante
1487 563 1578 590 omnia
1594 563 1703 595 saecula,
1718 568 1745 590 et
1755 567 1818 590 ante

1028 608 1123 634 mundi
1145 609 1322 636 creationem.
1344 609 1527 644 Augmentum
1543 609 1634 643 itaque
1658 609 1686 635 in
1710 609 1819 636 Christo

1029 654 1213 689 intelligamus
1224 663 1397 690 progressum
1412 655 1498 690 ipsius
1510 655 1612 690 gloriae.
1630 663 1710 690 quam
1724 655 1758 682 de
1774 655 1821 683 die

1029 700 1056 726 in
1067 700 1139 726 diem
1155 700 1246 727 reddit
1261 700 1422 734 ampliorem
1437 705 1519 734 atque
1537 700 1715 727 illustriorem
1735 700 1818 731 Deus.

1029 745 1091 778 quia
1109 744 1258 771 secundum
1280 749 1404 771 naturam
1431 749 1473 771 est
1489 745 1524 771 ab
1547 744 1582 771 iis
1603 744 1649 778 qui
1672 745 1700 770 in
1717 744 1822 771 mundo

1029 795 1093 817 sunt
1115 790 1250 825 cognitus,
1265 794 1292 817 et
1307 795 1436 824 tanquam
1455 790 1538 817 totius
1552 790 1672 817 universi
1688 790 1823 816 Dominus

1029 835 1110 862 simul
1137 843 1199 862 cum
1220 835 1276 861 Deo
1295 843 1327 862 ac
1347 835 1426 862 Patre
1446 834 1616 869 gloriﬁcatus
1634 839 1661 861 et
1678 834 1818 861 adoratus.

187 882 255 917 τὴς,
283 882 362 909 νοοῖ-ε’
380 882 413 909 ἂν
432 882 544 913 εἰκότως
565 882 684 916 γεγονὼς
701 883 749 909 καὶ
767 881 910 913 νεώτατος.
927 881 976 907 Πέ-

1031 881 1163 909 Caeterum
1188 882 1245 916 ipse
1259 889 1321 909 eum
1341 882 1377 908 sit
1398 881 1485 908 factor
1504 882 1678 912 seculorum,
1704 881 1821 916 intelligi

187 936 257 962 φηνε
267 927 323 963 γὰρ
334 928 363 953 ὲν
379 928 543 960 τελευταίοις
556 928 601 955 τοῦ
618 928 715 961 αίῶνος
729 930 835 964 καιροῖς
852 928 921 963 μετά
931 928 977 954 τὸν

187 974 243 1000 τῶν
257 974 342 1008 ἁγίων
357 975 504 1010 προφητῶν
520 974 620 1001 εὐκλεᾶ
633 983 663 1002 τε
684 975 733 1002 καὶ
755 975 919 1009 ἀξιάγαστον
933 983 977 1009 χο-

188 1020 247 1054 ρὸν.
260 1020 308 1047 καὶ
322 1019 490 1052 ἁπαξαπλῶς
506 1020 576 1055 μετά
588 1022 692 1051 πάντας
705 1022 767 1053 τοὺς
783 1021 835 1057 πρὸ
850 1022 899 1056 τῆς
917 1022 977 1047 ἑπι-

186 1065 288 1099 δημὶας
307 1065 344 1096 ὡς
364 1065 393 1091 ὲν
413 1064 479 1091 υίῶν
494 1065 569 1098 τάξει
584 1065 792 1100 λελογισμένως
811 1066 845 1093 δι’
864 1066 975 1101 ἀρετήν.

186 1110 314 1145 Ζηλωτὺς
333 1110 361 1137 δὲ
379 1111 420 1137 δτι
444 1110 555 1145 γέγονεν
568 1112 582 1138 ό
610 1112 800 1147 Ἑμμανουὴλ,
820 1112 879 1144 πῶς
903 1112 977 1139 ἐστιν

186 1155 369 1190 ἁμφιὸαλεῖν;
391 1155 472 1182 Ἀλλὰ
485 1155 604 1191 ζηλωτὸς
625 1156 673 1191 μὲν
688 1157 786 1191 ἁγίοις,
801 1157 825 1183 οἳ
836 1158 892 1189 τοῖς
908 1157 977 1192 ἴχνε-

187 1209 232 1228 σιν
250 1200 332 1227 αὑτοῦ
350 1201 560 1229 κατακολουθεῖν
575 1203 782 1235 σπουδάζοντες,
800 1204 847 1230 καὶ
861 1204 929 1238 πρὸς
946 1203 976 1230 τὸ

186 1247 263 1273 Θεῖον
276 1246 357 1274 αὑτοῦ
371 1247 552 1282 μορφούμενοι
565 1248 670 1280 κάλλος,
685 1249 764 1276 αὐτόν
778 1258 807 1276 τε
820 1249 976 1285 ποιούμενοι

185 1293 242 1319 τῶν
271 1293 413 1328 πρακτέων
436 1293 636 1328 ὑπογραμμὸν,
653 1294 701 1330 τὴν
724 1295 838 1322 ἀπασῶν
862 1295 976 1330 ἀρίστην

186 1336 372 1371 ἀποψέρονται
391 1336 479 1370 δόξαν.
500 1338 623 1373 Ζηλωτὸς
645 1347 677 1373 γε
697 1340 751 1375 μὴν
769 1340 816 1367 καὶ
836 1340 896 1367 καθ’
918 1340 976 1367 ἓτε-

187 1391 238 1418 ρον
256 1383 290 1410 av
305 1385 391 1410 νοοῖτο
413 1384 513 1419 τρόπον
534 1386 589 1416 τοῖς
610 1385 660 1413 οὐκ
679 1386 789 1421 ἀγαπᾷν
809 1386 975 1422 ᾑρημένοις,

187 1430 263 1464 φημὶ
278 1429 306 1456 δὲ
325 1431 381 1462 τοῖς
399 1430 532 1457 Ἰουδαίων
548 1430 727 1467 καθηγηταῖς,
742 1431 802 1467 ἦτοι
813 1433 870 1463 τοῖς
881 1432 974 1468 Γραμ-

188 1476 307 1511 ματεῦσι
322 1476 369 1503 καλ¹
390 1476 559 1511 Φαρισαίοις,
573 1476 597 1504 οἳ
612 1478 707 1513 πικρὸν
719 1477 860 1509 ὠδίνοντες
873 1478 902 1504 ὲν
913 1478 975 1504 ἑαυ-

186 1523 246 1553 τοῖς
258 1522 348 1556 ζῆλον,
360 1522 406 1548 καὶ
420 1521 568 1556 βασκανίας
581 1523 708 1550 ὑπόθεσιν
720 1524 769 1559 τὴν
785 1524 975 1560 ἀπαράὸλητον

187 1568 275 1596 αὑτοῦ
289 1567 445 1604 ποιούμενοι
456 1568 545 1602 δόξαν,
557 1568 628 1596 κατὰ
639 1568 752 1600 πολλοὺς
763 1569 907 1604 ἡλίσκοντο
915 1568 977 1604 τρό-

184 1623 270 1646 πους.
286 1614 412 1649 Διανίστη
432 1614 479 1649 μὲν
494 1615 549 1650 γὰρ
563 1615 625 1647 τοὺς
638 1615 772 1650 νεκροὺςό
787 1614 904 1650 Χριστὸς
915 1614 979 1642 ὀδω-

187 1660 269 1691 δότας
285 1659 335 1695 ἤδη
350 1660 396 1686 καὶ
410 1660 634 1696 διεφθαρμένους,
650 1660 695 1687 καὶ
709 1660 791 1688 αὑτοῦ
804 1660 849 1687 τοῦ
863 1660 979 1687 θανάτου

189 1706 325 1740 κρείττων
334 1705 467 1740 ἐφαίνετο.
477 1707 508 1733 Ol.
518 1706 778 1741 δὲ,κατατεθηπὲναι
789 1707 847 1733 δέον
854 1707 902 1734 καὶ
912 1707 980 1742 πρὸς

189 1752 224 1777 τὸ
236 1751 334 1786 χρῆναι
346 1751 483 1778 πιστεύειν
497 1751 595 1784 ἵεσθαι,
606 1751 700 1779 λοιπὸν
707 1752 782 1779 οὐδὲν
796 1753 982 1785 ἐνδοιάζοντας

191 1797 246 1828 ἔτι.
259 1796 339 1823 τοῦτο
351 1797 401 1832 μὲν
411 1797 462 1824 οὐκ
474 1797 569 1833 ἔδρων,
582 1797 724 1825 ὲδάκνοντο
736 1797 764 1824 δὲ
774 1798 813 1833 τῷ
823 1798 923 1834 φθόνῳ,
934 1799 981 1826 καὶ

190 1843 296 1878 πικρὰς
310 1843 433 1878 ἐδέχοντο
447 1843 534 1875 λύπας
549 1844 589 1875 είς
601 1842 673 1871 νοῦν.
687 1843 738 1870 Τὸν
753 1844 785 1871 ὲκ
799 1844 909 1880 γενετῆς
925 1845 982 1871 ίᾶτο

189 1889 304 1923 τυφλὸν,
319 1889 367 1916 καὶ
381 1888 542 1924 ἁμαρτωλὸν
562 1889 726 1917 ἀπεκάλουν.
748 1890 897 1924 Δαιμονίων
914 1891 983 1917 ἀκαι-

191 1934 302 1969 θάρτων
329 1934 474 1968 ἠλαύνοντο
498 1935 597 1970 στίφη,
619 1935 666 1962 καὶ
694 1935 811 1971 χορηγὸν
835 1935 909 1970 αὐτῷ
933 1935 982 1971 τῆς

190 1979 336 2014 δυνάμεως
345 1978 393 2005 τὸν
403 1978 565 2010 Βεελζεῦοὺλ
581 1979 777 2014 κατεψεύδοντο
787 1988 793 1995 ·
812 1979 895 2011 λίθοις
903 1980 982 2007 ἐσαλ-

190 2025 251 2058 λον,
275 2024 444 2053 ἀνοσιώτατα
470 2025 604 2059 λέγοντες·
634 2035 644 2052 ι
663 2026 729 2061 Περὶ
745 2026 828 2053 κα.λοῦ
845 2026 925 2062 ἔργου
953 2027 983 2053 οὑ

191 2071 341 2106 λιθάζομέν
352 2079 398 2098 σε·
419 2071 487 2098 ἀλλά
499 2073 562 2107 περί
578 2072 761 2108 βλασφημίας,
776 2073 817 2099 ὅτι
833 2073 866 2099 σὺ
880 2072 985 2109 ἄνθρω-

191 2125 245 2148 πος
259 2116 306 2148 ὢν,
318 2118 405 2148 ποιεῖς
420 2117 531 2144 σεαυτὸν
548 2117 624 2144 Θεόν.
642 2128 651 2144 ι
669 2118 827 2154 Διεπρίοντο
850 2117 984 2152 λέγοντες·

196 2173 206 2189 ι
225 2159 309 2193 Οῦτὸς
320 2163 394 2189 ἐστιν
410 2163 425 2189 ὸ
442 2162 619 2198 κληρονόμος
630 2162 705 2189 δεῦτε
719 2163 923 2198 ἀποκτείνωμεν
935 2165 985 2190 αὺ-

1028 931 1116 962 potest
1130 927 1327 954 convenienter
1335 927 1423 953 factus
1435 926 1517 954 etiam
1533 927 1664 954 minimus
1675 931 1752 953 natu.
1764 927 1821 961 Ap—

1030 974 1122 1008 paruit
1135 974 1208 1000 enim
1225 974 1251 1000 in
1268 973 1425 1000 novissimis
1439 973 1530 1000 szeculi
1554 973 1733 1007 temporibus,
1760 977 1825 1007 post

1028 1020 1176 1054 gloriosum
1190 1019 1266 1045 illum
1278 1023 1360 1053 atque
1372 1019 1562 1045 admirandum
1581 1022 1738 1046 sanctorum
1755 1026 1821 1053 pro—

1028 1066 1172 1099 phetarum
1194 1066 1319 1097 chorum,
1336 1069 1418 1099 atque
1437 1065 1506 1091 adeo
1517 1069 1578 1099 post
1589 1072 1685 1091 omnes
1695 1064 1742 1098 qui
1758 1071 1825 1091 ante

1029 1113 1115 1147 ipsius
1137 1113 1284 1140 adventum
1314 1113 1341 1139 in
1362 1121 1478 1140 numero
1505 1113 1624 1140 ﬁliorum
1652 1117 1716 1139 sunt
1746 1113 1820 1140 censi

1029 1164 1140 1194 propter
1150 1160 1292 1186 virtutem.
1308 1159 1386 1192 Quod
1406 1167 1474 1186 vero
1490 1159 1660 1186 mmulandus
1680 1159 1762 1185 etiam
1786 1159 1822 1186 sit

1028 1205 1198 1236 Emmanuel,
1216 1213 1270 1239 quo
1282 1209 1362 1239 pacto
1374 1205 1436 1239 quis
1459 1205 1599 1239 ambigat?
1617 1204 1670 1231 Sed
1690 1205 1823 1231 aemulan-

1028 1253 1079 1279 dus
1097 1253 1209 1287 quidem
1228 1253 1331 1279 sanctis
1342 1252 1390 1287 qui
1403 1252 1490 1287 ipsius
1501 1252 1624 1287 vestigiis
1639 1251 1766 1279 insistere
1778 1251 1822 1278 ni-

1029 1302 1140 1330 tuntur;
1166 1301 1193 1325 et
1219 1305 1281 1324 cum
1302 1297 1336 1324 ad
1364 1297 1485 1324 divinam
1512 1298 1572 1332 ejus
1588 1297 1822 1331 pulchritudinem

1028 1344 1193 1376 formentur,
1222 1344 1367 1378 ipsumque
1394 1347 1515 1370 statuant
1542 1343 1682 1369 actionum
1711 1349 1824 1369 suarum

1027 1390 1175 1424 exemplar,
1193 1389 1305 1424 gloriam
1328 1389 1450 1415 omnium
1463 1388 1658 1423 amplissimam
1672 1391 1821 1422 reportant.

1029 1436 1120 1462 Potest
1134 1439 1225 1462 autem
1240 1434 1324 1461 etiam
1343 1433 1396 1460 alio
1416 1441 1498 1459 sensu
1518 1432 1690 1459 :emulandus
1706 1431 1823 1465 intelligi

1028 1481 1062 1508 ab
1076 1481 1145 1511 istis,
1159 1480 1204 1514 qui
1226 1479 1312 1514 ipsius
1325 1479 1498 1506 dilectionem
1514 1481 1665 1511 respuunt;
1679 1476 1740 1503 dico
1751 1484 1766 1502 a
1778 1476 1827 1503 Ju-

1029 1527 1151 1553 daeorum
1168 1513 1360 1561 principibus,
1384 1529 1411 1552 et
1437 1524 1541 1551 Scribis
1558 1530 1588 1550 ac
1608 1513 1763 1554 Pharisaais,
1778 1522 1824 1557 qui

1032 1572 1232 1599 amarulentum
1245 1572 1273 1598 in
1288 1580 1317 1599 se
1329 1571 1514 1606 parturientes
1526 1570 1625 1601 zelum,
1638 1574 1665 1596 et
1677 1577 1709 1596 es
1720 1569 1824 1596 incom—

1032 1619 1146 1654 parabili
1166 1618 1252 1653 ipsius
1266 1618 1353 1653 gloria
1366 1617 1474 1644 invidiae
1488 1616 1660 1643 occasionem
1673 1619 1824 1650 captantes,

1032 1664 1127 1691 multis
1154 1663 1324 1698 argumentis
1344 1662 1632 1697 deprehendebantur.
1659 1661 1724 1687 Nam
1744 1660 1825 1687 Chri—

1032 1708 1208 1742 stusquidem
1219 1707 1363 1734 suscitavit
1371 1710 1496 1733 mortuos
1507 1706 1612 1732 olentes
1624 1713 1656 1732 ac
1668 1708 1824 1739 corruptos,

1032 1759 1116 1786 seque
1130 1757 1216 1778 morte
1238 1751 1295 1785 ipsa
1325 1750 1496 1785 superiorem
1521 1750 1680 1777 declaravit.
1709 1749 1741 1776 Hi
1761 1755 1827 1776 vero

1033 1806 1095 1826 cum
1110 1796 1271 1825 debuissent
1285 1798 1343 1824 haec
1358 1796 1501 1828 admirari,
1515 1800 1543 1823 et
1560 1796 1640 1823 iidem
1662 1796 1702 1823 eis
1722 1795 1826 1830 absque

1034 1844 1088 1871 ulla
1097 1843 1267 1870 haesitatione
1276 1842 1491 1873 accommodare,
1504 1842 1556 1868 hoc
1565 1841 1675 1875 quidem
1693 1849 1747 1867 non
1759 1848 1827 1875 prae-

1034 1891 1164 1917 stiterunt
1191 1898 1197 1916 :
1221 1889 1287 1923 quin
1316 1889 1409 1923 potius
1428 1892 1589 1915 exarserunt
1611 1887 1692 1921 239
1712 1887 1825 1918 invidia,

1034 1936 1281 1969 acerbiSsimosque
1294 1934 1404 1961 dolores
1422 1938 1515 1960 mente
1528 1936 1724 1966 conceperunt.
1740 1932 1827 1961 Sana-

1035 1982 1082 2009 bat
1095 1989 1195 2014 etecum
1206 1981 1239 2007 ab
1252 1984 1313 2006 ortu
1325 1988 1331 2011 ;
1342 1979 1369 2005 hi
1385 1987 1450 2005 vero
1462 1982 1633 2012 peccatorem
1650 1978 1824 2004 vocabant”.

1036 2026 1194 2061 Expellebat
1223 2025 1344 2060 legiones
1376 2024 1581 2050 immundorum
1607 2024 1771 2059 spirituum;
1798 2031 1826 2051 et

1035 2072 1242 2100 mentiebantur
1277 2069 1381 2098 auxilio
1417 2069 1571 2098 Beelzebub
1595 2076 1627 2097 ea
1653 2069 1825 2105 praestare“,

1035 2118 1228 2153 lapidibusque
1249 2124 1313 2144 eum
1343 2116 1521 2151 impetebant,
1546 2116 1707 2151 impiissime
1723 2116 1827 2144 vocife-

1036 2168 1150 2192 rantes:
1167 2173 1177 2189 ι
1195 2163 1234 2191 De
1258 2163 1330 2191 bono
1351 2170 1434 2197 opere
1460 2170 1515 2189 non
1538 2162 1691 2197 lapidamus
1716 2166 1759 2194 te,
1779 2163 1828 2190 sed

192 2210 251 2235 τόν.
259 2208 396 2243 tum;
403 2206 449 2235 οὖν
462 2208 516 2243 ἄρα
529 2208 575 2234 καὶ
587 2209 641 2239 τοῖς
652 2210 741 2243 μισεῖν
753 2208 901 2243 ἑλομένοις,
915 2209 978 2245 πλὴκ

1037 2213 1151 2245 propter
1162 2208 1307 2236 maledicta
1320 2211 1348 2235 et
1363 2206 1559 2242 blasphemias,
1573 2206 1636 2241 quia
1650 2210 1689 2239 tu,
1703 2214 1767 2233 cum
1790 2206 1828 2234 sis

193 2254 246 2280 οὐκ
263 2254 303 2284 είς
317 2254 388 2280 ἆπαν
408 2252 554 2287 ἁλώσιμος.
569 2252 599 2278 El
614 2252 668 2287 γὰρ
683 2252 730 2279 καὶ¹
746 2253 844 2288 ἀνέτλη
858 2254 983 2289 σταυρὸν,

193 2300 252 2326 ἀλλ’
268 2300 306 2330 ὡς
323 2299 389 2330 θεὸς
404 2299 513 2330 ἀνεϐίω,
533 2300 657 2334 πατήσας
670 2299 715 2326 τὸν
741 2299 865 2332 θάνατον,
891 2309 985 2336 μονον-

194 2344 255 2378 ουχὶ
277 2343 306 2370 δὲ
324 2343 372 2370 καὶ
387 2343 433 2371 τοῦ
449 2343 516 2370 Θεοῦ
533 2343 580 2370 καὶ
604 2343 710 2378 Πατρὺς
726 2344 925 2378 ἑπιφωνοῦντος
939 2346 985 2372 καὶ

194 2388 320 2422 λὲγοντος
331 2397 337 2403 η
356 2398 365 2415 ι
386 2389 457 2425 Πρός
473 2398 507 2424 με
523 2389 699 2424 ἀνάστρεψον.
720 2399 729 2415 ι
752 2388 917 2424 Ἀῦαὸέόηκε
930 2390 984 2425 γὰρ

194 2435 235 2466 εἰς
247 2435 310 2466 τοὺς
321 2435 464 2470 οὐρανοὺς,
479 2436 524 2462 ἵνα
533 2435 580 2462 καὶ
598 2435 703 2470 ἀκούσῃ
715 2435 850 2469 λέγοντος·
867 2445 876 2461 ι
893 2436 983 2462 Κάθου

193 2480 227 2507 ὲκ
240 2480 336 2512 δεξιῶν
355 2490 419 2514 μου,
433 2481 485 2512 ἕως
503 2481 536 2508 ἂν
556 2480 595 2507 θῶ
610 2481 672 2512 τοὺς
692 2481 806 2516 ἐχθρούς
822 2490 867 2508 σου
883 2482 985 2509 ὑποπό-

191 2526 250 2553 διον
262 2526 319 2553 τῶν
330 2527 420 2554 ποδῶν
436 2535 495 2554 σου.
510 2536 519 2552 ι
535 2527 597 2553 Ὅτι
610 2526 665 2563 γὰρ
680 2527 904 2561 ὺποπεπτώκασι,
925 2529 986 2556 καί·

191 2580 238 2598 τοι
251 2572 382 2607 πλείστην
397 2572 463 2607 ὅσην
481 2572 531 2607 τὴν
544 2573 604 2599 κατ’
624 2572 707 2599 αὐτοῦ
720 2572 818 2607 μανίαν
832 2573 983 2607 ὠδίνοντες,

196 2618 317 2652 ἐδίδαξεν
333 2617 435 2645 εἰπών’
453 2628 463 2645 ι
478 2619 524 2650 El;
539 2619 568 2646 ὃν
578 2618 814 2655 διαϐουλευόμενοι
825 2620 987 2657 ἐλοιδόρουν,

191 2665 244 2691 καὶ
256 2664 359 2698 ἑνεῖχον
370 2663 446 2699 αὑτῷ
461 2663 551 2698 κύριοι
563 2664 747 2699 τοξευμάτων.
766 2676 776 2692 ι
794 2666 922 2702 Συνέδρια
936 2668 987 2704 γὰρ

191 2709 404 2744 συναγείροντες
419 2709 591 2737 ὲὸουλεύοντο
610 2710 697 2746 πικρὰ
718 2720 727 2737 ‹
744 2711 798 2739 τῶν
814 2712 989 2748 τοξευμάτων

234 2795 256 2810 "
282 2796 360 2823 Joan.
392 2804 456 2829 ml,
479 2798 505 2824 5.

563 2798 585 2813 ¹³
600 2798 680 2834 Joan.
693 2807 730 2831 rx.
746 2799 756 2826 l
774 2807 850 2834 seqq.

192 2829 221 2845 ⁴⁷
232 2829 284 2857 lsa.
298 2839 368 2863 xuv,
381 2832 425 2859 2|.

466 2832 486 2848 “'
505 2832 575 2860 Psal.
590 2841 642 2866 ους,
674 2833 697 2859 l.

909 2800 929 2815 ”
943 2800 1026 2828 Matth
1054 2809 1101 2832 xu,
1121 2801 1156 2828 22
1175 2807 1250 2834 seqq.

1037 2255 1131 2288 homo,
1147 2255 1248 2282 faciste
1266 2254 1356 2289 ipsum
1367 2253 1455 2280 Deum
1467 2252 1499 2279 “’.
1511 2261 1520 2277 ›
1537 2251 1703 2278 Fremebant
1716 2259 1828 2279 rursum

1033 2302 1157 2329 dicentes
1169 2310 1175 2328 ε
1192 2301 1258 2328 «Iste
1269 2297 1801 2332 esthteres;vcnite,occidamuseum“.
1814 2306 1824 2323 ι

1033 2347 1106 2382 Ergo
1116 2352 1145 2375 et
1159 2348 1217 2382 ipse
1240 2345 1409 2374 aemulationi
1421 2344 1559 2372 obnoxius
1574 2343 1636 2376 fuit,
1651 2351 1750 2378 nempe
1761 2342 1828 2370 isto-

1034 2400 1096 2420 rum
1110 2393 1156 2427 qui
1170 2392 1260 2426 ipsum
1277 2391 1342 2418 odio
1358 2394 1422 2418 sunt
1442 2390 1594 2425 prosecuti,
1621 2397 1676 2416 non
1699 2393 1788 2415 tamen
1801 2388 1829 2415 in

1036 2439 1195 2466 universum
1208 2437 1243 2464 ab
1261 2438 1328 2472 ipsis
1344 2437 1402 2471 capi
1421 2437 1521 2471 potuit.
1543 2436 1601 2463 Etsi
1621 2436 1694 2463 enim
1713 2433 1829 2462 subierit

1037 2491 1159 2515 crucem,
1187 2488 1278 2510 tamen
1303 2487 1334 2509 ut
1361 2483 1435 2510 Deus
1461 2482 1575 2513 revixit,
1598 2485 1686 2508 morte
1713 2479 1830 2514 pedibus

1036 2530 1203 2566 proculcata,
1216 2529 1272 2556 Deo
1292 2536 1324 2555 ac
1346 2528 1425 2555 Patre
1449 2527 1615 2554 inelamante
1640 2533 1672 2552 ac
1693 2525 1802 2553 dicente
1821 2534 1828 2551 :

1040 2586 1049 2601 ‹
1065 2576 1215 2603 Revertere
1227 2574 1261 2602 ad
1285 2582 1329 2601 me
1342 2574 1372 2600 ".
1393 2583 1401 2599 ι
1416 2571 1626 2600 Ascenditenim
1640 2571 1667 2599 in
1687 2572 1771 2599 caelos
1781 2592 1788 2604 ,
1801 2576 1830 2598 ut

1042 2626 1069 2648 et
1095 2621 1204 2649 audiret
1224 2621 1361 2648 dicentem
1388 2618 1459 2646 sibi:
1484 2627 1492 2643 ι
1511 2617 1581 2645 Sede
1600 2625 1615 2644 a
1630 2617 1734 2644 dextris
1751 2617 1819 2645 meis

1041 2667 1129 2694 donec
1143 2674 1242 2701 ponam
1254 2665 1380 2692 inimicos
1395 2668 1457 2691 tuos
1478 2662 1628 2691 scabellum
1642 2663 1742 2699 pedum
1768 2666 1829 2688 tun-

1043 2721 1105 2741 rum
1116 2712 1147 2739 ".
1168 2722 1177 2738 ι
1199 2712 1268 2739 Nam
1292 2710 1365 2746 quod
1386 2709 1573 2745 prociderint,
1598 2709 1706 2740 tametsi
1724 2715 1830 2735 summa

1309 2799 1329 2815 ”
1341 2798 1418 2826 Joan.
1436 2806 1463 2829 ι,
1475 2797 1518 2824 35.
1576 2796 1598 2811 "
1608 2794 1702 2823 Matth.
1729 2802 1772 2828 xx,
1785 2794 1831 2825 33.
