  <div class='ocr_page' id='page_1' title='image "/cluster/home/n/w/nwhite01/storage/ocr_20150623/69/hvd.32044073501983/195.png"; bbox 0 0 4024 6198; ppageno 0'>
   <div class='ocr_carea' id='block_1_1' title="bbox 345 267 450 323">
    <p class='ocr_par' dir='ltr' id='par_1_1' title="bbox 345 267 450 323">
     <span class='ocr_line' id='line_1_1' title="bbox 345 267 450 323; baseline -0.01 0"><span class='ocrx_word' id='word_1_1' title='bbox 345 267 450 323; x_wconf 79' lang='lat'><strong>579</strong></span> 
     </span>
    </p>
   </div>
   <div class='ocr_carea' id='block_1_2' title="bbox 1377 245 2635 310">
    <p class='ocr_par' dir='ltr' id='par_1_2' title="bbox 1377 245 2635 310">
     <span class='ocr_line' id='line_1_2' title="bbox 1377 245 2635 310; baseline -0.006 -1"><span class='ocrx_word' id='word_1_2' title='bbox 1377 254 1433 310; x_wconf 87' lang='lat' dir='ltr'><strong>S.</strong></span> <span class='ocrx_word' id='word_1_3' title='bbox 1474 250 1752 308; x_wconf 75' lang='lat' dir='ltr'><strong>CYRILLI</strong></span> <span class='ocrx_word' id='word_1_4' title='bbox 1793 245 2264 306; x_wconf 79' lang='lat' dir='ltr'><strong>ALEXANDle</strong></span> <span class='ocrx_word' id='word_1_5' title='bbox 2306 245 2635 302; x_wconf 77' lang='lat' dir='ltr'><strong>ARCHIEP.</strong></span> 
     </span>
    </p>
   </div>
   <div class='ocr_carea' id='block_1_3' title="bbox 341 360 1936 445">
    <p class='ocr_par' dir='ltr' id='par_1_3' title="bbox 341 362 1931 445">
     <span class='ocr_line' id='line_1_3' title="bbox 341 362 1931 445; baseline -0.011 -12"><span class='ocrx_word' id='word_1_6' title='bbox 341 377 610 434; x_wconf 80' lang='lat' dir='ltr'><strong>adversus</strong></span> <span class='ocrx_word' id='word_1_7' title='bbox 659 373 838 445; x_wconf 86' lang='lat' dir='ltr'><strong>ipsum</strong></span> <span class='ocrx_word' id='word_1_8' title='bbox 889 368 1102 426; x_wconf 86' lang='lat' dir='ltr'><strong>insania</strong></span> <span class='ocrx_word' id='word_1_9' title='bbox 1146 366 1364 422; x_wconf 86' lang='lat' dir='ltr'><strong>accensi</strong></span> <span class='ocrx_word' id='word_1_10' title='bbox 1385 407 1400 430; x_wconf 88' lang='lat'><strong>,</strong></span> <span class='ocrx_word' id='word_1_11' title='bbox 1447 365 1638 421; x_wconf 98' lang='lat' dir='ltr'><strong>docuit</strong></span> <span class='ocrx_word' id='word_1_12' title='bbox 1697 362 1931 419; x_wconf 90' lang='lat' dir='ltr'><strong>dicens:</strong></span> 
     </span>
    </p>
   </div>
   <div class='ocr_carea' id='block_1_4' title="bbox 2039 360 3634 445">
    <p class='ocr_par' dir='ltr' id='par_1_4' title="bbox 2041 360 3634 434">
     <span class='ocr_line' id='line_1_4' title="bbox 2041 360 3634 434; baseline 0.004 -20"><span class='ocrx_word' id='word_1_13' title='bbox 2041 362 2089 415; x_wconf 84' lang='grc' dir='ltr'><strong>οἰ</strong></span> <span class='ocrx_word' id='word_1_14' title='bbox 2127 362 2325 432; x_wconf 87' lang='grc' dir='ltr'>κύριοι,</span> <span class='ocrx_word' id='word_1_15' title='bbox 2361 379 2380 412; x_wconf 74' lang='grc' dir='ltr'><strong>ι</strong></span> <span class='ocrx_word' id='word_1_16' title='bbox 2421 361 2718 426; x_wconf 79' lang='grc' dir='ltr'>τουτέστιν,</span> <span class='ocrx_word' id='word_1_17' title='bbox 2757 360 2809 414; x_wconf 88' lang='grc' dir='ltr'><strong>οἰ</strong></span> <span class='ocrx_word' id='word_1_18' title='bbox 2837 360 2945 416; x_wconf 90' lang='grc' dir='ltr'><strong>τῶν</strong></span> <span class='ocrx_word' id='word_1_19' title='bbox 2973 362 3119 416; x_wconf 89' lang='grc' dir='ltr'>λαῶν</span> <span class='ocrx_word' id='word_1_20' title='bbox 3142 361 3430 434; x_wconf 82' lang='grc' dir='ltr'>ἡγεμόνες,</span> <span class='ocrx_word' id='word_1_21' title='bbox 3462 367 3512 419; x_wconf 83' lang='lat' dir='ltr'><strong>oi</strong></span> <span class='ocrx_word' id='word_1_22' title='bbox 3539 367 3634 420; x_wconf 65' lang='grc' dir='ltr'><strong>ξπ·</strong></span> 
     </span>
    </p>
   </div>
   <div class='ocr_carea' id='block_1_5' title="bbox 354 455 1928 539">
    <p class='ocr_par' dir='ltr' id='par_1_5' title="bbox 354 455 1928 539">
     <span class='ocr_line' id='line_1_5' title="bbox 354 455 1928 539; baseline -0.009 -17"><span class='ocrx_word' id='word_1_23' title='bbox 354 489 372 522; x_wconf 84' lang='grc' dir='ltr'><strong>ι</strong></span> <span class='ocrx_word' id='word_1_24' title='bbox 401 470 462 525; x_wconf 84' lang='lat' dir='ltr'><strong>In</strong></span> <span class='ocrx_word' id='word_1_25' title='bbox 491 482 656 539; x_wconf 85' lang='lat' dir='ltr'><strong>quem</strong></span> <span class='ocrx_word' id='word_1_26' title='bbox 679 465 1033 521; x_wconf 73' lang='lat' dir='ltr'><strong>consulentes</strong></span> <span class='ocrx_word' id='word_1_27' title='bbox 1073 459 1366 517; x_wconf 74' lang='lat' dir='ltr'><strong>conviciati</strong></span> <span class='ocrx_word' id='word_1_28' title='bbox 1400 465 1550 522; x_wconf 89' lang='lat' dir='ltr'><strong>sunt,</strong></span> <span class='ocrx_word' id='word_1_29' title='bbox 1591 465 1647 513; x_wconf 92' lang='lat' dir='ltr'><strong>et</strong></span> <span class='ocrx_word' id='word_1_30' title='bbox 1684 455 1928 511; x_wconf 76' lang='lat' dir='ltr'><strong>insidiati</strong></span> 
     </span>
    </p>
   </div>
   <div class='ocr_carea' id='block_1_6' title="bbox 346 548 1928 626">
    <p class='ocr_par' dir='ltr' id='par_1_6' title="bbox 346 548 1928 626">
     <span class='ocr_line' id='line_1_6' title="bbox 346 548 1928 626; baseline -0.011 -9"><span class='ocrx_word' id='word_1_31' title='bbox 346 570 477 617; x_wconf 79' lang='lat' dir='ltr'><strong>sunt</strong></span> <span class='ocrx_word' id='word_1_32' title='bbox 523 561 576 616; x_wconf 90' lang='lat' dir='ltr'><strong>ei</strong></span> <span class='ocrx_word' id='word_1_33' title='bbox 636 557 845 615; x_wconf 86' lang='lat' dir='ltr'><strong>domini</strong></span> <span class='ocrx_word' id='word_1_34' title='bbox 892 554 1302 626; x_wconf 80' lang='lat' dir='ltr'><strong>sagittationum</strong></span> <span class='ocrx_word' id='word_1_35' title='bbox 1341 553 1406 605; x_wconf 83' lang='grc'><strong>¹⁹.</strong></span> <span class='ocrx_word' id='word_1_36' title='bbox 1449 569 1468 602; x_wconf 74' lang='grc' dir='ltr'><strong>ι</strong></span> <span class='ocrx_word' id='word_1_37' title='bbox 1517 549 1733 605; x_wconf 78' lang='lat' dir='ltr'><strong>Habitis</strong></span> <span class='ocrx_word' id='word_1_38' title='bbox 1779 548 1928 602; x_wconf 88' lang='lat' dir='ltr'><strong>enim</strong></span> 
     </span>
    </p>
   </div>
   <div class='ocr_carea' id='block_1_7' title="bbox 339 639 1927 715">
    <p class='ocr_par' dir='ltr' id='par_1_7' title="bbox 339 639 1927 715">
     <span class='ocr_line' id='line_1_7' title="bbox 339 639 1927 715; baseline -0.011 -5"><span class='ocrx_word' id='word_1_39' title='bbox 339 652 612 715; x_wconf 84' lang='lat' dir='ltr'><strong>consiliis,</strong></span> <span class='ocrx_word' id='word_1_40' title='bbox 661 649 860 706; x_wconf 86' lang='lat' dir='ltr'><strong>acerba</strong></span> <span class='ocrx_word' id='word_1_41' title='bbox 913 644 1300 702; x_wconf 73' lang='lat' dir='ltr'><strong>consultabant</strong></span> <span class='ocrx_word' id='word_1_42' title='bbox 1331 661 1348 694; x_wconf 82' lang='grc' dir='ltr'><strong>ι</strong></span> <span class='ocrx_word' id='word_1_43' title='bbox 1387 641 1596 697; x_wconf 87' lang='lat' dir='ltr'><strong>domini</strong></span> <span class='ocrx_word' id='word_1_44' title='bbox 1620 639 1927 710; x_wconf 76' lang='lat' dir='ltr'><strong>sagittatio—</strong></span> 
     </span>
    </p>
   </div>
   <div class='ocr_carea' id='block_1_8' title="bbox 345 734 1932 810">
    <p class='ocr_par' dir='ltr' id='par_1_8' title="bbox 345 734 1932 810">
     <span class='ocr_line' id='line_1_8' title="bbox 345 734 1932 810; baseline -0.01 -9"><span class='ocrx_word' id='word_1_45' title='bbox 345 761 503 809; x_wconf 89' lang='lat' dir='ltr'><strong>num,</strong></span> <span class='ocrx_word' id='word_1_46' title='bbox 545 763 564 796; x_wconf 73' lang='grc' dir='ltr'><strong>ι</strong></span> <span class='ocrx_word' id='word_1_47' title='bbox 599 743 706 798; x_wconf 81' lang='lat' dir='ltr'><strong>hoc</strong></span> <span class='ocrx_word' id='word_1_48' title='bbox 731 749 838 806; x_wconf 90' lang='lat' dir='ltr'><strong>est,</strong></span> <span class='ocrx_word' id='word_1_49' title='bbox 886 738 1166 810; x_wconf 84' lang='lat' dir='ltr'><strong>principes</strong></span> <span class='ocrx_word' id='word_1_50' title='bbox 1203 735 1556 807; x_wconf 85' lang='lat' dir='ltr'><strong>populorum,</strong></span> <span class='ocrx_word' id='word_1_51' title='bbox 1580 734 1676 804; x_wconf 89' lang='lat' dir='ltr'><strong>qui</strong></span> <span class='ocrx_word' id='word_1_52' title='bbox 1700 746 1932 787; x_wconf 77' lang='lat' dir='ltr'><strong>exacue-</strong></span> 
     </span>
    </p>
   </div>
   <div class='ocr_carea' id='block_1_9' title="bbox 347 825 1931 899">
    <p class='ocr_par' dir='ltr' id='par_1_9' title="bbox 347 825 1931 899">
     <span class='ocr_line' id='line_1_9' title="bbox 347 825 1931 899; baseline -0.011 -6"><span class='ocrx_word' id='word_1_53' title='bbox 347 836 483 892; x_wconf 88' lang='lat' dir='ltr'><strong>bant</strong></span> <span class='ocrx_word' id='word_1_54' title='bbox 526 835 797 889; x_wconf 83' lang='lat' dir='ltr'><strong>adversus</strong></span> <span class='ocrx_word' id='word_1_55' title='bbox 833 845 963 887; x_wconf 89' lang='lat' dir='ltr'><strong>eum</strong></span> <span class='ocrx_word' id='word_1_56' title='bbox 1013 829 1107 899; x_wconf 86' lang='lat' dir='ltr'><strong>qui</strong></span> <span class='ocrx_word' id='word_1_57' title='bbox 1146 843 1274 883; x_wconf 89' lang='lat' dir='ltr'><strong>eum</strong></span> <span class='ocrx_word' id='word_1_58' title='bbox 1314 825 1712 888; x_wconf 88' lang='lat' dir='ltr'><strong>vulnerarent,</strong></span> <span class='ocrx_word' id='word_1_59' title='bbox 1766 831 1931 892; x_wconf 90' lang='lat' dir='ltr'><strong>atque</strong></span> 
     </span>
    </p>
   </div>
   <div class='ocr_carea' id='block_1_10' title="bbox 350 909 1932 994">
    <p class='ocr_par' dir='ltr' id='par_1_10' title="bbox 350 909 1932 994">
     <span class='ocr_line' id='line_1_10' title="bbox 350 909 1932 994; baseline -0.01 -12"><span class='ocrx_word' id='word_1_60' title='bbox 350 909 523 982; x_wconf 65' lang='lat' dir='ltr'><strong>lns&#39;tar</strong></span> <span class='ocrx_word' id='word_1_61' title='bbox 545 923 881 994; x_wconf 83' lang='lat' dir='ltr'><strong>spiculorum</strong></span> <span class='ocrx_word' id='word_1_62' title='bbox 909 919 1014 991; x_wconf 89' lang='lat' dir='ltr'><strong>ipsi</strong></span> <span class='ocrx_word' id='word_1_63' title='bbox 1045 917 1200 974; x_wconf 78' lang='lat' dir='ltr'><strong>inlisi</strong></span> <span class='ocrx_word' id='word_1_64' title='bbox 1221 923 1428 979; x_wconf 89' lang='lat' dir='ltr'><strong>essent,</strong></span> <span class='ocrx_word' id='word_1_65' title='bbox 1455 925 1516 971; x_wconf 90' lang='lat' dir='ltr'><strong>ut</strong></span> <span class='ocrx_word' id='word_1_66' title='bbox 1547 929 1671 984; x_wconf 60' lang='lat' dir='ltr'><strong>quae</strong></span> <span class='ocrx_word' id='word_1_67' title='bbox 1706 912 1787 968; x_wconf 84' lang='lat' dir='ltr'><strong>l‘as</strong></span> <span class='ocrx_word' id='word_1_68' title='bbox 1819 927 1932 966; x_wconf 89' lang='lat' dir='ltr'><strong>non</strong></span> 
     </span>
    </p>
   </div>
   <div class='ocr_carea' id='block_1_11' title="bbox 348 1005 1931 1084">
    <p class='ocr_par' dir='ltr' id='par_1_11' title="bbox 348 1005 1931 1084">
     <span class='ocr_line' id='line_1_11' title="bbox 348 1005 1931 1084; baseline -0.011 -9"><span class='ocrx_word' id='word_1_69' title='bbox 348 1026 437 1075; x_wconf 85' lang='lat' dir='ltr'><strong>est</strong></span> <span class='ocrx_word' id='word_1_70' title='bbox 457 1016 727 1072; x_wconf 86' lang='lat' dir='ltr'><strong>adversus</strong></span> <span class='ocrx_word' id='word_1_71' title='bbox 751 1014 934 1084; x_wconf 89' lang='lat' dir='ltr'><strong>ipsum</strong></span> <span class='ocrx_word' id='word_1_72' title='bbox 950 1009 1387 1075; x_wconf 83' lang='lat' dir='ltr'><strong>committerent,</strong></span> <span class='ocrx_word' id='word_1_73' title='bbox 1401 1023 1468 1063; x_wconf 92' lang='lat' dir='ltr'><strong>ac</strong></span> <span class='ocrx_word' id='word_1_74' title='bbox 1497 1005 1663 1062; x_wconf 91' lang='lat' dir='ltr'><strong>modo</strong></span> <span class='ocrx_word' id='word_1_75' title='bbox 1687 1005 1931 1066; x_wconf 82' lang='lat' dir='ltr'><strong>ferarum</strong></span> 
     </span>
    </p>
   </div>
   <div class='ocr_carea' id='block_1_12' title="bbox 351 1098 1933 1177">
    <p class='ocr_par' dir='ltr' id='par_1_12' title="bbox 351 1098 1933 1177">
     <span class='ocr_line' id='line_1_12' title="bbox 351 1098 1933 1177; baseline -0.008 -14"><span class='ocrx_word' id='word_1_76' title='bbox 351 1108 408 1163; x_wconf 86' lang='lat' dir='ltr'><strong>in</strong></span> <span class='ocrx_word' id='word_1_77' title='bbox 453 1107 632 1177; x_wconf 90' lang='lat' dir='ltr'><strong>ipsum</strong></span> <span class='ocrx_word' id='word_1_78' title='bbox 676 1111 904 1160; x_wconf 84' lang='lat' dir='ltr'><strong>ruerent</strong></span> <span class='ocrx_word' id='word_1_79' title='bbox 947 1117 1014 1157; x_wconf 88' lang='lat' dir='ltr'><strong>ac</strong></span> <span class='ocrx_word' id='word_1_80' title='bbox 1064 1101 1360 1158; x_wconf 78' lang='lat' dir='ltr'><strong>ferrentur.</strong></span> <span class='ocrx_word' id='word_1_81' title='bbox 1397 1098 1670 1156; x_wconf 62' lang='lat' dir='ltr'><strong>Ceterum</strong></span> <span class='ocrx_word' id='word_1_82' title='bbox 1711 1115 1730 1148; x_wconf 84' lang='grc' dir='ltr'><strong>ι</strong></span> <span class='ocrx_word' id='word_1_83' title='bbox 1769 1111 1933 1151; x_wconf 90' lang='lat' dir='ltr'><strong>arcus</strong></span> 
     </span>
    </p>
   </div>
   <div class='ocr_carea' id='block_1_13' title="bbox 350 1188 1934 1260">
    <p class='ocr_par' dir='ltr' id='par_1_13' title="bbox 350 1188 1934 1260">
     <span class='ocr_line' id='line_1_13' title="bbox 350 1188 1934 1260; baseline -0.008 -6"><span class='ocrx_word' id='word_1_84' title='bbox 350 1199 581 1254; x_wconf 84' lang='lat' dir='ltr'><strong>istorum</strong></span> <span class='ocrx_word' id='word_1_85' title='bbox 614 1195 837 1250; x_wconf 88' lang='lat' dir='ltr'><strong>contriti</strong></span> <span class='ocrx_word' id='word_1_86' title='bbox 872 1196 1100 1260; x_wconf 64' lang='lat' dir='ltr'><strong>sunt’°,v</strong></span> <span class='ocrx_word' id='word_1_87' title='bbox 1135 1201 1192 1249; x_wconf 90' lang='lat' dir='ltr'><strong>et</strong></span> <span class='ocrx_word' id='word_1_88' title='bbox 1219 1192 1469 1248; x_wconf 86' lang='lat' dir='ltr'><strong>dissoluti</strong></span> <span class='ocrx_word' id='word_1_89' title='bbox 1495 1190 1650 1247; x_wconf 83' lang='lat' dir='ltr'><strong>nervi</strong></span> <span class='ocrx_word' id='word_1_90' title='bbox 1677 1188 1934 1244; x_wconf 84' lang='lat' dir='ltr'><strong>brachio-</strong></span> 
     </span>
    </p>
   </div>
   <div class='ocr_carea' id='block_1_14' title="bbox 349 1281 1930 1357">
    <p class='ocr_par' dir='ltr' id='par_1_14' title="bbox 349 1281 1930 1357">
     <span class='ocr_line' id='line_1_14' title="bbox 349 1281 1930 1357; baseline -0.007 -11"><span class='ocrx_word' id='word_1_91' title='bbox 349 1305 474 1346; x_wconf 88' lang='lat' dir='ltr'><strong>rum</strong></span> <span class='ocrx_word' id='word_1_92' title='bbox 517 1303 712 1344; x_wconf 87' lang='lat' dir='ltr'><strong>eorum</strong></span> <span class='ocrx_word' id='word_1_93' title='bbox 747 1303 848 1357; x_wconf 87' lang='lat' dir='ltr'><strong>per</strong></span> <span class='ocrx_word' id='word_1_94' title='bbox 882 1302 1104 1342; x_wconf 89' lang='lat' dir='ltr'><strong>manum</strong></span> <span class='ocrx_word' id='word_1_95' title='bbox 1131 1285 1374 1357; x_wconf 90' lang='lat' dir='ltr'><strong>potentis</strong></span> <span class='ocrx_word' id='word_1_96' title='bbox 1420 1283 1622 1348; x_wconf 70' lang='lat' dir='ltr'><strong>Iacob,</strong></span> <span class='ocrx_word' id='word_1_97' title='bbox 1667 1281 1773 1336; x_wconf 87' lang='lat' dir='ltr'><strong>hoc</strong></span> <span class='ocrx_word' id='word_1_98' title='bbox 1825 1289 1930 1346; x_wconf 87' lang='lat' dir='ltr'><strong>est,</strong></span> 
     </span>
    </p>
   </div>
   <div class='ocr_carea' id='block_1_15' title="bbox 349 1374 1936 1450">
    <p class='ocr_par' dir='ltr' id='par_1_15' title="bbox 349 1374 1936 1450">
     <span class='ocr_line' id='line_1_15' title="bbox 349 1374 1936 1450; baseline -0.008 -11"><span class='ocrx_word' id='word_1_99' title='bbox 349 1383 445 1439; x_wconf 88' lang='lat' dir='ltr'><strong>Dei</strong></span> <span class='ocrx_word' id='word_1_100' title='bbox 467 1396 533 1438; x_wconf 89' lang='lat' dir='ltr'><strong>ac</strong></span> <span class='ocrx_word' id='word_1_101' title='bbox 563 1381 760 1445; x_wconf 80' lang='lat' dir='ltr'><strong>Patris,</strong></span> <span class='ocrx_word' id='word_1_102' title='bbox 787 1381 881 1450; x_wconf 88' lang='lat' dir='ltr'><strong>qui</strong></span> <span class='ocrx_word' id='word_1_103' title='bbox 914 1390 1000 1435; x_wconf 89' lang='lat' dir='ltr'><strong>est</strong></span> <span class='ocrx_word' id='word_1_104' title='bbox 1019 1380 1283 1434; x_wconf 86' lang='lat' dir='ltr'><strong>Dominus</strong></span> <span class='ocrx_word' id='word_1_105' title='bbox 1305 1379 1596 1440; x_wconf 90' lang='lat' dir='ltr'><strong>virtutum,</strong></span> <span class='ocrx_word' id='word_1_106' title='bbox 1619 1374 1826 1445; x_wconf 88' lang='lat' dir='ltr'><strong>quique</strong></span> <span class='ocrx_word' id='word_1_107' title='bbox 1844 1388 1936 1428; x_wconf 89' lang='lat' dir='ltr'><strong>or-</strong></span> 
     </span>
    </p>
   </div>
   <div class='ocr_carea' id='block_1_16' title="bbox 348 1467 1930 1531">
    <p class='ocr_par' dir='ltr' id='par_1_16' title="bbox 348 1467 1930 1531">
     <span class='ocr_line' id='line_1_16' title="bbox 348 1467 1930 1531; baseline -0.008 0"><span class='ocrx_word' id='word_1_108' title='bbox 348 1474 560 1531; x_wconf 86' lang='lat' dir='ltr'><strong>dinavit</strong></span> <span class='ocrx_word' id='word_1_109' title='bbox 606 1482 668 1528; x_wconf 92' lang='lat' dir='ltr'><strong>ut</strong></span> <span class='ocrx_word' id='word_1_110' title='bbox 706 1471 879 1528; x_wconf 87' lang='lat' dir='ltr'><strong>Filius</strong></span> <span class='ocrx_word' id='word_1_111' title='bbox 905 1473 960 1527; x_wconf 91' lang='lat' dir='ltr'><strong>in</strong></span> <span class='ocrx_word' id='word_1_112' title='bbox 981 1472 1121 1527; x_wconf 80' lang='lat' dir='ltr'><strong>cmlo</strong></span> <span class='ocrx_word' id='word_1_113' title='bbox 1141 1480 1198 1526; x_wconf 91' lang='lat' dir='ltr'><strong>et</strong></span> <span class='ocrx_word' id='word_1_114' title='bbox 1238 1471 1295 1526; x_wconf 85' lang='lat' dir='ltr'><strong>in</strong></span> <span class='ocrx_word' id='word_1_115' title='bbox 1320 1479 1466 1525; x_wconf 88' lang='lat' dir='ltr'><strong>terra</strong></span> <span class='ocrx_word' id='word_1_116' title='bbox 1488 1467 1930 1524; x_wconf 88' lang='lat' dir='ltr'><strong>benediceretur.</strong></span> 
     </span>
    </p>
   </div>
   <div class='ocr_carea' id='block_1_17' title="bbox 349 1557 1936 1632">
    <p class='ocr_par' dir='ltr' id='par_1_17' title="bbox 349 1557 1936 1632">
     <span class='ocr_line' id='line_1_17' title="bbox 349 1557 1936 1632; baseline -0.007 -10"><span class='ocrx_word' id='word_1_117' title='bbox 349 1565 558 1622; x_wconf 83' lang='lat' dir='ltr'><strong>Scribit</strong></span> <span class='ocrx_word' id='word_1_118' title='bbox 583 1565 731 1622; x_wconf 84' lang='lat' dir='ltr'><strong>enim</strong></span> <span class='ocrx_word' id='word_1_119' title='bbox 757 1564 982 1620; x_wconf 87' lang='lat' dir='ltr'><strong>divinus</strong></span> <span class='ocrx_word' id='word_1_120' title='bbox 1002 1563 1206 1618; x_wconf 86' lang='lat' dir='ltr'><strong>Paulus</strong></span> <span class='ocrx_word' id='word_1_121' title='bbox 1235 1561 1406 1632; x_wconf 87' lang='lat' dir='ltr'><strong>quod,</strong></span> <span class='ocrx_word' id='word_1_122' title='bbox 1449 1575 1576 1616; x_wconf 91' lang='lat' dir='ltr'><strong>cum</strong></span> <span class='ocrx_word' id='word_1_123' title='bbox 1593 1557 1936 1628; x_wconf 74' lang='lat' dir='ltr'><strong>Primogeni-</strong></span> 
     </span>
    </p>
   </div>
   <div class='ocr_carea' id='block_1_18' title="bbox 350 1647 1937 1718">
    <p class='ocr_par' dir='ltr' id='par_1_18' title="bbox 350 1647 1937 1718">
     <span class='ocr_line' id='line_1_18' title="bbox 350 1647 1937 1718; baseline -0.008 -6"><span class='ocrx_word' id='word_1_124' title='bbox 350 1666 466 1712; x_wconf 90' lang='lat' dir='ltr'><strong>tum</strong></span> <span class='ocrx_word' id='word_1_125' title='bbox 487 1655 707 1712; x_wconf 80' lang='lat' dir='ltr'><strong>duxerit</strong></span> <span class='ocrx_word' id='word_1_126' title='bbox 744 1655 801 1710; x_wconf 91' lang='lat' dir='ltr'><strong>in</strong></span> <span class='ocrx_word' id='word_1_127' title='bbox 839 1654 1053 1718; x_wconf 90' lang='lat' dir='ltr'><strong>orbem,</strong></span> <span class='ocrx_word' id='word_1_128' title='bbox 1089 1653 1165 1707; x_wconf 90' lang='lat' dir='ltr'><strong>ita</strong></span> <span class='ocrx_word' id='word_1_129' title='bbox 1187 1652 1425 1707; x_wconf 80' lang='lat' dir='ltr'><strong>dixerit:</strong></span> <span class='ocrx_word' id='word_1_130' title='bbox 1459 1670 1476 1702; x_wconf 79' lang='grc' dir='ltr'><strong>ι</strong></span> <span class='ocrx_word' id='word_1_131' title='bbox 1501 1651 1568 1705; x_wconf 85' lang='grc' dir='ltr'>Ει</span> <span class='ocrx_word' id='word_1_132' title='bbox 1601 1648 1833 1704; x_wconf 83' lang='lat' dir='ltr'><strong>adorent</strong></span> <span class='ocrx_word' id='word_1_133' title='bbox 1856 1647 1937 1718; x_wconf 79' lang='lat' dir='ltr'><strong>ip‘~</strong></span> 
     </span>
    </p>
   </div>
   <div class='ocr_carea' id='block_1_19' title="bbox 348 1725 2014 1817">
    <p class='ocr_par' dir='ltr' id='par_1_19' title="bbox 348 1725 2014 1817">
     <span class='ocr_line' id='line_1_19' title="bbox 348 1725 2014 1817; baseline -0.007 -14"><span class='ocrx_word' id='word_1_134' title='bbox 348 1762 472 1803; x_wconf 83' lang='lat' dir='ltr'><strong>sum</strong></span> <span class='ocrx_word' id='word_1_135' title='bbox 505 1761 699 1802; x_wconf 87' lang='lat' dir='ltr'><strong>omnes</strong></span> <span class='ocrx_word' id='word_1_136' title='bbox 743 1745 921 1817; x_wconf 73' lang='lat' dir='ltr'><strong>angeli</strong></span> <span class='ocrx_word' id='word_1_137' title='bbox 953 1745 1050 1800; x_wconf 88' lang='lat' dir='ltr'><strong>Dei</strong></span> <span class='ocrx_word' id='word_1_138' title='bbox 1073 1744 1139 1798; x_wconf 82' lang='lat'><strong>&quot;.</strong></span> <span class='ocrx_word' id='word_1_139' title='bbox 1177 1763 1196 1795; x_wconf 75' lang='grc' dir='ltr'><strong>ι</strong></span> <span class='ocrx_word' id='word_1_140' title='bbox 1245 1743 1326 1798; x_wconf 85' lang='lat' dir='ltr'><strong>Ita</strong></span> <span class='ocrx_word' id='word_1_141' title='bbox 1350 1741 1521 1800; x_wconf 81' lang='lat' dir='ltr'><strong>David</strong></span> <span class='ocrx_word' id='word_1_142' title='bbox 1575 1740 1704 1796; x_wconf 85' lang='lat' dir='ltr'><strong>alibi</strong></span> <span class='ocrx_word' id='word_1_143' title='bbox 1753 1739 1934 1794; x_wconf 88' lang='lat' dir='ltr'><strong>dicit:</strong></span> <span class='ocrx_word' id='word_1_144' title='bbox 1973 1725 2014 1778; x_wconf 79' lang='grc' dir='ltr'><strong><em>Β</em></strong></span> 
     </span>
    </p>
   </div>
   <div class='ocr_carea' id='block_1_20' title="bbox 357 1829 1940 1904">
    <p class='ocr_par' dir='ltr' id='par_1_20' title="bbox 357 1829 1940 1904">
     <span class='ocr_line' id='line_1_20' title="bbox 357 1829 1940 1904; baseline -0.003 -16"><span class='ocrx_word' id='word_1_145' title='bbox 357 1856 376 1888; x_wconf 83' lang='grc' dir='ltr'><strong>ι</strong></span> <span class='ocrx_word' id='word_1_146' title='bbox 405 1834 598 1892; x_wconf 86' lang='lat' dir='ltr'><strong>Omnis</strong></span> <span class='ocrx_word' id='word_1_147' title='bbox 649 1843 794 1890; x_wconf 88' lang='lat' dir='ltr'><strong>terra</strong></span> <span class='ocrx_word' id='word_1_148' title='bbox 830 1833 1024 1890; x_wconf 85' lang='lat' dir='ltr'><strong>adoret</strong></span> <span class='ocrx_word' id='word_1_149' title='bbox 1050 1841 1124 1898; x_wconf 87' lang='lat' dir='ltr'><strong>te,</strong></span> <span class='ocrx_word' id='word_1_150' title='bbox 1176 1840 1235 1889; x_wconf 88' lang='lat' dir='ltr'><strong>et</strong></span> <span class='ocrx_word' id='word_1_151' title='bbox 1259 1832 1458 1904; x_wconf 84' lang='lat' dir='ltr'><strong>psallat</strong></span> <span class='ocrx_word' id='word_1_152' title='bbox 1510 1830 1612 1885; x_wconf 91' lang='lat' dir='ltr'><strong>tibi</strong></span> <span class='ocrx_word' id='word_1_153' title='bbox 1637 1831 1702 1884; x_wconf 79' lang='lat'><strong>“.</strong></span> <span class='ocrx_word' id='word_1_154' title='bbox 1734 1849 1750 1880; x_wconf 79' lang='grc' dir='ltr'><strong>ι</strong></span> <span class='ocrx_word' id='word_1_155' title='bbox 1785 1829 1940 1884; x_wconf 74' lang='lat' dir='ltr'><strong>lianc</strong></span> 
     </span>
    </p>
   </div>
   <div class='ocr_carea' id='block_1_21' title="bbox 348 1922 1940 1996">
    <p class='ocr_par' dir='ltr' id='par_1_21' title="bbox 348 1922 1940 1996">
     <span class='ocr_line' id='line_1_21' title="bbox 348 1922 1940 1996; baseline -0.006 -12"><span class='ocrx_word' id='word_1_156' title='bbox 348 1927 587 1987; x_wconf 88' lang='lat' dir='ltr'><strong>dicimus</strong></span> <span class='ocrx_word' id='word_1_157' title='bbox 611 1928 756 1981; x_wconf 84' lang='lat' dir='ltr'><strong>illam</strong></span> <span class='ocrx_word' id='word_1_158' title='bbox 783 1942 1078 1996; x_wconf 86' lang='lat' dir='ltr'><strong>supernam</strong></span> <span class='ocrx_word' id='word_1_159' title='bbox 1097 1925 1561 1988; x_wconf 88' lang='lat' dir='ltr'><strong>benedictionem,</strong></span> <span class='ocrx_word' id='word_1_160' title='bbox 1577 1931 1634 1978; x_wconf 91' lang='lat' dir='ltr'><strong>et</strong></span> <span class='ocrx_word' id='word_1_161' title='bbox 1657 1922 1802 1977; x_wconf 88' lang='lat' dir='ltr'><strong>illam</strong></span> <span class='ocrx_word' id='word_1_162' title='bbox 1819 1938 1940 1992; x_wconf 71' lang='lat' dir='ltr'><strong>qua:</strong></span> 
     </span>
    </p>
   </div>
   <div class='ocr_carea' id='block_1_22' title="bbox 350 2013 1940 2082">
    <p class='ocr_par' dir='ltr' id='par_1_22' title="bbox 350 2013 1940 2082">
     <span class='ocr_line' id='line_1_22' title="bbox 350 2013 1940 2082; baseline -0.007 -5"><span class='ocrx_word' id='word_1_163' title='bbox 350 2021 582 2077; x_wconf 82' lang='lat' dir='ltr'><strong>inferius</strong></span> <span class='ocrx_word' id='word_1_164' title='bbox 618 2021 673 2075; x_wconf 93' lang='lat' dir='ltr'><strong>in</strong></span> <span class='ocrx_word' id='word_1_165' title='bbox 701 2029 845 2075; x_wconf 88' lang='lat' dir='ltr'><strong>terra</strong></span> <span class='ocrx_word' id='word_1_166' title='bbox 893 2018 1077 2074; x_wconf 88' lang='lat' dir='ltr'><strong>omnia</strong></span> <span class='ocrx_word' id='word_1_167' title='bbox 1114 2017 1384 2077; x_wconf 82' lang='lat' dir='ltr'><strong>continet.</strong></span> <span class='ocrx_word' id='word_1_168' title='bbox 1445 2015 1552 2070; x_wconf 88' lang='lat' dir='ltr'><strong>hoc</strong></span> <span class='ocrx_word' id='word_1_169' title='bbox 1601 2013 1786 2075; x_wconf 84' lang='lat' dir='ltr'><strong>est,in</strong></span> <span class='ocrx_word' id='word_1_170' title='bbox 1831 2028 1940 2082; x_wconf 89' lang='lat' dir='ltr'><strong>qua</strong></span> 
     </span>
    </p>
   </div>
   <div class='ocr_carea' id='block_1_23' title="bbox 350 2103 1936 2183">
    <p class='ocr_par' dir='ltr' id='par_1_23' title="bbox 350 2103 1936 2183">
     <span class='ocr_line' id='line_1_23' title="bbox 350 2103 1936 2183; baseline -0.006 -16"><span class='ocrx_word' id='word_1_171' title='bbox 350 2121 577 2183; x_wconf 89' lang='lat' dir='ltr'><strong>propter</strong></span> <span class='ocrx_word' id='word_1_172' title='bbox 618 2111 900 2168; x_wconf 87' lang='lat' dir='ltr'><strong>Christum</strong></span> <span class='ocrx_word' id='word_1_173' title='bbox 952 2108 1135 2164; x_wconf 86' lang='lat' dir='ltr'><strong>omnis</strong></span> <span class='ocrx_word' id='word_1_174' title='bbox 1170 2107 1392 2162; x_wconf 87' lang='lat' dir='ltr'><strong>demum</strong></span> <span class='ocrx_word' id='word_1_175' title='bbox 1443 2105 1621 2160; x_wconf 87' lang='lat' dir='ltr'><strong>virtus</strong></span> <span class='ocrx_word' id='word_1_176' title='bbox 1665 2103 1936 2167; x_wconf 88' lang='lat' dir='ltr'><strong>consistit,</strong></span> 
     </span>
    </p>
   </div>
   <div class='ocr_carea' id='block_1_24' title="bbox 349 2195 1935 2272">
    <p class='ocr_par' dir='ltr' id='par_1_24' title="bbox 349 2195 1935 2272">
     <span class='ocr_line' id='line_1_24' title="bbox 349 2195 1935 2272; baseline -0.005 -15"><span class='ocrx_word' id='word_1_177' title='bbox 349 2201 792 2272; x_wconf 79' lang='lat' dir='ltr'><strong>multiplicesque</strong></span> <span class='ocrx_word' id='word_1_178' title='bbox 826 2200 1121 2256; x_wconf 91' lang='lat' dir='ltr'><strong>admodum</strong></span> <span class='ocrx_word' id='word_1_179' title='bbox 1145 2199 1368 2270; x_wconf 85' lang='lat' dir='ltr'><strong>pietatis</strong></span> <span class='ocrx_word' id='word_1_180' title='bbox 1395 2198 1450 2250; x_wconf 91' lang='lat' dir='ltr'><strong>in</strong></span> <span class='ocrx_word' id='word_1_181' title='bbox 1488 2197 1658 2252; x_wconf 91' lang='lat' dir='ltr'><strong>Deum</strong></span> <span class='ocrx_word' id='word_1_182' title='bbox 1705 2195 1935 2250; x_wconf 84' lang='lat' dir='ltr'><strong>fructus.</strong></span> 
     </span>
    </p>
   </div>
   <div class='ocr_carea' id='block_1_25' title="bbox 349 2281 1942 2350">
    <p class='ocr_par' dir='ltr' id='par_1_25' title="bbox 349 2281 1942 2350">
     <span class='ocr_line' id='line_1_25' title="bbox 349 2281 1942 2350; baseline -0.006 -1"><span class='ocrx_word' id='word_1_183' title='bbox 349 2293 570 2349; x_wconf 91' lang='lat' dir='ltr'><strong>Dictum</strong></span> <span class='ocrx_word' id='word_1_184' title='bbox 600 2300 684 2348; x_wconf 89' lang='lat' dir='ltr'><strong>est</strong></span> <span class='ocrx_word' id='word_1_185' title='bbox 722 2292 872 2347; x_wconf 92' lang='lat' dir='ltr'><strong>enim</strong></span> <span class='ocrx_word' id='word_1_186' title='bbox 909 2291 978 2346; x_wconf 89' lang='lat' dir='ltr'><strong>ad</strong></span> <span class='ocrx_word' id='word_1_187' title='bbox 1021 2291 1260 2345; x_wconf 86' lang='lat' dir='ltr'><strong>Filium:</strong></span> <span class='ocrx_word' id='word_1_188' title='bbox 1295 2310 1312 2341; x_wconf 87' lang='grc' dir='ltr'><strong>ι</strong></span> <span class='ocrx_word' id='word_1_189' title='bbox 1345 2288 1590 2344; x_wconf 85' lang='lat' dir='ltr'><strong>Visitasti</strong></span> <span class='ocrx_word' id='word_1_190' title='bbox 1634 2281 1858 2350; x_wconf 76' lang='lat' dir='ltr'><strong>terram,</strong></span> <span class='ocrx_word' id='word_1_191' title='bbox 1885 2293 1942 2342; x_wconf 91' lang='lat' dir='ltr'><strong>et</strong></span> 
     </span>
    </p>
   </div>
   <div class='ocr_carea' id='block_1_26' title="bbox 351 2379 1932 2452">
    <p class='ocr_par' dir='ltr' id='par_1_26' title="bbox 351 2379 1932 2452">
     <span class='ocr_line' id='line_1_26' title="bbox 351 2379 1932 2452; baseline -0.006 -13"><span class='ocrx_word' id='word_1_192' title='bbox 351 2383 636 2440; x_wconf 90' lang='lat' dir='ltr'><strong>incbriasti</strong></span> <span class='ocrx_word' id='word_1_193' title='bbox 658 2399 802 2446; x_wconf 90' lang='lat' dir='ltr'><strong>eam,</strong></span> <span class='ocrx_word' id='word_1_194' title='bbox 824 2390 881 2437; x_wconf 92' lang='lat' dir='ltr'><strong>et</strong></span> <span class='ocrx_word' id='word_1_195' title='bbox 902 2381 1277 2452; x_wconf 86' lang='lat' dir='ltr'><strong>multiplicain</strong></span> <span class='ocrx_word' id='word_1_196' title='bbox 1301 2388 1364 2434; x_wconf 90' lang='lat' dir='ltr'><strong>ut</strong></span> <span class='ocrx_word' id='word_1_197' title='bbox 1397 2380 1569 2450; x_wconf 88' lang='lat' dir='ltr'><strong>ipsam</strong></span> <span class='ocrx_word' id='word_1_198' title='bbox 1594 2379 1880 2434; x_wconf 82' lang='lat' dir='ltr'><strong>ditares”.</strong></span> <span class='ocrx_word' id='word_1_199' title='bbox 1915 2397 1932 2429; x_wconf 75' lang='grc' dir='ltr'><strong>ι</strong></span> 
     </span>
    </p>
   </div>
   <div class='ocr_carea' id='block_1_27' title="bbox 349 2471 1940 2544">
    <p class='ocr_par' dir='ltr' id='par_1_27' title="bbox 349 2471 1940 2544">
     <span class='ocr_line' id='line_1_27' title="bbox 349 2471 1940 2544; baseline -0.004 -14"><span class='ocrx_word' id='word_1_200' title='bbox 349 2474 522 2531; x_wconf 88' lang='lat' dir='ltr'><strong>Porro</strong></span> <span class='ocrx_word' id='word_1_201' title='bbox 544 2474 691 2544; x_wconf 92' lang='lat' dir='ltr'><strong>quod</strong></span> <span class='ocrx_word' id='word_1_202' title='bbox 719 2474 774 2530; x_wconf 91' lang='lat' dir='ltr'><strong>ei</strong></span> <span class='ocrx_word' id='word_1_203' title='bbox 799 2473 927 2528; x_wconf 90' lang='lat' dir='ltr'><strong>data</strong></span> <span class='ocrx_word' id='word_1_204' title='bbox 951 2473 1023 2528; x_wconf 85' lang='lat' dir='ltr'><strong>sit</strong></span> <span class='ocrx_word' id='word_1_205' title='bbox 1055 2480 1113 2528; x_wconf 89' lang='lat' dir='ltr'><strong>et</strong></span> <span class='ocrx_word' id='word_1_206' title='bbox 1151 2487 1392 2542; x_wconf 89' lang='lat' dir='ltr'><strong>superna</strong></span> <span class='ocrx_word' id='word_1_207' title='bbox 1412 2471 1746 2535; x_wconf 81' lang='lat' dir='ltr'><strong>benedictio,</strong></span> <span class='ocrx_word' id='word_1_208' title='bbox 1789 2477 1845 2525; x_wconf 91' lang='lat' dir='ltr'><strong>et</strong></span> <span class='ocrx_word' id='word_1_209' title='bbox 1875 2485 1940 2524; x_wconf 92' lang='lat' dir='ltr'><strong>ea</strong></span> 
     </span>
    </p>
   </div>
   <div class='ocr_carea' id='block_1_28' title="bbox 349 2561 1936 2636">
    <p class='ocr_par' dir='ltr' id='par_1_28' title="bbox 349 2561 1936 2636">
     <span class='ocr_line' id='line_1_28' title="bbox 349 2561 1936 2636; baseline -0.004 -15"><span class='ocrx_word' id='word_1_210' title='bbox 349 2581 474 2636; x_wconf 72' lang='lat' dir='ltr'><strong>qua:</strong></span> <span class='ocrx_word' id='word_1_211' title='bbox 497 2575 581 2621; x_wconf 93' lang='lat' dir='ltr'><strong>est</strong></span> <span class='ocrx_word' id='word_1_212' title='bbox 607 2565 662 2619; x_wconf 90' lang='lat' dir='ltr'><strong>in</strong></span> <span class='ocrx_word' id='word_1_213' title='bbox 690 2573 834 2620; x_wconf 85' lang='lat' dir='ltr'><strong>terra</strong></span> <span class='ocrx_word' id='word_1_214' title='bbox 856 2579 1114 2635; x_wconf 80' lang='lat' dir='ltr'><strong>expresse</strong></span> <span class='ocrx_word' id='word_1_215' title='bbox 1159 2562 1525 2618; x_wconf 84' lang='lat' dir='ltr'><strong>conﬁrmatur</strong></span> <span class='ocrx_word' id='word_1_216' title='bbox 1561 2561 1649 2616; x_wconf 89' lang='lat' dir='ltr'><strong>bis</strong></span> <span class='ocrx_word' id='word_1_217' title='bbox 1700 2561 1889 2617; x_wconf 84' lang='lat' dir='ltr'><strong>verbis</strong></span> <span class='ocrx_word' id='word_1_218' title='bbox 1923 2579 1936 2614; x_wconf 88' lang='lat'><strong>:</strong></span> 
     </span>
    </p>
   </div>
   <div class='ocr_carea' id='block_1_29' title="bbox 359 2653 1944 2726">
    <p class='ocr_par' dir='ltr' id='par_1_29' title="bbox 359 2653 1944 2726">
     <span class='ocr_line' id='line_1_29' title="bbox 359 2653 1944 2726; baseline -0.001 -19"><span class='ocrx_word' id='word_1_219' title='bbox 359 2675 377 2707; x_wconf 83' lang='grc' dir='ltr'><strong>ι</strong></span> <span class='ocrx_word' id='word_1_220' title='bbox 407 2656 642 2726; x_wconf 88' lang='lat' dir='ltr'><strong>Propter</strong></span> <span class='ocrx_word' id='word_1_221' title='bbox 675 2655 1121 2712; x_wconf 90' lang='lat' dir='ltr'><strong>benedictionem</strong></span> <span class='ocrx_word' id='word_1_222' title='bbox 1145 2654 1379 2708; x_wconf 88' lang='lat' dir='ltr'><strong>uberum</strong></span> <span class='ocrx_word' id='word_1_223' title='bbox 1406 2663 1462 2708; x_wconf 89' lang='lat' dir='ltr'><strong>et</strong></span> <span class='ocrx_word' id='word_1_224' title='bbox 1485 2653 1681 2717; x_wconf 60' lang='lat' dir='ltr'><strong>vulvaa,</strong></span> <span class='ocrx_word' id='word_1_225' title='bbox 1718 2660 1944 2724; x_wconf 90' lang='lat' dir='ltr'><strong>pr0pter</strong></span> 
     </span>
    </p>
   </div>
   <div class='ocr_carea' id='block_1_30' title="bbox 350 2741 1943 2815">
    <p class='ocr_par' dir='ltr' id='par_1_30' title="bbox 350 2741 1943 2815">
     <span class='ocr_line' id='line_1_30' title="bbox 350 2741 1943 2815; baseline -0.003 -14"><span class='ocrx_word' id='word_1_226' title='bbox 350 2747 795 2802; x_wconf 86' lang='lat' dir='ltr'><strong>benedictionem</strong></span> <span class='ocrx_word' id='word_1_227' title='bbox 835 2746 1008 2815; x_wconf 86' lang='lat' dir='ltr'><strong>patris</strong></span> <span class='ocrx_word' id='word_1_228' title='bbox 1045 2753 1102 2799; x_wconf 90' lang='lat' dir='ltr'><strong>et</strong></span> <span class='ocrx_word' id='word_1_229' title='bbox 1127 2743 1340 2804; x_wconf 88' lang='lat' dir='ltr'><strong>matris.</strong></span> <span class='ocrx_word' id='word_1_230' title='bbox 1380 2751 1469 2798; x_wconf 89' lang='lat' dir='ltr'><strong>etc</strong></span> <span class='ocrx_word' id='word_1_231' title='bbox 1488 2744 1553 2796; x_wconf 76' lang='lat'><strong>&quot;.</strong></span> <span class='ocrx_word' id='word_1_232' title='bbox 1583 2761 1600 2794; x_wconf 76' lang='grc' dir='ltr'><strong>ι</strong></span> <span class='ocrx_word' id='word_1_233' title='bbox 1635 2742 1711 2796; x_wconf 80' lang='lat' dir='ltr'><strong>Ex</strong></span> <span class='ocrx_word' id='word_1_234' title='bbox 1737 2741 1943 2811; x_wconf 86' lang='lat' dir='ltr'><strong>quibus</strong></span> 
     </span>
    </p>
   </div>
   <div class='ocr_carea' id='block_1_31' title="bbox 350 2833 1942 2907">
    <p class='ocr_par' dir='ltr' id='par_1_31' title="bbox 350 2833 1942 2907">
     <span class='ocr_line' id='line_1_31' title="bbox 350 2833 1942 2907; baseline -0.003 -14"><span class='ocrx_word' id='word_1_235' title='bbox 350 2838 536 2893; x_wconf 90' lang='lat' dir='ltr'><strong>verbis</strong></span> <span class='ocrx_word' id='word_1_236' title='bbox 565 2846 754 2907; x_wconf 87' lang='lat' dir='ltr'><strong>aperte</strong></span> <span class='ocrx_word' id='word_1_237' title='bbox 783 2844 839 2892; x_wconf 90' lang='lat' dir='ltr'><strong>et</strong></span> <span class='ocrx_word' id='word_1_238' title='bbox 859 2835 1148 2892; x_wconf 89' lang='lat' dir='ltr'><strong>evidenter</strong></span> <span class='ocrx_word' id='word_1_239' title='bbox 1175 2835 1454 2907; x_wconf 79' lang='lat' dir='ltr'><strong>generatio</strong></span> <span class='ocrx_word' id='word_1_240' title='bbox 1483 2833 1646 2906; x_wconf 66' lang='grc'><strong>240</strong></span> <span class='ocrx_word' id='word_1_241' title='bbox 1663 2834 1942 2905; x_wconf 80' lang='lat' dir='ltr'><strong>Unigeniti</strong></span> 
     </span>
    </p>
   </div>
   <div class='ocr_carea' id='block_1_32' title="bbox 350 2928 1941 2999">
    <p class='ocr_par' dir='ltr' id='par_1_32' title="bbox 350 2928 1941 2999">
     <span class='ocr_line' id='line_1_32' title="bbox 350 2928 1941 2999; baseline -0.003 -14"><span class='ocrx_word' id='word_1_242' title='bbox 350 2945 421 2985; x_wconf 73' lang='lat' dir='ltr'><strong>ex</strong></span> <span class='ocrx_word' id='word_1_243' title='bbox 459 2931 568 2985; x_wconf 91' lang='lat' dir='ltr'><strong>Deo</strong></span> <span class='ocrx_word' id='word_1_244' title='bbox 621 2938 677 2985; x_wconf 91' lang='lat' dir='ltr'><strong>et</strong></span> <span class='ocrx_word' id='word_1_245' title='bbox 702 2929 901 2993; x_wconf 89' lang='lat' dir='ltr'><strong>Patre,</strong></span> <span class='ocrx_word' id='word_1_246' title='bbox 966 2943 1183 2986; x_wconf 89' lang='lat' dir='ltr'><strong>necnon</strong></span> <span class='ocrx_word' id='word_1_247' title='bbox 1229 2928 1511 2999; x_wconf 79' lang='lat' dir='ltr'><strong>generatio</strong></span> <span class='ocrx_word' id='word_1_248' title='bbox 1550 2943 1649 2998; x_wconf 91' lang='lat' dir='ltr'><strong>per</strong></span> <span class='ocrx_word' id='word_1_249' title='bbox 1697 2935 1941 2982; x_wconf 89' lang='lat' dir='ltr'><strong>sanctam</strong></span> 
     </span>
    </p>
   </div>
   <div class='ocr_carea' id='block_1_33' title="bbox 351 3019 1941 3093">
    <p class='ocr_par' dir='ltr' id='par_1_33' title="bbox 351 3019 1941 3093">
     <span class='ocr_line' id='line_1_33' title="bbox 351 3019 1941 3093; baseline -0.004 -15"><span class='ocrx_word' id='word_1_250' title='bbox 351 3020 951 3093; x_wconf 52' lang='lat' dir='ltr'><strong>Virginequuatenus</strong></span> <span class='ocrx_word' id='word_1_251' title='bbox 976 3021 1191 3077; x_wconf 86' lang='lat' dir='ltr'><strong>scilicet</strong></span> <span class='ocrx_word' id='word_1_252' title='bbox 1231 3021 1557 3092; x_wconf 78' lang='lat' dir='ltr'><strong>intelligitur</strong></span> <span class='ocrx_word' id='word_1_253' title='bbox 1597 3029 1654 3074; x_wconf 91' lang='lat' dir='ltr'><strong>et</strong></span> <span class='ocrx_word' id='word_1_254' title='bbox 1690 3019 1941 3090; x_wconf 84' lang='lat' dir='ltr'><strong>apparuit</strong></span> 
     </span>
    </p>
   </div>
   <div class='ocr_carea' id='block_1_34' title="bbox 351 3112 1940 3180">
    <p class='ocr_par' dir='ltr' id='par_1_34' title="bbox 351 3112 1940 3180">
     <span class='ocr_line' id='line_1_34' title="bbox 351 3112 1940 3180; baseline -0.001 -14"><span class='ocrx_word' id='word_1_255' title='bbox 351 3112 537 3179; x_wconf 86' lang='lat' dir='ltr'><strong>homo,</strong></span> <span class='ocrx_word' id='word_1_256' title='bbox 579 3114 908 3169; x_wconf 87' lang='lat' dir='ltr'><strong>declaratur.</strong></span> <span class='ocrx_word' id='word_1_257' title='bbox 936 3113 1072 3167; x_wconf 88' lang='lat' dir='ltr'><strong>Nam</strong></span> <span class='ocrx_word' id='word_1_258' title='bbox 1102 3127 1229 3166; x_wconf 89' lang='lat' dir='ltr'><strong>cum</strong></span> <span class='ocrx_word' id='word_1_259' title='bbox 1271 3119 1462 3180; x_wconf 89' lang='lat' dir='ltr'><strong>suapte</strong></span> <span class='ocrx_word' id='word_1_260' title='bbox 1488 3118 1685 3164; x_wconf 90' lang='lat' dir='ltr'><strong>natura</strong></span> <span class='ocrx_word' id='word_1_261' title='bbox 1711 3125 1773 3164; x_wconf 90' lang='lat' dir='ltr'><strong>ac</strong></span> <span class='ocrx_word' id='word_1_262' title='bbox 1811 3125 1940 3164; x_wconf 84' lang='lat' dir='ltr'><strong>vere</strong></span> 
     </span>
    </p>
   </div>
   <div class='ocr_carea' id='block_1_35' title="bbox 352 3203 1941 3274">
    <p class='ocr_par' dir='ltr' id='par_1_35' title="bbox 352 3203 1941 3274">
     <span class='ocr_line' id='line_1_35' title="bbox 352 3203 1941 3274; baseline -0.001 -14"><span class='ocrx_word' id='word_1_263' title='bbox 352 3204 522 3260; x_wconf 87' lang='lat' dir='ltr'><strong>Filius</strong></span> <span class='ocrx_word' id='word_1_264' title='bbox 553 3206 646 3260; x_wconf 81' lang='lat' dir='ltr'><strong>Dei</strong></span> <span class='ocrx_word' id='word_1_265' title='bbox 679 3216 736 3260; x_wconf 91' lang='lat' dir='ltr'><strong>et</strong></span> <span class='ocrx_word' id='word_1_266' title='bbox 763 3206 943 3260; x_wconf 83' lang='lat' dir='ltr'><strong>Patris</strong></span> <span class='ocrx_word' id='word_1_267' title='bbox 969 3213 1144 3268; x_wconf 83' lang='lat' dir='ltr'><strong>esset,</strong></span> <span class='ocrx_word' id='word_1_268' title='bbox 1172 3215 1400 3274; x_wconf 86' lang='lat' dir='ltr'><strong>propter</strong></span> <span class='ocrx_word' id='word_1_269' title='bbox 1424 3219 1526 3258; x_wconf 91' lang='lat' dir='ltr'><strong>nos</strong></span> <span class='ocrx_word' id='word_1_270' title='bbox 1555 3203 1816 3258; x_wconf 86' lang='lat' dir='ltr'><strong>sustinuit</strong></span> <span class='ocrx_word' id='word_1_271' title='bbox 1843 3219 1941 3273; x_wconf 89' lang='lat' dir='ltr'><strong>per</strong></span> 
     </span>
    </p>
   </div>
   <div class='ocr_carea' id='block_1_36' title="bbox 351 3295 1940 3365">
    <p class='ocr_par' dir='ltr' id='par_1_36' title="bbox 351 3295 1940 3365">
     <span class='ocr_line' id='line_1_36' title="bbox 351 3295 1940 3365; baseline 0.001 -15"><span class='ocrx_word' id='word_1_272' title='bbox 351 3295 640 3351; x_wconf 85' lang='lat' dir='ltr'><strong>mulierem</strong></span> <span class='ocrx_word' id='word_1_273' title='bbox 664 3311 728 3350; x_wconf 90' lang='lat' dir='ltr'><strong>ac</strong></span> <span class='ocrx_word' id='word_1_274' title='bbox 747 3296 966 3349; x_wconf 80' lang='lat' dir='ltr'><strong>vulvam</strong></span> <span class='ocrx_word' id='word_1_275' title='bbox 991 3295 1165 3358; x_wconf 89' lang='lat' dir='ltr'><strong>nasci,</strong></span> <span class='ocrx_word' id='word_1_276' title='bbox 1206 3295 1484 3364; x_wconf 88' lang='lat' dir='ltr'><strong>uberaque</strong></span> <span class='ocrx_word' id='word_1_277' title='bbox 1509 3310 1723 3365; x_wconf 76' lang='lat' dir='ltr'><strong>sugere.</strong></span> <span class='ocrx_word' id='word_1_278' title='bbox 1751 3295 1940 3365; x_wconf 84' lang='lat' dir='ltr'><strong>Neque</strong></span> 
     </span>
    </p>
   </div>
   <div class='ocr_carea' id='block_1_37' title="bbox 349 3384 1940 3456">
    <p class='ocr_par' dir='ltr' id='par_1_37' title="bbox 349 3384 1940 3456">
     <span class='ocr_line' id='line_1_37' title="bbox 349 3384 1940 3456; baseline 0 -15"><span class='ocrx_word' id='word_1_279' title='bbox 349 3387 521 3450; x_wconf 88' lang='lat' dir='ltr'><strong>enim,</strong></span> <span class='ocrx_word' id='word_1_280' title='bbox 546 3394 606 3441; x_wconf 92' lang='lat' dir='ltr'><strong>ut</strong></span> <span class='ocrx_word' id='word_1_281' title='bbox 628 3385 850 3456; x_wconf 88' lang='lat' dir='ltr'><strong>quidam</strong></span> <span class='ocrx_word' id='word_1_282' title='bbox 868 3384 1080 3450; x_wconf 86' lang='lat' dir='ltr'><strong>volunt,</strong></span> <span class='ocrx_word' id='word_1_283' title='bbox 1097 3386 1422 3456; x_wconf 77' lang='lat' dir='ltr'><strong>imaginarie</strong></span> <span class='ocrx_word' id='word_1_284' title='bbox 1442 3385 1620 3441; x_wconf 81' lang='lat' dir='ltr'><strong>factus</strong></span> <span class='ocrx_word' id='word_1_285' title='bbox 1646 3395 1731 3442; x_wconf 92' lang='lat' dir='ltr'><strong>est</strong></span> <span class='ocrx_word' id='word_1_286' title='bbox 1751 3387 1940 3452; x_wconf 88' lang='lat' dir='ltr'><strong>homo,</strong></span> 
     </span>
    </p>
   </div>
   <div class='ocr_carea' id='block_1_38' title="bbox 351 3478 1942 3550">
    <p class='ocr_par' dir='ltr' id='par_1_38' title="bbox 351 3478 1942 3550">
     <span class='ocr_line' id='line_1_38' title="bbox 351 3478 1942 3550; baseline 0.001 -15"><span class='ocrx_word' id='word_1_287' title='bbox 351 3479 448 3535; x_wconf 87' lang='lat' dir='ltr'><strong>sed</strong></span> <span class='ocrx_word' id='word_1_288' title='bbox 481 3494 671 3535; x_wconf 89' lang='lat' dir='ltr'><strong>revera</strong></span> <span class='ocrx_word' id='word_1_289' title='bbox 713 3479 886 3532; x_wconf 91' lang='lat' dir='ltr'><strong>nostri</strong></span> <span class='ocrx_word' id='word_1_290' title='bbox 916 3478 1114 3533; x_wconf 90' lang='lat' dir='ltr'><strong>similis</strong></span> <span class='ocrx_word' id='word_1_291' title='bbox 1141 3487 1227 3533; x_wconf 89' lang='lat' dir='ltr'><strong>est</strong></span> <span class='ocrx_word' id='word_1_292' title='bbox 1245 3479 1498 3544; x_wconf 85' lang='lat' dir='ltr'><strong>eli‘ectus,</strong></span> <span class='ocrx_word' id='word_1_293' title='bbox 1549 3487 1763 3538; x_wconf 60' lang='lat' dir='ltr'><strong>natura:</strong></span> <span class='ocrx_word' id='word_1_294' title='bbox 1793 3481 1942 3550; x_wconf 74' lang='lat' dir='ltr'><strong>leges</strong></span> 
     </span>
    </p>
   </div>
   <div class='ocr_carea' id='block_1_39' title="bbox 350 3571 1941 3643">
    <p class='ocr_par' dir='ltr' id='par_1_39' title="bbox 350 3571 1941 3643">
     <span class='ocr_line' id='line_1_39' title="bbox 350 3571 1941 3643; baseline 0.003 -19"><span class='ocrx_word' id='word_1_295' title='bbox 350 3586 605 3640; x_wconf 82' lang='lat' dir='ltr'><strong>sequens,</strong></span> <span class='ocrx_word' id='word_1_296' title='bbox 639 3581 696 3626; x_wconf 90' lang='lat' dir='ltr'><strong>et</strong></span> <span class='ocrx_word' id='word_1_297' title='bbox 719 3571 844 3626; x_wconf 89' lang='lat' dir='ltr'><strong>cibo</strong></span> <span class='ocrx_word' id='word_1_298' title='bbox 889 3579 1068 3637; x_wconf 90' lang='lat' dir='ltr'><strong>utens,</strong></span> <span class='ocrx_word' id='word_1_299' title='bbox 1113 3572 1472 3643; x_wconf 73' lang='lat' dir='ltr'><strong>etiamsijpse</strong></span> <span class='ocrx_word' id='word_1_300' title='bbox 1497 3573 1702 3643; x_wconf 87' lang='lat' dir='ltr'><strong>alioqui</strong></span> <span class='ocrx_word' id='word_1_301' title='bbox 1733 3575 1941 3630; x_wconf 90' lang='lat' dir='ltr'><strong>mundo</strong></span> 
     </span>
    </p>
   </div>
   <div class='ocr_carea' id='block_1_40' title="bbox 350 3661 1938 3736">
    <p class='ocr_par' dir='ltr' id='par_1_40' title="bbox 350 3661 1938 3736">
     <span class='ocr_line' id='line_1_40' title="bbox 350 3661 1938 3736; baseline 0.003 -21"><span class='ocrx_word' id='word_1_302' title='bbox 350 3661 518 3715; x_wconf 85' lang='lat' dir='ltr'><strong>vitam</strong></span> <span class='ocrx_word' id='word_1_303' title='bbox 570 3661 967 3732; x_wconf 87' lang='lat' dir='ltr'><strong>suppeditaret.</strong></span> <span class='ocrx_word' id='word_1_304' title='bbox 1002 3662 1214 3718; x_wconf 82' lang='lat' dir='ltr'><strong>Idcirco</strong></span> <span class='ocrx_word' id='word_1_305' title='bbox 1259 3664 1404 3718; x_wconf 87' lang='lat' dir='ltr'><strong>etB.</strong></span> <span class='ocrx_word' id='word_1_306' title='bbox 1447 3664 1633 3729; x_wconf 85' lang='lat' dir='ltr'><strong>Isaias,</strong></span> <span class='ocrx_word' id='word_1_307' title='bbox 1680 3674 1938 3736; x_wconf 90' lang='lat' dir='ltr'><strong>tanquam</strong></span> 
     </span>
    </p>
   </div>
   <div class='ocr_carea' id='block_1_41' title="bbox 351 3751 1940 3824">
    <p class='ocr_par' dir='ltr' id='par_1_41' title="bbox 351 3751 1940 3824">
     <span class='ocr_line' id='line_1_41' title="bbox 351 3751 1940 3824; baseline 0.001 -16"><span class='ocrx_word' id='word_1_308' title='bbox 351 3751 660 3808; x_wconf 85' lang='lat' dir='ltr'><strong>certissimo</strong></span> <span class='ocrx_word' id='word_1_309' title='bbox 710 3762 1036 3824; x_wconf 78' lang='lat' dir='ltr'><strong>argumento</strong></span> <span class='ocrx_word' id='word_1_310' title='bbox 1079 3754 1334 3824; x_wconf 88' lang='lat' dir='ltr'><strong>probavit</strong></span> <span class='ocrx_word' id='word_1_311' title='bbox 1383 3770 1568 3810; x_wconf 91' lang='lat' dir='ltr'><strong>veram</strong></span> <span class='ocrx_word' id='word_1_312' title='bbox 1603 3756 1818 3811; x_wconf 88' lang='lat' dir='ltr'><strong>Domini</strong></span> <span class='ocrx_word' id='word_1_313' title='bbox 1851 3758 1940 3810; x_wconf 84' lang='lat' dir='ltr'><strong>in-</strong></span> 
     </span>
    </p>
   </div>
   <div class='ocr_carea' id='block_1_42' title="bbox 351 3843 1949 3917">
    <p class='ocr_par' dir='ltr' id='par_1_42' title="bbox 351 3843 1949 3917">
     <span class='ocr_line' id='line_1_42' title="bbox 351 3843 1949 3917; baseline 0.003 -19"><span class='ocrx_word' id='word_1_314' title='bbox 351 3843 724 3899; x_wconf 86' lang='lat' dir='ltr'><strong>carnationem</strong></span> <span class='ocrx_word' id='word_1_315' title='bbox 760 3860 828 3900; x_wconf 83' lang='lat' dir='ltr'><strong>ex</strong></span> <span class='ocrx_word' id='word_1_316' title='bbox 851 3861 920 3900; x_wconf 89' lang='lat' dir='ltr'><strong>eo</strong></span> <span class='ocrx_word' id='word_1_317' title='bbox 964 3845 1112 3916; x_wconf 92' lang='lat' dir='ltr'><strong>quod</strong></span> <span class='ocrx_word' id='word_1_318' title='bbox 1145 3846 1425 3917; x_wconf 82' lang='lat' dir='ltr'><strong>indigebat</strong></span> <span class='ocrx_word' id='word_1_319' title='bbox 1467 3848 1730 3904; x_wconf 86' lang='lat' dir='ltr'><strong>alimento</strong></span> <span class='ocrx_word' id='word_1_320' title='bbox 1764 3847 1949 3903; x_wconf 36' lang='lat' dir='ltr'><strong>infans</strong></span> 
     </span>
    </p>
   </div>
   <div class='ocr_carea' id='block_1_43' title="bbox 351 3932 1939 4006">
    <p class='ocr_par' dir='ltr' id='par_1_43' title="bbox 351 3932 1939 4006">
     <span class='ocr_line' id='line_1_43' title="bbox 351 3932 1939 4006; baseline 0.006 -19"><span class='ocrx_word' id='word_1_321' title='bbox 351 3933 510 3997; x_wconf 91' lang='lat' dir='ltr'><strong>tium,</strong></span> <span class='ocrx_word' id='word_1_322' title='bbox 547 3932 736 3989; x_wconf 90' lang='lat' dir='ltr'><strong>dicens</strong></span> <span class='ocrx_word' id='word_1_323' title='bbox 765 3953 776 3988; x_wconf 92' lang='lat'><strong>:</strong></span> <span class='ocrx_word' id='word_1_324' title='bbox 815 3935 1108 4006; x_wconf 66' lang='lat' dir='ltr'><strong>«Butyrum</strong></span> <span class='ocrx_word' id='word_1_325' title='bbox 1139 3943 1195 3990; x_wconf 91' lang='lat' dir='ltr'><strong>et</strong></span> <span class='ocrx_word' id='word_1_326' title='bbox 1220 3937 1326 3992; x_wconf 85' lang='lat' dir='ltr'><strong>mel</strong></span> <span class='ocrx_word' id='word_1_327' title='bbox 1357 3938 1608 3994; x_wconf 89' lang='lat' dir='ltr'><strong>comedet</strong></span> <span class='ocrx_word' id='word_1_328' title='bbox 1627 3939 1692 3993; x_wconf 76' lang='lat'><strong>&quot;.</strong></span> <span class='ocrx_word' id='word_1_329' title='bbox 1715 3959 1731 3991; x_wconf 75' lang='grc' dir='ltr'><strong>ι</strong></span> <span class='ocrx_word' id='word_1_330' title='bbox 1760 3940 1939 3996; x_wconf 90' lang='lat' dir='ltr'><strong>Bene-</strong></span> 
     </span>
    </p>
   </div>
   <div class='ocr_carea' id='block_1_44' title="bbox 350 4024 1938 4097">
    <p class='ocr_par' dir='ltr' id='par_1_44' title="bbox 350 4024 1938 4097">
     <span class='ocr_line' id='line_1_44' title="bbox 350 4024 1938 4097; baseline 0.005 -19"><span class='ocrx_word' id='word_1_331' title='bbox 350 4024 534 4080; x_wconf 90' lang='lat' dir='ltr'><strong>dictus</strong></span> <span class='ocrx_word' id='word_1_332' title='bbox 556 4041 689 4097; x_wconf 76' lang='lat' dir='ltr'><strong>ergo</strong></span> <span class='ocrx_word' id='word_1_333' title='bbox 713 4033 798 4081; x_wconf 85' lang='lat' dir='ltr'><strong>est</strong></span> <span class='ocrx_word' id='word_1_334' title='bbox 819 4041 984 4082; x_wconf 87' lang='lat' dir='ltr'><strong>causa</strong></span> <span class='ocrx_word' id='word_1_335' title='bbox 1011 4027 1244 4082; x_wconf 87' lang='lat' dir='ltr'><strong>uberum</strong></span> <span class='ocrx_word' id='word_1_336' title='bbox 1272 4036 1330 4083; x_wconf 92' lang='lat' dir='ltr'><strong>et</strong></span> <span class='ocrx_word' id='word_1_337' title='bbox 1353 4029 1546 4084; x_wconf 64' lang='lat' dir='ltr'><strong>vulvae.</strong></span> <span class='ocrx_word' id='word_1_338' title='bbox 1578 4029 1737 4096; x_wconf 88' lang='lat' dir='ltr'><strong>Nam,</strong></span> <span class='ocrx_word' id='word_1_339' title='bbox 1762 4040 1824 4086; x_wconf 91' lang='lat' dir='ltr'><strong>ut</strong></span> <span class='ocrx_word' id='word_1_340' title='bbox 1842 4047 1938 4086; x_wconf 87' lang='lat' dir='ltr'><strong>su-</strong></span> 
     </span>
    </p>
   </div>
   <div class='ocr_carea' id='block_1_45' title="bbox 349 4113 1940 4184">
    <p class='ocr_par' dir='ltr' id='par_1_45' title="bbox 349 4113 1940 4184">
     <span class='ocr_line' id='line_1_45' title="bbox 349 4113 1940 4184; baseline 0.006 -17"><span class='ocrx_word' id='word_1_341' title='bbox 349 4129 447 4183; x_wconf 89' lang='lat' dir='ltr'><strong>pra</strong></span> <span class='ocrx_word' id='word_1_342' title='bbox 487 4113 621 4178; x_wconf 78' lang='lat' dir='ltr'><strong>dixi,</strong></span> <span class='ocrx_word' id='word_1_343' title='bbox 660 4125 1015 4184; x_wconf 90' lang='lat' dir='ltr'><strong>posteaquam</strong></span> <span class='ocrx_word' id='word_1_344' title='bbox 1040 4116 1218 4172; x_wconf 80' lang='lat' dir='ltr'><strong>factus</strong></span> <span class='ocrx_word' id='word_1_345' title='bbox 1261 4126 1346 4171; x_wconf 91' lang='lat' dir='ltr'><strong>est</strong></span> <span class='ocrx_word' id='word_1_346' title='bbox 1381 4118 1567 4183; x_wconf 87' lang='lat' dir='ltr'><strong>homo,</strong></span> <span class='ocrx_word' id='word_1_347' title='bbox 1593 4129 1649 4175; x_wconf 93' lang='lat' dir='ltr'><strong>et</strong></span> <span class='ocrx_word' id='word_1_348' title='bbox 1671 4121 1940 4177; x_wconf 89' lang='lat' dir='ltr'><strong>obediens</strong></span> 
     </span>
    </p>
   </div>
   <div class='ocr_carea' id='block_1_46' title="bbox 351 4204 1935 4272">
    <p class='ocr_par' dir='ltr' id='par_1_46' title="bbox 351 4204 1935 4272">
     <span class='ocr_line' id='line_1_46' title="bbox 351 4204 1935 4272; baseline 0.006 -13"><span class='ocrx_word' id='word_1_349' title='bbox 351 4204 498 4259; x_wconf 89' lang='lat' dir='ltr'><strong>Patri</strong></span> <span class='ocrx_word' id='word_1_350' title='bbox 524 4219 696 4272; x_wconf 87' lang='lat' dir='ltr'><strong>usque</strong></span> <span class='ocrx_word' id='word_1_351' title='bbox 722 4204 790 4258; x_wconf 87' lang='lat' dir='ltr'><strong>ad</strong></span> <span class='ocrx_word' id='word_1_352' title='bbox 818 4214 1076 4270; x_wconf 90' lang='lat' dir='ltr'><strong>mortem,</strong></span> <span class='ocrx_word' id='word_1_353' title='bbox 1104 4207 1453 4262; x_wconf 63' lang='lat' dir='ltr'><strong>haereditavit</strong></span> <span class='ocrx_word' id='word_1_354' title='bbox 1474 4211 1579 4264; x_wconf 92' lang='lat' dir='ltr'><strong>sibi</strong></span> <span class='ocrx_word' id='word_1_355' title='bbox 1616 4227 1818 4268; x_wconf 89' lang='lat' dir='ltr'><strong>nomen</strong></span> <span class='ocrx_word' id='word_1_356' title='bbox 1841 4229 1935 4268; x_wconf 86' lang='lat' dir='ltr'><strong>su-</strong></span> 
     </span>
    </p>
   </div>
   <div class='ocr_carea' id='block_1_47' title="bbox 349 4297 1932 4370">
    <p class='ocr_par' dir='ltr' id='par_1_47' title="bbox 349 4297 1932 4370">
     <span class='ocr_line' id='line_1_47' title="bbox 349 4297 1932 4370; baseline 0.007 -23"><span class='ocrx_word' id='word_1_357' title='bbox 349 4309 450 4366; x_wconf 88' lang='lat' dir='ltr'><strong>per</strong></span> <span class='ocrx_word' id='word_1_358' title='bbox 478 4310 642 4350; x_wconf 93' lang='lat' dir='ltr'><strong>omne</strong></span> <span class='ocrx_word' id='word_1_359' title='bbox 676 4310 880 4351; x_wconf 91' lang='lat' dir='ltr'><strong>nomen</strong></span> <span class='ocrx_word' id='word_1_360' title='bbox 905 4297 972 4362; x_wconf 79' lang='lat'><strong>“,</strong></span> <span class='ocrx_word' id='word_1_361' title='bbox 998 4305 1054 4351; x_wconf 91' lang='lat' dir='ltr'><strong>et</strong></span> <span class='ocrx_word' id='word_1_362' title='bbox 1079 4297 1184 4367; x_wconf 91' lang='lat' dir='ltr'><strong>ipsi</strong></span> <span class='ocrx_word' id='word_1_363' title='bbox 1219 4317 1237 4348; x_wconf 77' lang='grc' dir='ltr'><strong>ι</strong></span> <span class='ocrx_word' id='word_1_364' title='bbox 1285 4298 1458 4354; x_wconf 91' lang='lat' dir='ltr'><strong>Omne</strong></span> <span class='ocrx_word' id='word_1_365' title='bbox 1481 4316 1626 4370; x_wconf 81' lang='lat' dir='ltr'><strong>genu</strong></span> <span class='ocrx_word' id='word_1_366' title='bbox 1658 4301 1932 4368; x_wconf 81' lang='lat' dir='ltr'><strong>(lectetur,</strong></span> 
     </span>
    </p>
   </div>
   <div class='ocr_carea' id='block_1_48' title="bbox 2036 453 3633 526">
    <p class='ocr_par' dir='ltr' id='par_1_48' title="bbox 2036 453 3633 526">
     <span class='ocr_line' id='line_1_48' title="bbox 2036 453 3633 526; baseline 0.003 -19"><span class='ocrx_word' id='word_1_367' title='bbox 2036 453 2184 521; x_wconf 85' lang='grc' dir='ltr'><strong>αὐτῷ</strong></span> <span class='ocrx_word' id='word_1_368' title='bbox 2213 453 2627 525; x_wconf 75' lang='grc' dir='ltr'><strong>παραθήγοντες</strong></span> <span class='ocrx_word' id='word_1_369' title='bbox 2657 454 2783 517; x_wconf 81' lang='grc' dir='ltr'>τοὺς</span> <span class='ocrx_word' id='word_1_370' title='bbox 2807 456 2970 508; x_wconf 77' lang='grc' dir='ltr'>οἰονεὶ</span> <span class='ocrx_word' id='word_1_371' title='bbox 3008 455 3504 526; x_wconf 72' lang='grc' dir='ltr'>τραυματίζοντας,</span> <span class='ocrx_word' id='word_1_372' title='bbox 3533 462 3633 514; x_wconf 68' lang='grc' dir='ltr'>καὶ</span> 
     </span>
    </p>
   </div>
   <div class='ocr_carea' id='block_1_49' title="bbox 2037 541 3630 615">
    <p class='ocr_par' dir='ltr' id='par_1_49' title="bbox 2037 541 3630 615">
     <span class='ocr_line' id='line_1_49' title="bbox 2037 541 3630 615; baseline 0.003 -19"><span class='ocrx_word' id='word_1_373' title='bbox 2037 543 2238 596; x_wconf 84' lang='grc' dir='ltr'>ἁκίδων</span> <span class='ocrx_word' id='word_1_374' title='bbox 2267 544 2324 595; x_wconf 84' lang='grc' dir='ltr'>ὲν</span> <span class='ocrx_word' id='word_1_375' title='bbox 2345 541 2495 609; x_wconf 76' lang='grc' dir='ltr'>τάξει</span> <span class='ocrx_word' id='word_1_376' title='bbox 2520 542 2804 612; x_wconf 72' lang='grc' dir='ltr'>μονονουχὶ</span> <span class='ocrx_word' id='word_1_377' title='bbox 2829 543 2922 595; x_wconf 80' lang='grc' dir='ltr'>καὶ</span> <span class='ocrx_word' id='word_1_378' title='bbox 2951 543 3429 615; x_wconf 79' lang='grc' dir='ltr'>ὲμπηγνυμένους,</span> <span class='ocrx_word' id='word_1_379' title='bbox 3455 545 3630 600; x_wconf 70' lang='grc' dir='ltr'>διάτοι</span> 
     </span>
    </p>
   </div>
   <div class='ocr_carea' id='block_1_50' title="bbox 2035 633 3632 709">
    <p class='ocr_par' dir='ltr' id='par_1_50' title="bbox 2035 633 3632 709">
     <span class='ocr_line' id='line_1_50' title="bbox 2035 633 3632 709; baseline 0.003 -21"><span class='ocrx_word' id='word_1_380' title='bbox 2035 636 2096 689; x_wconf 80' lang='grc' dir='ltr'>τὸ</span> <span class='ocrx_word' id='word_1_381' title='bbox 2139 635 2270 706; x_wconf 78' lang='grc' dir='ltr'>δρᾷν</span> <span class='ocrx_word' id='word_1_382' title='bbox 2310 634 2345 688; x_wconf 74' lang='grc' dir='ltr'><strong>ἃ</strong></span> <span class='ocrx_word' id='word_1_383' title='bbox 2383 635 2458 704; x_wconf 80' lang='grc' dir='ltr'>μὴ</span> <span class='ocrx_word' id='word_1_384' title='bbox 2505 633 2661 703; x_wconf 86' lang='grc' dir='ltr'>θέμις</span> <span class='ocrx_word' id='word_1_385' title='bbox 2690 634 3025 705; x_wconf 78' lang='grc' dir='ltr'>ἁποτολμᾷν,</span> <span class='ocrx_word' id='word_1_386' title='bbox 3059 637 3154 689; x_wconf 79' lang='grc' dir='ltr'><strong>καί</strong></span> <span class='ocrx_word' id='word_1_387' title='bbox 3189 636 3371 708; x_wconf 87' lang='grc' dir='ltr'>θηρῶν</span> <span class='ocrx_word' id='word_1_388' title='bbox 3418 639 3632 709; x_wconf 83' lang='grc' dir='ltr'>ἀγρίων</span> 
     </span>
    </p>
   </div>
   <div class='ocr_carea' id='block_1_51' title="bbox 2037 724 3632 797">
    <p class='ocr_par' dir='ltr' id='par_1_51' title="bbox 2037 724 3632 797">
     <span class='ocr_line' id='line_1_51' title="bbox 2037 724 3632 797; baseline 0.003 -18"><span class='ocrx_word' id='word_1_389' title='bbox 2037 725 2398 797; x_wconf 77' lang='grc' dir='ltr'>ὲπιθρὼσκειν</span> <span class='ocrx_word' id='word_1_390' title='bbox 2429 725 2602 794; x_wconf 80' lang='grc' dir='ltr'>δίκην.</span> <span class='ocrx_word' id='word_1_391' title='bbox 2653 724 2798 796; x_wconf 84' lang='grc' dir='ltr'>Πλὴν</span> <span class='ocrx_word' id='word_1_392' title='bbox 2824 727 3112 796; x_wconf 89' lang='grc' dir='ltr'>συνετρίϐη</span> <span class='ocrx_word' id='word_1_393' title='bbox 3150 727 3219 780; x_wconf 82' lang='grc' dir='ltr'>τὰ</span> <span class='ocrx_word' id='word_1_394' title='bbox 3259 729 3390 794; x_wconf 77' lang='grc' dir='ltr'>τόξα</span> <span class='ocrx_word' id='word_1_395' title='bbox 3422 731 3632 794; x_wconf 82' lang='grc' dir='ltr'>αὐτῶν,</span> 
     </span>
    </p>
   </div>
   <div class='ocr_carea' id='block_1_52' title="bbox 2039 816 3628 893">
    <p class='ocr_par' dir='ltr' id='par_1_52' title="bbox 2039 816 3628 893">
     <span class='ocr_line' id='line_1_52' title="bbox 2039 816 3628 893; baseline -0.003 -18"><span class='ocrx_word' id='word_1_396' title='bbox 2039 821 2134 874; x_wconf 78' lang='grc' dir='ltr'>καὶ</span> <span class='ocrx_word' id='word_1_397' title='bbox 2165 816 2388 888; x_wconf 73' lang='grc' dir='ltr'>ἐξελύθη</span> <span class='ocrx_word' id='word_1_398' title='bbox 2431 817 2599 890; x_wconf 91' lang='grc' dir='ltr'>νεῦρα</span> <span class='ocrx_word' id='word_1_399' title='bbox 2646 817 2946 889; x_wconf 74' lang='grc' dir='ltr'>βραχιόνων</span> <span class='ocrx_word' id='word_1_400' title='bbox 2979 819 3160 872; x_wconf 92' lang='grc' dir='ltr'>αὐτῶν</span> <span class='ocrx_word' id='word_1_401' title='bbox 3185 819 3272 874; x_wconf 76' lang='grc' dir='ltr'><strong>διὰ</strong></span> <span class='ocrx_word' id='word_1_402' title='bbox 3321 823 3478 893; x_wconf 87' lang='grc' dir='ltr'>χεῖρα</span> <span class='ocrx_word' id='word_1_403' title='bbox 3504 823 3628 876; x_wconf 80' lang='grc' dir='ltr'>δυν-</span> 
     </span>
    </p>
   </div>
   <div class='ocr_carea' id='block_1_53' title="bbox 2040 907 3627 983">
    <p class='ocr_par' dir='ltr' id='par_1_53' title="bbox 2040 907 3627 983">
     <span class='ocr_line' id='line_1_53' title="bbox 2040 907 3627 983; baseline 0 -17"><span class='ocrx_word' id='word_1_404' title='bbox 2040 911 2203 966; x_wconf 84' lang='grc' dir='ltr'>άστου</span> <span class='ocrx_word' id='word_1_405' title='bbox 2251 907 2465 975; x_wconf 84' lang='grc' dir='ltr'>Ἰακὼϐ,</span> <span class='ocrx_word' id='word_1_406' title='bbox 2513 909 2779 972; x_wconf 77' lang='grc' dir='ltr'><strong>τουτέστι,</strong></span> <span class='ocrx_word' id='word_1_407' title='bbox 2827 908 2925 962; x_wconf 88' lang='grc' dir='ltr'><strong>τοῦ</strong></span> <span class='ocrx_word' id='word_1_408' title='bbox 2965 908 3102 963; x_wconf 88' lang='grc' dir='ltr'>Θεοῦ</span> <span class='ocrx_word' id='word_1_409' title='bbox 3153 910 3249 964; x_wconf 76' lang='grc' dir='ltr'>καὶ</span> <span class='ocrx_word' id='word_1_410' title='bbox 3287 911 3519 983; x_wconf 84' lang='grc' dir='ltr'>Πατρδς,</span> <span class='ocrx_word' id='word_1_411' title='bbox 3566 913 3627 977; x_wconf 80' lang='grc' dir='ltr'>ὃς</span> 
     </span>
    </p>
   </div>
   <div class='ocr_carea' id='block_1_54' title="bbox 2039 1001 3628 1077">
    <p class='ocr_par' dir='ltr' id='par_1_54' title="bbox 2039 1001 3628 1077">
     <span class='ocr_line' id='line_1_54' title="bbox 2039 1001 3628 1077; baseline 0.001 -19"><span class='ocrx_word' id='word_1_412' title='bbox 2039 1007 2156 1058; x_wconf 72' lang='grc' dir='ltr'>ἐστι</span> <span class='ocrx_word' id='word_1_413' title='bbox 2187 1003 2298 1058; x_wconf 86' lang='grc' dir='ltr'><strong>τῶν</strong></span> <span class='ocrx_word' id='word_1_414' title='bbox 2327 1003 2610 1075; x_wconf 81' lang='grc' dir='ltr'>δυνάμεων</span> <span class='ocrx_word' id='word_1_415' title='bbox 2641 1001 2869 1073; x_wconf 73' lang='grc' dir='ltr'>Κύριος,</span> <span class='ocrx_word' id='word_1_416' title='bbox 2899 1002 2958 1066; x_wconf 86' lang='grc' dir='ltr'><strong>δς</strong></span> <span class='ocrx_word' id='word_1_417' title='bbox 2987 1004 3080 1057; x_wconf 77' lang='grc' dir='ltr'>καὶ</span> <span class='ocrx_word' id='word_1_418' title='bbox 3107 1003 3444 1073; x_wconf 78' lang='grc' dir='ltr'>εὐλογεῖσθαι</span> <span class='ocrx_word' id='word_1_419' title='bbox 3485 1023 3628 1077; x_wconf 86' lang='grc' dir='ltr'>παρ-</span> 
     </span>
    </p>
   </div>
   <div class='ocr_carea' id='block_1_55' title="bbox 2038 1093 3625 1167">
    <p class='ocr_par' dir='ltr' id='par_1_55' title="bbox 2038 1093 3625 1167">
     <span class='ocr_line' id='line_1_55' title="bbox 2038 1093 3625 1167; baseline 0.001 -17"><span class='ocrx_word' id='word_1_420' title='bbox 2038 1094 2304 1150; x_wconf 82' lang='grc' dir='ltr'>εσκεύασε</span> <span class='ocrx_word' id='word_1_421' title='bbox 2350 1094 2441 1148; x_wconf 78' lang='grc' dir='ltr'>τὸν</span> <span class='ocrx_word' id='word_1_422' title='bbox 2479 1094 2610 1148; x_wconf 67' lang='grc' dir='ltr'>Υἰὸν</span> <span class='ocrx_word' id='word_1_423' title='bbox 2636 1094 2694 1148; x_wconf 72' lang='grc' dir='ltr'>εν</span> <span class='ocrx_word' id='word_1_424' title='bbox 2735 1111 2794 1148; x_wconf 90' lang='grc' dir='ltr'><strong>τε</strong></span> <span class='ocrx_word' id='word_1_425' title='bbox 2827 1093 3044 1165; x_wconf 80' lang='grc' dir='ltr'>οὐρανῷ</span> <span class='ocrx_word' id='word_1_426' title='bbox 3072 1095 3167 1148; x_wconf 83' lang='grc' dir='ltr'><strong>καί</strong></span> <span class='ocrx_word' id='word_1_427' title='bbox 3215 1095 3312 1149; x_wconf 70' lang='grc' dir='ltr'><strong>ἐπὶ</strong></span> <span class='ocrx_word' id='word_1_428' title='bbox 3357 1099 3457 1167; x_wconf 81' lang='grc' dir='ltr'><strong>τῆς</strong></span> <span class='ocrx_word' id='word_1_429' title='bbox 3498 1099 3625 1166; x_wconf 86' lang='grc' dir='ltr'>γῆς.</span> 
     </span>
    </p>
   </div>
   <div class='ocr_carea' id='block_1_56' title="bbox 2039 1185 3625 1260">
    <p class='ocr_par' dir='ltr' id='par_1_56' title="bbox 2039 1185 3625 1260">
     <span class='ocr_line' id='line_1_56' title="bbox 2039 1185 3625 1260; baseline -0.003 -16"><span class='ocrx_word' id='word_1_430' title='bbox 2039 1190 2245 1259; x_wconf 82' lang='grc' dir='ltr'>Γράφει</span> <span class='ocrx_word' id='word_1_431' title='bbox 2305 1188 2402 1260; x_wconf 83' lang='grc' dir='ltr'>μὲν</span> <span class='ocrx_word' id='word_1_432' title='bbox 2453 1187 2562 1260; x_wconf 75' lang='grc' dir='ltr'>γὰρ</span> <span class='ocrx_word' id='word_1_433' title='bbox 2604 1189 2633 1242; x_wconf 84' lang='grc' dir='ltr'><strong>ὁ</strong></span> <span class='ocrx_word' id='word_1_434' title='bbox 2682 1186 2969 1250; x_wconf 70' lang='grc' dir='ltr'><strong>Θεσπέσιος</strong></span> <span class='ocrx_word' id='word_1_435' title='bbox 3013 1185 3226 1250; x_wconf 81' lang='grc' dir='ltr'>Παῦλος</span> <span class='ocrx_word' id='word_1_436' title='bbox 3264 1203 3278 1216; x_wconf 87' lang='grc'><strong>·</strong></span> <span class='ocrx_word' id='word_1_437' title='bbox 3329 1187 3499 1242; x_wconf 78' lang='grc' dir='ltr'>ὀταν</span> <span class='ocrx_word' id='word_1_438' title='bbox 3563 1188 3625 1242; x_wconf 73' lang='grc' dir='ltr'>δι</span> 
     </span>
    </p>
   </div>
   <div class='ocr_carea' id='block_1_57' title="bbox 2040 1277 3619 1354">
    <p class='ocr_par' dir='ltr' id='par_1_57' title="bbox 2040 1277 3619 1354">
     <span class='ocr_line' id='line_1_57' title="bbox 2040 1277 3619 1354; baseline -0.002 -19"><span class='ocrx_word' id='word_1_439' title='bbox 2040 1281 2310 1354; x_wconf 75' lang='grc' dir='ltr'><strong>εἰσαγάγῃ</strong></span> <span class='ocrx_word' id='word_1_440' title='bbox 2345 1278 2436 1334; x_wconf 75' lang='grc' dir='ltr'><strong>τὸν</strong></span> <span class='ocrx_word' id='word_1_441' title='bbox 2463 1277 2806 1350; x_wconf 75' lang='grc' dir='ltr'>πρωτότοκον</span> <span class='ocrx_word' id='word_1_442' title='bbox 2834 1279 2914 1342; x_wconf 85' lang='grc' dir='ltr'><strong>εἰς</strong></span> <span class='ocrx_word' id='word_1_443' title='bbox 2941 1277 3041 1349; x_wconf 76' lang='grc' dir='ltr'>τὴν</span> <span class='ocrx_word' id='word_1_444' title='bbox 3064 1277 3414 1349; x_wconf 74' lang='grc' dir='ltr'>οἰκουμένην,</span> <span class='ocrx_word' id='word_1_445' title='bbox 3446 1277 3619 1348; x_wconf 79' lang='grc' dir='ltr'>λέγει·</span> 
     </span>
    </p>
   </div>
   <div class='ocr_carea' id='block_1_58' title="bbox 2049 1373 3620 1447">
    <p class='ocr_par' dir='ltr' id='par_1_58' title="bbox 2049 1373 3620 1447">
     <span class='ocr_line' id='line_1_58' title="bbox 2049 1373 3620 1447; baseline 0 -19"><span class='ocrx_word' id='word_1_446' title='bbox 2049 1395 2069 1428; x_wconf 77' lang='grc' dir='ltr'><strong>ι</strong></span> <span class='ocrx_word' id='word_1_447' title='bbox 2095 1376 2208 1430; x_wconf 76' lang='grc' dir='ltr'><strong>Καὶ</strong></span> <span class='ocrx_word' id='word_1_448' title='bbox 2227 1374 2764 1447; x_wconf 79' lang='grc' dir='ltr'>προσκυνησάτωσαν</span> <span class='ocrx_word' id='word_1_449' title='bbox 2785 1373 2934 1445; x_wconf 84' lang='grc' dir='ltr'>αὐτῷ</span> <span class='ocrx_word' id='word_1_450' title='bbox 2956 1374 3156 1437; x_wconf 89' lang='grc' dir='ltr'>πάντες</span> <span class='ocrx_word' id='word_1_451' title='bbox 3178 1373 3400 1442; x_wconf 79' lang='grc' dir='ltr'>ἄγγελοι</span> <span class='ocrx_word' id='word_1_452' title='bbox 3411 1373 3572 1430; x_wconf 86' lang='grc' dir='ltr'>Θεοῦ.</span> <span class='ocrx_word' id='word_1_453' title='bbox 3601 1395 3620 1428; x_wconf 74' lang='grc' dir='ltr'><strong>ι</strong></span> 
     </span>
    </p>
   </div>
   <div class='ocr_carea' id='block_1_59' title="bbox 2039 1465 3624 1537">
    <p class='ocr_par' dir='ltr' id='par_1_59' title="bbox 2039 1465 3624 1537">
     <span class='ocr_line' id='line_1_59' title="bbox 2039 1465 3624 1537; baseline 0 -15"><span class='ocrx_word' id='word_1_454' title='bbox 2039 1469 2245 1522; x_wconf 74' lang='grc' dir='ltr'>Φάσκει</span> <span class='ocrx_word' id='word_1_455' title='bbox 2299 1467 2358 1520; x_wconf 73' lang='grc' dir='ltr'><strong>δέ</strong></span> <span class='ocrx_word' id='word_1_456' title='bbox 2402 1483 2506 1520; x_wconf 84' lang='grc' dir='ltr'><strong>που</strong></span> <span class='ocrx_word' id='word_1_457' title='bbox 2536 1466 2633 1522; x_wconf 73' lang='grc' dir='ltr'>καὶ</span> <span class='ocrx_word' id='word_1_458' title='bbox 2664 1468 2693 1520; x_wconf 81' lang='grc'>6</span> <span class='ocrx_word' id='word_1_459' title='bbox 2737 1465 2911 1537; x_wconf 75' lang='grc' dir='ltr'>μέγας</span> <span class='ocrx_word' id='word_1_460' title='bbox 2950 1467 3082 1536; x_wconf 74' lang='grc' dir='ltr'>ἡμῖν</span> <span class='ocrx_word' id='word_1_461' title='bbox 3111 1465 3308 1519; x_wconf 81' lang='grc' dir='ltr'>Δαϐιδ·</span> <span class='ocrx_word' id='word_1_462' title='bbox 3342 1485 3362 1518; x_wconf 86' lang='grc' dir='ltr'><strong>ι</strong></span> <span class='ocrx_word' id='word_1_463' title='bbox 3403 1467 3562 1522; x_wconf 76' lang='grc' dir='ltr'>Πᾶσα</span> <span class='ocrx_word' id='word_1_464' title='bbox 3588 1469 3624 1536; x_wconf 73' lang='grc' dir='ltr'><strong>ἡ</strong></span> 
     </span>
    </p>
   </div>
   <div class='ocr_carea' id='block_1_60' title="bbox 2041 1557 3621 1632">
    <p class='ocr_par' dir='ltr' id='par_1_60' title="bbox 2041 1557 3621 1632">
     <span class='ocr_line' id='line_1_60' title="bbox 2041 1557 3621 1632; baseline -0.003 -16"><span class='ocrx_word' id='word_1_465' title='bbox 2041 1562 2114 1630; x_wconf 87' lang='grc' dir='ltr'><strong>γῆ</strong></span> <span class='ocrx_word' id='word_1_466' title='bbox 2166 1557 2704 1632; x_wconf 76' lang='grc' dir='ltr'>προσκυνησάτωσαν</span> <span class='ocrx_word' id='word_1_467' title='bbox 2762 1573 2866 1622; x_wconf 84' lang='grc' dir='ltr'>σοι,</span> <span class='ocrx_word' id='word_1_468' title='bbox 2923 1559 3019 1611; x_wconf 72' lang='grc' dir='ltr'>καὶ</span> <span class='ocrx_word' id='word_1_469' title='bbox 3074 1557 3400 1628; x_wconf 79' lang='grc' dir='ltr'>ψαλάτωσάν</span> <span class='ocrx_word' id='word_1_470' title='bbox 3448 1575 3553 1612; x_wconf 85' lang='grc' dir='ltr'>σοι.</span> <span class='ocrx_word' id='word_1_471' title='bbox 3602 1579 3621 1611; x_wconf 76' lang='grc' dir='ltr'><strong>ι</strong></span> 
     </span>
    </p>
   </div>
   <div class='ocr_carea' id='block_1_61' title="bbox 2042 1647 3629 1723">
    <p class='ocr_par' dir='ltr' id='par_1_61' title="bbox 2042 1647 3629 1723">
     <span class='ocr_line' id='line_1_61' title="bbox 2042 1647 3629 1723; baseline -0.002 -17"><span class='ocrx_word' id='word_1_472' title='bbox 2042 1652 2262 1723; x_wconf 81' lang='grc' dir='ltr'>Ταύτην</span> <span class='ocrx_word' id='word_1_473' title='bbox 2285 1647 2424 1704; x_wconf 74' lang='grc' dir='ltr'>εἷναί</span> <span class='ocrx_word' id='word_1_474' title='bbox 2451 1666 2632 1722; x_wconf 77' lang='grc' dir='ltr'>φαμεν</span> <span class='ocrx_word' id='word_1_475' title='bbox 2661 1649 2759 1720; x_wconf 84' lang='grc' dir='ltr'>τὴν</span> <span class='ocrx_word' id='word_1_476' title='bbox 2789 1649 2994 1703; x_wconf 74' lang='grc' dir='ltr'>ἄνωθεν</span> <span class='ocrx_word' id='word_1_477' title='bbox 3021 1648 3292 1718; x_wconf 78' lang='grc' dir='ltr'>εὐλογίαν,</span> <span class='ocrx_word' id='word_1_478' title='bbox 3319 1649 3412 1703; x_wconf 75' lang='grc' dir='ltr'>καὶ</span> <span class='ocrx_word' id='word_1_479' title='bbox 3441 1650 3541 1720; x_wconf 79' lang='grc' dir='ltr'>τὴν</span> <span class='ocrx_word' id='word_1_480' title='bbox 3569 1651 3629 1704; x_wconf 73' lang='grc' dir='ltr'><strong>έν</strong></span> 
     </span>
    </p>
   </div>
   <div class='ocr_carea' id='block_1_62' title="bbox 2041 1737 3629 1817">
    <p class='ocr_par' dir='ltr' id='par_1_62' title="bbox 2041 1737 3629 1817">
     <span class='ocr_line' id='line_1_62' title="bbox 2041 1737 3629 1817; baseline -0.001 -19"><span class='ocrx_word' id='word_1_481' title='bbox 2041 1749 2108 1817; x_wconf 76' lang='grc' dir='ltr'><strong>τῇ</strong></span> <span class='ocrx_word' id='word_1_482' title='bbox 2138 1748 2209 1816; x_wconf 79' lang='grc' dir='ltr'><strong>γῇ</strong></span> <span class='ocrx_word' id='word_1_483' title='bbox 2241 1745 2390 1798; x_wconf 87' lang='grc' dir='ltr'>κάτω</span> <span class='ocrx_word' id='word_1_484' title='bbox 2429 1743 2530 1814; x_wconf 78' lang='grc' dir='ltr'>τὴν</span> <span class='ocrx_word' id='word_1_485' title='bbox 2565 1741 2745 1796; x_wconf 86' lang='grc' dir='ltr'>πάντα</span> <span class='ocrx_word' id='word_1_486' title='bbox 2774 1740 3023 1812; x_wconf 75' lang='grc' dir='ltr'>ἔχουσαν,</span> <span class='ocrx_word' id='word_1_487' title='bbox 3051 1740 3351 1805; x_wconf 78' lang='grc' dir='ltr'>τουτέστιν,</span> <span class='ocrx_word' id='word_1_488' title='bbox 3377 1743 3435 1796; x_wconf 75' lang='grc' dir='ltr'><strong>ἰν</strong></span> <span class='ocrx_word' id='word_1_489' title='bbox 3537 1742 3629 1797; x_wconf 67' lang='grc' dir='ltr'>διὰ</span> 
     </span>
    </p>
   </div>
   <div class='ocr_carea' id='block_1_63' title="bbox 2042 1832 3628 1910">
    <p class='ocr_par' dir='ltr' id='par_1_63' title="bbox 2042 1832 3628 1910">
     <span class='ocr_line' id='line_1_63' title="bbox 2042 1832 3628 1910; baseline -0.001 -18"><span class='ocrx_word' id='word_1_490' title='bbox 2042 1835 2275 1910; x_wconf 70' lang='grc' dir='ltr'>Χριστὸν</span> <span class='ocrx_word' id='word_1_491' title='bbox 2303 1837 2454 1889; x_wconf 79' lang='grc' dir='ltr'>πᾶσα</span> <span class='ocrx_word' id='word_1_492' title='bbox 2480 1833 2670 1888; x_wconf 73' lang='grc' dir='ltr'>λοιπὸν</span> <span class='ocrx_word' id='word_1_493' title='bbox 2698 1833 2889 1906; x_wconf 71' lang='grc' dir='ltr'>ἁρετὴ,</span> <span class='ocrx_word' id='word_1_494' title='bbox 2922 1832 3016 1885; x_wconf 73' lang='grc' dir='ltr'>καὶ</span> <span class='ocrx_word' id='word_1_495' title='bbox 3044 1832 3166 1886; x_wconf 71' lang='grc' dir='ltr'>λεαν</span> <span class='ocrx_word' id='word_1_496' title='bbox 3194 1832 3529 1904; x_wconf 79' lang='grc' dir='ltr'>ἀμφιλαφεῖς</span> <span class='ocrx_word' id='word_1_497' title='bbox 3575 1835 3628 1890; x_wconf 83' lang='grc' dir='ltr'><strong>οἰ</strong></span> 
     </span>
    </p>
   </div>
   <div class='ocr_carea' id='block_1_64' title="bbox 2043 1923 3627 2000">
    <p class='ocr_par' dir='ltr' id='par_1_64' title="bbox 2043 1923 3627 2000">
     <span class='ocr_line' id='line_1_64' title="bbox 2043 1923 3627 2000; baseline -0.002 -17"><span class='ocrx_word' id='word_1_498' title='bbox 2043 1931 2139 2000; x_wconf 89' lang='grc' dir='ltr'><strong>τῆς</strong></span> <span class='ocrx_word' id='word_1_499' title='bbox 2184 1931 2262 1993; x_wconf 88' lang='grc' dir='ltr'><strong>εἰς</strong></span> <span class='ocrx_word' id='word_1_500' title='bbox 2305 1927 2439 1982; x_wconf 81' lang='grc' dir='ltr'>Θεὸν</span> <span class='ocrx_word' id='word_1_501' title='bbox 2486 1926 2764 1990; x_wconf 82' lang='grc' dir='ltr'>εὐσεϐείας</span> <span class='ocrx_word' id='word_1_502' title='bbox 2811 1924 3035 1996; x_wconf 80' lang='grc' dir='ltr'>καρποί.</span> <span class='ocrx_word' id='word_1_503' title='bbox 3094 1923 3324 1995; x_wconf 81' lang='grc' dir='ltr'>Εἴρηται</span> <span class='ocrx_word' id='word_1_504' title='bbox 3366 1926 3475 1997; x_wconf 89' lang='grc' dir='ltr'><strong>γάρ</strong></span> <span class='ocrx_word' id='word_1_505' title='bbox 3519 1942 3627 1980; x_wconf 80' lang='grc' dir='ltr'><strong>που</strong></span> 
     </span>
    </p>
   </div>
   <div class='ocr_carea' id='block_1_65' title="bbox 2042 2015 3630 2094">
    <p class='ocr_par' dir='ltr' id='par_1_65' title="bbox 2042 2015 3630 2094">
     <span class='ocr_line' id='line_1_65' title="bbox 2042 2015 3630 2094; baseline -0.003 -18"><span class='ocrx_word' id='word_1_506' title='bbox 2042 2022 2180 2094; x_wconf 75' lang='grc' dir='ltr'>πρὸς</span> <span class='ocrx_word' id='word_1_507' title='bbox 2205 2023 2296 2076; x_wconf 77' lang='grc' dir='ltr'>τὸν</span> <span class='ocrx_word' id='word_1_508' title='bbox 2339 2021 2486 2074; x_wconf 78' lang='grc' dir='ltr'><strong>Υἰόνο</strong></span> <span class='ocrx_word' id='word_1_509' title='bbox 2525 2039 2544 2072; x_wconf 81' lang='grc' dir='ltr'><strong>ι</strong></span> <span class='ocrx_word' id='word_1_510' title='bbox 2597 2018 2917 2087; x_wconf 72' lang='grc' dir='ltr'>Ἐπεσκέψω</span> <span class='ocrx_word' id='word_1_511' title='bbox 2952 2015 3052 2085; x_wconf 78' lang='grc' dir='ltr'>τὴν</span> <span class='ocrx_word' id='word_1_512' title='bbox 3088 2017 3211 2086; x_wconf 91' lang='grc' dir='ltr'>γῆν,</span> <span class='ocrx_word' id='word_1_513' title='bbox 3246 2016 3339 2071; x_wconf 76' lang='grc' dir='ltr'><strong>καί</strong></span> <span class='ocrx_word' id='word_1_514' title='bbox 3385 2016 3630 2087; x_wconf 75' lang='grc' dir='ltr'>μεθύσας</span> 
     </span>
    </p>
   </div>
   <div class='ocr_carea' id='block_1_66' title="bbox 2042 2107 3629 2185">
    <p class='ocr_par' dir='ltr' id='par_1_66' title="bbox 2042 2107 3629 2185">
     <span class='ocr_line' id='line_1_66' title="bbox 2042 2107 3629 2185; baseline -0.004 -18"><span class='ocrx_word' id='word_1_515' title='bbox 2042 2113 2210 2185; x_wconf 79' lang='grc' dir='ltr'>αὐτὴν</span> <span class='ocrx_word' id='word_1_516' title='bbox 2256 2112 2586 2181; x_wconf 80' lang='grc' dir='ltr'>ὲπλήθυνας,</span> <span class='ocrx_word' id='word_1_517' title='bbox 2627 2109 2718 2164; x_wconf 87' lang='grc' dir='ltr'><strong>τοῦ</strong></span> <span class='ocrx_word' id='word_1_518' title='bbox 2753 2107 3040 2163; x_wconf 81' lang='grc' dir='ltr'>πλουτίσαι</span> <span class='ocrx_word' id='word_1_519' title='bbox 3071 2107 3260 2176; x_wconf 89' lang='grc' dir='ltr'>αὑτήν.</span> <span class='ocrx_word' id='word_1_520' title='bbox 3311 2127 3334 2160; x_wconf 68' lang='grc' dir='ltr'><strong>ι</strong></span> <span class='ocrx_word' id='word_1_521' title='bbox 3370 2107 3629 2161; x_wconf 80' lang='grc' dir='ltr'>Δεδόσθαι</span> 
     </span>
    </p>
   </div>
   <div class='ocr_carea' id='block_1_67' title="bbox 2043 2198 3630 2275">
    <p class='ocr_par' dir='ltr' id='par_1_67' title="bbox 2043 2198 3630 2275">
     <span class='ocr_line' id='line_1_67' title="bbox 2043 2198 3630 2275; baseline -0.003 -17"><span class='ocrx_word' id='word_1_522' title='bbox 2043 2221 2106 2274; x_wconf 89' lang='grc' dir='ltr'><strong>γε</strong></span> <span class='ocrx_word' id='word_1_523' title='bbox 2141 2205 2245 2275; x_wconf 80' lang='grc' dir='ltr'>μὴν</span> <span class='ocrx_word' id='word_1_524' title='bbox 2278 2202 2427 2273; x_wconf 83' lang='grc' dir='ltr'>αὐτῷ</span> <span class='ocrx_word' id='word_1_525' title='bbox 2458 2203 2556 2274; x_wconf 77' lang='grc' dir='ltr'>τὴν</span> <span class='ocrx_word' id='word_1_526' title='bbox 2594 2201 2800 2256; x_wconf 78' lang='grc' dir='ltr'>ἄνωθεν</span> <span class='ocrx_word' id='word_1_527' title='bbox 2841 2198 3114 2270; x_wconf 85' lang='grc' dir='ltr'>εὐλογίαν,</span> <span class='ocrx_word' id='word_1_528' title='bbox 3158 2200 3253 2253; x_wconf 72' lang='grc' dir='ltr'>καὶ</span> <span class='ocrx_word' id='word_1_529' title='bbox 3309 2199 3490 2269; x_wconf 86' lang='grc' dir='ltr'>μέντοι</span> <span class='ocrx_word' id='word_1_530' title='bbox 3525 2201 3630 2272; x_wconf 82' lang='grc' dir='ltr'>τὴν</span> 
     </span>
    </p>
   </div>
   <div class='ocr_carea' id='block_1_68' title="bbox 2043 2290 3628 2365">
    <p class='ocr_par' dir='ltr' id='par_1_68' title="bbox 2043 2290 3628 2365">
     <span class='ocr_line' id='line_1_68' title="bbox 2043 2290 3628 2365; baseline -0.003 -15"><span class='ocrx_word' id='word_1_531' title='bbox 2043 2295 2152 2351; x_wconf 80' lang='grc' dir='ltr'><strong>ἀπὸ</strong></span> <span class='ocrx_word' id='word_1_532' title='bbox 2207 2294 2332 2365; x_wconf 86' lang='grc' dir='ltr'>γῆς,</span> <span class='ocrx_word' id='word_1_533' title='bbox 2393 2292 2762 2347; x_wconf 89' lang='grc' dir='ltr'>διεϐεϐαιοῦτο</span> <span class='ocrx_word' id='word_1_534' title='bbox 2815 2292 3022 2360; x_wconf 75' lang='grc' dir='ltr'>σαφῶςο</span> <span class='ocrx_word' id='word_1_535' title='bbox 3065 2312 3086 2342; x_wconf 73' lang='grc' dir='ltr'><strong>ι</strong></span> <span class='ocrx_word' id='word_1_536' title='bbox 3113 2290 3332 2343; x_wconf 75' lang='grc' dir='ltr'>Εΐνεκεν</span> <span class='ocrx_word' id='word_1_537' title='bbox 3374 2290 3628 2359; x_wconf 77' lang='grc' dir='ltr'>εὐλογίας</span> 
     </span>
    </p>
   </div>
   <div class='ocr_carea' id='block_1_69' title="bbox 2047 2382 3622 2457">
    <p class='ocr_par' dir='ltr' id='par_1_69' title="bbox 2047 2382 3622 2457">
     <span class='ocr_line' id='line_1_69' title="bbox 2047 2382 3622 2457; baseline -0.003 -17"><span class='ocrx_word' id='word_1_538' title='bbox 2047 2385 2269 2457; x_wconf 77' lang='grc' dir='ltr'>μαστῶν</span> <span class='ocrx_word' id='word_1_539' title='bbox 2301 2385 2396 2438; x_wconf 80' lang='grc' dir='ltr'><strong>καί</strong></span> <span class='ocrx_word' id='word_1_540' title='bbox 2427 2385 2662 2456; x_wconf 81' lang='grc' dir='ltr'>μήτρας,</span> <span class='ocrx_word' id='word_1_541' title='bbox 2696 2383 2955 2452; x_wconf 81' lang='grc' dir='ltr'>εὐλογίας</span> <span class='ocrx_word' id='word_1_542' title='bbox 2979 2382 3182 2453; x_wconf 80' lang='grc' dir='ltr'>πατρὸς</span> <span class='ocrx_word' id='word_1_543' title='bbox 3205 2383 3299 2436; x_wconf 72' lang='grc' dir='ltr'>καὶ</span> <span class='ocrx_word' id='word_1_544' title='bbox 3318 2383 3559 2452; x_wconf 74' lang='grc' dir='ltr'>μητρός.</span> <span class='ocrx_word' id='word_1_545' title='bbox 3601 2402 3622 2436; x_wconf 72' lang='grc' dir='ltr'><strong>ι</strong></span> 
     </span>
    </p>
   </div>
   <div class='ocr_carea' id='block_1_70' title="bbox 2043 2470 3628 2547">
    <p class='ocr_par' dir='ltr' id='par_1_70' title="bbox 2043 2470 3628 2547">
     <span class='ocr_line' id='line_1_70' title="bbox 2043 2470 3628 2547; baseline -0.005 -15"><span class='ocrx_word' id='word_1_546' title='bbox 2043 2481 2121 2532; x_wconf 81' lang='grc' dir='ltr'><strong>Δι’</strong></span> <span class='ocrx_word' id='word_1_547' title='bbox 2149 2470 2209 2532; x_wconf 76' lang='grc' dir='ltr'><strong>οὗ</strong></span> <span class='ocrx_word' id='word_1_548' title='bbox 2245 2475 2428 2546; x_wconf 85' lang='grc' dir='ltr'>σαφῶς</span> <span class='ocrx_word' id='word_1_549' title='bbox 2475 2477 2568 2531; x_wconf 66' lang='grc' dir='ltr'>καὶ</span> <span class='ocrx_word' id='word_1_550' title='bbox 2599 2475 2843 2547; x_wconf 78' lang='grc' dir='ltr'>ὲναργῶζ</span> <span class='ocrx_word' id='word_1_551' title='bbox 2871 2477 2906 2547; x_wconf 78' lang='grc' dir='ltr'>ἦ</span> <span class='ocrx_word' id='word_1_552' title='bbox 2946 2494 3004 2530; x_wconf 85' lang='grc' dir='ltr'><strong>τε</strong></span> <span class='ocrx_word' id='word_1_553' title='bbox 3033 2479 3095 2530; x_wconf 85' lang='grc' dir='ltr'>ὲκ</span> <span class='ocrx_word' id='word_1_554' title='bbox 3130 2475 3264 2529; x_wconf 87' lang='grc' dir='ltr'>Θεοῦ</span> <span class='ocrx_word' id='word_1_555' title='bbox 3292 2476 3387 2528; x_wconf 69' lang='grc' dir='ltr'>καὶ</span> <span class='ocrx_word' id='word_1_556' title='bbox 3412 2473 3628 2546; x_wconf 80' lang='grc' dir='ltr'>Πατρδς</span> 
     </span>
    </p>
   </div>
   <div class='ocr_carea' id='block_1_71' title="bbox 2043 2568 3629 2642">
    <p class='ocr_par' dir='ltr' id='par_1_71' title="bbox 2043 2568 3629 2642">
     <span class='ocr_line' id='line_1_71' title="bbox 2043 2568 3629 2642; baseline -0.001 -18"><span class='ocrx_word' id='word_1_557' title='bbox 2043 2574 2294 2642; x_wconf 86' lang='grc' dir='ltr'>γέννησις</span> <span class='ocrx_word' id='word_1_558' title='bbox 2323 2569 2417 2624; x_wconf 80' lang='grc' dir='ltr'><strong>τοῦ</strong></span> <span class='ocrx_word' id='word_1_559' title='bbox 2463 2569 2822 2640; x_wconf 82' lang='grc' dir='ltr'>Μονογενοῦς,</span> <span class='ocrx_word' id='word_1_560' title='bbox 2856 2570 2951 2624; x_wconf 75' lang='grc' dir='ltr'>καὶ</span> <span class='ocrx_word' id='word_1_561' title='bbox 2977 2571 3010 2640; x_wconf 81' lang='grc' dir='ltr'><strong>ή</strong></span> <span class='ocrx_word' id='word_1_562' title='bbox 3042 2569 3130 2623; x_wconf 82' lang='grc' dir='ltr'><strong>διὰ</strong></span> <span class='ocrx_word' id='word_1_563' title='bbox 3157 2569 3256 2638; x_wconf 83' lang='grc' dir='ltr'><strong>τῆς</strong></span> <span class='ocrx_word' id='word_1_564' title='bbox 3285 2568 3447 2637; x_wconf 74' lang='grc' dir='ltr'>ἁγίας</span> <span class='ocrx_word' id='word_1_565' title='bbox 3475 2569 3629 2638; x_wconf 78' lang='grc' dir='ltr'>Παρο</span> 
     </span>
    </p>
   </div>
   <div class='ocr_carea' id='block_1_72' title="bbox 2043 2659 3623 2732">
    <p class='ocr_par' dir='ltr' id='par_1_72' title="bbox 2043 2659 3623 2732">
     <span class='ocr_line' id='line_1_72' title="bbox 2043 2659 3623 2732; baseline -0.002 -17"><span class='ocrx_word' id='word_1_566' title='bbox 2043 2661 2199 2715; x_wconf 87' lang='grc' dir='ltr'>θένου</span> <span class='ocrx_word' id='word_1_567' title='bbox 2246 2660 2588 2732; x_wconf 82' lang='grc' dir='ltr'>σημαίνεται,</span> <span class='ocrx_word' id='word_1_568' title='bbox 2641 2659 2776 2714; x_wconf 79' lang='grc' dir='ltr'>καθὸ</span> <span class='ocrx_word' id='word_1_569' title='bbox 2830 2662 3029 2713; x_wconf 85' lang='grc' dir='ltr'>νοεῖται</span> <span class='ocrx_word' id='word_1_570' title='bbox 3087 2660 3180 2712; x_wconf 70' lang='grc' dir='ltr'>καὶ</span> <span class='ocrx_word' id='word_1_571' title='bbox 3233 2659 3472 2731; x_wconf 69' lang='grc' dir='ltr'>πέφηνεν</span> <span class='ocrx_word' id='word_1_572' title='bbox 3522 2659 3623 2712; x_wconf 73' lang='grc' dir='ltr'><strong>ἄν·</strong></span> 
     </span>
    </p>
   </div>
   <div class='ocr_carea' id='block_1_73' title="bbox 2045 2746 3626 2822">
    <p class='ocr_par' dir='ltr' id='par_1_73' title="bbox 2045 2746 3626 2822">
     <span class='ocr_line' id='line_1_73' title="bbox 2045 2746 3626 2822; baseline -0.004 -17"><span class='ocrx_word' id='word_1_573' title='bbox 2045 2750 2282 2822; x_wconf 87' lang='grc' dir='ltr'>θρωπος.</span> <span class='ocrx_word' id='word_1_574' title='bbox 2321 2750 2446 2814; x_wconf 84' lang='grc' dir='ltr'>Υἰδς</span> <span class='ocrx_word' id='word_1_575' title='bbox 2477 2751 2584 2820; x_wconf 84' lang='grc' dir='ltr'><strong>γάρ</strong></span> <span class='ocrx_word' id='word_1_576' title='bbox 2625 2750 2885 2818; x_wconf 78' lang='grc' dir='ltr'>ὑπάρχων</span> <span class='ocrx_word' id='word_1_577' title='bbox 2916 2747 3161 2815; x_wconf 80' lang='grc' dir='ltr'>φυσικῶς</span> <span class='ocrx_word' id='word_1_578' title='bbox 3189 2764 3248 2800; x_wconf 86' lang='grc' dir='ltr'><strong>τε</strong></span> <span class='ocrx_word' id='word_1_579' title='bbox 3275 2748 3366 2800; x_wconf 76' lang='grc' dir='ltr'>καὶ</span> <span class='ocrx_word' id='word_1_580' title='bbox 3406 2746 3626 2818; x_wconf 85' lang='grc' dir='ltr'>άληθῶς</span> 
     </span>
    </p>
   </div>
   <div class='ocr_carea' id='block_1_74' title="bbox 2042 2838 3625 2911">
    <p class='ocr_par' dir='ltr' id='par_1_74' title="bbox 2042 2838 3625 2911">
     <span class='ocr_line' id='line_1_74' title="bbox 2042 2838 3625 2911; baseline -0.002 -15"><span class='ocrx_word' id='word_1_581' title='bbox 2042 2842 2136 2896; x_wconf 87' lang='grc' dir='ltr'><strong>τοῦ</strong></span> <span class='ocrx_word' id='word_1_582' title='bbox 2189 2841 2325 2896; x_wconf 87' lang='grc' dir='ltr'>Θεοῦ</span> <span class='ocrx_word' id='word_1_583' title='bbox 2373 2859 2435 2895; x_wconf 87' lang='grc' dir='ltr'><strong>τε</strong></span> <span class='ocrx_word' id='word_1_584' title='bbox 2479 2841 2573 2896; x_wconf 84' lang='grc' dir='ltr'><strong>καί</strong></span> <span class='ocrx_word' id='word_1_585' title='bbox 2614 2841 2844 2911; x_wconf 81' lang='grc' dir='ltr'>Πατρὸς,</span> <span class='ocrx_word' id='word_1_586' title='bbox 2876 2840 2943 2893; x_wconf 78' lang='grc' dir='ltr'>δι’</span> <span class='ocrx_word' id='word_1_587' title='bbox 2989 2841 3136 2911; x_wconf 80' lang='grc' dir='ltr'>ἡμᾶς</span> <span class='ocrx_word' id='word_1_588' title='bbox 3179 2839 3373 2910; x_wconf 83' lang='grc' dir='ltr'>άνέτλη</span> <span class='ocrx_word' id='word_1_589' title='bbox 3402 2840 3499 2909; x_wconf 73' lang='grc' dir='ltr'>τὴν</span> <span class='ocrx_word' id='word_1_590' title='bbox 3533 2838 3625 2893; x_wconf 82' lang='grc' dir='ltr'>διὰ</span> 
     </span>
    </p>
   </div>
   <div class='ocr_carea' id='block_1_75' title="bbox 2043 2927 3625 3002">
    <p class='ocr_par' dir='ltr' id='par_1_75' title="bbox 2043 2927 3625 3002">
     <span class='ocr_line' id='line_1_75' title="bbox 2043 2927 3625 3002; baseline -0.004 -16"><span class='ocrx_word' id='word_1_591' title='bbox 2043 2931 2297 3000; x_wconf 89' lang='grc' dir='ltr'>γυναικός</span> <span class='ocrx_word' id='word_1_592' title='bbox 2333 2947 2391 2984; x_wconf 90' lang='grc' dir='ltr'><strong>τε</strong></span> <span class='ocrx_word' id='word_1_593' title='bbox 2425 2931 2518 2984; x_wconf 77' lang='grc' dir='ltr'>καὶ</span> <span class='ocrx_word' id='word_1_594' title='bbox 2555 2931 2769 3002; x_wconf 83' lang='grc' dir='ltr'>μήτρας</span> <span class='ocrx_word' id='word_1_595' title='bbox 2796 2930 3068 3000; x_wconf 79' lang='grc' dir='ltr'>γέννησιν,</span> <span class='ocrx_word' id='word_1_596' title='bbox 3087 2930 3180 2982; x_wconf 80' lang='grc' dir='ltr'><strong>καί</strong></span> <span class='ocrx_word' id='word_1_597' title='bbox 3199 2927 3434 2999; x_wconf 67' lang='grc' dir='ltr'>μαστοὺς</span> <span class='ocrx_word' id='word_1_598' title='bbox 3460 2927 3625 2999; x_wconf 77' lang='grc' dir='ltr'>τεθή-</span> 
     </span>
    </p>
   </div>
   <div class='ocr_carea' id='block_1_76' title="bbox 2043 3016 3626 3094">
    <p class='ocr_par' dir='ltr' id='par_1_76' title="bbox 2043 3016 3626 3094">
     <span class='ocr_line' id='line_1_76' title="bbox 2043 3016 3626 3094; baseline -0.004 -17"><span class='ocrx_word' id='word_1_599' title='bbox 2043 3023 2226 3078; x_wconf 91' lang='grc' dir='ltr'>λακεν.</span> <span class='ocrx_word' id='word_1_600' title='bbox 2255 3023 2330 3078; x_wconf 84' lang='grc' dir='ltr'><strong>Οὐ</strong></span> <span class='ocrx_word' id='word_1_601' title='bbox 2365 3023 2474 3094; x_wconf 90' lang='grc' dir='ltr'><strong>γάρ</strong></span> <span class='ocrx_word' id='word_1_602' title='bbox 2502 3041 2605 3088; x_wconf 90' lang='grc' dir='ltr'>τοι,</span> <span class='ocrx_word' id='word_1_603' title='bbox 2641 3022 2783 3076; x_wconf 83' lang='grc' dir='ltr'>κατά</span> <span class='ocrx_word' id='word_1_604' title='bbox 2809 3039 2981 3086; x_wconf 76' lang='grc' dir='ltr'>τινας,</span> <span class='ocrx_word' id='word_1_605' title='bbox 3023 3020 3240 3091; x_wconf 82' lang='grc' dir='ltr'>δοκήσει</span> <span class='ocrx_word' id='word_1_606' title='bbox 3279 3019 3499 3088; x_wconf 83' lang='grc' dir='ltr'>γέγονεν</span> <span class='ocrx_word' id='word_1_607' title='bbox 3531 3016 3626 3074; x_wconf 74' lang='grc' dir='ltr'><strong>ἄν-</strong></span> 
     </span>
    </p>
   </div>
   <div class='ocr_carea' id='block_1_77' title="bbox 2044 3111 3626 3189">
    <p class='ocr_par' dir='ltr' id='par_1_77' title="bbox 2044 3111 3626 3189">
     <span class='ocr_line' id='line_1_77' title="bbox 2044 3111 3626 3189; baseline -0.003 -19"><span class='ocrx_word' id='word_1_608' title='bbox 2044 3117 2282 3189; x_wconf 87' lang='grc' dir='ltr'>θρωπος,</span> <span class='ocrx_word' id='word_1_609' title='bbox 2311 3117 2428 3170; x_wconf 83' lang='grc' dir='ltr'>ἀλλ’</span> <span class='ocrx_word' id='word_1_610' title='bbox 2448 3118 2522 3181; x_wconf 84' lang='grc' dir='ltr'>ὡς</span> <span class='ocrx_word' id='word_1_611' title='bbox 2556 3115 2714 3170; x_wconf 88' lang='grc' dir='ltr'>τοῦτο</span> <span class='ocrx_word' id='word_1_612' title='bbox 2735 3116 2878 3171; x_wconf 79' lang='grc' dir='ltr'>κατὰ</span> <span class='ocrx_word' id='word_1_613' title='bbox 2899 3114 3152 3184; x_wconf 80' lang='grc' dir='ltr'>ἀλήθειαν</span> <span class='ocrx_word' id='word_1_614' title='bbox 3177 3111 3452 3184; x_wconf 82' lang='grc' dir='ltr'>πεφηνῶς.</span> <span class='ocrx_word' id='word_1_615' title='bbox 3486 3113 3626 3184; x_wconf 83' lang='grc' dir='ltr'>ὅπερ</span> 
     </span>
    </p>
   </div>
   <div class='ocr_carea' id='block_1_78' title="bbox 2043 3204 3623 3280">
    <p class='ocr_par' dir='ltr' id='par_1_78' title="bbox 2043 3204 3623 3280">
     <span class='ocr_line' id='line_1_78' title="bbox 2043 3204 3623 3280; baseline -0.003 -19"><span class='ocrx_word' id='word_1_616' title='bbox 2043 3208 2210 3279; x_wconf 76' lang='grc' dir='ltr'>ἐσμὲν</span> <span class='ocrx_word' id='word_1_617' title='bbox 2238 3209 2332 3263; x_wconf 77' lang='grc' dir='ltr'>καὶ</span> <span class='ocrx_word' id='word_1_618' title='bbox 2355 3210 2516 3280; x_wconf 77' lang='grc' dir='ltr'>ἡμεῖς</span> <span class='ocrx_word' id='word_1_619' title='bbox 2557 3206 2782 3280; x_wconf 54' lang='lat' dir='ltr'><strong>astam.</strong></span> <span class='ocrx_word' id='word_1_620' title='bbox 2831 3210 2943 3270; x_wconf 91' lang='grc' dir='ltr'>τοῖς</span> <span class='ocrx_word' id='word_1_621' title='bbox 2971 3207 3070 3276; x_wconf 84' lang='grc' dir='ltr'><strong>τῆς</strong></span> <span class='ocrx_word' id='word_1_622' title='bbox 3107 3205 3320 3274; x_wconf 80' lang='grc' dir='ltr'>φύσεως</span> <span class='ocrx_word' id='word_1_623' title='bbox 3359 3204 3623 3274; x_wconf 79' lang='grc' dir='ltr'>ἑπόμενος</span> 
     </span>
    </p>
   </div>
   <div class='ocr_carea' id='block_1_79' title="bbox 2042 3296 3624 3372">
    <p class='ocr_par' dir='ltr' id='par_1_79' title="bbox 2042 3296 3624 3372">
     <span class='ocr_line' id='line_1_79' title="bbox 2042 3296 3624 3372; baseline -0.005 -16"><span class='ocrx_word' id='word_1_624' title='bbox 2042 3302 2248 3372; x_wconf 90' lang='grc' dir='ltr'>νόμοις,</span> <span class='ocrx_word' id='word_1_625' title='bbox 2277 3303 2372 3356; x_wconf 77' lang='grc' dir='ltr'>καὶ</span> <span class='ocrx_word' id='word_1_626' title='bbox 2416 3301 2622 3372; x_wconf 79' lang='grc' dir='ltr'>τροφῆς</span> <span class='ocrx_word' id='word_1_627' title='bbox 2649 3302 2930 3370; x_wconf 75' lang='grc' dir='ltr'>ἠνέσχετο.</span> <span class='ocrx_word' id='word_1_628' title='bbox 2960 3298 3135 3351; x_wconf 86' lang='grc' dir='ltr'>καίτοι</span> <span class='ocrx_word' id='word_1_629' title='bbox 3176 3297 3320 3368; x_wconf 79' lang='grc' dir='ltr'>ζωὴν</span> <span class='ocrx_word' id='word_1_630' title='bbox 3353 3297 3514 3360; x_wconf 71' lang='grc' dir='ltr'>αὐτὸς</span> <span class='ocrx_word' id='word_1_631' title='bbox 3545 3296 3624 3367; x_wconf 85' lang='grc' dir='ltr'><strong>τῷ</strong></span> 
     </span>
    </p>
   </div>
   <div class='ocr_carea' id='block_1_80' title="bbox 2042 3387 3624 3466">
    <p class='ocr_par' dir='ltr' id='par_1_80' title="bbox 2042 3387 3624 3466">
     <span class='ocr_line' id='line_1_80' title="bbox 2042 3387 3624 3466; baseline -0.005 -18"><span class='ocrx_word' id='word_1_632' title='bbox 2042 3395 2231 3465; x_wconf 85' lang='grc' dir='ltr'>κόσμῳ</span> <span class='ocrx_word' id='word_1_633' title='bbox 2279 3393 2472 3458; x_wconf 88' lang='grc' dir='ltr'>διδούς.</span> <span class='ocrx_word' id='word_1_634' title='bbox 2529 3393 2798 3466; x_wconf 82' lang='grc' dir='ltr'>Ταύτῃτοι</span> <span class='ocrx_word' id='word_1_635' title='bbox 2853 3393 2950 3446; x_wconf 81' lang='grc' dir='ltr'><strong>καὶ</strong></span> <span class='ocrx_word' id='word_1_636' title='bbox 2997 3393 3026 3442; x_wconf 74' lang='grc' dir='ltr'>ὁ</span> <span class='ocrx_word' id='word_1_637' title='bbox 3078 3391 3345 3460; x_wconf 85' lang='grc' dir='ltr'>μακάριος</span> <span class='ocrx_word' id='word_1_638' title='bbox 3393 3387 3624 3450; x_wconf 75' lang='grc' dir='ltr'>Ἡσαΐας</span> 
     </span>
    </p>
   </div>
   <div class='ocr_carea' id='block_1_81' title="bbox 2046 3478 3619 3556">
    <p class='ocr_par' dir='ltr' id='par_1_81' title="bbox 2046 3478 3619 3556">
     <span class='ocr_line' id='line_1_81' title="bbox 2046 3478 3619 3556; baseline -0.004 -19"><span class='ocrx_word' id='word_1_639' title='bbox 2046 3485 2276 3556; x_wconf 84' lang='grc' dir='ltr'>μήνυσιν</span> <span class='ocrx_word' id='word_1_640' title='bbox 2325 3482 2513 3553; x_wconf 89' lang='grc' dir='ltr'>ῶσπερ</span> <span class='ocrx_word' id='word_1_641' title='bbox 2557 3480 2678 3534; x_wconf 76' lang='grc' dir='ltr'>τινὰ</span> <span class='ocrx_word' id='word_1_642' title='bbox 2717 3479 2811 3534; x_wconf 89' lang='grc' dir='ltr'><strong>τοῦ</strong></span> <span class='ocrx_word' id='word_1_643' title='bbox 2853 3481 2996 3534; x_wconf 71' lang='grc' dir='ltr'>κατὰ</span> <span class='ocrx_word' id='word_1_644' title='bbox 3035 3480 3294 3549; x_wconf 83' lang='grc' dir='ltr'>ἀλήθειαν</span> <span class='ocrx_word' id='word_1_645' title='bbox 3345 3478 3619 3547; x_wconf 80' lang='grc' dir='ltr'>ἑνανθρω-</span> 
     </span>
    </p>
   </div>
   <div class='ocr_carea' id='block_1_82' title="bbox 2042 3565 3619 3645">
    <p class='ocr_par' dir='ltr' id='par_1_82' title="bbox 2042 3565 3619 3645">
     <span class='ocr_line' id='line_1_82' title="bbox 2042 3565 3619 3645; baseline -0.003 -19"><span class='ocrx_word' id='word_1_646' title='bbox 2042 3575 2212 3645; x_wconf 84' lang='grc' dir='ltr'>πῆσαι</span> <span class='ocrx_word' id='word_1_647' title='bbox 2233 3574 2323 3628; x_wconf 75' lang='grc' dir='ltr'><strong>τὸν</strong></span> <span class='ocrx_word' id='word_1_648' title='bbox 2344 3573 2569 3644; x_wconf 80' lang='grc' dir='ltr'>Κύριον,</span> <span class='ocrx_word' id='word_1_649' title='bbox 2587 3572 2646 3625; x_wconf 77' lang='grc' dir='ltr'><strong>τὺ</strong></span> <span class='ocrx_word' id='word_1_650' title='bbox 2665 3565 2944 3642; x_wconf 74' lang='grc' dir='ltr'>δεδεῆσθαι</span> <span class='ocrx_word' id='word_1_651' title='bbox 2963 3571 3174 3642; x_wconf 80' lang='grc' dir='ltr'>τροφῆς</span> <span class='ocrx_word' id='word_1_652' title='bbox 3186 3567 3619 3641; x_wconf 85' lang='grc' dir='ltr'>νηπιοπρεποῦς,</span> 
     </span>
    </p>
   </div>
   <div class='ocr_carea' id='block_1_83' title="bbox 2041 3658 3614 3732">
    <p class='ocr_par' dir='ltr' id='par_1_83' title="bbox 2041 3658 3614 3732">
     <span class='ocr_line' id='line_1_83' title="bbox 2041 3658 3614 3732; baseline -0.005 -15"><span class='ocrx_word' id='word_1_653' title='bbox 2041 3666 2274 3718; x_wconf 74' lang='grc' dir='ltr'>ἐποιεῖτο</span> <span class='ocrx_word' id='word_1_654' title='bbox 2321 3663 2522 3732; x_wconf 85' lang='grc' dir='ltr'>λέγων·</span> <span class='ocrx_word' id='word_1_655' title='bbox 2577 3681 2596 3712; x_wconf 78' lang='grc' dir='ltr'><strong>ι</strong></span> <span class='ocrx_word' id='word_1_656' title='bbox 2649 3661 2915 3732; x_wconf 82' lang='grc' dir='ltr'>Βούτυρον</span> <span class='ocrx_word' id='word_1_657' title='bbox 2973 3663 3064 3714; x_wconf 72' lang='grc' dir='ltr'>καὶ</span> <span class='ocrx_word' id='word_1_658' title='bbox 3115 3660 3238 3731; x_wconf 86' lang='grc' dir='ltr'>μέλι</span> <span class='ocrx_word' id='word_1_659' title='bbox 3297 3658 3549 3729; x_wconf 84' lang='grc' dir='ltr'>φάγεται.</span> <span class='ocrx_word' id='word_1_660' title='bbox 3592 3675 3614 3709; x_wconf 71' lang='grc' dir='ltr'><strong>ι</strong></span> 
     </span>
    </p>
   </div>
   <div class='ocr_carea' id='block_1_84' title="bbox 2042 3748 3618 3824">
    <p class='ocr_par' dir='ltr' id='par_1_84' title="bbox 2042 3748 3618 3824">
     <span class='ocr_line' id='line_1_84' title="bbox 2042 3748 3618 3824; baseline -0.003 -16"><span class='ocrx_word' id='word_1_661' title='bbox 2042 3756 2348 3824; x_wconf 77' lang='grc' dir='ltr'>Ηὺλόγηται</span> <span class='ocrx_word' id='word_1_662' title='bbox 2373 3754 2552 3808; x_wconf 82' lang='grc' dir='ltr'>τοίνυν</span> <span class='ocrx_word' id='word_1_663' title='bbox 2576 3754 2727 3806; x_wconf 82' lang='grc' dir='ltr'>ἓνεκε</span> <span class='ocrx_word' id='word_1_664' title='bbox 2763 3753 2983 3822; x_wconf 86' lang='grc' dir='ltr'>μαστῶν</span> <span class='ocrx_word' id='word_1_665' title='bbox 3007 3752 3100 3805; x_wconf 87' lang='grc' dir='ltr'><strong>καί</strong></span> <span class='ocrx_word' id='word_1_666' title='bbox 3129 3754 3362 3822; x_wconf 77' lang='grc' dir='ltr'>μήτρας.</span> <span class='ocrx_word' id='word_1_667' title='bbox 3398 3752 3487 3812; x_wconf 80' lang='grc' dir='ltr'>Ὠς</span> <span class='ocrx_word' id='word_1_668' title='bbox 3505 3748 3618 3820; x_wconf 71' lang='grc' dir='ltr'><strong>γὰρ</strong></span> 
     </span>
    </p>
   </div>
   <div class='ocr_carea' id='block_1_85' title="bbox 2041 3841 3620 3915">
    <p class='ocr_par' dir='ltr' id='par_1_85' title="bbox 2041 3841 3620 3915">
     <span class='ocr_line' id='line_1_85' title="bbox 2041 3841 3620 3915; baseline -0.003 -17"><span class='ocrx_word' id='word_1_669' title='bbox 2041 3845 2177 3915; x_wconf 73' lang='grc' dir='ltr'>ἔφην</span> <span class='ocrx_word' id='word_1_670' title='bbox 2199 3845 2427 3914; x_wconf 75' lang='grc' dir='ltr'>φθάσας,</span> <span class='ocrx_word' id='word_1_671' title='bbox 2459 3845 2580 3896; x_wconf 77' lang='grc' dir='ltr'>ἐπεί</span> <span class='ocrx_word' id='word_1_672' title='bbox 2601 3861 2682 3896; x_wconf 85' lang='grc' dir='ltr'><strong>τοι</strong></span> <span class='ocrx_word' id='word_1_673' title='bbox 2711 3843 2934 3912; x_wconf 78' lang='grc' dir='ltr'>γέγονεν</span> <span class='ocrx_word' id='word_1_674' title='bbox 2958 3842 3241 3912; x_wconf 81' lang='grc' dir='ltr'>ἄνθρωπος</span> <span class='ocrx_word' id='word_1_675' title='bbox 3264 3843 3357 3894; x_wconf 71' lang='grc' dir='ltr'><strong>καί¹</strong></span> <span class='ocrx_word' id='word_1_676' title='bbox 3381 3841 3620 3911; x_wconf 85' lang='grc' dir='ltr'>ὑπήκοος</span> 
     </span>
    </p>
   </div>
   <div class='ocr_carea' id='block_1_86' title="bbox 2037 3930 3614 4006">
    <p class='ocr_par' dir='ltr' id='par_1_86' title="bbox 2037 3930 3614 4006">
     <span class='ocr_line' id='line_1_86' title="bbox 2037 3930 3614 4006; baseline -0.003 -16"><span class='ocrx_word' id='word_1_677' title='bbox 2037 3935 2117 4006; x_wconf 80' lang='grc' dir='ltr'>τῷ</span> <span class='ocrx_word' id='word_1_678' title='bbox 2137 3935 2333 4005; x_wconf 78' lang='grc' dir='ltr'>Πατρὶ,</span> <span class='ocrx_word' id='word_1_679' title='bbox 2357 3933 2834 4005; x_wconf 84' lang='grc' dir='ltr'>κεκληρονόμηκεν</span> <span class='ocrx_word' id='word_1_680' title='bbox 2855 3933 3026 4005; x_wconf 73' lang='grc' dir='ltr'>ὄνομα</span> <span class='ocrx_word' id='word_1_681' title='bbox 3045 3933 3106 3986; x_wconf 80' lang='grc' dir='ltr'>τὸ</span> <span class='ocrx_word' id='word_1_682' title='bbox 3125 3933 3266 4003; x_wconf 79' lang='grc' dir='ltr'>ὑπὲρ</span> <span class='ocrx_word' id='word_1_683' title='bbox 3290 3933 3396 3986; x_wconf 76' lang='grc' dir='ltr'><strong>πᾶν</strong></span> <span class='ocrx_word' id='word_1_684' title='bbox 3421 3930 3614 4001; x_wconf 75' lang='grc' dir='ltr'>δνομα,</span> 
     </span>
    </p>
   </div>
   <div class='ocr_carea' id='block_1_87' title="bbox 2039 4021 3619 4094">
    <p class='ocr_par' dir='ltr' id='par_1_87' title="bbox 2039 4021 3619 4094">
     <span class='ocr_line' id='line_1_87' title="bbox 2039 4021 3619 4094; baseline -0.003 -17"><span class='ocrx_word' id='word_1_685' title='bbox 2039 4025 2133 4077; x_wconf 77' lang='grc' dir='ltr'><strong>καὶ</strong></span> <span class='ocrx_word' id='word_1_686' title='bbox 2157 4023 2304 4094; x_wconf 87' lang='grc' dir='ltr'><strong>αὐτῷ</strong></span> <span class='ocrx_word' id='word_1_687' title='bbox 2337 4041 2354 4075; x_wconf 85' lang='grc' dir='ltr'><strong>ι</strong></span> <span class='ocrx_word' id='word_1_688' title='bbox 2402 4022 2610 4093; x_wconf 77' lang='grc' dir='ltr'>κάμψει</span> <span class='ocrx_word' id='word_1_689' title='bbox 2640 4024 2746 4076; x_wconf 85' lang='grc' dir='ltr'><strong>πᾶν</strong></span> <span class='ocrx_word' id='word_1_690' title='bbox 2791 4023 2941 4090; x_wconf 83' lang='grc' dir='ltr'>γόνυ,</span> <span class='ocrx_word' id='word_1_691' title='bbox 2980 4023 3338 4092; x_wconf 81' lang='grc' dir='ltr'>ἐπουρανίων,</span> <span class='ocrx_word' id='word_1_692' title='bbox 3374 4021 3467 4075; x_wconf 77' lang='grc' dir='ltr'>καὶ</span> <span class='ocrx_word' id='word_1_693' title='bbox 3496 4023 3619 4073; x_wconf 72' lang='grc' dir='ltr'>ὲπισ</span> 
     </span>
    </p>
   </div>
   <div class='ocr_carea' id='block_1_88' title="bbox 2037 4111 3618 4186">
    <p class='ocr_par' dir='ltr' id='par_1_88' title="bbox 2037 4111 3618 4186">
     <span class='ocr_line' id='line_1_88' title="bbox 2037 4111 3618 4186; baseline -0.004 -16"><span class='ocrx_word' id='word_1_694' title='bbox 2037 4115 2220 4185; x_wconf 89' lang='grc' dir='ltr'>γείων,</span> <span class='ocrx_word' id='word_1_695' title='bbox 2267 4116 2360 4170; x_wconf 80' lang='grc' dir='ltr'><strong>καί</strong></span> <span class='ocrx_word' id='word_1_696' title='bbox 2409 4114 2798 4186; x_wconf 87' lang='grc' dir='ltr'>καταχθονίων,</span> <span class='ocrx_word' id='word_1_697' title='bbox 2841 4113 3244 4183; x_wconf 76' lang='grc' dir='ltr'>ὁμολογούντων</span> <span class='ocrx_word' id='word_1_698' title='bbox 3293 4114 3374 4166; x_wconf 82' lang='grc' dir='ltr'>ὅτι</span> <span class='ocrx_word' id='word_1_699' title='bbox 3411 4111 3618 4183; x_wconf 81' lang='grc' dir='ltr'>Κύριος</span> 
     </span>
    </p>
   </div>
   <div class='ocr_carea' id='block_1_89' title="bbox 2052 4203 3614 4279">
    <p class='ocr_par' dir='ltr' id='par_1_89' title="bbox 2052 4203 3614 4279">
     <span class='ocr_line' id='line_1_89' title="bbox 2052 4203 3614 4279; baseline -0.005 -17"><span class='ocrx_word' id='word_1_700' title='bbox 2052 4203 2260 4279; x_wconf 85' lang='grc' dir='ltr'>Ἰησοῦς</span> <span class='ocrx_word' id='word_1_701' title='bbox 2301 4206 2556 4278; x_wconf 81' lang='grc' dir='ltr'>Χριστὸς,</span> <span class='ocrx_word' id='word_1_702' title='bbox 2590 4206 2668 4268; x_wconf 90' lang='grc' dir='ltr'><strong>εἰς</strong></span> <span class='ocrx_word' id='word_1_703' title='bbox 2699 4205 2855 4269; x_wconf 79' lang='grc' dir='ltr'>δόξαν</span> <span class='ocrx_word' id='word_1_704' title='bbox 2888 4204 3023 4258; x_wconf 88' lang='grc' dir='ltr'>Θεοῦ</span> <span class='ocrx_word' id='word_1_705' title='bbox 3050 4205 3282 4275; x_wconf 88' lang='grc' dir='ltr'>Πατρός.</span> <span class='ocrx_word' id='word_1_706' title='bbox 3317 4223 3335 4255; x_wconf 76' lang='grc' dir='ltr'><strong>ι</strong></span> <span class='ocrx_word' id='word_1_707' title='bbox 3383 4203 3529 4273; x_wconf 80' lang='grc' dir='ltr'>Πλὴν</span> <span class='ocrx_word' id='word_1_708' title='bbox 3562 4203 3614 4256; x_wconf 86' lang='grc' dir='ltr'><strong>εἰ</strong></span> 
     </span>
    </p>
   </div>
   <div class='ocr_carea' id='block_1_90' title="bbox 2038 4294 3616 4370">
    <p class='ocr_par' dir='ltr' id='par_1_90' title="bbox 2038 4294 3616 4370">
     <span class='ocr_line' id='line_1_90' title="bbox 2038 4294 3616 4370; baseline -0.004 -16"><span class='ocrx_word' id='word_1_709' title='bbox 2038 4301 2131 4354; x_wconf 81' lang='grc' dir='ltr'>καὶ</span> <span class='ocrx_word' id='word_1_710' title='bbox 2166 4300 2371 4370; x_wconf 83' lang='grc' dir='ltr'>πέφηνε</span> <span class='ocrx_word' id='word_1_711' title='bbox 2406 4298 2526 4352; x_wconf 79' lang='grc' dir='ltr'>καθ’</span> <span class='ocrx_word' id='word_1_712' title='bbox 2572 4300 2737 4368; x_wconf 77' lang='grc' dir='ltr'>ἡμᾶς,</span> <span class='ocrx_word' id='word_1_713' title='bbox 2775 4298 2891 4351; x_wconf 82' lang='grc' dir='ltr'>ἀλλ’</span> <span class='ocrx_word' id='word_1_714' title='bbox 2923 4294 3018 4352; x_wconf 73' lang='grc' dir='ltr'>οὖν</span> <span class='ocrx_word' id='word_1_715' title='bbox 3054 4298 3438 4367; x_wconf 86' lang='grc' dir='ltr'>ὑπερκείσεται</span> <span class='ocrx_word' id='word_1_716' title='bbox 3478 4314 3616 4350; x_wconf 80' lang='grc' dir='ltr'>πανο</span> 
     </span>
    </p>
   </div>
   <div class='ocr_carea' id='block_1_91' title="bbox 349 4384 1936 4463">
    <p class='ocr_par' dir='ltr' id='par_1_91' title="bbox 349 4384 1931 4463">
     <span class='ocr_line' id='line_1_91' title="bbox 349 4384 1931 4463; baseline 0.006 -23"><span class='ocrx_word' id='word_1_717' title='bbox 349 4384 661 4440; x_wconf 73' lang='grc' dir='ltr'>εωιεειίιιιη</span> <span class='ocrx_word' id='word_1_718' title='bbox 686 4427 700 4450; x_wconf 93' lang='grc'><strong>,</strong></span> <span class='ocrx_word' id='word_1_719' title='bbox 751 4388 1100 4442; x_wconf 90' lang='lat' dir='ltr'><strong>terrestrium</strong></span> <span class='ocrx_word' id='word_1_720' title='bbox 1137 4397 1195 4444; x_wconf 94' lang='lat' dir='ltr'><strong>et</strong></span> <span class='ocrx_word' id='word_1_721' title='bbox 1241 4389 1604 4460; x_wconf 81' lang='lat' dir='ltr'><strong>infernorum,</strong></span> <span class='ocrx_word' id='word_1_722' title='bbox 1634 4394 1728 4463; x_wconf 91' lang='lat' dir='ltr'><strong>qui</strong></span> <span class='ocrx_word' id='word_1_723' title='bbox 1757 4395 1931 4449; x_wconf 88' lang='lat' dir='ltr'><strong>conﬁ-</strong></span> 
     </span>
    </p>
   </div>
   <div class='ocr_carea' id='block_1_92' title="bbox 2039 4384 3614 4463">
    <p class='ocr_par' dir='ltr' id='par_1_92' title="bbox 2039 4387 3614 4461">
     <span class='ocr_line' id='line_1_92' title="bbox 2039 4387 3614 4461; baseline -0.004 -16"><span class='ocrx_word' id='word_1_724' title='bbox 2039 4393 2125 4456; x_wconf 80' lang='grc' dir='ltr'><strong>τὸς</strong></span> <span class='ocrx_word' id='word_1_725' title='bbox 2147 4392 2324 4460; x_wconf 86' lang='grc' dir='ltr'>άγίου,</span> <span class='ocrx_word' id='word_1_726' title='bbox 2351 4392 2444 4444; x_wconf 74' lang='grc' dir='ltr'>καὶ</span> <span class='ocrx_word' id='word_1_727' title='bbox 2469 4390 2895 4461; x_wconf 79' lang='grc' dir='ltr'>ὑπερανεστήξει</span> <span class='ocrx_word' id='word_1_728' title='bbox 2929 4389 3248 4460; x_wconf 83' lang='grc' dir='ltr'>θεοπρεπῶς</span> <span class='ocrx_word' id='word_1_729' title='bbox 3275 4389 3384 4442; x_wconf 91' lang='grc' dir='ltr'><strong>τῶν</strong></span> <span class='ocrx_word' id='word_1_730' title='bbox 3406 4387 3614 4443; x_wconf 81' lang='grc' dir='ltr'>ἄνωθεν</span> 
     </span>
    </p>
   </div>
   <div class='ocr_carea' id='block_1_93' title="bbox 349 4480 1931 4557">
    <p class='ocr_par' dir='ltr' id='par_1_93' title="bbox 349 4480 1931 4557">
     <span class='ocr_line' id='line_1_93' title="bbox 349 4480 1931 4557; baseline 0.006 -25"><span class='ocrx_word' id='word_1_731' title='bbox 349 4488 538 4533; x_wconf 89' lang='lat' dir='ltr'><strong>tentur</strong></span> <span class='ocrx_word' id='word_1_732' title='bbox 565 4480 712 4550; x_wconf 91' lang='lat' dir='ltr'><strong>quod</strong></span> <span class='ocrx_word' id='word_1_733' title='bbox 758 4481 1026 4536; x_wconf 85' lang='lat' dir='ltr'><strong>Dominus</strong></span> <span class='ocrx_word' id='word_1_734' title='bbox 1065 4482 1226 4537; x_wconf 85' lang='lat' dir='ltr'><strong>Jesus</strong></span> <span class='ocrx_word' id='word_1_735' title='bbox 1265 4481 1520 4538; x_wconf 87' lang='lat' dir='ltr'><strong>Christus</strong></span> <span class='ocrx_word' id='word_1_736' title='bbox 1557 4485 1630 4539; x_wconf 87' lang='lat' dir='ltr'><strong>sit</strong></span> <span class='ocrx_word' id='word_1_737' title='bbox 1673 4486 1728 4540; x_wconf 90' lang='lat' dir='ltr'><strong>in</strong></span> <span class='ocrx_word' id='word_1_738' title='bbox 1755 4486 1931 4557; x_wconf 79' lang='lat' dir='ltr'><strong>gloria</strong></span> 
     </span>
    </p>
   </div>
   <div class='ocr_carea' id='block_1_94' title="bbox 348 4570 1926 4645">
    <p class='ocr_par' dir='ltr' id='par_1_94' title="bbox 348 4570 1926 4645">
     <span class='ocr_line' id='line_1_94' title="bbox 348 4570 1926 4645; baseline 0.006 -21"><span class='ocrx_word' id='word_1_739' title='bbox 348 4570 444 4624; x_wconf 89' lang='lat' dir='ltr'><strong>Dei</strong></span> <span class='ocrx_word' id='word_1_740' title='bbox 471 4570 650 4624; x_wconf 89' lang='lat' dir='ltr'><strong>Patris</strong></span> <span class='ocrx_word' id='word_1_741' title='bbox 671 4573 736 4624; x_wconf 78' lang='grc'><strong>⁸⁷.</strong></span> <span class='ocrx_word' id='word_1_742' title='bbox 773 4591 790 4623; x_wconf 74' lang='grc' dir='ltr'><strong>ι</strong></span> <span class='ocrx_word' id='word_1_743' title='bbox 823 4573 956 4626; x_wconf 87' lang='lat' dir='ltr'><strong>Nam</strong></span> <span class='ocrx_word' id='word_1_744' title='bbox 985 4573 1087 4633; x_wconf 82' lang='lat' dir='ltr'><strong>etsi</strong></span> <span class='ocrx_word' id='word_1_745' title='bbox 1113 4574 1386 4643; x_wconf 88' lang='lat' dir='ltr'><strong>apparuit,</strong></span> <span class='ocrx_word' id='word_1_746' title='bbox 1413 4575 1556 4629; x_wconf 90' lang='lat' dir='ltr'><strong>sicut</strong></span> <span class='ocrx_word' id='word_1_747' title='bbox 1596 4591 1717 4642; x_wconf 83' lang='lat' dir='ltr'><strong>nos,</strong></span> <span class='ocrx_word' id='word_1_748' title='bbox 1742 4578 1926 4645; x_wconf 87' lang='lat' dir='ltr'><strong>homo,</strong></span> 
     </span>
    </p>
   </div>
   <div class='ocr_carea' id='block_1_95' title="bbox 347 4663 1925 4734">
    <p class='ocr_par' dir='ltr' id='par_1_95' title="bbox 347 4663 1925 4734">
     <span class='ocr_line' id='line_1_95' title="bbox 347 4663 1925 4734; baseline 0.008 -21"><span class='ocrx_word' id='word_1_749' title='bbox 347 4670 554 4724; x_wconf 91' lang='lat' dir='ltr'><strong>tamen,</strong></span> <span class='ocrx_word' id='word_1_750' title='bbox 595 4670 656 4714; x_wconf 92' lang='lat' dir='ltr'><strong>ut</strong></span> <span class='ocrx_word' id='word_1_751' title='bbox 679 4663 842 4725; x_wconf 86' lang='lat' dir='ltr'><strong>Deus,</strong></span> <span class='ocrx_word' id='word_1_752' title='bbox 890 4673 1116 4732; x_wconf 88' lang='lat' dir='ltr'><strong>superat</strong></span> <span class='ocrx_word' id='word_1_753' title='bbox 1153 4666 1406 4734; x_wconf 88' lang='lat' dir='ltr'><strong>quemvis</strong></span> <span class='ocrx_word' id='word_1_754' title='bbox 1457 4677 1727 4733; x_wconf 89' lang='lat' dir='ltr'><strong>sanctum,</strong></span> <span class='ocrx_word' id='word_1_755' title='bbox 1760 4671 1925 4726; x_wconf 85' lang='lat' dir='ltr'><strong>etiam</strong></span> 
     </span>
    </p>
   </div>
   <div class='ocr_carea' id='block_1_96' title="bbox 349 4751 1927 4825">
    <p class='ocr_par' dir='ltr' id='par_1_96' title="bbox 349 4751 1927 4825">
     <span class='ocr_line' id='line_1_96' title="bbox 349 4751 1927 4825; baseline 0.009 -21"><span class='ocrx_word' id='word_1_756' title='bbox 349 4752 472 4805; x_wconf 90' lang='lat' dir='ltr'><strong>illos</strong></span> <span class='ocrx_word' id='word_1_757' title='bbox 493 4751 586 4820; x_wconf 90' lang='lat' dir='ltr'><strong>qui</strong></span> <span class='ocrx_word' id='word_1_758' title='bbox 605 4753 717 4820; x_wconf 89' lang='lat' dir='ltr'><strong>jam</strong></span> <span class='ocrx_word' id='word_1_759' title='bbox 750 4751 876 4806; x_wconf 86' lang='lat' dir='ltr'><strong>inde</strong></span> <span class='ocrx_word' id='word_1_760' title='bbox 899 4769 929 4806; x_wconf 94' lang='lat' dir='ltr'><strong>a</strong></span> <span class='ocrx_word' id='word_1_761' title='bbox 954 4753 1255 4823; x_wconf 90' lang='lat' dir='ltr'><strong>primordio</strong></span> <span class='ocrx_word' id='word_1_762' title='bbox 1282 4756 1472 4811; x_wconf 92' lang='lat' dir='ltr'><strong>mundi</strong></span> <span class='ocrx_word' id='word_1_763' title='bbox 1497 4758 1846 4825; x_wconf 84' lang='lat' dir='ltr'><strong>exstiterunt,</strong></span> <span class='ocrx_word' id='word_1_764' title='bbox 1870 4771 1927 4818; x_wconf 88' lang='lat' dir='ltr'><strong>et</strong></span> 
     </span>
    </p>
   </div>
   <div class='ocr_carea' id='block_1_97' title="bbox 347 4842 1922 4908">
    <p class='ocr_par' dir='ltr' id='par_1_97' title="bbox 347 4842 1922 4908">
     <span class='ocr_line' id='line_1_97' title="bbox 347 4842 1922 4908; baseline 0.009 -13"><span class='ocrx_word' id='word_1_765' title='bbox 347 4842 540 4896; x_wconf 87' lang='lat' dir='ltr'><strong>Patres</strong></span> <span class='ocrx_word' id='word_1_766' title='bbox 593 4851 722 4897; x_wconf 87' lang='lat' dir='ltr'><strong>sunt</strong></span> <span class='ocrx_word' id='word_1_767' title='bbox 766 4844 1055 4899; x_wconf 88' lang='lat' dir='ltr'><strong>nominati.</strong></span> <span class='ocrx_word' id='word_1_768' title='bbox 1127 4845 1208 4901; x_wconf 89' lang='lat' dir='ltr'><strong>lta</strong></span> <span class='ocrx_word' id='word_1_769' title='bbox 1263 4846 1411 4901; x_wconf 90' lang='lat' dir='ltr'><strong>enim</strong></span> <span class='ocrx_word' id='word_1_770' title='bbox 1467 4849 1756 4907; x_wconf 89' lang='lat' dir='ltr'><strong>Psalmista</strong></span> <span class='ocrx_word' id='word_1_771' title='bbox 1805 4854 1922 4908; x_wconf 89' lang='lat' dir='ltr'><strong>ait:</strong></span> 
     </span>
    </p>
   </div>
   <div class='ocr_carea' id='block_1_98' title="bbox 357 4932 1927 5007">
    <p class='ocr_par' dir='ltr' id='par_1_98' title="bbox 357 4932 1927 5007">
     <span class='ocr_line' id='line_1_98' title="bbox 357 4932 1927 5007; baseline 0.01 -21"><span class='ocrx_word' id='word_1_772' title='bbox 357 4952 375 4984; x_wconf 82' lang='grc' dir='ltr'><strong>ι</strong></span> <span class='ocrx_word' id='word_1_773' title='bbox 419 4932 688 5001; x_wconf 86' lang='lat' dir='ltr'><strong>Quoniam</strong></span> <span class='ocrx_word' id='word_1_774' title='bbox 712 4935 837 5004; x_wconf 86' lang='lat' dir='ltr'><strong>quis</strong></span> <span class='ocrx_word' id='word_1_775' title='bbox 859 4935 915 4989; x_wconf 91' lang='lat' dir='ltr'><strong>in</strong></span> <span class='ocrx_word' id='word_1_776' title='bbox 938 4935 1184 4991; x_wconf 90' lang='lat' dir='ltr'><strong>nubibus</strong></span> <span class='ocrx_word' id='word_1_777' title='bbox 1204 4938 1516 5007; x_wconf 59' lang='lat' dir='ltr'><strong>aequabitur</strong></span> <span class='ocrx_word' id='word_1_778' title='bbox 1539 4942 1770 4999; x_wconf 90' lang='lat' dir='ltr'><strong>Domino</strong></span> <span class='ocrx_word' id='word_1_779' title='bbox 1798 4961 1810 4998; x_wconf 89' lang='lat'><strong>:</strong></span> <span class='ocrx_word' id='word_1_780' title='bbox 1832 4955 1927 5000; x_wconf 91' lang='lat' dir='ltr'><strong>aut</strong></span> 
     </span>
    </p>
   </div>
   <div class='ocr_carea' id='block_1_99' title="bbox 349 5023 1928 5092">
    <p class='ocr_par' dir='ltr' id='par_1_99' title="bbox 349 5023 1928 5092">
     <span class='ocr_line' id='line_1_99' title="bbox 349 5023 1928 5092; baseline 0.007 -16"><span class='ocrx_word' id='word_1_781' title='bbox 349 5023 474 5092; x_wconf 86' lang='lat' dir='ltr'><strong>quis</strong></span> <span class='ocrx_word' id='word_1_782' title='bbox 515 5023 566 5078; x_wconf 90' lang='lat' dir='ltr'><strong>ei</strong></span> <span class='ocrx_word' id='word_1_783' title='bbox 617 5023 816 5080; x_wconf 90' lang='lat' dir='ltr'><strong>similis</strong></span> <span class='ocrx_word' id='word_1_784' title='bbox 856 5024 966 5078; x_wconf 89' lang='lat' dir='ltr'><strong>erit</strong></span> <span class='ocrx_word' id='word_1_785' title='bbox 1009 5024 1156 5078; x_wconf 88' lang='lat' dir='ltr'><strong>inter</strong></span> <span class='ocrx_word' id='word_1_786' title='bbox 1193 5023 1336 5080; x_wconf 77' lang='lat' dir='ltr'><strong>filios</strong></span> <span class='ocrx_word' id='word_1_787' title='bbox 1384 5027 1482 5082; x_wconf 88' lang='lat' dir='ltr'><strong>Dei</strong></span> <span class='ocrx_word' id='word_1_788' title='bbox 1509 5027 1556 5060; x_wconf 77' lang='grc'><strong>’⁸</strong></span> <span class='ocrx_word' id='word_1_789' title='bbox 1583 5029 1606 5083; x_wconf 85' lang='lat'><strong>?</strong></span> <span class='ocrx_word' id='word_1_790' title='bbox 1638 5049 1656 5081; x_wconf 86' lang='grc'><strong>›</strong></span> <span class='ocrx_word' id='word_1_791' title='bbox 1697 5031 1811 5086; x_wconf 82' lang='lat' dir='ltr'><strong>Hoc</strong></span> <span class='ocrx_word' id='word_1_792' title='bbox 1870 5042 1928 5087; x_wconf 93' lang='lat' dir='ltr'><strong>et</strong></span> 
     </span>
    </p>
   </div>
   <div class='ocr_carea' id='block_1_100' title="bbox 350 5111 1929 5188">
    <p class='ocr_par' dir='ltr' id='par_1_100' title="bbox 350 5111 1929 5188">
     <span class='ocr_line' id='line_1_100' title="bbox 350 5111 1929 5188; baseline 0.008 -23"><span class='ocrx_word' id='word_1_793' title='bbox 350 5111 542 5168; x_wconf 85' lang='lat' dir='ltr'><strong>beatus</strong></span> <span class='ocrx_word' id='word_1_794' title='bbox 578 5115 746 5170; x_wconf 84' lang='lat' dir='ltr'><strong>Jacob</strong></span> <span class='ocrx_word' id='word_1_795' title='bbox 792 5111 966 5172; x_wconf 82' lang='lat' dir='ltr'><strong>docet&quot;</strong></span> <span class='ocrx_word' id='word_1_796' title='bbox 995 5119 1252 5186; x_wconf 64' lang='lat' dir='ltr'><strong>prarsenti</strong></span> <span class='ocrx_word' id='word_1_797' title='bbox 1295 5118 1416 5174; x_wconf 89' lang='lat' dir='ltr'><strong>loco</strong></span> <span class='ocrx_word' id='word_1_798' title='bbox 1456 5119 1690 5176; x_wconf 89' lang='lat' dir='ltr'><strong>dicens:</strong></span> <span class='ocrx_word' id='word_1_799' title='bbox 1743 5143 1760 5174; x_wconf 83' lang='grc' dir='ltr'><strong>ι</strong></span> <span class='ocrx_word' id='word_1_800' title='bbox 1791 5122 1929 5188; x_wconf 86' lang='lat' dir='ltr'><strong>Quia</strong></span> 
     </span>
    </p>
   </div>
   <div class='ocr_carea' id='block_1_101' title="bbox 353 5205 1926 5279">
    <p class='ocr_par' dir='ltr' id='par_1_101' title="bbox 353 5205 1926 5279">
     <span class='ocr_line' id='line_1_101' title="bbox 353 5205 1926 5279; baseline 0.008 -23"><span class='ocrx_word' id='word_1_801' title='bbox 353 5205 684 5272; x_wconf 72' lang='lat' dir='ltr'><strong>przcvaluisti</strong></span> <span class='ocrx_word' id='word_1_802' title='bbox 713 5207 767 5261; x_wconf 91' lang='lat' dir='ltr'><strong>in</strong></span> <span class='ocrx_word' id='word_1_803' title='bbox 801 5207 1284 5264; x_wconf 90' lang='lat' dir='ltr'><strong>benedictionibus</strong></span> <span class='ocrx_word' id='word_1_804' title='bbox 1319 5211 1590 5265; x_wconf 88' lang='lat' dir='ltr'><strong>montium</strong></span> <span class='ocrx_word' id='word_1_805' title='bbox 1622 5213 1926 5279; x_wconf 76' lang='lat' dir='ltr'><strong>firmorum,</strong></span> 
     </span>
    </p>
   </div>
   <div class='ocr_carea' id='block_1_102' title="bbox 349 5296 1924 5361">
    <p class='ocr_par' dir='ltr' id='par_1_102' title="bbox 349 5296 1924 5361">
     <span class='ocr_line' id='line_1_102' title="bbox 349 5296 1924 5361; baseline 0.007 -11"><span class='ocrx_word' id='word_1_806' title='bbox 349 5305 406 5350; x_wconf 87' lang='lat' dir='ltr'><strong>et</strong></span> <span class='ocrx_word' id='word_1_807' title='bbox 454 5296 676 5350; x_wconf 89' lang='lat' dir='ltr'><strong>collium</strong></span> <span class='ocrx_word' id='word_1_808' title='bbox 724 5309 1058 5354; x_wconf 66' lang='lat' dir='ltr'><strong>aeternorum</strong></span> <span class='ocrx_word' id='word_1_809' title='bbox 1088 5303 1152 5356; x_wconf 75' lang='grc'><strong>³³.</strong></span> <span class='ocrx_word' id='word_1_810' title='bbox 1188 5322 1207 5353; x_wconf 80' lang='grc' dir='ltr'><strong>ι</strong></span> <span class='ocrx_word' id='word_1_811' title='bbox 1241 5301 1378 5356; x_wconf 86' lang='lat' dir='ltr'><strong>Nam</strong></span> <span class='ocrx_word' id='word_1_812' title='bbox 1405 5312 1620 5359; x_wconf 87' lang='lat' dir='ltr'><strong>montes</strong></span> <span class='ocrx_word' id='word_1_813' title='bbox 1670 5304 1924 5361; x_wconf 84' lang='lat' dir='ltr'><strong>ﬁrmissi-</strong></span> 
     </span>
    </p>
   </div>
   <div class='ocr_carea' id='block_1_103' title="bbox 351 5385 1929 5467">
    <p class='ocr_par' dir='ltr' id='par_1_103' title="bbox 351 5385 1929 5467">
     <span class='ocr_line' id='line_1_103' title="bbox 351 5385 1929 5467; baseline 0.008 -30"><span class='ocrx_word' id='word_1_814' title='bbox 351 5399 489 5451; x_wconf 90' lang='lat' dir='ltr'><strong>mos,</strong></span> <span class='ocrx_word' id='word_1_815' title='bbox 509 5385 750 5458; x_wconf 86' lang='lat' dir='ltr'><strong>itemque</strong></span> <span class='ocrx_word' id='word_1_816' title='bbox 775 5389 945 5444; x_wconf 89' lang='lat' dir='ltr'><strong>colles</strong></span> <span class='ocrx_word' id='word_1_817' title='bbox 962 5399 1198 5446; x_wconf 78' lang='lat' dir='ltr'><strong>aeternos</strong></span> <span class='ocrx_word' id='word_1_818' title='bbox 1227 5401 1385 5448; x_wconf 90' lang='lat' dir='ltr'><strong>vocat</strong></span> <span class='ocrx_word' id='word_1_819' title='bbox 1408 5402 1647 5459; x_wconf 88' lang='lat' dir='ltr'><strong>sanctos,</strong></span> <span class='ocrx_word' id='word_1_820' title='bbox 1675 5405 1929 5467; x_wconf 87' lang='lat' dir='ltr'><strong>propter-</strong></span> 
     </span>
    </p>
   </div>
   <div class='ocr_carea' id='block_1_104' title="bbox 2029 4479 3614 4553">
    <p class='ocr_par' dir='ltr' id='par_1_104' title="bbox 2029 4479 3614 4553">
     <span class='ocr_line' id='line_1_104' title="bbox 2029 4479 3614 4553; baseline -0.003 -15"><span class='ocrx_word' id='word_1_821' title='bbox 2029 4485 2116 4538; x_wconf 73' lang='grc' dir='ltr'>ἔτι</span> <span class='ocrx_word' id='word_1_822' title='bbox 2185 4485 2280 4538; x_wconf 82' lang='grc' dir='ltr'><strong>καί</strong></span> <span class='ocrx_word' id='word_1_823' title='bbox 2341 4482 2656 4551; x_wconf 73' lang='grc' dir='ltr'>ὀνομαστῶν</span> <span class='ocrx_word' id='word_1_824' title='bbox 2715 4482 2985 4553; x_wconf 74' lang='grc' dir='ltr'>πατέρων.</span> <span class='ocrx_word' id='word_1_825' title='bbox 3042 4484 3107 4535; x_wconf 87' lang='lat'><strong>&#39;0</strong></span> <span class='ocrx_word' id='word_1_826' title='bbox 3157 4482 3265 4552; x_wconf 83' lang='grc' dir='ltr'>γὰρ</span> <span class='ocrx_word' id='word_1_827' title='bbox 3307 4483 3336 4534; x_wconf 86' lang='grc' dir='ltr'><strong>ό</strong></span> <span class='ocrx_word' id='word_1_828' title='bbox 3384 4479 3614 4533; x_wconf 76' lang='grc' dir='ltr'>Ψάλλων</span> 
     </span>
    </p>
   </div>
   <div class='ocr_carea' id='block_1_105' title="bbox 2043 4570 3615 4644">
    <p class='ocr_par' dir='ltr' id='par_1_105' title="bbox 2043 4570 3615 4644">
     <span class='ocr_line' id='line_1_105' title="bbox 2043 4570 3615 4644; baseline -0.004 -17"><span class='ocrx_word' id='word_1_829' title='bbox 2043 4575 2233 4644; x_wconf 79' lang='grc' dir='ltr'>φησιν’</span> <span class='ocrx_word' id='word_1_830' title='bbox 2273 4592 2291 4624; x_wconf 88' lang='grc' dir='ltr'><strong>ι</strong></span> <span class='ocrx_word' id='word_1_831' title='bbox 2316 4573 2434 4624; x_wconf 81' lang='grc' dir='ltr'>Ὅτι</span> <span class='ocrx_word' id='word_1_832' title='bbox 2465 4572 2548 4634; x_wconf 85' lang='grc' dir='ltr'><strong>τίς</strong></span> <span class='ocrx_word' id='word_1_833' title='bbox 2577 4573 2634 4624; x_wconf 87' lang='grc' dir='ltr'>ὲν</span> <span class='ocrx_word' id='word_1_834' title='bbox 2659 4572 2908 4640; x_wconf 79' lang='grc' dir='ltr'>νεφέλαις</span> <span class='ocrx_word' id='word_1_835' title='bbox 2941 4570 3264 4642; x_wconf 73' lang='grc' dir='ltr'>[σωθήσεται</span> <span class='ocrx_word' id='word_1_836' title='bbox 3289 4570 3364 4640; x_wconf 81' lang='grc' dir='ltr'>τῷ</span> <span class='ocrx_word' id='word_1_837' title='bbox 3387 4570 3615 4639; x_wconf 66' lang='grc' dir='ltr'>Κυρίῳς</span> 
     </span>
    </p>
   </div>
   <div class='ocr_carea' id='block_1_106' title="bbox 2025 4659 3611 4732">
    <p class='ocr_par' dir='ltr' id='par_1_106' title="bbox 2025 4659 3611 4732">
     <span class='ocr_line' id='line_1_106' title="bbox 2025 4659 3611 4732; baseline -0.003 -16"><span class='ocrx_word' id='word_1_838' title='bbox 2025 4664 2056 4732; x_wconf 84' lang='grc' dir='ltr'><strong>ἧ</strong></span> <span class='ocrx_word' id='word_1_839' title='bbox 2088 4663 2170 4726; x_wconf 86' lang='grc' dir='ltr'><strong>τίς</strong></span> <span class='ocrx_word' id='word_1_840' title='bbox 2201 4661 2595 4732; x_wconf 82' lang='grc' dir='ltr'>ὁμοιωθήσεται</span> <span class='ocrx_word' id='word_1_841' title='bbox 2629 4661 2775 4732; x_wconf 81' lang='grc' dir='ltr'>αὐτῷ</span> <span class='ocrx_word' id='word_1_842' title='bbox 2799 4663 2856 4713; x_wconf 83' lang='grc' dir='ltr'>ὲν</span> <span class='ocrx_word' id='word_1_843' title='bbox 2899 4662 3034 4723; x_wconf 89' lang='grc' dir='ltr'>υἱοῖς</span> <span class='ocrx_word' id='word_1_844' title='bbox 3065 4659 3234 4723; x_wconf 87' lang='grc' dir='ltr'>Θεοῦ;</span> <span class='ocrx_word' id='word_1_845' title='bbox 3278 4679 3294 4711; x_wconf 79' lang='grc' dir='ltr'><strong>ι</strong></span> <span class='ocrx_word' id='word_1_846' title='bbox 3332 4659 3488 4712; x_wconf 80' lang='grc' dir='ltr'>τοῦτο</span> <span class='ocrx_word' id='word_1_847' title='bbox 3529 4660 3611 4712; x_wconf 81' lang='grc' dir='ltr'>δι-</span> 
     </span>
    </p>
   </div>
   <div class='ocr_carea' id='block_1_107' title="bbox 2020 4749 3616 4825">
    <p class='ocr_par' dir='ltr' id='par_1_107' title="bbox 2020 4749 3616 4825">
     <span class='ocr_line' id='line_1_107' title="bbox 2020 4749 3616 4825; baseline -0.002 -16"><span class='ocrx_word' id='word_1_848' title='bbox 2020 4755 2207 4809; x_wconf 84' lang='grc' dir='ltr'>δάσκει</span> <span class='ocrx_word' id='word_1_849' title='bbox 2233 4754 2402 4823; x_wconf 84' lang='grc' dir='ltr'>λέγων</span> <span class='ocrx_word' id='word_1_850' title='bbox 2431 4755 2458 4808; x_wconf 85' lang='grc' dir='ltr'>ὁ</span> <span class='ocrx_word' id='word_1_851' title='bbox 2488 4749 2752 4825; x_wconf 82' lang='grc' dir='ltr'>μακάριος</span> <span class='ocrx_word' id='word_1_852' title='bbox 2793 4752 2982 4806; x_wconf 79' lang='grc' dir='ltr'>Ἰακώϐ</span> <span class='ocrx_word' id='word_1_853' title='bbox 3001 4771 3014 4784; x_wconf 70' lang='grc' dir='ltr'><strong>ο</strong></span> <span class='ocrx_word' id='word_1_854' title='bbox 3050 4772 3067 4803; x_wconf 85' lang='grc' dir='ltr'><strong>ι</strong></span> <span class='ocrx_word' id='word_1_855' title='bbox 3095 4754 3214 4806; x_wconf 85' lang='grc' dir='ltr'>’Ὁτι</span> <span class='ocrx_word' id='word_1_856' title='bbox 3247 4753 3616 4823; x_wconf 78' lang='grc' dir='ltr'>ὑπερίσχυσας</span> 
     </span>
    </p>
   </div>
   <div class='ocr_carea' id='block_1_108' title="bbox 2035 4845 3602 4917">
    <p class='ocr_par' dir='ltr' id='par_1_108' title="bbox 2035 4845 3602 4917">
     <span class='ocr_line' id='line_1_108' title="bbox 2035 4845 3602 4917; baseline -0.003 -17"><span class='ocrx_word' id='word_1_857' title='bbox 2035 4849 2121 4900; x_wconf 75' lang='grc' dir='ltr'><strong>ἐπ’</strong></span> <span class='ocrx_word' id='word_1_858' title='bbox 2156 4847 2424 4916; x_wconf 86' lang='grc' dir='ltr'>εὐλογίαις</span> <span class='ocrx_word' id='word_1_859' title='bbox 2460 4846 2632 4917; x_wconf 83' lang='grc' dir='ltr'>ὀρέων</span> <span class='ocrx_word' id='word_1_860' title='bbox 2680 4846 2920 4916; x_wconf 82' lang='grc' dir='ltr'>μονίμων</span> <span class='ocrx_word' id='word_1_861' title='bbox 2965 4845 3058 4898; x_wconf 81' lang='grc' dir='ltr'>καὶ</span> <span class='ocrx_word' id='word_1_862' title='bbox 3101 4845 3260 4898; x_wconf 86' lang='grc' dir='ltr'>θινῶν</span> <span class='ocrx_word' id='word_1_863' title='bbox 3290 4845 3544 4898; x_wconf 85' lang='grc' dir='ltr'>αἰωνίων.</span> <span class='ocrx_word' id='word_1_864' title='bbox 3583 4863 3602 4896; x_wconf 74' lang='grc' dir='ltr'><strong>ι</strong></span> 
     </span>
    </p>
   </div>
   <div class='ocr_carea' id='block_1_109' title="bbox 2039 4935 3615 5010">
    <p class='ocr_par' dir='ltr' id='par_1_109' title="bbox 2039 4935 3615 5010">
     <span class='ocr_line' id='line_1_109' title="bbox 2039 4935 3615 5010; baseline -0.003 -18"><span class='ocrx_word' id='word_1_865' title='bbox 2039 4941 2178 5010; x_wconf 88' lang='grc' dir='ltr'><strong>Ὀρη</strong></span> <span class='ocrx_word' id='word_1_866' title='bbox 2197 4939 2306 5010; x_wconf 71' lang='grc' dir='ltr'><strong>γὰρ</strong></span> <span class='ocrx_word' id='word_1_867' title='bbox 2329 4937 2522 4992; x_wconf 87' lang='grc' dir='ltr'>αἰώνιά</span> <span class='ocrx_word' id='word_1_868' title='bbox 2544 4955 2600 4990; x_wconf 90' lang='grc' dir='ltr'><strong>τε</strong></span> <span class='ocrx_word' id='word_1_869' title='bbox 2627 4938 2718 4990; x_wconf 87' lang='grc' dir='ltr'><strong>καί</strong></span> <span class='ocrx_word' id='word_1_870' title='bbox 2744 4935 3114 5006; x_wconf 80' lang='grc' dir='ltr'>μονιμώτατοι,</span> <span class='ocrx_word' id='word_1_871' title='bbox 3144 4937 3240 4990; x_wconf 66' lang='grc' dir='ltr'>καὶ</span> <span class='ocrx_word' id='word_1_872' title='bbox 3283 4936 3465 5006; x_wconf 85' lang='grc' dir='ltr'>μέντοι</span> <span class='ocrx_word' id='word_1_873' title='bbox 3517 4936 3615 4989; x_wconf 79' lang='grc' dir='ltr'>καὶ</span> 
     </span>
    </p>
   </div>
   <div class='ocr_carea' id='block_1_110' title="bbox 2031 5020 3615 5097">
    <p class='ocr_par' dir='ltr' id='par_1_110' title="bbox 2031 5020 3615 5097">
     <span class='ocr_line' id='line_1_110' title="bbox 2031 5020 3615 5097; baseline -0.003 -15"><span class='ocrx_word' id='word_1_874' title='bbox 2031 5029 2182 5092; x_wconf 84' lang='grc' dir='ltr'>θῖνας</span> <span class='ocrx_word' id='word_1_875' title='bbox 2215 5031 2483 5092; x_wconf 89' lang='grc' dir='ltr'>αἰωνίους,</span> <span class='ocrx_word' id='word_1_876' title='bbox 2529 5029 2652 5090; x_wconf 79' lang='grc' dir='ltr'>τοὺς</span> <span class='ocrx_word' id='word_1_877' title='bbox 2687 5027 2876 5095; x_wconf 86' lang='grc' dir='ltr'>άγίους</span> <span class='ocrx_word' id='word_1_878' title='bbox 2925 5029 3079 5097; x_wconf 67' lang='grc' dir='ltr'>φησι,</span> <span class='ocrx_word' id='word_1_879' title='bbox 3120 5027 3208 5080; x_wconf 82' lang='grc' dir='ltr'><strong>διά</strong></span> <span class='ocrx_word' id='word_1_880' title='bbox 3233 5043 3315 5078; x_wconf 93' lang='grc' dir='ltr'><strong>τοι</strong></span> <span class='ocrx_word' id='word_1_881' title='bbox 3343 5026 3403 5079; x_wconf 85' lang='grc' dir='ltr'>τὸ</span> <span class='ocrx_word' id='word_1_882' title='bbox 3444 5020 3615 5096; x_wconf 80' lang='grc' dir='ltr'>ἧρθσι</span> 
     </span>
    </p>
   </div>
   <div class='ocr_carea' id='block_1_111' title="bbox 2029 5118 3612 5191">
    <p class='ocr_par' dir='ltr' id='par_1_111' title="bbox 2029 5118 3612 5191">
     <span class='ocr_line' id='line_1_111' title="bbox 2029 5118 3612 5191; baseline -0.004 -17"><span class='ocrx_word' id='word_1_883' title='bbox 2029 5120 2130 5191; x_wconf 89' lang='grc' dir='ltr'><strong>τῆς</strong></span> <span class='ocrx_word' id='word_1_884' title='bbox 2153 5121 2278 5190; x_wconf 86' lang='grc' dir='ltr'>γῆς,</span> <span class='ocrx_word' id='word_1_885' title='bbox 2315 5121 2409 5173; x_wconf 75' lang='grc' dir='ltr'>καὶ</span> <span class='ocrx_word' id='word_1_886' title='bbox 2438 5123 2654 5188; x_wconf 84' lang='grc' dir='ltr'>φρονεῖν</span> <span class='ocrx_word' id='word_1_887' title='bbox 2693 5119 2790 5190; x_wconf 81' lang='grc' dir='ltr'>μὲν</span> <span class='ocrx_word' id='word_1_888' title='bbox 2817 5119 2968 5173; x_wconf 79' lang='grc' dir='ltr'>οὐδὲν</span> <span class='ocrx_word' id='word_1_889' title='bbox 2992 5120 3098 5172; x_wconf 86' lang='grc' dir='ltr'><strong>τῶν</strong></span> <span class='ocrx_word' id='word_1_890' title='bbox 3133 5118 3612 5190; x_wconf 77' lang='grc' dir='ltr'>κατεῤῥιμμὲνων,</span> 
     </span>
    </p>
   </div>
   <div class='ocr_carea' id='block_1_112' title="bbox 2033 5207 3616 5283">
    <p class='ocr_par' dir='ltr' id='par_1_112' title="bbox 2033 5207 3616 5283">
     <span class='ocr_line' id='line_1_112' title="bbox 2033 5207 3616 5283; baseline -0.003 -19"><span class='ocrx_word' id='word_1_891' title='bbox 2033 5211 2217 5283; x_wconf 84' lang='grc' dir='ltr'>ζητεῖν</span> <span class='ocrx_word' id='word_1_892' title='bbox 2247 5212 2302 5266; x_wconf 84' lang='grc' dir='ltr'>δὲ</span> <span class='ocrx_word' id='word_1_893' title='bbox 2343 5211 2412 5265; x_wconf 77' lang='grc' dir='ltr'><strong>τὰ</strong></span> <span class='ocrx_word' id='word_1_894' title='bbox 2456 5212 2588 5275; x_wconf 81' lang='grc' dir='ltr'>ἄνω,</span> <span class='ocrx_word' id='word_1_895' title='bbox 2617 5214 2710 5264; x_wconf 71' lang='grc' dir='ltr'><strong>καὶ</strong></span> <span class='ocrx_word' id='word_1_896' title='bbox 2745 5214 2825 5274; x_wconf 84' lang='grc' dir='ltr'><strong>εἰς</strong></span> <span class='ocrx_word' id='word_1_897' title='bbox 2854 5212 2920 5264; x_wconf 71' lang='grc' dir='ltr'>τὰ</span> <span class='ocrx_word' id='word_1_898' title='bbox 2958 5210 3066 5263; x_wconf 91' lang='grc' dir='ltr'><strong>τῶν</strong></span> <span class='ocrx_word' id='word_1_899' title='bbox 3097 5210 3309 5282; x_wconf 84' lang='grc' dir='ltr'>ἀρετῶν</span> <span class='ocrx_word' id='word_1_900' title='bbox 3339 5207 3616 5276; x_wconf 56' lang='grc' dir='ltr'>ὑψώματα</span> 
     </span>
    </p>
   </div>
   <div class='ocr_carea' id='block_1_113' title="bbox 2032 5298 3615 5374">
    <p class='ocr_par' dir='ltr' id='par_1_113' title="bbox 2032 5298 3615 5374">
     <span class='ocr_line' id='line_1_113' title="bbox 2032 5298 3615 5374; baseline -0.003 -19"><span class='ocrx_word' id='word_1_901' title='bbox 2032 5299 2090 5356; x_wconf 81' lang='grc' dir='ltr'>εὖ</span> <span class='ocrx_word' id='word_1_902' title='bbox 2125 5303 2268 5374; x_wconf 84' lang='grc' dir='ltr'>μάλα</span> <span class='ocrx_word' id='word_1_903' title='bbox 2291 5303 2546 5373; x_wconf 79' lang='grc' dir='ltr'>διᾴττειν.</span> <span class='ocrx_word' id='word_1_904' title='bbox 2568 5304 2813 5357; x_wconf 83' lang='grc' dir='ltr'>Κατόπιν</span> <span class='ocrx_word' id='word_1_905' title='bbox 2835 5299 2926 5356; x_wconf 79' lang='grc' dir='ltr'><strong>οὖν</strong></span> <span class='ocrx_word' id='word_1_906' title='bbox 2947 5303 3055 5374; x_wconf 78' lang='grc' dir='ltr'>ἄρα</span> <span class='ocrx_word' id='word_1_907' title='bbox 3077 5301 3178 5372; x_wconf 82' lang='grc' dir='ltr'><strong>τῆς</strong></span> <span class='ocrx_word' id='word_1_908' title='bbox 3198 5298 3431 5372; x_wconf 81' lang='grc' dir='ltr'>Χριστοῦ</span> <span class='ocrx_word' id='word_1_909' title='bbox 3453 5298 3615 5368; x_wconf 78' lang='grc' dir='ltr'>δόξης</span> 
     </span>
    </p>
   </div>
   <div class='ocr_carea' id='block_1_114' title="bbox 2035 5388 3611 5466">
    <p class='ocr_par' dir='ltr' id='par_1_114' title="bbox 2035 5388 3611 5466">
     <span class='ocr_line' id='line_1_114' title="bbox 2035 5388 3611 5466; baseline -0.006 -18"><span class='ocrx_word' id='word_1_910' title='bbox 2035 5394 2126 5448; x_wconf 69' lang='grc' dir='ltr'>καὶ</span> <span class='ocrx_word' id='word_1_911' title='bbox 2158 5395 2208 5446; x_wconf 85' lang='grc' dir='ltr'><strong>οἰ</strong></span> <span class='ocrx_word' id='word_1_912' title='bbox 2260 5395 2367 5448; x_wconf 89' lang='grc' dir='ltr'><strong>τῶν</strong></span> <span class='ocrx_word' id='word_1_913' title='bbox 2415 5394 2674 5466; x_wconf 85' lang='grc' dir='ltr'>Πατέρων</span> <span class='ocrx_word' id='word_1_914' title='bbox 2726 5394 3136 5464; x_wconf 80' lang='grc' dir='ltr'>ἐπισημότατοι,</span> <span class='ocrx_word' id='word_1_915' title='bbox 3197 5393 3290 5446; x_wconf 72' lang='grc' dir='ltr'>καὶ</span> <span class='ocrx_word' id='word_1_916' title='bbox 3337 5393 3416 5454; x_wconf 85' lang='grc' dir='ltr'><strong>εἰς</strong></span> <span class='ocrx_word' id='word_1_917' title='bbox 3457 5388 3611 5460; x_wconf 76' lang='grc' dir='ltr'>λῆξιν</span> 
     </span>
    </p>
   </div>
   <div class='ocr_carea' id='block_1_115' title="bbox 441 5581 1936 5656">
    <p class='ocr_par' dir='ltr' id='par_1_115' title="bbox 441 5581 1935 5656">
     <span class='ocr_line' id='line_1_115' title="bbox 441 5581 1935 5656; baseline -0.008 0"><span class='ocrx_word' id='word_1_918' title='bbox 441 5581 909 5656; x_wconf 66' lang='grc' dir='ltr'><strong>ἶ⁸ίῖεησκιικ.25.</strong></span> <span class='ocrx_word' id='word_1_919' title='bbox 991 5588 1322 5653; x_wconf 59' lang='grc' dir='ltr'><strong>ὀίδίάηει.</strong></span> <span class='ocrx_word' id='word_1_920' title='bbox 1402 5593 1442 5624; x_wconf 77' lang='grc' dir='ltr'><strong>υ</strong></span> <span class='ocrx_word' id='word_1_921' title='bbox 1476 5593 1640 5647; x_wconf 85' lang='lat' dir='ltr'><strong>llebr.</strong></span> <span class='ocrx_word' id='word_1_922' title='bbox 1678 5609 1736 5654; x_wconf 83' lang='grc' dir='ltr'><strong>ιι,</strong></span> <span class='ocrx_word' id='word_1_923' title='bbox 1766 5593 1816 5646; x_wconf 84' lang='lat'><strong>6.</strong></span> <span class='ocrx_word' id='word_1_924' title='bbox 1889 5593 1935 5623; x_wconf 76' lang='grc' dir='ltr'>υ</span> 
     </span>
    </p>
   </div>
   <div class='ocr_carea' id='block_1_116' title="bbox 2039 5581 3603 5656">
    <p class='ocr_par' dir='ltr' id='par_1_116' title="bbox 2039 5590 3603 5656">
     <span class='ocr_line' id='line_1_116' title="bbox 2039 5590 3603 5656; baseline -0.001 -10"><span class='ocrx_word' id='word_1_925' title='bbox 2039 5592 2102 5647; x_wconf 68' lang='lat' dir='ltr'><strong>al.</strong></span> <span class='ocrx_word' id='word_1_926' title='bbox 2143 5609 2259 5651; x_wconf 67' lang='grc' dir='ltr'>[ιν.</span> <span class='ocrx_word' id='word_1_927' title='bbox 2290 5593 2340 5646; x_wconf 69' lang='grc'><strong>4.</strong></span> <span class='ocrx_word' id='word_1_928' title='bbox 2418 5592 2619 5647; x_wconf 77' lang='lat' dir='ltr'><strong>&quot;Psal.</strong></span> <span class='ocrx_word' id='word_1_929' title='bbox 2652 5608 2789 5655; x_wconf 60' lang='lat' dir='ltr'><strong>lxxv,</strong></span> <span class='ocrx_word' id='word_1_930' title='bbox 2834 5591 2916 5645; x_wconf 77' lang='grc'><strong>10.</strong></span> <span class='ocrx_word' id='word_1_931' title='bbox 3001 5593 3044 5622; x_wconf 62' lang='grc'><strong>⁸³</strong></span> <span class='ocrx_word' id='word_1_932' title='bbox 3068 5590 3202 5647; x_wconf 83' lang='lat' dir='ltr'><strong>Gen.</strong></span> <span class='ocrx_word' id='word_1_933' title='bbox 3231 5607 3371 5656; x_wconf 71' lang='grc' dir='ltr'>χιιι,</span> <span class='ocrx_word' id='word_1_934' title='bbox 3399 5592 3488 5654; x_wconf 73' lang='lat'><strong>25,</strong></span> <span class='ocrx_word' id='word_1_935' title='bbox 3512 5590 3603 5645; x_wconf 79' lang='lat'><strong>‘26.</strong></span> 
     </span>
    </p>
   </div>
   <div class='ocr_carea' id='block_1_117' title="bbox 355 5650 1941 5728">
    <p class='ocr_par' dir='ltr' id='par_1_117' title="bbox 355 5650 1941 5728">
     <span class='ocr_line' id='line_1_117' title="bbox 355 5650 1941 5728; baseline 0.007 -25"><span class='ocrx_word' id='word_1_936' title='bbox 355 5654 400 5686; x_wconf 77' lang='grc' dir='ltr'><strong>ν</strong></span> <span class='ocrx_word' id='word_1_937' title='bbox 442 5650 543 5705; x_wconf 80' lang='lat' dir='ltr'><strong>isa.</strong></span> <span class='ocrx_word' id='word_1_938' title='bbox 607 5670 699 5717; x_wconf 85' lang='lat' dir='ltr'><strong>vn,</strong></span> <span class='ocrx_word' id='word_1_939' title='bbox 737 5657 799 5708; x_wconf 67' lang='grc' dir='ltr'>ιδ</span> <span class='ocrx_word' id='word_1_940' title='bbox 895 5650 1208 5728; x_wconf 63' lang='lat' dir='ltr'><strong>&quot;Philipp.</strong></span> <span class='ocrx_word' id='word_1_941' title='bbox 1267 5677 1323 5723; x_wconf 82' lang='grc' dir='ltr'><strong>ιι,</strong></span> <span class='ocrx_word' id='word_1_942' title='bbox 1368 5661 1416 5715; x_wconf 83' lang='lat'><strong>9.</strong></span> <span class='ocrx_word' id='word_1_943' title='bbox 1499 5650 1827 5726; x_wconf 56' lang='grc' dir='ltr'>ιτιιιίιιζιο,</span> <span class='ocrx_word' id='word_1_944' title='bbox 1863 5663 1941 5715; x_wconf 83' lang='grc' dir='ltr'>ιι.</span> 
     </span>
    </p>
   </div>
   <div class='ocr_carea' id='block_1_118' title="bbox 2049 5662 3258 5730">
    <p class='ocr_par' dir='ltr' id='par_1_118' title="bbox 2049 5662 3258 5730">
     <span class='ocr_line' id='line_1_118' title="bbox 2049 5662 3258 5730; baseline 0.001 -15"><span class='ocrx_word' id='word_1_945' title='bbox 2049 5663 2256 5716; x_wconf 77' lang='lat' dir='ltr'><strong>&quot;Psal.</strong></span> <span class='ocrx_word' id='word_1_946' title='bbox 2308 5679 2559 5726; x_wconf 68' lang='lat' dir='ltr'><strong>LXXXVIII,</strong></span> <span class='ocrx_word' id='word_1_947' title='bbox 2609 5663 2658 5716; x_wconf 88' lang='lat'><strong>7.</strong></span> <span class='ocrx_word' id='word_1_948' title='bbox 2732 5663 2774 5694; x_wconf 64' lang='grc' dir='ltr'>ἰ’</span> <span class='ocrx_word' id='word_1_949' title='bbox 2822 5663 2957 5718; x_wconf 73' lang='lat' dir='ltr'><strong>Gen.</strong></span> <span class='ocrx_word' id='word_1_950' title='bbox 3006 5662 3258 5730; x_wconf 74' lang='lat' dir='ltr'><strong>xux,26.</strong></span> 
     </span>
    </p>
   </div>
  </div>
