4024 6198
370 227 466 280 381

1321 232 1838 293 cummonuu
1877 235 1944 292 IN
1986 235 2285 296 GENESDI
2324 195 2605 294 Lm'vu.

369 342 596 407 ἥκοντες
634 343 854 416 ἀρετῆς.
908 345 971 399 οι
1024 347 1125 416 μιν
1175 345 1284 419 γάρ
1306 344 1447 421 ἦσαν
1489 352 1714 414 οίκέται,
1744 353 1848 408 κᾶν
1893 355 1940 407 εί

2045 371 2109 412 ea
2136 355 2282 428 quod
2305 372 2336 412 a
2356 365 2508 412 terra
2530 351 2731 410 sublati
2757 358 2904 416 sunt,
2939 365 3119 421 neque
3141 349 3380 420 amplius
3405 365 3495 406 res
3516 349 3620 408 ab-

367 432 668 503 τετάχαντο
701 433 887 489 λοιπὸν
920 435 979 488 ιν
1011 436 1220 502 τέκνοις
1247 455 1262 470 ·
1295 443 1324 494 ό
1350 441 1406 495 δὲ
1431 441 1654 515 Κύριος.
1689 445 1764 509 ὡς
1797 445 1943 512 Υἱὸς.

363 523 438 578 τὰ
479 524 547 577 δι’
583 519 662 578 ὧν
697 527 895 580 ὲκεῐνοι
941 528 1196 596 γεγόνασι
1230 531 1494 603 λαμπροὶ,
1553 537 1945 608 κεχορηγηκὼς

364 615 570 678 αὐτοῖς.
605 616 895 687 Τοιγάρτοι
943 620 1038 672 καὶ
1078 620 1345 689 λέγουσιν,
1376 624 1457 677 ὅτι
1487 643 1506 677 ι
1556 627 1651 680 Ἐκ
1678 627 1770 681 τού
1805 629 1944 700 πλη-

367 703 622 774 ρώματος
657 708 821 762 αὑτοῦ
853 710 1013 780 ἡμεῖς
1042 711 1244 776 πάντες
1278 713 1564 786 ἐλάϐομεν,
1603 736 1622 768 ι
1653 719 1747 772 καὶ
1784 719 1943 791 χάριν

361 796 491 850 ἀντὶ
523 797 760 868 χάριτος.
789 799 1000 854 οὐκοῦν
1041 804 1140 873 τῆς
1172 801 1330 876 δόξης
1353 807 1381 859 ὁ
1421 806 1684 876 στέφανος
1730 810 1941 864 ἐπικεί-

364 903 521 941 πται
557 890 653 959 μὲν
698 890 943 957 φυσικῶς
979 895 1046 964 τῇ
1082 895 1177 949 τοῦ
1209 896 1459 969 Σωτῆρος
1501 900 1661 970 ἡμῶν
1704 901 1936 975 κεφαλῇ·

359 977 680 1050 διαϐήσεται
697 980 754 1035 δὲ
785 982 934 1036 οὐδὲν
950 978 1130 1057 ἦττον,
1152 986 1246 1040 καὶ
1269 986 1441 1058 δῶρον
1472 989 1624 1045 ἔσται
1651 991 1824 1056 δοτδν,
1845 997 1940 1048 καὶ

359 1070 456 1122 ἐπ’
479 1070 674 1135 αὐτοὺς
699 1073 889 1142 ἁγίους
918 1076 1045 1139 τοὺς
1081 1078 1172 1130 ὑπ’
1221 1078 1369 1149 αὐτῷ
1411 1083 1730 1151 γεγονότας,
1765 1085 1815 1138 οἳ
1844 1085 1936 1139 τὸν

358 1157 678 1229 ἀμάραντον
714 1160 817 1232 τῆς
859 1162 1019 1233 δόξης
1066 1164 1466 1236 περικείσονται
1507 1169 1803 1240 στέφανον·
1840 1173 1936 1227 καὶ

358 1250 612 1303 κοινωνοὶ
653 1251 765 1305 τῶν
799 1253 965 1307 αὐτοῦ
989 1255 1328 1327 παθημάτων
1372 1261 1748 1333 γεγενημένοι,
1796 1279 1935 1335 συμ-

361 1336 650 1408 μιθὲξουσι
673 1341 774 1410 τῆς
801 1343 1067 1410 εὐκλείας.
1107 1347 1312 1420 ’Δραρε
1335 1348 1466 1424 γάρ,
1501 1351 1581 1405 ὅτι
1618 1369 1936 1423 συμπεπονο

359 1425 520 1492 θέτε-ς
550 1429 718 1500 αὐτῷ,
749 1434 842 1488 καὶ
861 1435 1400 1505 συμϐασιλεύσουσιν.

2035 450 2212 520 jectas
2251 456 2464 510 curant,
2490 445 2588 502 sed
2631 459 2866 515 superna
2889 451 3162 514 quierunt,
3212 449 3270 497 et
3298 440 3368 496 ad
3405 455 3619 499 summa

2041 538 2310 593 virtutum
2346 538 2559 609 fastigia
2595 537 2756 592 enixe
2793 533 3154 589 contendunt.
3190 531 3489 587 Interiores
3520 531 3621 602 igi-

2042 637 2133 683 tur
2155 638 2282 684 sunt
2310 628 2530 684 Christo
2573 628 2629 682 in
2653 625 2823 698 gloria
2844 625 3010 679 etiam
3047 621 3379 678 sanctissimi
3412 637 3482 676 es
3511 621 3620 676 Pa-

2041 721 2242 784 tribus,
2272 721 2367 792 qui
2391 720 2478 774 vel
2511 732 2786 775 summum
2816 716 3044 771 virtutis
3087 714 3305 768 culmen
3347 726 3620 768 conscen-

2043 809 2265 864 derunt.
2312 808 2596 879 Siquidem
2626 806 2682 861 hi
2705 819 2900 860 omnes
2931 802 3156 858 fuerunt
3181 801 3328 857 servi
3373 801 3430 855 in
3453 799 3620 855 domo

2011 922 2014 925 ·
2045 900 2162 965 Dei,
2189 899 2294 954 etsi
2318 898 2579 968 deinceps
2615 897 2672 951 in
2690 895 2834 950 ﬁlios
2855 894 2965 950 sint
2991 893 3251 963 cooptati.
3289 891 3412 962 ipse
3431 897 3618 945 autem

2043 998 2129 1046 est
2173 989 2438 1045 Dominus
2479 997 2738 1058 tanquam
2772 983 3156 1040 filiusfamil-ias
3176 1023 3191 1049 ,
3239 997 3305 1038 ea
3362 995 3463 1052 per
3494 995 3617 1050 qua

2046 1079 2149 1150 ipsi
2178 1079 2418 1136 illustres
2450 1085 2778 1143 evaserunt,
2808 1077 2943 1149 ipsis
2977 1075 3358 1146 suppeditans.
3380 1069 3535 1130 Unde
3559 1081 3618 1126 et

2042 1169 2146 1240 ipsi
2169 1169 2364 1224 dicunt
2406 1169 2554 1240 quod
2589 1188 2608 1220 ε
2637 1169 2716 1224 Ex
2739 1166 3079 1240 plenitudine
3102 1166 3222 1236 eius
3243 1177 3436 1220 omnes
3456 1175 3616 1218 ac".
3639 1209 3646 1218 .

2038 1259 2221 1330 pimus
2239 1260 2306 1326 ⁸⁸,
2340 1278 2358 1312 ι
2395 1267 2452 1315 et
2483 1259 2716 1330 gratiam
2749 1273 2851 1329 pro
2872 1257 3065 1329 gratia.
3097 1253 3465 1322 Quamobrem
3511 1262 3618 1306 no-

2039 1351 2292 1406 turalitcr
2305 1352 2776 1421 competitcorona
2798 1349 2984 1420 gloriae
3005 1347 3178 1418 ipsius
3200 1341 3615 1415 αιρὶιίὤίῢῶ

2041 1442 2227 1498 minus
2257 1449 2440 1497 tamen
2491 1441 2777 1512 continget
2817 1449 2875 1496 et
2900 1437 3197 1495 donabitur
3239 1436 3346 1490 hoc
3389 1434 3613 1490 demum

357 1516 530 1625 etiam
557 1523 760 1625 sanctis
785 1525 881 1625 qui
928 1542 986 1582 se
1023 1527 1074 1582 ei
1106 1528 1483 1625 subiecerint,
1512 1531 1608 1602 qui
1651 1532 2094 1590 immarcescibili
2133 1547 2337 1588 corona
2397 1533 2744 1588 ornabuntur
2783 1531 2848 1597 “,
2885 1530 3088 1599 quique
3129 1527 3424 1598 participes
3484 1524 3613 1580 facti

361 1616 540 1679 ipsius
576 1616 849 1681 passionis
870 1625 926 1672 et
971 1618 1171 1685 crucis,
1196 1620 1605 1692 participsbunt
1635 1626 1801 1682 etiam
1854 1626 2039 1699 gloria:
2093 1625 2286 1696 ipsius.
2322 1624 2458 1680 Nam
2512 1625 2588 1678 ita
2629 1623 2833 1693 placuit
2877 1630 2941 1676 ut
2980 1620 3075 1690 qui
3136 1619 3306 1674 simul
3363 1631 3488 1670 cum
3543 1627 3621 1670 eo.

359 1700 478 1754 sint
514 1703 680 1772 passi,
711 1704 874 1762 simul
894 1722 1021 1763 cum
1053 1725 1120 1765 eo
1155 1723 1408 1784 regnent.

843 1849 980 1918 Περὶ
1010 1849 1115 1906 τοῦ
1147 1853 1448 1925 Βενιαμίν.

2604 1837 2681 1894 De
2717 1836 3015 1908 Benjamfn.

438 1982 696 2052 Βενιαμὶν
721 1981 884 2048 λύκος
914 1983 1126 2056 ἅρπαξ·
1155 1987 1215 2040 τὸ
1245 1989 1478 2059 πρωῖνὺν
1502 1989 1677 2044 ἔδεται
1706 1989 1808 2052 ἔτι,
1844 1988 1939 2043 καὶ

2108 1981 2265 2054 241
2300 1997 2318 2030 ι
2336 1976 2617 2046 Beniamin
2634 1974 2797 2042 lupus
2822 1984 3028 2038 rapax:
3046 1980 3204 2023 mane
3233 1964 3488 2021 comedet
3509 1963 3620 2018 ad-

360 2075 444 2137 είς
479 2073 542 2127 τὺ
573 2074 816 2146 ἑσπέρας
840 2077 1088 2131 διαδὼαει
1115 2081 1342 2150 τροφήν.
1384 2099 1402 2132 ι
1437 2081 1738 2154 Προτέτοκε
1773 2080 1872 2152 μὲν
1899 2080 1934 2151 ἠ

371 2164 576 2236 Ῥαχὴλ
603 2165 692 2220 τὸν
720 2166 1004 2222 θεσπέσιον
1047 2169 1266 2241 Ἰωσὴφ,
1301 2173 1388 2224 ἐπ’
1418 2171 1567 2244 αὐτῷ
1598 2171 1655 2226 δὲ
1685 2170 1777 2225 τὸν
1806 2169 1936 2223 Bev-

363 2256 551 2326 ιαμίν·
584 2256 699 2310 ἀλλ’
729 2257 845 2322 υίὸς
880 2257 978 2329 μὲν
1007 2259 1270 2325 νεώτατος
1317 2260 1514 2332 Ἰωσὴφ
1545 2261 1680 2332 πρδς
1707 2261 1802 2314 τοῦ
1833 2276 1937 2312 πα-

357 2347 492 2416 τρὸς
518 2346 849 2418 ὠνομάζετο.
894 2348 1048 2403 οὕτω
1075 2367 1135 2403 τε
1169 2350 1315 2422 ἔχειν
1356 2351 1418 2405 τὺ
1453 2354 1642 2424 χρῆμα
1668 2350 1932 2422 δώσομεν.

358 2440 644 2511 Νεώτερον
673 2431 729 2494 δὲ
764 2440 1036 2495 νεωτάτου
1061 2443 1237 2512 φαμὲν
1261 2442 1512 2512 γενέσθαι
1539 2443 1631 2496 τὸν
1656 2441 1934 2512 Βενιαμίν.

370 2531 516 2585 Ἀλλ’
548 2531 663 2594 υίὸς
706 2531 808 2602 μὲν
837 2530 1103 2596 νεώτατος
1137 2533 1395 2603 Βενιαμίν
1414 2552 1429 2565 °
1459 2534 1552 2587 καὶ
1577 2533 1641 2604 δὴ
1677 2534 1834 2587 νοοῖτ’
1873 2531 1940 2586 ἂν

359 2623 592 2685 εἰκότως
619 2614 709 2675 οἷὰ
733 2637 819 2685 τις
847 2620 1009 2675 είκὼν
1031 2624 1123 2676 καὶ
1144 2623 1315 2687 τύπος
1345 2623 1438 2677 τοῦ
1471 2623 1742 2677 νεωτάτου
1779 2621 1934 2675 λαοῦ·

358 2712 420 2776 ὃς
462 2713 558 2766 καὶ
586 2711 674 2764 διὰ
698 2711 806 2766 τῶν
830 2711 1002 2781 ἁγίων
1026 2711 1288 2783 κέκληται
1319 2712 1594 2784 μαθητῶν,
1623 2714 1760 2784 μετά
1789 2730 1852 2781 γε
1879 2713 1941 2766 τὸ

363 2804 426 2854 ὲκ
447 2801 659 2874 νεκρῶν
686 2801 982 2855 ἁναὸιῶναι
1009 2801 1261 2872 Χριστὸν,
1290 2803 1386 2856 καὶ
1412 2803 1549 2872 πρὸς
1577 2802 1667 2856 τὸν
1699 2803 1757 2855 ἑν
1778 2803 1941 2874 ούρα-

363 2897 474 2958 νοῖς
524 2894 892 2963 ύπονοστῆσαι
953 2893 1168 2965 Πατέρα
1219 2894 1314 2948 καὶ
1365 2895 1519 2949 Θεόν.
1578 2895 1824 2965 Ἀρπαγι
1882 2893 1941 2946 δὲ

363 2985 514 3056 λύκῳ
558 2984 976 3055 παρεικάζεται,
1011 2983 1100 3038 διά
1145 3001 1229 3038 τοι
1259 2984 1353 3042 τὸ,
1387 2980 1568 3054 οἶμαι,
1619 2984 1820 3056 θερμὸν
1861 2985 1941 3049 είς

363 3075 574 3147 ὀρέξεις
595 3074 696 3138 τὰς
723 3074 812 3128 ἐπί
836 3091 896 3142 γε
919 3075 981 3128 τὸ
1015 3074 1302 3147 μαθητιᾷν,
1323 3077 1417 3128 καὶ
1447 3073 1806 3144 ὲπιθρὼσκειν
1833 3074 1938 3140 ἀεὶ,

366 3167 458 3219 καὶ
503 3165 652 3235 μάλα
701 3164 1014 3237 προθύμως,
1057 3161 1149 3220 οἷὰ
1193 3183 1301 3220 τισι
1331 3167 1524 3238 θήραις
1569 3170 1689 3230 ταῖς
1729 3168 1807 3230 εἰς
1833 3168 1940 3219 πᾶν

365 3253 545 3308 ὁτιοῦν
580 3255 691 3308 τῶν
721 3254 1028 3326 τρεφόντων
1056 3257 1135 3319 είς
1175 3257 1406 3322 εὐεξίαν,
1449 3257 1606 3328 δῆλον
1644 3257 1701 3311 δὲ
1731 3258 1812 3311 ὅτι
1839 3258 1940 3326 τὴν
1967 3243 2006 3294 c-

368 3347 762 3417 πνευματικήν.
786 3348 957 3401 Δεινοὶ⁵
991 3348 1100 3419 γὰρ
1146 3348 1274 3402 ἰδεῖν
1313 3349 1376 3402 τὸ
1403 3347 1591 3402 τελοῦν
1623 3350 1702 3411 είς
1732 3348 1936 3417 δνησιν,

368 3441 463 3493 καὶ
487 3440 594 3510 μὴν
617 3440 713 3492 καὶ
757 3440 1001 3511 ἁρπάσαι
1035 3440 1097 3493 τὸ
1129 3439 1402 3508 ὠφελοῦν·
1432 3439 1572 3504 ὀξεῖς
1599 3437 1679 3503 είς
1710 3440 1942 3510 άποὸροο

372 3531 480 3602 μὴν
521 3529 632 3583 τῶν
667 3531 872 3584 ἀδικεῖν
918 3531 1206 3585 εἰωθότων.
1253 3532 1374 3584 Εἰσὶ
1403 3531 1459 3584 δὲ
1489 3531 1610 3585 λίαν
1635 3531 1715 3593 εἰς
1745 3531 1944 3600 φόϐους

368 3623 468 3674 οὐκ
513 3620 749 3684 εὖκολοι,
801 3623 912 3675 οὐδ’
960 3622 1027 3675 ἂν
1064 3625 1113 3675 εἰ
1163 3623 1338 3676 κυνῶν
1374 3623 1559 3686 αὐτοῖς
1611 3622 1945 3693 περιχέοιντο

368 3713 547 3782 δίκην,
576 3714 624 3766 οἱ
652 3712 760 3765 τῶν
790 3712 1008 3782 ἀγαθῶν
1037 3713 1214 3784 ἔργων
1248 3732 1306 3766 τε
1336 3714 1430 3767 καὶ
1456 3714 1630 3782 λόγων
1656 3715 1944 3768 ἀποσοϐεῖν

381 3802 670 3873 ᾑρημένοι,
700 3801 1080 3871 καταναρκῶσι
1101 3802 1156 3855 δὲ
1185 3803 1282 3873 τὴν
1301 3801 1665 3873 προ[τ]6ολήν.
1686 3802 1946 3874 Μεμαθή-

373 3909 507 3946 καοι
539 3892 671 3963 γάρ,
700 3894 795 3946 καὶ
849 3893 993 3962 μάλα
1030 3895 1310 3957 νεανικῶςο
1351 3913 1367 3945 ι
1411 3896 1507 3958 Τίς
1534 3895 1680 3965 ἡμᾶς
1722 3893 1945 3965 χωρίσει

370 3980 488 4034 ἀπὸ
512 3981 612 4052 τῆς
645 3982 862 4052 ἀγάπης
889 3981 982 4036 τού
1019 3981 1288 4054 Χριστοῦ;
1323 3982 1516 4051 θλίψις,
1539 3983 1570 4049 ἢ
1596 3982 1943 4055 στενοχωρία,

370 4072 403 4142 ἦ
442 4071 621 4141 λιμὸς,
653 4071 686 4142 ἢ
735 4072 990 4142 διωγμὸς,
1036 4072 1442 4144 ἧγυμνότης,ἢ
1475 4075 1737 4139 κίνδυνος,
1771 4073 1804 4144 ἢ
1846 4073 1948 4142 μά-

370 4178 581 4234 χαιρας
625 4181 644 4211 ι
687 4163 825 4215 Ἀλλ’
853 4163 959 4216 οὐδ’
982 4163 1046 4218 ἂν
1073 4164 1208 4227 ὅλως
1236 4164 1429 4226 αὐτοὺς
1451 4166 1498 4217 oi
1526 4163 1948 4233 ψευδοποιμένες

366 4255 475 4324 τῆς
520 4255 704 4317 αὐτοῖς
735 4253 1104 4325 ἀγαπωμένης
1138 4251 1396 4318 δξὼσειαν
1432 4253 1640 4323 τρίϐου,
1670 4251 1950 4321 βάλλοντες

368 4349 456 4410 ei;
477 4345 709 4417 νεφροὺς
726 4345 1040 4418 [τάφρουςη
1054 4348 1115 4399 ού
1138 4345 1458 4416 φειδόμενοι,
1480 4346 1618 4399 κατὰ
1637 4346 1696 4398 τὸ
1715 4362 1952 4416 γεγραμ-

375 4439 557 4510 μένον.
582 4438 1022 4507 Τληπαθέστατοι
1059 4437 1168 4506 γὰρ
1194 4439 1244 4490 οἱ
1276 4438 1463 4491 τοιοίδε
1496 4438 1636 4502 λίαν,
1667 4439 1762 4491 καὶ
1807 4437 1950 4507 ζωὴν

2037 2076 2166 2140 huc,
2188 2053 2264 2128 et
2294 2069 2359 2125 ad
2395 2080 2679 2138 vesperam
2720 2064 3019 2118 distribuet
3053 2073 3234 2116 escam
3258 2058 3322 2111 ἰ.
3355 2075 3373 2108 ι
3406 2053 3618 2110 Rachel

2035 2167 2193 2238 prius
2227 2161 2448 2235 quidem
2480 2157 2695 2230 peperit
2721 2154 2969 2210 divinum
3009 2151 3234 2220 Ioseph,
3267 2157 3459 2219 postea
3481 2161 3623 2202 vero-

2037 2255 2320 2327 Benjamin
2348 2271 2361 2308 :
2387 2261 2631 2308 attamen
2659 2247 2804 2302 lilius
2826 2253 2960 2300 natu
2984 2242 3246 2298 minimus
3272 2255 3303 2294 a
3326 2247 3482 2310 patre
3512 2251 3612 2292 vo-

2037 2358 2192 2405 catus
2223 2355 2308 2402 est
2341 2343 2567 2414 Joseph.
2605 2341 2783 2411 Atque
2821 2339 2929 2393 hoc
2967 2338 3043 2391 ita
3078 2349 3138 2390 se
3175 2331 3383 2388 habere
3413 2343 3618 2386 conce-

2035 2439 2252 2496 demus.
2277 2437 2524 2492 Dicimus
2551 2444 2736 2488 tamen
2780 2427 3062 2499 Benjamin
3103 2425 3275 2480 fuisse
3313 2421 3619 2493 iuniorem,

2036 2545 2105 2586 eo
2127 2531 2222 2600 qui
2253 2528 2518 2584 minimus
2547 2533 2682 2579 natu
2707 2529 2845 2578 erat.
2886 2518 3049 2588 Atqui
3074 2515 3228 2570 illius
3258 2513 3614 2584 quidemno-

2037 2622 2296 2677 vissimus
2327 2617 2630 2688 Beniamin.
2658 2617 2836 2684 Atque
2865 2609 3011 2666 haud
3038 2605 3383 2664 incommode
3409 2603 3502 2656 hic
3525 2601 3620 2656 in-

2041 2713 2208 2784 telligi
2252 2719 2435 2783 potest
2467 2709 2639 2768 veluti
2681 2717 2840 2780 typus
2879 2713 2936 2760 et
2974 2706 3152 2772 imago
3191 2697 3474 2754 novissimi
3513 2708 3616 2764 po-

2038 2804 2182 2874 puli,
2227 2802 2321 2872 qui
2371 2810 2429 2856 et
2476 2815 2575 2869 per
2629 2805 2846 2852 sanctos
2893 2791 3192 2862 discipulos
3233 2796 3462 2842 vocatus
3507 2791 3623 2844 est,

2039 2903 2394 2964 posteaquam
2429 2890 2683 2946 Christus
2707 2903 2773 2942 ex
2811 2884 3044 2940 mortuis
3076 2878 3396 2940 resurrexit,
3430 2877 3622 2944 itaque

2040 2981 2106 3038 ad
2130 2982 2346 3036 Patrem
2370 2979 2648 3035 caelestem
2676 2992 2733 3032 se
2759 2973 3012 3030 contulit.
3045 2969 3408 3036 Comparatur
3431 2971 3614 3016 autem

2038 3073 2168 3143 lupo
2201 3069 2381 3141 rapaci
2417 3069 2564 3132 ideo,
2602 3076 2664 3120 ut
2691 3064 2950 3126 arbitror,
2977 3059 3105 3130 quia
3134 3057 3501 3112 indamnatus
3531 3057 3624 3107 est

2039 3165 2180 3218 miro
2206 3161 2482 3218 desiderio
2498 3157 2769 3222 discendi,
2797 3153 3174 3222 irruendique,
3201 3147 3370 3202 veluti
3397 3147 3450 3200 in
3479 3159 3620 3214 prte-

2041 3255 2164 3311 dam
2203 3254 2520 3324 quamdam,
2553 3252 2609 3305 in
2637 3265 2702 3306 ea
2727 3264 2848 3319 qua:
2881 3246 2950 3302 ad
2976 3246 3176 3300 bonam
3218 3239 3626 3301 habitudinem,

2043 3348 2407 3420 Spiritualem,
2429 3346 2673 3415 inquam,
2698 3341 3034 3396 conducunt.
3060 3336 3300 3393 Solertes
3321 3332 3468 3388 enim
3491 3335 3622 3385 sunt

2042 3450 2098 3496 et
2117 3440 2462 3511 perspicaces
2493 3435 2560 3489 ad
2591 3431 2889 3488 videndum
2923 3445 2984 3484 ac
3015 3426 3171 3498 quasi
3202 3421 3526 3494 rapiendum
3554 3434 3621 3474 ea

2045 3547 2166 3602 quae
2187 3531 2295 3586 sibi
2320 3537 2449 3584 sunt
2474 3526 2794 3596 adiumento
2839 3531 2890 3576 et
2923 3518 3222 3590 expediunt
3252 3515 3321 3570 ad
3348 3515 3580 3569 salutem
3600 3553 3616 3576 ,

2043 3601 2210 3692 atque
2245 3636 2277 3674 e
2315 3619 2534 3674 diverso
2571 3615 2740 3686 agiles
2775 3613 2844 3667 ad
2883 3608 3268 3666 declinandum
3303 3605 3373 3660 ab
3403 3605 3471 3658 iis
3500 3618 3624 3673 qua
3737 3601 3752 3620 '

2046 3722 2174 3768 sunt
2199 3714 2479 3768 damnosa.
2503 3708 2693 3778 Neque
2718 3720 2849 3760 vero
2871 3703 3029 3757 facile
3054 3698 3421 3770 percellentur
3447 3701 3620 3755 metu,

2045 3807 2148 3862 etsi
2181 3805 2354 3859 instar
2379 3816 2573 3857 canum
2613 3794 3124 3854 circumfundantur
3149 3790 3241 3859 qui
3279 3789 3428 3858 ipsos
3459 3799 3489 3838 a
3526 3783 3622 3838 ho-

2045 3898 2134 3950 nis
2169 3895 2430 3964 operibus
2463 3898 2521 3946 et
2555 3888 2779 3944 salutari
2810 3884 3057 3941 doctrina
3089 3893 3276 3934 arcere
3309 3884 3578 3932 conantur
3605 3891 3617 3926 :

2047 3993 2103 4039 at
2145 3985 2331 4054 potius
2370 3995 2564 4036 eorum
2610 3978 2873 4046 impetum
2927 3971 3056 4027 forti
3101 3969 3283 4023 animo
3327 3965 3620 4022 sustinent.

2047 4052 2368 4127 Didiccrunt
2390 4069 2560 4131 enim,
2585 4075 2641 4122 et
2665 4063 2888 4135 quidem
2923 4060 3084 4116 valde
3116 4058 3352 4113 viriliter
3379 4074 3390 4110 :
3442 4075 3460 4105 ι
3490 4052 3624 4121 Quis

2049 4161 2324 4232 separabit
2364 4174 2466 4214 nos
2509 4174 2540 4214 a
2579 4154 2875 4212 dilectione
2915 4149 3153 4208 Christi?
3176 4145 3521 4204 Tribulatio?
3553 4159 3623 4198 an

2049 4253 2331 4325 angustia?
2362 4267 2431 4306 an
2457 4248 2659 4305 fames?
2683 4262 2752 4301 an
2777 4243 3123 4317 persecutio?
3155 4257 3222 4295 an
3262 4237 3520 4294 nuditas?
3554 4251 3625 4290 an

2049 4346 2396 4418 periculum?
2420 4360 2488 4398 an
2523 4340 2737 4412 gladius
2760 4339 2839 4391 ”?
2872 4356 2890 4388 ι
2934 4336 3048 4390 lmo
3069 4348 3201 4386 vero
3239 4346 3341 4386 nec
3371 4327 3474 4398 ipsi
3506 4327 3626 4381 falsi

2052 4413 2302 4506 pastores
2325 4449 2420 4488 eos
2447 4427 2747 4485 averterint
2784 4425 2853 4480 ab
2890 4424 2994 4477 hoc
3025 4421 3129 4475 sibi
3155 4419 3353 4473 dilecto
3381 4413 3620 4477 tramite,

372 4504 763 4600 iﬁoépsvoasb
793 4529 1004 4582 παθεῖν·
1037 4504 1430 4600 διακεκράγασι
1469 4529 1596 4597 γοῦν
1617 4547 1631 4560 ·
1669 4547 1686 4580 ι
1711 4529 1864 4600 Ἐμοὶ
1892 4504 1945 4581 τὸ

2055 4525 2270 4582 etiamsi
2301 4525 2355 4578 in
2385 4535 2637 4577 carceres
2668 4513 2983 4575 detrudam,
3018 4525 3197 4579 neque
3236 4508 3292 4561 in
3334 4505 3448 4560 ullo
3491 4504 3626 4572 ipsis

284 4682 287 4683 ν
374 4623 480 4691 ζῇν
501 4621 733 4690 Χριστὸς
757 4621 850 4675 καὶ
877 4621 1234 4674 τδάποθανεῖν
1261 4621 1468 4692 κέρδος.
1494 4639 1512 4672 ι
1536 4621 1762 4685 Οὐκοῦν,
1779 4620 1882 4674 κᾶν
1903 4621 1952 4672 εί

374 4713 562 4776 λύκοις
596 4713 801 4784 ἆρπαξι
834 4714 1278 4784 παρεικάζοιντο,
1309 4713 1451 4767 κατᾶ
1497 4729 1558 4781 γε
1595 4715 1720 4776 τοὺς
1752 4711 1953 4783 ἀρτίως

376 4807 412 4874 ἠ
423 4808 510 4868 μίν
536 4823 612 4858 πα
620 4806 866 4875 ραδεδειγ
875 4806 1066 4877 μένους
1079 4806 1332 4876 τρόπους,
1354 4804 1525 4867 οὐδὲν,
1547 4803 1623 4866 ὡς
1649 4802 1844 4866 ἔοικεν,
1861 4803 1943 4865 είς

374 4897 441 4949 τὸ
471 4897 543 4968 μὴ
567 4899 709 4968 ἔχειν
734 4898 906 4970 ὀρθῶς
934 4898 1237 4970 ἁδικηθεῖεν
1261 4897 1345 4960 ἂν,
1383 4893 1504 4949 ἐπεί
1531 4913 1612 4949 τοι
1663 4895 1757 4948 καὶ
1784 4895 1946 4957 αύτδς

376 4988 409 5038 ὁ
445 4987 635 5059 Σωτὴρ
651 4989 840 5042 λέοντά
866 5006 923 5040 τε
959 4990 1050 5041 καὶ
1079 4988 1359 5060 πάρδαλιν,
1397 4988 1518 5059 ἦτοι
1546 4985 1796 5056 πάνθηρα
1829 4987 1956 5038 ἑαυ-

377 5075 471 5129 τὸν
520 5076 798 5146 ὀνομάζει,
832 5078 1040 5146 λέγων·
1080 5097 1098 5130 ι
1136 5079 1278 5131 Διότι
1309 5077 1420 5146 ἐγώ
1462 5079 1577 5147 είμι
1627 5077 1702 5138 ὼς
1740 5075 1954 5147 πάνθηρ

376 5168 458 5239 τῷ
500 5169 757 5239 Ἐφραῖμ,
795 5171 889 5225 καὶ
929 5170 1003 5233 ὡς
1035 5170 1172 5224 λέων
1198 5170 1274 5241 τῷ
1305 5171 1436 5240 οἴκῳ
1471 5169 1661 5226 Ἰούδα.
1707 5169 1816 5220 Καὶ
1844 5165 1954 5234 ἐγὼ

379 5260 638 5328 ἔρχομαι.
692 5261 786 5313 καὶ
844 5261 1207 5331 πορεύσομαι.
1246 5262 1337 5315 καὶ
1399 5260 1662 5330 λήψομαι,
1719 5259 1813 5311 καὶ
1857 5258 1958 5311 οὐκ

377 5350 535 5403 ἔσται
562 5350 1148 5422 ὁὲξαιρούμενος,›-ι
1171 5353 1366 5423 Ἀγροῦ
1388 5351 1444 5405 δὲ
1478 5351 1663 5421 Θηρία,
1695 5369 1711 5400 ι
1743 5350 1835 5402 καὶ
1860 5349 1972 5401 αύση

387 5439 511 5500 τοὺς
540 5442 806 5495 ἀποκαλεῖ
835 5447 960 5505 τοὺς
1006 5446 1083 5507 εἰς
1117 5443 1278 5496 αὐτὸν
1308 5441 1678 5505 πιστεύοντας,
1707 5439 1847 5493 οὕτω
1875 5439 1961 5491 λέ-

2058 4625 2306 4689 parcant,
2332 4615 2474 4671 sicut
2500 4612 2766 4680 scriptum
2793 4616 2876 4662 est
2901 4607 2966 4659 “.
2992 4604 3127 4659 Cum
3155 4601 3300 4656 enim
3334 4596 3626 4653 aerumnosi

2060 4688 2124 4764 ac
2164 4709 2350 4764 miseri
2390 4705 2707 4766 videantur,
2750 4699 2855 4770 ipsi
2899 4697 3025 4752 talia
3069 4691 3335 4764 supplicia
3380 4705 3480 4760 pro
3517 4688 3631 4743 vita

2060 4801 2287 4861 ducunt,
2311 4797 2559 4850 dicentes
2591 4810 2604 4845 :
2654 4810 2672 4840 ι
2705 4789 2835 4844 Mihi
2865 4789 2975 4842 vita
2995 4794 3079 4840 est
3099 4784 3370 4844 Christus,
3405 4788 3460 4833 et
3486 4792 3633 4831 mors

2059 4893 2275 4946 lucrum
2300 4889 2366 4941 ⁸⁵.
2399 4906 2416 4936 δ
2462 4882 2826 4951 Quamobrem
2852 4879 2956 4934 etsi
2987 4892 3054 4932 eo
3079 4874 3170 4943 qui
3202 4889 3231 4926 a
3256 4871 3416 4926 nobis
3444 4876 3630 4921 osten-

2061 4996 2156 5036 sus
2195 4984 2280 5032 est
2320 4976 2483 5030 modo
2521 4971 2694 5028 sancti
2730 4972 3116 5038 comparentur
3143 4962 3290 5031 lupis
3323 4957 3630 5026 rapacibus,

2061 5081 2245 5125 tamen
2280 5067 2428 5121 nulla
2467 5065 2552 5119 vis
2590 5063 2811 5117 videtur
2845 5057 2963 5112 fieri
2998 5054 3323 5123 Scriptum;
3360 5047 3630 5116 siquidem

2060 5171 2116 5216 et
2152 5161 2268 5230 ipse
2305 5157 2552 5213 Salvator
2586 5161 2743 5207 vocat
2783 5166 2844 5205 se
2887 5150 3122 5208 leonem,
3146 5150 3201 5197 et
3236 5138 3504 5211 pardalim
3541 5145 3634 5190 aut

2063 5255 2350 5327 panthera,
2379 5251 2568 5306 dicens
2597 5265 2610 5299 :
2649 5265 2665 5296 ι
2693 5244 2821 5299 ldco
2845 5255 2946 5311 ego
2971 5251 3090 5293 sum
3121 5245 3377 5306 tanquam
3402 5229 3632 5302 panther

2065 5319 2345 5417 -Ephraim,
2370 5350 2425 5396 et
2453 5337 2624 5393 veluti
2659 5335 2746 5388 leo
2780 5333 2975 5387 domus
2998 5328 3155 5384 Juda.
3188 5326 3256 5381 Et
3290 5338 3391 5393 ego
3419 5319 3634 5373 veniam

2066 5410 2128 5492 et
2169 5432 2468 5491 discedam,
2517 5435 2573 5479 et
2615 5423 2842 5492 rapiam,
2877 5436 2980 5475 nec
3007 5417 3112 5472 erit
3133 5415 3226 5485 qui
3278 5412 3349 5467 sit
3373 5410 3634 5464 liberatu-

457 5623 502 5655 ”
523 5622 678 5677 Joan.
720 5641 757 5684 ι.
789 5625 849 5678 l6
949 5625 985 5654 ³¹
1019 5625 1200 5678 chlr.
1264 5638 1313 5685 ι’,
1351 5620 1400 5674 4.
1477 5619 1674 5673 "Gen.
1721 5615 1907 5680 H327.

2061 5613 2216 5667 Rom.
2251 5626 2360 5674 vm,
2393 5605 2480 5662 35.
2560 5606 2603 5636 δι
2634 5600 2960 5662 Zachar.x1,
2987 5595 3037 5653 5.
3119 5593 3162 5625 ⁸⁸
3192 5590 3427 5661 Philipp.
3465 5604 3504 5655 I,
3541 5583 3630 5642 2i.
