4024 6198
460 273 566 330 333

1476 274 1530 328 S.
1571 273 1844 330 CYRlLLl
1881 269 2354 342 ALEXANDRINI
2391 271 2710 330 ABCHIEP.

3611 278 3718 334 38$

464 400 562 440 rus
589 384 654 438 “.
693 403 709 436 ι
762 384 908 451 Quin
945 393 1005 439 et
1053 385 1202 454 ipsos
1247 385 1536 442 credentes
1581 387 1638 442 in
1681 403 1743 442 se
1791 385 2012 456 appella

2132 400 2244 450 γων
2293 382 2382 437 διὰ
2427 384 2613 453 φωνῆς
2667 384 2920 440 Ἡσαΐου·
2957 403 2975 435 ι
3013 385 3308 458 Εὐλογήσει
3346 388 3413 458 μὲ
3443 389 3518 443 τὰ
3547 390 3726 461 θηρία

469 495 487 525 ς
529 475 730 530 bestius
758 475 873 543 agri
901 492 912 526 :
947 493 965 525 ι
1016 473 1090 527 ita
1127 473 1275 528 enim
1308 474 1442 530 dicit
1477 490 1574 545 per
1609 491 1799 531 vocem
1834 475 1986 531 lsaize
2016 493 2030 528 :

461 564 622 635 242
652 583 670 615 ‹
700 564 1034 619 Benedicent
1058 564 1194 618 mihi
1220 565 1409 622 bestia:
1427 567 1566 637 agri,
1591 568 1807 624 sirenes
1827 577 1883 623 et
1909 568 2036 624 tiliae

460 655 855 710 struthionum.
898 655 1036 722 Quia
1083 654 1211 711 dedi
1254 656 1337 712 eis
1377 658 1434 712 in
1475 657 1696 714 deserto
1725 674 1945 730 aquam,
1977 669 2033 715 et

460 746 684 800 ﬂumina
722 747 778 804 in
803 746 981 812 arido,
1007 755 1070 801 ut
1098 756 1344 816 putarem
1365 765 1538 818 genus
1559 765 1743 806 meum
1769 751 2032 815 electum,

459 837 724 904 populum
764 852 948 891 meum
987 852 1154 907 quem
1190 841 1458 907 acquisivi
1500 840 1657 906 mihi,
1697 849 1757 895 ut
1795 842 2033 898 virtutes

457 939 608 981 meas
637 937 968 983 enarrarent
991 929 1054 982 ³⁷.
1088 948 1110 980 ι
1141 929 1406 1000 intelligis
1434 947 1584 986 nunc
1627 947 1740 1001 quo
1759 941 1918 1002 pacto
1940 945 2032 1004 ge—

455 1031 564 1069 nus
601 1017 840 1073 electum
874 1020 1174 1075 nominarit
1201 1041 1222 1072 ‹
1258 1021 1466 1078 bestias
1495 1025 1616 1094 agri
1649 1034 1706 1078 et
1739 1025 1967 1089 sirenas,
2003 1045 2023 1078 ι

459 1103 564 1160 hoc
585 1114 690 1170 est,
714 1122 948 1164 canoras
970 1109 1028 1164 in
1049 1110 1243 1180 priis
1263 1128 1413 1167 aves.
1447 1113 1516 1168 Et
1555 1113 1760 1169 bestias
1783 1115 2028 1184 quidem,

457 1197 596 1263 quia
617 1211 726 1250 non
763 1200 1038 1254 sustinent
1061 1215 1120 1256 se
1146 1203 1495 1260 mansuefieri
1527 1221 1560 1259 a
1592 1205 1816 1272 Satana,
1847 1223 2030 1277 neque

455 1288 712 1354 potestati
741 1289 861 1356 ejus
891 1290 1120 1359 subjici;
1143 1293 1331 1360 potius
1355 1295 1402 1348 ei
1436 1295 1717 1361 insultant,
1752 1307 1916 1368 atque
1957 1300 2026 1354 ad

454 1391 519 1429 ea
545 1392 667 1445 quae
694 1394 728 1431 a
755 1379 867 1432 Deo
906 1380 1184 1448 prohibita
1207 1395 1340 1440 sunt
1370 1388 1589 1457 adigere
1625 1389 1871 1445 volentes
1900 1406 2029 1460 pro-

454 1466 642 1536 ﬂigant
669 1485 682 1520 :
709 1468 927 1524 sirenas
947 1480 1132 1526 autem
1157 1476 1412 1543 appellat,
1440 1478 1533 1546 qui
1568 1479 1808 1534 suaviter
1833 1481 2026 1536 admo-

453 1556 586 1612 dum
641 1559 942 1615 concinunt
985 1565 1249 1632 praeclara
1293 1567 1496 1622 Christi
1535 1570 1677 1624 facta
1721 1571 2024 1639 edieentes,

450 1644 678 1714 ejusque
703 1646 942 1704 honores
973 1650 1330 1708 celebrantes.
1366 1655 1552 1711 Novus
1580 1657 1746 1726 igitur
1770 1669 1826 1714 ct
1848 1659 2025 1717 ﬁdelis

406 1736 685 1828 ‘populus
715 1746 798 1792 est
837 1739 1113 1812 Benjamin
1147 1744 1328 1813 lupus,
1367 1747 1460 1815 qui
1485 1748 1639 1802 valde
1671 1759 1894 1818 paratus
1917 1763 2022 1817 est,

449 1841 572 1879 cum
599 1829 666 1881 ad
692 1828 1128 1900 intelligendum,
1155 1843 1268 1888 tum
1297 1835 1368 1890 ad
1389 1837 1744 1894 obtinendum
1772 1842 1825 1894 id
1879 1844 2024 1912 quod

448 1917 577 1970 facit
615 1917 684 1971 ad
726 1919 1165 1986 aediﬁcationem,
1195 1923 1385 1988 robur,
1413 1936 1576 1996 atque
1615 1927 1682 1981 ad
1719 1929 2024 1998 juvandum

446 2003 615 2069 alios;
651 2005 795 2074 quod
823 2007 1136 2063 subindieat
1170 2011 1256 2066 his
1280 2013 1462 2068 verbis
1501 2031 1514 2066 :
1546 2032 1564 2065 ι
1595 2015 1749 2070 itane
1773 2017 2024 2074 comedet

445 2093 645 2157 adhuc,
667 2101 733 2148 et
772 2095 839 2149 ad
878 2111 1166 2166 vesperam
1206 2099 1501 2157 distribuet
1542 2120 1722 2160 escam
1757 2107 1820 2160 ³⁸.
1857 2127 1876 2158 ι
1918 2108 2022 2175 Qui

445 2183 611 2239 discit
642 2200 860 2256 semper
888 2189 1086 2244 similis
1112 2191 1331 2246 videtur
1355 2195 1406 2247 ei
1433 2196 1524 2264 qui
1561 2198 1856 2253 cnutritur.
1885 2201 2019 2256 Nam

447 2275 698 2332 doctrina
722 2277 973 2334 defertur
999 2281 1053 2334 in
1081 2290 1342 2347 mentem,
1369 2286 1513 2340 sicut
1549 2303 1737 2344 revera
1771 2291 1930 2347 cibus
1963 2293 2019 2347 in

442 2375 715 2424 ventrem.
744 2370 932 2439 Neque
969 2371 1155 2428 dilfert
1191 2375 1488 2446 quidquam
1529 2379 1574 2433 is
1608 2383 1701 2450 qui
1743 2382 1924 2449 docet,
1950 2385 2018 2440 ab

441 2473 510 2512 eo
533 2460 624 2526 qui
651 2461 770 2515 alit.
801 2462 940 2517 Hinc
975 2475 1032 2518 et
1064 2464 1288 2521 divinus
1320 2467 1522 2524 Paulus
1557 2473 1768 2527 confert
1794 2475 2015 2531 modum

442 2547 696 2614 docendi,
722 2552 926 2607 nutrici
958 2571 971 2607 :
1009 2555 1088 2608 ait
1119 2556 1266 2610 enim
1304 2559 1451 2628 quod
1484 2580 1505 2612 ‹
1532 2563 1904 2621 Perfectorum
1943 2569 2014 2623 sit

443 2639 652 2694 solidus
673 2642 850 2707 cibus,
873 2645 918 2677 ”
938 2663 958 2696 ι
987 2661 1186 2717 nempe
1205 2663 1398 2704 eorum
1432 2652 1522 2720 qui
1549 2655 1900 2714 conﬁrmatos
1915 2659 2018 2715 ha-

441 2729 576 2786 bent
607 2747 798 2790 sensus
825 2735 892 2790 ad
927 2736 1315 2796 discretionem
1345 2743 1473 2798 boni
1501 2752 1556 2800 et
1586 2747 1734 2802 mali.
1769 2769 1787 2800 ι
1819 2750 2013 2822 Benja-

441 2820 555 2875 mi‘n
580 2822 749 2892 igitur
783 2834 868 2880 est
895 2827 1060 2898 lupus
1084 2846 1267 2901 rapax.
1294 2833 1450 2890 Mane
1478 2836 1606 2893 edet
1630 2839 1830 2906 adhuc,
1859 2820 2012 2898 etvad

440 2926 729 2981 vesperam
761 2915 1060 2975 d‘istribuet
1083 2937 1283 2977 escam.
1317 2943 1336 2976 ι
1380 2924 1545 2992 Quasi
1579 2928 1725 2985 dicat
1753 2949 1766 2986 :
1791 2931 1894 2999 Qui
1929 2944 2014 2990 est

439 3000 620 3056 adhuc
651 3005 888 3074 cupidus
922 3007 1192 3075 discendi,
1221 3015 1324 3069 etsi
1357 3017 1602 3072 nondum
1635 3018 1704 3074 sit
1740 3036 1808 3075 eo
1837 3024 2014 3080 astatis
2039 3042 2083 3102 ς

438 3107 781 3164 progressus,
807 3107 868 3152 ut
889 3099 959 3154 sit
989 3102 1286 3170 perfectus,
1310 3108 1571 3175 prodesse
1598 3119 1778 3165 tamen
1811 3115 2014 3181 poterit

436 3184 563 3240 aliis
590 3203 605 3240 ;
642 3187 738 3256 qui
771 3190 926 3244 enim.
955 3193 1120 3260 paulo
1149 3203 1276 3250 ante
1309 3197 1683 3265 crediderunt,
1714 3201 2011 3275 fidelesque

435 3273 564 3328 facti
605 3285 753 3339 sunt,
780 3279 980 3348 exiguo
1006 3290 1253 3352 tempore
1286 3297 1516 3354 possunt
1557 3289 1670 3345 fieri
1707 3292 1772 3347 ad
1806 3273 2010 3351 docen-

435 3364 568 3418 dum
596 3367 799 3424 idonei.
828 3369 964 3425 Nam
991 3371 1058 3426 de
1088 3374 1253 3430 Israel
1287 3376 1494 3433 dictum
1517 3391 1602 3436 est
1626 3392 1851 3454 propter
1873 3388 2008 3444 insi-

432 3469 616 3523 gnem,
651 3456 910 3523 arbitror,
943 3459 1214 3516 inscitiam
1259 3473 1318 3519 et
1349 3469 1549 3525 mentis
1581 3471 1968 3532 bebetudinem
1993 3496 2012 3532 :

441 3562 458 3591 ι
492 3542 632 3597 Ecce
656 3547 892 3613 pepulus
914 3547 1116 3604 stultus
1139 3558 1195 3604 et
1217 3568 1429 3610 vecors.
1462 3557 1618 3613 Oculi
1643 3561 1795 3631 ipsis,
1820 3573 1878 3620 et
1898 3582 2006 3622 non

336 3625 364 3667 ν
431 3630 654 3698 vident;
682 3646 942 3702 aures,et
966 3653 1076 3693 non
1101 3641 1336 3696 audiunt
1357 3646 1427 3698 ⁸ο.
1453 3665 1470 3697 ι
1501 3647 1570 3702 Et
1593 3625 1825 3708 rursus:
1855 3674 1872 3705 ι
1901 3655 2006 3722 Qui

431 3723 617 3778 educti
663 3734 792 3780 sunt
831 3743 899 3782 ex
942 3738 1099 3785 utero
1141 3735 1350 3799 matris,
1379 3744 1435 3791 et
1477 3738 1698 3796 discunt
1729 3760 1902 3814 usque
1939 3748 2005 3802 ad

431 3824 770 3872 senectutem
796 3819 858 3873 “.
893 3841 910 3871 ι
949 3821 1182 3891 Sapiens
1203 3833 1388 3881 autem
1414 3829 1652 3888 Joannes
1673 3837 1871 3890 scribit
1897 3838 2006 3896 illis

430 3905 524 3974 qui
553 3907 605 3960 in
635 3908 738 3964 fide
776 3919 832 3965 et
874 3911 1095 3968 Christo
1137 3923 1286 3981 sunt,
1312 3919 1538 3977 dicens:
1572 3943 1591 3975 ‹
1630 3926 1748 3981 Non
1789 3929 2006 3987 habetis

429 4011 656 4054 necesse
703 4011 761 4054 ut
806 4004 1098 4074 quisquam
1143 4008 1336 4065 doceat
1372 4029 1488 4079 vos,
1532 4021 1837 4084 praesertim
1876 4039 2003 4080 cum

432 4089 604 4156 ipsius
643 4095 830 4148 unctio
869 4096 1066 4151 doceat
1103 4116 1200 4154 vos
1242 4102 1310 4157 de
1352 4107 1609 4164 omnibus
1633 4112 1696 4165 “.
1729 4132 1748 4165 ι
1788 4114 2003 4174 Habent

418 4177 578 4230 enim
614 4188 856 4233 mentem
897 4182 1102 4239 Christi
1138 4188 1233 4255 qui
1275 4192 1457 4246 omnia
1495 4198 1666 4262 novit,
1700 4216 1803 4256 nec
1831 4203 2000 4276 inepti

430 4275 555 4320 sunt
581 4268 647 4322 ad
675 4269 984 4328 docendum
1011 4283 1068 4330 et
1099 4278 1499 4338 cohortandum
1535 4287 1787 4345 invicem.
1822 4268 1996 4353 Caete-

430 4373 554 4412 rum
577 4361 622 4414 si
646 4363 883 4432 cuipiam
908 4367 1178 4435 placuerit
1201 4371 1268 4425 ad
1297 4372 1515 4430 beatum
1540 4379 1765 4436 Paulum
1790 4385 1996 4443 referre

430 4451 777 4520 prophetiam
820 4457 1133 4528 Benjamin,
1173 4478 1518 4536 nequaquam
1564 4474 1850 4529 erraverit.
1895 4476 1997 4544 Qui

428 4542 573 4595 enim
607 4548 1042 4615 persequebatur
1060 4551 1379 4620 Ecclesiam,
1406 4557 1566 4628 243
1592 4566 1648 4612 et
1677 4560 1851 4617 instar
1882 4542 1997 4636 lupi

429 4632 484 4684 in
514 4634 756 4690 cultores
794 4636 1000 4694 Christi
1043 4642 1308 4707 irruebat,
1340 4649 1502 4713 paulo
1531 4659 1653 4718 post
1687 4651 1741 4706 in
1774 4632 1994 4712 contra-

426 4722 570 4776 rium
596 4726 822 4781 omnino
842 4738 925 4783 est
947 4739 1304 4799 permutatas.
1327 4735 1460 4790 Nam
1487 4737 1651 4794 ﬁdem
1672 4758 1837 4812 quam
1860 4745 1995 4801 huc-

428 4829 598 4883 usque
645 4817 1002 4890 impugnavit,
1048 4840 1195 4880 nunc
1241 4835 1461 4886 strenue
1503 4835 1811 4903 annuntiat,
1851 4840 1984 4896 Deo-

424 4922 531 4974 que
557 4909 758 4977 gratias
787 4911 920 4981 agit,
944 4915 1040 4984 qui
1073 4915 1249 4984 ipsum
1276 4919 1342 4973 ad
1373 4924 1733 4990 apostolatum
1758 4932 1990 4997 vocavit,

425 4999 635 5051 tametsi
653 4999 806 5068 prius
825 5000 991 5056 fuerit
1013 5023 1031 5055 ι
1055 5004 1422 5075 blasphemus,
1443 5027 1668 5080 persecu
1678 5026 1762 5071 tor
1783 5027 1840 5073 et
1860 5037 1993 5076 con-

424 5089 744 5146 tumeliosus
778 5094 842 5145 ”.
881 5114 899 5146 ι
952 5094 1032 5150 Ita
1079 5096 1226 5151 enim
1276 5099 1504 5167 ipsemet
1553 5106 1682 5161 alibi
1740 5117 1990 5168 testatur.

422 5175 548 5230 Fuit
571 5189 750 5236 autem
777 5199 842 5238 ex
871 5186 1017 5240 tribu
1041 5187 1341 5258 Benjamin.
1375 5191 1488 5247 lmo
1525 5203 1581 5249 et
1623 5196 1843 5254 beatum
1879 5203 1986 5258 Da-

420 5264 600 5320 videm
613 5267 736 5324 dico
753 5283 940 5341 aperte
958 5275 1201 5334 historiae
1225 5280 1397 5350 ipsius
1416 5287 1750 5355 meminisse,
1777 5294 1986 5360 psalmo

422 5373 583 5424 uvu,
614 5361 708 5417 ubi
739 5365 815 5420 ait
855 5382 867 5420 :
928 5387 946 5418 ι
985 5369 1062 5423 lbi
1113 5371 1390 5444 Beniamin
1429 5376 1616 5444 junior
1658 5381 1713 5436 in
1755 5399 1982 5443 excessu

423 5449 636 5505 mentis.
686 5453 968 5527 Principes
1005 5459 1142 5515 Juda
1183 5463 1353 5520 duces
1395 5466 1666 5537 ipsorum,
1707 5475 1984 5548 principes

523 5560 579 5628 _“‘_
606 5562 761 5628 Osee,
795 5584 848 5626 ν,
893 5570 973 5622 Η.

441 5621 526 5676 ut
557 5625 708 5686 Joan.
743 5621 800 5699 ὶι,
824 5621 912 5690 27.
936 5621 947 5622 “
991 5641 1034 5670 ο·
1053 5641 1072 5693 ι
1089 5621 1227 5694 filii.
1249 5621 1422 5698 1:13.

1052 5571 1218 5666 :imlsa.
1247 5591 1398 5666 sui};
1425 5579 1511 5644 20,
1543 5583 1629 5637 ‘2l.
1708 5587 1749 5618 ³⁸
1789 5587 1922 5642 Gen.
1951 5605 2012 5642 ιι.

2129 5591 2216 5644 27.
2299 5593 2342 5624 ³⁹
2373 5593 2538 5647 Hebr.
2580 5613 2631 5654 v.
2667 5597 2750 5651 ιι.
2831 5599 2875 5629 ⁸⁰
2907 5599 3107 5655 Jerem.
3146 5600 3309 5666 v,2l.

2133 470 2227 524 τοῦ
2276 472 2468 543 ἀγροῦ,
2502 474 2748 545 σειρῆνες
2787 475 2879 528 καὶ
2911 474 3206 546 θυγατέρες
3253 479 3553 549 στρουθῶν.
3591 480 3718 537 Ὅτι

2132 562 2340 616 δέδωκα
2378 565 2435 615 ἐν
2489 565 2556 633 τῇ
2605 565 2799 635 ἐρήμῳ
2848 564 3011 637 ὓδωρ,
3053 569 3150 619 καὶ
3205 571 3486 637 ποταμοὺς
3532 571 3592 623 ἐν
3639 575 3710 641 γῇ

2133 655 2366 727 ἀνύδρῳ,
2397 656 2614 709 ποτίσαι
2645 658 2706 710 τὸ
2741 658 2894 726 γένος
2935 676 3034 728 μου
3064 659 3126 712 τὸ
3157 660 3434 726 ἐκλεκτὸν,
3463 662 3593 716 λαόν
3610 681 3712 734 μου

2129 743 2190 797 δν
2242 744 2720 816 περιεποιησάμην
2765 747 2865 809 τὰς
2918 748 3119 818 ἀρετάς
3170 765 3270 819 μου
3321 749 3646 820 διηγεῖσθαι.
3686 771 3705 803 ι

2130 833 2324 903 Συνίης
2353 829 2471 897 οὖν,
2519 835 2666 898 ὅπως
2689 835 2750 888 τδ
2776 836 2930 904 γένος
2958 836 3019 890 τὸ
3053 836 3311 891 ἐκλεκτὸν
3345 839 3518 909 ἀγροῦ
3547 840 3712 910 θηρία

2129 924 2224 976 καὶ
2258 925 2509 995 σειρῆνας
2556 927 2828 996 ὠνόμασε,
2851 928 3116 991 τουτέστι,
3143 929 3214 982 τὰ
3253 930 3363 984 τῶν
3409 931 3708 1001 στρουθίων

2129 1016 2532 1086 εὐστομώτατα.
2570 1019 2681 1073 Καὶ
2707 1018 2872 1089 θηρία
2908 1020 3030 1090 μὲν,
3064 1019 3155 1073 διὰ
3195 1021 3257 1074 τὸ
3291 1021 3370 1092 μὴ
3418 1023 3709 1093 ἀνέχεσθαι

2127 1107 2267 1176 τάχα
2299 1124 2403 1160 που
2441 1107 2851 1172 τιθασσεύοντος
2879 1110 2972 1164 τοῦ
3013 1112 3248 1178 Σατανᾶ,
3277 1115 3372 1168 καὶ
3398 1115 3504 1168 ὑπὸ
3551 1120 3711 1188 χεῖρα

2128 1199 2398 1251 ποιεῖσθαι
2440 1197 2538 1269 τὴν
2569 1199 2764 1252 ἑαυτοῦ
2811 1201 3221 1268 σπουδάζοντος.
3256 1205 3622 1278 ὲπιθρὼσκειν
3649 1209 3708 1262 δὲ

2131 1288 2330 1357 μᾶλλον
2371 1287 2543 1360 αὐτῷ,
2576 1291 2862 1361 μονονουχὶ
2897 1291 2955 1345 δὲ
3010 1293 3106 1347 καὶ
3151 1295 3537 1350 κατασίνεσθαι
3580 1300 3708 1360 τοὺς

2127 1380 2212 1448 ἐφ’
2257 1381 2401 1450 ειπερ
2433 1380 2492 1432 οὐ
2526 1380 2684 1451 θέμις
2719 1381 3038 1452 μτασοὸεῖν
3073 1385 3414 1455 ᾑρημένους*
3449 1388 3708 1458 σειρῆνας

2123 1473 2203 1538 δὲ,
2235 1473 2317 1526 ὃτι
2343 1474 2725 1527 καλλιεποῦσιν
2763 1473 2901 1542 ἄγαν
2926 1474 3014 1538 τὰ,
3037 1476 3274 1546 Χριστοῦ
3308 1477 3709 1549 κατορθώματα

2124 1564 2390 1631 λέγοντες.
2418 1567 2510 1618 καὶ
2533 1563 2630 1628 τὰς
2664 1565 2743 1628 είς
2765 1565 2928 1618 αὐτὸν
2953 1565 3247 1636 ὑμνοῦντες
3277 1570 3465 1639 τιμάς.
3492 1568 3706 1624 οὐκοῦν

2123 1654 2284 1718 λύκος
2333 1657 2362 1708 6
2405 1656 2662 1726 Βενιαμὶν
2694 1658 2722 1709 6
2752 1656 2871 1718 νέος
2913 1658 3005 1710 καὶ
3034 1659 3093 1710 ὲν
3125 1657 3306 1711 πίστει
3337 1659 3486 1722 λαὸς,
3516 1651 3580 1713 οὗ
3609 1661 3706 1713 καὶ

2124 1746 2186 1799 τὸ
2217 1746 2336 1799 λίαν
2378 1747 2596 1818 ἕτοιμον
2642 1749 2723 1811 εἰς
2752 1748 2813 1801 τὸ
2839 1746 3100 1802 δύνασθαι
3130 1753 3271 1804 νοεῖν
3315 1751 3378 1804 τὸ
3405 1751 3593 1807 τελοῦν
3621 1754 3712 1816 είς

2123 1837 2326 1908 ὄνησιν,
2386 1837 2483 1890 καὶ
2515 1838 2695 1906 μέντοι
2729 1838 2824 1892 καὶ
2850 1839 2909 1890 τὸ
2947 1839 3159 1910 ἰσχύσαι
3206 1843 3297 1893 καὶ
3321 1842 3540 1913 ἐτέρους
3561 1843 3706 1913 ὠφε-

2123 1928 2254 1993 λεῖν,
2289 1929 2580 1997 ὑποφαίνει
2605 1929 2801 1998 λέγων’
2839 1949 2855 1980 ε
2886 1929 2960 1983 Τὸ
2994 1933 3229 2002 πρωῖνὺν
3267 1933 3441 1987 ἔδεται
3473 1934 3574 1998 ἔτι,
3608 1937 3704 1990 καὶ
3815 1935 3821 1939 ’

2118 2016 2181 2070 τὸ
2199 2017 2436 2089 ἑσπέρας
2457 2018 2705 2073 διαδώσει
2733 2021 2959 2091 τροφήν.
2985 2039 3002 2072 ι
3024 2022 3082 2076 '0
3107 2023 3392 2093 μανθάνων
3415 2025 3560 2080 ἔοικέ
3575 2043 3695 2090 ως

2121 2109 2209 2162 ἀεὶ
2238 2108 2319 2179 τῷ
2346 2109 2691 2182 τρεφομένῳ.
2737 2110 3100 2175 Είσοικίζεται
3119 2113 3229 2184 γὰρ
3247 2116 3328 2178 είς
3347 2115 3472 2170 νοῦν
3499 2118 3568 2171 τὰ
3598 2137 3705 2189 μα⁶

2122 2199 2363 2270 θήματα,
2429 2200 2682 2271 καθάπερ
2725 2201 2918 2271 ἀμέλει
2957 2203 3207 2267 κάκεῖνος
3246 2206 3327 2268 είς
3361 2206 3605 2277 γαστέρα
3638 2209 3704 2263 τὸ

2119 2291 2397 2361 ἐδώδιμον.
2436 2292 2653 2345 Ἀποδεῖί
2665 2292 2720 2344 δὲ
2743 2291 2838 2346 τοῦ
2867 2293 3156 2364 τρέφοντος
3187 2297 3215 2348 6
3235 2295 3499 2349 διδάσκων
3521 2297 3695 2352 οὐδέν.

2119 2383 2231 2436 Ka‘t
2261 2384 2392 2451 γοῦν
2415 2384 2444 2436 6
2471 2383 2755 2448 θεσπέσιος
2785 2385 2996 2451 Παῦλος
3037 2389 3210 2457 τροφῇ
3244 2389 3567 2458 “Panaca
3597 2389 3701 2454 τῆς

2115 2473 2460 2538 διδασκαλίας
2485 2476 2577 2529 τὸν
2595 2476 2792 2546 τρόπον
2812 2494 2824 2506 ·
2859 2477 2962 2549 ἔφη
2991 2478 3119 2549 γάρ,
3143 2479 3226 2531 ὅτι
3247 2497 3265 2530 σ
3294 2479 3523 2533 Τελείων
3548 2482 3702 2534 ἐστὶν

2121 2564 2605 2637 ἠστερεὰτροφὴ,
2637 2587 2654 2618 ι
2693 2568 2804 2621 τῶν
2843 2568 2930 2623 διὰ
2969 2568 3069 2636 τὴν
3099 2569 3214 2634 ἕξιν
3254 2569 3324 2624 τὰ
3364 2571 3698 2642 αἰσθητήρια

2079 2645 2084 2650 ’
2116 2655 2543 2726 γεγυμνασμένα
2575 2658 2806 2728 ἐχόντων
2840 2657 2976 2728 πρὸς
3004 2659 3280 2731 διάκρισιν
3314 2660 3478 2715 καλοῦ
3509 2679 3569 2716 τε
3597 2663 3695 2716 καὶ

2116 2745 2307 2799 κακοῦ.
2340 2763 2359 2798 ι
2393 2746 2598 2801 Οὐκοῦν
2622 2750 2650 2800 6
2666 2749 2923 2819 Βενιαμὶν
2947 2747 3108 2814 λύκος
3134 2751 3336 2822 ἅρπαξ.
3356 2752 3430 2804 Τὸ
3455 2753 3702 2824 πρωῖνὺν·

2115 2837 2289 2890 ἔδεται
2304 2837 2504 2901 {sunt
2516 2856 2540 2891 ε
2550 2840 2596 2902 ig
2607 2839 2668 2893 τὸ
2681 2840 2920 2911 ἑσπέρας
2935 2841 3182 2897 διαδώσει
3193 2860 3223 2895 τ
3230 2844 3419 2913 ροφήν.
3436 2863 3454 2894 ι
3464 2844 3532 2897 '0
3539 2861 3701 2914 μοιον

2113 2928 2190 2990 ὡς
2215 2930 2262 2981 εί
2291 2928 2459 2996 λέγοι·
2492 2930 2790 3001 Μαθητιῶν
2821 2930 2901 2984 ἔτι
2932 2933 3025 2986 καὶ
3053 2933 3190 3004 πρὸς
3221 2935 3282 2986 τὸ
3316 2935 3516 3005 ἀρτίως
3545 2935 3696 3005 ἔχειν

2114 3017 2266 3072 οὔπω
2293 3019 2643 3090 διεληλακὼς,
2688 3024 3022 3094 ὠφελήσειεν
3057 3025 3122 3079 ἂν
3162 3026 3404 3098 ἑτέρους,
3438 3028 3532 3080 καὶ
3579 3028 3694 3082 ὀλί-

2115 3125 2210 3177 γος
2233 3112 2428 3182 κομιδῇ
2455 3113 2706 3177 διαδείξει
2737 3115 2926 3186 καιρὸς
2949 3116 3074 3179 τοὺς
3105 3116 3228 3187 ἄρτι
3257 3119 3698 3183 πεπιστευκότας

2114 3202 2209 3253 καὶ
2236 3203 2316 3266 είς
2342 3202 2402 3255 τὸ
2433 3203 2706 3259 διδάσκειν
2751 3206 3107 3277 ἐπιτηδείους.
3138 3209 3274 3280 Περὶ
3309 3210 3408 3281 μὲν
3439 3211 3548 3281 γὰρ
3578 3212 3694 3265 τῶν

2112 3290 2172 3356 ὲξ
2211 3293 2427 3364 Ἰσραὴλ
2455 3295 2692 3362 ἐλέγετο,
2733 3295 2802 3348 δι’
2835 3295 3094 3366 ἀμαθίαν,
3127 3294 3280 3367 οἶμαί
3322 3318 3445 3363 που,
3486 3299 3691 3371 πολλὴν

2113 3384 2206 3438 καὶ
2247 3385 2308 3437 τὸ
2344 3387 2424 3448 είς
2455 3385 2581 3438 νοῦν
2609 3384 2718 3438 ἔσω
2752 3388 2955 3458 πάχος·
2997 3407 3016 3440 ι
3064 3387 3194 3442 Ἰδοὺ
3216 3389 3343 3453 λαὸς
3375 3391 3556 3464 μωρὸς
3587 3393 3685 3446 καὶ

2110 3475 2387 3545 άκάρδιος.
2440 3476 2739 3546 Ὀφθαλμοὶ
2769 3477 2970 3541 αὐτοῖς,
3003 3478 3100 3532 καὶ
3125 3480 3184 3533 οὑ
3222 3480 3506 3550 βλέπουσιν
3526 3500 3540 3514 ·
3569 3476 3685 3537 ὦτα

2109 3566 2324 3629 αὐτοῖς,
2376 3567 2469 3620 καὶ
2500 3568 2599 3620 οὐκ
2632 3567 2909 3622 ἀκούουσι.
2945 3588 2968 3622 ι
2999 3570 3108 3623 Καὶ
3139 3571 3299 3625 πάλιν
3319 3589 3331 3602 ·
3387 3590 3407 3624 ι
3441 3574 3504 3626 Ol
3531 3575 3684 3644 αἰρό-

2112 3673 2259 3728 μενοι
2307 3659 2370 3711 ἐκ
2412 3658 2640 3726 κοιλίας,
2687 3661 2782 3714 καὶ⁵
2832 3662 3207 3733 παιδευόμενοι
3255 3664 3358 3727 ἕως
3406 3666 3611 3734 γήρως.
3656 3685 3676 3718 ι

2120 3746 2453 3802 Ἐπιστέλλει
2489 3749 2545 3802 δὲ
2573 3751 2684 3814 τοῖς
2725 3753 2781 3804 ὲν
2815 3753 2994 3806 πίστει
3025 3755 3118 3807 καὶ
3154 3755 3212 3808 ὲν
3248 3755 3468 3826 Χριστῷ
3506 3756 3682 3822 λέγων

2108 3839 2137 3891 6
2159 3839 2321 3909 σοφὸς
2362 3840 2641 3911 Ἰωάννης·
2675 3860 2692 3892 ι
2728 3841 2806 3896 Οὐ
2839 3845 3029 3914 χρείαν
3053 3845 3201 3914 ἔχετε
3234 3847 3320 3899 ἵνα
3343 3865 3427 3910 τις
3450 3847 3685 3921 διδάσκῃ,

2107 3929 2272 4000 ὑμᾶς,
2318 3930 2453 4009 ἀλλ’,
2478 3931 2554 3994 ὼς
2597 3931 2763 3985 αὑτοῦ
2811 3934 3019 4004 χρίσμα
3061 3935 3305 3988 διδάσκει
3346 3937 3490 4006 ὑμᾶς
3547 3940 3678 4009 περὶ

2105 4020 2342 4076 πάντων.
2393 4039 2412 4073 ι
2446 4008 2590 4074 Νοῦν
2622 4022 2730 4094 γὰρ
2770 4023 2954 4094 ἔχουσι
2997 4026 3234 4096 Χριστοῦ
3264 4027 3357 4080 τοῦ
3385 4028 3565 4081 πάντα
3598 4008 3672 4082 sl-

2103 4111 2271 4177 δότος,
2300 4114 2394 4166 καὶ
2427 4115 2524 4167 οὐκ
2545 4115 2813 4180 ἁνικάνως
2837 4115 3050 4186 ἔχουσιν
3085 4121 3165 4182 είς
3192 4120 3252 4172 τὸ
3281 4120 3552 4175 διδάσκειν
3581 4122 3676 4175 καὶ

2104 4205 2440 4275 παρακαλεῖν
2465 4207 2748 4278 ἀλλήλους.
2781 4209 2842 4262 Et
2865 4210 2920 4262 δὲ
2949 4211 3012 4282 δὴ
3043 4213 3307 4283 προσήκει
3337 4214 3430 4267 καὶ
3460 4215 3547 4268 ἐπ’
3574 4217 3673 4268 αὐ-

2102 4296 2194 4349 τοῦ
2220 4297 2314 4356 τοῦ
2344 4298 2612 4368 μακαρίου
2641 4299 2862 4353 Παύλου
2886 4301 2991 4371 τὴν
3011 4303 3102 4355 ἐπὶ
3132 4302 3210 4373 τῷ
3237 4304 3493 4375 Βενιαμὶν
3540 4324 3672 4376 προ-

2029 4367 2072 4420 Ῐ)
2099 4367 2386 4456 αγόρευσιν
2443 4389 2844 4461 ὲκπεπεράνθαι
2897 4367 3094 4460 λέγειν,
3145 4367 3240 4448 καὶ
3267 4367 3414 4466 τῇδε·
3444 4395 3510 4450 ἂν
3555 4367 3671 4468 ἔχοι

2097 4475 2276 4541 καλῶς
2296 4495 2354 4530 τε
2377 4479 2470 4531 καὶ
2491 4479 2720 4549 άληθῶς.
2760 4484 2817 4535 'U
2837 4483 2944 4554 γὰρ
2965 4484 3174 4540 διώκων
3194 4485 3290 4557 τὴν
3321 4488 3664 4559 Ἐκκλησίαν,

2095 4570 2190 4623 καὶ
2215 4570 2378 4624 λύκου
2408 4571 2563 4642 δίκην
2583 4576 2697 4637 τοῖς
2724 4575 2978 4644 ἀγαπῶσι
3015 4579 3249 4650 Χριστὸν
3275 4582 3668 4652 ὲπιτρέχων,ὲν

2089 4661 2254 4730 ὀλίγῳ
2279 4661 2473 4733 κομιδῇ
2495 4664 2629 4732 πρὸς
2651 4667 2759 4718 πᾶν
2780 4667 3090 4721 τούναντίον
3114 4671 3440 4742 μετεποιήθη
3466 4673 3665 4744 καιρῷ.

2089 4751 2499 4823 Εὑηγγελίσατο
2542 4754 2651 4826 γὰρ
2691 4757 2792 4826 τὴν
2831 4757 3012 4811 πίστιν
3042 4761 3108 4829 ἥν
3135 4761 3353 4832 ἐπόρθει
3384 4764 3536 4828 ποτὲ,
3570 4764 3667 4818 καὶ

2089 4843 2349 4914 ἀναφέρει
2379 4845 2446 4898 τά
2492 4849 2821 4919 χαριστήρια
2861 4849 3170 4921 τεθειμένος
3213 4854 3294 4917 είς
3337 4854 3663 4926 ἀποστολὴν,

2091 4934 2268 4987 καίτοι
2301 4937 2562 5008 πρότερον
2599 4937 2672 4990 ὢν
2703 4957 2722 4990 ι
2751 4939 3066 5011 βλάσφημὸς
3097 4960 3156 4996 τε
3195 4945 3287 4998 καὶ
3315 4944 3548 5016 διώκτης
3569 4948 3661 5000 καὶ

2094 5025 2406 5097 ὑϐριστής.»
2425 5027 2581 5082 Οὕτω
2607 5030 2714 5100 γάρ
2738 5031 2840 5084 πού
2865 5050 3030 5101 φησιν
3059 5034 3238 5098 αὑτός.
3267 5036 3462 5103 Γέγονε
3487 5038 3543 5091 δὲ
3566 5039 3661 5091 καὶ

2093 5117 2156 5168 ὲκ
2207 5117 2375 5187 φυλῆς
2429 5119 2706 5191 Βενιαμίν.
2761 5123 2872 5176 Καὶ
2923 5125 3088 5178 αὐτὸν
3139 5126 3196 5179 δὲ
3229 5126 3322 5179 τὸν
3371 5127 3661 5188 θεσπέσιόν

2093 5223 2236 5276 φημι
2283 5207 2444 5262 Δαόὶδ
2483 5209 2585 5279 τῆς
2620 5213 2742 5264 κατ’
2776 5213 2937 5266 αὐτὸν
2982 5215 3218 5286 ἱστορίας
3259 5216 3658 5288 διαμεμνῆσθαι

2093 5297 2298 5364 σαφῶς,
2343 5298 2401 5350 ἐν
2441 5298 2716 5373 ἑξηκοστῷ
2762 5303 2853 5357 καὶ
2903 5303 3113 5375 έδδόμῳ
3154 5305 3352 5377 ψαλμῷ
3399 5307 3656 5375 λέγοντα·

2095 5405 2112 5438 ι
2161 5387 2306 5441 Ἐκεῖ
2341 5388 2601 5460 Βενιαμὶν
2639 5392 2902 5464 νεώτερος
2943 5396 3000 5448 ὲν
3044 5396 3317 5453 ἐκστάσει.
3366 5397 3654 5467 ’Ἄρχοντες

2100 5480 2267 5534 Ἰούδα
2297 5482 2561 5553 ἡγεμόνες
2598 5484 2799 5548 αὐτῶν,
2834 5486 3091 5557 ἄρχοντες
3124 5486 3426 5569 Ζαϐουλὼν,
3455 5488 3652 5558 άρχονο

3417 5600 3458 5633 ι·
3481 5599 3644 5671 ΗΜ..
