  <div class='ocr_page' id='page_1' title='image "/cluster/home/n/w/nwhite01/storage/ocr_20150623/69/hvd.32044073501983/199.png"; bbox 0 0 2012 3099; ppageno 0'>
   <div class='ocr_carea' id='block_1_1' title="bbox 225 121 277 151">
    <p class='ocr_par' dir='ltr' id='par_1_1' title="bbox 225 121 277 151">
     <span class='ocr_line' id='line_1_1' title="bbox 225 121 277 151; baseline 0 0"><span class='ocrx_word' id='word_1_1' title='bbox 225 121 277 151; x_wconf 71' lang='lat'><strong>387</strong></span> 
     </span>
    </p>
   </div>
   <div class='ocr_carea' id='block_1_2' title="bbox 739 117 1354 148">
    <p class='ocr_par' dir='ltr' id='par_1_2' title="bbox 739 117 1354 148">
     <span class='ocr_line' id='line_1_2' title="bbox 739 117 1354 148; baseline -0.002 -1"><span class='ocrx_word' id='word_1_2' title='bbox 739 119 766 147; x_wconf 88' lang='lat' dir='ltr'><strong>S.</strong></span> <span class='ocrx_word' id='word_1_3' title='bbox 787 119 923 148; x_wconf 76' lang='lat' dir='ltr'><strong>CYBlLLI</strong></span> <span class='ocrx_word' id='word_1_4' title='bbox 942 117 1177 146; x_wconf 69' lang='lat' dir='ltr'><strong>ALEXANDRINI</strong></span> <span class='ocrx_word' id='word_1_5' title='bbox 1196 118 1354 146; x_wconf 77' lang='lat' dir='ltr'><strong>ARCHIEP.</strong></span> 
     </span>
    </p>
   </div>
   <div class='ocr_carea' id='block_1_3' title="bbox 1798 117 1850 145">
    <p class='ocr_par' dir='ltr' id='par_1_3' title="bbox 1798 117 1850 145">
     <span class='ocr_line' id='line_1_3' title="bbox 1798 117 1850 145; baseline 0.019 -1"><span class='ocrx_word' id='word_1_6' title='bbox 1798 117 1850 145; x_wconf 74' lang='lat'><strong>588</strong></span> 
     </span>
    </p>
   </div>
   <div class='ocr_carea' id='block_1_4' title="bbox 225 174 1014 213">
    <p class='ocr_par' dir='ltr' id='par_1_4' title="bbox 225 177 1010 213">
     <span class='ocr_line' id='line_1_4' title="bbox 225 177 1010 213; baseline -0.004 -7"><span class='ocrx_word' id='word_1_7' title='bbox 225 179 336 211; x_wconf 80' lang='lat' dir='ltr'><strong>bantur,</strong></span> <span class='ocrx_word' id='word_1_8' title='bbox 352 186 402 213; x_wconf 88' lang='lat' dir='ltr'><strong>pro</strong></span> <span class='ocrx_word' id='word_1_9' title='bbox 419 183 541 213; x_wconf 87' lang='lat' dir='ltr'><strong>tempore</strong></span> <span class='ocrx_word' id='word_1_10' title='bbox 556 177 778 212; x_wconf 80' lang='lat' dir='ltr'><strong>conscripsimus,</strong></span> <span class='ocrx_word' id='word_1_11' title='bbox 790 181 818 205; x_wconf 91' lang='lat' dir='ltr'><strong>et</strong></span> <span class='ocrx_word' id='word_1_12' title='bbox 832 177 942 212; x_wconf 83' lang='lat' dir='ltr'><strong>quidem</strong></span> <span class='ocrx_word' id='word_1_13' title='bbox 962 177 1010 204; x_wconf 84' lang='lat' dir='ltr'><strong>tali</strong></span> 
     </span>
    </p>
   </div>
   <div class='ocr_carea' id='block_1_5' title="bbox 1066 174 1848 213">
    <p class='ocr_par' dir='ltr' id='par_1_5' title="bbox 1066 174 1848 212">
     <span class='ocr_line' id='line_1_5' title="bbox 1066 174 1848 212; baseline 0 -9"><span class='ocrx_word' id='word_1_14' title='bbox 1066 175 1199 210; x_wconf 60' lang='grc' dir='ltr'>ἂναγκαϊά</span> <span class='ocrx_word' id='word_1_15' title='bbox 1219 185 1276 208; x_wconf 83' lang='grc' dir='ltr'><strong>πως</strong></span> <span class='ocrx_word' id='word_1_16' title='bbox 1299 174 1334 212; x_wconf 83' lang='grc' dir='ltr'>ἦν</span> <span class='ocrx_word' id='word_1_17' title='bbox 1361 176 1408 202; x_wconf 79' lang='grc' dir='ltr'>καὶ</span> <span class='ocrx_word' id='word_1_18' title='bbox 1428 176 1470 202; x_wconf 80' lang='grc' dir='ltr'>ὅτι</span> <span class='ocrx_word' id='word_1_19' title='bbox 1496 174 1612 210; x_wconf 81' lang='grc' dir='ltr'>μάλιστα</span> <span class='ocrx_word' id='word_1_20' title='bbox 1637 175 1848 211; x_wconf 72' lang='grc' dir='ltr'>χρειωδέστατα,</span> 
     </span>
    </p>
   </div>
   <div class='ocr_carea' id='block_1_6' title="bbox 225 223 1008 260">
    <p class='ocr_par' dir='ltr' id='par_1_6' title="bbox 225 223 1008 260">
     <span class='ocr_line' id='line_1_6' title="bbox 225 223 1008 260; baseline -0.003 -8"><span class='ocrx_word' id='word_1_21' title='bbox 225 225 323 253; x_wconf 84' lang='lat' dir='ltr'><strong>ordine</strong></span> <span class='ocrx_word' id='word_1_22' title='bbox 347 225 393 260; x_wconf 87' lang='lat' dir='ltr'><strong>qui</strong></span> <span class='ocrx_word' id='word_1_23' title='bbox 413 225 561 259; x_wconf 84' lang='lat' dir='ltr'><strong>unicuique</strong></span> <span class='ocrx_word' id='word_1_24' title='bbox 581 223 663 259; x_wconf 90' lang='lat' dir='ltr'><strong>capiti</strong></span> <span class='ocrx_word' id='word_1_25' title='bbox 685 223 801 251; x_wconf 74' lang='lat' dir='ltr'><strong>maxime</strong></span> <span class='ocrx_word' id='word_1_26' title='bbox 819 223 1008 251; x_wconf 73' lang='lat' dir='ltr'><strong>conveniebat.</strong></span> 
     </span>
    </p>
   </div>
   <div class='ocr_carea' id='block_1_7' title="bbox 225 269 1009 305">
    <p class='ocr_par' dir='ltr' id='par_1_7' title="bbox 225 269 1009 305">
     <span class='ocr_line' id='line_1_7' title="bbox 225 269 1009 305; baseline -0.003 -7"><span class='ocrx_word' id='word_1_27' title='bbox 225 270 264 298; x_wconf 83' lang='lat' dir='ltr'><strong>Ea</strong></span> <span class='ocrx_word' id='word_1_28' title='bbox 277 278 342 298; x_wconf 89' lang='lat' dir='ltr'><strong>vero</strong></span> <span class='ocrx_word' id='word_1_29' title='bbox 357 278 406 305; x_wconf 90' lang='lat' dir='ltr'><strong>per</strong></span> <span class='ocrx_word' id='word_1_30' title='bbox 419 277 479 304; x_wconf 65' lang='lat' dir='ltr'><strong>quae</strong></span> <span class='ocrx_word' id='word_1_31' title='bbox 491 277 541 304; x_wconf 91' lang='lat' dir='ltr'><strong>par</strong></span> <span class='ocrx_word' id='word_1_32' title='bbox 554 273 612 296; x_wconf 88' lang='lat' dir='ltr'><strong>erat</strong></span> <span class='ocrx_word' id='word_1_33' title='bbox 628 269 731 297; x_wconf 88' lang='lat' dir='ltr'><strong>Christi</strong></span> <span class='ocrx_word' id='word_1_34' title='bbox 752 270 911 305; x_wconf 72' lang='lat' dir='ltr'><strong>mysterium</strong></span> <span class='ocrx_word' id='word_1_35' title='bbox 924 269 1009 297; x_wconf 87' lang='lat' dir='ltr'><strong>veluti</strong></span> 
     </span>
    </p>
   </div>
   <div class='ocr_carea' id='block_1_8' title="bbox 226 315 1011 350">
    <p class='ocr_par' dir='ltr' id='par_1_8' title="bbox 226 315 1011 350">
     <span class='ocr_line' id='line_1_8' title="bbox 226 315 1011 350; baseline -0.003 -6"><span class='ocrx_word' id='word_1_36' title='bbox 226 316 255 344; x_wconf 88' lang='lat' dir='ltr'><strong>in</strong></span> <span class='ocrx_word' id='word_1_37' title='bbox 275 315 391 347; x_wconf 85' lang='lat' dir='ltr'><strong>umbris,</strong></span> <span class='ocrx_word' id='word_1_38' title='bbox 409 315 499 349; x_wconf 80' lang='lat' dir='ltr'><strong>quoad</strong></span> <span class='ocrx_word' id='word_1_39' title='bbox 513 315 573 342; x_wconf 79' lang='lat' dir='ltr'><strong>ﬁeri</strong></span> <span class='ocrx_word' id='word_1_40' title='bbox 596 319 695 350; x_wconf 88' lang='lat' dir='ltr'><strong>potest,</strong></span> <span class='ocrx_word' id='word_1_41' title='bbox 717 316 932 350; x_wconf 78' lang='lat' dir='ltr'><strong>praemanstrari,</strong></span> <span class='ocrx_word' id='word_1_42' title='bbox 947 315 1011 343; x_wconf 89' lang='lat' dir='ltr'><strong>huic</strong></span> 
     </span>
    </p>
   </div>
   <div class='ocr_carea' id='block_1_9' title="bbox 226 360 1012 397">
    <p class='ocr_par' dir='ltr' id='par_1_9' title="bbox 226 360 1012 397">
     <span class='ocr_line' id='line_1_9' title="bbox 226 360 1012 397; baseline 0.001 -9"><span class='ocrx_word' id='word_1_43' title='bbox 226 360 371 396; x_wconf 76' lang='lat' dir='ltr'><strong>posteriori</strong></span> <span class='ocrx_word' id='word_1_44' title='bbox 392 360 468 395; x_wconf 88' lang='lat' dir='ltr'><strong>operi</strong></span> <span class='ocrx_word' id='word_1_45' title='bbox 492 362 691 388; x_wconf 88' lang='lat' dir='ltr'><strong>reservavimus</strong></span> <span class='ocrx_word' id='word_1_46' title='bbox 708 371 714 388; x_wconf 87' lang='lat'>:</span> <span class='ocrx_word' id='word_1_47' title='bbox 728 362 756 388; x_wconf 88' lang='lat' dir='ltr'><strong>in</strong></span> <span class='ocrx_word' id='word_1_48' title='bbox 772 369 827 397; x_wconf 92' lang='lat' dir='ltr'><strong>quo</strong></span> <span class='ocrx_word' id='word_1_49' title='bbox 842 362 923 389; x_wconf 90' lang='lat' dir='ltr'><strong>nobis</strong></span> <span class='ocrx_word' id='word_1_50' title='bbox 939 369 1012 389; x_wconf 89' lang='lat' dir='ltr'><strong>nunc</strong></span> 
     </span>
    </p>
   </div>
   <div class='ocr_carea' id='block_1_10' title="bbox 226 407 1012 440">
    <p class='ocr_par' dir='ltr' id='par_1_10' title="bbox 226 407 1012 440">
     <span class='ocr_line' id='line_1_10' title="bbox 226 407 1012 440; baseline 0.003 -7"><span class='ocrx_word' id='word_1_51' title='bbox 226 407 368 434; x_wconf 88' lang='lat' dir='ltr'><strong>elaborare</strong></span> <span class='ocrx_word' id='word_1_52' title='bbox 387 407 553 439; x_wconf 87' lang='lat' dir='ltr'><strong>volentibus,</strong></span> <span class='ocrx_word' id='word_1_53' title='bbox 567 407 654 434; x_wconf 82' lang='lat' dir='ltr'><strong>amice</strong></span> <span class='ocrx_word' id='word_1_54' title='bbox 675 407 787 440; x_wconf 81' lang='lat' dir='ltr'><strong>Palladi,</strong></span> <span class='ocrx_word' id='word_1_55' title='bbox 801 407 939 435; x_wconf 87' lang='lat' dir='ltr'><strong>orationes</strong></span> <span class='ocrx_word' id='word_1_56' title='bbox 959 412 1012 435; x_wconf 67' lang='lat' dir='ltr'><strong>tuae</strong></span> 
     </span>
    </p>
   </div>
   <div class='ocr_carea' id='block_1_11' title="bbox 226 452 1011 488">
    <p class='ocr_par' dir='ltr' id='par_1_11' title="bbox 226 452 1011 488">
     <span class='ocr_line' id='line_1_11' title="bbox 226 452 1011 488; baseline 0.001 -9"><span class='ocrx_word' id='word_1_57' title='bbox 226 457 269 480; x_wconf 90' lang='lat' dir='ltr'><strong>sat</strong></span> <span class='ocrx_word' id='word_1_58' title='bbox 282 453 340 480; x_wconf 86' lang='lat' dir='ltr'><strong>scio</strong></span> <span class='ocrx_word' id='word_1_59' title='bbox 359 460 456 488; x_wconf 79' lang='lat' dir='ltr'><strong>magno</strong></span> <span class='ocrx_word' id='word_1_60' title='bbox 468 452 626 487; x_wconf 86' lang='lat' dir='ltr'><strong>adjumento</strong></span> <span class='ocrx_word' id='word_1_61' title='bbox 641 457 705 480; x_wconf 87' lang='lat' dir='ltr'><strong>sunt</strong></span> <span class='ocrx_word' id='word_1_62' title='bbox 720 453 828 481; x_wconf 64' lang='lat' dir='ltr'><strong>futurae.</strong></span> <span class='ocrx_word' id='word_1_63' title='bbox 842 453 1011 488; x_wconf 87' lang='lat' dir='ltr'><strong>lmpossibile</strong></span> 
     </span>
    </p>
   </div>
   <div class='ocr_carea' id='block_1_12' title="bbox 226 498 1011 533">
    <p class='ocr_par' dir='ltr' id='par_1_12' title="bbox 226 498 1011 533">
     <span class='ocr_line' id='line_1_12' title="bbox 226 498 1011 533; baseline 0.001 -8"><span class='ocrx_word' id='word_1_64' title='bbox 226 498 301 526; x_wconf 89' lang='lat' dir='ltr'><strong>enim</strong></span> <span class='ocrx_word' id='word_1_65' title='bbox 321 498 372 525; x_wconf 90' lang='lat' dir='ltr'><strong>hoc</strong></span> <span class='ocrx_word' id='word_1_66' title='bbox 390 498 473 525; x_wconf 84' lang='lat' dir='ltr'><strong>fuerit</strong></span> <span class='ocrx_word' id='word_1_67' title='bbox 493 498 667 531; x_wconf 89' lang='lat' dir='ltr'><strong>hominibus;</strong></span> <span class='ocrx_word' id='word_1_68' title='bbox 685 498 842 533; x_wconf 85' lang='lat' dir='ltr'><strong>expeditum</strong></span> <span class='ocrx_word' id='word_1_69' title='bbox 861 503 962 530; x_wconf 89' lang='lat' dir='ltr'><strong>tamen,</strong></span> <span class='ocrx_word' id='word_1_70' title='bbox 978 506 1011 526; x_wconf 85' lang='lat' dir='ltr'><strong>ex</strong></span> 
     </span>
    </p>
   </div>
   <div class='ocr_carea' id='block_1_13' title="bbox 226 543 1010 579">
    <p class='ocr_par' dir='ltr' id='par_1_13' title="bbox 226 543 1010 579">
     <span class='ocr_line' id='line_1_13' title="bbox 226 543 1010 579; baseline 0.001 -9"><span class='ocrx_word' id='word_1_71' title='bbox 226 547 304 579; x_wconf 85' lang='lat' dir='ltr'><strong>parte</strong></span> <span class='ocrx_word' id='word_1_72' title='bbox 317 543 423 576; x_wconf 83' lang='lat' dir='ltr'><strong>saltem,</strong></span> <span class='ocrx_word' id='word_1_73' title='bbox 444 543 554 571; x_wconf 79' lang='lat' dir='ltr'><strong>Christo</strong></span> <span class='ocrx_word' id='word_1_74' title='bbox 571 544 651 571; x_wconf 91' lang='lat' dir='ltr'><strong>nobis</strong></span> <span class='ocrx_word' id='word_1_75' title='bbox 662 544 696 571; x_wconf 91' lang='lat' dir='ltr'><strong>ad</strong></span> <span class='ocrx_word' id='word_1_76' title='bbox 715 544 768 571; x_wconf 89' lang='lat' dir='ltr'><strong>hoc</strong></span> <span class='ocrx_word' id='word_1_77' title='bbox 778 545 850 571; x_wconf 89' lang='lat' dir='ltr'><strong>viam</strong></span> <span class='ocrx_word' id='word_1_78' title='bbox 862 544 1010 579; x_wconf 81' lang='lat' dir='ltr'><strong>aperiente.</strong></span> 
     </span>
    </p>
   </div>
   <div class='ocr_carea' id='block_1_14' title="bbox 227 589 1013 625">
    <p class='ocr_par' dir='ltr' id='par_1_14' title="bbox 227 589 1013 625">
     <span class='ocr_line' id='line_1_14' title="bbox 227 589 1013 625; baseline 0.001 -10"><span class='ocrx_word' id='word_1_79' title='bbox 227 589 296 616; x_wconf 82' lang='lat' dir='ltr'><strong>Nam</strong></span> <span class='ocrx_word' id='word_1_80' title='bbox 317 589 375 623; x_wconf 88' lang='lat' dir='ltr'><strong>ipse</strong></span> <span class='ocrx_word' id='word_1_81' title='bbox 391 592 434 616; x_wconf 89' lang='lat' dir='ltr'><strong>est</strong></span> <span class='ocrx_word' id='word_1_82' title='bbox 448 589 491 616; x_wconf 91' lang='lat' dir='ltr'><strong>via</strong></span> <span class='ocrx_word' id='word_1_83' title='bbox 513 594 541 616; x_wconf 91' lang='lat' dir='ltr'><strong>et</strong></span> <span class='ocrx_word' id='word_1_84' title='bbox 561 589 664 616; x_wconf 87' lang='lat' dir='ltr'><strong>ostium</strong></span> <span class='ocrx_word' id='word_1_85' title='bbox 679 590 712 622; x_wconf 76' lang='lat'><strong>“,</strong></span> <span class='ocrx_word' id='word_1_86' title='bbox 733 590 815 625; x_wconf 90' lang='lat' dir='ltr'><strong>inque</strong></span> <span class='ocrx_word' id='word_1_87' title='bbox 838 590 898 625; x_wconf 80' lang='lat' dir='ltr'><strong>ipso</strong></span> <span class='ocrx_word' id='word_1_88' title='bbox 917 597 1013 617; x_wconf 89' lang='lat' dir='ltr'><strong>omnes</strong></span> 
     </span>
    </p>
   </div>
   <div class='ocr_carea' id='block_1_15' title="bbox 229 634 1012 671">
    <p class='ocr_par' dir='ltr' id='par_1_15' title="bbox 229 634 1012 671">
     <span class='ocr_line' id='line_1_15' title="bbox 229 634 1012 671; baseline 0.003 -11"><span class='ocrx_word' id='word_1_89' title='bbox 229 634 350 661; x_wconf 85' lang='lat' dir='ltr'><strong>thesauri</strong></span> <span class='ocrx_word' id='word_1_90' title='bbox 370 635 509 669; x_wconf 65' lang='lat' dir='ltr'><strong>sapientia:</strong></span> <span class='ocrx_word' id='word_1_91' title='bbox 522 639 549 662; x_wconf 90' lang='lat' dir='ltr'><strong>et</strong></span> <span class='ocrx_word' id='word_1_92' title='bbox 566 635 729 671; x_wconf 77' lang='lat' dir='ltr'><strong>cognitionis</strong></span> <span class='ocrx_word' id='word_1_93' title='bbox 746 640 809 663; x_wconf 88' lang='lat' dir='ltr'><strong>sunt</strong></span> <span class='ocrx_word' id='word_1_94' title='bbox 826 635 962 663; x_wconf 87' lang='lat' dir='ltr'><strong>reconditi</strong></span> <span class='ocrx_word' id='word_1_95' title='bbox 977 634 1012 662; x_wconf 77' lang='lat'><strong>“‘.</strong></span> 
     </span>
    </p>
   </div>
   <div class='ocr_carea' id='block_1_16' title="bbox 227 681 1013 714">
    <p class='ocr_par' dir='ltr' id='par_1_16' title="bbox 227 681 1013 714">
     <span class='ocr_line' id='line_1_16' title="bbox 227 681 1013 714; baseline 0.003 -7"><span class='ocrx_word' id='word_1_96' title='bbox 227 681 410 708; x_wconf 79' lang='lat' dir='ltr'><strong>Contexemus</strong></span> <span class='ocrx_word' id='word_1_97' title='bbox 421 685 514 708; x_wconf 90' lang='lat' dir='ltr'><strong>autem</strong></span> <span class='ocrx_word' id='word_1_98' title='bbox 526 681 599 709; x_wconf 91' lang='lat' dir='ltr'><strong>hunc</strong></span> <span class='ocrx_word' id='word_1_99' title='bbox 610 681 721 714; x_wconf 88' lang='lat' dir='ltr'><strong>librum,</strong></span> <span class='ocrx_word' id='word_1_100' title='bbox 732 689 787 708; x_wconf 92' lang='lat' dir='ltr'><strong>non</strong></span> <span class='ocrx_word' id='word_1_101' title='bbox 800 681 929 708; x_wconf 87' lang='lat' dir='ltr'><strong>continua</strong></span> <span class='ocrx_word' id='word_1_102' title='bbox 940 682 1013 709; x_wconf 88' lang='lat' dir='ltr'><strong>serie</strong></span> 
     </span>
    </p>
   </div>
   <div class='ocr_carea' id='block_1_17' title="bbox 228 727 1013 763">
    <p class='ocr_par' dir='ltr' id='par_1_17' title="bbox 228 727 1013 763">
     <span class='ocr_line' id='line_1_17' title="bbox 228 727 1013 763; baseline -0.001 -9"><span class='ocrx_word' id='word_1_103' title='bbox 228 735 278 763; x_wconf 87' lang='lat' dir='ltr'><strong>per</strong></span> <span class='ocrx_word' id='word_1_104' title='bbox 297 727 404 762; x_wconf 81' lang='lat' dir='ltr'><strong>singula</strong></span> <span class='ocrx_word' id='word_1_105' title='bbox 425 727 514 762; x_wconf 84' lang='lat' dir='ltr'><strong>capita</strong></span> <span class='ocrx_word' id='word_1_106' title='bbox 537 727 717 762; x_wconf 84' lang='lat' dir='ltr'><strong>procedentes</strong></span> <span class='ocrx_word' id='word_1_107' title='bbox 735 727 862 763; x_wconf 89' lang='lat' dir='ltr'><strong>(plurima</strong></span> <span class='ocrx_word' id='word_1_108' title='bbox 884 727 968 759; x_wconf 85' lang='lat' dir='ltr'><strong>enim,</strong></span> <span class='ocrx_word' id='word_1_109' title='bbox 984 731 1013 754; x_wconf 89' lang='lat' dir='ltr'><strong>ut</strong></span> 
     </span>
    </p>
   </div>
   <div class='ocr_carea' id='block_1_18' title="bbox 230 772 1012 808">
    <p class='ocr_par' dir='ltr' id='par_1_18' title="bbox 230 772 1012 808">
     <span class='ocr_line' id='line_1_18' title="bbox 230 772 1012 808; baseline -0.001 -8"><span class='ocrx_word' id='word_1_110' title='bbox 230 773 311 800; x_wconf 89' lang='lat' dir='ltr'><strong>modo</strong></span> <span class='ocrx_word' id='word_1_111' title='bbox 330 772 397 804; x_wconf 88' lang='lat' dir='ltr'><strong>dixi,</strong></span> <span class='ocrx_word' id='word_1_112' title='bbox 419 772 542 800; x_wconf 88' lang='lat' dir='ltr'><strong>selectim</strong></span> <span class='ocrx_word' id='word_1_113' title='bbox 564 772 650 807; x_wconf 90' lang='lat' dir='ltr'><strong>priori</strong></span> <span class='ocrx_word' id='word_1_114' title='bbox 671 773 748 807; x_wconf 89' lang='lat' dir='ltr'><strong>operi</strong></span> <span class='ocrx_word' id='word_1_115' title='bbox 770 773 871 800; x_wconf 88' lang='lat' dir='ltr'><strong>inserta</strong></span> <span class='ocrx_word' id='word_1_116' title='bbox 891 773 1012 808; x_wconf 84' lang='lat' dir='ltr'><strong>reperie-</strong></span> 
     </span>
    </p>
   </div>
   <div class='ocr_carea' id='block_1_19' title="bbox 231 819 1012 854">
    <p class='ocr_par' dir='ltr' id='par_1_19' title="bbox 231 819 1012 854">
     <span class='ocr_line' id='line_1_19' title="bbox 231 819 1012 854; baseline 0 -8"><span class='ocrx_word' id='word_1_117' title='bbox 231 819 317 853; x_wconf 88' lang='lat' dir='ltr'><strong>mus);</strong></span> <span class='ocrx_word' id='word_1_118' title='bbox 337 819 385 846; x_wconf 89' lang='lat' dir='ltr'><strong>sed</strong></span> <span class='ocrx_word' id='word_1_119' title='bbox 403 826 464 853; x_wconf 58' lang='lat' dir='ltr'><strong>quae</strong></span> <span class='ocrx_word' id='word_1_120' title='bbox 481 819 608 854; x_wconf 68' lang='lat' dir='ltr'><strong>praesenti</strong></span> <span class='ocrx_word' id='word_1_121' title='bbox 629 819 755 846; x_wconf 87' lang='lat' dir='ltr'><strong>instituto</strong></span> <span class='ocrx_word' id='word_1_122' title='bbox 769 819 917 846; x_wconf 89' lang='lat' dir='ltr'><strong>convenire</strong></span> <span class='ocrx_word' id='word_1_123' title='bbox 934 819 1012 846; x_wconf 83' lang='lat' dir='ltr'><strong>vide—</strong></span> 
     </span>
    </p>
   </div>
   <div class='ocr_carea' id='block_1_20' title="bbox 231 864 1012 901">
    <p class='ocr_par' dir='ltr' id='par_1_20' title="bbox 231 864 1012 901">
     <span class='ocr_line' id='line_1_20' title="bbox 231 864 1012 901; baseline 0 -10"><span class='ocrx_word' id='word_1_124' title='bbox 231 864 344 897; x_wconf 90' lang='lat' dir='ltr'><strong>buntur,</strong></span> <span class='ocrx_word' id='word_1_125' title='bbox 357 872 406 899; x_wconf 88' lang='lat' dir='ltr'><strong>pro</strong></span> <span class='ocrx_word' id='word_1_126' title='bbox 418 864 490 891; x_wconf 90' lang='lat' dir='ltr'><strong>virili</strong></span> <span class='ocrx_word' id='word_1_127' title='bbox 505 868 632 891; x_wconf 86' lang='lat' dir='ltr'><strong>accurate</strong></span> <span class='ocrx_word' id='word_1_128' title='bbox 645 865 836 899; x_wconf 88' lang='lat' dir='ltr'><strong>subtiliterque</strong></span> <span class='ocrx_word' id='word_1_129' title='bbox 855 865 1012 901; x_wconf 79' lang='lat' dir='ltr'><strong>expenden-</strong></span> 
     </span>
    </p>
   </div>
   <div class='ocr_carea' id='block_1_21' title="bbox 230 910 1014 945">
    <p class='ocr_par' dir='ltr' id='par_1_21' title="bbox 230 910 1014 945">
     <span class='ocr_line' id='line_1_21' title="bbox 230 910 1014 945; baseline 0 -8"><span class='ocrx_word' id='word_1_130' title='bbox 230 915 281 942; x_wconf 86' lang='lat' dir='ltr'><strong>tes,</strong></span> <span class='ocrx_word' id='word_1_131' title='bbox 297 911 423 937; x_wconf 85' lang='lat' dir='ltr'><strong>veritatis</strong></span> <span class='ocrx_word' id='word_1_132' title='bbox 443 911 487 937; x_wconf 91' lang='lat' dir='ltr'><strong>via</strong></span> <span class='ocrx_word' id='word_1_133' title='bbox 510 910 717 938; x_wconf 91' lang='lat' dir='ltr'><strong>eontendemus.</strong></span> <span class='ocrx_word' id='word_1_134' title='bbox 736 910 804 938; x_wconf 88' lang='lat' dir='ltr'><strong>Cum</strong></span> <span class='ocrx_word' id='word_1_135' title='bbox 829 918 894 938; x_wconf 89' lang='lat' dir='ltr'><strong>vero</strong></span> <span class='ocrx_word' id='word_1_136' title='bbox 915 918 1014 945; x_wconf 90' lang='lat' dir='ltr'><strong>scopus</strong></span> 
     </span>
    </p>
   </div>
   <div class='ocr_carea' id='block_1_22' title="bbox 230 956 1014 992">
    <p class='ocr_par' dir='ltr' id='par_1_22' title="bbox 230 956 1014 992">
     <span class='ocr_line' id='line_1_22' title="bbox 230 956 1014 992; baseline 0 -9"><span class='ocrx_word' id='word_1_137' title='bbox 230 956 311 992; x_wconf 89' lang='lat' dir='ltr'><strong>hujus</strong></span> <span class='ocrx_word' id='word_1_138' title='bbox 324 956 387 983; x_wconf 88' lang='lat' dir='ltr'><strong>libri</strong></span> <span class='ocrx_word' id='word_1_139' title='bbox 402 964 452 983; x_wconf 93' lang='lat' dir='ltr'><strong>nos</strong></span> <span class='ocrx_word' id='word_1_140' title='bbox 467 956 550 984; x_wconf 88' lang='lat' dir='ltr'><strong>ducat</strong></span> <span class='ocrx_word' id='word_1_141' title='bbox 560 956 592 983; x_wconf 89' lang='lat' dir='ltr'><strong>ad</strong></span> <span class='ocrx_word' id='word_1_142' title='bbox 610 956 824 991; x_wconf 83' lang='lat' dir='ltr'><strong>redemptionem</strong></span> <span class='ocrx_word' id='word_1_143' title='bbox 839 965 898 991; x_wconf 75' lang='lat' dir='ltr'><strong>quae</strong></span> <span class='ocrx_word' id='word_1_144' title='bbox 913 961 953 984; x_wconf 88' lang='lat' dir='ltr'><strong>est</strong></span> <span class='ocrx_word' id='word_1_145' title='bbox 965 964 1014 992; x_wconf 91' lang='lat' dir='ltr'><strong>per</strong></span> 
     </span>
    </p>
   </div>
   <div class='ocr_carea' id='block_1_23' title="bbox 230 1001 1015 1037">
    <p class='ocr_par' dir='ltr' id='par_1_23' title="bbox 230 1001 1015 1037">
     <span class='ocr_line' id='line_1_23' title="bbox 230 1001 1015 1037; baseline 0.001 -8"><span class='ocrx_word' id='word_1_146' title='bbox 230 1001 381 1034; x_wconf 89' lang='lat' dir='ltr'><strong>Christum,</strong></span> <span class='ocrx_word' id='word_1_147' title='bbox 396 1001 581 1029; x_wconf 85' lang='lat' dir='ltr'><strong>necessarium</strong></span> <span class='ocrx_word' id='word_1_148' title='bbox 595 1003 707 1028; x_wconf 88' lang='lat' dir='ltr'><strong>omnino</strong></span> <span class='ocrx_word' id='word_1_149' title='bbox 720 1002 803 1029; x_wconf 82' lang='lat' dir='ltr'><strong>fuerit</strong></span> <span class='ocrx_word' id='word_1_150' title='bbox 826 1006 855 1028; x_wconf 91' lang='lat' dir='ltr'><strong>ut</strong></span> <span class='ocrx_word' id='word_1_151' title='bbox 873 1003 949 1037; x_wconf 88' lang='lat' dir='ltr'><strong>prius</strong></span> <span class='ocrx_word' id='word_1_152' title='bbox 964 1003 1015 1030; x_wconf 90' lang='lat' dir='ltr'><strong>hu-</strong></span> 
     </span>
    </p>
   </div>
   <div class='ocr_carea' id='block_1_24' title="bbox 231 1047 1014 1081">
    <p class='ocr_par' dir='ltr' id='par_1_24' title="bbox 231 1047 1014 1081">
     <span class='ocr_line' id='line_1_24' title="bbox 231 1047 1014 1081; baseline 0.003 -8"><span class='ocrx_word' id='word_1_153' title='bbox 231 1053 340 1073; x_wconf 88' lang='lat' dir='ltr'><strong>manum</strong></span> <span class='ocrx_word' id='word_1_154' title='bbox 349 1054 435 1081; x_wconf 82' lang='lat' dir='ltr'><strong>genus</strong></span> <span class='ocrx_word' id='word_1_155' title='bbox 441 1047 633 1081; x_wconf 86' lang='lat' dir='ltr'><strong>periclitatum,</strong></span> <span class='ocrx_word' id='word_1_156' title='bbox 642 1051 722 1081; x_wconf 85' lang='lat' dir='ltr'><strong>atque</strong></span> <span class='ocrx_word' id='word_1_157' title='bbox 730 1047 755 1073; x_wconf 91' lang='lat' dir='ltr'><strong>in</strong></span> <span class='ocrx_word' id='word_1_158' title='bbox 763 1055 882 1074; x_wconf 84' lang='lat' dir='ltr'><strong>summas</strong></span> <span class='ocrx_word' id='word_1_159' title='bbox 892 1048 1014 1075; x_wconf 85' lang='lat' dir='ltr'><strong>miserias</strong></span> 
     </span>
    </p>
   </div>
   <div class='ocr_carea' id='block_1_25' title="bbox 230 1091 1014 1128">
    <p class='ocr_par' dir='ltr' id='par_1_25' title="bbox 230 1091 1014 1128">
     <span class='ocr_line' id='line_1_25' title="bbox 230 1091 1014 1128; baseline 0.004 -10"><span class='ocrx_word' id='word_1_160' title='bbox 230 1091 387 1126; x_wconf 89' lang='lat' dir='ltr'><strong>prolapsum</strong></span> <span class='ocrx_word' id='word_1_161' title='bbox 400 1091 484 1119; x_wconf 85' lang='lat' dir='ltr'><strong>fuisse</strong></span> <span class='ocrx_word' id='word_1_162' title='bbox 497 1092 683 1119; x_wconf 87' lang='lat' dir='ltr'><strong>ostendamus.</strong></span> <span class='ocrx_word' id='word_1_163' title='bbox 697 1093 735 1119; x_wconf 91' lang='lat' dir='ltr'><strong>Ita</strong></span> <span class='ocrx_word' id='word_1_164' title='bbox 747 1093 820 1120; x_wconf 91' lang='lat' dir='ltr'><strong>enim</strong></span> <span class='ocrx_word' id='word_1_165' title='bbox 834 1101 883 1128; x_wconf 90' lang='lat' dir='ltr'><strong>par</strong></span> <span class='ocrx_word' id='word_1_166' title='bbox 896 1097 947 1126; x_wconf 89' lang='lat' dir='ltr'><strong>est,</strong></span> <span class='ocrx_word' id='word_1_167' title='bbox 964 1101 1014 1121; x_wconf 89' lang='lat' dir='ltr'><strong>ne-</strong></span> 
     </span>
    </p>
   </div>
   <div class='ocr_carea' id='block_1_26' title="bbox 230 1136 1015 1171">
    <p class='ocr_par' dir='ltr' id='par_1_26' title="bbox 230 1136 1015 1171">
     <span class='ocr_line' id='line_1_26' title="bbox 230 1136 1015 1171; baseline 0.004 -8"><span class='ocrx_word' id='word_1_168' title='bbox 230 1143 283 1171; x_wconf 83' lang='lat' dir='ltr'><strong>que</strong></span> <span class='ocrx_word' id='word_1_169' title='bbox 295 1136 375 1163; x_wconf 86' lang='lat' dir='ltr'><strong>aliter</strong></span> <span class='ocrx_word' id='word_1_170' title='bbox 386 1137 479 1164; x_wconf 80' lang='lat' dir='ltr'><strong>auxilii</strong></span> <span class='ocrx_word' id='word_1_171' title='bbox 497 1137 566 1164; x_wconf 83' lang='lat' dir='ltr'><strong>ratio</strong></span> <span class='ocrx_word' id='word_1_172' title='bbox 583 1137 691 1164; x_wconf 88' lang='lat' dir='ltr'><strong>decenti</strong></span> <span class='ocrx_word' id='word_1_173' title='bbox 704 1138 800 1165; x_wconf 86' lang='lat' dir='ltr'><strong>ordine</strong></span> <span class='ocrx_word' id='word_1_174' title='bbox 817 1138 940 1166; x_wconf 90' lang='lat' dir='ltr'><strong>adhibita</strong></span> <span class='ocrx_word' id='word_1_175' title='bbox 957 1138 1015 1166; x_wconf 83' lang='lat' dir='ltr'><strong>fue-</strong></span> 
     </span>
    </p>
   </div>
   <div class='ocr_carea' id='block_1_27' title="bbox 231 1181 1013 1218">
    <p class='ocr_par' dir='ltr' id='par_1_27' title="bbox 231 1181 1013 1218">
     <span class='ocr_line' id='line_1_27' title="bbox 231 1181 1013 1218; baseline 0.003 -10"><span class='ocrx_word' id='word_1_176' title='bbox 231 1181 267 1208; x_wconf 93' lang='lat' dir='ltr'><strong>rit</strong></span> <span class='ocrx_word' id='word_1_177' title='bbox 286 1190 293 1208; x_wconf 85' lang='lat'><strong>:</strong></span> <span class='ocrx_word' id='word_1_178' title='bbox 312 1191 321 1207; x_wconf 82' lang='lat' dir='ltr'><strong>t</strong></span> <span class='ocrx_word' id='word_1_179' title='bbox 339 1181 433 1209; x_wconf 83' lang='lat' dir='ltr'><strong>Virtus</strong></span> <span class='ocrx_word' id='word_1_180' title='bbox 450 1182 523 1209; x_wconf 90' lang='lat' dir='ltr'><strong>enim</strong></span> <span class='ocrx_word' id='word_1_181' title='bbox 541 1189 612 1215; x_wconf 90' lang='lat' dir='ltr'><strong>mea,</strong></span> <span class='ocrx_word' id='word_1_182' title='bbox 625 1182 725 1217; x_wconf 87' lang='lat' dir='ltr'><strong>inquit,</strong></span> <span class='ocrx_word' id='word_1_183' title='bbox 737 1183 764 1210; x_wconf 93' lang='lat' dir='ltr'><strong>in</strong></span> <span class='ocrx_word' id='word_1_184' title='bbox 779 1182 936 1211; x_wconf 82' lang='lat' dir='ltr'><strong>inﬁrmitate</strong></span> <span class='ocrx_word' id='word_1_185' title='bbox 949 1191 1013 1218; x_wconf 91' lang='lat' dir='ltr'><strong>per—</strong></span> 
     </span>
    </p>
   </div>
   <div class='ocr_carea' id='block_1_28' title="bbox 231 1226 1014 1264">
    <p class='ocr_par' dir='ltr' id='par_1_28' title="bbox 231 1226 1014 1264">
     <span class='ocr_line' id='line_1_28' title="bbox 231 1226 1014 1264; baseline 0.004 -10"><span class='ocrx_word' id='word_1_186' title='bbox 231 1226 322 1255; x_wconf 71' lang='lat' dir='ltr'><strong>ﬁcitur</strong></span> <span class='ocrx_word' id='word_1_187' title='bbox 334 1227 366 1254; x_wconf 83' lang='lat'><strong>&quot;.</strong></span> <span class='ocrx_word' id='word_1_188' title='bbox 384 1237 393 1253; x_wconf 73' lang='grc' dir='ltr'><strong>ι</strong></span> <span class='ocrx_word' id='word_1_189' title='bbox 411 1227 509 1255; x_wconf 88' lang='lat' dir='ltr'><strong>Medici</strong></span> <span class='ocrx_word' id='word_1_190' title='bbox 521 1228 604 1255; x_wconf 88' lang='lat' dir='ltr'><strong>etiam</strong></span> <span class='ocrx_word' id='word_1_191' title='bbox 619 1228 702 1263; x_wconf 90' lang='lat' dir='ltr'><strong>periti</strong></span> <span class='ocrx_word' id='word_1_192' title='bbox 717 1236 750 1256; x_wconf 88' lang='lat' dir='ltr'><strong>ac</strong></span> <span class='ocrx_word' id='word_1_193' title='bbox 764 1229 882 1264; x_wconf 87' lang='lat' dir='ltr'><strong>probati,</strong></span> <span class='ocrx_word' id='word_1_194' title='bbox 895 1237 950 1257; x_wconf 89' lang='lat' dir='ltr'><strong>non</strong></span> <span class='ocrx_word' id='word_1_195' title='bbox 965 1230 1014 1257; x_wconf 88' lang='lat' dir='ltr'><strong>ali-</strong></span> 
     </span>
    </p>
   </div>
   <div class='ocr_carea' id='block_1_29' title="bbox 231 1271 1014 1309">
    <p class='ocr_par' dir='ltr' id='par_1_29' title="bbox 231 1271 1014 1309">
     <span class='ocr_line' id='line_1_29' title="bbox 231 1271 1014 1309; baseline 0.004 -11"><span class='ocrx_word' id='word_1_196' title='bbox 231 1276 272 1299; x_wconf 91' lang='lat' dir='ltr'><strong>ter</strong></span> <span class='ocrx_word' id='word_1_197' title='bbox 282 1271 405 1299; x_wconf 67' lang='lat' dir='ltr'><strong>scientiae</strong></span> <span class='ocrx_word' id='word_1_198' title='bbox 419 1279 475 1299; x_wconf 71' lang='lat' dir='ltr'><strong>suae</strong></span> <span class='ocrx_word' id='word_1_199' title='bbox 487 1271 569 1299; x_wconf 83' lang='lat' dir='ltr'><strong>tidem</strong></span> <span class='ocrx_word' id='word_1_200' title='bbox 584 1277 647 1299; x_wconf 89' lang='lat' dir='ltr'><strong>sunt</strong></span> <span class='ocrx_word' id='word_1_201' title='bbox 665 1272 774 1305; x_wconf 82' lang='lat' dir='ltr'><strong>facturi,</strong></span> <span class='ocrx_word' id='word_1_202' title='bbox 788 1273 841 1300; x_wconf 91' lang='lat' dir='ltr'><strong>nisi</strong></span> <span class='ocrx_word' id='word_1_203' title='bbox 859 1273 899 1300; x_wconf 91' lang='lat' dir='ltr'><strong>eis</strong></span> <span class='ocrx_word' id='word_1_204' title='bbox 915 1281 1014 1309; x_wconf 87' lang='lat' dir='ltr'><strong>propo-</strong></span> 
     </span>
    </p>
   </div>
   <div class='ocr_carea' id='block_1_30' title="bbox 231 1317 960 1354">
    <p class='ocr_par' dir='ltr' id='par_1_30' title="bbox 231 1317 960 1354">
     <span class='ocr_line' id='line_1_30' title="bbox 231 1317 960 1354; baseline 0.007 -11"><span class='ocrx_word' id='word_1_205' title='bbox 231 1322 312 1344; x_wconf 85' lang='lat' dir='ltr'><strong>natur</strong></span> <span class='ocrx_word' id='word_1_206' title='bbox 322 1317 446 1352; x_wconf 68' lang='lat' dir='ltr'><strong>aager,-in</strong></span> <span class='ocrx_word' id='word_1_207' title='bbox 459 1325 514 1352; x_wconf 87' lang='lat' dir='ltr'><strong>quo</strong></span> <span class='ocrx_word' id='word_1_208' title='bbox 528 1318 596 1345; x_wconf 89' lang='lat' dir='ltr'><strong>artis</strong></span> <span class='ocrx_word' id='word_1_209' title='bbox 609 1326 665 1345; x_wconf 69' lang='lat' dir='ltr'><strong>suae</strong></span> <span class='ocrx_word' id='word_1_210' title='bbox 682 1319 834 1354; x_wconf 90' lang='lat' dir='ltr'><strong>periculum</strong></span> <span class='ocrx_word' id='word_1_211' title='bbox 848 1320 960 1349; x_wconf 76' lang='lat' dir='ltr'><strong>faciant.</strong></span> 
     </span>
    </p>
   </div>
   <div class='ocr_carea' id='block_1_31' title="bbox 1062 220 1850 258">
    <p class='ocr_par' dir='ltr' id='par_1_31' title="bbox 1062 220 1850 258">
     <span class='ocr_line' id='line_1_31' title="bbox 1062 220 1850 258; baseline -0.003 -9"><span class='ocrx_word' id='word_1_212' title='bbox 1062 222 1273 258; x_wconf 79' lang='grc' dir='ltr'>συντεθείκαμεν</span> <span class='ocrx_word' id='word_1_213' title='bbox 1290 222 1335 248; x_wconf 64' lang='lat' dir='ltr'><strong>hri</strong></span> <span class='ocrx_word' id='word_1_214' title='bbox 1353 221 1458 257; x_wconf 81' lang='grc' dir='ltr'><strong>καιροῦ,</strong></span> <span class='ocrx_word' id='word_1_215' title='bbox 1477 221 1524 248; x_wconf 74' lang='grc' dir='ltr'>καὶ</span> <span class='ocrx_word' id='word_1_216' title='bbox 1539 221 1576 253; x_wconf 83' lang='grc' dir='ltr'>ὡς</span> <span class='ocrx_word' id='word_1_217' title='bbox 1593 222 1622 247; x_wconf 88' lang='grc' dir='ltr'><strong>ὲν</strong></span> <span class='ocrx_word' id='word_1_218' title='bbox 1642 220 1717 253; x_wconf 76' lang='grc' dir='ltr'>τάξει</span> <span class='ocrx_word' id='word_1_219' title='bbox 1732 221 1764 257; x_wconf 81' lang='grc' dir='ltr'><strong>δὴ</strong></span> <span class='ocrx_word' id='word_1_220' title='bbox 1780 221 1850 256; x_wconf 66' lang='grc' dir='ltr'>λέγω</span> 
     </span>
    </p>
   </div>
   <div class='ocr_carea' id='block_1_32' title="bbox 1061 263 1850 304">
    <p class='ocr_par' dir='ltr' id='par_1_32' title="bbox 1061 263 1850 304">
     <span class='ocr_line' id='line_1_32' title="bbox 1061 263 1850 304; baseline 0 -10"><span class='ocrx_word' id='word_1_221' title='bbox 1061 270 1094 304; x_wconf 77' lang='grc' dir='ltr'>τῇ</span> <span class='ocrx_word' id='word_1_222' title='bbox 1111 268 1218 304; x_wconf 77' lang='grc' dir='ltr'>ἑκάστῳ</span> <span class='ocrx_word' id='word_1_223' title='bbox 1232 267 1459 303; x_wconf 81' lang='grc' dir='ltr'>πρεπωδεστάτῃ”</span> <span class='ocrx_word' id='word_1_224' title='bbox 1475 267 1509 293; x_wconf 79' lang='grc' dir='ltr'><strong>τὰ</strong></span> <span class='ocrx_word' id='word_1_225' title='bbox 1533 267 1561 294; x_wconf 81' lang='grc' dir='ltr'><strong>δὲ</strong></span> <span class='ocrx_word' id='word_1_226' title='bbox 1578 266 1612 293; x_wconf 79' lang='grc' dir='ltr'>δι’</span> <span class='ocrx_word' id='word_1_227' title='bbox 1625 263 1662 293; x_wconf 84' lang='grc' dir='ltr'>ὧν</span> <span class='ocrx_word' id='word_1_228' title='bbox 1676 264 1709 302; x_wconf 79' lang='grc' dir='ltr'><strong>ἦν</strong></span> <span class='ocrx_word' id='word_1_229' title='bbox 1726 267 1800 298; x_wconf 82' lang='grc' dir='ltr'>είκδς</span> <span class='ocrx_word' id='word_1_230' title='bbox 1820 267 1850 294; x_wconf 79' lang='grc' dir='ltr'>τὸ</span> 
     </span>
    </p>
   </div>
   <div class='ocr_carea' id='block_1_33' title="bbox 1062 313 1848 351">
    <p class='ocr_par' dir='ltr' id='par_1_33' title="bbox 1062 313 1848 351">
     <span class='ocr_line' id='line_1_33' title="bbox 1062 313 1848 351; baseline -0.001 -9"><span class='ocrx_word' id='word_1_231' title='bbox 1062 314 1179 351; x_wconf 82' lang='grc' dir='ltr'><strong>Χριστοῦ</strong></span> <span class='ocrx_word' id='word_1_232' title='bbox 1200 315 1349 350; x_wconf 87' lang='grc' dir='ltr'>μυστήριον</span> <span class='ocrx_word' id='word_1_233' title='bbox 1371 314 1408 346; x_wconf 84' lang='grc' dir='ltr'>ὡς</span> <span class='ocrx_word' id='word_1_234' title='bbox 1428 315 1456 341; x_wconf 76' lang='grc' dir='ltr'><strong>ἐν</strong></span> <span class='ocrx_word' id='word_1_235' title='bbox 1478 314 1568 345; x_wconf 79' lang='grc' dir='ltr'>σκιαῖς</span> <span class='ocrx_word' id='word_1_236' title='bbox 1583 313 1623 340; x_wconf 81' lang='grc' dir='ltr'>ἔτι</span> <span class='ocrx_word' id='word_1_237' title='bbox 1644 314 1705 345; x_wconf 84' lang='grc' dir='ltr'>ταῖς</span> <span class='ocrx_word' id='word_1_238' title='bbox 1724 313 1796 340; x_wconf 73' lang='grc' dir='ltr'>κατὰ</span> <span class='ocrx_word' id='word_1_239' title='bbox 1810 315 1848 341; x_wconf 78' lang='lat' dir='ltr'><strong>v6-</strong></span> 
     </span>
    </p>
   </div>
   <div class='ocr_carea' id='block_1_34' title="bbox 1063 360 1849 398">
    <p class='ocr_par' dir='ltr' id='par_1_34' title="bbox 1063 360 1849 398">
     <span class='ocr_line' id='line_1_34' title="bbox 1063 360 1849 398; baseline -0.004 -9"><span class='ocrx_word' id='word_1_240' title='bbox 1063 371 1123 398; x_wconf 88' lang='grc' dir='ltr'>μον,</span> <span class='ocrx_word' id='word_1_241' title='bbox 1133 363 1171 394; x_wconf 82' lang='grc' dir='ltr'>ὡς</span> <span class='ocrx_word' id='word_1_242' title='bbox 1178 362 1229 395; x_wconf 72' lang='grc' dir='ltr'>ἔνι,</span> <span class='ocrx_word' id='word_1_243' title='bbox 1246 360 1505 397; x_wconf 71' lang='grc' dir='ltr'>προαναφαίνεσθαι,</span> <span class='ocrx_word' id='word_1_244' title='bbox 1518 361 1552 396; x_wconf 85' lang='grc' dir='ltr'><strong>τῇ</strong></span> <span class='ocrx_word' id='word_1_245' title='bbox 1572 360 1631 396; x_wconf 76' lang='grc' dir='ltr'>μετ’</span> <span class='ocrx_word' id='word_1_246' title='bbox 1646 360 1756 396; x_wconf 72' lang='grc' dir='ltr'>ἐκείνην</span> <span class='ocrx_word' id='word_1_247' title='bbox 1772 369 1849 396; x_wconf 61' lang='grc' dir='ltr'>τετηη</span> 
     </span>
    </p>
   </div>
   <div class='ocr_carea' id='block_1_35' title="bbox 1065 403 1849 443">
    <p class='ocr_par' dir='ltr' id='par_1_35' title="bbox 1065 403 1849 443">
     <span class='ocr_line' id='line_1_35' title="bbox 1065 403 1849 443; baseline -0.004 -9"><span class='ocrx_word' id='word_1_248' title='bbox 1065 407 1188 443; x_wconf 81' lang='grc' dir='ltr'>ρήκαμεν</span> <span class='ocrx_word' id='word_1_249' title='bbox 1207 408 1362 442; x_wconf 71' lang='grc' dir='ltr'>συγγραφῇ·</span> <span class='ocrx_word' id='word_1_250' title='bbox 1379 406 1420 441; x_wconf 73' lang='grc' dir='ltr'><strong>ἐφ’</strong></span> <span class='ocrx_word' id='word_1_251' title='bbox 1466 406 1512 433; x_wconf 74' lang='grc' dir='ltr'>καὶ</span> <span class='ocrx_word' id='word_1_252' title='bbox 1529 406 1577 432; x_wconf 88' lang='grc' dir='ltr'><strong>νῦν</strong></span> <span class='ocrx_word' id='word_1_253' title='bbox 1594 405 1683 440; x_wconf 84' lang='grc' dir='ltr'>ίδροῦν</span> <span class='ocrx_word' id='word_1_254' title='bbox 1700 405 1849 441; x_wconf 71' lang='grc' dir='ltr'>ἑλομένοις,</span> 
     </span>
    </p>
   </div>
   <div class='ocr_carea' id='block_1_36' title="bbox 1063 448 1852 488">
    <p class='ocr_par' dir='ltr' id='par_1_36' title="bbox 1063 448 1852 488">
     <span class='ocr_line' id='line_1_36' title="bbox 1063 448 1852 488; baseline 0 -9"><span class='ocrx_word' id='word_1_255' title='bbox 1063 452 1187 488; x_wconf 80' lang='grc' dir='ltr'>ἀγαπητὲ</span> <span class='ocrx_word' id='word_1_256' title='bbox 1204 452 1346 485; x_wconf 84' lang='grc' dir='ltr'>Παλλάδιε,</span> <span class='ocrx_word' id='word_1_257' title='bbox 1365 452 1543 487; x_wconf 81' lang='grc' dir='ltr'>συναθλήσεις</span> <span class='ocrx_word' id='word_1_258' title='bbox 1557 448 1605 478; x_wconf 71' lang='grc' dir='ltr'><strong>οἷδ’</strong></span> <span class='ocrx_word' id='word_1_259' title='bbox 1620 451 1662 478; x_wconf 80' lang='grc' dir='ltr'>ὅτι</span> <span class='ocrx_word' id='word_1_260' title='bbox 1681 451 1724 478; x_wconf 77' lang='grc' dir='ltr'>διὰ</span> <span class='ocrx_word' id='word_1_261' title='bbox 1738 460 1852 487; x_wconf 65' lang='grc' dir='ltr'>προσευυ</span> 
     </span>
    </p>
   </div>
   <div class='ocr_carea' id='block_1_37' title="bbox 1063 496 1852 534">
    <p class='ocr_par' dir='ltr' id='par_1_37' title="bbox 1063 496 1852 534">
     <span class='ocr_line' id='line_1_37' title="bbox 1063 496 1852 534; baseline -0.003 -9"><span class='ocrx_word' id='word_1_262' title='bbox 1063 499 1124 534; x_wconf 82' lang='grc' dir='ltr'>χῆς.</span> <span class='ocrx_word' id='word_1_263' title='bbox 1140 498 1256 534; x_wconf 80' lang='grc' dir='ltr'>Βάδιμον</span> <span class='ocrx_word' id='word_1_264' title='bbox 1271 498 1319 533; x_wconf 82' lang='grc' dir='ltr'>μὲν</span> <span class='ocrx_word' id='word_1_265' title='bbox 1331 498 1431 533; x_wconf 77' lang='grc' dir='ltr'>ἥκιστά</span> <span class='ocrx_word' id='word_1_266' title='bbox 1443 505 1474 531; x_wconf 84' lang='grc' dir='ltr'>γε</span> <span class='ocrx_word' id='word_1_267' title='bbox 1489 498 1544 529; x_wconf 83' lang='grc' dir='ltr'>τοῖς</span> <span class='ocrx_word' id='word_1_268' title='bbox 1555 496 1616 523; x_wconf 72' lang='grc' dir='ltr'>καθ’</span> <span class='ocrx_word' id='word_1_269' title='bbox 1630 497 1703 532; x_wconf 75' lang='grc' dir='ltr'>ἡμᾶς</span> <span class='ocrx_word' id='word_1_270' title='bbox 1715 497 1746 523; x_wconf 84' lang='grc' dir='ltr'>τδ</span> <span class='ocrx_word' id='word_1_271' title='bbox 1760 497 1852 533; x_wconf 76' lang='grc' dir='ltr'>χρῆμά</span> 
     </span>
    </p>
   </div>
   <div class='ocr_carea' id='block_1_38' title="bbox 1063 542 1851 578">
    <p class='ocr_par' dir='ltr' id='par_1_38' title="bbox 1063 542 1851 578">
     <span class='ocr_line' id='line_1_38' title="bbox 1063 542 1851 578; baseline -0.003 -8"><span class='ocrx_word' id='word_1_272' title='bbox 1063 545 1139 576; x_wconf 63' lang='grc' dir='ltr'>ἐστι,</span> <span class='ocrx_word' id='word_1_273' title='bbox 1158 543 1262 578; x_wconf 82' lang='grc' dir='ltr'>γένοιτο</span> <span class='ocrx_word' id='word_1_274' title='bbox 1280 543 1302 570; x_wconf 81' lang='grc' dir='ltr'><strong>δ’</strong></span> <span class='ocrx_word' id='word_1_275' title='bbox 1323 543 1356 570; x_wconf 79' lang='grc' dir='ltr'>ἂν</span> <span class='ocrx_word' id='word_1_276' title='bbox 1374 543 1426 570; x_wconf 77' lang='grc' dir='ltr'><strong>κᾶν</strong></span> <span class='ocrx_word' id='word_1_277' title='bbox 1445 542 1510 577; x_wconf 84' lang='grc' dir='ltr'>γοῦν</span> <span class='ocrx_word' id='word_1_278' title='bbox 1532 543 1564 569; x_wconf 81' lang='grc' dir='ltr'>ὲκ</span> <span class='ocrx_word' id='word_1_279' title='bbox 1582 542 1682 578; x_wconf 82' lang='grc' dir='ltr'><strong>μέρους</strong></span> <span class='ocrx_word' id='word_1_280' title='bbox 1708 543 1851 574; x_wconf 77' lang='grc' dir='ltr'>εὐστιεὲς,</span> 
     </span>
    </p>
   </div>
   <div class='ocr_carea' id='block_1_39' title="bbox 1064 586 1853 624">
    <p class='ocr_par' dir='ltr' id='par_1_39' title="bbox 1064 586 1853 624">
     <span class='ocr_line' id='line_1_39' title="bbox 1064 586 1853 624; baseline -0.001 -10"><span class='ocrx_word' id='word_1_281' title='bbox 1064 588 1182 623; x_wconf 80' lang='grc' dir='ltr'><strong>Χριστοῦ</strong></span> <span class='ocrx_word' id='word_1_282' title='bbox 1198 588 1230 624; x_wconf 85' lang='grc' dir='ltr'><strong>δὴ</strong></span> <span class='ocrx_word' id='word_1_283' title='bbox 1252 588 1332 615; x_wconf 84' lang='grc' dir='ltr'>πάλιν</span> <span class='ocrx_word' id='word_1_284' title='bbox 1348 587 1396 623; x_wconf 79' lang='grc' dir='ltr'>τὴν</span> <span class='ocrx_word' id='word_1_285' title='bbox 1411 587 1438 619; x_wconf 72' lang='grc' dir='ltr'>ἐς</span> <span class='ocrx_word' id='word_1_286' title='bbox 1452 596 1483 622; x_wconf 87' lang='grc' dir='ltr'><strong>γε</strong></span> <span class='ocrx_word' id='word_1_287' title='bbox 1503 588 1579 614; x_wconf 78' lang='grc' dir='ltr'>τουτὶ</span> <span class='ocrx_word' id='word_1_288' title='bbox 1597 586 1786 622; x_wconf 77' lang='grc' dir='ltr'>διευρύνοντος</span> <span class='ocrx_word' id='word_1_289' title='bbox 1797 587 1853 622; x_wconf 79' lang='grc' dir='ltr'>τρί-</span> 
     </span>
    </p>
   </div>
   <div class='ocr_carea' id='block_1_40' title="bbox 1064 632 1854 669">
    <p class='ocr_par' dir='ltr' id='par_1_40' title="bbox 1064 632 1854 669">
     <span class='ocr_line' id='line_1_40' title="bbox 1064 632 1854 669; baseline -0.001 -10"><span class='ocrx_word' id='word_1_290' title='bbox 1064 634 1120 660; x_wconf 78' lang='grc' dir='ltr'>σον.</span> <span class='ocrx_word' id='word_1_291' title='bbox 1139 634 1223 662; x_wconf 78' lang='grc' dir='ltr'>Αὐτὸς</span> <span class='ocrx_word' id='word_1_292' title='bbox 1238 634 1290 669; x_wconf 79' lang='grc' dir='ltr'>γάρ</span> <span class='ocrx_word' id='word_1_293' title='bbox 1305 634 1379 660; x_wconf 76' lang='grc' dir='ltr'>ἐστιν</span> <span class='ocrx_word' id='word_1_294' title='bbox 1394 635 1410 668; x_wconf 83' lang='grc' dir='ltr'>ὴ</span> <span class='ocrx_word' id='word_1_295' title='bbox 1427 633 1494 665; x_wconf 67' lang='grc' dir='ltr'>ὁδὸς,</span> <span class='ocrx_word' id='word_1_296' title='bbox 1512 633 1560 659; x_wconf 76' lang='grc' dir='ltr'>καὶ</span> <span class='ocrx_word' id='word_1_297' title='bbox 1579 632 1660 664; x_wconf 79' lang='grc' dir='ltr'>αὐτὸς</span> <span class='ocrx_word' id='word_1_298' title='bbox 1673 634 1689 668; x_wconf 81' lang='grc' dir='ltr'>ἡ</span> <span class='ocrx_word' id='word_1_299' title='bbox 1708 632 1790 668; x_wconf 83' lang='grc' dir='ltr'>θύρα,</span> <span class='ocrx_word' id='word_1_300' title='bbox 1805 633 1854 659; x_wconf 74' lang='grc' dir='ltr'>καὶ</span> 
     </span>
    </p>
   </div>
   <div class='ocr_carea' id='block_1_41' title="bbox 1064 677 1855 714">
    <p class='ocr_par' dir='ltr' id='par_1_41' title="bbox 1064 677 1855 714">
     <span class='ocr_line' id='line_1_41' title="bbox 1064 677 1855 714; baseline -0.003 -9"><span class='ocrx_word' id='word_1_301' title='bbox 1064 680 1093 705; x_wconf 85' lang='grc' dir='ltr'>ὲν</span> <span class='ocrx_word' id='word_1_302' title='bbox 1109 679 1182 714; x_wconf 85' lang='grc' dir='ltr'><strong>αὑτῷ</strong></span> <span class='ocrx_word' id='word_1_303' title='bbox 1197 679 1297 710; x_wconf 73' lang='grc' dir='ltr'>πάντες</span> <span class='ocrx_word' id='word_1_304' title='bbox 1312 679 1380 705; x_wconf 77' lang='grc' dir='ltr'>εἰσὶν</span> <span class='ocrx_word' id='word_1_305' title='bbox 1392 678 1416 704; x_wconf 88' lang='grc' dir='ltr'>οῐ</span> <span class='ocrx_word' id='word_1_306' title='bbox 1433 677 1563 713; x_wconf 78' lang='grc' dir='ltr'>θησαυροὶ</span> <span class='ocrx_word' id='word_1_307' title='bbox 1574 679 1623 712; x_wconf 82' lang='grc' dir='ltr'>τῆς</span> <span class='ocrx_word' id='word_1_308' title='bbox 1637 677 1733 712; x_wconf 77' lang='grc' dir='ltr'>σοφίας</span> <span class='ocrx_word' id='word_1_309' title='bbox 1744 677 1790 704; x_wconf 71' lang='grc' dir='ltr'><strong>καὶ</strong></span> <span class='ocrx_word' id='word_1_310' title='bbox 1804 678 1855 712; x_wconf 74' lang='grc' dir='ltr'>τῆς</span> 
     </span>
    </p>
   </div>
   <div class='ocr_carea' id='block_1_42' title="bbox 1065 722 1855 759">
    <p class='ocr_par' dir='ltr' id='par_1_42' title="bbox 1065 722 1855 759">
     <span class='ocr_line' id='line_1_42' title="bbox 1065 722 1855 759; baseline 0 -9"><span class='ocrx_word' id='word_1_311' title='bbox 1065 724 1190 759; x_wconf 79' lang='grc' dir='ltr'>γνώσεως</span> <span class='ocrx_word' id='word_1_312' title='bbox 1218 724 1383 759; x_wconf 80' lang='grc' dir='ltr'>ἀπόκρυφοι.</span> <span class='ocrx_word' id='word_1_313' title='bbox 1413 723 1585 758; x_wconf 77' lang='grc' dir='ltr'>Ποιησόμεθα</span> <span class='ocrx_word' id='word_1_314' title='bbox 1613 722 1642 749; x_wconf 82' lang='grc' dir='ltr'><strong>δὲ</strong></span> <span class='ocrx_word' id='word_1_315' title='bbox 1666 722 1712 749; x_wconf 87' lang='grc' dir='ltr'><strong>τοῦ</strong></span> <span class='ocrx_word' id='word_1_316' title='bbox 1749 722 1855 758; x_wconf 60' lang='grc' dir='ltr'>βιϐλία)</span> 
     </span>
    </p>
   </div>
   <div class='ocr_carea' id='block_1_43' title="bbox 1065 768 1856 806">
    <p class='ocr_par' dir='ltr' id='par_1_43' title="bbox 1065 768 1856 806">
     <span class='ocr_line' id='line_1_43' title="bbox 1065 768 1856 806; baseline -0.003 -9"><span class='ocrx_word' id='word_1_317' title='bbox 1065 771 1224 806; x_wconf 80' lang='grc' dir='ltr'>συγγραφὴν</span> <span class='ocrx_word' id='word_1_318' title='bbox 1240 771 1290 796; x_wconf 82' lang='grc' dir='ltr'><strong>οὐκ</strong></span> <span class='ocrx_word' id='word_1_319' title='bbox 1302 769 1511 805; x_wconf 85' lang='grc' dir='ltr'>ἁπαραλείπτως</span> <span class='ocrx_word' id='word_1_320' title='bbox 1527 769 1573 795; x_wconf 73' lang='grc' dir='ltr'>καὶ</span> <span class='ocrx_word' id='word_1_321' title='bbox 1588 768 1686 803; x_wconf 74' lang='grc' dir='ltr'>ἐφεξῆς</span> <span class='ocrx_word' id='word_1_322' title='bbox 1698 768 1742 795; x_wconf 75' lang='grc' dir='ltr'>διὰ</span> <span class='ocrx_word' id='word_1_323' title='bbox 1753 768 1856 800; x_wconf 61' lang='grc' dir='ltr'>παντὸς</span> 
     </span>
    </p>
   </div>
   <div class='ocr_carea' id='block_1_44' title="bbox 1065 814 1857 851">
    <p class='ocr_par' dir='ltr' id='par_1_44' title="bbox 1065 814 1857 851">
     <span class='ocr_line' id='line_1_44' title="bbox 1065 814 1857 851; baseline -0.003 -9"><span class='ocrx_word' id='word_1_324' title='bbox 1065 816 1207 851; x_wconf 77' lang='grc' dir='ltr'>ἐρχόμενοι</span> <span class='ocrx_word' id='word_1_325' title='bbox 1232 815 1378 850; x_wconf 80' lang='grc' dir='ltr'><strong>κεφαλαίου</strong></span> <span class='ocrx_word' id='word_1_326' title='bbox 1402 815 1533 850; x_wconf 83' lang='grc' dir='ltr'>(πλεῖστα</span> <span class='ocrx_word' id='word_1_327' title='bbox 1557 814 1612 850; x_wconf 80' lang='grc' dir='ltr'><strong>γὰρ</strong></span> <span class='ocrx_word' id='word_1_328' title='bbox 1635 815 1701 846; x_wconf 81' lang='grc' dir='ltr'>ὅσα,</span> <span class='ocrx_word' id='word_1_329' title='bbox 1727 814 1857 850; x_wconf 83' lang='grc' dir='ltr'>καθάπερ</span> 
     </span>
    </p>
   </div>
   <div class='ocr_carea' id='block_1_45' title="bbox 1065 860 1858 897">
    <p class='ocr_par' dir='ltr' id='par_1_45' title="bbox 1065 860 1858 897">
     <span class='ocr_line' id='line_1_45' title="bbox 1065 860 1858 897; baseline -0.004 -9"><span class='ocrx_word' id='word_1_330' title='bbox 1065 861 1134 896; x_wconf 77' lang='grc' dir='ltr'>ἔφην</span> <span class='ocrx_word' id='word_1_331' title='bbox 1156 861 1273 897; x_wconf 78' lang='grc' dir='ltr'><strong>ἀρτίως,</strong></span> <span class='ocrx_word' id='word_1_332' title='bbox 1295 860 1446 896; x_wconf 80' lang='grc' dir='ltr'>ἀπολέγδην</span> <span class='ocrx_word' id='word_1_333' title='bbox 1462 860 1690 895; x_wconf 78' lang='grc' dir='ltr'>εἰσπεποιήμεθα,</span> <span class='ocrx_word' id='word_1_334' title='bbox 1716 861 1749 895; x_wconf 83' lang='grc' dir='ltr'>τῇ</span> <span class='ocrx_word' id='word_1_335' title='bbox 1774 860 1858 895; x_wconf 71' lang='grc' dir='ltr'>ἑτέρᾳ</span> 
     </span>
    </p>
   </div>
   <div class='ocr_carea' id='block_1_46' title="bbox 1067 904 1856 941">
    <p class='ocr_par' dir='ltr' id='par_1_46' title="bbox 1067 904 1856 941">
     <span class='ocr_line' id='line_1_46' title="bbox 1067 904 1856 941; baseline -0.001 -9"><span class='ocrx_word' id='word_1_336' title='bbox 1067 906 1190 939; x_wconf 70' lang='grc' dir='ltr'>συντάξει</span> <span class='ocrx_word' id='word_1_337' title='bbox 1209 905 1364 941; x_wconf 73' lang='grc' dir='ltr'><strong>περιφανῶς</strong></span> <span class='ocrx_word' id='word_1_338' title='bbox 1380 905 1531 940; x_wconf 80' lang='grc' dir='ltr'><strong>εὑρήσομεν</strong></span> <span class='ocrx_word' id='word_1_339' title='bbox 1541 905 1550 939; x_wconf 90' lang='grc'>)</span> <span class='ocrx_word' id='word_1_340' title='bbox 1561 913 1568 920; x_wconf 91' lang='grc'><strong>·</strong></span> <span class='ocrx_word' id='word_1_341' title='bbox 1584 904 1602 932; x_wconf 70' lang='grc' dir='ltr'>ἃ</span> <span class='ocrx_word' id='word_1_342' title='bbox 1613 904 1634 930; x_wconf 86' lang='grc' dir='ltr'><strong>δ’</strong></span> <span class='ocrx_word' id='word_1_343' title='bbox 1651 904 1683 931; x_wconf 84' lang='grc' dir='ltr'>ἂν</span> <span class='ocrx_word' id='word_1_344' title='bbox 1698 904 1787 939; x_wconf 75' lang='grc' dir='ltr'>ὀρῷ-ιο</span> <span class='ocrx_word' id='word_1_345' title='bbox 1800 904 1856 931; x_wconf 82' lang='grc' dir='ltr'>λοι-</span> 
     </span>
    </p>
   </div>
   <div class='ocr_carea' id='block_1_47' title="bbox 1067 950 1857 987">
    <p class='ocr_par' dir='ltr' id='par_1_47' title="bbox 1067 950 1857 987">
     <span class='ocr_line' id='line_1_47' title="bbox 1067 950 1857 987; baseline -0.001 -9"><span class='ocrx_word' id='word_1_346' title='bbox 1067 951 1117 978; x_wconf 67' lang='grc' dir='ltr'><strong>πὸν</strong></span> <span class='ocrx_word' id='word_1_347' title='bbox 1134 951 1172 986; x_wconf 85' lang='grc' dir='ltr'>τῷ</span> <span class='ocrx_word' id='word_1_348' title='bbox 1184 950 1356 987; x_wconf 82' lang='grc' dir='ltr'><strong>προκειμένῳ</strong></span> <span class='ocrx_word' id='word_1_349' title='bbox 1372 950 1465 985; x_wconf 86' lang='grc' dir='ltr'>σκοπῷ</span> <span class='ocrx_word' id='word_1_350' title='bbox 1481 952 1614 986; x_wconf 82' lang='grc' dir='ltr'>χρήσιμα,</span> <span class='ocrx_word' id='word_1_351' title='bbox 1633 952 1720 977; x_wconf 87' lang='grc' dir='ltr'>ταῦτα</span> <span class='ocrx_word' id='word_1_352' title='bbox 1735 951 1807 978; x_wconf 77' lang='grc' dir='ltr'>κατά</span> <span class='ocrx_word' id='word_1_353' title='bbox 1824 959 1857 984; x_wconf 78' lang='grc' dir='ltr'>γι</span> 
     </span>
    </p>
   </div>
   <div class='ocr_carea' id='block_1_48' title="bbox 1067 997 1858 1034">
    <p class='ocr_par' dir='ltr' id='par_1_48' title="bbox 1067 997 1858 1034">
     <span class='ocr_line' id='line_1_48' title="bbox 1067 997 1858 1034; baseline -0.003 -9"><span class='ocrx_word' id='word_1_354' title='bbox 1067 999 1097 1025; x_wconf 83' lang='grc' dir='ltr'>τὸ</span> <span class='ocrx_word' id='word_1_355' title='bbox 1113 998 1251 1034; x_wconf 79' lang='grc' dir='ltr'><strong>ἐγχωροῦν</strong></span> <span class='ocrx_word' id='word_1_356' title='bbox 1265 997 1454 1033; x_wconf 82' lang='grc' dir='ltr'><strong>βασανίζοντες</strong></span> <span class='ocrx_word' id='word_1_357' title='bbox 1469 997 1592 1032; x_wconf 79' lang='grc' dir='ltr'>ἀκριϐῶς</span> <span class='ocrx_word' id='word_1_358' title='bbox 1601 1006 1630 1024; x_wconf 89' lang='grc' dir='ltr'><strong>τε</strong></span> <span class='ocrx_word' id='word_1_359' title='bbox 1646 998 1693 1024; x_wconf 78' lang='grc' dir='ltr'><strong>καὶ</strong></span> <span class='ocrx_word' id='word_1_360' title='bbox 1704 998 1858 1033; x_wconf 79' lang='grc' dir='ltr'>διεσμιλευ-</span> 
     </span>
    </p>
   </div>
   <div class='ocr_carea' id='block_1_49' title="bbox 1068 1042 1859 1080">
    <p class='ocr_par' dir='ltr' id='par_1_49' title="bbox 1068 1042 1859 1080">
     <span class='ocr_line' id='line_1_49' title="bbox 1068 1042 1859 1080; baseline -0.003 -9"><span class='ocrx_word' id='word_1_361' title='bbox 1068 1045 1172 1080; x_wconf 79' lang='grc' dir='ltr'>μένως,</span> <span class='ocrx_word' id='word_1_362' title='bbox 1194 1044 1311 1071; x_wconf 78' lang='grc' dir='ltr'><strong>κατευθὺ</strong></span> <span class='ocrx_word' id='word_1_363' title='bbox 1337 1044 1385 1079; x_wconf 83' lang='grc' dir='ltr'>τῆς</span> <span class='ocrx_word' id='word_1_364' title='bbox 1404 1043 1532 1079; x_wconf 77' lang='grc' dir='ltr'><strong>ἀληθείας</strong></span> <span class='ocrx_word' id='word_1_365' title='bbox 1558 1042 1670 1078; x_wconf 78' lang='grc' dir='ltr'>ἥξομεν.</span> <span class='ocrx_word' id='word_1_366' title='bbox 1699 1044 1775 1069; x_wconf 76' lang='grc' dir='ltr'><strong>Ἐπεὶ</strong></span> <span class='ocrx_word' id='word_1_367' title='bbox 1797 1043 1826 1070; x_wconf 73' lang='grc' dir='ltr'><strong>δὲ</strong></span> <span class='ocrx_word' id='word_1_368' title='bbox 1844 1043 1859 1069; x_wconf 81' lang='grc' dir='ltr'>ὁ</span> 
     </span>
    </p>
   </div>
   <div class='ocr_carea' id='block_1_50' title="bbox 1067 1088 1858 1127">
    <p class='ocr_par' dir='ltr' id='par_1_50' title="bbox 1067 1088 1858 1127">
     <span class='ocr_line' id='line_1_50' title="bbox 1067 1088 1858 1127; baseline -0.003 -9"><span class='ocrx_word' id='word_1_369' title='bbox 1067 1091 1112 1118; x_wconf 84' lang='grc' dir='ltr'><strong>τοῦ</strong></span> <span class='ocrx_word' id='word_1_370' title='bbox 1132 1091 1235 1126; x_wconf 79' lang='grc' dir='ltr'>βιϐλίου</span> <span class='ocrx_word' id='word_1_371' title='bbox 1252 1090 1352 1127; x_wconf 64' lang='lat' dir='ltr'><strong>ano-iro;</strong></span> <span class='ocrx_word' id='word_1_372' title='bbox 1368 1091 1407 1125; x_wconf 83' lang='grc' dir='ltr'><strong>εἰς</strong></span> <span class='ocrx_word' id='word_1_373' title='bbox 1425 1089 1557 1125; x_wconf 83' lang='grc' dir='ltr'><strong>λύτρωσιν</strong></span> <span class='ocrx_word' id='word_1_374' title='bbox 1572 1089 1651 1124; x_wconf 80' lang='grc' dir='ltr'>φέρει</span> <span class='ocrx_word' id='word_1_375' title='bbox 1665 1088 1713 1125; x_wconf 79' lang='grc' dir='ltr'>τὴν</span> <span class='ocrx_word' id='word_1_376' title='bbox 1728 1089 1772 1115; x_wconf 76' lang='grc' dir='ltr'><strong>διὰ</strong></span> <span class='ocrx_word' id='word_1_377' title='bbox 1788 1089 1858 1124; x_wconf 75' lang='grc' dir='ltr'>Χρι-</span> 
     </span>
    </p>
   </div>
   <div class='ocr_carea' id='block_1_51' title="bbox 1068 1134 1857 1171">
    <p class='ocr_par' dir='ltr' id='par_1_51' title="bbox 1068 1134 1857 1171">
     <span class='ocr_line' id='line_1_51' title="bbox 1068 1134 1857 1171; baseline -0.005 -7"><span class='ocrx_word' id='word_1_378' title='bbox 1068 1137 1150 1171; x_wconf 78' lang='grc' dir='ltr'>στοῦ,</span> <span class='ocrx_word' id='word_1_379' title='bbox 1175 1137 1250 1164; x_wconf 78' lang='grc' dir='ltr'>πᾶσά.</span> <span class='ocrx_word' id='word_1_380' title='bbox 1271 1145 1329 1168; x_wconf 87' lang='grc' dir='ltr'><strong>πως</strong></span> <span class='ocrx_word' id='word_1_381' title='bbox 1349 1136 1456 1171; x_wconf 82' lang='grc' dir='ltr'><strong>ἀνάγκη</strong></span> <span class='ocrx_word' id='word_1_382' title='bbox 1478 1134 1737 1171; x_wconf 79' lang='grc' dir='ltr'>προκεκινδυνευκὺς</span> <span class='ocrx_word' id='word_1_383' title='bbox 1755 1134 1787 1161; x_wconf 83' lang='grc' dir='ltr'><strong>οὐ</strong></span> <span class='ocrx_word' id='word_1_384' title='bbox 1809 1142 1857 1169; x_wconf 86' lang='grc' dir='ltr'>με-</span> 
     </span>
    </p>
   </div>
   <div class='ocr_carea' id='block_1_52' title="bbox 1067 1180 1856 1220">
    <p class='ocr_par' dir='ltr' id='par_1_52' title="bbox 1067 1180 1856 1220">
     <span class='ocr_line' id='line_1_52' title="bbox 1067 1180 1856 1220; baseline -0.006 -9"><span class='ocrx_word' id='word_1_385' title='bbox 1067 1185 1150 1220; x_wconf 81' lang='grc' dir='ltr'>τρίως</span> <span class='ocrx_word' id='word_1_386' title='bbox 1171 1183 1201 1210; x_wconf 81' lang='grc' dir='ltr'>τδ</span> <span class='ocrx_word' id='word_1_387' title='bbox 1216 1182 1384 1218; x_wconf 77' lang='grc' dir='ltr'>ἀνθρώπινον</span> <span class='ocrx_word' id='word_1_388' title='bbox 1400 1182 1530 1214; x_wconf 64' lang='grc' dir='ltr'>ἐπιδεῖξαι</span> <span class='ocrx_word' id='word_1_389' title='bbox 1544 1182 1639 1216; x_wconf 78' lang='grc' dir='ltr'>γένος,</span> <span class='ocrx_word' id='word_1_390' title='bbox 1661 1181 1709 1208; x_wconf 78' lang='grc' dir='ltr'>καὶ</span> <span class='ocrx_word' id='word_1_391' title='bbox 1725 1181 1765 1212; x_wconf 82' lang='grc' dir='ltr'><strong>είς</strong></span> <span class='ocrx_word' id='word_1_392' title='bbox 1779 1180 1856 1214; x_wconf 79' lang='grc' dir='ltr'>λῆξιν</span> 
     </span>
    </p>
   </div>
   <div class='ocr_carea' id='block_1_53' title="bbox 1067 1227 1857 1266">
    <p class='ocr_par' dir='ltr' id='par_1_53' title="bbox 1067 1227 1857 1266">
     <span class='ocr_line' id='line_1_53' title="bbox 1067 1227 1857 1266; baseline -0.006 -9"><span class='ocrx_word' id='word_1_393' title='bbox 1067 1231 1118 1266; x_wconf 75' lang='grc' dir='ltr'><strong>ήδη</strong></span> <span class='ocrx_word' id='word_1_394' title='bbox 1131 1230 1178 1264; x_wconf 82' lang='grc' dir='ltr'>τῆς</span> <span class='ocrx_word' id='word_1_395' title='bbox 1193 1229 1322 1256; x_wconf 80' lang='grc' dir='ltr'><strong>ἀνωτάτω</strong></span> <span class='ocrx_word' id='word_1_396' title='bbox 1334 1228 1521 1263; x_wconf 81' lang='grc' dir='ltr'>ταλαιπωρίας</span> <span class='ocrx_word' id='word_1_397' title='bbox 1532 1227 1722 1262; x_wconf 81' lang='grc' dir='ltr'>ὲνηνεγμένον.</span> <span class='ocrx_word' id='word_1_398' title='bbox 1736 1227 1857 1262; x_wconf 81' lang='grc' dir='ltr'>Προήκοι</span> 
     </span>
    </p>
   </div>
   <div class='ocr_carea' id='block_1_54' title="bbox 1067 1271 1857 1311">
    <p class='ocr_par' dir='ltr' id='par_1_54' title="bbox 1067 1271 1857 1311">
     <span class='ocr_line' id='line_1_54' title="bbox 1067 1271 1857 1311; baseline -0.008 -8"><span class='ocrx_word' id='word_1_399' title='bbox 1067 1276 1122 1311; x_wconf 80' lang='grc' dir='ltr'><strong>γὰρ</strong></span> <span class='ocrx_word' id='word_1_400' title='bbox 1140 1275 1172 1302; x_wconf 82' lang='grc' dir='ltr'>ἂν</span> <span class='ocrx_word' id='word_1_401' title='bbox 1193 1272 1244 1302; x_wconf 76' lang='grc' dir='ltr'><strong>ὧδέ</strong></span> <span class='ocrx_word' id='word_1_402' title='bbox 1259 1283 1289 1300; x_wconf 82' lang='grc' dir='ltr'>τε</span> <span class='ocrx_word' id='word_1_403' title='bbox 1305 1274 1352 1300; x_wconf 74' lang='grc' dir='ltr'>καὶ</span> <span class='ocrx_word' id='word_1_404' title='bbox 1375 1273 1424 1308; x_wconf 81' lang='grc' dir='ltr'><strong>οὐχ</strong></span> <span class='ocrx_word' id='word_1_405' title='bbox 1446 1273 1547 1309; x_wconf 79' lang='grc' dir='ltr'><strong>ἑτέρως</strong></span> <span class='ocrx_word' id='word_1_406' title='bbox 1566 1274 1594 1299; x_wconf 83' lang='grc' dir='ltr'>ὲν</span> <span class='ocrx_word' id='word_1_407' title='bbox 1611 1272 1706 1307; x_wconf 84' lang='grc' dir='ltr'>κόσμῳ</span> <span class='ocrx_word' id='word_1_408' title='bbox 1725 1271 1763 1307; x_wconf 84' lang='grc' dir='ltr'><strong>τῷ</strong></span> <span class='ocrx_word' id='word_1_409' title='bbox 1791 1271 1857 1306; x_wconf 81' lang='grc' dir='ltr'>πρέ-</span> 
     </span>
    </p>
   </div>
   <div class='ocr_carea' id='block_1_55' title="bbox 1068 1317 1857 1357">
    <p class='ocr_par' dir='ltr' id='par_1_55' title="bbox 1068 1317 1857 1357">
     <span class='ocr_line' id='line_1_55' title="bbox 1068 1317 1857 1357; baseline -0.008 -8"><span class='ocrx_word' id='word_1_410' title='bbox 1068 1330 1145 1349; x_wconf 84' lang='grc' dir='ltr'>ποντι</span> <span class='ocrx_word' id='word_1_411' title='bbox 1156 1321 1205 1357; x_wconf 85' lang='grc' dir='ltr'>τῆς</span> <span class='ocrx_word' id='word_1_412' title='bbox 1218 1319 1377 1355; x_wconf 80' lang='grc' dir='ltr'>ἐπικουρίας</span> <span class='ocrx_word' id='word_1_413' title='bbox 1387 1321 1401 1346; x_wconf 88' lang='grc' dir='ltr'><strong>ό</strong></span> <span class='ocrx_word' id='word_1_414' title='bbox 1415 1319 1503 1353; x_wconf 83' lang='grc' dir='ltr'>λόγος·</span> <span class='ocrx_word' id='word_1_415' title='bbox 1520 1328 1529 1345; x_wconf 88' lang='grc'><strong>‹</strong></span> <span class='ocrx_word' id='word_1_416' title='bbox 1552 1319 1584 1346; x_wconf 87' lang='lat' dir='ltr'><strong>&#39;H</strong></span> <span class='ocrx_word' id='word_1_417' title='bbox 1597 1318 1651 1353; x_wconf 81' lang='grc' dir='ltr'>γὰρ</span> <span class='ocrx_word' id='word_1_418' title='bbox 1663 1317 1778 1352; x_wconf 85' lang='grc' dir='ltr'>δύναμίς</span> <span class='ocrx_word' id='word_1_419' title='bbox 1793 1326 1857 1352; x_wconf 74' lang='grc' dir='ltr'>μου.</span> 
     </span>
    </p>
   </div>
   <div class='ocr_carea' id='block_1_56' title="bbox 230 1365 1857 1407">
    <p class='ocr_par' dir='ltr' id='par_1_56' title="bbox 230 1365 1857 1407">
     <span class='ocr_line' id='line_1_56' title="bbox 230 1365 1857 1407; baseline -0.001 -15"><span class='ocrx_word' id='word_1_420' title='bbox 230 1366 322 1401; x_wconf 73' lang='grc' dir='ltr'>φησὶν,</span> <span class='ocrx_word' id='word_1_421' title='bbox 345 1366 374 1392; x_wconf 80' lang='grc' dir='ltr'><strong>ἐν</strong></span> <span class='ocrx_word' id='word_1_422' title='bbox 396 1365 522 1402; x_wconf 67' lang='grc' dir='ltr'>ἀσθενείᾳ.</span> <span class='ocrx_word' id='word_1_423' title='bbox 543 1366 699 1393; x_wconf 79' lang='grc' dir='ltr'><strong>τελειοῦται.</strong></span> <span class='ocrx_word' id='word_1_424' title='bbox 722 1376 731 1393; x_wconf 74' lang='grc' dir='ltr'><strong>ι</strong></span> <span class='ocrx_word' id='word_1_425' title='bbox 761 1369 822 1396; x_wconf 78' lang='grc' dir='ltr'>Δεῖν</span> <span class='ocrx_word' id='word_1_426' title='bbox 843 1369 870 1396; x_wconf 81' lang='grc' dir='ltr'><strong>δὲ</strong></span> <span class='ocrx_word' id='word_1_427' title='bbox 889 1369 1028 1407; x_wconf 75' lang='grc' dir='ltr'>οἶμαικαὶ</span> <span class='ocrx_word' id='word_1_428' title='bbox 1047 1375 1103 1405; x_wconf 75' lang='grc' dir='ltr'>τοῖς</span> <span class='ocrx_word' id='word_1_429' title='bbox 1123 1370 1222 1406; x_wconf 85' lang='grc' dir='ltr'>ἰατρῶν</span> <span class='ocrx_word' id='word_1_430' title='bbox 1242 1368 1405 1403; x_wconf 84' lang='grc' dir='ltr'>ὲπιστήμοσι</span> <span class='ocrx_word' id='word_1_431' title='bbox 1432 1367 1478 1394; x_wconf 73' lang='grc' dir='ltr'>καὶ</span> <span class='ocrx_word' id='word_1_432' title='bbox 1494 1366 1698 1401; x_wconf 68' lang='grc' dir='ltr'>δοκιμωτάτοις,</span> <span class='ocrx_word' id='word_1_433' title='bbox 1724 1366 1749 1392; x_wconf 80' lang='grc' dir='ltr'>εἰ</span> <span class='ocrx_word' id='word_1_434' title='bbox 1763 1365 1795 1400; x_wconf 84' lang='grc' dir='ltr'><strong>δή</strong></span> <span class='ocrx_word' id='word_1_435' title='bbox 1812 1370 1857 1391; x_wconf 83' lang='grc' dir='ltr'><strong>ποι</strong></span> 
     </span>
    </p>
   </div>
   <div class='ocr_carea' id='block_1_57' title="bbox 234 1410 1857 1457">
    <p class='ocr_par' dir='ltr' id='par_1_57' title="bbox 234 1410 1857 1457">
     <span class='ocr_line' id='line_1_57' title="bbox 234 1410 1857 1457; baseline 0.002 -17"><span class='ocrx_word' id='word_1_436' title='bbox 234 1413 358 1448; x_wconf 85' lang='grc' dir='ltr'>μέλλοιεν</span> <span class='ocrx_word' id='word_1_437' title='bbox 370 1413 412 1447; x_wconf 79' lang='grc' dir='ltr'><strong>ἐφ’</strong></span> <span class='ocrx_word' id='word_1_438' title='bbox 428 1410 470 1444; x_wconf 73' lang='grc' dir='ltr'><strong>οἷς</strong></span> <span class='ocrx_word' id='word_1_439' title='bbox 484 1412 516 1439; x_wconf 82' lang='grc' dir='ltr'>ἂν</span> <span class='ocrx_word' id='word_1_440' title='bbox 531 1411 585 1439; x_wconf 77' lang='grc' dir='ltr'>εἶεν</span> <span class='ocrx_word' id='word_1_441' title='bbox 600 1415 676 1447; x_wconf 76' lang='grc' dir='ltr'>σοφοὶ</span> <span class='ocrx_word' id='word_1_442' title='bbox 692 1414 878 1451; x_wconf 78' lang='grc' dir='ltr'>θαυμάζεσθαί</span> <span class='ocrx_word' id='word_1_443' title='bbox 909 1427 973 1453; x_wconf 84' lang='grc' dir='ltr'>που,</span> <span class='ocrx_word' id='word_1_444' title='bbox 991 1420 1153 1457; x_wconf 82' lang='grc' dir='ltr'>προκεῖσθαι</span> <span class='ocrx_word' id='word_1_445' title='bbox 1179 1418 1226 1444; x_wconf 81' lang='grc' dir='ltr'>τὸν</span> <span class='ocrx_word' id='word_1_446' title='bbox 1242 1417 1393 1452; x_wconf 75' lang='grc' dir='ltr'>ἄρρωστον,</span> <span class='ocrx_word' id='word_1_447' title='bbox 1413 1414 1477 1449; x_wconf 80' lang='grc' dir='ltr'>περὶ</span> <span class='ocrx_word' id='word_1_448' title='bbox 1492 1414 1520 1440; x_wconf 82' lang='grc' dir='ltr'>δν</span> <span class='ocrx_word' id='word_1_449' title='bbox 1534 1413 1567 1440; x_wconf 78' lang='grc' dir='ltr'>ἂν</span> <span class='ocrx_word' id='word_1_450' title='bbox 1582 1413 1687 1448; x_wconf 85' lang='grc' dir='ltr'>γένοιτο</span> <span class='ocrx_word' id='word_1_451' title='bbox 1712 1412 1759 1439; x_wconf 75' lang='grc' dir='ltr'>καὶ</span> <span class='ocrx_word' id='word_1_452' title='bbox 1772 1413 1789 1447; x_wconf 86' lang='grc' dir='ltr'><strong>ὴ</strong></span> <span class='ocrx_word' id='word_1_453' title='bbox 1808 1412 1857 1446; x_wconf 78' lang='grc' dir='ltr'><strong>τῆς</strong></span> 
     </span>
    </p>
   </div>
   <div class='ocr_carea' id='block_1_58' title="bbox 231 1458 757 1493">
    <p class='ocr_par' dir='ltr' id='par_1_58' title="bbox 231 1458 757 1493">
     <span class='ocr_line' id='line_1_58' title="bbox 231 1458 757 1493; baseline 0.004 -9"><span class='ocrx_word' id='word_1_454' title='bbox 231 1458 346 1493; x_wconf 63' lang='grc' dir='ltr'>ἐνούσης</span> <span class='ocrx_word' id='word_1_455' title='bbox 361 1458 453 1490; x_wconf 80' lang='grc' dir='ltr'>αὐτοῖς</span> <span class='ocrx_word' id='word_1_456' title='bbox 467 1458 605 1493; x_wconf 83' lang='grc' dir='ltr'>εὐτεχνίας</span> <span class='ocrx_word' id='word_1_457' title='bbox 619 1459 757 1492; x_wconf 79' lang='grc' dir='ltr'>ἐπίδειξις.</span> 
     </span>
    </p>
   </div>
   <div class='ocr_carea' id='block_1_59' title="bbox 265 1503 1014 1546">
    <p class='ocr_par' dir='ltr' id='par_1_59' title="bbox 265 1504 1014 1543">
     <span class='ocr_line' id='line_1_59' title="bbox 265 1504 1014 1543; baseline 0.007 -11"><span class='ocrx_word' id='word_1_458' title='bbox 265 1504 292 1532; x_wconf 74' lang='grc'>2.</span> <span class='ocrx_word' id='word_1_459' title='bbox 313 1505 441 1532; x_wconf 86' lang='lat' dir='ltr'><strong>Dicamus</strong></span> <span class='ocrx_word' id='word_1_460' title='bbox 458 1504 541 1540; x_wconf 75' lang='lat' dir='ltr'><strong>igitur</strong></span> <span class='ocrx_word' id='word_1_461' title='bbox 563 1504 637 1540; x_wconf 87' lang='lat' dir='ltr'><strong>quod</strong></span> <span class='ocrx_word' id='word_1_462' title='bbox 655 1510 772 1533; x_wconf 77' lang='lat' dir='ltr'><strong>vexante</strong></span> <span class='ocrx_word' id='word_1_463' title='bbox 791 1507 856 1535; x_wconf 83' lang='lat' dir='ltr'><strong>olim</strong></span> <span class='ocrx_word' id='word_1_464' title='bbox 871 1512 954 1543; x_wconf 85' lang='lat' dir='ltr'><strong>atque</strong></span> <span class='ocrx_word' id='word_1_465' title='bbox 970 1518 1014 1537; x_wconf 86' lang='lat' dir='ltr'><strong>ur-</strong></span> 
     </span>
    </p>
   </div>
   <div class='ocr_carea' id='block_1_60' title="bbox 1066 1503 1857 1546">
    <p class='ocr_par' dir='ltr' id='par_1_60' title="bbox 1103 1503 1857 1546">
     <span class='ocr_line' id='line_1_60' title="bbox 1103 1503 1857 1546; baseline -0.011 -9"><span class='ocrx_word' id='word_1_466' title='bbox 1103 1511 1136 1546; x_wconf 68' lang='lat' dir='ltr'><strong>p’.</strong></span> <span class='ocrx_word' id='word_1_467' title='bbox 1158 1508 1271 1541; x_wconf 80' lang='grc' dir='ltr'>Οὐκοῦν,</span> <span class='ocrx_word' id='word_1_468' title='bbox 1293 1507 1343 1543; x_wconf 67' lang='grc' dir='ltr'><strong>ἤδη</strong></span> <span class='ocrx_word' id='word_1_469' title='bbox 1365 1506 1499 1541; x_wconf 81' lang='grc' dir='ltr'>λέγωμεν,</span> <span class='ocrx_word' id='word_1_470' title='bbox 1519 1505 1559 1532; x_wconf 75' lang='grc' dir='ltr'>ὅτι</span> <span class='ocrx_word' id='word_1_471' title='bbox 1575 1503 1656 1540; x_wconf 86' lang='grc' dir='ltr'>λιμοῦ</span> <span class='ocrx_word' id='word_1_472' title='bbox 1671 1503 1857 1537; x_wconf 82' lang='grc' dir='ltr'>κατωθοῦντος</span> 
     </span>
    </p>
   </div>
   <div class='ocr_carea' id='block_1_61' title="bbox 230 1549 1016 1587">
    <p class='ocr_par' dir='ltr' id='par_1_61' title="bbox 230 1549 1016 1587">
     <span class='ocr_line' id='line_1_61' title="bbox 230 1549 1016 1587; baseline 0.008 -11"><span class='ocrx_word' id='word_1_473' title='bbox 230 1554 312 1585; x_wconf 75' lang='lat' dir='ltr'><strong>gente</strong></span> <span class='ocrx_word' id='word_1_474' title='bbox 323 1550 459 1578; x_wconf 87' lang='lat' dir='ltr'><strong>lsraelitas</strong></span> <span class='ocrx_word' id='word_1_475' title='bbox 472 1550 631 1585; x_wconf 77' lang='lat' dir='ltr'><strong>gravissima</strong></span> <span class='ocrx_word' id='word_1_476' title='bbox 643 1549 724 1582; x_wconf 77' lang='lat' dir='ltr'><strong>fame,</strong></span> <span class='ocrx_word' id='word_1_477' title='bbox 739 1552 967 1587; x_wconf 76' lang='lat' dir='ltr'><strong>transmigrarunt</strong></span> <span class='ocrx_word' id='word_1_478' title='bbox 983 1562 1016 1582; x_wconf 80' lang='lat' dir='ltr'><strong>ex</strong></span> 
     </span>
    </p>
   </div>
   <div class='ocr_carea' id='block_1_62' title="bbox 230 1593 1016 1633">
    <p class='ocr_par' dir='ltr' id='par_1_62' title="bbox 230 1593 1016 1633">
     <span class='ocr_line' id='line_1_62' title="bbox 230 1593 1016 1633; baseline 0.004 -9"><span class='ocrx_word' id='word_1_479' title='bbox 230 1595 360 1625; x_wconf 85' lang='lat' dir='ltr'><strong>Chanaan</strong></span> <span class='ocrx_word' id='word_1_480' title='bbox 378 1596 404 1622; x_wconf 90' lang='lat' dir='ltr'><strong>in</strong></span> <span class='ocrx_word' id='word_1_481' title='bbox 423 1595 569 1631; x_wconf 68' lang='lat' dir='ltr'><strong>Egyptum</strong></span> <span class='ocrx_word' id='word_1_482' title='bbox 584 1596 613 1622; x_wconf 89' lang='lat' dir='ltr'><strong>in</strong></span> <span class='ocrx_word' id='word_1_483' title='bbox 632 1596 802 1631; x_wconf 73' lang='lat' dir='ltr'><strong>septuaginta</strong></span> <span class='ocrx_word' id='word_1_484' title='bbox 816 1593 935 1633; x_wconf 90' lang='lat' dir='ltr'><strong>quinque</strong></span> <span class='ocrx_word' id='word_1_485' title='bbox 956 1601 1016 1627; x_wconf 90' lang='lat' dir='ltr'><strong>ani-</strong></span> 
     </span>
    </p>
   </div>
   <div class='ocr_carea' id='block_1_63' title="bbox 231 1641 1017 1676">
    <p class='ocr_par' dir='ltr' id='par_1_63' title="bbox 231 1641 1017 1676">
     <span class='ocr_line' id='line_1_63' title="bbox 231 1641 1017 1676; baseline 0.006 -7"><span class='ocrx_word' id='word_1_486' title='bbox 231 1642 337 1674; x_wconf 86' lang='lat' dir='ltr'><strong>mabus,</strong></span> <span class='ocrx_word' id='word_1_487' title='bbox 364 1644 394 1668; x_wconf 90' lang='lat' dir='ltr'><strong>ut</strong></span> <span class='ocrx_word' id='word_1_488' title='bbox 404 1641 535 1676; x_wconf 92' lang='lat' dir='ltr'><strong>scriptum</strong></span> <span class='ocrx_word' id='word_1_489' title='bbox 561 1645 604 1668; x_wconf 90' lang='lat' dir='ltr'><strong>est</strong></span> <span class='ocrx_word' id='word_1_490' title='bbox 614 1641 647 1668; x_wconf 82' lang='lat'><strong>&#39;°.</strong></span> <span class='ocrx_word' id='word_1_491' title='bbox 660 1641 829 1670; x_wconf 84' lang='lat' dir='ltr'><strong>Procedente</strong></span> <span class='ocrx_word' id='word_1_492' title='bbox 844 1649 933 1672; x_wconf 88' lang='lat' dir='ltr'><strong>autem</strong></span> <span class='ocrx_word' id='word_1_493' title='bbox 947 1650 1017 1674; x_wconf 85' lang='lat' dir='ltr'><strong>tem-</strong></span> 
     </span>
    </p>
   </div>
   <div class='ocr_carea' id='block_1_64' title="bbox 231 1686 1017 1726">
    <p class='ocr_par' dir='ltr' id='par_1_64' title="bbox 231 1686 1017 1726">
     <span class='ocr_line' id='line_1_64' title="bbox 231 1686 1017 1726; baseline 0.006 -12"><span class='ocrx_word' id='word_1_494' title='bbox 231 1694 297 1723; x_wconf 86' lang='lat' dir='ltr'><strong>pore</strong></span> <span class='ocrx_word' id='word_1_495' title='bbox 310 1686 339 1713; x_wconf 89' lang='lat' dir='ltr'><strong>in</strong></span> <span class='ocrx_word' id='word_1_496' title='bbox 351 1686 578 1713; x_wconf 88' lang='lat' dir='ltr'><strong>innumerabilem</strong></span> <span class='ocrx_word' id='word_1_497' title='bbox 597 1687 801 1715; x_wconf 87' lang='lat' dir='ltr'><strong>multitudinem</strong></span> <span class='ocrx_word' id='word_1_498' title='bbox 818 1697 914 1718; x_wconf 88' lang='lat' dir='ltr'><strong>eorum</strong></span> <span class='ocrx_word' id='word_1_499' title='bbox 932 1700 1017 1726; x_wconf 78' lang='lat' dir='ltr'><strong>genus</strong></span> 
     </span>
    </p>
   </div>
   <div class='ocr_carea' id='block_1_65' title="bbox 230 1730 1017 1769">
    <p class='ocr_par' dir='ltr' id='par_1_65' title="bbox 230 1730 1017 1769">
     <span class='ocr_line' id='line_1_65' title="bbox 230 1730 1017 1769; baseline 0.008 -11"><span class='ocrx_word' id='word_1_500' title='bbox 230 1735 273 1758; x_wconf 91' lang='lat' dir='ltr'><strong>est</strong></span> <span class='ocrx_word' id='word_1_501' title='bbox 290 1734 481 1766; x_wconf 75' lang='lat' dir='ltr'><strong>propagatum;</strong></span> <span class='ocrx_word' id='word_1_502' title='bbox 500 1730 538 1757; x_wconf 86' lang='lat' dir='ltr'><strong>Ita</strong></span> <span class='ocrx_word' id='word_1_503' title='bbox 558 1730 632 1758; x_wconf 91' lang='lat' dir='ltr'><strong>enim</strong></span> <span class='ocrx_word' id='word_1_504' title='bbox 650 1731 733 1759; x_wconf 86' lang='lat' dir='ltr'><strong>habet</strong></span> <span class='ocrx_word' id='word_1_505' title='bbox 751 1732 911 1769; x_wconf 86' lang='lat' dir='ltr'><strong>Scriptura:</strong></span> <span class='ocrx_word' id='word_1_506' title='bbox 931 1746 939 1761; x_wconf 77' lang='grc' dir='ltr'><strong>ι</strong></span> <span class='ocrx_word' id='word_1_507' title='bbox 956 1736 1017 1764; x_wconf 84' lang='lat' dir='ltr'><strong>Filii</strong></span> 
     </span>
    </p>
   </div>
   <div class='ocr_carea' id='block_1_66' title="bbox 231 1776 1015 1815">
    <p class='ocr_par' dir='ltr' id='par_1_66' title="bbox 231 1776 1015 1815">
     <span class='ocr_line' id='line_1_66' title="bbox 231 1776 1015 1815; baseline 0.01 -13"><span class='ocrx_word' id='word_1_508' title='bbox 231 1780 324 1803; x_wconf 74' lang='lat' dir='ltr'><strong>autem</strong></span> <span class='ocrx_word' id='word_1_509' title='bbox 334 1776 442 1803; x_wconf 88' lang='lat' dir='ltr'><strong>Israelis</strong></span> <span class='ocrx_word' id='word_1_510' title='bbox 452 1776 526 1803; x_wconf 91' lang='lat' dir='ltr'><strong>aucti</strong></span> <span class='ocrx_word' id='word_1_511' title='bbox 541 1781 616 1810; x_wconf 91' lang='lat' dir='ltr'><strong>sunt,</strong></span> <span class='ocrx_word' id='word_1_512' title='bbox 634 1781 662 1804; x_wconf 90' lang='lat' dir='ltr'><strong>et</strong></span> <span class='ocrx_word' id='word_1_513' title='bbox 677 1778 851 1813; x_wconf 85' lang='lat' dir='ltr'><strong>multiplicati</strong></span> <span class='ocrx_word' id='word_1_514' title='bbox 869 1785 897 1807; x_wconf 92' lang='lat' dir='ltr'><strong>et</strong></span> <span class='ocrx_word' id='word_1_515' title='bbox 913 1781 1015 1815; x_wconf 82' lang='lat' dir='ltr'><strong>diﬂ‘usi,</strong></span> 
     </span>
    </p>
   </div>
   <div class='ocr_carea' id='block_1_67' title="bbox 230 1820 1018 1861">
    <p class='ocr_par' dir='ltr' id='par_1_67' title="bbox 230 1820 1018 1861">
     <span class='ocr_line' id='line_1_67' title="bbox 230 1820 1018 1861; baseline 0.008 -12"><span class='ocrx_word' id='word_1_516' title='bbox 230 1820 367 1856; x_wconf 84' lang='lat' dir='ltr'><strong>nimisque</strong></span> <span class='ocrx_word' id='word_1_517' title='bbox 386 1821 508 1848; x_wconf 88' lang='lat' dir='ltr'><strong>roborati</strong></span> <span class='ocrx_word' id='word_1_518' title='bbox 530 1827 604 1849; x_wconf 86' lang='lat' dir='ltr'><strong>sunt.</strong></span> <span class='ocrx_word' id='word_1_519' title='bbox 624 1822 710 1850; x_wconf 87' lang='lat' dir='ltr'><strong>Terra</strong></span> <span class='ocrx_word' id='word_1_520' title='bbox 728 1825 801 1851; x_wconf 90' lang='lat' dir='ltr'><strong>enim</strong></span> <span class='ocrx_word' id='word_1_521' title='bbox 820 1826 1018 1861; x_wconf 85' lang='lat' dir='ltr'><strong>multiplicabat</strong></span> 
     </span>
    </p>
   </div>
   <div class='ocr_carea' id='block_1_68' title="bbox 229 1867 1016 1908">
    <p class='ocr_par' dir='ltr' id='par_1_68' title="bbox 229 1867 1016 1908">
     <span class='ocr_line' id='line_1_68' title="bbox 229 1867 1016 1908; baseline 0.01 -15"><span class='ocrx_word' id='word_1_522' title='bbox 229 1874 280 1896; x_wconf 75' lang='lat' dir='ltr'><strong>eos</strong></span> <span class='ocrx_word' id='word_1_523' title='bbox 290 1867 325 1894; x_wconf 83' lang='lat'><strong>&quot;.</strong></span> <span class='ocrx_word' id='word_1_524' title='bbox 345 1877 354 1893; x_wconf 84' lang='grc'><strong>›</strong></span> <span class='ocrx_word' id='word_1_525' title='bbox 375 1867 522 1904; x_wconf 87' lang='lat' dir='ltr'><strong>Postquam</strong></span> <span class='ocrx_word' id='word_1_526' title='bbox 533 1875 598 1896; x_wconf 90' lang='lat' dir='ltr'><strong>vero</strong></span> <span class='ocrx_word' id='word_1_527' title='bbox 611 1868 635 1896; x_wconf 87' lang='lat' dir='ltr'><strong>is</strong></span> <span class='ocrx_word' id='word_1_528' title='bbox 649 1869 695 1904; x_wconf 89' lang='lat' dir='ltr'><strong>qui</strong></span> <span class='ocrx_word' id='word_1_529' title='bbox 707 1869 857 1905; x_wconf 63' lang='lat' dir='ltr'><strong>Egyptiaci</strong></span> <span class='ocrx_word' id='word_1_530' title='bbox 871 1873 948 1908; x_wconf 77' lang='lat' dir='ltr'><strong>regni</strong></span> <span class='ocrx_word' id='word_1_531' title='bbox 966 1881 1016 1908; x_wconf 76' lang='lat' dir='ltr'><strong>gu-</strong></span> 
     </span>
    </p>
   </div>
   <div class='ocr_carea' id='block_1_69' title="bbox 231 1910 1017 1946">
    <p class='ocr_par' dir='ltr' id='par_1_69' title="bbox 231 1910 1017 1946">
     <span class='ocr_line' id='line_1_69' title="bbox 231 1910 1017 1946; baseline 0.009 -8"><span class='ocrx_word' id='word_1_532' title='bbox 231 1910 378 1939; x_wconf 85' lang='lat' dir='ltr'><strong>bernacula</strong></span> <span class='ocrx_word' id='word_1_533' title='bbox 391 1912 511 1946; x_wconf 73' lang='lat' dir='ltr'><strong>tenebat,</strong></span> <span class='ocrx_word' id='word_1_534' title='bbox 525 1916 631 1940; x_wconf 89' lang='lat' dir='ltr'><strong>tantum</strong></span> <span class='ocrx_word' id='word_1_535' title='bbox 644 1913 802 1942; x_wconf 68' lang='lat' dir='ltr'><strong>Iudaeorum</strong></span> <span class='ocrx_word' id='word_1_536' title='bbox 816 1915 1017 1946; x_wconf 84' lang='lat' dir='ltr'><strong>incrementum</strong></span> 
     </span>
    </p>
   </div>
   <div class='ocr_carea' id='block_1_70' title="bbox 230 1958 1016 1994">
    <p class='ocr_par' dir='ltr' id='par_1_70' title="bbox 230 1958 1016 1994">
     <span class='ocr_line' id='line_1_70' title="bbox 230 1958 1016 1994; baseline 0.01 -10"><span class='ocrx_word' id='word_1_537' title='bbox 230 1962 389 1993; x_wconf 86' lang='lat' dir='ltr'><strong>suspectum</strong></span> <span class='ocrx_word' id='word_1_538' title='bbox 405 1958 508 1986; x_wconf 87' lang='lat' dir='ltr'><strong>habere</strong></span> <span class='ocrx_word' id='word_1_539' title='bbox 528 1958 622 1994; x_wconf 66' lang='lat' dir='ltr'><strong>coepit,</strong></span> <span class='ocrx_word' id='word_1_540' title='bbox 637 1959 751 1988; x_wconf 85' lang='lat' dir='ltr'><strong>insidias</strong></span> <span class='ocrx_word' id='word_1_541' title='bbox 763 1961 805 1988; x_wconf 83' lang='lat' dir='ltr'><strong>eis</strong></span> <span class='ocrx_word' id='word_1_542' title='bbox 817 1963 930 1990; x_wconf 77' lang='lat' dir='ltr'><strong>struxit.</strong></span> <span class='ocrx_word' id='word_1_543' title='bbox 943 1964 1016 1992; x_wconf 69' lang='lat' dir='ltr'><strong>Prae-</strong></span> 
     </span>
    </p>
   </div>
   <div class='ocr_carea' id='block_1_71' title="bbox 231 2002 1017 2046">
    <p class='ocr_par' dir='ltr' id='par_1_71' title="bbox 231 2002 1017 2046">
     <span class='ocr_line' id='line_1_71' title="bbox 231 2002 1017 2046; baseline 0.011 -17"><span class='ocrx_word' id='word_1_544' title='bbox 231 2002 296 2030; x_wconf 82' lang='lat' dir='ltr'><strong>fecit</strong></span> <span class='ocrx_word' id='word_1_545' title='bbox 318 2004 402 2036; x_wconf 89' lang='lat' dir='ltr'><strong>enim,</strong></span> <span class='ocrx_word' id='word_1_546' title='bbox 425 2004 525 2039; x_wconf 87' lang='lat' dir='ltr'><strong>inquit,</strong></span> <span class='ocrx_word' id='word_1_547' title='bbox 542 2004 629 2032; x_wconf 88' lang='lat' dir='ltr'><strong>duros</strong></span> <span class='ocrx_word' id='word_1_548' title='bbox 652 2013 769 2041; x_wconf 79' lang='lat' dir='ltr'><strong>operum</strong></span> <span class='ocrx_word' id='word_1_549' title='bbox 791 2008 947 2044; x_wconf 70' lang='lat' dir='ltr'><strong>magistros,</strong></span> <span class='ocrx_word' id='word_1_550' title='bbox 969 2011 1017 2046; x_wconf 90' lang='lat' dir='ltr'><strong>qui</strong></span> 
     </span>
    </p>
   </div>
   <div class='ocr_carea' id='block_1_72' title="bbox 230 2048 1017 2087">
    <p class='ocr_par' dir='ltr' id='par_1_72' title="bbox 230 2048 1017 2087">
     <span class='ocr_line' id='line_1_72' title="bbox 230 2048 1017 2087; baseline 0.013 -13"><span class='ocrx_word' id='word_1_551' title='bbox 230 2048 383 2083; x_wconf 73' lang='lat' dir='ltr'><strong>atlligerent</strong></span> <span class='ocrx_word' id='word_1_552' title='bbox 403 2048 477 2083; x_wconf 88' lang='lat' dir='ltr'><strong>ipsos</strong></span> <span class='ocrx_word' id='word_1_553' title='bbox 498 2050 526 2076; x_wconf 91' lang='lat' dir='ltr'><strong>in</strong></span> <span class='ocrx_word' id='word_1_554' title='bbox 544 2050 694 2078; x_wconf 77' lang='lat' dir='ltr'><strong>laboribus.</strong></span> <span class='ocrx_word' id='word_1_555' title='bbox 712 2051 794 2087; x_wconf 59' lang='grc' dir='ltr'><strong>,ω</strong></span> <span class='ocrx_word' id='word_1_556' title='bbox 812 2053 909 2082; x_wconf 83' lang='lat' dir='ltr'><strong>Modus</strong></span> <span class='ocrx_word' id='word_1_557' title='bbox 924 2059 1017 2084; x_wconf 84' lang='lat' dir='ltr'><strong>autem</strong></span> 
     </span>
    </p>
   </div>
   <div class='ocr_carea' id='block_1_73' title="bbox 232 2092 1016 2129">
    <p class='ocr_par' dir='ltr' id='par_1_73' title="bbox 232 2092 1016 2129">
     <span class='ocr_line' id='line_1_73' title="bbox 232 2092 1016 2129; baseline 0.013 -9"><span class='ocrx_word' id='word_1_558' title='bbox 232 2092 388 2120; x_wconf 84' lang='lat' dir='ltr'><strong>atllictionis</strong></span> <span class='ocrx_word' id='word_1_559' title='bbox 413 2097 474 2120; x_wconf 84' lang='lat' dir='ltr'><strong>erat</strong></span> <span class='ocrx_word' id='word_1_560' title='bbox 494 2093 574 2121; x_wconf 83' lang='lat' dir='ltr'><strong>labor</strong></span> <span class='ocrx_word' id='word_1_561' title='bbox 594 2095 726 2128; x_wconf 81' lang='lat' dir='ltr'><strong>fodiendi,</strong></span> <span class='ocrx_word' id='word_1_562' title='bbox 743 2097 878 2126; x_wconf 73' lang='lat' dir='ltr'><strong>confectio</strong></span> <span class='ocrx_word' id='word_1_563' title='bbox 899 2100 1016 2129; x_wconf 89' lang='lat' dir='ltr'><strong>laterum</strong></span> 
     </span>
    </p>
   </div>
   <div class='ocr_carea' id='block_1_74' title="bbox 232 2139 1018 2175">
    <p class='ocr_par' dir='ltr' id='par_1_74' title="bbox 232 2139 1018 2175">
     <span class='ocr_line' id='line_1_74' title="bbox 232 2139 1018 2175; baseline 0.01 -10"><span class='ocrx_word' id='word_1_564' title='bbox 232 2139 364 2167; x_wconf 84' lang='lat' dir='ltr'><strong>diuturna</strong></span> <span class='ocrx_word' id='word_1_565' title='bbox 373 2142 403 2166; x_wconf 87' lang='lat' dir='ltr'><strong>et</strong></span> <span class='ocrx_word' id='word_1_566' title='bbox 411 2139 516 2175; x_wconf 83' lang='lat' dir='ltr'><strong>absque</strong></span> <span class='ocrx_word' id='word_1_567' title='bbox 533 2140 670 2168; x_wconf 86' lang='lat' dir='ltr'><strong>mercede.</strong></span> <span class='ocrx_word' id='word_1_568' title='bbox 687 2141 755 2169; x_wconf 87' lang='lat' dir='ltr'><strong>Item</strong></span> <span class='ocrx_word' id='word_1_569' title='bbox 769 2142 881 2173; x_wconf 86' lang='lat' dir='ltr'><strong>urbium</strong></span> <span class='ocrx_word' id='word_1_570' title='bbox 898 2146 1018 2173; x_wconf 83' lang='lat' dir='ltr'><strong>munita-</strong></span> 
     </span>
    </p>
   </div>
   <div class='ocr_carea' id='block_1_75' title="bbox 1068 1549 1857 1590">
    <p class='ocr_par' dir='ltr' id='par_1_75' title="bbox 1068 1549 1857 1590">
     <span class='ocr_line' id='line_1_75' title="bbox 1068 1549 1857 1590; baseline -0.01 -7"><span class='ocrx_word' id='word_1_571' title='bbox 1068 1557 1133 1583; x_wconf 81' lang='grc' dir='ltr'>ποτὲ</span> <span class='ocrx_word' id='word_1_572' title='bbox 1145 1556 1191 1582; x_wconf 77' lang='grc' dir='ltr'>καὶ</span> <span class='ocrx_word' id='word_1_573' title='bbox 1202 1554 1345 1590; x_wconf 83' lang='grc' dir='ltr'>ἀφορήτως</span> <span class='ocrx_word' id='word_1_574' title='bbox 1359 1552 1554 1587; x_wconf 80' lang='grc' dir='ltr'>ὲνσκήπτοντος</span> <span class='ocrx_word' id='word_1_575' title='bbox 1565 1551 1612 1578; x_wconf 70' lang='grc' dir='ltr'>καὶ</span> <span class='ocrx_word' id='word_1_576' title='bbox 1625 1549 1786 1585; x_wconf 64' lang='grc' dir='ltr'>ἔγκειμένου</span> <span class='ocrx_word' id='word_1_577' title='bbox 1801 1549 1857 1579; x_wconf 82' lang='grc' dir='ltr'>τοῖς</span> 
     </span>
    </p>
   </div>
   <div class='ocr_carea' id='block_1_76' title="bbox 1067 1596 1858 1636">
    <p class='ocr_par' dir='ltr' id='par_1_76' title="bbox 1067 1596 1858 1636">
     <span class='ocr_line' id='line_1_76' title="bbox 1067 1596 1858 1636; baseline -0.009 -7"><span class='ocrx_word' id='word_1_578' title='bbox 1067 1603 1135 1633; x_wconf 82' lang='grc' dir='ltr'><strong>υίοίς</strong></span> <span class='ocrx_word' id='word_1_579' title='bbox 1167 1599 1289 1636; x_wconf 76' lang='grc' dir='ltr'>Ἰσραὴλ,</span> <span class='ocrx_word' id='word_1_580' title='bbox 1316 1598 1468 1633; x_wconf 84' lang='grc' dir='ltr'>κατῴχοντο</span> <span class='ocrx_word' id='word_1_581' title='bbox 1485 1597 1535 1633; x_wconf 81' lang='grc' dir='ltr'>μὲν</span> <span class='ocrx_word' id='word_1_582' title='bbox 1559 1598 1591 1624; x_wconf 81' lang='grc' dir='ltr'>ὲκ</span> <span class='ocrx_word' id='word_1_583' title='bbox 1612 1596 1664 1631; x_wconf 83' lang='grc' dir='ltr'>γῆς</span> <span class='ocrx_word' id='word_1_584' title='bbox 1688 1596 1799 1623; x_wconf 73' lang='grc' dir='ltr'>Χαναὰν</span> <span class='ocrx_word' id='word_1_585' title='bbox 1818 1596 1858 1627; x_wconf 80' lang='grc' dir='ltr'>εἰς</span> 
     </span>
    </p>
   </div>
   <div class='ocr_carea' id='block_1_77' title="bbox 1067 1641 1857 1681">
    <p class='ocr_par' dir='ltr' id='par_1_77' title="bbox 1067 1641 1857 1681">
     <span class='ocr_line' id='line_1_77' title="bbox 1067 1641 1857 1681; baseline -0.009 -7"><span class='ocrx_word' id='word_1_586' title='bbox 1067 1647 1204 1681; x_wconf 65' lang='lat' dir='ltr'><strong>Afyw-nov</strong></span> <span class='ocrx_word' id='word_1_587' title='bbox 1228 1646 1257 1672; x_wconf 69' lang='grc' dir='ltr'>ὲν</span> <span class='ocrx_word' id='word_1_588' title='bbox 1277 1643 1465 1679; x_wconf 74' lang='grc' dir='ltr'>ἐϐδομήκοντά</span> <span class='ocrx_word' id='word_1_589' title='bbox 1486 1651 1537 1669; x_wconf 85' lang='grc' dir='ltr'><strong>που</strong></span> <span class='ocrx_word' id='word_1_590' title='bbox 1560 1642 1608 1669; x_wconf 80' lang='grc' dir='ltr'>καὶ</span> <span class='ocrx_word' id='word_1_591' title='bbox 1631 1641 1712 1669; x_wconf 80' lang='grc' dir='ltr'>πέντε</span> <span class='ocrx_word' id='word_1_592' title='bbox 1738 1641 1857 1677; x_wconf 79' lang='grc' dir='ltr'>ψυχαῖς,</span> 
     </span>
    </p>
   </div>
   <div class='ocr_carea' id='block_1_78' title="bbox 1067 1686 1857 1726">
    <p class='ocr_par' dir='ltr' id='par_1_78' title="bbox 1067 1686 1857 1726">
     <span class='ocr_line' id='line_1_78' title="bbox 1067 1686 1857 1726; baseline -0.006 -8"><span class='ocrx_word' id='word_1_593' title='bbox 1067 1691 1138 1718; x_wconf 75' lang='grc' dir='ltr'>καθὰ</span> <span class='ocrx_word' id='word_1_594' title='bbox 1161 1691 1326 1726; x_wconf 80' lang='grc' dir='ltr'>γέγραπται.</span> <span class='ocrx_word' id='word_1_595' title='bbox 1345 1689 1507 1724; x_wconf 80' lang='grc' dir='ltr'>Διέρποντος</span> <span class='ocrx_word' id='word_1_596' title='bbox 1526 1688 1554 1715; x_wconf 76' lang='grc' dir='ltr'><strong>δὲ</strong></span> <span class='ocrx_word' id='word_1_597' title='bbox 1571 1688 1617 1714; x_wconf 90' lang='grc' dir='ltr'><strong>τοῦ</strong></span> <span class='ocrx_word' id='word_1_598' title='bbox 1636 1687 1733 1723; x_wconf 80' lang='grc' dir='ltr'>καιροῦ</span> <span class='ocrx_word' id='word_1_599' title='bbox 1751 1686 1857 1718; x_wconf 70' lang='grc' dir='ltr'>λοιπὸν,</span> 
     </span>
    </p>
   </div>
   <div class='ocr_carea' id='block_1_79' title="bbox 1067 1733 1858 1771">
    <p class='ocr_par' dir='ltr' id='par_1_79' title="bbox 1067 1733 1858 1771">
     <span class='ocr_line' id='line_1_79' title="bbox 1067 1733 1858 1771; baseline -0.004 -9"><span class='ocrx_word' id='word_1_600' title='bbox 1067 1736 1107 1767; x_wconf 82' lang='grc' dir='ltr'>εἰς</span> <span class='ocrx_word' id='word_1_601' title='bbox 1130 1735 1235 1771; x_wconf 78' lang='grc' dir='ltr'>πληθὺν</span> <span class='ocrx_word' id='word_1_602' title='bbox 1254 1735 1303 1770; x_wconf 71' lang='grc' dir='ltr'>τὴν</span> <span class='ocrx_word' id='word_1_603' title='bbox 1324 1734 1442 1770; x_wconf 81' lang='grc' dir='ltr'>ἀριθμοῦ</span> <span class='ocrx_word' id='word_1_604' title='bbox 1460 1734 1602 1769; x_wconf 81' lang='grc' dir='ltr'>κρείττονα</span> <span class='ocrx_word' id='word_1_605' title='bbox 1622 1733 1653 1760; x_wconf 88' lang='grc' dir='ltr'>τδ</span> <span class='ocrx_word' id='word_1_606' title='bbox 1673 1733 1749 1768; x_wconf 86' lang='grc' dir='ltr'>γένος</span> <span class='ocrx_word' id='word_1_607' title='bbox 1766 1733 1858 1764; x_wconf 73' lang='grc' dir='ltr'>αὐτοῖς</span> 
     </span>
    </p>
   </div>
   <div class='ocr_carea' id='block_1_80' title="bbox 1066 1777 1860 1816">
    <p class='ocr_par' dir='ltr' id='par_1_80' title="bbox 1066 1777 1860 1816">
     <span class='ocr_line' id='line_1_80' title="bbox 1066 1777 1860 1816; baseline -0.005 -8"><span class='ocrx_word' id='word_1_608' title='bbox 1066 1781 1222 1813; x_wconf 78' lang='grc' dir='ltr'>ὲξετείνετο.</span> <span class='ocrx_word' id='word_1_609' title='bbox 1238 1781 1395 1816; x_wconf 82' lang='grc' dir='ltr'>Γέγραπται</span> <span class='ocrx_word' id='word_1_610' title='bbox 1410 1779 1465 1814; x_wconf 83' lang='grc' dir='ltr'><strong>γάρ</strong></span> <span class='ocrx_word' id='word_1_611' title='bbox 1478 1786 1486 1794; x_wconf 86' lang='lat'><strong>&#39;</strong></span> <span class='ocrx_word' id='word_1_612' title='bbox 1502 1787 1512 1806; x_wconf 83' lang='lat'><strong>(</strong></span> <span class='ocrx_word' id='word_1_613' title='bbox 1527 1779 1560 1806; x_wconf 88' lang='grc' dir='ltr'>οι</span> <span class='ocrx_word' id='word_1_614' title='bbox 1573 1778 1603 1805; x_wconf 72' lang='grc' dir='ltr'>δε</span> <span class='ocrx_word' id='word_1_615' title='bbox 1614 1779 1669 1805; x_wconf 70' lang='grc' dir='ltr'>υἱοὶ</span> <span class='ocrx_word' id='word_1_616' title='bbox 1689 1777 1797 1814; x_wconf 71' lang='grc' dir='ltr'>Ἰσραὴλ</span> <span class='ocrx_word' id='word_1_617' title='bbox 1809 1778 1860 1814; x_wconf 62' lang='lat' dir='ltr'><strong>qia-</strong></span> 
     </span>
    </p>
   </div>
   <div class='ocr_carea' id='block_1_81' title="bbox 1069 1824 1862 1862">
    <p class='ocr_par' dir='ltr' id='par_1_81' title="bbox 1069 1824 1862 1862">
     <span class='ocr_line' id='line_1_81' title="bbox 1069 1824 1862 1862; baseline -0.003 -10"><span class='ocrx_word' id='word_1_618' title='bbox 1069 1826 1199 1862; x_wconf 79' lang='grc' dir='ltr'>ξήθησαν,</span> <span class='ocrx_word' id='word_1_619' title='bbox 1209 1826 1256 1853; x_wconf 78' lang='grc' dir='ltr'>καὶ</span> <span class='ocrx_word' id='word_1_620' title='bbox 1264 1824 1484 1861; x_wconf 76' lang='grc' dir='ltr'>ὲπληθύνθησαν,</span> <span class='ocrx_word' id='word_1_621' title='bbox 1493 1825 1542 1852; x_wconf 77' lang='grc' dir='ltr'>καὶ</span> <span class='ocrx_word' id='word_1_622' title='bbox 1551 1825 1655 1860; x_wconf 80' lang='grc' dir='ltr'>χυδαῖοι</span> <span class='ocrx_word' id='word_1_623' title='bbox 1665 1824 1801 1859; x_wconf 69' lang='grc' dir='ltr'>ἐγίνοντο,</span> <span class='ocrx_word' id='word_1_624' title='bbox 1812 1824 1862 1851; x_wconf 70' lang='grc' dir='ltr'>καὶ</span> 
     </span>
    </p>
   </div>
   <div class='ocr_carea' id='block_1_82' title="bbox 1067 1869 1856 1907">
    <p class='ocr_par' dir='ltr' id='par_1_82' title="bbox 1067 1869 1856 1907">
     <span class='ocr_line' id='line_1_82' title="bbox 1067 1869 1856 1907; baseline -0.004 -8"><span class='ocrx_word' id='word_1_625' title='bbox 1067 1872 1215 1907; x_wconf 78' lang='grc' dir='ltr'>κατίσχυον</span> <span class='ocrx_word' id='word_1_626' title='bbox 1224 1871 1336 1907; x_wconf 68' lang='grc' dir='ltr'>σφόδρα·</span> <span class='ocrx_word' id='word_1_627' title='bbox 1348 1870 1483 1906; x_wconf 66' lang='grc' dir='ltr'>ἐπλήθυνε</span> <span class='ocrx_word' id='word_1_628' title='bbox 1491 1871 1521 1897; x_wconf 69' lang='grc' dir='ltr'><strong>δὶ</strong></span> <span class='ocrx_word' id='word_1_629' title='bbox 1531 1872 1548 1906; x_wconf 72' lang='grc' dir='ltr'><strong>ἡ</strong></span> <span class='ocrx_word' id='word_1_630' title='bbox 1560 1869 1595 1906; x_wconf 84' lang='grc' dir='ltr'>γῆ</span> <span class='ocrx_word' id='word_1_631' title='bbox 1606 1870 1705 1902; x_wconf 74' lang='grc' dir='ltr'>αὐτοὺς</span> <span class='ocrx_word' id='word_1_632' title='bbox 1718 1869 1830 1904; x_wconf 79' lang='grc' dir='ltr'>σφόδρα.</span> <span class='ocrx_word' id='word_1_633' title='bbox 1845 1878 1856 1896; x_wconf 76' lang='grc' dir='ltr'><strong>ι</strong></span> 
     </span>
    </p>
   </div>
   <div class='ocr_carea' id='block_1_83' title="bbox 1073 1915 1858 1954">
    <p class='ocr_par' dir='ltr' id='par_1_83' title="bbox 1073 1915 1858 1954">
     <span class='ocr_line' id='line_1_83' title="bbox 1073 1915 1858 1954; baseline -0.005 -10"><span class='ocrx_word' id='word_1_634' title='bbox 1073 1917 1184 1954; x_wconf 77' lang='grc' dir='ltr'>Ἐπειδὴ</span> <span class='ocrx_word' id='word_1_635' title='bbox 1197 1916 1225 1944; x_wconf 71' lang='grc' dir='ltr'><strong>δι</strong></span> <span class='ocrx_word' id='word_1_636' title='bbox 1238 1918 1288 1951; x_wconf 81' lang='grc' dir='ltr'>τῆς</span> <span class='ocrx_word' id='word_1_637' title='bbox 1309 1917 1467 1951; x_wconf 74' lang='grc' dir='ltr'>Αἰγυπτίων</span> <span class='ocrx_word' id='word_1_638' title='bbox 1481 1916 1570 1953; x_wconf 85' lang='grc' dir='ltr'>χώρας</span> <span class='ocrx_word' id='word_1_639' title='bbox 1583 1917 1597 1942; x_wconf 77' lang='grc' dir='ltr'><strong>ὁ</strong></span> <span class='ocrx_word' id='word_1_640' title='bbox 1612 1915 1790 1951; x_wconf 75' lang='grc' dir='ltr'>καθηγεῖσθαι</span> <span class='ocrx_word' id='word_1_641' title='bbox 1810 1915 1858 1941; x_wconf 67' lang='grc' dir='ltr'>λα.</span> 
     </span>
    </p>
   </div>
   <div class='ocr_carea' id='block_1_84' title="bbox 1067 1960 1856 1998">
    <p class='ocr_par' dir='ltr' id='par_1_84' title="bbox 1067 1960 1856 1998">
     <span class='ocr_line' id='line_1_84' title="bbox 1067 1960 1856 1998; baseline -0.003 -9"><span class='ocrx_word' id='word_1_642' title='bbox 1067 1962 1132 1998; x_wconf 85' lang='grc' dir='ltr'><strong>χὼν,</strong></span> <span class='ocrx_word' id='word_1_643' title='bbox 1141 1962 1189 1997; x_wconf 84' lang='grc' dir='ltr'>τὴν</span> <span class='ocrx_word' id='word_1_644' title='bbox 1201 1964 1240 1994; x_wconf 84' lang='grc' dir='ltr'><strong>εἰς</strong></span> <span class='ocrx_word' id='word_1_645' title='bbox 1254 1962 1356 1997; x_wconf 83' lang='grc' dir='ltr'>πληθὺν</span> <span class='ocrx_word' id='word_1_646' title='bbox 1368 1962 1488 1989; x_wconf 66' lang='grc' dir='ltr'>ἐπίδοσιν</span> <span class='ocrx_word' id='word_1_647' title='bbox 1500 1962 1693 1998; x_wconf 75' lang='grc' dir='ltr'>τῶνἚὸραίων</span> <span class='ocrx_word' id='word_1_648' title='bbox 1706 1961 1756 1988; x_wconf 79' lang='grc' dir='ltr'><strong>οὐκ</strong></span> <span class='ocrx_word' id='word_1_649' title='bbox 1770 1960 1856 1988; x_wconf 78' lang='grc' dir='ltr'>ἀνύπ-</span> 
     </span>
    </p>
   </div>
   <div class='ocr_carea' id='block_1_85' title="bbox 1068 2006 1857 2044">
    <p class='ocr_par' dir='ltr' id='par_1_85' title="bbox 1068 2006 1857 2044">
     <span class='ocr_line' id='line_1_85' title="bbox 1068 2006 1857 2044; baseline -0.003 -9"><span class='ocrx_word' id='word_1_650' title='bbox 1068 2017 1150 2035; x_wconf 73' lang='grc' dir='ltr'>οπτον</span> <span class='ocrx_word' id='word_1_651' title='bbox 1160 2008 1244 2044; x_wconf 77' lang='grc' dir='ltr'>εῖχεν,</span> <span class='ocrx_word' id='word_1_652' title='bbox 1258 2008 1447 2041; x_wconf 78' lang='grc' dir='ltr'>ὲπεόουλεύσε,</span> <span class='ocrx_word' id='word_1_653' title='bbox 1464 2008 1512 2034; x_wconf 75' lang='grc' dir='ltr'>καὶ</span> <span class='ocrx_word' id='word_1_654' title='bbox 1520 2007 1670 2042; x_wconf 66' lang='grc' dir='ltr'>ἐπέστησεν</span> <span class='ocrx_word' id='word_1_655' title='bbox 1686 2006 1778 2038; x_wconf 80' lang='grc' dir='ltr'>αὐτοῖς</span> <span class='ocrx_word' id='word_1_656' title='bbox 1796 2007 1857 2033; x_wconf 61' lang='grc' dir='ltr'>ἔπι·</span> 
     </span>
    </p>
   </div>
   <div class='ocr_carea' id='block_1_86' title="bbox 1068 2052 1857 2089">
    <p class='ocr_par' dir='ltr' id='par_1_86' title="bbox 1068 2052 1857 2089">
     <span class='ocr_line' id='line_1_86' title="bbox 1068 2052 1857 2089; baseline -0.003 -8"><span class='ocrx_word' id='word_1_657' title='bbox 1068 2054 1168 2085; x_wconf 75' lang='grc' dir='ltr'>στάτας</span> <span class='ocrx_word' id='word_1_658' title='bbox 1189 2053 1244 2081; x_wconf 86' lang='grc' dir='ltr'><strong>τῶν</strong></span> <span class='ocrx_word' id='word_1_659' title='bbox 1265 2054 1365 2089; x_wconf 76' lang='grc' dir='ltr'>ἔργων,</span> <span class='ocrx_word' id='word_1_660' title='bbox 1386 2053 1429 2080; x_wconf 76' lang='grc' dir='ltr'>ινα</span> <span class='ocrx_word' id='word_1_661' title='bbox 1449 2052 1611 2080; x_wconf 80' lang='grc' dir='ltr'>κακώσωσιν</span> <span class='ocrx_word' id='word_1_662' title='bbox 1631 2052 1731 2085; x_wconf 75' lang='grc' dir='ltr'>αὐτοὺς</span> <span class='ocrx_word' id='word_1_663' title='bbox 1755 2053 1784 2079; x_wconf 72' lang='lat' dir='ltr'><strong>tv</strong></span> <span class='ocrx_word' id='word_1_664' title='bbox 1801 2052 1857 2083; x_wconf 75' lang='grc' dir='ltr'>τοις</span> 
     </span>
    </p>
   </div>
   <div class='ocr_carea' id='block_1_87' title="bbox 1067 2096 1857 2135">
    <p class='ocr_par' dir='ltr' id='par_1_87' title="bbox 1067 2096 1857 2135">
     <span class='ocr_line' id='line_1_87' title="bbox 1067 2096 1857 2135; baseline 0 -9"><span class='ocrx_word' id='word_1_665' title='bbox 1067 2099 1168 2135; x_wconf 72' lang='grc' dir='ltr'>ἔργοις.</span> <span class='ocrx_word' id='word_1_666' title='bbox 1191 2099 1220 2126; x_wconf 88' lang='lat'><strong>&#39;0</strong></span> <span class='ocrx_word' id='word_1_667' title='bbox 1231 2099 1259 2126; x_wconf 76' lang='grc' dir='ltr'><strong>δὲ</strong></span> <span class='ocrx_word' id='word_1_668' title='bbox 1270 2099 1303 2135; x_wconf 78' lang='grc' dir='ltr'><strong>δὴ</strong></span> <span class='ocrx_word' id='word_1_669' title='bbox 1314 2098 1527 2126; x_wconf 55' lang='grc' dir='ltr'>τοΰίκακοῦσθαι</span> <span class='ocrx_word' id='word_1_670' title='bbox 1540 2099 1641 2134; x_wconf 82' lang='grc' dir='ltr'>τρόπος</span> <span class='ocrx_word' id='word_1_671' title='bbox 1651 2096 1685 2134; x_wconf 85' lang='grc' dir='ltr'>ἧν</span> <span class='ocrx_word' id='word_1_672' title='bbox 1697 2100 1711 2125; x_wconf 86' lang='grc' dir='ltr'><strong>ό</strong></span> <span class='ocrx_word' id='word_1_673' title='bbox 1729 2099 1776 2125; x_wconf 70' lang='grc' dir='ltr'><strong>ἐπὶ</strong></span> <span class='ocrx_word' id='word_1_674' title='bbox 1790 2106 1857 2126; x_wconf 82' lang='grc' dir='ltr'>σκα-</span> 
     </span>
    </p>
   </div>
   <div class='ocr_carea' id='block_1_88' title="bbox 1069 2144 1860 2181">
    <p class='ocr_par' dir='ltr' id='par_1_88' title="bbox 1069 2144 1860 2181">
     <span class='ocr_line' id='line_1_88' title="bbox 1069 2144 1860 2181; baseline -0.001 -9"><span class='ocrx_word' id='word_1_675' title='bbox 1069 2145 1168 2176; x_wconf 80' lang='grc' dir='ltr'>πάναις</span> <span class='ocrx_word' id='word_1_676' title='bbox 1183 2145 1274 2180; x_wconf 78' lang='grc' dir='ltr'><strong>ἱδρὼς,</strong></span> <span class='ocrx_word' id='word_1_677' title='bbox 1289 2144 1466 2180; x_wconf 82' lang='grc' dir='ltr'>πλινθουργία</span> <span class='ocrx_word' id='word_1_678' title='bbox 1480 2145 1576 2181; x_wconf 74' lang='grc' dir='ltr'>μακρὰ</span> <span class='ocrx_word' id='word_1_679' title='bbox 1592 2145 1640 2172; x_wconf 78' lang='grc' dir='ltr'>καὶ</span> <span class='ocrx_word' id='word_1_680' title='bbox 1659 2145 1792 2180; x_wconf 78' lang='grc' dir='ltr'>ἄμισθος,</span> <span class='ocrx_word' id='word_1_681' title='bbox 1809 2145 1860 2172; x_wconf 52' lang='grc' dir='ltr'><strong>καὶ</strong></span> 
     </span>
    </p>
   </div>
   <div class='ocr_carea' id='block_1_89' title="bbox 232 2182 1014 2227">
    <p class='ocr_par' dir='ltr' id='par_1_89' title="bbox 232 2185 1014 2222">
     <span class='ocr_line' id='line_1_89' title="bbox 232 2185 1014 2222; baseline 0.009 -11"><span class='ocrx_word' id='word_1_682' title='bbox 232 2191 293 2212; x_wconf 84' lang='lat' dir='ltr'><strong>rum</strong></span> <span class='ocrx_word' id='word_1_683' title='bbox 311 2185 471 2218; x_wconf 77' lang='lat' dir='ltr'><strong>exstructio,</strong></span> <span class='ocrx_word' id='word_1_684' title='bbox 489 2185 541 2213; x_wconf 90' lang='lat' dir='ltr'><strong>hoc</strong></span> <span class='ocrx_word' id='word_1_685' title='bbox 553 2191 604 2220; x_wconf 88' lang='lat' dir='ltr'><strong>est,</strong></span> <span class='ocrx_word' id='word_1_686' title='bbox 618 2194 679 2221; x_wconf 65' lang='lat' dir='ltr'><strong>qua</strong></span> <span class='ocrx_word' id='word_1_687' title='bbox 693 2187 801 2215; x_wconf 66' lang='lat' dir='ltr'><strong>turritae</strong></span> <span class='ocrx_word' id='word_1_688' title='bbox 818 2193 920 2222; x_wconf 77' lang='lat' dir='ltr'><strong>essent,</strong></span> <span class='ocrx_word' id='word_1_689' title='bbox 933 2190 1014 2218; x_wconf 88' lang='lat' dir='ltr'><strong>adeo-</strong></span> 
     </span>
    </p>
   </div>
   <div class='ocr_carea' id='block_1_90' title="bbox 1066 2182 1856 2227">
    <p class='ocr_par' dir='ltr' id='par_1_90' title="bbox 1071 2189 1856 2227">
     <span class='ocr_line' id='line_1_90' title="bbox 1071 2189 1856 2227; baseline 0 -10"><span class='ocrx_word' id='word_1_690' title='bbox 1071 2190 1123 2226; x_wconf 77' lang='grc' dir='ltr'>μὴν</span> <span class='ocrx_word' id='word_1_691' title='bbox 1138 2191 1184 2217; x_wconf 74' lang='grc' dir='ltr'>καὶ</span> <span class='ocrx_word' id='word_1_692' title='bbox 1199 2190 1230 2217; x_wconf 79' lang='grc' dir='ltr'>τὸ</span> <span class='ocrx_word' id='word_1_693' title='bbox 1246 2190 1441 2225; x_wconf 77' lang='grc' dir='ltr'>ἀναδείμασθαι</span> <span class='ocrx_word' id='word_1_694' title='bbox 1456 2190 1548 2222; x_wconf 73' lang='grc' dir='ltr'>πόλεις</span> <span class='ocrx_word' id='word_1_695' title='bbox 1565 2191 1665 2226; x_wconf 78' lang='grc' dir='ltr'>ὀχυρὰς</span> <span class='ocrx_word' id='word_1_696' title='bbox 1684 2190 1724 2226; x_wconf 83' lang='grc' dir='ltr'>τῷ</span> <span class='ocrx_word' id='word_1_697' title='bbox 1737 2189 1856 2227; x_wconf 61' lang='grc' dir='ltr'>Φαραὼ,</span> 
     </span>
    </p>
   </div>
   <div class='ocr_carea' id='block_1_91' title="bbox 230 2230 1017 2271">
    <p class='ocr_par' dir='ltr' id='par_1_91' title="bbox 230 2230 1017 2271">
     <span class='ocr_line' id='line_1_91' title="bbox 230 2230 1017 2271; baseline 0.008 -13"><span class='ocrx_word' id='word_1_698' title='bbox 230 2237 285 2265; x_wconf 83' lang='lat' dir='ltr'><strong>que</strong></span> <span class='ocrx_word' id='word_1_699' title='bbox 301 2230 368 2258; x_wconf 73' lang='lat' dir='ltr'><strong>laxa:</strong></span> <span class='ocrx_word' id='word_1_700' title='bbox 387 2235 415 2259; x_wconf 90' lang='lat' dir='ltr'><strong>et</strong></span> <span class='ocrx_word' id='word_1_701' title='bbox 433 2232 540 2266; x_wconf 64' lang='lat' dir='ltr'><strong>amplae,</strong></span> <span class='ocrx_word' id='word_1_702' title='bbox 555 2236 587 2259; x_wconf 92' lang='lat' dir='ltr'><strong>ut</strong></span> <span class='ocrx_word' id='word_1_703' title='bbox 607 2233 797 2262; x_wconf 74' lang='lat' dir='ltr'><strong>munitissimae</strong></span> <span class='ocrx_word' id='word_1_704' title='bbox 809 2239 836 2263; x_wconf 93' lang='lat' dir='ltr'><strong>et</strong></span> <span class='ocrx_word' id='word_1_705' title='bbox 850 2235 1017 2271; x_wconf 77' lang='lat' dir='ltr'><strong>inexpugna-</strong></span> 
     </span>
    </p>
   </div>
   <div class='ocr_carea' id='block_1_92' title="bbox 231 2275 1015 2315">
    <p class='ocr_par' dir='ltr' id='par_1_92' title="bbox 231 2275 1015 2315">
     <span class='ocr_line' id='line_1_92' title="bbox 231 2275 1015 2315; baseline 0.008 -12"><span class='ocrx_word' id='word_1_706' title='bbox 231 2275 300 2304; x_wconf 85' lang='lat' dir='ltr'><strong>biles</strong></span> <span class='ocrx_word' id='word_1_707' title='bbox 309 2283 365 2311; x_wconf 65' lang='lat' dir='ltr'><strong>praa</strong></span> <span class='ocrx_word' id='word_1_708' title='bbox 375 2276 438 2303; x_wconf 89' lang='lat' dir='ltr'><strong>aliis</strong></span> <span class='ocrx_word' id='word_1_709' title='bbox 448 2277 619 2310; x_wconf 89' lang='lat' dir='ltr'><strong>viderentur,</strong></span> <span class='ocrx_word' id='word_1_710' title='bbox 630 2285 728 2313; x_wconf 88' lang='lat' dir='ltr'><strong>nempe</strong></span> <span class='ocrx_word' id='word_1_711' title='bbox 739 2285 851 2315; x_wconf 90' lang='lat' dir='ltr'><strong>propter</strong></span> <span class='ocrx_word' id='word_1_712' title='bbox 863 2280 1015 2309; x_wconf 87' lang='lat' dir='ltr'><strong>incolarum</strong></span> 
     </span>
    </p>
   </div>
   <div class='ocr_carea' id='block_1_93' title="bbox 231 2321 1017 2358">
    <p class='ocr_par' dir='ltr' id='par_1_93' title="bbox 231 2321 1017 2358">
     <span class='ocr_line' id='line_1_93' title="bbox 231 2321 1017 2358; baseline 0.009 -11"><span class='ocrx_word' id='word_1_713' title='bbox 231 2321 445 2348; x_wconf 81' lang='lat' dir='ltr'><strong>multitudinem.</strong></span> <span class='ocrx_word' id='word_1_714' title='bbox 458 2321 542 2349; x_wconf 85' lang='lat' dir='ltr'><strong>Erant</strong></span> <span class='ocrx_word' id='word_1_715' title='bbox 555 2325 646 2349; x_wconf 89' lang='lat' dir='ltr'><strong>autem</strong></span> <span class='ocrx_word' id='word_1_716' title='bbox 658 2323 738 2351; x_wconf 87' lang='lat' dir='ltr'><strong>Pitho</strong></span> <span class='ocrx_word' id='word_1_717' title='bbox 750 2329 778 2351; x_wconf 90' lang='lat' dir='ltr'><strong>et</strong></span> <span class='ocrx_word' id='word_1_718' title='bbox 790 2324 928 2358; x_wconf 81' lang='lat' dir='ltr'><strong>Ramesse,</strong></span> <span class='ocrx_word' id='word_1_719' title='bbox 943 2326 1017 2354; x_wconf 72' lang='lat' dir='ltr'><strong>aliae-</strong></span> 
     </span>
    </p>
   </div>
   <div class='ocr_carea' id='block_1_94' title="bbox 230 2365 1018 2406">
    <p class='ocr_par' dir='ltr' id='par_1_94' title="bbox 230 2365 1018 2406">
     <span class='ocr_line' id='line_1_94' title="bbox 230 2365 1018 2406; baseline 0.009 -14"><span class='ocrx_word' id='word_1_720' title='bbox 230 2373 285 2402; x_wconf 87' lang='lat' dir='ltr'><strong>que</strong></span> <span class='ocrx_word' id='word_1_721' title='bbox 298 2365 433 2393; x_wconf 87' lang='lat' dir='ltr'><strong>civitates.</strong></span> <span class='ocrx_word' id='word_1_722' title='bbox 451 2366 585 2394; x_wconf 66' lang='lat' dir='ltr'><strong>Cteterum</strong></span> <span class='ocrx_word' id='word_1_723' title='bbox 598 2368 707 2404; x_wconf 85' lang='lat' dir='ltr'><strong>tyranni</strong></span> <span class='ocrx_word' id='word_1_724' title='bbox 719 2370 864 2397; x_wconf 87' lang='lat' dir='ltr'><strong>consilium</strong></span> <span class='ocrx_word' id='word_1_725' title='bbox 877 2371 956 2406; x_wconf 77' lang='lat' dir='ltr'><strong>longe</strong></span> <span class='ocrx_word' id='word_1_726' title='bbox 968 2372 1018 2399; x_wconf 88' lang='lat' dir='ltr'><strong>ali-</strong></span> 
     </span>
    </p>
   </div>
   <div class='ocr_carea' id='block_1_95' title="bbox 231 2406 1018 2449">
    <p class='ocr_par' dir='ltr' id='par_1_95' title="bbox 231 2406 1018 2449">
     <span class='ocr_line' id='line_1_95' title="bbox 231 2406 1018 2449; baseline 0.008 -11"><span class='ocrx_word' id='word_1_727' title='bbox 231 2415 274 2438; x_wconf 86' lang='lat' dir='ltr'><strong>ter</strong></span> <span class='ocrx_word' id='word_1_728' title='bbox 294 2418 375 2446; x_wconf 89' lang='lat' dir='ltr'><strong>quam</strong></span> <span class='ocrx_word' id='word_1_729' title='bbox 395 2415 528 2446; x_wconf 88' lang='lat' dir='ltr'><strong>sperarat,</strong></span> <span class='ocrx_word' id='word_1_730' title='bbox 549 2412 588 2440; x_wconf 89' lang='lat' dir='ltr'><strong>illi</strong></span> <span class='ocrx_word' id='word_1_731' title='bbox 607 2406 716 2441; x_wconf 87' lang='lat' dir='ltr'><strong>accidit.</strong></span> <span class='ocrx_word' id='word_1_732' title='bbox 737 2415 782 2442; x_wconf 80' lang='lat' dir='ltr'><strong>Ait</strong></span> <span class='ocrx_word' id='word_1_733' title='bbox 801 2415 875 2443; x_wconf 90' lang='lat' dir='ltr'><strong>enim</strong></span> <span class='ocrx_word' id='word_1_734' title='bbox 890 2425 896 2442; x_wconf 93' lang='lat'>:</span> <span class='ocrx_word' id='word_1_735' title='bbox 910 2415 1018 2449; x_wconf 86' lang='lat' dir='ltr'><strong>Quanto</strong></span> 
     </span>
    </p>
   </div>
   <div class='ocr_carea' id='block_1_96' title="bbox 231 2456 1018 2497">
    <p class='ocr_par' dir='ltr' id='par_1_96' title="bbox 231 2456 1018 2497">
     <span class='ocr_line' id='line_1_96' title="bbox 231 2456 1018 2497; baseline 0.01 -15"><span class='ocrx_word' id='word_1_736' title='bbox 231 2456 317 2491; x_wconf 78' lang='lat' dir='ltr'><strong>magis</strong></span> <span class='ocrx_word' id='word_1_737' title='bbox 332 2456 548 2485; x_wconf 88' lang='lat' dir='ltr'><strong>humiliabantur</strong></span> <span class='ocrx_word' id='word_1_738' title='bbox 566 2458 700 2494; x_wconf 89' lang='lat' dir='ltr'><strong>depressi,</strong></span> <span class='ocrx_word' id='word_1_739' title='bbox 715 2464 791 2488; x_wconf 92' lang='lat' dir='ltr'><strong>tanto</strong></span> <span class='ocrx_word' id='word_1_740' title='bbox 805 2462 893 2497; x_wconf 85' lang='lat' dir='ltr'><strong>majus</strong></span> <span class='ocrx_word' id='word_1_741' title='bbox 910 2463 1018 2497; x_wconf 88' lang='lat' dir='ltr'><strong>pericu-</strong></span> 
     </span>
    </p>
   </div>
   <div class='ocr_carea' id='block_1_97' title="bbox 231 2502 1017 2544">
    <p class='ocr_par' dir='ltr' id='par_1_97' title="bbox 231 2502 1017 2544">
     <span class='ocr_line' id='line_1_97' title="bbox 231 2502 1017 2544; baseline 0.009 -15"><span class='ocrx_word' id='word_1_742' title='bbox 231 2502 286 2529; x_wconf 90' lang='lat' dir='ltr'><strong>lum</strong></span> <span class='ocrx_word' id='word_1_743' title='bbox 303 2502 329 2530; x_wconf 92' lang='lat' dir='ltr'><strong>ei</strong></span> <span class='ocrx_word' id='word_1_744' title='bbox 345 2504 502 2536; x_wconf 81' lang='lat' dir='ltr'><strong>creabatur,</strong></span> <span class='ocrx_word' id='word_1_745' title='bbox 516 2504 663 2540; x_wconf 88' lang='lat' dir='ltr'><strong>pluresque</strong></span> <span class='ocrx_word' id='word_1_746' title='bbox 676 2506 871 2534; x_wconf 75' lang='lat' dir='ltr'><strong>exoriebantur</strong></span> <span class='ocrx_word' id='word_1_747' title='bbox 881 2515 931 2543; x_wconf 90' lang='lat' dir='ltr'><strong>per</strong></span> <span class='ocrx_word' id='word_1_748' title='bbox 946 2508 1017 2544; x_wconf 79' lang='lat' dir='ltr'><strong>idip-</strong></span> 
     </span>
    </p>
   </div>
   <div class='ocr_carea' id='block_1_98' title="bbox 231 2549 1017 2585">
    <p class='ocr_par' dir='ltr' id='par_1_98' title="bbox 231 2549 1017 2585">
     <span class='ocr_line' id='line_1_98' title="bbox 231 2549 1017 2585; baseline 0.01 -11"><span class='ocrx_word' id='word_1_749' title='bbox 231 2555 292 2575; x_wconf 85' lang='lat' dir='ltr'><strong>sum</strong></span> <span class='ocrx_word' id='word_1_750' title='bbox 312 2556 367 2583; x_wconf 89' lang='lat' dir='ltr'><strong>quo</strong></span> <span class='ocrx_word' id='word_1_751' title='bbox 389 2549 463 2584; x_wconf 86' lang='lat' dir='ltr'><strong>ipsos</strong></span> <span class='ocrx_word' id='word_1_752' title='bbox 483 2550 602 2585; x_wconf 76' lang='lat' dir='ltr'><strong>atlligere</strong></span> <span class='ocrx_word' id='word_1_753' title='bbox 625 2551 739 2584; x_wconf 86' lang='lat' dir='ltr'><strong>solebat,</strong></span> <span class='ocrx_word' id='word_1_754' title='bbox 758 2553 867 2580; x_wconf 90' lang='lat' dir='ltr'><strong>volente</strong></span> <span class='ocrx_word' id='word_1_755' title='bbox 886 2554 1017 2582; x_wconf 90' lang='lat' dir='ltr'><strong>nimirum</strong></span> 
     </span>
    </p>
   </div>
   <div class='ocr_carea' id='block_1_99' title="bbox 231 2593 1018 2633">
    <p class='ocr_par' dir='ltr' id='par_1_99' title="bbox 231 2593 1018 2633">
     <span class='ocr_line' id='line_1_99' title="bbox 231 2593 1018 2633; baseline 0.011 -14"><span class='ocrx_word' id='word_1_756' title='bbox 231 2593 298 2625; x_wconf 90' lang='lat' dir='ltr'><strong>Deo,</strong></span> <span class='ocrx_word' id='word_1_757' title='bbox 312 2601 359 2620; x_wconf 93' lang='lat' dir='ltr'><strong>eos</strong></span> <span class='ocrx_word' id='word_1_758' title='bbox 370 2595 418 2628; x_wconf 89' lang='lat' dir='ltr'><strong>qui</strong></span> <span class='ocrx_word' id='word_1_759' title='bbox 437 2595 538 2630; x_wconf 87' lang='lat' dir='ltr'><strong>iniquis</strong></span> <span class='ocrx_word' id='word_1_760' title='bbox 556 2597 730 2625; x_wconf 88' lang='lat' dir='ltr'><strong>contumeliis</strong></span> <span class='ocrx_word' id='word_1_761' title='bbox 749 2597 946 2633; x_wconf 81' lang='lat' dir='ltr'><strong>aﬂlciebantur,</strong></span> <span class='ocrx_word' id='word_1_762' title='bbox 958 2600 1018 2628; x_wconf 76' lang='lat' dir='ltr'><strong>vin-</strong></span> 
     </span>
    </p>
   </div>
   <div class='ocr_carea' id='block_1_100' title="bbox 231 2637 1017 2677">
    <p class='ocr_par' dir='ltr' id='par_1_100' title="bbox 231 2637 1017 2677">
     <span class='ocr_line' id='line_1_100' title="bbox 231 2637 1017 2677; baseline 0.01 -13"><span class='ocrx_word' id='word_1_763' title='bbox 231 2638 331 2665; x_wconf 82' lang='lat' dir='ltr'><strong>dicare.</strong></span> <span class='ocrx_word' id='word_1_764' title='bbox 352 2637 429 2672; x_wconf 86' lang='lat' dir='ltr'><strong>Quod</strong></span> <span class='ocrx_word' id='word_1_765' title='bbox 447 2647 510 2667; x_wconf 88' lang='lat' dir='ltr'><strong>cum</strong></span> <span class='ocrx_word' id='word_1_766' title='bbox 532 2640 711 2669; x_wconf 81' lang='lat' dir='ltr'><strong>intellexisset</strong></span> <span class='ocrx_word' id='word_1_767' title='bbox 724 2646 865 2677; x_wconf 86' lang='lat' dir='ltr'><strong>tyrannus,</strong></span> <span class='ocrx_word' id='word_1_768' title='bbox 881 2644 953 2672; x_wconf 88' lang='lat' dir='ltr'><strong>ultra</strong></span> <span class='ocrx_word' id='word_1_769' title='bbox 967 2644 1017 2672; x_wconf 85' lang='lat' dir='ltr'><strong>hos</strong></span> 
     </span>
    </p>
   </div>
   <div class='ocr_carea' id='block_1_101' title="bbox 232 2683 1016 2724">
    <p class='ocr_par' dir='ltr' id='par_1_101' title="bbox 232 2683 1016 2724">
     <span class='ocr_line' id='line_1_101' title="bbox 232 2683 1016 2724; baseline 0.011 -15"><span class='ocrx_word' id='word_1_770' title='bbox 232 2683 339 2711; x_wconf 80' lang='lat' dir='ltr'><strong>labores</strong></span> <span class='ocrx_word' id='word_1_771' title='bbox 355 2684 421 2712; x_wconf 85' lang='lat' dir='ltr'><strong>alias</strong></span> <span class='ocrx_word' id='word_1_772' title='bbox 431 2685 513 2713; x_wconf 88' lang='lat' dir='ltr'><strong>etiam</strong></span> <span class='ocrx_word' id='word_1_773' title='bbox 526 2686 640 2715; x_wconf 86' lang='lat' dir='ltr'><strong>insidias</strong></span> <span class='ocrx_word' id='word_1_774' title='bbox 652 2687 778 2724; x_wconf 85' lang='lat' dir='ltr'><strong>tetendit.</strong></span> <span class='ocrx_word' id='word_1_775' title='bbox 791 2688 929 2717; x_wconf 82' lang='lat' dir='ltr'><strong>lllandavit</strong></span> <span class='ocrx_word' id='word_1_776' title='bbox 942 2691 1016 2717; x_wconf 90' lang='lat' dir='ltr'><strong>enim</strong></span> 
     </span>
    </p>
   </div>
   <div class='ocr_carea' id='block_1_102' title="bbox 230 2727 1015 2769">
    <p class='ocr_par' dir='ltr' id='par_1_102' title="bbox 230 2727 1015 2769">
     <span class='ocr_line' id='line_1_102' title="bbox 230 2727 1015 2769; baseline 0.013 -15"><span class='ocrx_word' id='word_1_777' title='bbox 230 2727 386 2757; x_wconf 67' lang='lat' dir='ltr'><strong>Iudaeorum</strong></span> <span class='ocrx_word' id='word_1_778' title='bbox 405 2731 600 2760; x_wconf 88' lang='lat' dir='ltr'><strong>obstetricibus</strong></span> <span class='ocrx_word' id='word_1_779' title='bbox 615 2737 657 2766; x_wconf 92' lang='lat' dir='ltr'><strong>ut,</strong></span> <span class='ocrx_word' id='word_1_780' title='bbox 676 2733 786 2769; x_wconf 85' lang='lat' dir='ltr'><strong>quando</strong></span> <span class='ocrx_word' id='word_1_781' title='bbox 807 2735 970 2763; x_wconf 87' lang='lat' dir='ltr'><strong>mulieribus</strong></span> <span class='ocrx_word' id='word_1_782' title='bbox 987 2736 1015 2763; x_wconf 89' lang='lat' dir='ltr'><strong>in</strong></span> 
     </span>
    </p>
   </div>
   <div class='ocr_carea' id='block_1_103' title="bbox 1068 2237 1855 2273">
    <p class='ocr_par' dir='ltr' id='par_1_103' title="bbox 1068 2237 1855 2273">
     <span class='ocr_line' id='line_1_103' title="bbox 1068 2237 1855 2273; baseline -0.003 -8"><span class='ocrx_word' id='word_1_783' title='bbox 1068 2237 1207 2269; x_wconf 75' lang='grc' dir='ltr'>τουτέστι,</span> <span class='ocrx_word' id='word_1_784' title='bbox 1221 2237 1455 2272; x_wconf 78' lang='grc' dir='ltr'>πεπνργωμένας,</span> <span class='ocrx_word' id='word_1_785' title='bbox 1476 2238 1494 2273; x_wconf 73' lang='grc' dir='ltr'>ἢ</span> <span class='ocrx_word' id='word_1_786' title='bbox 1515 2237 1602 2269; x_wconf 75' lang='grc' dir='ltr'>οὕτως</span> <span class='ocrx_word' id='word_1_787' title='bbox 1614 2237 1722 2273; x_wconf 76' lang='grc' dir='ltr'>εὐρείας</span> <span class='ocrx_word' id='word_1_788' title='bbox 1738 2238 1786 2264; x_wconf 78' lang='grc' dir='ltr'><strong>καὶ</strong></span> <span class='ocrx_word' id='word_1_789' title='bbox 1803 2245 1855 2273; x_wconf 81' lang='grc' dir='ltr'>μα-</span> 
     </span>
    </p>
   </div>
   <div class='ocr_carea' id='block_1_104' title="bbox 1069 2280 1856 2319">
    <p class='ocr_par' dir='ltr' id='par_1_104' title="bbox 1069 2280 1856 2319">
     <span class='ocr_line' id='line_1_104' title="bbox 1069 2280 1856 2319; baseline -0.001 -8"><span class='ocrx_word' id='word_1_790' title='bbox 1069 2284 1148 2319; x_wconf 75' lang='grc' dir='ltr'>κρὰς,</span> <span class='ocrx_word' id='word_1_791' title='bbox 1159 2283 1197 2315; x_wconf 83' lang='grc' dir='ltr'><strong>ὡς</strong></span> <span class='ocrx_word' id='word_1_792' title='bbox 1212 2283 1308 2318; x_wconf 76' lang='grc' dir='ltr'>κομιδῇ</span> <span class='ocrx_word' id='word_1_793' title='bbox 1318 2282 1492 2319; x_wconf 74' lang='grc' dir='ltr'>[ἀναλώτους]</span> <span class='ocrx_word' id='word_1_794' title='bbox 1500 2285 1560 2316; x_wconf 82' lang='grc' dir='ltr'>ταῖς</span> <span class='ocrx_word' id='word_1_795' title='bbox 1571 2283 1663 2315; x_wconf 73' lang='grc' dir='ltr'>ἄλλαις</span> <span class='ocrx_word' id='word_1_796' title='bbox 1673 2280 1743 2310; x_wconf 74' lang='grc' dir='ltr'>εἶναι</span> <span class='ocrx_word' id='word_1_797' title='bbox 1756 2283 1856 2315; x_wconf 75' lang='grc' dir='ltr'>δοκεῖν.</span> 
     </span>
    </p>
   </div>
   <div class='ocr_carea' id='block_1_105' title="bbox 1067 2328 1857 2365">
    <p class='ocr_par' dir='ltr' id='par_1_105' title="bbox 1067 2328 1857 2365">
     <span class='ocr_line' id='line_1_105' title="bbox 1067 2328 1857 2365; baseline 0 -9"><span class='ocrx_word' id='word_1_798' title='bbox 1067 2329 1112 2356; x_wconf 82' lang='grc' dir='ltr'><strong>διὰ</strong></span> <span class='ocrx_word' id='word_1_799' title='bbox 1139 2328 1243 2363; x_wconf 81' lang='grc' dir='ltr'>πληθὺν</span> <span class='ocrx_word' id='word_1_800' title='bbox 1268 2328 1389 2364; x_wconf 84' lang='grc' dir='ltr'>δηλονότι</span> <span class='ocrx_word' id='word_1_801' title='bbox 1414 2329 1468 2356; x_wconf 85' lang='grc' dir='ltr'><strong>τῶν</strong></span> <span class='ocrx_word' id='word_1_802' title='bbox 1496 2329 1689 2365; x_wconf 73' lang='grc' dir='ltr'>ὲνῳκηκότων.</span> <span class='ocrx_word' id='word_1_803' title='bbox 1716 2329 1808 2356; x_wconf 84' lang='grc' dir='ltr'>Πειθὼ</span> <span class='ocrx_word' id='word_1_804' title='bbox 1828 2329 1857 2356; x_wconf 72' lang='grc' dir='ltr'>δι</span> 
     </span>
    </p>
   </div>
   <div class='ocr_carea' id='block_1_106' title="bbox 1066 2372 1858 2411">
    <p class='ocr_par' dir='ltr' id='par_1_106' title="bbox 1066 2372 1858 2411">
     <span class='ocr_line' id='line_1_106' title="bbox 1066 2372 1858 2411; baseline 0 -10"><span class='ocrx_word' id='word_1_805' title='bbox 1066 2372 1137 2411; x_wconf 81' lang='grc' dir='ltr'>ἦσαν</span> <span class='ocrx_word' id='word_1_806' title='bbox 1146 2374 1193 2401; x_wconf 80' lang='grc' dir='ltr'>καὶ</span> <span class='ocrx_word' id='word_1_807' title='bbox 1206 2374 1357 2410; x_wconf 80' lang='grc' dir='ltr'>Ῥαμεοσῆ,</span> <span class='ocrx_word' id='word_1_808' title='bbox 1366 2375 1413 2401; x_wconf 78' lang='grc' dir='ltr'>καὶ</span> <span class='ocrx_word' id='word_1_809' title='bbox 1425 2374 1503 2402; x_wconf 72' lang='grc' dir='ltr'>ἄλλαι</span> <span class='ocrx_word' id='word_1_810' title='bbox 1511 2375 1613 2407; x_wconf 79' lang='grc' dir='ltr'>πόλεις.</span> <span class='ocrx_word' id='word_1_811' title='bbox 1624 2375 1819 2410; x_wconf 76' lang='grc' dir='ltr'>Περιειστήκει</span> <span class='ocrx_word' id='word_1_812' title='bbox 1829 2374 1858 2402; x_wconf 79' lang='grc' dir='ltr'>δι</span> 
     </span>
    </p>
   </div>
   <div class='ocr_carea' id='block_1_107' title="bbox 1067 2419 1858 2457">
    <p class='ocr_par' dir='ltr' id='par_1_107' title="bbox 1067 2419 1858 2457">
     <span class='ocr_line' id='line_1_107' title="bbox 1067 2419 1858 2457; baseline 0.003 -11"><span class='ocrx_word' id='word_1_813' title='bbox 1067 2419 1106 2455; x_wconf 83' lang='grc' dir='ltr'>τῷ</span> <span class='ocrx_word' id='word_1_814' title='bbox 1113 2420 1237 2456; x_wconf 81' lang='grc' dir='ltr'>τυράννῳ</span> <span class='ocrx_word' id='word_1_815' title='bbox 1247 2420 1315 2455; x_wconf 79' lang='grc' dir='ltr'>πρὸς</span> <span class='ocrx_word' id='word_1_816' title='bbox 1330 2420 1361 2446; x_wconf 85' lang='grc' dir='ltr'>τδ</span> <span class='ocrx_word' id='word_1_817' title='bbox 1373 2421 1438 2456; x_wconf 80' lang='grc' dir='ltr'>παρ’</span> <span class='ocrx_word' id='word_1_818' title='bbox 1454 2420 1565 2453; x_wconf 56' lang='lat' dir='ltr'><strong>mea;</strong></span> <span class='ocrx_word' id='word_1_819' title='bbox 1576 2422 1593 2456; x_wconf 81' lang='grc' dir='ltr'><strong>ὴ</strong></span> <span class='ocrx_word' id='word_1_820' title='bbox 1610 2420 1716 2456; x_wconf 70' lang='grc' dir='ltr'>σκέψις.</span> <span class='ocrx_word' id='word_1_821' title='bbox 1740 2421 1786 2448; x_wconf 83' lang='grc' dir='ltr'>Ἐν</span> <span class='ocrx_word' id='word_1_822' title='bbox 1804 2421 1858 2457; x_wconf 84' lang='grc' dir='ltr'>γάρ</span> 
     </span>
    </p>
   </div>
   <div class='ocr_carea' id='block_1_108' title="bbox 1066 2465 1858 2502">
    <p class='ocr_par' dir='ltr' id='par_1_108' title="bbox 1066 2465 1858 2502">
     <span class='ocr_line' id='line_1_108' title="bbox 1066 2465 1858 2502; baseline 0.003 -10"><span class='ocrx_word' id='word_1_823' title='bbox 1066 2474 1107 2492; x_wconf 85' lang='grc' dir='ltr'><strong>τοι</strong></span> <span class='ocrx_word' id='word_1_824' title='bbox 1114 2465 1359 2500; x_wconf 79' lang='grc' dir='ltr'>τῷταπεινοῦσθαι,</span> <span class='ocrx_word' id='word_1_825' title='bbox 1365 2467 1429 2501; x_wconf 73' lang='grc' dir='ltr'>φησὶ</span> <span class='ocrx_word' id='word_1_826' title='bbox 1434 2486 1441 2498; x_wconf 88' lang='grc'>,</span> <span class='ocrx_word' id='word_1_827' title='bbox 1448 2466 1511 2498; x_wconf 80' lang='grc' dir='ltr'>τοὺς</span> <span class='ocrx_word' id='word_1_828' title='bbox 1517 2466 1714 2501; x_wconf 74' lang='grc' dir='ltr'>κολαζομένους</span> <span class='ocrx_word' id='word_1_829' title='bbox 1720 2467 1749 2493; x_wconf 75' lang='grc' dir='ltr'>ὲν</span> <span class='ocrx_word' id='word_1_830' title='bbox 1756 2467 1858 2502; x_wconf 69' lang='lat'><strong>61:590-</strong></span> 
     </span>
    </p>
   </div>
   <div class='ocr_carea' id='block_1_109' title="bbox 1067 2509 1856 2547">
    <p class='ocr_par' dir='ltr' id='par_1_109' title="bbox 1067 2509 1856 2547">
     <span class='ocr_line' id='line_1_109' title="bbox 1067 2509 1856 2547; baseline 0.004 -10"><span class='ocrx_word' id='word_1_831' title='bbox 1067 2512 1128 2546; x_wconf 79' lang='grc' dir='ltr'>χαῖς</span> <span class='ocrx_word' id='word_1_832' title='bbox 1143 2511 1174 2537; x_wconf 81' lang='grc' dir='ltr'><strong>τὸ</strong></span> <span class='ocrx_word' id='word_1_833' title='bbox 1188 2511 1288 2546; x_wconf 85' lang='grc' dir='ltr'>δεῖγμα</span> <span class='ocrx_word' id='word_1_834' title='bbox 1302 2512 1330 2538; x_wconf 77' lang='grc' dir='ltr'>ὲν</span> <span class='ocrx_word' id='word_1_835' title='bbox 1342 2511 1463 2546; x_wconf 80' lang='grc' dir='ltr'>μείζοσιν</span> <span class='ocrx_word' id='word_1_836' title='bbox 1477 2509 1521 2547; x_wconf 77' lang='grc' dir='ltr'><strong>ἦν,</strong></span> <span class='ocrx_word' id='word_1_837' title='bbox 1535 2512 1582 2538; x_wconf 88' lang='grc' dir='ltr'>καὶ</span> <span class='ocrx_word' id='word_1_838' title='bbox 1599 2512 1706 2543; x_wconf 76' lang='grc' dir='ltr'>πλείους</span> <span class='ocrx_word' id='word_1_839' title='bbox 1722 2512 1856 2547; x_wconf 66' lang='grc' dir='ltr'>ἐγένοντο,</span> 
     </span>
    </p>
   </div>
   <div class='ocr_carea' id='block_1_110' title="bbox 1069 2554 1856 2590">
    <p class='ocr_par' dir='ltr' id='par_1_110' title="bbox 1069 2554 1856 2590">
     <span class='ocr_line' id='line_1_110' title="bbox 1069 2554 1856 2590; baseline 0.004 -9"><span class='ocrx_word' id='word_1_840' title='bbox 1069 2555 1113 2581; x_wconf 75' lang='grc' dir='ltr'><strong>διὰ</strong></span> <span class='ocrx_word' id='word_1_841' title='bbox 1127 2554 1173 2581; x_wconf 87' lang='grc' dir='ltr'><strong>τοῦ</strong></span> <span class='ocrx_word' id='word_1_842' title='bbox 1187 2554 1289 2582; x_wconf 84' lang='grc' dir='ltr'>κακοῦν</span> <span class='ocrx_word' id='word_1_843' title='bbox 1303 2555 1427 2587; x_wconf 82' lang='grc' dir='ltr'>εἰωθότος</span> <span class='ocrx_word' id='word_1_844' title='bbox 1445 2555 1559 2590; x_wconf 78' lang='grc' dir='ltr'>ὠφελεῖν</span> <span class='ocrx_word' id='word_1_845' title='bbox 1573 2556 1710 2588; x_wconf 78' lang='grc' dir='ltr'>ἐθέλοντος</span> <span class='ocrx_word' id='word_1_846' title='bbox 1726 2556 1774 2583; x_wconf 82' lang='grc' dir='ltr'><strong>τοῦ</strong></span> <span class='ocrx_word' id='word_1_847' title='bbox 1787 2556 1856 2584; x_wconf 74' lang='grc' dir='ltr'>Θεοῦ</span> 
     </span>
    </p>
   </div>
   <div class='ocr_carea' id='block_1_111' title="bbox 1068 2600 1858 2637">
    <p class='ocr_par' dir='ltr' id='par_1_111' title="bbox 1068 2600 1858 2637">
     <span class='ocr_line' id='line_1_111' title="bbox 1068 2600 1858 2637; baseline 0.004 -10"><span class='ocrx_word' id='word_1_848' title='bbox 1068 2601 1131 2632; x_wconf 82' lang='grc' dir='ltr'>τοὺς</span> <span class='ocrx_word' id='word_1_849' title='bbox 1147 2600 1262 2632; x_wconf 77' lang='grc' dir='ltr'>ἀνοσίως</span> <span class='ocrx_word' id='word_1_850' title='bbox 1282 2600 1516 2636; x_wconf 71' lang='grc' dir='ltr'>ὲξυσριζομένους.</span> <span class='ocrx_word' id='word_1_851' title='bbox 1545 2603 1577 2628; x_wconf 88' lang='lat'><strong>&#39;0</strong></span> <span class='ocrx_word' id='word_1_852' title='bbox 1601 2602 1633 2637; x_wconf 83' lang='grc' dir='ltr'><strong>δὴ</strong></span> <span class='ocrx_word' id='word_1_853' title='bbox 1657 2603 1703 2629; x_wconf 80' lang='grc' dir='ltr'>καὶ</span> <span class='ocrx_word' id='word_1_854' title='bbox 1727 2603 1858 2635; x_wconf 77' lang='grc' dir='ltr'>συνιεὶςό</span> 
     </span>
    </p>
   </div>
   <div class='ocr_carea' id='block_1_112' title="bbox 1068 2646 1855 2685">
    <p class='ocr_par' dir='ltr' id='par_1_112' title="bbox 1068 2646 1855 2685">
     <span class='ocr_line' id='line_1_112' title="bbox 1068 2646 1855 2685; baseline 0.006 -14"><span class='ocrx_word' id='word_1_855' title='bbox 1068 2646 1211 2680; x_wconf 81' lang='grc' dir='ltr'>τύραννος,</span> <span class='ocrx_word' id='word_1_856' title='bbox 1227 2647 1382 2681; x_wconf 84' lang='grc' dir='ltr'>προσετίθει</span> <span class='ocrx_word' id='word_1_857' title='bbox 1396 2649 1451 2679; x_wconf 82' lang='grc' dir='ltr'>τοῖς</span> <span class='ocrx_word' id='word_1_858' title='bbox 1475 2648 1565 2679; x_wconf 79' lang='grc' dir='ltr'>πόνοις</span> <span class='ocrx_word' id='word_1_859' title='bbox 1581 2649 1676 2684; x_wconf 71' lang='grc' dir='ltr'>ἑτέραν</span> <span class='ocrx_word' id='word_1_860' title='bbox 1697 2649 1855 2685; x_wconf 72' lang='grc' dir='ltr'>ἐπιϐουλήν.</span> 
     </span>
    </p>
   </div>
   <div class='ocr_carea' id='block_1_113' title="bbox 1069 2690 1858 2732">
    <p class='ocr_par' dir='ltr' id='par_1_113' title="bbox 1069 2690 1858 2732">
     <span class='ocr_line' id='line_1_113' title="bbox 1069 2690 1858 2732; baseline 0.008 -16"><span class='ocrx_word' id='word_1_861' title='bbox 1069 2690 1136 2722; x_wconf 82' lang='grc' dir='ltr'>Ταῖς</span> <span class='ocrx_word' id='word_1_862' title='bbox 1149 2690 1203 2727; x_wconf 83' lang='grc' dir='ltr'><strong>γὰρ</strong></span> <span class='ocrx_word' id='word_1_863' title='bbox 1211 2690 1345 2719; x_wconf 81' lang='grc' dir='ltr'>Ἰουδαίων</span> <span class='ocrx_word' id='word_1_864' title='bbox 1353 2693 1460 2720; x_wconf 77' lang='grc' dir='ltr'>ἐκέλευε</span> <span class='ocrx_word' id='word_1_865' title='bbox 1468 2694 1571 2729; x_wconf 80' lang='grc' dir='ltr'>μαίαις,</span> <span class='ocrx_word' id='word_1_866' title='bbox 1579 2694 1604 2721; x_wconf 83' lang='grc' dir='ltr'><strong>ει</strong></span> <span class='ocrx_word' id='word_1_867' title='bbox 1616 2693 1797 2732; x_wconf 84' lang='grc' dir='ltr'>μαιεύο[ι]ντο</span> <span class='ocrx_word' id='word_1_868' title='bbox 1810 2703 1858 2729; x_wconf 79' lang='grc' dir='ltr'><strong>γυ-</strong></span> 
     </span>
    </p>
   </div>
   <div class='ocr_carea' id='block_1_114' title="bbox 1069 2737 1857 2776">
    <p class='ocr_par' dir='ltr' id='par_1_114' title="bbox 1069 2737 1857 2776">
     <span class='ocr_line' id='line_1_114' title="bbox 1069 2737 1857 2776; baseline 0.005 -14"><span class='ocrx_word' id='word_1_869' title='bbox 1069 2737 1165 2768; x_wconf 82' lang='grc' dir='ltr'>ναῖκας</span> <span class='ocrx_word' id='word_1_870' title='bbox 1179 2737 1226 2769; x_wconf 80' lang='grc' dir='ltr'><strong>τὰς</strong></span> <span class='ocrx_word' id='word_1_871' title='bbox 1245 2738 1289 2764; x_wconf 76' lang='grc' dir='ltr'><strong>ἐπ’</strong></span> <span class='ocrx_word' id='word_1_872' title='bbox 1300 2738 1392 2766; x_wconf 83' lang='grc' dir='ltr'>ὠδῖσιν</span> <span class='ocrx_word' id='word_1_873' title='bbox 1403 2739 1452 2775; x_wconf 76' lang='grc' dir='ltr'><strong>ήδη</strong></span> <span class='ocrx_word' id='word_1_874' title='bbox 1464 2739 1512 2766; x_wconf 84' lang='grc' dir='ltr'>καὶ</span> <span class='ocrx_word' id='word_1_875' title='bbox 1528 2740 1627 2774; x_wconf 84' lang='grc' dir='ltr'>τόκοις,</span> <span class='ocrx_word' id='word_1_876' title='bbox 1639 2740 1670 2768; x_wconf 76' lang='grc' dir='ltr'>ἐδ</span> <span class='ocrx_word' id='word_1_877' title='bbox 1684 2741 1713 2768; x_wconf 78' lang='grc' dir='ltr'><strong>ὲν</strong></span> <span class='ocrx_word' id='word_1_878' title='bbox 1727 2740 1857 2776; x_wconf 77' lang='grc' dir='ltr'>ὑποψίαις</span> 
     </span>
    </p>
   </div>
   <div class='ocr_carea' id='block_1_115' title="bbox 273 2813 1014 2859">
    <p class='ocr_par' dir='ltr' id='par_1_115' title="bbox 273 2813 1004 2854">
     <span class='ocr_line' id='line_1_115' title="bbox 273 2813 1004 2854; baseline 0.014 -14"><span class='ocrx_word' id='word_1_879' title='bbox 273 2813 294 2829; x_wconf 81' lang='grc'><strong>⁸⁷</strong></span> <span class='ocrx_word' id='word_1_880' title='bbox 325 2815 400 2842; x_wconf 75' lang='lat' dir='ltr'><strong>Joan.</strong></span> <span class='ocrx_word' id='word_1_881' title='bbox 420 2823 446 2848; x_wconf 76' lang='grc' dir='ltr'><strong>ι,</strong></span> <span class='ocrx_word' id='word_1_882' title='bbox 459 2816 495 2850; x_wconf 84' lang='lat'><strong>9;</strong></span> <span class='ocrx_word' id='word_1_883' title='bbox 513 2825 565 2852; x_wconf 74' lang='lat' dir='ltr'><strong>xxv,</strong></span> <span class='ocrx_word' id='word_1_884' title='bbox 582 2818 607 2846; x_wconf 82' lang='grc' dir='ltr'>ϐ.</span> <span class='ocrx_word' id='word_1_885' title='bbox 648 2819 735 2848; x_wconf 83' lang='lat' dir='ltr'><strong>“Col.</strong></span> <span class='ocrx_word' id='word_1_886' title='bbox 756 2828 785 2854; x_wconf 78' lang='grc' dir='ltr'>ιι,</span> <span class='ocrx_word' id='word_1_887' title='bbox 801 2821 827 2848; x_wconf 78' lang='grc'>5.</span> <span class='ocrx_word' id='word_1_888' title='bbox 867 2822 889 2838; x_wconf 75' lang='grc'><strong>⁸⁸</strong></span> <span class='ocrx_word' id='word_1_889' title='bbox 905 2821 926 2849; x_wconf 90' lang='lat' dir='ltr'><strong>ll</strong></span> <span class='ocrx_word' id='word_1_890' title='bbox 941 2820 1004 2850; x_wconf 87' lang='lat' dir='ltr'><strong>Cor.</strong></span> 
     </span>
    </p>
   </div>
   <div class='ocr_carea' id='block_1_116' title="bbox 1066 2813 1530 2859">
    <p class='ocr_par' dir='ltr' id='par_1_116' title="bbox 1066 2824 1530 2859">
     <span class='ocr_line' id='line_1_116' title="bbox 1066 2824 1530 2859; baseline -0.006 -4"><span class='ocrx_word' id='word_1_891' title='bbox 1066 2824 1108 2855; x_wconf 65' lang='grc' dir='ltr'>ιδ.</span> <span class='ocrx_word' id='word_1_892' title='bbox 1146 2825 1170 2841; x_wconf 82' lang='grc'><strong><em>⁵⁸</em></strong></span> <span class='ocrx_word' id='word_1_893' title='bbox 1182 2825 1267 2854; x_wconf 77' lang='lat' dir='ltr'><strong>Exod.</strong></span> <span class='ocrx_word' id='word_1_894' title='bbox 1289 2833 1307 2859; x_wconf 82' lang='grc' dir='ltr'>ι,</span> <span class='ocrx_word' id='word_1_895' title='bbox 1329 2825 1355 2854; x_wconf 79' lang='lat'><strong>5.</strong></span> <span class='ocrx_word' id='word_1_896' title='bbox 1388 2828 1411 2845; x_wconf 83' lang='lat'><strong><em>&quot;</em></strong></span> <span class='ocrx_word' id='word_1_897' title='bbox 1424 2826 1490 2856; x_wconf 80' lang='lat' dir='ltr'><strong>Ibid.</strong></span> <span class='ocrx_word' id='word_1_898' title='bbox 1506 2827 1530 2853; x_wconf 88' lang='lat'><strong>7.</strong></span> 
     </span>
    </p>
   </div>
  </div>
