4024 6198
406 214 510 271 589

1423 210 1941 269 οιλρηγιιοιιωι
1979 212 2046 268 ΙΝ
2086 213 2370 271 EXODUM
2410 215 2538 270 LIB.
2571 215 2612 270 l.

3577 222 3639 276 ὂίὶ
3647 223 3681 275 ο

405 330 584 384 αὐτῶν
620 326 976 393 καταπνίγειν
1007 325 1198 393 γένος,
1234 327 1500 392 τουτέστι,
1534 330 1594 381 τὸ
1636 331 1823 399 ἄρσεν,
1860 329 1978 393 ζωο-

2095 339 2257 402 partu
2306 332 2585 397 adessent,
2631 341 2948 402 suspectum
2992 334 3096 406 ipsi
3138 350 3330 405 genus,
3375 341 3678 395 masculum

402 422 582 488 γονεῖν
623 418 679 471 δὲ
710 417 769 470 τὸ
803 417 958 486 θῆλυ.
994 417 1168 484 Λόγου
1199 416 1308 488 γὰρ
1347 417 1517 471 ἐδόκει
1555 419 1784 488 μηδενὸς
1807 419 1992 486 ἀξιοῦν

401 512 463 564 τὸ
484 509 679 565 ἀναλκι
719 509 811 562 καὶ
837 507 1128 578 ἀφιλοπόλε
1139 526 1256 579 μον,
1285 512 1378 564 καὶ⁸
1409 513 1488 574 είς
1519 509 1718 575 δειλίας
1751 511 1992 577 εὔκολον,

399 601 500 656 καὶ
535 601 686 671 νόμῳ
716 599 928 667 φύσεως
958 599 1357 670 τεθρυμμένον.
1420 599 1560 653 Ἀλλ’
1587 601 1690 653 οὐκ
1738 601 1908 671 ἔδρων
1937 603 1994 655 αί

401 697 562 764 μαῖαι
589 693 650 745 τὺ
675 691 952 756 δυσσεϐὲς,
985 692 1222 762 ἧρεσκόν
1250 709 1309 744 τε
1338 691 1426 745 διὰ
1453 691 1626 745 ταῦτα
1645 691 1782 761 Θεῷ.
1812 692 1876 745 Τί
1901 686 1994 747 οὖν

397 786 425 836 ὁ
449 785 762 855 ἀλιτήριος;
801 781 1236 853 Ἀπαμφιέννυσι
1261 781 1358 852 τὴν
1390 780 1580 850 ὀργὴν,
1609 781 1704 833 καὶ
1735 782 1860 846 τοὺς
1895 785 1994 852 τῆς

397 876 746 945 ἀνοσιότητος
774 875 1007 945 τρόπους
1039 875 1416 943 ἀναισχυντεῖν
1455 871 1759 925 ἀναπείθει.
1791 889 1810 922 ι
1849 873 1982 924 Συν-

396 969 556 1034 ἐταξε
589 969 698 1043 γὰρ
741 966 942 1039 Φαραὼ
977 965 1141 1020 παντὶ
1169 965 1246 1035 τῷ
1275 964 1389 1035 λαῷ
1435 963 1596 1018 αὑτοῦ
1638 964 1834 1032 λέγων·
1883 965 1996 1017 Πᾶν

396 1062 591 1132 ἄρσεν,
624 1060 653 1113 ὃ
690 1060 757 1114 ἀν
809 1058 970 1129 τεχθῇ
1009 1060 1120 1121 τοῖς
1165 1056 1460 1128 Ἐὅραίοις,
1501 1057 1580 1120 εἰς
1613 1056 1704 1109 τὸν
1753 1055 1996 1126 ποταμὸν

397 1152 618 1223 ῥίψατε,
649 1153 744 1206 καὶ
773 1153 880 1205 πᾶν
906 1151 1038 1222 θῆλυ
1073 1148 1389 1217 ζωογονεῖτε
1425 1149 1574 1201 αὑτό.
1610 1166 1626 1198 ι

2095 423 2378 488 nimirum,
2430 423 2785 488 sull‘ocarent,
2831 425 3154 481 femininum
3202 435 3387 482 autem
3435 430 3491 484 in
3537 433 3680 487 vivis

2060 551 2063 554 ι
2095 515 2418 570 retinerent.
2444 514 2656 586 Quippe
2683 516 2829 585 quod
2855 517 3006 572 nullo
3030 517 3085 572 in
3109 533 3339 574 numero
3361 521 3676 588 ponendum

2097 603 2377 660 videretur
2406 605 2680 660 imbecille
2705 605 2850 660 istud
2876 613 2931 661 et
2958 605 3198 672 imbelle,
3228 615 3392 678 atque
3417 608 3486 663 ad
3515 612 3677 665 timo-

2097 711 2211 750 rem
2269 697 2530 766 proclive,
2571 697 2799 768 legeque
2853 707 3064 753 natura
3107 699 3442 754 diminutum
3483 716 3676 772 genus.

2098 787 2167 842 At
2183 802 2315 840 vero
2335 788 2662 843 obstetrices
2683 788 2891 843 crudeli
2916 789 3099 844 edicto
3119 805 3464 860 nequaquam
3485 807 3680 860 parue-

2097 885 2246 942 runt,
2274 893 2379 947 qua
2405 877 2472 932 de
2496 894 2658 934 causa
2683 887 2738 934 et
2765 881 2876 935 Deo
2906 882 3251 952 placuerunt.
3277 882 3346 937 At
3374 883 3507 952 quid
3539 891 3678 938 teter

2097 967 2198 1023 iste
2224 969 2522 1039 tyrannus?
2557 971 2919 1027 Excandescit
2947 972 3047 1037 ira,
3075 982 3133 1028 et
3160 973 3453 1028 inusitatos
3482 973 3678 1028 crude-

2094 1059 2270 1115 litatis
2307 1062 2497 1116 modos
2541 1061 2725 1117 animo
2751 1064 3012 1135 concipit.
3045 1064 3124 1120 Ita
3147 1065 3296 1119 enim
3334 1065 3412 1120 ait
3453 1071 3674 1120 textus:

2105 1169 2123 1201 ι
2154 1152 2421 1222 Praecepit
2444 1163 2627 1208 autem
2656 1155 2868 1210 Pharao
2891 1156 3040 1210 omni
3066 1157 3270 1226 populo
3293 1172 3413 1221 suo,
3442 1156 3632 1211 dicens
3657 1172 3672 1210 :

395 1241 629 1297 Omnem
661 1241 965 1296 masculum
1001 1240 1095 1310 qui
1127 1248 1288 1294 natus
1321 1237 1490 1292 fuerit
1541 1237 1802 1302 Hebraeis,
1861 1237 1919 1290 in
1977 1235 2181 1294 ﬂumen
2228 1242 2500 1312 proji‘cite,
2539 1253 2594 1298 et
2660 1259 2878 1300 omnem
2919 1244 3193 1300 femellam
3239 1245 3292 1300 in
3336 1245 3445 1299 vita
3489 1259 3672 1300 reser-

396 1343 520 1387 vate
552 1334 590 1365 ⁸⁸
603 1323 644 1380 ὀ
661 1354 678 1384 ι

552 1343 590 1365 ,ι
606 1343 644 1380 -,
661 1354 678 1384 ,

466 1343 534 1493 ιγῗ.
573 1425 709 1478 Ἀλλ’
735 1422 974 1478 ἱστάσθω
993 1421 1089 1493 μὲν
1107 1423 1164 1475 ἐν
1183 1419 1356 1490 τούτῳ
1370 1421 1467 1491 τῆς
1500 1420 1739 1490 ἱστορίας
1763 1423 1790 1473 ὁ
1805 1421 1981 1488 λόγος.

390 1517 699 1586 Φράςωμεν
726 1516 783 1568 δὲ
817 1516 941 1585 ἥδη,
970 1517 1079 1576 τοῖς
1102 1513 1358 1566 ἐσωτάτω
1377 1513 1727 1584 θεωρήμασιν
1755 1514 1986 1576 ἐνιέντες

2163 1422 2214 1476 5.
2258 1422 2434 1493 Atque
2475 1423 2529 1478 in
2561 1424 2648 1478 his
2675 1424 2899 1494 quidem
2935 1424 3166 1479 historia
3201 1423 3483 1478 subsistat.
3516 1425 3672 1483 Nunc

2091 1513 2158 1566 ad
2197 1513 2505 1568 inlimiores
2541 1513 2901 1585 cogitationes
2939 1522 3177 1570 mentem
3211 1515 3487 1585 erigentes
3522 1515 3670 1572 dicao

390 1610 482 1662 τδν
507 1607 656 1672 νοῦν,
687 1609 792 1672 ὅτι,
813 1607 912 1677 τῆς
937 1604 1228 1675 ἀνθρώπου
1253 1604 1486 1667 διανοίας
1516 1605 1840 1675 ἐγκειμένης
1870 1608 1978 1658 ἐπι-

2092 1618 2242 1668 mus;
2276 1603 2420 1672 quod
2458 1619 2580 1658 cum
2623 1620 2778 1660 mens
2811 1605 3052 1660 hominis
3075 1606 3144 1659 ab
3167 1605 3530 1662 adolescentia
3571 1623 3668 1662 sua

395 1701 575 1771 μελῶς
607 1701 700 1752 ἐπὶ
729 1699 801 1751 τὰ
834 1697 1042 1768 πονηρὲ
1080 1698 1146 1750 ἐκ
1171 1695 1422 1766 νεότητος
1451 1695 1639 1759 αὑτοῦ,
1673 1695 1847 1765 ἐνδείᾳ
1877 1697 1982 1750 τῶν

389 1791 601 1845 ἀνωθεν
643 1787 885 1857 ἀγαθῶν,
938 1789 1104 1851 ἅπαν,
1143 1785 1218 1849 ὼς
1249 1785 1378 1848 ἔπος
1401 1787 1594 1849 εἰπεῖν,
1635 1785 1694 1837 τὸ
1739 1786 1830 1838 ἐπὶ¹
1880 1787 1982 1856 γῆς

389 1882 681 1952 ἐφθείρετο
711 1880 886 1948 γένος,
913 1879 1006 1930 καὶ
1031 1878 1187 1948 λιμὸς
1210 1870 1297 1929 οἷά
1319 1894 1400 1940 τις
1419 1877 1527 1931 τῶν
1548 1878 1812 1950 οὐρανίων
1835 1879 1981 1948 ἡμᾶς

388 1974 756 2028 κατεῦὀσκετο
793 1971 1153 2042 μαθημάτων,
1189 1971 1437 2042 καθάπερ
1481 1971 1674 2040 ἀμέλει
1706 1970 1980 2042 καταθρή-

388 2083 592 2135 σαιμεν
624 2063 691 2118 ἀν
731 2065 822 2116 καὶ
853 2063 942 2116 τὸν
976 2064 1051 2126 ὡς
1080 2065 1137 2115 ἐν
1169 2063 1325 2132 τύπῳ
1355 2062 1674 2132 παραϐολῆς
1700 2062 1977 2134 γρατρόμε-

387 2175 476 2212 νον
511 2157 744 2219 ἄσωτον,
771 2155 942 2224 ὅςτὴν
968 2154 1228 2226 πατρῴαν
1255 2155 1444 2209 οὐσίαν
1467 2159 1524 2209 ἐν
1542 2154 1812 2226 ἀλλοδαπῇ
1844 2172 1978 2209 κατ-

388 2248 670 2318 εδήδοκεν,
703 2247 1040 2318 ὲπεθύμειτε
1057 2246 1422 2318 χορτασθῆναι
1447 2247 1552 2300 τῶν
1575 2246 1844 2318 κερατίων
1881 2241 1978 2319 [ὧν

386 2337 602 2412 ἢσθιον]
643 2341 690 2392 ot
730 2343 919 2410 χοῖροι.
969 2337 1238 2411 Ταύτῃ-τοι
1267 2338 1832 2412 προσδεδραμήκαμεν
1866 2341 1979 2402 τοῖς

387 2428 808 2499 γειυδεστὲροις,
831 2428 1059 2497 ἀφέντες
1086 2429 1147 2480 τὸ
1164 2428 1388 2498 ἄμεινον
1410 2431 1503 2483 καὶ
1521 2431 1579 2482 τὸ
1603 2429 1711 2483 δεῖν
1731 2430 1978 2498 ἐφίεσθαι

387 2518 498 2573 τῶν
515 2518 998 2588 λυσιτελεστέρων,
1018 2520 1087 2572 δι’
1101 2513 1174 2573 ὧν
1188 2515 1252 2590 ἦν
1266 2520 1414 2584 εἰκὸς
1429 2521 1715 2593 εὐμενείας
1725 2523 1823 2593 τῆς
1841 2523 1952 2577 ἀνω
1966 2554 1978 2562 -

387 2609 482 2664 θεν
511 2611 614 2680 οὐχ
652 2611 935 2682 ἁμαρτεῖν,
969 2610 1062 2664 καὶ
1087 2611 1396 2680 οἰκειότητα
1437 2612 1537 2682 τὴν
1565 2613 1638 2675 ὡς
1670 2613 1806 2682 πρὸς
1844 2611 1976 2665 Θεὸν

388 2701 760 2765 πλουτοῦντας
793 2701 1045 2772 ὁρᾶσθαι.
1085 2702 1514 2774 Διωλισθηκότες
1551 2704 1616 2775 δὴ
1649 2701 1742 2758 οὖν
1779 2704 1977 2767 παντὸς

384 2793 481 2847 τοῦ
525 2794 741 2864 ἀνέχειν
787 2795 1057 2864 ἰσχύοντος
1097 2795 1178 2859 είς
1210 2813 1274 2864 γε
1320 2797 1381 2849 τὸ
1425 2793 1484 2850 εὖ
1525 2793 1666 2850 εἶναι
1711 2797 1804 2850 καὶ
1839 2795 1978 2864 μετὰ

383 2883 555 2948 Θεοῦ,
591 2887 797 2957 ταμίαν
831 2887 929 2957 μὲν
963 2887 1144 2941 οὐκέτι
1172 2887 1281 2940 τῶν
1312 2887 1432 2941 καθ’
1469 2891 1616 2960 ἡμᾶς
1645 2888 1976 2958 ἐποιούμεθα

2085 1713 2256 1766 prona
2282 1698 2352 1751 sit
2374 1698 2440 1752 ad
2470 1699 2673 1752 malum
2697 1700 2766 1754 ob
2800 1699 3159 1770 indigentiam
3185 1715 3547 1770 supernorum
3573 1702 3670 1756 bo-

2083 1805 2278 1842 norum
2306 1790 2371 1853 “,
2405 1798 2604 1856 totum,
2646 1800 2707 1846 ut
2753 1807 2860 1846 uno
2903 1791 3073 1846 verbo
3117 1791 3316 1856 dicam,
3353 1793 3665 1848 mortalium

2081 1894 2256 1949 genus
2284 1889 2602 1950 corruptum
2641 1881 2764 1944 fuit,
2793 1897 2856 1936 ac
2880 1883 3051 1936 veluti
3079 1881 3250 1936 fames
3276 1881 3524 1952 quaedam
3552 1897 3665 1938 em-

2081 1969 2235 2024 lestis
2274 1969 2540 2025 doctrinae
2579 1987 2680 2026 nos
2710 1972 2933 2040 depasta
2961 1981 3066 2037 est,
3091 1972 3552 2042 quemadmodum
3573 1989 3669 2029 ex-

2080 2076 2271 2131 presse
2319 2061 2506 2116 videre
2553 2078 2868 2132 possumus,
2907 2064 3078 2118 veluti
3117 2063 3174 2118 in
3225 2072 3352 2134 typo
3395 2063 3665 2134 parabolae

2079 2151 2359 2221 depictum
2403 2151 2714 2223 prodigum,
2771 2153 2900 2222 quia
2939 2153 3182 2222 paternis
3224 2153 3578 2210 facultatibus
3608 2154 3665 2209 in

2078 2251 2306 2298 externa
2352 2244 2572 2314 regione
2624 2244 2959 2314 dilapidatis,
2998 2245 3214 2314 siliquis
3259 2245 3463 2314 quibus
3510 2246 3663 2316 porci

2078 2336 2466 2406 pascebantur,
2509 2337 2744 2392 saturari
2789 2337 3047 2407 cupiebat
3073 2339 3140 2390 ⁸³.
3181 2336 3418 2406 Ideoque
3453 2338 3523 2392 ad
3559 2346 3668 2394 ter-

2078 2438 2211 2482 rena
2235 2427 2607 2499 confugimus,
2637 2427 2836 2483 relicto
2861 2444 2926 2483 eo
2961 2428 3107 2499 quod
3145 2436 3265 2483 erat
3296 2430 3514 2496 melius,
3537 2445 3664 2486 cum

2077 2519 2262 2588 potius
2305 2519 2694 2574 debuissemus
2740 2521 2958 2574 utiliora
3005 2519 3357 2590 expetivisse,
3403 2537 3502 2591 per
3543 2537 3666 2591 quae

2077 2617 2224 2664 certe
2263 2625 2546 2680 nunquam
2589 2626 2831 2680 superno
2865 2611 3052 2666 favore
3093 2612 3511 2678 excidissemus,
3551 2614 3665 2669 imo

2076 2715 2208 2754 vero
2247 2700 2342 2754 Dei
2387 2701 2684 2756 amicitiam
2729 2702 2970 2756 ubertim
3010 2703 3294 2757 consecuti
3340 2702 3657 2760 fuissemus.

2078 2789 2240 2860 Lapsi
2285 2791 2450 2861 igitur
2493 2791 2562 2846 ab
2607 2791 2696 2855 iis,
2723 2807 2846 2862 qua:
2885 2807 2986 2846 nos
3022 2792 3078 2846 in
3114 2791 3258 2846 bono
3291 2792 3660 2860 continerent,

2078 2883 2299 2953 Deoque
2375 2884 2673 2949 satiarent,
2723 2884 2819 2954 qui
2879 2891 3071 2953 suapte
3135 2893 3333 2938 natura
3407 2899 3474 2939 ac
3531 2901 3662 2941 vere

384 2979 480 3030 τὸν
529 2977 692 3047 φύσει
733 2995 792 3030 τε
839 2978 934 3031 καὶ
981 2978 1197 3050 ἀληθῶς
1246 2979 1375 3033 ὅντα
1422 2981 1719 3052 Δεσπότην.
1767 2981 1874 3052 Γῆς
1919 2981 1974 3035 δὲ

2082 2973 2344 3028 Dominus
2403 2982 2524 3039 est,
2570 2989 2682 3029 non
2729 2973 2968 3044 amplius
3013 2983 3296 3030 auctorem
3343 2984 3660 3032 nostrorum

385 3067 582 3140 ὥσπερ
604 3069 785 3137 ἁγίας,
820 3070 915 3140 τῆς
937 3070 1181 3138 φιλοθέου
1207 3068 1354 3139 ζωῆς
1377 3071 1846 3143 ἐκκεχωρηκότες,
1882 3073 1974 3124 καὶ

385 3163 469 3225 είς
517 3161 621 3232 τὴν
669 3161 867 3231 αἰσχίω
900 3178 958 3214 τε
1005 3161 1100 3214 καὶ
1143 3160 1564 3232 ἀκαλλεστέραν,
1615 3163 1710 3216 καὶ
1750 3162 1856 3216 ὑπὸ
1897 3162 1975 3232 τῷ

385 3252 625 3321 διαϐόλῳ
657 3252 914 3322 κειμένην
947 3253 1228 3323 μονονουχὶ
1265 3252 1736 3324 κατερρυηκότες,
1790 3254 1848 3306 ἐν
1877 3254 1976 3323 ίσῳ

387 3345 695 3416 γεγόναμεν
736 3347 847 3408 τοῖς
875 3346 940 3398 ἐκ
965 3343 1186 3398 Χαναὰν
1227 3345 1632 3415 κατοιχομένοις
1682 3347 1762 3408 είς
1804 3344 1973 3415 Αἵγυ·

387 3454 548 3496 πτον.
607 3438 702 3490 καὶ
752 3436 858 3489 ὑπὸ
889 3439 1046 3507 χεῖρα
1087 3435 1474 3506 γεγενημένοις
1524 3436 1622 3506 τὴν
1669 3435 1868 3508 Φαραώ
1913 3453 1974 3490 τε

388 3529 486 3582 καὶ
517 3528 851 3597 Αἰγυπτίων,
891 3527 940 3580 οἳ
968 3529 1087 3591 ταῖς
1119 3526 1227 3580 τῶν
1256 3526 1547 3592 δαιμονίων
1575 3525 1852 3597 λατρείαις
1885 3529 1976 3580 ἐκ·

385 3619 570 3683 τόπως
624 3620 973 3690 ἐγκείμενοι,
1019 3620 1112 3672 καὶ
1162 3619 1270 3671 πᾶν
1317 3613 1455 3679 εἶδος
1506 3617 1838 3688 φαυλότητος
1874 3619 1974 3672 οὐκ

387 3709 808 3780 ἀνεπιτήδευτον
845 3707 1056 3778 ἔχοντες
1077 3747 1091 3770 ,
1124 3706 1506 3776 παραδείξειαν
1528 3706 1593 3761 ἂν
1616 3709 1690 3770 ὼς
1720 3709 1777 3762 ἐν
1805 3709 1973 3762 εικόνι

386 3798 574 3851 λοιπὸν
607 3798 664 3850 ἐν
686 3797 898 3860 ἑαυτοῖς
923 3798 1086 3851 αὐτόν
1115 3814 1174 3850 τε
1200 3796 1290 3849 τὸν
1315 3798 1578 3858 Σατανᾶν,
1608 3800 1700 3852 καὶ
1726 3800 1853 3862 τοὺς
1881 3799 1974 3852 ὑπ’

387 3887 542 3958 αὐτῷ
560 3929 575 3950 ,
607 3887 700 3952 οὓς
728 3889 823 3942 καὶ
852 3888 1008 3950 θεοὺς
1037 3886 1311 3958 ἐνόμιζον,
1343 3889 1844 3960 ἐκκεκρουσμένους
1875 3889 1973 3959 μὲν

388 3978 492 4049 τῆς
517 3979 748 4050 ἀρίστης
784 3981 1095 4052 φρονήσεως
1116 4020 1131 4045 ,
1166 3979 1336 4051 ἀχλύν
1360 3997 1420 4034 τε
1451 3982 1547 4036 καὶ
1578 3981 1766 4035 σκότον
1793 3981 1884 4035 τὸν
1915 3980 1974 4047 ἐξ

387 4069 663 4138 ἀμαθείας
711 4070 1152 4141 ὴῤῥωστηκότες.
1203 4071 1419 4143 Ἐπειδὴ
1466 4070 1522 4123 δὲ
1549 4069 1653 4122 ὑπὸ
1689 4069 1845 4140 δεινῷ
1876 4070 1972 4122 καὶ

388 4161 654 4231 ἀλιτηρίῳ
681 4159 916 4231 δεσπότῃ
947 4163 1273 4233 γεγόναμεν,
1316 4161 1464 4232 φημὶ
1503 4161 1566 4221 δὴ
1600 4160 1678 4232 τῷ
1720 4162 1932 4232 Σατανᾷ
1954 4201 1970 4225 ,

389 4250 550 4322 πηλῷ
598 4252 690 4305 καὶ
745 4249 994 4322 πλινθεία
1041 4252 1524 4323 κατετρυχόμεθα,
1563 4253 1705 4323 φημὶ
1753 4251 1815 4325 δὴ
1861 4256 1972 4316 τοῖς

2080 3067 2354 3121 bonorum
2432 3066 2774 3137 agnovimus.
2848 3064 2956 3122 Sed
3034 3081 3159 3120 eum
3243 3065 3661 3124 discesserimus

2079 3174 2146 3213 ex
2189 3158 2276 3228 pia
2336 3158 2483 3222 vita,
2546 3165 2806 3228 tanquam
2865 3173 2934 3211 ex
2997 3165 3147 3212 terra
3218 3166 3436 3224 sancta,
3496 3157 3659 3230 247

2079 3257 2136 3305 et
2179 3250 2235 3304 in
2265 3249 2553 3305 fmdiorem
2605 3249 3020 3318 tetrioremque,
3053 3264 3174 3318 qua:
3213 3248 3434 3305 diabolo
3481 3261 3657 3320 paret,

2080 3340 2235 3412 quasi
2274 3341 2483 3396 detrusi
2507 3340 2794 3405 fuerimus,
2823 3348 2952 3394 tunc
3001 3339 3112 3394 illis
3154 3340 3364 3396 similes
3403 3340 3531 3397 facti
3563 3357 3658 3397 su-

2080 3448 2223 3495 mus,
2249 3431 2342 3502 qui
2381 3447 2448 3486 ex
2475 3431 2733 3486 Chanaan
2781 3431 2836 3486 in
2859 3429 3153 3502 Egyptum
3204 3431 3656 3504 commigrarunt,

2079 3533 2135 3578 et
2158 3524 2458 3579 Pharaonis
2493 3521 2982 3595 Egyptiorumque
3016 3525 3279 3594 potestati
3314 3525 3566 3596 subjecti,
3603 3533 3660 3581 et

2080 3616 2321 3670 cultibus
2365 3615 2655 3671 diabolicis
2683 3616 2886 3670 mirum
2936 3616 2994 3670 in
3025 3617 3250 3672 modum
3294 3617 3492 3684 dediti,
3528 3618 3657 3674 nul~

2078 3708 2302 3777 lumque
2335 3707 2525 3779 ﬂagitii
2561 3724 2733 3779 genus
2755 3707 3263 3778 prmtermittentes,
3302 3716 3562 3779 tanquam
3599 3710 3657 3765 in

2081 3797 2316 3868 imagine
2346 3812 2458 3866 prae
2487 3811 2545 3851 se
2575 3797 2759 3852 ferunt
2785 3797 2966 3866 ipsum
2997 3795 3253 3851 Satanam
3274 3799 3502 3868 ejusque
3549 3798 3654 3852 mi-

2079 3892 2302 3952 nistros,
2337 3903 2476 3957 quos
2502 3895 2558 3942 et
2589 3887 2724 3942 deos
2751 3888 3154 3953 existimarunt,
3195 3887 3265 3943 ab
3305 3889 3512 3958 optima
3535 3891 3658 3959 qui-

2079 3977 2204 4032 dem
2225 3977 2557 4048 cogitatione
2599 3977 2836 4048 depulsi,
2876 3978 3108 4050 caligine
3133 3994 3267 4036 vero
3319 3995 3385 4036 ac
3411 3981 3658 4039 tenebris

2079 4067 2403 4139 ignorantiae
2449 4067 2754 4138 praepediti.
2797 4068 3092 4140 Postquam
3113 4076 3298 4125 autem
3323 4069 3462 4126 duro
3489 4077 3656 4142 atquo

2077 4158 2283 4213 exitiali
2312 4157 2555 4223 domino,
2586 4158 2823 4224 Satanae,
2853 4160 3096 4230 inquam,
3137 4161 3370 4234 subjecti
3415 4162 3653 4232 fuimus,

2081 4255 2195 4303 tum
2219 4248 2332 4304 luto
2356 4263 2420 4304 ac
2445 4249 2713 4306 lateribus
2733 4266 2924 4307 sumus
2944 4253 3148 4319 vexati,
3199 4255 3306 4311 hoc
3318 4263 3423 4321 est,
3476 4265 3654 4314 terre-

351 4372 354 4375 -
389 4346 517 4416 περὶ
550 4343 656 4414 γῆν
697 4362 756 4398 τε
796 4345 892 4398 καὶ
927 4347 1041 4408 τοῖς
1074 4344 1132 4398 ἐν
1155 4344 1293 4415 αὐτῇ
1339 4343 1758 4416 βδελυρωτάτοις
1806 4360 1971 4397 σπου-

2082 4339 2164 4395 nis
2191 4348 2355 4411 atque
2383 4341 2845 4397 abominabilibus
2867 4343 3148 4413 operibus,
3171 4360 3296 4414 quae
3313 4363 3425 4401 non
3445 4348 3652 4418 absque

389 4436 660 4506 δάσμασιν
688 4437 788 4490 οὐκ
819 4436 1078 4508 ἀνιδρωτὶ
1109 4436 1476 4507 τελουμένοις.
1526 4436 1601 4488 Οὐ
1646 4435 1756 4507 γὰρ
1790 4432 1969 4506 ἀπήλ-

392 4527 585 4580 λακται
616 4528 813 4590 πόνων,
854 4527 958 4581 κᾶν
994 4528 1043 4580 εί
1074 4527 1136 4580 τὸ
1165 4529 1370 4579 εἰκαῖον
1393 4525 1505 4598 ἔχοι
1539 4527 1722 4597 τυχὸν,
1745 4528 1773 4579 ό
1813 4526 1969 4581 τοῦδε

390 4617 481 4670 τοῦ
523 4605 640 4688 βίου
691 4615 1092 4688 περισπασμός.
1159 4615 1484 4678 Ἐπιστάτας
1521 4615 1576 4668 δὲ
1623 4616 1811 4688 ὥσπερ
1864 4615 1972 4668 τῶν

391 4708 568 4778 ἔργων
594 4709 701 4763 τῶν
730 4711 811 4761 ὅτι
856 4709 1090 4778 μάλιστα
1121 4707 1391 4776 φιλτάτων
1420 4707 1566 4777 αὐτῷ
1599 4707 1974 4778 κατεχειροτόο

390 4817 520 4871 νησε
554 4799 666 4854 τῶν
699 4800 1072 4871 ἀδικουμένων
1105 4801 1134 4854 ὁ
1182 4799 1426 4862 Σατανᾶς
1467 4800 1592 4862 τοὺς
1632 4798 1974 4870 ἀκαθάρτους

390 4891 686 4962 δαίμονας,
719 4893 840 4962 ἤτοι
871 4891 968 4955 τὰς
1001 4891 1092 4944 ὑπ’
1135 4890 1288 4961 αὐτῷ
1319 4889 1601 4960 δυνάμεις,
1641 4889 1690 4942 οἳ
1724 4891 1842 4953 ταῖς
1874 4907 1974 4942 1:0-

392 4981 680 5054 λυτρόποις
713 4983 822 5035 τῶν
862 4982 1050 5036 παθῶν
1086 4981 1420 5047 πλεονεξίαις
1459 4981 1550 5034 τὸν
1593 4980 1825 5034 ἐκάστου
1867 4980 1975 5034 τῶν

392 5075 482 5128 ἐπὶ
519 5073 621 5142 τῆς
667 5073 772 5142 γῆς
818 5071 1274 5145 καταφορτίζουσι
1306 5072 1452 5136 νοῦν,
1485 5073 1715 5136 δεδιότες
1736 5112 1751 5136 ,
1785 5067 1936 5144 οἶμαι
1957 5111 1970 5136 ,

393 5169 469 5240 μὴ
494 5169 603 5238 ἄρα
629 5184 734 5219 που
762 5167 1005 5236 σχολαῖον
1028 5166 1129 5237 τῆς
1154 5166 1392 5229 διανοίας
1415 5166 1506 5220 τὸν
1526 5165 1802 5236 ὀφθαλμὸν
1830 5164 1976 5218 ἀνέν·

389 5277 481 5324 τες
514 5261 652 5332 πρὸς
675 5260 826 5324 Θεὸν,
855 5262 952 5332 τῆς
985 5259 1076 5313 ὑπ’
1109 5259 1257 5330 αὐτῷ
1295 5259 1540 5322 δουλείας
1568 5258 1856 5312 ἐκλύσειαν
1883 5257 1974 5310 τὸν

391 5348 613 5418 αύχέναο
641 5348 1016 5420 ,φιλελευθέρα
1057 5350 1166 5421 γὰρ
1206 5349 1327 5402 λίαν
1373 5350 1406 5419 ἠ
1453 5348 1742 5419 ἀνθρώπου
1791 5347 1972 5416 φύσις.

392 5437 518 5492 Ὀτι
554 5439 610 5494 δέ
643 5439 768 5506 δόξα
818 5442 910 5494 καὶ
943 5441 1171 5505 πλοῦτος
1215 5442 1326 5504 τοῖς
1375 5441 1706 5512 ἀκαθάρτοις
1754 5437 1972 5510 δαίμοσι

467 5613 511 5646 ⁵⁸
536 5613 734 5672 'Exod.
767 5627 809 5682 ι,
849 5618 939 5674 22.
1015 5619 1062 5652 "
1095 5617 1230 5674 Gen.
1274 5636 1387 5688 vm,
1419 5620 1507 5675 21,

1588 5621 1633 5652 ⁸³
1668 5619 1804 5676 Luc.
1848 5636 1935 5690 xv,
1974 5622 2059 5678 £6.

2075 4433 2274 4489 sudore
2312 4442 2672 4504 peraguntur.
2698 4435 2886 4505 Neque
2915 4434 3062 4490 enim
3090 4435 3278 4492 libera
3304 4447 3432 4492 sunt
3493 4455 3524 4494 ι
3567 4441 3652 4496 la~

2077 4525 2326 4590 boribus,
2354 4526 2570 4581 etiamsi
2603 4541 2755 4581 vana:
2775 4525 2906 4591 sint,
2936 4525 3102 4596 hujus
3123 4526 3316 4581 mundi
3339 4528 3655 4598 occupatio-

2073 4633 2191 4672 nes.
2217 4618 2388 4673 Porro
2410 4617 2639 4674 Satanas
2655 4617 2840 4689 posuit
2859 4617 3076 4673 alllietis
3097 4617 3386 4689 praefectos
3398 4633 3651 4690 operum,

2073 4725 2194 4780 qure
2230 4709 2332 4781 ipsi
2365 4709 2635 4780 imprimis
2675 4717 2828 4781 grata
2865 4717 3016 4776 sunt,
3077 4710 3322 4781 impuros
3377 4711 3656 4767 damones

2075 4803 2188 4856 sive
2219 4809 2520 4871 potestates
2568 4799 2671 4870 ipsi
2719 4800 2987 4867 subditas,
3028 4801 3123 4872 qui
3170 4803 3459 4871 multiplici
3511 4801 3653 4858 allii-

2075 4895 2319 4949 ctionum
2340 4894 2415 4958 vi,
2441 4895 2875 4966 uniuscujusque
2902 4897 3216 4950 mortalium
3254 4905 3493 4949 mentem
3520 4910 3654 4952 one-

2077 4997 2285 5053 rarent,
2324 4988 2511 5052 veriti,
2543 4996 2604 5041 ut
2628 4989 2888 5049 arbitror,
2930 4986 3223 5056 nequando
3247 4986 3423 5041 otioso
3451 4988 3653 5044 mentis

2075 5077 2242 5148 oculo,
2271 5077 2325 5131 in
2351 5077 2524 5132 Deum
2549 5087 2738 5134 erecto
2779 5075 3063 5132 servitutis
3100 5076 3290 5146 jugum
3341 5076 3653 5132 cervicibus

2075 5169 2191 5225 suis
2223 5179 2564 5226 excuterem.
2591 5170 2847 5226 Studiosa
2868 5169 3016 5224 enim
3051 5167 3410 5223 vehementer
3455 5177 3540 5222 est
3579 5167 3651 5221 lio

2076 5261 2308 5318 bertatis
2359 5262 2596 5317 humana
2642 5277 2819 5317 mens.
2849 5260 3006 5326 Quod
3039 5275 3171 5315 vero
3203 5258 3454 5322 Satanas,
3480 5267 3649 5328 atque

2077 5354 2278 5425 impuri
2308 5355 2535 5424 spiritus
2562 5369 2664 5424 pro
2694 5354 2868 5424 gloria
2893 5369 2958 5408 ac
2983 5352 3196 5407 divitiis
3220 5350 3459 5404 habeant
3484 5363 3653 5404 vanas

2077 5456 2294 5502 nostras
2309 5447 2724 5516 occupationes,
2774 5454 2832 5502 et
2861 5445 3080 5501 labores
3129 5444 3279 5501 circa
3313 5456 3558 5507 carnem,
3593 5450 3653 5499 et
