  <div class='ocr_page' id='page_1' title='image "/cluster/home/n/w/nwhite01/storage/ocr_20150623/69/hvd.32044073501983/201.png"; bbox 0 0 4024 6198; ppageno 0'>
   <div class='ocr_carea' id='block_1_1' title="bbox 361 233 458 291">
    <p class='ocr_par' dir='ltr' id='par_1_1' title="bbox 361 233 458 291">
     <span class='ocr_line' id='line_1_1' title="bbox 361 233 458 291; baseline 0.021 -2"><span class='ocrx_word' id='word_1_1' title='bbox 361 233 458 291; x_wconf 70' lang='grc'><strong>391</strong></span> 
     </span>
    </p>
   </div>
   <div class='ocr_carea' id='block_1_2' title="bbox 1396 185 2623 288">
    <p class='ocr_par' dir='ltr' id='par_1_2' title="bbox 1396 185 2623 288">
     <span class='ocr_line' id='line_1_2' title="bbox 1396 185 2623 288; baseline 0 0"><span class='ocrx_word' id='word_1_2' title='bbox 1396 233 1451 288; x_wconf 88' lang='lat' dir='ltr'><strong>S.</strong></span> <span class='ocrx_word' id='word_1_3' title='bbox 1492 185 1762 288; x_wconf 69' lang='lat' dir='ltr'><strong>CYRlLLi</strong></span> <span class='ocrx_word' id='word_1_4' title='bbox 1801 230 2266 286; x_wconf 74' lang='lat' dir='ltr'><strong>ALEXANDRINI</strong></span> <span class='ocrx_word' id='word_1_5' title='bbox 2307 231 2623 288; x_wconf 78' lang='lat' dir='ltr'><strong>ARCHIEP.</strong></span> 
     </span>
    </p>
   </div>
   <div class='ocr_carea' id='block_1_3' title="bbox 3509 233 3615 292">
    <p class='ocr_par' dir='ltr' id='par_1_3' title="bbox 3509 233 3615 292">
     <span class='ocr_line' id='line_1_3' title="bbox 3509 233 3615 292; baseline 0.028 -3"><span class='ocrx_word' id='word_1_6' title='bbox 3509 233 3615 292; x_wconf 59' lang='grc' dir='ltr'>δεῖ</span> 
     </span>
    </p>
   </div>
   <div class='ocr_carea' id='block_1_4' title="bbox 364 347 1923 421">
    <p class='ocr_par' dir='ltr' id='par_1_4' title="bbox 364 348 1923 421">
     <span class='ocr_line' id='line_1_4' title="bbox 364 348 1923 421; baseline -0.002 -16"><span class='ocrx_word' id='word_1_7' title='bbox 364 361 708 408; x_wconf 79' lang='lat' dir='ltr'><strong>terrenarum</strong></span> <span class='ocrx_word' id='word_1_8' title='bbox 750 366 933 407; x_wconf 86' lang='lat' dir='ltr'><strong>rerum</strong></span> <span class='ocrx_word' id='word_1_9' title='bbox 984 365 1210 416; x_wconf 90' lang='lat' dir='ltr'><strong>curam;</strong></span> <span class='ocrx_word' id='word_1_10' title='bbox 1280 350 1509 421; x_wconf 79' lang='lat' dir='ltr'><strong>ﬁgurate</strong></span> <span class='ocrx_word' id='word_1_11' title='bbox 1561 349 1830 421; x_wconf 82' lang='lat' dir='ltr'><strong>signiﬁcat</strong></span> <span class='ocrx_word' id='word_1_12' title='bbox 1874 348 1923 403; x_wconf 89' lang='lat' dir='ltr'><strong>id</strong></span> 
     </span>
    </p>
   </div>
   <div class='ocr_carea' id='block_1_5' title="bbox 2028 347 3616 421">
    <p class='ocr_par' dir='ltr' id='par_1_5' title="bbox 2032 347 3616 420">
     <span class='ocr_line' id='line_1_5' title="bbox 2032 347 3616 420; baseline 0.001 -19"><span class='ocrx_word' id='word_1_13' title='bbox 2032 350 2126 402; x_wconf 81' lang='grc' dir='ltr'>καὶ</span> <span class='ocrx_word' id='word_1_14' title='bbox 2154 348 2304 419; x_wconf 85' lang='grc' dir='ltr'>αύτῷ</span> <span class='ocrx_word' id='word_1_15' title='bbox 2324 349 2401 419; x_wconf 81' lang='grc' dir='ltr'>τῷ</span> <span class='ocrx_word' id='word_1_16' title='bbox 2420 351 2632 420; x_wconf 82' lang='grc' dir='ltr'>Σατανᾷ</span> <span class='ocrx_word' id='word_1_17' title='bbox 2661 349 2966 417; x_wconf 81' lang='grc' dir='ltr'>λελόγισταί</span> <span class='ocrx_word' id='word_1_18' title='bbox 2987 365 3045 401; x_wconf 86' lang='grc' dir='ltr'><strong>τε</strong></span> <span class='ocrx_word' id='word_1_19' title='bbox 3070 349 3162 402; x_wconf 69' lang='grc' dir='ltr'>καὶ</span> <span class='ocrx_word' id='word_1_20' title='bbox 3189 347 3335 401; x_wconf 77' lang='grc' dir='ltr'>ἔστιν</span> <span class='ocrx_word' id='word_1_21' title='bbox 3356 351 3385 402; x_wconf 84' lang='grc' dir='ltr'>ὁ</span> <span class='ocrx_word' id='word_1_22' title='bbox 3410 349 3616 412; x_wconf 83' lang='grc' dir='ltr'>είκαῖος</span> 
     </span>
    </p>
   </div>
   <div class='ocr_carea' id='block_1_6' title="bbox 361 442 1928 513">
    <p class='ocr_par' dir='ltr' id='par_1_6' title="bbox 361 442 1928 513">
     <span class='ocr_line' id='line_1_6' title="bbox 361 442 1928 513; baseline -0.001 -16"><span class='ocrx_word' id='word_1_23' title='bbox 361 443 507 512; x_wconf 88' lang='lat' dir='ltr'><strong>quod</strong></span> <span class='ocrx_word' id='word_1_24' title='bbox 550 442 809 498; x_wconf 63' lang='lat' dir='ltr'><strong>Israelita:</strong></span> <span class='ocrx_word' id='word_1_25' title='bbox 836 443 952 498; x_wconf 84' lang='lat' dir='ltr'><strong>luto</strong></span> <span class='ocrx_word' id='word_1_26' title='bbox 976 459 1040 498; x_wconf 91' lang='lat' dir='ltr'><strong>ac</strong></span> <span class='ocrx_word' id='word_1_27' title='bbox 1077 442 1345 498; x_wconf 78' lang='lat' dir='ltr'><strong>lateribus</strong></span> <span class='ocrx_word' id='word_1_28' title='bbox 1376 443 1675 513; x_wconf 85' lang='lat' dir='ltr'><strong>coquendis</strong></span> <span class='ocrx_word' id='word_1_29' title='bbox 1723 445 1928 507; x_wconf 89' lang='lat' dir='ltr'><strong>vexati,</strong></span> 
     </span>
    </p>
   </div>
   <div class='ocr_carea' id='block_1_7' title="bbox 361 528 1931 605">
    <p class='ocr_par' dir='ltr' id='par_1_7' title="bbox 361 528 1931 605">
     <span class='ocr_line' id='line_1_7' title="bbox 361 528 1931 605; baseline 0.001 -17"><span class='ocrx_word' id='word_1_30' title='bbox 361 534 613 590; x_wconf 79' lang='lat' dir='ltr'><strong>civitates</strong></span> <span class='ocrx_word' id='word_1_31' title='bbox 637 542 928 590; x_wconf 82' lang='lat' dir='ltr'><strong>exstruunt</strong></span> <span class='ocrx_word' id='word_1_32' title='bbox 952 535 1220 590; x_wconf 85' lang='lat' dir='ltr'><strong>Pharaoni</strong></span> <span class='ocrx_word' id='word_1_33' title='bbox 1257 553 1272 588; x_wconf 87' lang='lat'><strong>:</strong></span> <span class='ocrx_word' id='word_1_34' title='bbox 1300 535 1446 604; x_wconf 91' lang='lat' dir='ltr'><strong>quod</strong></span> <span class='ocrx_word' id='word_1_35' title='bbox 1469 551 1602 591; x_wconf 83' lang='lat' dir='ltr'><strong>vero</strong></span> <span class='ocrx_word' id='word_1_36' title='bbox 1623 528 1798 590; x_wconf 80' lang='lat' dir='ltr'><strong>odiosi</strong></span> <span class='ocrx_word' id='word_1_37' title='bbox 1829 531 1931 605; x_wconf 68' lang='lat' dir='ltr'><strong>ipsi</strong></span> 
     </span>
    </p>
   </div>
   <div class='ocr_carea' id='block_1_8' title="bbox 359 627 1932 698">
    <p class='ocr_par' dir='ltr' id='par_1_8' title="bbox 359 627 1932 698">
     <span class='ocr_line' id='line_1_8' title="bbox 359 627 1932 698; baseline 0 -16"><span class='ocrx_word' id='word_1_38' title='bbox 359 631 474 682; x_wconf 85' lang='lat' dir='ltr'><strong>sint</strong></span> <span class='ocrx_word' id='word_1_39' title='bbox 498 627 745 692; x_wconf 81' lang='lat' dir='ltr'><strong>masculi,</strong></span> <span class='ocrx_word' id='word_1_40' title='bbox 769 627 874 681; x_wconf 89' lang='lat' dir='ltr'><strong>hoc</strong></span> <span class='ocrx_word' id='word_1_41' title='bbox 897 636 1001 691; x_wconf 90' lang='lat' dir='ltr'><strong>est,</strong></span> <span class='ocrx_word' id='word_1_42' title='bbox 1029 628 1123 698; x_wconf 88' lang='lat' dir='ltr'><strong>qui</strong></span> <span class='ocrx_word' id='word_1_43' title='bbox 1176 628 1243 682; x_wconf 91' lang='lat' dir='ltr'><strong>ad</strong></span> <span class='ocrx_word' id='word_1_44' title='bbox 1281 628 1658 682; x_wconf 88' lang='lat' dir='ltr'><strong>fortitudinem</strong></span> <span class='ocrx_word' id='word_1_45' title='bbox 1701 637 1932 682; x_wconf 89' lang='lat' dir='ltr'><strong>conten-</strong></span> 
     </span>
    </p>
   </div>
   <div class='ocr_carea' id='block_1_9' title="bbox 359 717 1933 788">
    <p class='ocr_par' dir='ltr' id='par_1_9' title="bbox 359 717 1933 788">
     <span class='ocr_line' id='line_1_9' title="bbox 359 717 1933 788; baseline 0.001 -18"><span class='ocrx_word' id='word_1_46' title='bbox 359 719 515 781; x_wconf 87' lang='lat' dir='ltr'><strong>dunt,</strong></span> <span class='ocrx_word' id='word_1_47' title='bbox 545 727 812 770; x_wconf 79' lang='lat' dir='ltr'><strong>Virtutum</strong></span> <span class='ocrx_word' id='word_1_48' title='bbox 835 717 1116 771; x_wconf 87' lang='lat' dir='ltr'><strong>nimirum.</strong></span> <span class='ocrx_word' id='word_1_49' title='bbox 1144 719 1547 788; x_wconf 86' lang='lat' dir='ltr'><strong>Propemodum</strong></span> <span class='ocrx_word' id='word_1_50' title='bbox 1564 730 1744 774; x_wconf 89' lang='lat' dir='ltr'><strong>autem</strong></span> <span class='ocrx_word' id='word_1_51' title='bbox 1767 719 1933 774; x_wconf 71' lang='lat' dir='ltr'><strong>suffo-</strong></span> 
     </span>
    </p>
   </div>
   <div class='ocr_carea' id='block_1_10' title="bbox 358 803 1933 877">
    <p class='ocr_par' dir='ltr' id='par_1_10' title="bbox 358 803 1933 877">
     <span class='ocr_line' id='line_1_10' title="bbox 358 803 1933 877; baseline 0.001 -17"><span class='ocrx_word' id='word_1_52' title='bbox 358 813 447 860; x_wconf 87' lang='lat' dir='ltr'><strong>cat</strong></span> <span class='ocrx_word' id='word_1_53' title='bbox 470 820 630 858; x_wconf 90' lang='lat' dir='ltr'><strong>omne</strong></span> <span class='ocrx_word' id='word_1_54' title='bbox 668 805 723 858; x_wconf 91' lang='lat' dir='ltr'><strong>id</strong></span> <span class='ocrx_word' id='word_1_55' title='bbox 747 803 1236 875; x_wconf 79' lang='lat' dir='ltr'><strong>quod&#39;bellicosum</strong></span> <span class='ocrx_word' id='word_1_56' title='bbox 1262 816 1366 872; x_wconf 89' lang='lat' dir='ltr'><strong>est,</strong></span> <span class='ocrx_word' id='word_1_57' title='bbox 1385 808 1726 877; x_wconf 82' lang='lat' dir='ltr'><strong>voluptatum</strong></span> <span class='ocrx_word' id='word_1_58' title='bbox 1775 823 1933 863; x_wconf 77' lang='lat' dir='ltr'><strong>emno</strong></span> 
     </span>
    </p>
   </div>
   <div class='ocr_carea' id='block_1_11' title="bbox 361 895 1931 967">
    <p class='ocr_par' dir='ltr' id='par_1_11' title="bbox 361 895 1931 967">
     <span class='ocr_line' id='line_1_11' title="bbox 361 895 1931 967; baseline 0.005 -22"><span class='ocrx_word' id='word_1_59' title='bbox 361 895 690 966; x_wconf 78' lang='lat' dir='ltr'><strong>immergens</strong></span> <span class='ocrx_word' id='word_1_60' title='bbox 739 913 752 950; x_wconf 86' lang='lat'><strong>:</strong></span> <span class='ocrx_word' id='word_1_61' title='bbox 792 897 1031 952; x_wconf 89' lang='lat' dir='ltr'><strong>admittit</strong></span> <span class='ocrx_word' id='word_1_62' title='bbox 1052 913 1184 951; x_wconf 91' lang='lat' dir='ltr'><strong>vero</strong></span> <span class='ocrx_word' id='word_1_63' title='bbox 1225 897 1280 952; x_wconf 88' lang='lat' dir='ltr'><strong>id</strong></span> <span class='ocrx_word' id='word_1_64' title='bbox 1320 898 1464 967; x_wconf 91' lang='lat' dir='ltr'><strong>quod</strong></span> <span class='ocrx_word' id='word_1_65' title='bbox 1493 899 1715 952; x_wconf 90' lang='lat' dir='ltr'><strong>minime</strong></span> <span class='ocrx_word' id='word_1_66' title='bbox 1766 899 1931 953; x_wconf 87' lang='lat' dir='ltr'><strong>robu-</strong></span> 
     </span>
    </p>
   </div>
   <div class='ocr_carea' id='block_1_12' title="bbox 358 987 1933 1060">
    <p class='ocr_par' dir='ltr' id='par_1_12' title="bbox 358 987 1933 1060">
     <span class='ocr_line' id='line_1_12' title="bbox 358 987 1933 1060; baseline 0.003 -22"><span class='ocrx_word' id='word_1_67' title='bbox 358 992 501 1038; x_wconf 91' lang='lat' dir='ltr'><strong>stum</strong></span> <span class='ocrx_word' id='word_1_68' title='bbox 519 993 621 1049; x_wconf 89' lang='lat' dir='ltr'><strong>est,</strong></span> <span class='ocrx_word' id='word_1_69' title='bbox 650 994 707 1040; x_wconf 90' lang='lat' dir='ltr'><strong>et</strong></span> <span class='ocrx_word' id='word_1_70' title='bbox 733 994 990 1056; x_wconf 85' lang='lat' dir='ltr'><strong>tanquam</strong></span> <span class='ocrx_word' id='word_1_71' title='bbox 1017 988 1212 1042; x_wconf 89' lang='lat' dir='ltr'><strong>inutile</strong></span> <span class='ocrx_word' id='word_1_72' title='bbox 1231 987 1437 1057; x_wconf 87' lang='lat' dir='ltr'><strong>absque</strong></span> <span class='ocrx_word' id='word_1_73' title='bbox 1466 1005 1647 1058; x_wconf 82' lang='lat' dir='ltr'><strong>pugna</strong></span> <span class='ocrx_word' id='word_1_74' title='bbox 1680 1004 1780 1043; x_wconf 92' lang='lat' dir='ltr'><strong>suo</strong></span> <span class='ocrx_word' id='word_1_75' title='bbox 1803 991 1933 1060; x_wconf 83' lang='lat' dir='ltr'><strong>jugo</strong></span> 
     </span>
    </p>
   </div>
   <div class='ocr_carea' id='block_1_13' title="bbox 357 1077 1933 1150">
    <p class='ocr_par' dir='ltr' id='par_1_13' title="bbox 357 1077 1933 1150">
     <span class='ocr_line' id='line_1_13' title="bbox 357 1077 1933 1150; baseline 0.003 -20"><span class='ocrx_word' id='word_1_76' title='bbox 357 1077 633 1147; x_wconf 85' lang='lat' dir='ltr'><strong>subjiciat,</strong></span> <span class='ocrx_word' id='word_1_77' title='bbox 660 1095 769 1134; x_wconf 89' lang='lat' dir='ltr'><strong>non</strong></span> <span class='ocrx_word' id='word_1_78' title='bbox 792 1080 1024 1136; x_wconf 87' lang='lat' dir='ltr'><strong>obscure</strong></span> <span class='ocrx_word' id='word_1_79' title='bbox 1048 1081 1387 1135; x_wconf 82' lang='lat' dir='ltr'><strong>demonstrat</strong></span> <span class='ocrx_word' id='word_1_80' title='bbox 1402 1081 1549 1150; x_wconf 88' lang='lat' dir='ltr'><strong>quod</strong></span> <span class='ocrx_word' id='word_1_81' title='bbox 1572 1081 1706 1135; x_wconf 89' lang='lat' dir='ltr'><strong>dicit</strong></span> <span class='ocrx_word' id='word_1_82' title='bbox 1722 1096 1933 1135; x_wconf 86' lang='lat' dir='ltr'><strong>mascu-</strong></span> 
     </span>
    </p>
   </div>
   <div class='ocr_carea' id='block_1_14' title="bbox 357 1168 1933 1241">
    <p class='ocr_par' dir='ltr' id='par_1_14' title="bbox 357 1168 1933 1241">
     <span class='ocr_line' id='line_1_14' title="bbox 357 1168 1933 1241; baseline 0.003 -20"><span class='ocrx_word' id='word_1_83' title='bbox 357 1168 468 1222; x_wconf 90' lang='lat' dir='ltr'><strong>lum</strong></span> <span class='ocrx_word' id='word_1_84' title='bbox 495 1174 550 1222; x_wconf 88' lang='lat' dir='ltr'><strong>in</strong></span> <span class='ocrx_word' id='word_1_85' title='bbox 575 1185 770 1239; x_wconf 89' lang='lat' dir='ltr'><strong>aquam</strong></span> <span class='ocrx_word' id='word_1_86' title='bbox 795 1170 957 1241; x_wconf 88' lang='lat' dir='ltr'><strong>abjici</strong></span> <span class='ocrx_word' id='word_1_87' title='bbox 1009 1171 1232 1230; x_wconf 89' lang='lat' dir='ltr'><strong>debere.</strong></span> <span class='ocrx_word' id='word_1_88' title='bbox 1278 1170 1523 1226; x_wconf 81' lang='lat' dir='ltr'><strong>femellas</strong></span> <span class='ocrx_word' id='word_1_89' title='bbox 1555 1179 1737 1225; x_wconf 89' lang='lat' dir='ltr'><strong>autem</strong></span> <span class='ocrx_word' id='word_1_90' title='bbox 1781 1170 1933 1225; x_wconf 85' lang='lat' dir='ltr'><strong>vivas</strong></span> 
     </span>
    </p>
   </div>
   <div class='ocr_carea' id='block_1_15' title="bbox 357 1261 1933 1332">
    <p class='ocr_par' dir='ltr' id='par_1_15' title="bbox 357 1261 1933 1332">
     <span class='ocr_line' id='line_1_15' title="bbox 357 1261 1933 1332; baseline 0.001 -17"><span class='ocrx_word' id='word_1_91' title='bbox 357 1261 676 1316; x_wconf 89' lang='lat' dir='ltr'><strong>servandas.</strong></span> <span class='ocrx_word' id='word_1_92' title='bbox 721 1262 855 1316; x_wconf 89' lang='lat' dir='ltr'><strong>Nam</strong></span> <span class='ocrx_word' id='word_1_93' title='bbox 898 1262 1002 1316; x_wconf 89' lang='lat' dir='ltr'><strong>ista</strong></span> <span class='ocrx_word' id='word_1_94' title='bbox 1055 1279 1176 1332; x_wconf 73' lang='lat' dir='ltr'><strong>qua:</strong></span> <span class='ocrx_word' id='word_1_95' title='bbox 1202 1264 1256 1318; x_wconf 89' lang='lat' dir='ltr'><strong>in</strong></span> <span class='ocrx_word' id='word_1_96' title='bbox 1275 1265 1464 1318; x_wconf 84' lang='lat' dir='ltr'><strong>oculos</strong></span> <span class='ocrx_word' id='word_1_97' title='bbox 1508 1270 1829 1325; x_wconf 82' lang='lat' dir='ltr'><strong>occurrunt,</strong></span> <span class='ocrx_word' id='word_1_98' title='bbox 1869 1277 1933 1317; x_wconf 93' lang='lat' dir='ltr'><strong>ac</strong></span> 
     </span>
    </p>
   </div>
   <div class='ocr_carea' id='block_1_16' title="bbox 355 1351 1934 1422">
    <p class='ocr_par' dir='ltr' id='par_1_16' title="bbox 355 1351 1934 1422">
     <span class='ocr_line' id='line_1_16' title="bbox 355 1351 1934 1422; baseline 0.001 -18"><span class='ocrx_word' id='word_1_99' title='bbox 355 1351 512 1420; x_wconf 91' lang='lat' dir='ltr'><strong>quasi</strong></span> <span class='ocrx_word' id='word_1_100' title='bbox 541 1352 596 1405; x_wconf 89' lang='lat' dir='ltr'><strong>in</strong></span> <span class='ocrx_word' id='word_1_101' title='bbox 617 1359 912 1421; x_wconf 89' lang='lat' dir='ltr'><strong>conspectu</strong></span> <span class='ocrx_word' id='word_1_102' title='bbox 938 1360 1085 1415; x_wconf 90' lang='lat' dir='ltr'><strong>sunt,</strong></span> <span class='ocrx_word' id='word_1_103' title='bbox 1109 1353 1219 1422; x_wconf 85' lang='lat' dir='ltr'><strong>typi</strong></span> <span class='ocrx_word' id='word_1_104' title='bbox 1257 1362 1386 1407; x_wconf 91' lang='lat' dir='ltr'><strong>sunt</strong></span> <span class='ocrx_word' id='word_1_105' title='bbox 1422 1367 1613 1407; x_wconf 90' lang='lat' dir='ltr'><strong>eorum</strong></span> <span class='ocrx_word' id='word_1_106' title='bbox 1643 1368 1764 1421; x_wconf 67' lang='lat' dir='ltr'><strong>quae</strong></span> <span class='ocrx_word' id='word_1_107' title='bbox 1805 1359 1934 1406; x_wconf 91' lang='lat' dir='ltr'><strong>sunt</strong></span> 
     </span>
    </p>
   </div>
   <div class='ocr_carea' id='block_1_17' title="bbox 355 1443 1932 1515">
    <p class='ocr_par' dir='ltr' id='par_1_17' title="bbox 355 1443 1932 1515">
     <span class='ocr_line' id='line_1_17' title="bbox 355 1443 1932 1515; baseline 0.002 -19"><span class='ocrx_word' id='word_1_108' title='bbox 355 1443 676 1497; x_wconf 84' lang='lat' dir='ltr'><strong>obscuriora</strong></span> <span class='ocrx_word' id='word_1_109' title='bbox 699 1443 980 1515; x_wconf 83' lang='lat' dir='ltr'><strong>magisque</strong></span> <span class='ocrx_word' id='word_1_110' title='bbox 1007 1454 1234 1501; x_wconf 86' lang='lat' dir='ltr'><strong>remota.</strong></span> <span class='ocrx_word' id='word_1_111' title='bbox 1283 1444 1420 1499; x_wconf 88' lang='lat' dir='ltr'><strong>Cum</strong></span> <span class='ocrx_word' id='word_1_112' title='bbox 1469 1445 1652 1514; x_wconf 86' lang='lat' dir='ltr'><strong>itaque</strong></span> <span class='ocrx_word' id='word_1_113' title='bbox 1688 1461 1788 1500; x_wconf 91' lang='lat' dir='ltr'><strong>nos</strong></span> <span class='ocrx_word' id='word_1_114' title='bbox 1820 1446 1932 1515; x_wconf 84' lang='lat' dir='ltr'><strong>jam</strong></span> 
     </span>
    </p>
   </div>
   <div class='ocr_carea' id='block_1_18' title="bbox 355 1530 1933 1604">
    <p class='ocr_par' dir='ltr' id='par_1_18' title="bbox 355 1530 1933 1604">
     <span class='ocr_line' id='line_1_18' title="bbox 355 1530 1933 1604; baseline 0.001 -19"><span class='ocrx_word' id='word_1_115' title='bbox 355 1530 485 1586; x_wconf 90' lang='lat' dir='ltr'><strong>inde</strong></span> <span class='ocrx_word' id='word_1_116' title='bbox 524 1547 556 1585; x_wconf 88' lang='lat' dir='ltr'><strong>a</strong></span> <span class='ocrx_word' id='word_1_117' title='bbox 604 1533 800 1602; x_wconf 88' lang='lat' dir='ltr'><strong>primis</strong></span> <span class='ocrx_word' id='word_1_118' title='bbox 832 1534 1155 1603; x_wconf 89' lang='lat' dir='ltr'><strong>parentibus</strong></span> <span class='ocrx_word' id='word_1_119' title='bbox 1187 1535 1565 1589; x_wconf 87' lang='lat' dir='ltr'><strong>laboraremus</strong></span> <span class='ocrx_word' id='word_1_120' title='bbox 1609 1542 1854 1604; x_wconf 90' lang='lat' dir='ltr'><strong>peccato,</strong></span> <span class='ocrx_word' id='word_1_121' title='bbox 1877 1543 1933 1587; x_wconf 90' lang='lat' dir='ltr'><strong>et</strong></span> 
     </span>
    </p>
   </div>
   <div class='ocr_carea' id='block_1_19' title="bbox 353 1622 1932 1696">
    <p class='ocr_par' dir='ltr' id='par_1_19' title="bbox 353 1622 1932 1696">
     <span class='ocr_line' id='line_1_19' title="bbox 353 1622 1932 1696; baseline 0.002 -21"><span class='ocrx_word' id='word_1_122' title='bbox 353 1622 628 1676; x_wconf 89' lang='lat' dir='ltr'><strong>bonorum</strong></span> <span class='ocrx_word' id='word_1_123' title='bbox 661 1624 964 1694; x_wconf 77' lang='lat' dir='ltr'><strong>indigentia</strong></span> <span class='ocrx_word' id='word_1_124' title='bbox 986 1625 1195 1696; x_wconf 75' lang='lat' dir='ltr'><strong>gravati</strong></span> <span class='ocrx_word' id='word_1_125' title='bbox 1220 1640 1490 1689; x_wconf 90' lang='lat' dir='ltr'><strong>essemus,</strong></span> <span class='ocrx_word' id='word_1_126' title='bbox 1530 1633 1694 1694; x_wconf 89' lang='lat' dir='ltr'><strong>atque</strong></span> <span class='ocrx_word' id='word_1_127' title='bbox 1733 1625 1932 1679; x_wconf 91' lang='lat' dir='ltr'><strong>immiti</strong></span> 
     </span>
    </p>
   </div>
   <div class='ocr_carea' id='block_1_20' title="bbox 2035 437 3615 510">
    <p class='ocr_par' dir='ltr' id='par_1_20' title="bbox 2035 437 3615 510">
     <span class='ocr_line' id='line_1_20' title="bbox 2035 437 3615 510; baseline 0 -20"><span class='ocrx_word' id='word_1_128' title='bbox 2035 437 2190 506; x_wconf 79' lang='grc' dir='ltr'>ἡμῶν</span> <span class='ocrx_word' id='word_1_129' title='bbox 2235 438 2652 510; x_wconf 78' lang='grc' dir='ltr'>περισπασμὸς,</span> <span class='ocrx_word' id='word_1_130' title='bbox 2701 439 2794 490; x_wconf 74' lang='grc' dir='ltr'><strong>καὶ</strong></span> <span class='ocrx_word' id='word_1_131' title='bbox 2837 439 2883 490; x_wconf 87' lang='grc' dir='ltr'><strong>οί</strong></span> <span class='ocrx_word' id='word_1_132' title='bbox 2914 439 3044 510; x_wconf 73' lang='grc' dir='ltr'>περὶ</span> <span class='ocrx_word' id='word_1_133' title='bbox 3086 439 3262 509; x_wconf 86' lang='grc' dir='ltr'>σάρκα</span> <span class='ocrx_word' id='word_1_134' title='bbox 3305 437 3492 501; x_wconf 74' lang='grc' dir='ltr'>πονοι,</span> <span class='ocrx_word' id='word_1_135' title='bbox 3519 440 3615 490; x_wconf 80' lang='grc' dir='ltr'><strong>καὶ</strong></span> 
     </span>
    </p>
   </div>
   <div class='ocr_carea' id='block_1_21' title="bbox 2037 528 3614 601">
    <p class='ocr_par' dir='ltr' id='par_1_21' title="bbox 2037 528 3614 601">
     <span class='ocr_line' id='line_1_21' title="bbox 2037 528 3614 601; baseline -0.001 -19"><span class='ocrx_word' id='word_1_136' title='bbox 2037 529 2240 600; x_wconf 81' lang='grc' dir='ltr'>σπουδὴ</span> <span class='ocrx_word' id='word_1_137' title='bbox 2271 530 2538 600; x_wconf 78' lang='grc' dir='ltr'><strong>βλέπουσα</strong></span> <span class='ocrx_word' id='word_1_138' title='bbox 2569 531 2703 601; x_wconf 85' lang='grc' dir='ltr'>πρὸς</span> <span class='ocrx_word' id='word_1_139' title='bbox 2731 530 2801 583; x_wconf 74' lang='grc' dir='ltr'>τὰ</span> <span class='ocrx_word' id='word_1_140' title='bbox 2828 530 3172 600; x_wconf 79' lang='grc' dir='ltr'><strong>γεωδέστερα</strong></span> <span class='ocrx_word' id='word_1_141' title='bbox 3191 570 3206 590; x_wconf 86' lang='grc'><strong>,</strong></span> <span class='ocrx_word' id='word_1_142' title='bbox 3237 528 3614 601; x_wconf 78' lang='grc' dir='ltr'>παραδείξειεν</span> 
     </span>
    </p>
   </div>
   <div class='ocr_carea' id='block_1_22' title="bbox 2035 617 3615 694">
    <p class='ocr_par' dir='ltr' id='par_1_22' title="bbox 2035 617 3615 694">
     <span class='ocr_line' id='line_1_22' title="bbox 2035 617 3615 694; baseline -0.001 -19"><span class='ocrx_word' id='word_1_143' title='bbox 2035 621 2099 675; x_wconf 81' lang='grc' dir='ltr'><strong>ἂν</strong></span> <span class='ocrx_word' id='word_1_144' title='bbox 2130 622 2540 692; x_wconf 79' lang='grc' dir='ltr'><strong>αἰνιγματωδῶς</strong></span> <span class='ocrx_word' id='word_1_145' title='bbox 2572 622 2631 674; x_wconf 92' lang='grc' dir='ltr'><strong>τὸ</strong></span> <span class='ocrx_word' id='word_1_146' title='bbox 2665 621 2847 684; x_wconf 78' lang='grc' dir='ltr'>πόλεις</span> <span class='ocrx_word' id='word_1_147' title='bbox 2879 621 3112 692; x_wconf 75' lang='grc' dir='ltr'>ἐγείρειν</span> <span class='ocrx_word' id='word_1_148' title='bbox 3152 622 3231 692; x_wconf 81' lang='grc' dir='ltr'>τῷ</span> <span class='ocrx_word' id='word_1_149' title='bbox 3267 617 3468 694; x_wconf 82' lang='grc' dir='ltr'>Φαραὼ</span> <span class='ocrx_word' id='word_1_150' title='bbox 3501 624 3615 684; x_wconf 78' lang='grc' dir='ltr'>τοῖς</span> 
     </span>
    </p>
   </div>
   <div class='ocr_carea' id='block_1_23' title="bbox 2035 711 3613 786">
    <p class='ocr_par' dir='ltr' id='par_1_23' title="bbox 2035 711 3613 786">
     <span class='ocr_line' id='line_1_23' title="bbox 2035 711 3613 786; baseline 0.001 -23"><span class='ocrx_word' id='word_1_151' title='bbox 2035 711 2094 776; x_wconf 77' lang='grc' dir='ltr'>ἐξ</span> <span class='ocrx_word' id='word_1_152' title='bbox 2133 713 2375 783; x_wconf 84' lang='grc' dir='ltr'>Ἰσραὴλ,</span> <span class='ocrx_word' id='word_1_153' title='bbox 2435 711 2592 784; x_wconf 86' lang='grc' dir='ltr'>πηλῷ</span> <span class='ocrx_word' id='word_1_154' title='bbox 2630 714 2728 768; x_wconf 75' lang='grc' dir='ltr'>καὶ</span> <span class='ocrx_word' id='word_1_155' title='bbox 2771 712 3020 784; x_wconf 83' lang='grc' dir='ltr'>πλινθείᾳ</span> <span class='ocrx_word' id='word_1_156' title='bbox 3059 714 3446 786; x_wconf 82' lang='grc' dir='ltr'>τρυχομένοις·</span> <span class='ocrx_word' id='word_1_157' title='bbox 3478 729 3613 766; x_wconf 56' lang='grc' dir='ltr'>κατ’</span> 
     </span>
    </p>
   </div>
   <div class='ocr_carea' id='block_1_24' title="bbox 2035 802 3617 872">
    <p class='ocr_par' dir='ltr' id='par_1_24' title="bbox 2035 802 3617 872">
     <span class='ocr_line' id='line_1_24' title="bbox 2035 802 3617 872; baseline 0.004 -20"><span class='ocrx_word' id='word_1_158' title='bbox 2035 803 2363 871; x_wconf 83' lang='grc' dir='ltr'>εστυγμένον</span> <span class='ocrx_word' id='word_1_159' title='bbox 2389 819 2448 854; x_wconf 88' lang='grc' dir='ltr'><strong>τε</strong></span> <span class='ocrx_word' id='word_1_160' title='bbox 2477 802 2559 856; x_wconf 84' lang='grc' dir='ltr'>ὅτι</span> <span class='ocrx_word' id='word_1_161' title='bbox 2590 805 2817 855; x_wconf 87' lang='grc' dir='ltr'>ποιεῖται</span> <span class='ocrx_word' id='word_1_162' title='bbox 2845 802 2904 854; x_wconf 90' lang='grc' dir='ltr'><strong>τὸ</strong></span> <span class='ocrx_word' id='word_1_163' title='bbox 2933 803 3405 872; x_wconf 81' lang='grc' dir='ltr'>ἀρσεν,τουτέστι,</span> <span class='ocrx_word' id='word_1_164' title='bbox 3436 804 3499 857; x_wconf 90' lang='grc' dir='ltr'><strong>τὸ</strong></span> <span class='ocrx_word' id='word_1_165' title='bbox 3528 823 3617 859; x_wconf 84' lang='grc' dir='ltr'>νε-</span> 
     </span>
    </p>
   </div>
   <div class='ocr_carea' id='block_1_25' title="bbox 2034 890 3612 964">
    <p class='ocr_par' dir='ltr' id='par_1_25' title="bbox 2034 890 3612 964">
     <span class='ocr_line' id='line_1_25' title="bbox 2034 890 3612 964; baseline 0.001 -21"><span class='ocrx_word' id='word_1_166' title='bbox 2034 890 2224 955; x_wconf 87' lang='grc' dir='ltr'>νευκὸς</span> <span class='ocrx_word' id='word_1_167' title='bbox 2263 895 2342 956; x_wconf 87' lang='grc' dir='ltr'><strong>εἰς</strong></span> <span class='ocrx_word' id='word_1_168' title='bbox 2383 893 2652 964; x_wconf 90' lang='grc' dir='ltr'>ἀνδρείαν,</span> <span class='ocrx_word' id='word_1_169' title='bbox 2695 894 2851 964; x_wconf 78' lang='grc' dir='ltr'>δῆλον</span> <span class='ocrx_word' id='word_1_170' title='bbox 2885 893 2940 946; x_wconf 79' lang='grc' dir='ltr'>δὲ</span> <span class='ocrx_word' id='word_1_171' title='bbox 2979 895 3060 946; x_wconf 83' lang='grc' dir='ltr'>ὅτι</span> <span class='ocrx_word' id='word_1_172' title='bbox 3098 893 3196 964; x_wconf 78' lang='grc' dir='ltr'>τὴν</span> <span class='ocrx_word' id='word_1_173' title='bbox 3233 892 3319 946; x_wconf 76' lang='grc' dir='ltr'>ἐπ’</span> <span class='ocrx_word' id='word_1_174' title='bbox 3367 894 3612 963; x_wconf 77' lang='grc' dir='ltr'>ἀρεταῖς.</span> 
     </span>
    </p>
   </div>
   <div class='ocr_carea' id='block_1_26' title="bbox 2033 983 3614 1056">
    <p class='ocr_par' dir='ltr' id='par_1_26' title="bbox 2033 983 3614 1056">
     <span class='ocr_line' id='line_1_26' title="bbox 2033 983 3614 1056; baseline -0.001 -19"><span class='ocrx_word' id='word_1_175' title='bbox 2033 984 2332 1054; x_wconf 74' lang='grc' dir='ltr'>Μονονουχὶ</span> <span class='ocrx_word' id='word_1_176' title='bbox 2380 984 2435 1037; x_wconf 82' lang='grc' dir='ltr'>δὲ</span> <span class='ocrx_word' id='word_1_177' title='bbox 2479 986 2570 1038; x_wconf 74' lang='grc' dir='ltr'><strong>καὶ</strong></span> <span class='ocrx_word' id='word_1_178' title='bbox 2615 985 2902 1053; x_wconf 73' lang='grc' dir='ltr'>ἀποπνίγει</span> <span class='ocrx_word' id='word_1_179' title='bbox 2951 985 3012 1038; x_wconf 89' lang='grc' dir='ltr'><strong>τὸ</strong></span> <span class='ocrx_word' id='word_1_180' title='bbox 3058 986 3298 1056; x_wconf 84' lang='grc' dir='ltr'>μάχιμον</span> <span class='ocrx_word' id='word_1_181' title='bbox 3346 988 3461 1047; x_wconf 81' lang='grc' dir='ltr'>τοῖς</span> <span class='ocrx_word' id='word_1_182' title='bbox 3505 983 3614 1036; x_wconf 82' lang='grc' dir='ltr'><strong>τῶν</strong></span> 
     </span>
    </p>
   </div>
   <div class='ocr_carea' id='block_1_27' title="bbox 2033 1071 3614 1145">
    <p class='ocr_par' dir='ltr' id='par_1_27' title="bbox 2033 1071 3614 1145">
     <span class='ocr_line' id='line_1_27' title="bbox 2033 1071 3614 1145; baseline 0.001 -21"><span class='ocrx_word' id='word_1_183' title='bbox 2033 1071 2234 1142; x_wconf 76' lang='grc' dir='ltr'>ἡδονῶν</span> <span class='ocrx_word' id='word_1_184' title='bbox 2294 1071 2568 1140; x_wconf 70' lang='grc' dir='ltr'>ἐγκαθιεὶς</span> <span class='ocrx_word' id='word_1_185' title='bbox 2613 1073 2908 1144; x_wconf 74' lang='grc' dir='ltr'><strong>τέλμασιν,</strong></span> <span class='ocrx_word' id='word_1_186' title='bbox 2973 1075 3256 1145; x_wconf 86' lang='grc' dir='ltr'>προσίεται</span> <span class='ocrx_word' id='word_1_187' title='bbox 3315 1074 3372 1126; x_wconf 87' lang='grc' dir='ltr'><strong>δέ</strong></span> <span class='ocrx_word' id='word_1_188' title='bbox 3431 1073 3491 1127; x_wconf 80' lang='grc' dir='ltr'><strong>τὸ</strong></span> <span class='ocrx_word' id='word_1_189' title='bbox 3539 1074 3614 1145; x_wconf 80' lang='grc' dir='ltr'>μὴ</span> 
     </span>
    </p>
   </div>
   <div class='ocr_carea' id='block_1_28' title="bbox 2035 1162 3616 1236">
    <p class='ocr_par' dir='ltr' id='par_1_28' title="bbox 2035 1162 3616 1236">
     <span class='ocr_line' id='line_1_28' title="bbox 2035 1162 3616 1236; baseline 0.003 -22"><span class='ocrx_word' id='word_1_190' title='bbox 2035 1162 2317 1227; x_wconf 84' lang='grc' dir='ltr'>εύσθενές,</span> <span class='ocrx_word' id='word_1_191' title='bbox 2363 1165 2456 1216; x_wconf 73' lang='grc' dir='ltr'><strong>καὶ</strong></span> <span class='ocrx_word' id='word_1_192' title='bbox 2498 1163 2573 1227; x_wconf 83' lang='grc' dir='ltr'>ὡς</span> <span class='ocrx_word' id='word_1_193' title='bbox 2620 1166 2891 1236; x_wconf 79' lang='grc' dir='ltr'>ἄχρηστον</span> <span class='ocrx_word' id='word_1_194' title='bbox 2922 1166 3125 1236; x_wconf 77' lang='grc' dir='ltr'>ἀμαχεὶ</span> <span class='ocrx_word' id='word_1_195' title='bbox 3173 1168 3287 1228; x_wconf 88' lang='grc' dir='ltr'>τοῖς</span> <span class='ocrx_word' id='word_1_196' title='bbox 3311 1165 3462 1227; x_wconf 79' lang='grc' dir='ltr'>ἰδίοις</span> <span class='ocrx_word' id='word_1_197' title='bbox 3482 1167 3616 1218; x_wconf 78' lang='grc' dir='ltr'>ὑπο-</span> 
     </span>
    </p>
   </div>
   <div class='ocr_carea' id='block_1_29' title="bbox 2035 1254 3613 1329">
    <p class='ocr_par' dir='ltr' id='par_1_29' title="bbox 2035 1254 3613 1329">
     <span class='ocr_line' id='line_1_29' title="bbox 2035 1254 3613 1329; baseline 0.001 -23"><span class='ocrx_word' id='word_1_198' title='bbox 2035 1254 2187 1324; x_wconf 67' lang='grc' dir='ltr'>φέρει</span> <span class='ocrx_word' id='word_1_199' title='bbox 2229 1254 2447 1323; x_wconf 79' lang='grc' dir='ltr'>ζυγοῖς,</span> <span class='ocrx_word' id='word_1_200' title='bbox 2483 1255 2768 1320; x_wconf 80' lang='grc' dir='ltr'>ὲκδείξειεν</span> <span class='ocrx_word' id='word_1_201' title='bbox 2798 1257 2897 1310; x_wconf 76' lang='grc' dir='ltr'><strong>οὐκ</strong></span> <span class='ocrx_word' id='word_1_202' title='bbox 2932 1255 3265 1327; x_wconf 83' lang='grc' dir='ltr'>ἀσυμφανῶς</span> <span class='ocrx_word' id='word_1_203' title='bbox 3309 1257 3370 1310; x_wconf 92' lang='grc' dir='ltr'><strong>τὸ</strong></span> <span class='ocrx_word' id='word_1_204' title='bbox 3422 1256 3613 1329; x_wconf 73' lang='grc' dir='ltr'>ῥίπτε-</span> 
     </span>
    </p>
   </div>
   <div class='ocr_carea' id='block_1_30' title="bbox 2035 1344 3616 1418">
    <p class='ocr_par' dir='ltr' id='par_1_30' title="bbox 2035 1344 3616 1418">
     <span class='ocr_line' id='line_1_30' title="bbox 2035 1344 3616 1418; baseline 0.003 -22"><span class='ocrx_word' id='word_1_205' title='bbox 2035 1344 2158 1397; x_wconf 90' lang='grc' dir='ltr'>σθαι</span> <span class='ocrx_word' id='word_1_206' title='bbox 2194 1345 2292 1415; x_wconf 86' lang='grc' dir='ltr'><strong>μὲν</strong></span> <span class='ocrx_word' id='word_1_207' title='bbox 2323 1346 2432 1400; x_wconf 83' lang='grc' dir='ltr'>δεῖν</span> <span class='ocrx_word' id='word_1_208' title='bbox 2462 1346 2522 1398; x_wconf 89' lang='grc' dir='ltr'><strong>τὸ</strong></span> <span class='ocrx_word' id='word_1_209' title='bbox 2548 1348 2712 1418; x_wconf 77' lang='grc' dir='ltr'>ἄρσεν</span> <span class='ocrx_word' id='word_1_210' title='bbox 2737 1349 2794 1400; x_wconf 87' lang='grc' dir='ltr'><strong>ἐν</strong></span> <span class='ocrx_word' id='word_1_211' title='bbox 2819 1347 2973 1401; x_wconf 78' lang='grc' dir='ltr'>ὕδασι</span> <span class='ocrx_word' id='word_1_212' title='bbox 2999 1349 3198 1417; x_wconf 88' lang='grc' dir='ltr'>λέγειν,</span> <span class='ocrx_word' id='word_1_213' title='bbox 3229 1347 3616 1416; x_wconf 79' lang='grc' dir='ltr'>ζωογονεῖσθαι</span> 
     </span>
    </p>
   </div>
   <div class='ocr_carea' id='block_1_31' title="bbox 2031 1433 3616 1509">
    <p class='ocr_par' dir='ltr' id='par_1_31' title="bbox 2031 1433 3616 1509">
     <span class='ocr_line' id='line_1_31' title="bbox 2031 1433 3616 1509; baseline 0.004 -23"><span class='ocrx_word' id='word_1_214' title='bbox 2031 1433 2086 1486; x_wconf 84' lang='grc' dir='ltr'><strong>δὲ</strong></span> <span class='ocrx_word' id='word_1_215' title='bbox 2111 1435 2169 1488; x_wconf 83' lang='grc' dir='ltr'><strong>τὸ</strong></span> <span class='ocrx_word' id='word_1_216' title='bbox 2196 1434 2349 1505; x_wconf 81' lang='grc' dir='ltr'>θῆλυ.</span> <span class='ocrx_word' id='word_1_217' title='bbox 2387 1435 2567 1500; x_wconf 88' lang='grc' dir='ltr'>Τύπος</span> <span class='ocrx_word' id='word_1_218' title='bbox 2596 1436 2704 1507; x_wconf 82' lang='grc' dir='ltr'>γὰρ</span> <span class='ocrx_word' id='word_1_219' title='bbox 2735 1436 2799 1491; x_wconf 83' lang='grc' dir='ltr'><strong>ἂν</strong></span> <span class='ocrx_word' id='word_1_220' title='bbox 2827 1439 3065 1507; x_wconf 81' lang='grc' dir='ltr'>γένοιντο</span> <span class='ocrx_word' id='word_1_221' title='bbox 3085 1438 3195 1492; x_wconf 82' lang='grc' dir='ltr'>τῶν</span> <span class='ocrx_word' id='word_1_222' title='bbox 3226 1439 3616 1509; x_wconf 79' lang='grc' dir='ltr'>ἀφανεστέρων</span> 
     </span>
    </p>
   </div>
   <div class='ocr_carea' id='block_1_32' title="bbox 2031 1525 3616 1600">
    <p class='ocr_par' dir='ltr' id='par_1_32' title="bbox 2031 1525 3616 1600">
     <span class='ocr_line' id='line_1_32' title="bbox 2031 1525 3616 1600; baseline 0.004 -23"><span class='ocrx_word' id='word_1_223' title='bbox 2031 1528 2098 1578; x_wconf 70' lang='grc' dir='ltr'>τὰ</span> <span class='ocrx_word' id='word_1_224' title='bbox 2123 1525 2196 1590; x_wconf 82' lang='grc' dir='ltr'>ὡς</span> <span class='ocrx_word' id='word_1_225' title='bbox 2229 1529 2287 1580; x_wconf 89' lang='grc' dir='ltr'><strong>ἐν</strong></span> <span class='ocrx_word' id='word_1_226' title='bbox 2312 1527 2430 1597; x_wconf 77' lang='grc' dir='ltr'>δψει</span> <span class='ocrx_word' id='word_1_227' title='bbox 2457 1545 2516 1580; x_wconf 90' lang='grc' dir='ltr'><strong>τε</strong></span> <span class='ocrx_word' id='word_1_228' title='bbox 2545 1530 2638 1582; x_wconf 78' lang='grc' dir='ltr'><strong>καὶ</strong></span> <span class='ocrx_word' id='word_1_229' title='bbox 2666 1529 2940 1600; x_wconf 68' lang='grc' dir='ltr'>ἐναργείᾳ.</span> <span class='ocrx_word' id='word_1_230' title='bbox 2968 1530 3176 1584; x_wconf 79' lang='grc' dir='ltr'>Οὐκοῦν</span> <span class='ocrx_word' id='word_1_231' title='bbox 3205 1531 3412 1586; x_wconf 74' lang='grc' dir='ltr'>ἄνωθέν</span> <span class='ocrx_word' id='word_1_232' title='bbox 3435 1548 3491 1583; x_wconf 89' lang='grc' dir='ltr'><strong>τε</strong></span> <span class='ocrx_word' id='word_1_233' title='bbox 3521 1532 3616 1583; x_wconf 75' lang='grc' dir='ltr'><strong>καὶ</strong></span> 
     </span>
    </p>
   </div>
   <div class='ocr_carea' id='block_1_33' title="bbox 2033 1617 3614 1691">
    <p class='ocr_par' dir='ltr' id='par_1_33' title="bbox 2033 1617 3614 1691">
     <span class='ocr_line' id='line_1_33' title="bbox 2033 1617 3614 1691; baseline 0.004 -24"><span class='ocrx_word' id='word_1_234' title='bbox 2033 1617 2097 1668; x_wconf 81' lang='grc' dir='ltr'>ἐκ</span> <span class='ocrx_word' id='word_1_235' title='bbox 2136 1617 2388 1686; x_wconf 82' lang='grc' dir='ltr'>πατέρων</span> <span class='ocrx_word' id='word_1_236' title='bbox 2438 1618 2859 1690; x_wconf 76' lang='grc' dir='ltr'>ὴρρωστηκότες</span> <span class='ocrx_word' id='word_1_237' title='bbox 2909 1620 3010 1691; x_wconf 80' lang='grc' dir='ltr'>τὴν</span> <span class='ocrx_word' id='word_1_238' title='bbox 3053 1619 3350 1690; x_wconf 85' lang='grc' dir='ltr'>ἁμαρτίαν,</span> <span class='ocrx_word' id='word_1_239' title='bbox 3401 1622 3497 1673; x_wconf 66' lang='grc' dir='ltr'>καὶ</span> <span class='ocrx_word' id='word_1_240' title='bbox 3544 1623 3614 1690; x_wconf 79' lang='grc' dir='ltr'>τῇ</span> 
     </span>
    </p>
   </div>
   <div class='ocr_carea' id='block_1_34' title="bbox 354 1701 1923 1786">
    <p class='ocr_par' dir='ltr' id='par_1_34' title="bbox 354 1712 1923 1786">
     <span class='ocr_line' id='line_1_34' title="bbox 354 1712 1923 1786; baseline 0.003 -20"><span class='ocrx_word' id='word_1_241' title='bbox 354 1712 469 1768; x_wconf 90' lang='lat' dir='ltr'><strong>fere</strong></span> <span class='ocrx_word' id='word_1_242' title='bbox 491 1715 670 1768; x_wconf 89' lang='lat' dir='ltr'><strong>omnis</strong></span> <span class='ocrx_word' id='word_1_243' title='bbox 693 1715 954 1784; x_wconf 66' lang='lat' dir='ltr'><strong>nequitia:</strong></span> <span class='ocrx_word' id='word_1_244' title='bbox 974 1716 1212 1786; x_wconf 90' lang='lat' dir='ltr'><strong>principi</strong></span> <span class='ocrx_word' id='word_1_245' title='bbox 1241 1715 1538 1786; x_wconf 82' lang='lat' dir='ltr'><strong>subjugati,</strong></span> <span class='ocrx_word' id='word_1_246' title='bbox 1591 1716 1923 1786; x_wconf 83' lang='lat' dir='ltr'><strong>privatisque</strong></span> 
     </span>
    </p>
   </div>
   <div class='ocr_carea' id='block_1_35' title="bbox 2028 1701 3617 1786">
    <p class='ocr_par' dir='ltr' id='par_1_35' title="bbox 2033 1706 3617 1781">
     <span class='ocr_line' id='line_1_35' title="bbox 2033 1706 3617 1781; baseline 0.005 -23"><span class='ocrx_word' id='word_1_247' title='bbox 2033 1706 2142 1759; x_wconf 84' lang='grc' dir='ltr'><strong>τῶν</strong></span> <span class='ocrx_word' id='word_1_248' title='bbox 2172 1707 2391 1775; x_wconf 84' lang='grc' dir='ltr'>ἀγαθῶν</span> <span class='ocrx_word' id='word_1_249' title='bbox 2423 1709 2600 1781; x_wconf 75' lang='grc' dir='ltr'>ἐνδείᾳ</span> <span class='ocrx_word' id='word_1_250' title='bbox 2627 1709 3000 1780; x_wconf 88' lang='grc' dir='ltr'>πεπιεσμένοι,</span> <span class='ocrx_word' id='word_1_251' title='bbox 3022 1711 3164 1780; x_wconf 85' lang='grc' dir='ltr'>τάχα</span> <span class='ocrx_word' id='word_1_252' title='bbox 3195 1727 3297 1764; x_wconf 88' lang='grc' dir='ltr'><strong>που</strong></span> <span class='ocrx_word' id='word_1_253' title='bbox 3327 1712 3422 1763; x_wconf 85' lang='grc' dir='ltr'><strong>καί</strong></span> <span class='ocrx_word' id='word_1_254' title='bbox 3453 1711 3617 1766; x_wconf 74' lang='grc' dir='ltr'>ἀϐου-</span> 
     </span>
    </p>
   </div>
   <div class='ocr_carea' id='block_1_36' title="bbox 356 1804 1928 1877">
    <p class='ocr_par' dir='ltr' id='par_1_36' title="bbox 356 1804 1928 1877">
     <span class='ocr_line' id='line_1_36' title="bbox 356 1804 1928 1877; baseline 0.002 -19"><span class='ocrx_word' id='word_1_255' title='bbox 356 1804 684 1873; x_wconf 70' lang='grc' dir='ltr'>ρηεείάὶὺιιε</span> <span class='ocrx_word' id='word_1_256' title='bbox 711 1806 966 1876; x_wconf 82' lang='lat' dir='ltr'><strong>subjecti,</strong></span> <span class='ocrx_word' id='word_1_257' title='bbox 1004 1807 1322 1870; x_wconf 88' lang='lat' dir='ltr'><strong>immundis,</strong></span> <span class='ocrx_word' id='word_1_258' title='bbox 1349 1807 1593 1877; x_wconf 89' lang='lat' dir='ltr'><strong>inquam,</strong></span> <span class='ocrx_word' id='word_1_259' title='bbox 1618 1807 1928 1876; x_wconf 85' lang='lat' dir='ltr'><strong>spiritibus,</strong></span> 
     </span>
    </p>
   </div>
   <div class='ocr_carea' id='block_1_37' title="bbox 355 1895 1930 1968">
    <p class='ocr_par' dir='ltr' id='par_1_37' title="bbox 355 1895 1930 1968">
     <span class='ocr_line' id='line_1_37' title="bbox 355 1895 1930 1968; baseline 0.002 -20"><span class='ocrx_word' id='word_1_260' title='bbox 355 1902 518 1964; x_wconf 89' lang='lat' dir='ltr'><strong>atque</strong></span> <span class='ocrx_word' id='word_1_261' title='bbox 544 1896 618 1950; x_wconf 90' lang='lat' dir='ltr'><strong>ita</strong></span> <span class='ocrx_word' id='word_1_262' title='bbox 641 1895 709 1950; x_wconf 88' lang='lat' dir='ltr'><strong>ad</strong></span> <span class='ocrx_word' id='word_1_263' title='bbox 742 1905 1043 1952; x_wconf 78' lang='lat' dir='ltr'><strong>extremam</strong></span> <span class='ocrx_word' id='word_1_264' title='bbox 1074 1898 1441 1952; x_wconf 87' lang='lat' dir='ltr'><strong>calamitatem</strong></span> <span class='ocrx_word' id='word_1_265' title='bbox 1466 1913 1555 1952; x_wconf 86' lang='lat' dir='ltr'><strong>res</strong></span> <span class='ocrx_word' id='word_1_266' title='bbox 1578 1907 1778 1951; x_wconf 78' lang='lat' dir='ltr'><strong>nostrae</strong></span> <span class='ocrx_word' id='word_1_267' title='bbox 1802 1913 1930 1968; x_wconf 86' lang='lat' dir='ltr'><strong>per-</strong></span> 
     </span>
    </p>
   </div>
   <div class='ocr_carea' id='block_1_38' title="bbox 354 1984 1930 2056">
    <p class='ocr_par' dir='ltr' id='par_1_38' title="bbox 354 1984 1930 2056">
     <span class='ocr_line' id='line_1_38' title="bbox 354 1984 1930 2056; baseline 0.001 -20"><span class='ocrx_word' id='word_1_268' title='bbox 354 1984 654 2049; x_wconf 83' lang='lat' dir='ltr'><strong>venissent,</strong></span> <span class='ocrx_word' id='word_1_269' title='bbox 716 1984 880 2056; x_wconf 67' lang='grc'><strong>248</strong></span> <span class='ocrx_word' id='word_1_270' title='bbox 925 1985 1173 2054; x_wconf 84' lang='lat' dir='ltr'><strong>nihilque</strong></span> <span class='ocrx_word' id='word_1_271' title='bbox 1216 1984 1286 2038; x_wconf 89' lang='lat' dir='ltr'><strong>ad</strong></span> <span class='ocrx_word' id='word_1_272' title='bbox 1333 2000 1598 2038; x_wconf 82' lang='lat' dir='ltr'><strong>summam</strong></span> <span class='ocrx_word' id='word_1_273' title='bbox 1654 1986 1930 2040; x_wconf 88' lang='lat' dir='ltr'><strong>miseriam</strong></span> 
     </span>
    </p>
   </div>
   <div class='ocr_carea' id='block_1_39' title="bbox 354 2075 1932 2147">
    <p class='ocr_par' dir='ltr' id='par_1_39' title="bbox 354 2075 1932 2147">
     <span class='ocr_line' id='line_1_39' title="bbox 354 2075 1932 2147; baseline 0.002 -20"><span class='ocrx_word' id='word_1_274' title='bbox 354 2084 520 2144; x_wconf 86' lang='lat' dir='ltr'><strong>atque</strong></span> <span class='ocrx_word' id='word_1_275' title='bbox 572 2091 845 2131; x_wconf 66' lang='lat' dir='ltr'><strong>aerumnas</strong></span> <span class='ocrx_word' id='word_1_276' title='bbox 901 2077 1063 2147; x_wconf 83' lang='lat' dir='ltr'><strong>adjici</strong></span> <span class='ocrx_word' id='word_1_277' title='bbox 1098 2083 1312 2145; x_wconf 86' lang='lat' dir='ltr'><strong>posset,</strong></span> <span class='ocrx_word' id='word_1_278' title='bbox 1359 2077 1504 2131; x_wconf 89' lang='lat' dir='ltr'><strong>Deus</strong></span> <span class='ocrx_word' id='word_1_279' title='bbox 1547 2075 1805 2132; x_wconf 90' lang='lat' dir='ltr'><strong>misertus</strong></span> <span class='ocrx_word' id='word_1_280' title='bbox 1848 2085 1932 2132; x_wconf 91' lang='lat' dir='ltr'><strong>est</strong></span> 
     </span>
    </p>
   </div>
   <div class='ocr_carea' id='block_1_40' title="bbox 355 2165 1927 2236">
    <p class='ocr_par' dir='ltr' id='par_1_40' title="bbox 355 2165 1927 2236">
     <span class='ocr_line' id='line_1_40' title="bbox 355 2165 1927 2236; baseline 0.003 -18"><span class='ocrx_word' id='word_1_281' title='bbox 355 2167 552 2231; x_wconf 89' lang='lat' dir='ltr'><strong>nostri,</strong></span> <span class='ocrx_word' id='word_1_282' title='bbox 585 2166 897 2236; x_wconf 84' lang='lat' dir='ltr'><strong>eripuitque</strong></span> <span class='ocrx_word' id='word_1_283' title='bbox 924 2183 1024 2222; x_wconf 88' lang='lat' dir='ltr'><strong>nos</strong></span> <span class='ocrx_word' id='word_1_284' title='bbox 1045 2182 1110 2221; x_wconf 89' lang='lat' dir='ltr'><strong>ac</strong></span> <span class='ocrx_word' id='word_1_285' title='bbox 1130 2166 1376 2221; x_wconf 80' lang='lat' dir='ltr'><strong>salvavit.</strong></span> <span class='ocrx_word' id='word_1_286' title='bbox 1403 2165 1522 2233; x_wconf 86' lang='lat' dir='ltr'><strong>Quo</strong></span> <span class='ocrx_word' id='word_1_287' title='bbox 1546 2176 1728 2222; x_wconf 87' lang='lat' dir='ltr'><strong>autem</strong></span> <span class='ocrx_word' id='word_1_288' title='bbox 1743 2168 1927 2232; x_wconf 91' lang='lat' dir='ltr'><strong>modo,</strong></span> 
     </span>
    </p>
   </div>
   <div class='ocr_carea' id='block_1_41' title="bbox 354 2256 1929 2330">
    <p class='ocr_par' dir='ltr' id='par_1_41' title="bbox 354 2256 1929 2330">
     <span class='ocr_line' id='line_1_41' title="bbox 354 2256 1929 2330; baseline 0.003 -21"><span class='ocrx_word' id='word_1_289' title='bbox 354 2269 454 2323; x_wconf 89' lang='lat' dir='ltr'><strong>per</strong></span> <span class='ocrx_word' id='word_1_290' title='bbox 481 2271 547 2310; x_wconf 84' lang='lat' dir='ltr'><strong>ea</strong></span> <span class='ocrx_word' id='word_1_291' title='bbox 585 2272 707 2326; x_wconf 75' lang='lat' dir='ltr'><strong>quae</strong></span> <span class='ocrx_word' id='word_1_292' title='bbox 729 2257 989 2326; x_wconf 90' lang='lat' dir='ltr'><strong>deinceps</strong></span> <span class='ocrx_word' id='word_1_293' title='bbox 1028 2256 1381 2328; x_wconf 85' lang='lat' dir='ltr'><strong>adjiciuntur,</strong></span> <span class='ocrx_word' id='word_1_294' title='bbox 1428 2258 1816 2330; x_wconf 81' lang='lat' dir='ltr'><strong>intelligemus.</strong></span> <span class='ocrx_word' id='word_1_295' title='bbox 1853 2260 1929 2314; x_wconf 90' lang='lat' dir='ltr'><strong>Ea</strong></span> 
     </span>
    </p>
   </div>
   <div class='ocr_carea' id='block_1_42' title="bbox 353 2347 1927 2421">
    <p class='ocr_par' dir='ltr' id='par_1_42' title="bbox 353 2347 1927 2421">
     <span class='ocr_line' id='line_1_42' title="bbox 353 2347 1927 2421; baseline 0.004 -21"><span class='ocrx_word' id='word_1_296' title='bbox 353 2347 500 2401; x_wconf 87' lang='lat' dir='ltr'><strong>enim</strong></span> <span class='ocrx_word' id='word_1_297' title='bbox 526 2363 648 2417; x_wconf 66' lang='lat' dir='ltr'><strong>quae</strong></span> <span class='ocrx_word' id='word_1_298' title='bbox 670 2349 738 2403; x_wconf 87' lang='lat' dir='ltr'><strong>de</strong></span> <span class='ocrx_word' id='word_1_299' title='bbox 775 2348 920 2403; x_wconf 88' lang='lat' dir='ltr'><strong>Mose</strong></span> <span class='ocrx_word' id='word_1_300' title='bbox 945 2350 1148 2418; x_wconf 88' lang='lat' dir='ltr'><strong>scripta</strong></span> <span class='ocrx_word' id='word_1_301' title='bbox 1169 2356 1319 2414; x_wconf 89' lang='lat' dir='ltr'><strong>sunt,</strong></span> <span class='ocrx_word' id='word_1_302' title='bbox 1351 2349 1406 2404; x_wconf 90' lang='lat' dir='ltr'><strong>in</strong></span> <span class='ocrx_word' id='word_1_303' title='bbox 1431 2357 1619 2421; x_wconf 83' lang='lat' dir='ltr'><strong>typum</strong></span> <span class='ocrx_word' id='word_1_304' title='bbox 1647 2367 1709 2406; x_wconf 86' lang='lat' dir='ltr'><strong>ac</strong></span> <span class='ocrx_word' id='word_1_305' title='bbox 1749 2355 1927 2421; x_wconf 73' lang='lat' dir='ltr'><strong>praeli-</strong></span> 
     </span>
    </p>
   </div>
   <div class='ocr_carea' id='block_1_43' title="bbox 353 2440 1929 2511">
    <p class='ocr_par' dir='ltr' id='par_1_43' title="bbox 353 2440 1929 2511">
     <span class='ocr_line' id='line_1_43' title="bbox 353 2440 1929 2511; baseline 0.004 -19"><span class='ocrx_word' id='word_1_306' title='bbox 353 2441 692 2510; x_wconf 60' lang='lat' dir='ltr'><strong>gurationem</strong></span> <span class='ocrx_word' id='word_1_307' title='bbox 711 2441 904 2496; x_wconf 89' lang='lat' dir='ltr'><strong>salutis</strong></span> <span class='ocrx_word' id='word_1_308' title='bbox 932 2456 1052 2511; x_wconf 73' lang='lat' dir='ltr'><strong>quae</strong></span> <span class='ocrx_word' id='word_1_309' title='bbox 1073 2441 1236 2496; x_wconf 89' lang='lat' dir='ltr'><strong>nobis</strong></span> <span class='ocrx_word' id='word_1_310' title='bbox 1261 2457 1358 2511; x_wconf 88' lang='lat' dir='ltr'><strong>per</strong></span> <span class='ocrx_word' id='word_1_311' title='bbox 1397 2440 1676 2498; x_wconf 88' lang='lat' dir='ltr'><strong>Christum</strong></span> <span class='ocrx_word' id='word_1_312' title='bbox 1734 2443 1929 2499; x_wconf 84' lang='lat' dir='ltr'><strong>collata</strong></span> 
     </span>
    </p>
   </div>
   <div class='ocr_carea' id='block_1_44' title="bbox 352 2531 813 2593">
    <p class='ocr_par' dir='ltr' id='par_1_44' title="bbox 352 2531 813 2593">
     <span class='ocr_line' id='line_1_44' title="bbox 352 2531 813 2593; baseline 0.002 -9"><span class='ocrx_word' id='word_1_313' title='bbox 352 2538 456 2593; x_wconf 88' lang='lat' dir='ltr'><strong>est,</strong></span> <span class='ocrx_word' id='word_1_314' title='bbox 497 2531 813 2587; x_wconf 79' lang='lat' dir='ltr'><strong>aﬂ&#39;eremus.</strong></span> 
     </span>
    </p>
   </div>
   <div class='ocr_carea' id='block_1_45' title="bbox 423 2712 1926 2792">
    <p class='ocr_par' dir='ltr' id='par_1_45' title="bbox 423 2712 1926 2792">
     <span class='ocr_line' id='line_1_45' title="bbox 423 2712 1926 2792; baseline 0.007 -25"><span class='ocrx_word' id='word_1_315' title='bbox 423 2714 474 2767; x_wconf 67' lang='grc'>4.</span> <span class='ocrx_word' id='word_1_316' title='bbox 506 2732 524 2765; x_wconf 80' lang='grc' dir='ltr'><strong>ι</strong></span> <span class='ocrx_word' id='word_1_317' title='bbox 561 2712 688 2768; x_wconf 84' lang='lat' dir='ltr'><strong>Fuit</strong></span> <span class='ocrx_word' id='word_1_318' title='bbox 709 2723 894 2769; x_wconf 87' lang='lat' dir='ltr'><strong>autem</strong></span> <span class='ocrx_word' id='word_1_319' title='bbox 916 2715 1160 2785; x_wconf 82' lang='lat' dir='ltr'><strong>quidam,</strong></span> <span class='ocrx_word' id='word_1_320' title='bbox 1187 2716 1618 2788; x_wconf 87' lang='lat' dir='ltr'><strong>inquit,dctribu</strong></span> <span class='ocrx_word' id='word_1_321' title='bbox 1654 2719 1806 2788; x_wconf 79' lang='lat' dir='ltr'><strong>Levi,</strong></span> <span class='ocrx_word' id='word_1_322' title='bbox 1835 2724 1926 2792; x_wconf 90' lang='lat' dir='ltr'><strong>qui</strong></span> 
     </span>
    </p>
   </div>
   <div class='ocr_carea' id='block_1_46' title="bbox 352 2807 1930 2879">
    <p class='ocr_par' dir='ltr' id='par_1_46' title="bbox 352 2807 1930 2879">
     <span class='ocr_line' id='line_1_46' title="bbox 352 2807 1930 2879; baseline 0.006 -19"><span class='ocrx_word' id='word_1_323' title='bbox 352 2807 562 2876; x_wconf 87' lang='lat' dir='ltr'><strong>accepit</strong></span> <span class='ocrx_word' id='word_1_324' title='bbox 587 2821 813 2861; x_wconf 83' lang='lat' dir='ltr'><strong>uxorem</strong></span> <span class='ocrx_word' id='word_1_325' title='bbox 855 2807 923 2862; x_wconf 92' lang='lat' dir='ltr'><strong>de</strong></span> <span class='ocrx_word' id='word_1_326' title='bbox 959 2807 1175 2863; x_wconf 83' lang='lat' dir='ltr'><strong>filiabus</strong></span> <span class='ocrx_word' id='word_1_327' title='bbox 1206 2808 1359 2874; x_wconf 88' lang='lat' dir='ltr'><strong>Levi,</strong></span> <span class='ocrx_word' id='word_1_328' title='bbox 1387 2819 1443 2865; x_wconf 89' lang='lat' dir='ltr'><strong>et</strong></span> <span class='ocrx_word' id='word_1_329' title='bbox 1473 2811 1667 2866; x_wconf 86' lang='lat' dir='ltr'><strong>habuit</strong></span> <span class='ocrx_word' id='word_1_330' title='bbox 1691 2829 1834 2879; x_wconf 90' lang='lat' dir='ltr'><strong>eam,</strong></span> <span class='ocrx_word' id='word_1_331' title='bbox 1873 2825 1930 2869; x_wconf 90' lang='lat' dir='ltr'><strong>et</strong></span> 
     </span>
    </p>
   </div>
   <div class='ocr_carea' id='block_1_47' title="bbox 352 2896 1929 2970">
    <p class='ocr_par' dir='ltr' id='par_1_47' title="bbox 352 2896 1929 2970">
     <span class='ocr_line' id='line_1_47' title="bbox 352 2896 1929 2970; baseline 0.006 -20"><span class='ocrx_word' id='word_1_332' title='bbox 352 2896 408 2950; x_wconf 91' lang='lat' dir='ltr'><strong>in</strong></span> <span class='ocrx_word' id='word_1_333' title='bbox 440 2905 632 2953; x_wconf 86' lang='lat' dir='ltr'><strong>ventre</strong></span> <span class='ocrx_word' id='word_1_334' title='bbox 659 2900 930 2969; x_wconf 87' lang='lat' dir='ltr'><strong>concepit,</strong></span> <span class='ocrx_word' id='word_1_335' title='bbox 959 2905 1013 2954; x_wconf 90' lang='lat' dir='ltr'><strong>et</strong></span> <span class='ocrx_word' id='word_1_336' title='bbox 1051 2901 1264 2970; x_wconf 89' lang='lat' dir='ltr'><strong>peperit</strong></span> <span class='ocrx_word' id='word_1_337' title='bbox 1296 2902 1617 2963; x_wconf 86' lang='lat' dir='ltr'><strong>masculum.</strong></span> <span class='ocrx_word' id='word_1_338' title='bbox 1667 2905 1929 2960; x_wconf 73' lang='lat' dir='ltr'><strong>Videntcs</strong></span> 
     </span>
    </p>
   </div>
   <div class='ocr_carea' id='block_1_48' title="bbox 351 2989 1926 3061">
    <p class='ocr_par' dir='ltr' id='par_1_48' title="bbox 351 2989 1926 3061">
     <span class='ocr_line' id='line_1_48' title="bbox 351 2989 1926 3061; baseline 0.004 -17"><span class='ocrx_word' id='word_1_339' title='bbox 351 2997 534 3044; x_wconf 79' lang='lat' dir='ltr'><strong>autem</strong></span> <span class='ocrx_word' id='word_1_340' title='bbox 560 2989 712 3044; x_wconf 89' lang='lat' dir='ltr'><strong>illum</strong></span> <span class='ocrx_word' id='word_1_341' title='bbox 739 2991 1064 3061; x_wconf 77' lang='lat' dir='ltr'><strong>elegantem,</strong></span> <span class='ocrx_word' id='word_1_342' title='bbox 1089 2992 1496 3048; x_wconf 74' lang='lat' dir='ltr'><strong>absconderant</strong></span> <span class='ocrx_word' id='word_1_343' title='bbox 1535 2995 1687 3048; x_wconf 90' lang='lat' dir='ltr'><strong>illum</strong></span> <span class='ocrx_word' id='word_1_344' title='bbox 1721 2997 1926 3050; x_wconf 85' lang='lat' dir='ltr'><strong>mensi-</strong></span> 
     </span>
    </p>
   </div>
   <div class='ocr_carea' id='block_1_49' title="bbox 349 3081 1928 3155">
    <p class='ocr_par' dir='ltr' id='par_1_49' title="bbox 349 3081 1928 3155">
     <span class='ocr_line' id='line_1_49' title="bbox 349 3081 1928 3155; baseline 0.004 -20"><span class='ocrx_word' id='word_1_345' title='bbox 349 3081 454 3136; x_wconf 84' lang='lat' dir='ltr'><strong>bus</strong></span> <span class='ocrx_word' id='word_1_346' title='bbox 475 3081 668 3136; x_wconf 87' lang='lat' dir='ltr'><strong>tribus.</strong></span> <span class='ocrx_word' id='word_1_347' title='bbox 696 3082 833 3148; x_wconf 86' lang='lat' dir='ltr'><strong>Quia</strong></span> <span class='ocrx_word' id='word_1_348' title='bbox 858 3091 1039 3137; x_wconf 90' lang='lat' dir='ltr'><strong>autem</strong></span> <span class='ocrx_word' id='word_1_349' title='bbox 1067 3097 1176 3138; x_wconf 90' lang='lat' dir='ltr'><strong>non</strong></span> <span class='ocrx_word' id='word_1_350' title='bbox 1195 3091 1493 3153; x_wconf 88' lang='lat' dir='ltr'><strong>potuerunt</strong></span> <span class='ocrx_word' id='word_1_351' title='bbox 1523 3085 1676 3139; x_wconf 89' lang='lat' dir='ltr'><strong>illum</strong></span> <span class='ocrx_word' id='word_1_352' title='bbox 1693 3087 1928 3155; x_wconf 87' lang='lat' dir='ltr'><strong>amplius</strong></span> 
     </span>
    </p>
   </div>
   <div class='ocr_carea' id='block_1_50' title="bbox 348 3173 1928 3244">
    <p class='ocr_par' dir='ltr' id='par_1_50' title="bbox 348 3173 1928 3244">
     <span class='ocr_line' id='line_1_50' title="bbox 348 3173 1928 3244; baseline 0.003 -16"><span class='ocrx_word' id='word_1_353' title='bbox 348 3173 708 3236; x_wconf 76' lang='lat' dir='ltr'><strong>abscondere,</strong></span> <span class='ocrx_word' id='word_1_354' title='bbox 736 3174 950 3242; x_wconf 90' lang='lat' dir='ltr'><strong>accepit</strong></span> <span class='ocrx_word' id='word_1_355' title='bbox 999 3173 1076 3227; x_wconf 92' lang='lat' dir='ltr'><strong>illi</strong></span> <span class='ocrx_word' id='word_1_356' title='bbox 1104 3182 1279 3228; x_wconf 89' lang='lat' dir='ltr'><strong>mater</strong></span> <span class='ocrx_word' id='word_1_357' title='bbox 1330 3175 1451 3244; x_wconf 91' lang='lat' dir='ltr'><strong>ejus</strong></span> <span class='ocrx_word' id='word_1_358' title='bbox 1487 3176 1750 3231; x_wconf 82' lang='lat' dir='ltr'><strong>fiscellam</strong></span> <span class='ocrx_word' id='word_1_359' title='bbox 1791 3180 1928 3232; x_wconf 87' lang='lat' dir='ltr'><strong>scir-</strong></span> 
     </span>
    </p>
   </div>
   <div class='ocr_carea' id='block_1_51' title="bbox 348 3264 1928 3339">
    <p class='ocr_par' dir='ltr' id='par_1_51' title="bbox 348 3264 1928 3339">
     <span class='ocr_line' id='line_1_51' title="bbox 348 3264 1928 3339; baseline 0.004 -21"><span class='ocrx_word' id='word_1_360' title='bbox 348 3279 528 3334; x_wconf 91' lang='lat' dir='ltr'><strong>peam,</strong></span> <span class='ocrx_word' id='word_1_361' title='bbox 555 3272 611 3318; x_wconf 91' lang='lat' dir='ltr'><strong>et</strong></span> <span class='ocrx_word' id='word_1_362' title='bbox 636 3264 815 3317; x_wconf 85' lang='lat' dir='ltr'><strong>linivit</strong></span> <span class='ocrx_word' id='word_1_363' title='bbox 837 3279 958 3318; x_wconf 91' lang='lat' dir='ltr'><strong>eam</strong></span> <span class='ocrx_word' id='word_1_364' title='bbox 985 3265 1255 3319; x_wconf 87' lang='lat' dir='ltr'><strong>bitumine</strong></span> <span class='ocrx_word' id='word_1_365' title='bbox 1276 3275 1332 3320; x_wconf 90' lang='lat' dir='ltr'><strong>et</strong></span> <span class='ocrx_word' id='word_1_366' title='bbox 1379 3267 1522 3336; x_wconf 90' lang='lat' dir='ltr'><strong>pice,</strong></span> <span class='ocrx_word' id='word_1_367' title='bbox 1553 3278 1609 3322; x_wconf 92' lang='lat' dir='ltr'><strong>et</strong></span> <span class='ocrx_word' id='word_1_368' title='bbox 1668 3268 1928 3339; x_wconf 90' lang='lat' dir='ltr'><strong>imposuit</strong></span> 
     </span>
    </p>
   </div>
   <div class='ocr_carea' id='block_1_52' title="bbox 349 3355 1922 3431">
    <p class='ocr_par' dir='ltr' id='par_1_52' title="bbox 349 3355 1922 3431">
     <span class='ocr_line' id='line_1_52' title="bbox 349 3355 1922 3431; baseline 0.004 -22"><span class='ocrx_word' id='word_1_369' title='bbox 349 3370 580 3425; x_wconf 90' lang='lat' dir='ltr'><strong>puerum</strong></span> <span class='ocrx_word' id='word_1_370' title='bbox 604 3355 660 3409; x_wconf 91' lang='lat' dir='ltr'><strong>in</strong></span> <span class='ocrx_word' id='word_1_371' title='bbox 683 3370 768 3419; x_wconf 89' lang='lat' dir='ltr'><strong>ea,</strong></span> <span class='ocrx_word' id='word_1_372' title='bbox 793 3364 850 3409; x_wconf 90' lang='lat' dir='ltr'><strong>et</strong></span> <span class='ocrx_word' id='word_1_373' title='bbox 873 3357 1190 3425; x_wconf 88' lang='lat' dir='ltr'><strong>posuiteam</strong></span> <span class='ocrx_word' id='word_1_374' title='bbox 1225 3357 1280 3410; x_wconf 91' lang='lat' dir='ltr'><strong>in</strong></span> <span class='ocrx_word' id='word_1_375' title='bbox 1308 3358 1505 3427; x_wconf 90' lang='lat' dir='ltr'><strong>palude</strong></span> <span class='ocrx_word' id='word_1_376' title='bbox 1525 3362 1676 3431; x_wconf 83' lang='lat' dir='ltr'><strong>juxta</strong></span> <span class='ocrx_word' id='word_1_377' title='bbox 1701 3360 1922 3416; x_wconf 81' lang='lat' dir='ltr'><strong>ﬂumen.</strong></span> 
     </span>
    </p>
   </div>
   <div class='ocr_carea' id='block_1_53' title="bbox 349 3447 1927 3524">
    <p class='ocr_par' dir='ltr' id='par_1_53' title="bbox 349 3447 1927 3524">
     <span class='ocr_line' id='line_1_53' title="bbox 349 3447 1927 3524; baseline 0.006 -22"><span class='ocrx_word' id='word_1_378' title='bbox 349 3449 417 3502; x_wconf 84' lang='lat' dir='ltr'><strong>Et</strong></span> <span class='ocrx_word' id='word_1_379' title='bbox 461 3447 849 3518; x_wconf 86' lang='lat' dir='ltr'><strong>speculabatur</strong></span> <span class='ocrx_word' id='word_1_380' title='bbox 903 3463 1060 3503; x_wconf 91' lang='lat' dir='ltr'><strong>soror</strong></span> <span class='ocrx_word' id='word_1_381' title='bbox 1100 3451 1219 3519; x_wconf 89' lang='lat' dir='ltr'><strong>ejus</strong></span> <span class='ocrx_word' id='word_1_382' title='bbox 1273 3450 1340 3504; x_wconf 86' lang='lat' dir='ltr'><strong>de</strong></span> <span class='ocrx_word' id='word_1_383' title='bbox 1370 3452 1529 3524; x_wconf 81' lang='lat' dir='ltr'><strong>longe</strong></span> <span class='ocrx_word' id='word_1_384' title='bbox 1584 3465 1644 3509; x_wconf 93' lang='lat' dir='ltr'><strong>ut</strong></span> <span class='ocrx_word' id='word_1_385' title='bbox 1692 3456 1927 3512; x_wconf 88' lang='lat' dir='ltr'><strong>disceret</strong></span> 
     </span>
    </p>
   </div>
   <div class='ocr_carea' id='block_1_54' title="bbox 345 3538 1926 3608">
    <p class='ocr_par' dir='ltr' id='par_1_54' title="bbox 345 3538 1926 3608">
     <span class='ocr_line' id='line_1_54' title="bbox 345 3538 1926 3608; baseline 0.01 -16"><span class='ocrx_word' id='word_1_386' title='bbox 345 3539 479 3608; x_wconf 90' lang='lat' dir='ltr'><strong>quid</strong></span> <span class='ocrx_word' id='word_1_387' title='bbox 500 3539 774 3593; x_wconf 88' lang='lat' dir='ltr'><strong>accideret</strong></span> <span class='ocrx_word' id='word_1_388' title='bbox 795 3538 891 3593; x_wconf 91' lang='lat' dir='ltr'><strong>illi.</strong></span> <span class='ocrx_word' id='word_1_389' title='bbox 917 3539 1213 3594; x_wconf 88' lang='lat' dir='ltr'><strong>Descendit</strong></span> <span class='ocrx_word' id='word_1_390' title='bbox 1239 3551 1424 3596; x_wconf 86' lang='lat' dir='ltr'><strong>autem</strong></span> <span class='ocrx_word' id='word_1_391' title='bbox 1459 3543 1570 3599; x_wconf 86' lang='lat' dir='ltr'><strong>ﬁlia</strong></span> <span class='ocrx_word' id='word_1_392' title='bbox 1620 3545 1926 3607; x_wconf 77' lang='lat' dir='ltr'><strong>Pharaonis</strong></span> 
     </span>
    </p>
   </div>
   <div class='ocr_carea' id='block_1_55' title="bbox 345 3630 1923 3707">
    <p class='ocr_par' dir='ltr' id='par_1_55' title="bbox 345 3630 1923 3707">
     <span class='ocr_line' id='line_1_55' title="bbox 345 3630 1923 3707; baseline 0.01 -22"><span class='ocrx_word' id='word_1_393' title='bbox 345 3633 700 3686; x_wconf 85' lang='lat' dir='ltr'><strong>utlavaretur</strong></span> <span class='ocrx_word' id='word_1_394' title='bbox 718 3631 785 3685; x_wconf 88' lang='lat' dir='ltr'><strong>ad</strong></span> <span class='ocrx_word' id='word_1_395' title='bbox 809 3630 1011 3686; x_wconf 82' lang='lat' dir='ltr'><strong>ﬂumen</strong></span> <span class='ocrx_word' id='word_1_396' title='bbox 1038 3649 1054 3685; x_wconf 89' lang='lat'><strong>:</strong></span> <span class='ocrx_word' id='word_1_397' title='bbox 1078 3640 1133 3686; x_wconf 92' lang='lat' dir='ltr'><strong>et</strong></span> <span class='ocrx_word' id='word_1_398' title='bbox 1154 3634 1365 3690; x_wconf 64' lang='lat' dir='ltr'><strong>ancillae</strong></span> <span class='ocrx_word' id='word_1_399' title='bbox 1389 3637 1508 3707; x_wconf 89' lang='lat' dir='ltr'><strong>ejus</strong></span> <span class='ocrx_word' id='word_1_400' title='bbox 1530 3641 1923 3707; x_wconf 78' lang='lat' dir='ltr'><strong>gradiebantur</strong></span> 
     </span>
    </p>
   </div>
   <div class='ocr_carea' id='block_1_56' title="bbox 345 3721 1923 3798">
    <p class='ocr_par' dir='ltr' id='par_1_56' title="bbox 345 3721 1923 3798">
     <span class='ocr_line' id='line_1_56' title="bbox 345 3721 1923 3798; baseline 0.008 -20"><span class='ocrx_word' id='word_1_401' title='bbox 345 3738 514 3793; x_wconf 82' lang='lat' dir='ltr'><strong>super</strong></span> <span class='ocrx_word' id='word_1_402' title='bbox 535 3721 756 3778; x_wconf 88' lang='lat' dir='ltr'><strong>flumen.</strong></span> <span class='ocrx_word' id='word_1_403' title='bbox 783 3723 851 3778; x_wconf 88' lang='lat' dir='ltr'><strong>Et</strong></span> <span class='ocrx_word' id='word_1_404' title='bbox 876 3723 1071 3778; x_wconf 87' lang='lat' dir='ltr'><strong>videns</strong></span> <span class='ocrx_word' id='word_1_405' title='bbox 1093 3725 1333 3780; x_wconf 87' lang='lat' dir='ltr'><strong>arculam</strong></span> <span class='ocrx_word' id='word_1_406' title='bbox 1357 3726 1422 3794; x_wconf 59' lang='lat' dir='ltr'><strong>,in</strong></span> <span class='ocrx_word' id='word_1_407' title='bbox 1448 3730 1666 3798; x_wconf 90' lang='lat' dir='ltr'><strong>palude,</strong></span> <span class='ocrx_word' id='word_1_408' title='bbox 1697 3735 1923 3792; x_wconf 88' lang='lat' dir='ltr'><strong>mittens</strong></span> 
     </span>
    </p>
   </div>
   <div class='ocr_carea' id='block_1_57' title="bbox 345 3814 1923 3886">
    <p class='ocr_par' dir='ltr' id='par_1_57' title="bbox 345 3814 1923 3886">
     <span class='ocr_line' id='line_1_57' title="bbox 345 3814 1923 3886; baseline 0.009 -16"><span class='ocrx_word' id='word_1_409' title='bbox 345 3814 638 3879; x_wconf 88' lang='lat' dir='ltr'><strong>ancillam,</strong></span> <span class='ocrx_word' id='word_1_410' title='bbox 697 3815 911 3884; x_wconf 85' lang='lat' dir='ltr'><strong>accepit</strong></span> <span class='ocrx_word' id='word_1_411' title='bbox 969 3815 1138 3869; x_wconf 88' lang='lat' dir='ltr'><strong>illam.</strong></span> <span class='ocrx_word' id='word_1_412' title='bbox 1189 3818 1460 3886; x_wconf 84' lang='lat' dir='ltr'><strong>Aperiens</strong></span> <span class='ocrx_word' id='word_1_413' title='bbox 1508 3830 1693 3878; x_wconf 90' lang='lat' dir='ltr'><strong>autem</strong></span> <span class='ocrx_word' id='word_1_414' title='bbox 1742 3830 1923 3886; x_wconf 87' lang='lat' dir='ltr'><strong>cernit</strong></span> 
     </span>
    </p>
   </div>
   <div class='ocr_carea' id='block_1_58' title="bbox 343 3907 1921 3979">
    <p class='ocr_par' dir='ltr' id='par_1_58' title="bbox 343 3907 1921 3979">
     <span class='ocr_line' id='line_1_58' title="bbox 343 3907 1921 3979; baseline 0.011 -20"><span class='ocrx_word' id='word_1_415' title='bbox 343 3907 634 3977; x_wconf 86' lang='lat' dir='ltr'><strong>parvulum</strong></span> <span class='ocrx_word' id='word_1_416' title='bbox 722 3908 1029 3978; x_wconf 79' lang='lat' dir='ltr'><strong>vagientem</strong></span> <span class='ocrx_word' id='word_1_417' title='bbox 1103 3909 1159 3963; x_wconf 92' lang='lat' dir='ltr'><strong>in</strong></span> <span class='ocrx_word' id='word_1_418' title='bbox 1251 3914 1472 3979; x_wconf 91' lang='lat' dir='ltr'><strong>arcula,</strong></span> <span class='ocrx_word' id='word_1_419' title='bbox 1543 3923 1600 3970; x_wconf 89' lang='lat' dir='ltr'><strong>et</strong></span> <span class='ocrx_word' id='word_1_420' title='bbox 1699 3919 1921 3977; x_wconf 87' lang='lat' dir='ltr'><strong>miserta</strong></span> 
     </span>
    </p>
   </div>
   <div class='ocr_carea' id='block_1_59' title="bbox 343 3998 1920 4072">
    <p class='ocr_par' dir='ltr' id='par_1_59' title="bbox 343 3998 1920 4072">
     <span class='ocr_line' id='line_1_59' title="bbox 343 3998 1920 4072; baseline 0.01 -19"><span class='ocrx_word' id='word_1_421' title='bbox 343 4005 430 4053; x_wconf 88' lang='lat' dir='ltr'><strong>est</strong></span> <span class='ocrx_word' id='word_1_422' title='bbox 471 3998 620 4053; x_wconf 89' lang='lat' dir='ltr'><strong>illius</strong></span> <span class='ocrx_word' id='word_1_423' title='bbox 665 3998 772 4053; x_wconf 83' lang='lat' dir='ltr'><strong>filia</strong></span> <span class='ocrx_word' id='word_1_424' title='bbox 826 4000 1146 4066; x_wconf 86' lang='lat' dir='ltr'><strong>Pharaonis,</strong></span> <span class='ocrx_word' id='word_1_425' title='bbox 1189 4012 1245 4057; x_wconf 91' lang='lat' dir='ltr'><strong>et</strong></span> <span class='ocrx_word' id='word_1_426' title='bbox 1268 4005 1404 4060; x_wconf 81' lang='lat' dir='ltr'><strong>dixit</strong></span> <span class='ocrx_word' id='word_1_427' title='bbox 1440 4023 1452 4059; x_wconf 89' lang='lat'><strong>:</strong></span> <span class='ocrx_word' id='word_1_428' title='bbox 1493 4006 1569 4061; x_wconf 91' lang='lat' dir='ltr'><strong>De</strong></span> <span class='ocrx_word' id='word_1_429' title='bbox 1619 4009 1920 4072; x_wconf 78' lang='lat' dir='ltr'><strong>infantibus</strong></span> 
     </span>
    </p>
   </div>
   <div class='ocr_carea' id='block_1_60' title="bbox 345 4085 1917 4162">
    <p class='ocr_par' dir='ltr' id='par_1_60' title="bbox 345 4085 1917 4162">
     <span class='ocr_line' id='line_1_60' title="bbox 345 4085 1917 4162; baseline 0.012 -22"><span class='ocrx_word' id='word_1_430' title='bbox 345 4085 701 4140; x_wconf 74' lang='lat' dir='ltr'><strong>Hebraeorum</strong></span> <span class='ocrx_word' id='word_1_431' title='bbox 729 4086 837 4139; x_wconf 87' lang='lat' dir='ltr'><strong>hic.</strong></span> <span class='ocrx_word' id='word_1_432' title='bbox 885 4088 953 4141; x_wconf 89' lang='lat' dir='ltr'><strong>Et</strong></span> <span class='ocrx_word' id='word_1_433' title='bbox 976 4089 1113 4142; x_wconf 82' lang='lat' dir='ltr'><strong>dixit</strong></span> <span class='ocrx_word' id='word_1_434' title='bbox 1143 4106 1301 4146; x_wconf 88' lang='lat' dir='ltr'><strong>soror</strong></span> <span class='ocrx_word' id='word_1_435' title='bbox 1324 4095 1482 4162; x_wconf 88' lang='lat' dir='ltr'><strong>pueri</strong></span> <span class='ocrx_word' id='word_1_436' title='bbox 1527 4097 1651 4154; x_wconf 76' lang='lat' dir='ltr'><strong>filiae</strong></span> <span class='ocrx_word' id='word_1_437' title='bbox 1677 4101 1917 4159; x_wconf 87' lang='lat' dir='ltr'><strong>Pharao-</strong></span> 
     </span>
    </p>
   </div>
   <div class='ocr_carea' id='block_1_61' title="bbox 343 4175 1919 4252">
    <p class='ocr_par' dir='ltr' id='par_1_61' title="bbox 343 4175 1919 4252">
     <span class='ocr_line' id='line_1_61' title="bbox 343 4175 1919 4252; baseline 0.013 -22"><span class='ocrx_word' id='word_1_438' title='bbox 343 4176 464 4231; x_wconf 86' lang='lat' dir='ltr'><strong>nis:</strong></span> <span class='ocrx_word' id='word_1_439' title='bbox 497 4175 592 4230; x_wconf 79' lang='lat' dir='ltr'><strong>Vis</strong></span> <span class='ocrx_word' id='word_1_440' title='bbox 613 4191 801 4231; x_wconf 87' lang='lat' dir='ltr'><strong>vocem</strong></span> <span class='ocrx_word' id='word_1_441' title='bbox 864 4178 961 4232; x_wconf 90' lang='lat' dir='ltr'><strong>tibi</strong></span> <span class='ocrx_word' id='word_1_442' title='bbox 989 4180 1275 4235; x_wconf 90' lang='lat' dir='ltr'><strong>mulierem</strong></span> <span class='ocrx_word' id='word_1_443' title='bbox 1300 4200 1421 4252; x_wconf 84' lang='lat' dir='ltr'><strong>quae</strong></span> <span class='ocrx_word' id='word_1_444' title='bbox 1448 4189 1656 4244; x_wconf 88' lang='lat' dir='ltr'><strong>nutriat</strong></span> <span class='ocrx_word' id='word_1_445' title='bbox 1707 4208 1774 4250; x_wconf 82' lang='lat' dir='ltr'><strong>ex</strong></span> <span class='ocrx_word' id='word_1_446' title='bbox 1814 4195 1919 4250; x_wconf 84' lang='lat' dir='ltr'><strong>He-</strong></span> 
     </span>
    </p>
   </div>
   <div class='ocr_carea' id='block_1_62' title="bbox 344 4262 1915 4336">
    <p class='ocr_par' dir='ltr' id='par_1_62' title="bbox 344 4262 1915 4336">
     <span class='ocr_line' id='line_1_62' title="bbox 344 4262 1915 4336; baseline 0.012 -19"><span class='ocrx_word' id='word_1_447' title='bbox 344 4263 525 4326; x_wconf 63' lang='lat' dir='ltr'><strong>breis,</strong></span> <span class='ocrx_word' id='word_1_448' title='bbox 580 4269 638 4317; x_wconf 88' lang='lat' dir='ltr'><strong>et</strong></span> <span class='ocrx_word' id='word_1_449' title='bbox 664 4262 889 4317; x_wconf 86' lang='lat' dir='ltr'><strong>lactabit</strong></span> <span class='ocrx_word' id='word_1_450' title='bbox 932 4265 1032 4319; x_wconf 87' lang='lat' dir='ltr'><strong>tibi</strong></span> <span class='ocrx_word' id='word_1_451' title='bbox 1072 4267 1447 4325; x_wconf 82' lang='lat' dir='ltr'><strong>infantulum?</strong></span> <span class='ocrx_word' id='word_1_452' title='bbox 1480 4273 1570 4327; x_wconf 82' lang='lat' dir='ltr'><strong>Ait</strong></span> <span class='ocrx_word' id='word_1_453' title='bbox 1617 4286 1800 4332; x_wconf 90' lang='lat' dir='ltr'><strong>autem</strong></span> <span class='ocrx_word' id='word_1_454' title='bbox 1837 4283 1915 4336; x_wconf 90' lang='lat' dir='ltr'><strong>illi</strong></span> 
     </span>
    </p>
   </div>
   <div class='ocr_carea' id='block_1_63' title="bbox 2033 1798 3617 1872">
    <p class='ocr_par' dir='ltr' id='par_1_63' title="bbox 2033 1798 3617 1872">
     <span class='ocr_line' id='line_1_63' title="bbox 2033 1798 3617 1872; baseline 0.003 -21"><span class='ocrx_word' id='word_1_455' title='bbox 2033 1798 2210 1868; x_wconf 86' lang='grc' dir='ltr'>λήτως</span> <span class='ocrx_word' id='word_1_456' title='bbox 2239 1800 2288 1851; x_wconf 79' lang='grc' dir='ltr'>οἱ</span> <span class='ocrx_word' id='word_1_457' title='bbox 2315 1799 2540 1863; x_wconf 83' lang='grc' dir='ltr'>τάλανες</span> <span class='ocrx_word' id='word_1_458' title='bbox 2585 1799 2662 1871; x_wconf 82' lang='grc' dir='ltr'>τῷ</span> <span class='ocrx_word' id='word_1_459' title='bbox 2692 1801 2788 1871; x_wconf 83' lang='grc' dir='ltr'>τῆς</span> <span class='ocrx_word' id='word_1_460' title='bbox 2825 1801 3024 1864; x_wconf 84' lang='grc' dir='ltr'>κακίας</span> <span class='ocrx_word' id='word_1_461' title='bbox 3066 1800 3350 1872; x_wconf 74' lang='grc' dir='ltr'>ἑξάρχοντι</span> <span class='ocrx_word' id='word_1_462' title='bbox 3399 1801 3617 1872; x_wconf 78' lang='grc' dir='ltr'>Σατανᾷ</span> 
     </span>
    </p>
   </div>
   <div class='ocr_carea' id='block_1_64' title="bbox 2034 1888 3616 1964">
    <p class='ocr_par' dir='ltr' id='par_1_64' title="bbox 2034 1888 3616 1964">
     <span class='ocr_line' id='line_1_64' title="bbox 2034 1888 3616 1964; baseline 0.001 -21"><span class='ocrx_word' id='word_1_463' title='bbox 2034 1888 2477 1961; x_wconf 76' lang='grc' dir='ltr'>κατεζεύγμεθα,</span> <span class='ocrx_word' id='word_1_464' title='bbox 2509 1893 2604 1945; x_wconf 68' lang='grc' dir='ltr'>καὶ</span> <span class='ocrx_word' id='word_1_465' title='bbox 2634 1893 2746 1956; x_wconf 84' lang='grc' dir='ltr'>τοῖς</span> <span class='ocrx_word' id='word_1_466' title='bbox 2783 1895 2882 1964; x_wconf 76' lang='grc' dir='ltr'><strong>τῆς</strong></span> <span class='ocrx_word' id='word_1_467' title='bbox 2927 1891 3261 1964; x_wconf 84' lang='grc' dir='ltr'>φαυλότητος</span> <span class='ocrx_word' id='word_1_468' title='bbox 3293 1892 3616 1954; x_wconf 76' lang='grc' dir='ltr'>ἐπιστάταις</span> 
     </span>
    </p>
   </div>
   <div class='ocr_carea' id='block_1_65' title="bbox 2035 1983 3618 2056">
    <p class='ocr_par' dir='ltr' id='par_1_65' title="bbox 2035 1983 3618 2056">
     <span class='ocr_line' id='line_1_65' title="bbox 2035 1983 3618 2056; baseline 0.001 -22"><span class='ocrx_word' id='word_1_469' title='bbox 2035 1983 2471 2053; x_wconf 85' lang='grc' dir='ltr'>ύπενηνέγμεθα,</span> <span class='ocrx_word' id='word_1_470' title='bbox 2494 1983 2638 2056; x_wconf 78' lang='grc' dir='ltr'>φημὶ</span> <span class='ocrx_word' id='word_1_471' title='bbox 2664 1983 2728 2055; x_wconf 80' lang='grc' dir='ltr'>δὴ</span> <span class='ocrx_word' id='word_1_472' title='bbox 2754 1987 2864 2048; x_wconf 88' lang='grc' dir='ltr'>τοῖς</span> <span class='ocrx_word' id='word_1_473' title='bbox 2887 1984 3218 2056; x_wconf 81' lang='grc' dir='ltr'>ἀκαθάρτοις</span> <span class='ocrx_word' id='word_1_474' title='bbox 3245 1985 3488 2052; x_wconf 85' lang='grc' dir='ltr'>δαίμοσι,</span> <span class='ocrx_word' id='word_1_475' title='bbox 3519 1985 3618 2039; x_wconf 73' lang='grc' dir='ltr'>καὶ</span> 
     </span>
    </p>
   </div>
   <div class='ocr_carea' id='block_1_66' title="bbox 2033 2069 3614 2146">
    <p class='ocr_par' dir='ltr' id='par_1_66' title="bbox 2033 2069 3614 2146">
     <span class='ocr_line' id='line_1_66' title="bbox 2033 2069 3614 2146; baseline 0.004 -20"><span class='ocrx_word' id='word_1_476' title='bbox 2033 2069 2103 2144; x_wconf 79' lang='grc' dir='ltr'>ἦν</span> <span class='ocrx_word' id='word_1_477' title='bbox 2148 2076 2206 2127; x_wconf 82' lang='grc' dir='ltr'><strong>ἐν</strong></span> <span class='ocrx_word' id='word_1_478' title='bbox 2237 2074 2434 2146; x_wconf 87' lang='grc' dir='ltr'>λοίσθῳ</span> <span class='ocrx_word' id='word_1_479' title='bbox 2461 2074 2552 2129; x_wconf 81' lang='grc' dir='ltr'>τοῦ</span> <span class='ocrx_word' id='word_1_480' title='bbox 2585 2075 2784 2140; x_wconf 87' lang='grc' dir='ltr'>παντὸς</span> <span class='ocrx_word' id='word_1_481' title='bbox 2819 2075 2918 2146; x_wconf 71' lang='grc' dir='ltr'>ἤδη</span> <span class='ocrx_word' id='word_1_482' title='bbox 2953 2075 3123 2129; x_wconf 82' lang='grc' dir='ltr'>κακοῦ</span> <span class='ocrx_word' id='word_1_483' title='bbox 3167 2075 3236 2131; x_wconf 90' lang='grc' dir='ltr'><strong>τά</strong></span> <span class='ocrx_word' id='word_1_484' title='bbox 3272 2076 3392 2129; x_wconf 79' lang='grc' dir='ltr'>καθ’</span> <span class='ocrx_word' id='word_1_485' title='bbox 3426 2078 3574 2146; x_wconf 79' lang='grc' dir='ltr'>ἡμᾶς</span> <span class='ocrx_word' id='word_1_486' title='bbox 3597 2118 3614 2140; x_wconf 87' lang='grc'><strong>,</strong></span> 
     </span>
    </p>
   </div>
   <div class='ocr_carea' id='block_1_67' title="bbox 2034 2165 3615 2245">
    <p class='ocr_par' dir='ltr' id='par_1_67' title="bbox 2034 2165 3615 2245">
     <span class='ocr_line' id='line_1_67' title="bbox 2034 2165 3615 2245; baseline 0.003 -27"><span class='ocrx_word' id='word_1_487' title='bbox 2034 2165 2407 2231; x_wconf 74' lang='grc' dir='ltr'>ἐκλελοιπότος</span> <span class='ocrx_word' id='word_1_488' title='bbox 2449 2167 2662 2231; x_wconf 81' lang='grc' dir='ltr'>οὐδενὸς</span> <span class='ocrx_word' id='word_1_489' title='bbox 2708 2168 2816 2220; x_wconf 83' lang='grc' dir='ltr'><strong>τῶν</strong></span> <span class='ocrx_word' id='word_1_490' title='bbox 2861 2169 2941 2231; x_wconf 85' lang='grc' dir='ltr'><strong>είς</strong></span> <span class='ocrx_word' id='word_1_491' title='bbox 2975 2167 3264 2245; x_wconf 77' lang='grc' dir='ltr'>ἀθλιότητα</span> <span class='ocrx_word' id='word_1_492' title='bbox 3299 2169 3394 2221; x_wconf 69' lang='grc' dir='ltr'>καὶ</span> <span class='ocrx_word' id='word_1_493' title='bbox 3425 2168 3615 2223; x_wconf 83' lang='grc' dir='ltr'>ταλαι-</span> 
     </span>
    </p>
   </div>
   <div class='ocr_carea' id='block_1_68' title="bbox 2035 2257 3611 2333">
    <p class='ocr_par' dir='ltr' id='par_1_68' title="bbox 2035 2257 3611 2333">
     <span class='ocr_line' id='line_1_68' title="bbox 2035 2257 3611 2333; baseline 0.003 -24"><span class='ocrx_word' id='word_1_494' title='bbox 2035 2257 2269 2328; x_wconf 89' lang='grc' dir='ltr'>πωρίαν,</span> <span class='ocrx_word' id='word_1_495' title='bbox 2318 2257 2458 2332; x_wconf 76' lang='grc' dir='ltr'>πλὴν</span> <span class='ocrx_word' id='word_1_496' title='bbox 2495 2259 2646 2330; x_wconf 73' lang='grc' dir='ltr'>ἠλέει</span> <span class='ocrx_word' id='word_1_497' title='bbox 2680 2259 2814 2333; x_wconf 79' lang='grc' dir='ltr'>Θεὸς</span> <span class='ocrx_word' id='word_1_498' title='bbox 2836 2301 2850 2325; x_wconf 93' lang='grc'><strong>,</strong></span> <span class='ocrx_word' id='word_1_499' title='bbox 2887 2259 3121 2327; x_wconf 82' lang='grc' dir='ltr'>ἐξείλετό</span> <span class='ocrx_word' id='word_1_500' title='bbox 3154 2277 3214 2313; x_wconf 85' lang='grc' dir='ltr'><strong>τε</strong></span> <span class='ocrx_word' id='word_1_501' title='bbox 3251 2261 3346 2314; x_wconf 76' lang='grc' dir='ltr'>καὶ</span> <span class='ocrx_word' id='word_1_502' title='bbox 3378 2261 3611 2314; x_wconf 84' lang='grc' dir='ltr'>σέσωκε.</span> 
     </span>
    </p>
   </div>
   <div class='ocr_carea' id='block_1_69' title="bbox 2036 2350 3616 2423">
    <p class='ocr_par' dir='ltr' id='par_1_69' title="bbox 2036 2350 3616 2423">
     <span class='ocr_line' id='line_1_69' title="bbox 2036 2350 3616 2423; baseline 0.002 -21"><span class='ocrx_word' id='word_1_503' title='bbox 2036 2351 2146 2402; x_wconf 68' lang='grc' dir='ltr'><strong>Καὶ</strong></span> <span class='ocrx_word' id='word_1_504' title='bbox 2174 2350 2296 2403; x_wconf 87' lang='grc' dir='ltr'>τίνα</span> <span class='ocrx_word' id='word_1_505' title='bbox 2323 2350 2387 2422; x_wconf 80' lang='grc' dir='ltr'>δὴ</span> <span class='ocrx_word' id='word_1_506' title='bbox 2409 2351 2629 2421; x_wconf 86' lang='grc' dir='ltr'>τρόπον,</span> <span class='ocrx_word' id='word_1_507' title='bbox 2655 2350 2742 2406; x_wconf 78' lang='grc' dir='ltr'><strong>διὰ</strong></span> <span class='ocrx_word' id='word_1_508' title='bbox 2771 2351 2881 2406; x_wconf 84' lang='grc' dir='ltr'><strong>τῶν</strong></span> <span class='ocrx_word' id='word_1_509' title='bbox 2905 2351 3103 2422; x_wconf 76' lang='grc' dir='ltr'>ἐφεξῆς</span> <span class='ocrx_word' id='word_1_510' title='bbox 3125 2351 3219 2405; x_wconf 72' lang='grc' dir='ltr'>καὶ</span> <span class='ocrx_word' id='word_1_511' title='bbox 3244 2352 3616 2423; x_wconf 74' lang='grc' dir='ltr'>παρεζευγμέ-</span> 
     </span>
    </p>
   </div>
   <div class='ocr_carea' id='block_1_70' title="bbox 2035 2439 3615 2512">
    <p class='ocr_par' dir='ltr' id='par_1_70' title="bbox 2035 2439 3615 2512">
     <span class='ocr_line' id='line_1_70' title="bbox 2035 2439 3615 2512; baseline 0.003 -21"><span class='ocrx_word' id='word_1_512' title='bbox 2035 2455 2140 2492; x_wconf 91' lang='grc' dir='ltr'><strong>νων</strong></span> <span class='ocrx_word' id='word_1_513' title='bbox 2169 2439 2446 2510; x_wconf 74' lang='grc' dir='ltr'>εἰσόμεθα.</span> <span class='ocrx_word' id='word_1_514' title='bbox 2485 2441 2830 2511; x_wconf 87' lang='grc' dir='ltr'>Παροίσομεν</span> <span class='ocrx_word' id='word_1_515' title='bbox 2868 2443 2976 2512; x_wconf 85' lang='grc' dir='ltr'><strong>γὰρ</strong></span> <span class='ocrx_word' id='word_1_516' title='bbox 3011 2443 3091 2506; x_wconf 89' lang='grc' dir='ltr'>εἱς</span> <span class='ocrx_word' id='word_1_517' title='bbox 3120 2442 3306 2496; x_wconf 86' lang='grc' dir='ltr'>είκόνα</span> <span class='ocrx_word' id='word_1_518' title='bbox 3352 2444 3446 2497; x_wconf 76' lang='grc' dir='ltr'><strong>καὶ</strong></span> <span class='ocrx_word' id='word_1_519' title='bbox 3481 2443 3615 2496; x_wconf 81' lang='grc' dir='ltr'>ύπο-</span> 
     </span>
    </p>
   </div>
   <div class='ocr_carea' id='block_1_71' title="bbox 2029 2531 3615 2605">
    <p class='ocr_par' dir='ltr' id='par_1_71' title="bbox 2029 2531 3615 2605">
     <span class='ocr_line' id='line_1_71' title="bbox 2029 2531 3615 2605; baseline 0.003 -21"><span class='ocrx_word' id='word_1_520' title='bbox 2029 2531 2270 2586; x_wconf 85' lang='grc' dir='ltr'>τύπωσιν</span> <span class='ocrx_word' id='word_1_521' title='bbox 2298 2532 2396 2601; x_wconf 83' lang='grc' dir='ltr'><strong>τῆς</strong></span> <span class='ocrx_word' id='word_1_522' title='bbox 2422 2531 2508 2584; x_wconf 76' lang='grc' dir='ltr'>διὰ</span> <span class='ocrx_word' id='word_1_523' title='bbox 2539 2532 2777 2604; x_wconf 82' lang='grc' dir='ltr'>Χριστοῦ</span> <span class='ocrx_word' id='word_1_524' title='bbox 2806 2534 3077 2605; x_wconf 86' lang='grc' dir='ltr'>σωτηρίας</span> <span class='ocrx_word' id='word_1_525' title='bbox 3102 2534 3171 2588; x_wconf 88' lang='grc' dir='ltr'><strong>τά</strong></span> <span class='ocrx_word' id='word_1_526' title='bbox 3196 2534 3289 2588; x_wconf 71' lang='grc' dir='ltr'><strong>ἐπὶ</strong></span> <span class='ocrx_word' id='word_1_527' title='bbox 3317 2533 3615 2605; x_wconf 35' lang='grc' dir='ltr'>τῷδθεσπε-</span> 
     </span>
    </p>
   </div>
   <div class='ocr_carea' id='block_1_72' title="bbox 2032 2625 2765 2695">
    <p class='ocr_par' dir='ltr' id='par_1_72' title="bbox 2032 2625 2765 2695">
     <span class='ocr_line' id='line_1_72' title="bbox 2032 2625 2765 2695; baseline 0.001 -19"><span class='ocrx_word' id='word_1_528' title='bbox 2032 2625 2132 2695; x_wconf 81' lang='grc' dir='ltr'>σίῳ</span> <span class='ocrx_word' id='word_1_529' title='bbox 2162 2625 2351 2678; x_wconf 84' lang='grc' dir='ltr'>Μωσεῖ</span> <span class='ocrx_word' id='word_1_530' title='bbox 2381 2625 2765 2695; x_wconf 82' lang='grc' dir='ltr'>γεγραμμένα.</span> 
     </span>
    </p>
   </div>
   <div class='ocr_carea' id='block_1_73' title="bbox 2101 2713 3613 2788">
    <p class='ocr_par' dir='ltr' id='par_1_73' title="bbox 2101 2713 3613 2788">
     <span class='ocr_line' id='line_1_73' title="bbox 2101 2713 3613 2788; baseline 0.001 -19"><span class='ocrx_word' id='word_1_531' title='bbox 2101 2717 2161 2770; x_wconf 84' lang='grc' dir='ltr'><strong>δ’.</strong></span> <span class='ocrx_word' id='word_1_532' title='bbox 2203 2735 2219 2768; x_wconf 82' lang='grc' dir='ltr'><strong>ι</strong></span> <span class='ocrx_word' id='word_1_533' title='bbox 2263 2713 2371 2771; x_wconf 89' lang='grc' dir='ltr'>Ἦν</span> <span class='ocrx_word' id='word_1_534' title='bbox 2408 2717 2464 2770; x_wconf 83' lang='grc' dir='ltr'><strong>δέ</strong></span> <span class='ocrx_word' id='word_1_535' title='bbox 2507 2735 2590 2782; x_wconf 87' lang='grc' dir='ltr'><strong>τις</strong></span> <span class='ocrx_word' id='word_1_536' title='bbox 2629 2718 2694 2770; x_wconf 82' lang='grc' dir='ltr'><strong>ἐκ</strong></span> <span class='ocrx_word' id='word_1_537' title='bbox 2737 2717 2838 2788; x_wconf 78' lang='grc' dir='ltr'>τῆς</span> <span class='ocrx_word' id='word_1_538' title='bbox 2889 2715 3060 2788; x_wconf 82' lang='grc' dir='ltr'>φυλῆς</span> <span class='ocrx_word' id='word_1_539' title='bbox 3116 2717 3272 2781; x_wconf 71' lang='grc' dir='ltr'><strong>Λευῖ,</strong></span> <span class='ocrx_word' id='word_1_540' title='bbox 3309 2717 3367 2782; x_wconf 79' lang='grc' dir='ltr'>ὃς</span> <span class='ocrx_word' id='word_1_541' title='bbox 3418 2717 3613 2773; x_wconf 80' lang='grc' dir='ltr'>ἔλασεν</span> 
     </span>
    </p>
   </div>
   <div class='ocr_carea' id='block_1_74' title="bbox 2033 2805 3613 2879">
    <p class='ocr_par' dir='ltr' id='par_1_74' title="bbox 2033 2805 3613 2879">
     <span class='ocr_line' id='line_1_74' title="bbox 2033 2805 3613 2879; baseline -0.001 -20"><span class='ocrx_word' id='word_1_542' title='bbox 2033 2807 2099 2860; x_wconf 86' lang='grc' dir='ltr'><strong>ἐκ</strong></span> <span class='ocrx_word' id='word_1_543' title='bbox 2137 2808 2247 2860; x_wconf 85' lang='grc' dir='ltr'><strong>τῶν</strong></span> <span class='ocrx_word' id='word_1_544' title='bbox 2288 2807 2606 2879; x_wconf 87' lang='grc' dir='ltr'>θυγατέρων</span> <span class='ocrx_word' id='word_1_545' title='bbox 2628 2805 2780 2872; x_wconf 77' lang='grc' dir='ltr'>Λευῖ,</span> <span class='ocrx_word' id='word_1_546' title='bbox 2835 2807 2930 2861; x_wconf 77' lang='grc' dir='ltr'>καὶ</span> <span class='ocrx_word' id='word_1_547' title='bbox 2985 2805 3143 2877; x_wconf 76' lang='grc' dir='ltr'>ἔσχεν</span> <span class='ocrx_word' id='word_1_548' title='bbox 3180 2806 3380 2878; x_wconf 76' lang='grc' dir='ltr'>αὐτὴν,</span> <span class='ocrx_word' id='word_1_549' title='bbox 3417 2807 3510 2860; x_wconf 71' lang='grc' dir='ltr'>καὶ</span> <span class='ocrx_word' id='word_1_550' title='bbox 3553 2811 3613 2860; x_wconf 88' lang='grc' dir='ltr'><strong>ἐν</strong></span> 
     </span>
    </p>
   </div>
   <div class='ocr_carea' id='block_1_75' title="bbox 2031 2897 3613 2968">
    <p class='ocr_par' dir='ltr' id='par_1_75' title="bbox 2031 2897 3613 2968">
     <span class='ocr_line' id='line_1_75' title="bbox 2031 2897 3613 2968; baseline -0.001 -16"><span class='ocrx_word' id='word_1_551' title='bbox 2031 2900 2228 2968; x_wconf 69' lang='grc' dir='ltr'>γαστρὶ</span> <span class='ocrx_word' id='word_1_552' title='bbox 2255 2898 2466 2960; x_wconf 75' lang='grc' dir='ltr'>ἔλαϐεν,</span> <span class='ocrx_word' id='word_1_553' title='bbox 2515 2899 2611 2952; x_wconf 77' lang='grc' dir='ltr'>καὶ</span> <span class='ocrx_word' id='word_1_554' title='bbox 2647 2897 2833 2951; x_wconf 82' lang='grc' dir='ltr'>ἐτεκεν</span> <span class='ocrx_word' id='word_1_555' title='bbox 2877 2897 3062 2968; x_wconf 81' lang='grc' dir='ltr'>ἄρσεν.</span> <span class='ocrx_word' id='word_1_556' title='bbox 3112 2897 3331 2960; x_wconf 82' lang='grc' dir='ltr'>Ἰδόντες</span> <span class='ocrx_word' id='word_1_557' title='bbox 3379 2897 3435 2952; x_wconf 88' lang='grc' dir='ltr'>δὲ</span> <span class='ocrx_word' id='word_1_558' title='bbox 3476 2897 3613 2951; x_wconf 74' lang='grc' dir='ltr'>αὐτὸ</span> 
     </span>
    </p>
   </div>
   <div class='ocr_carea' id='block_1_76' title="bbox 2031 2987 3610 3062">
    <p class='ocr_par' dir='ltr' id='par_1_76' title="bbox 2031 2987 3610 3062">
     <span class='ocr_line' id='line_1_76' title="bbox 2031 2987 3610 3062; baseline 0.001 -20"><span class='ocrx_word' id='word_1_559' title='bbox 2031 2991 2266 3052; x_wconf 83' lang='grc' dir='ltr'>ἀστεῖον,</span> <span class='ocrx_word' id='word_1_560' title='bbox 2315 2990 2628 3044; x_wconf 75' lang='grc' dir='ltr'>ἐσκέπασαν</span> <span class='ocrx_word' id='word_1_561' title='bbox 2669 2990 2802 3044; x_wconf 81' lang='grc' dir='ltr'>αὐτὸ</span> <span class='ocrx_word' id='word_1_562' title='bbox 2847 2990 3020 3062; x_wconf 82' lang='grc' dir='ltr'>μῆνας</span> <span class='ocrx_word' id='word_1_563' title='bbox 3060 2992 3230 3060; x_wconf 84' lang='grc' dir='ltr'>τρεῖς.</span> <span class='ocrx_word' id='word_1_564' title='bbox 3292 2987 3510 3062; x_wconf 80' lang='grc' dir='ltr'>Ἐπειδὴ</span> <span class='ocrx_word' id='word_1_565' title='bbox 3551 2989 3610 3044; x_wconf 83' lang='grc' dir='ltr'>δὲ</span> 
     </span>
    </p>
   </div>
   <div class='ocr_carea' id='block_1_77' title="bbox 2030 3079 3609 3155">
    <p class='ocr_par' dir='ltr' id='par_1_77' title="bbox 2030 3079 3609 3155">
     <span class='ocr_line' id='line_1_77' title="bbox 2030 3079 3609 3155; baseline -0.001 -21"><span class='ocrx_word' id='word_1_566' title='bbox 2030 3080 2129 3134; x_wconf 77' lang='grc' dir='ltr'><strong>οὐκ</strong></span> <span class='ocrx_word' id='word_1_567' title='bbox 2165 3079 2426 3150; x_wconf 74' lang='grc' dir='ltr'>ἠδύναντο</span> <span class='ocrx_word' id='word_1_568' title='bbox 2461 3079 2541 3133; x_wconf 73' lang='grc' dir='ltr'>ἔτι</span> <span class='ocrx_word' id='word_1_569' title='bbox 2595 3081 2859 3149; x_wconf 82' lang='grc' dir='ltr'>κρύπτειν</span> <span class='ocrx_word' id='word_1_570' title='bbox 2909 3079 3061 3145; x_wconf 78' lang='grc' dir='ltr'>αὐτὸ,</span> <span class='ocrx_word' id='word_1_571' title='bbox 3111 3079 3371 3151; x_wconf 78' lang='grc' dir='ltr'>ἔλαϐενὴ</span> <span class='ocrx_word' id='word_1_572' title='bbox 3424 3083 3609 3155; x_wconf 75' lang='grc' dir='ltr'>μήτηρ</span> 
     </span>
    </p>
   </div>
   <div class='ocr_carea' id='block_1_78' title="bbox 2031 3170 3606 3248">
    <p class='ocr_par' dir='ltr' id='par_1_78' title="bbox 2031 3170 3606 3248">
     <span class='ocr_line' id='line_1_78' title="bbox 2031 3170 3606 3248; baseline 0.002 -24"><span class='ocrx_word' id='word_1_573' title='bbox 2031 3170 2196 3224; x_wconf 77' lang='grc' dir='ltr'>αὑτοῦ</span> <span class='ocrx_word' id='word_1_574' title='bbox 2229 3171 2408 3243; x_wconf 81' lang='grc' dir='ltr'>θίϐην,</span> <span class='ocrx_word' id='word_1_575' title='bbox 2442 3173 2536 3226; x_wconf 73' lang='grc' dir='ltr'>καὶ</span> <span class='ocrx_word' id='word_1_576' title='bbox 2564 3173 2888 3243; x_wconf 83' lang='grc' dir='ltr'>κατέχρισεν</span> <span class='ocrx_word' id='word_1_577' title='bbox 2923 3171 3091 3244; x_wconf 78' lang='grc' dir='ltr'>αὐτὴν</span> <span class='ocrx_word' id='word_1_578' title='bbox 3125 3173 3385 3244; x_wconf 84' lang='grc' dir='ltr'>ἀσφάλτῳ</span> <span class='ocrx_word' id='word_1_579' title='bbox 3413 3174 3606 3248; x_wconf 70' lang='grc' dir='ltr'>πίσσῃ,</span> 
     </span>
    </p>
   </div>
   <div class='ocr_carea' id='block_1_79' title="bbox 2029 3263 3609 3336">
    <p class='ocr_par' dir='ltr' id='par_1_79' title="bbox 2029 3263 3609 3336">
     <span class='ocr_line' id='line_1_79' title="bbox 2029 3263 3609 3336; baseline 0 -20"><span class='ocrx_word' id='word_1_580' title='bbox 2029 3263 2124 3316; x_wconf 76' lang='grc' dir='ltr'>καὶ</span> <span class='ocrx_word' id='word_1_581' title='bbox 2154 3263 2374 3317; x_wconf 75' lang='grc' dir='ltr'>ἐνέϐαλε</span> <span class='ocrx_word' id='word_1_582' title='bbox 2407 3264 2469 3318; x_wconf 90' lang='grc' dir='ltr'><strong>τὸ</strong></span> <span class='ocrx_word' id='word_1_583' title='bbox 2501 3263 2711 3319; x_wconf 86' lang='grc' dir='ltr'>παιδίον</span> <span class='ocrx_word' id='word_1_584' title='bbox 2745 3266 2825 3328; x_wconf 87' lang='grc' dir='ltr'><strong>είς</strong></span> <span class='ocrx_word' id='word_1_585' title='bbox 2863 3263 3051 3336; x_wconf 83' lang='grc' dir='ltr'>αὐτὴν,</span> <span class='ocrx_word' id='word_1_586' title='bbox 3083 3265 3176 3318; x_wconf 74' lang='lat' dir='ltr'><strong>xal</strong></span> <span class='ocrx_word' id='word_1_587' title='bbox 3205 3264 3404 3336; x_wconf 80' lang='grc' dir='ltr'>ἔθηκεν</span> <span class='ocrx_word' id='word_1_588' title='bbox 3439 3266 3609 3336; x_wconf 71' lang='grc' dir='ltr'>αὐτὴν</span> 
     </span>
    </p>
   </div>
   <div class='ocr_carea' id='block_1_80' title="bbox 2030 3356 3605 3429">
    <p class='ocr_par' dir='ltr' id='par_1_80' title="bbox 2030 3356 3605 3429">
     <span class='ocr_line' id='line_1_80' title="bbox 2030 3356 3605 3429; baseline 0.003 -22"><span class='ocrx_word' id='word_1_589' title='bbox 2030 3357 2109 3418; x_wconf 76' lang='grc' dir='ltr'>εἰς</span> <span class='ocrx_word' id='word_1_590' title='bbox 2139 3356 2201 3409; x_wconf 90' lang='grc' dir='ltr'><strong>τὸ</strong></span> <span class='ocrx_word' id='word_1_591' title='bbox 2232 3357 2352 3419; x_wconf 86' lang='grc' dir='ltr'>’έλος</span> <span class='ocrx_word' id='word_1_592' title='bbox 2390 3357 2518 3428; x_wconf 74' lang='grc' dir='ltr'>περὶ</span> <span class='ocrx_word' id='word_1_593' title='bbox 2542 3357 2633 3410; x_wconf 90' lang='grc' dir='ltr'><strong>τὸν</strong></span> <span class='ocrx_word' id='word_1_594' title='bbox 2669 3357 2932 3428; x_wconf 86' lang='grc' dir='ltr'>ποταμόν.</span> <span class='ocrx_word' id='word_1_595' title='bbox 2985 3357 3094 3410; x_wconf 84' lang='lat' dir='ltr'><strong>Kal</strong></span> <span class='ocrx_word' id='word_1_596' title='bbox 3132 3358 3531 3412; x_wconf 77' lang='grc' dir='ltr'>κατεσκόπευεν</span> <span class='ocrx_word' id='word_1_597' title='bbox 3571 3360 3605 3429; x_wconf 74' lang='grc' dir='ltr'>ἡ</span> 
     </span>
    </p>
   </div>
   <div class='ocr_carea' id='block_1_81' title="bbox 2029 3448 3606 3520">
    <p class='ocr_par' dir='ltr' id='par_1_81' title="bbox 2029 3448 3606 3520">
     <span class='ocr_line' id='line_1_81' title="bbox 2029 3448 3606 3520; baseline 0 -18"><span class='ocrx_word' id='word_1_598' title='bbox 2029 3449 2233 3520; x_wconf 75' lang='grc' dir='ltr'>ἀδελφὴ</span> <span class='ocrx_word' id='word_1_599' title='bbox 2261 3449 2426 3503; x_wconf 77' lang='grc' dir='ltr'>αὐτοῦ</span> <span class='ocrx_word' id='word_1_600' title='bbox 2465 3449 2757 3520; x_wconf 81' lang='grc' dir='ltr'>μακρόθεν,</span> <span class='ocrx_word' id='word_1_601' title='bbox 2801 3448 2990 3520; x_wconf 84' lang='grc' dir='ltr'>μαθεῖν</span> <span class='ocrx_word' id='word_1_602' title='bbox 3024 3450 3076 3502; x_wconf 89' lang='grc' dir='ltr'><strong>τί</strong></span> <span class='ocrx_word' id='word_1_603' title='bbox 3105 3449 3165 3502; x_wconf 92' lang='grc' dir='ltr'><strong>τὸ</strong></span> <span class='ocrx_word' id='word_1_604' title='bbox 3192 3449 3606 3520; x_wconf 76' lang='grc' dir='ltr'>ἀποϐησόμενον</span> 
     </span>
    </p>
   </div>
   <div class='ocr_carea' id='block_1_82' title="bbox 2028 3539 3604 3613">
    <p class='ocr_par' dir='ltr' id='par_1_82' title="bbox 2028 3539 3604 3613">
     <span class='ocr_line' id='line_1_82' title="bbox 2028 3539 3604 3613; baseline 0.002 -20"><span class='ocrx_word' id='word_1_605' title='bbox 2028 3539 2192 3610; x_wconf 83' lang='grc' dir='ltr'>αύτῷ.</span> <span class='ocrx_word' id='word_1_606' title='bbox 2225 3540 2448 3610; x_wconf 81' lang='grc' dir='ltr'>Κατέϐη</span> <span class='ocrx_word' id='word_1_607' title='bbox 2481 3541 2538 3594; x_wconf 78' lang='grc' dir='ltr'>δὲ</span> <span class='ocrx_word' id='word_1_608' title='bbox 2575 3542 2607 3612; x_wconf 81' lang='grc' dir='ltr'>ὴ</span> <span class='ocrx_word' id='word_1_609' title='bbox 2647 3541 2896 3613; x_wconf 80' lang='grc' dir='ltr'>θυγάτηρ</span> <span class='ocrx_word' id='word_1_610' title='bbox 2933 3540 3131 3613; x_wconf 79' lang='grc' dir='ltr'>Φαραὼ</span> <span class='ocrx_word' id='word_1_611' title='bbox 3171 3541 3464 3595; x_wconf 85' lang='grc' dir='ltr'>λούσασθαι</span> <span class='ocrx_word' id='word_1_612' title='bbox 3510 3543 3604 3596; x_wconf 75' lang='grc' dir='ltr'><strong>ἐπὶ</strong></span> 
     </span>
    </p>
   </div>
   <div class='ocr_carea' id='block_1_83' title="bbox 2026 3634 3604 3708">
    <p class='ocr_par' dir='ltr' id='par_1_83' title="bbox 2026 3634 3604 3708">
     <span class='ocr_line' id='line_1_83' title="bbox 2026 3634 3604 3708; baseline 0.002 -21"><span class='ocrx_word' id='word_1_613' title='bbox 2026 3634 2115 3687; x_wconf 91' lang='grc' dir='ltr'><strong>τὸν</strong></span> <span class='ocrx_word' id='word_1_614' title='bbox 2161 3634 2425 3704; x_wconf 77' lang='grc' dir='ltr'>ποταμὸν,</span> <span class='ocrx_word' id='word_1_615' title='bbox 2476 3635 2570 3688; x_wconf 75' lang='grc' dir='ltr'>καὶ</span> <span class='ocrx_word' id='word_1_616' title='bbox 2614 3637 2667 3688; x_wconf 85' lang='grc' dir='ltr'>αἱ</span> <span class='ocrx_word' id='word_1_617' title='bbox 2723 3635 2888 3707; x_wconf 81' lang='grc' dir='ltr'>ἅϐραι</span> <span class='ocrx_word' id='word_1_618' title='bbox 2933 3637 3104 3707; x_wconf 84' lang='grc' dir='ltr'>αὐτῆς</span> <span class='ocrx_word' id='word_1_619' title='bbox 3162 3636 3604 3708; x_wconf 84' lang='grc' dir='ltr'>παρεπορεύοντο</span> 
     </span>
    </p>
   </div>
   <div class='ocr_carea' id='block_1_84' title="bbox 2027 3725 3600 3800">
    <p class='ocr_par' dir='ltr' id='par_1_84' title="bbox 2027 3725 3600 3800">
     <span class='ocr_line' id='line_1_84' title="bbox 2027 3725 3600 3800; baseline 0.001 -20"><span class='ocrx_word' id='word_1_620' title='bbox 2027 3727 2181 3798; x_wconf 83' lang='grc' dir='ltr'>παρὰ</span> <span class='ocrx_word' id='word_1_621' title='bbox 2228 3725 2319 3779; x_wconf 86' lang='grc' dir='ltr'><strong>τὸν</strong></span> <span class='ocrx_word' id='word_1_622' title='bbox 2355 3728 2619 3797; x_wconf 86' lang='grc' dir='ltr'>ποταμόν.</span> <span class='ocrx_word' id='word_1_623' title='bbox 2652 3727 2762 3780; x_wconf 70' lang='grc' dir='ltr'><strong>Καὶ</strong></span> <span class='ocrx_word' id='word_1_624' title='bbox 2809 3726 2995 3782; x_wconf 76' lang='grc' dir='ltr'>[δοῦσα</span> <span class='ocrx_word' id='word_1_625' title='bbox 3042 3728 3200 3800; x_wconf 80' lang='grc' dir='ltr'>θίϐην</span> <span class='ocrx_word' id='word_1_626' title='bbox 3243 3729 3304 3783; x_wconf 86' lang='grc' dir='ltr'><strong>ἐν</strong></span> <span class='ocrx_word' id='word_1_627' title='bbox 3358 3729 3434 3800; x_wconf 84' lang='grc' dir='ltr'>τῷ</span> <span class='ocrx_word' id='word_1_628' title='bbox 3465 3730 3600 3795; x_wconf 75' lang='grc' dir='ltr'>ἕλει,</span> 
     </span>
    </p>
   </div>
   <div class='ocr_carea' id='block_1_85' title="bbox 2024 3805 3603 3893">
    <p class='ocr_par' dir='ltr' id='par_1_85' title="bbox 2024 3805 3603 3893">
     <span class='ocr_line' id='line_1_85' title="bbox 2024 3805 3603 3893; baseline 0.003 -22"><span class='ocrx_word' id='word_1_629' title='bbox 2024 3819 2389 3872; x_wconf 83' lang='grc' dir='ltr'>ἀποστείλασα</span> <span class='ocrx_word' id='word_1_630' title='bbox 2428 3817 2526 3888; x_wconf 85' lang='grc' dir='ltr'>τὴν</span> <span class='ocrx_word' id='word_1_631' title='bbox 2561 3818 2755 3890; x_wconf 81' lang='grc' dir='ltr'>ἆὸραν,</span> <span class='ocrx_word' id='word_1_632' title='bbox 2789 3805 3029 3872; x_wconf 76' lang='grc' dir='ltr'>ἀνείλετο</span> <span class='ocrx_word' id='word_1_633' title='bbox 3075 3821 3264 3893; x_wconf 77' lang='grc' dir='ltr'>αὑτήν.</span> <span class='ocrx_word' id='word_1_634' title='bbox 3319 3821 3603 3886; x_wconf 72' lang='grc' dir='ltr'>Ἀνοίξασα</span> 
     </span>
    </p>
   </div>
   <div class='ocr_carea' id='block_1_86' title="bbox 2023 3908 3598 3983">
    <p class='ocr_par' dir='ltr' id='par_1_86' title="bbox 2023 3908 3598 3983">
     <span class='ocr_line' id='line_1_86' title="bbox 2023 3908 3598 3983; baseline 0.001 -20"><span class='ocrx_word' id='word_1_635' title='bbox 2023 3911 2100 3974; x_wconf 77' lang='grc' dir='ltr'><strong>δὲ,</strong></span> <span class='ocrx_word' id='word_1_636' title='bbox 2125 3909 2231 3980; x_wconf 80' lang='grc' dir='ltr'>ὁρᾷ</span> <span class='ocrx_word' id='word_1_637' title='bbox 2261 3908 2669 3962; x_wconf 84' lang='grc' dir='ltr'>παιδίονκλαῖον</span> <span class='ocrx_word' id='word_1_638' title='bbox 2691 3909 2748 3961; x_wconf 83' lang='grc' dir='ltr'><strong>ἐν</strong></span> <span class='ocrx_word' id='word_1_639' title='bbox 2772 3913 2836 3980; x_wconf 81' lang='grc' dir='ltr'>τῇ</span> <span class='ocrx_word' id='word_1_640' title='bbox 2855 3908 3002 3983; x_wconf 79' lang='grc' dir='ltr'>θίϐῃ,</span> <span class='ocrx_word' id='word_1_641' title='bbox 3030 3911 3124 3964; x_wconf 71' lang='grc' dir='ltr'>καὶ</span> <span class='ocrx_word' id='word_1_642' title='bbox 3151 3911 3406 3980; x_wconf 77' lang='grc' dir='ltr'>ἐφείσατο</span> <span class='ocrx_word' id='word_1_643' title='bbox 3431 3909 3598 3965; x_wconf 73' lang='grc' dir='ltr'>αὑτοῦ</span> 
     </span>
    </p>
   </div>
   <div class='ocr_carea' id='block_1_87' title="bbox 2022 4000 3597 4073">
    <p class='ocr_par' dir='ltr' id='par_1_87' title="bbox 2022 4000 3597 4073">
     <span class='ocr_line' id='line_1_87' title="bbox 2022 4000 3597 4073; baseline 0.001 -20"><span class='ocrx_word' id='word_1_644' title='bbox 2022 4004 2054 4071; x_wconf 75' lang='grc' dir='ltr'>ἡ</span> <span class='ocrx_word' id='word_1_645' title='bbox 2092 4003 2336 4072; x_wconf 85' lang='grc' dir='ltr'>θυγάτηρ</span> <span class='ocrx_word' id='word_1_646' title='bbox 2363 4000 2583 4073; x_wconf 83' lang='grc' dir='ltr'>Φαραὼ,</span> <span class='ocrx_word' id='word_1_647' title='bbox 2609 4003 2704 4054; x_wconf 76' lang='lat' dir='ltr'><strong>xal</strong></span> <span class='ocrx_word' id='word_1_648' title='bbox 2749 4003 2851 4072; x_wconf 77' lang='grc' dir='ltr'><strong>ἔφη</strong></span> <span class='ocrx_word' id='word_1_649' title='bbox 2873 4019 2886 4031; x_wconf 71' lang='grc' dir='ltr'><strong>ο</strong></span> <span class='ocrx_word' id='word_1_650' title='bbox 2930 4003 3062 4054; x_wconf 85' lang='grc' dir='ltr'>Ἀπὸ</span> <span class='ocrx_word' id='word_1_651' title='bbox 3093 4001 3200 4055; x_wconf 84' lang='grc' dir='ltr'><strong>τῶν</strong></span> <span class='ocrx_word' id='word_1_652' title='bbox 3231 4001 3456 4056; x_wconf 82' lang='grc' dir='ltr'>παιδίων</span> <span class='ocrx_word' id='word_1_653' title='bbox 3486 4003 3597 4055; x_wconf 82' lang='grc' dir='ltr'>τῶν</span> 
     </span>
    </p>
   </div>
   <div class='ocr_carea' id='block_1_88' title="bbox 2032 4090 3596 4166">
    <p class='ocr_par' dir='ltr' id='par_1_88' title="bbox 2032 4090 3596 4166">
     <span class='ocr_line' id='line_1_88' title="bbox 2032 4090 3596 4166; baseline 0.001 -19"><span class='ocrx_word' id='word_1_654' title='bbox 2032 4094 2297 4166; x_wconf 72' lang='grc' dir='ltr'>Ἐϐραίων</span> <span class='ocrx_word' id='word_1_655' title='bbox 2326 4094 2505 4148; x_wconf 75' lang='grc' dir='ltr'>τοῦτο.</span> <span class='ocrx_word' id='word_1_656' title='bbox 2560 4095 2672 4148; x_wconf 83' lang='lat' dir='ltr'><strong>Kal</strong></span> <span class='ocrx_word' id='word_1_657' title='bbox 2706 4090 2861 4148; x_wconf 81' lang='grc' dir='ltr'>εἶπεν</span> <span class='ocrx_word' id='word_1_658' title='bbox 2898 4097 2932 4164; x_wconf 82' lang='grc' dir='ltr'>ἠ</span> <span class='ocrx_word' id='word_1_659' title='bbox 2967 4094 3170 4165; x_wconf 78' lang='grc' dir='ltr'>ἀδελφὴ</span> <span class='ocrx_word' id='word_1_660' title='bbox 3205 4094 3369 4147; x_wconf 80' lang='grc' dir='ltr'>αὑτοῦ</span> <span class='ocrx_word' id='word_1_661' title='bbox 3399 4098 3463 4166; x_wconf 80' lang='grc' dir='ltr'>τῇ</span> <span class='ocrx_word' id='word_1_662' title='bbox 3498 4095 3596 4148; x_wconf 87' lang='grc' dir='ltr'>θυ-</span> 
     </span>
    </p>
   </div>
   <div class='ocr_carea' id='block_1_89' title="bbox 2020 4185 3598 4258">
    <p class='ocr_par' dir='ltr' id='par_1_89' title="bbox 2020 4185 3598 4258">
     <span class='ocr_line' id='line_1_89' title="bbox 2020 4185 3598 4258; baseline 0.001 -21"><span class='ocrx_word' id='word_1_663' title='bbox 2020 4185 2182 4256; x_wconf 72' lang='grc' dir='ltr'>γατρὶ</span> <span class='ocrx_word' id='word_1_664' title='bbox 2219 4185 2418 4256; x_wconf 82' lang='grc' dir='ltr'>Φαραώ</span> <span class='ocrx_word' id='word_1_665' title='bbox 2442 4202 2455 4215; x_wconf 90' lang='grc'><strong>·</strong></span> <span class='ocrx_word' id='word_1_666' title='bbox 2487 4185 2675 4250; x_wconf 84' lang='grc' dir='ltr'>Θέλεις</span> <span class='ocrx_word' id='word_1_667' title='bbox 2699 4185 2912 4239; x_wconf 87' lang='grc' dir='ltr'>καλέσω</span> <span class='ocrx_word' id='word_1_668' title='bbox 2935 4201 3016 4238; x_wconf 85' lang='grc' dir='ltr'><strong>σοι</strong></span> <span class='ocrx_word' id='word_1_669' title='bbox 3037 4188 3275 4254; x_wconf 82' lang='grc' dir='ltr'>γυναῖκα</span> <span class='ocrx_word' id='word_1_670' title='bbox 3301 4185 3598 4258; x_wconf 83' lang='grc' dir='ltr'>τροφεύου-</span> 
     </span>
    </p>
   </div>
   <div class='ocr_carea' id='block_1_90' title="bbox 2022 4274 3592 4345">
    <p class='ocr_par' dir='ltr' id='par_1_90' title="bbox 2022 4274 3592 4345">
     <span class='ocr_line' id='line_1_90' title="bbox 2022 4274 3592 4345; baseline 0.001 -18"><span class='ocrx_word' id='word_1_671' title='bbox 2022 4291 2120 4327; x_wconf 93' lang='grc' dir='ltr'><strong>σαν</strong></span> <span class='ocrx_word' id='word_1_672' title='bbox 2151 4278 2214 4328; x_wconf 82' lang='grc' dir='ltr'><strong>ἐκ</strong></span> <span class='ocrx_word' id='word_1_673' title='bbox 2254 4274 2362 4328; x_wconf 83' lang='grc' dir='ltr'>τῶν</span> <span class='ocrx_word' id='word_1_674' title='bbox 2411 4275 2702 4345; x_wconf 81' lang='grc' dir='ltr'>Ἑδραίων,</span> <span class='ocrx_word' id='word_1_675' title='bbox 2731 4276 2824 4328; x_wconf 65' lang='grc' dir='ltr'><strong>καὶ⁴</strong></span> <span class='ocrx_word' id='word_1_676' title='bbox 2864 4274 3088 4345; x_wconf 84' lang='grc' dir='ltr'>θηλάσει</span> <span class='ocrx_word' id='word_1_677' title='bbox 3130 4293 3211 4328; x_wconf 88' lang='grc' dir='ltr'><strong>σοι</strong></span> <span class='ocrx_word' id='word_1_678' title='bbox 3247 4277 3307 4329; x_wconf 89' lang='grc' dir='ltr'><strong>τὸ</strong></span> <span class='ocrx_word' id='word_1_679' title='bbox 3342 4277 3592 4343; x_wconf 87' lang='grc' dir='ltr'>παιδίον;</span> 
     </span>
    </p>
   </div>
   <div class='ocr_carea' id='block_1_91' title="bbox 343 4353 1923 4454">
    <p class='ocr_par' dir='ltr' id='par_1_91' title="bbox 343 4353 1911 4436">
     <span class='ocr_line' id='line_1_91' title="bbox 343 4353 1911 4436; baseline 0.011 -28"><span class='ocrx_word' id='word_1_680' title='bbox 343 4353 454 4409; x_wconf 81' lang='lat' dir='ltr'><strong>ﬁlia</strong></span> <span class='ocrx_word' id='word_1_681' title='bbox 475 4353 782 4409; x_wconf 77' lang='lat' dir='ltr'><strong>Pharaonis</strong></span> <span class='ocrx_word' id='word_1_682' title='bbox 817 4355 1022 4412; x_wconf 81' lang='lat' dir='ltr'><strong>:Vade.</strong></span> <span class='ocrx_word' id='word_1_683' title='bbox 1064 4359 1304 4431; x_wconf 78' lang='lat' dir='ltr'><strong>Pergens</strong></span> <span class='ocrx_word' id='word_1_684' title='bbox 1327 4369 1507 4418; x_wconf 85' lang='lat' dir='ltr'><strong>autem</strong></span> <span class='ocrx_word' id='word_1_685' title='bbox 1534 4368 1714 4436; x_wconf 88' lang='lat' dir='ltr'><strong>puella</strong></span> <span class='ocrx_word' id='word_1_686' title='bbox 1748 4387 1911 4427; x_wconf 85' lang='lat' dir='ltr'><strong>voca-</strong></span> 
     </span>
    </p>
   </div>
   <div class='ocr_carea' id='block_1_92' title="bbox 2028 4353 3596 4454">
    <p class='ocr_par' dir='ltr' id='par_1_92' title="bbox 2030 4361 3596 4439">
     <span class='ocr_line' id='line_1_92' title="bbox 2030 4361 3596 4439; baseline 0.004 -21"><span class='ocrx_word' id='word_1_687' title='bbox 2030 4365 2093 4418; x_wconf 85' lang='lat' dir='ltr'><strong>&#39;ll</strong></span> <span class='ocrx_word' id='word_1_688' title='bbox 2129 4367 2185 4420; x_wconf 80' lang='grc' dir='ltr'><strong>δὲ</strong></span> <span class='ocrx_word' id='word_1_689' title='bbox 2216 4361 2358 4419; x_wconf 71' lang='grc' dir='ltr'>εἶπεσ</span> <span class='ocrx_word' id='word_1_690' title='bbox 2398 4365 2657 4436; x_wconf 88' lang='grc' dir='ltr'>Πορεύου.</span> <span class='ocrx_word' id='word_1_691' title='bbox 2705 4366 3042 4420; x_wconf 81' lang='grc' dir='ltr'>Ἀπελθοῦσα</span> <span class='ocrx_word' id='word_1_692' title='bbox 3071 4369 3126 4421; x_wconf 84' lang='grc' dir='ltr'><strong>δέ</strong></span> <span class='ocrx_word' id='word_1_693' title='bbox 3169 4371 3200 4439; x_wconf 86' lang='grc' dir='ltr'><strong>ή</strong></span> <span class='ocrx_word' id='word_1_694' title='bbox 3238 4372 3418 4432; x_wconf 79' lang='grc' dir='ltr'>νεᾶνις</span> <span class='ocrx_word' id='word_1_695' title='bbox 3463 4372 3596 4425; x_wconf 78' lang='grc' dir='ltr'>ἐκα-</span> 
     </span>
    </p>
   </div>
   <div class='ocr_carea' id='block_1_93' title="bbox 341 4444 1913 4517">
    <p class='ocr_par' dir='ltr' id='par_1_93' title="bbox 341 4444 1913 4517">
     <span class='ocr_line' id='line_1_93' title="bbox 341 4444 1913 4517; baseline 0.011 -19"><span class='ocrx_word' id='word_1_696' title='bbox 341 4444 422 4498; x_wconf 86' lang='lat' dir='ltr'><strong>vit</strong></span> <span class='ocrx_word' id='word_1_697' title='bbox 447 4453 677 4500; x_wconf 88' lang='lat' dir='ltr'><strong>matrem</strong></span> <span class='ocrx_word' id='word_1_698' title='bbox 707 4447 885 4514; x_wconf 86' lang='lat' dir='ltr'><strong>pueri.</strong></span> <span class='ocrx_word' id='word_1_699' title='bbox 913 4448 1060 4502; x_wconf 89' lang='lat' dir='ltr'><strong>Dixit</strong></span> <span class='ocrx_word' id='word_1_700' title='bbox 1093 4459 1278 4506; x_wconf 88' lang='lat' dir='ltr'><strong>autem</strong></span> <span class='ocrx_word' id='word_1_701' title='bbox 1304 4455 1373 4507; x_wconf 85' lang='lat' dir='ltr'><strong>ad</strong></span> <span class='ocrx_word' id='word_1_702' title='bbox 1421 4455 1569 4509; x_wconf 90' lang='lat' dir='ltr'><strong>illam</strong></span> <span class='ocrx_word' id='word_1_703' title='bbox 1623 4457 1730 4514; x_wconf 83' lang='lat' dir='ltr'><strong>filia</strong></span> <span class='ocrx_word' id='word_1_704' title='bbox 1772 4461 1913 4517; x_wconf 78' lang='lat' dir='ltr'><strong>Pha-</strong></span> 
     </span>
    </p>
   </div>
   <div class='ocr_carea' id='block_1_94' title="bbox 342 4535 1915 4611">
    <p class='ocr_par' dir='ltr' id='par_1_94' title="bbox 342 4535 1915 4611">
     <span class='ocr_line' id='line_1_94' title="bbox 342 4535 1915 4611; baseline 0.013 -23"><span class='ocrx_word' id='word_1_705' title='bbox 342 4535 760 4590; x_wconf 85' lang='lat' dir='ltr'><strong>raonis:Serva</strong></span> <span class='ocrx_word' id='word_1_706' title='bbox 803 4539 934 4591; x_wconf 86' lang='lat' dir='ltr'><strong>mihi</strong></span> <span class='ocrx_word' id='word_1_707' title='bbox 982 4556 1214 4609; x_wconf 89' lang='lat' dir='ltr'><strong>puerum</strong></span> <span class='ocrx_word' id='word_1_708' title='bbox 1261 4545 1448 4610; x_wconf 91' lang='lat' dir='ltr'><strong>istum,</strong></span> <span class='ocrx_word' id='word_1_709' title='bbox 1503 4555 1558 4601; x_wconf 88' lang='lat' dir='ltr'><strong>et</strong></span> <span class='ocrx_word' id='word_1_710' title='bbox 1610 4549 1749 4605; x_wconf 83' lang='lat' dir='ltr'><strong>laeta</strong></span> <span class='ocrx_word' id='word_1_711' title='bbox 1779 4555 1915 4611; x_wconf 87' lang='lat' dir='ltr'><strong>mihi</strong></span> 
     </span>
    </p>
   </div>
   <div class='ocr_carea' id='block_1_95' title="bbox 339 4625 1915 4715">
    <p class='ocr_par' dir='ltr' id='par_1_95' title="bbox 339 4625 1915 4715">
     <span class='ocr_line' id='line_1_95' title="bbox 339 4625 1915 4715; baseline 0.013 -36"><span class='ocrx_word' id='word_1_712' title='bbox 339 4625 495 4680; x_wconf 85' lang='lat' dir='ltr'><strong>illum</strong></span> <span class='ocrx_word' id='word_1_713' title='bbox 538 4643 550 4678; x_wconf 92' lang='lat'><strong>:</strong></span> <span class='ocrx_word' id='word_1_714' title='bbox 585 4641 686 4693; x_wconf 83' lang='lat' dir='ltr'><strong>ego</strong></span> <span class='ocrx_word' id='word_1_715' title='bbox 721 4636 904 4681; x_wconf 87' lang='lat' dir='ltr'><strong>autem</strong></span> <span class='ocrx_word' id='word_1_716' title='bbox 964 4631 1062 4685; x_wconf 89' lang='lat' dir='ltr'><strong>tibi</strong></span> <span class='ocrx_word' id='word_1_717' title='bbox 1106 4633 1248 4688; x_wconf 90' lang='lat' dir='ltr'><strong>dabo</strong></span> <span class='ocrx_word' id='word_1_718' title='bbox 1303 4638 1635 4693; x_wconf 87' lang='lat' dir='ltr'><strong>mercedem.</strong></span> <span class='ocrx_word' id='word_1_719' title='bbox 1688 4642 1915 4715; x_wconf 80' lang='lat' dir='ltr'><strong>Accepit</strong></span> 
     </span>
    </p>
   </div>
   <div class='ocr_carea' id='block_1_96' title="bbox 337 4717 1914 4793">
    <p class='ocr_par' dir='ltr' id='par_1_96' title="bbox 337 4717 1914 4793">
     <span class='ocr_line' id='line_1_96' title="bbox 337 4717 1914 4793; baseline 0.015 -23"><span class='ocrx_word' id='word_1_720' title='bbox 337 4726 520 4771; x_wconf 78' lang='lat' dir='ltr'><strong>autem</strong></span> <span class='ocrx_word' id='word_1_721' title='bbox 544 4717 743 4771; x_wconf 88' lang='lat' dir='ltr'><strong>mulier</strong></span> <span class='ocrx_word' id='word_1_722' title='bbox 768 4717 1052 4784; x_wconf 88' lang='lat' dir='ltr'><strong>infantem,</strong></span> <span class='ocrx_word' id='word_1_723' title='bbox 1074 4731 1130 4776; x_wconf 90' lang='lat' dir='ltr'><strong>et</strong></span> <span class='ocrx_word' id='word_1_724' title='bbox 1149 4725 1369 4780; x_wconf 76' lang='lat' dir='ltr'><strong>lactavit</strong></span> <span class='ocrx_word' id='word_1_725' title='bbox 1393 4728 1565 4785; x_wconf 89' lang='lat' dir='ltr'><strong>illum.</strong></span> <span class='ocrx_word' id='word_1_726' title='bbox 1589 4731 1791 4790; x_wconf 76' lang='lat' dir='ltr'><strong>Ad‘ulto</strong></span> <span class='ocrx_word' id='word_1_727' title='bbox 1814 4756 1914 4793; x_wconf 79' lang='lat' dir='ltr'><strong>au~</strong></span> 
     </span>
    </p>
   </div>
   <div class='ocr_carea' id='block_1_97' title="bbox 339 4808 1912 4888">
    <p class='ocr_par' dir='ltr' id='par_1_97' title="bbox 339 4808 1912 4888">
     <span class='ocr_line' id='line_1_97' title="bbox 339 4808 1912 4888; baseline 0.014 -26"><span class='ocrx_word' id='word_1_728' title='bbox 339 4816 446 4862; x_wconf 81' lang='lat' dir='ltr'><strong>tem</strong></span> <span class='ocrx_word' id='word_1_729' title='bbox 472 4822 665 4878; x_wconf 83' lang='lat' dir='ltr'><strong>puero,</strong></span> <span class='ocrx_word' id='word_1_730' title='bbox 691 4808 875 4862; x_wconf 87' lang='lat' dir='ltr'><strong>attulit</strong></span> <span class='ocrx_word' id='word_1_731' title='bbox 907 4809 1061 4865; x_wconf 86' lang='lat' dir='ltr'><strong>illum</strong></span> <span class='ocrx_word' id='word_1_732' title='bbox 1087 4813 1155 4868; x_wconf 89' lang='lat' dir='ltr'><strong>ad</strong></span> <span class='ocrx_word' id='word_1_733' title='bbox 1181 4813 1348 4870; x_wconf 81' lang='lat' dir='ltr'><strong>filiam</strong></span> <span class='ocrx_word' id='word_1_734' title='bbox 1378 4818 1696 4888; x_wconf 83' lang='lat' dir='ltr'><strong>Pharaonis,</strong></span> <span class='ocrx_word' id='word_1_735' title='bbox 1741 4836 1797 4882; x_wconf 87' lang='lat' dir='ltr'><strong>et</strong></span> <span class='ocrx_word' id='word_1_736' title='bbox 1827 4827 1912 4884; x_wconf 85' lang='lat' dir='ltr'><strong>fa-</strong></span> 
     </span>
    </p>
   </div>
   <div class='ocr_carea' id='block_1_98' title="bbox 335 4897 1904 4988">
    <p class='ocr_par' dir='ltr' id='par_1_98' title="bbox 335 4897 1904 4988">
     <span class='ocr_line' id='line_1_98' title="bbox 335 4897 1904 4988; baseline 0.015 -37"><span class='ocrx_word' id='word_1_737' title='bbox 335 4907 458 4952; x_wconf 80' lang='lat' dir='ltr'><strong>ctus</strong></span> <span class='ocrx_word' id='word_1_738' title='bbox 507 4905 592 4952; x_wconf 86' lang='lat' dir='ltr'><strong>est</strong></span> <span class='ocrx_word' id='word_1_739' title='bbox 616 4897 695 4952; x_wconf 91' lang='lat' dir='ltr'><strong>illi</strong></span> <span class='ocrx_word' id='word_1_740' title='bbox 744 4899 798 4954; x_wconf 88' lang='lat' dir='ltr'><strong>in</strong></span> <span class='ocrx_word' id='word_1_741' title='bbox 823 4899 1016 4958; x_wconf 75' lang='lat' dir='ltr'><strong>illium.</strong></span> <span class='ocrx_word' id='word_1_742' title='bbox 1049 4903 1278 4960; x_wconf 83' lang='lat' dir='ltr'><strong>Vocavit</strong></span> <span class='ocrx_word' id='word_1_743' title='bbox 1319 4917 1503 4964; x_wconf 87' lang='lat' dir='ltr'><strong>autem</strong></span> <span class='ocrx_word' id='word_1_744' title='bbox 1531 4928 1733 4971; x_wconf 89' lang='lat' dir='ltr'><strong>nomen</strong></span> <span class='ocrx_word' id='word_1_745' title='bbox 1765 4920 1904 4988; x_wconf 87' lang='lat' dir='ltr'><strong>ejus,</strong></span> 
     </span>
    </p>
   </div>
   <div class='ocr_carea' id='block_1_99' title="bbox 334 4986 1898 5067">
    <p class='ocr_par' dir='ltr' id='par_1_99' title="bbox 334 4986 1898 5067">
     <span class='ocr_line' id='line_1_99' title="bbox 334 4986 1898 5067; baseline 0.015 -27"><span class='ocrx_word' id='word_1_746' title='bbox 334 4986 540 5050; x_wconf 69' lang='lat' dir='ltr'><strong>Mosen,</strong></span> <span class='ocrx_word' id='word_1_747' title='bbox 591 4988 799 5055; x_wconf 84' lang='lat' dir='ltr'><strong>dicens,</strong></span> <span class='ocrx_word' id='word_1_748' title='bbox 824 4990 1091 5058; x_wconf 83' lang='lat' dir='ltr'><strong>Quoniam</strong></span> <span class='ocrx_word' id='word_1_749' title='bbox 1137 5009 1205 5049; x_wconf 88' lang='lat' dir='ltr'><strong>ex</strong></span> <span class='ocrx_word' id='word_1_750' title='bbox 1249 5012 1392 5067; x_wconf 86' lang='lat' dir='ltr'><strong>aqua</strong></span> <span class='ocrx_word' id='word_1_751' title='bbox 1441 4999 1594 5058; x_wconf 87' lang='lat' dir='ltr'><strong>illum</strong></span> <span class='ocrx_word' id='word_1_752' title='bbox 1645 5009 1742 5062; x_wconf 87' lang='lat' dir='ltr'><strong>tuli</strong></span> <span class='ocrx_word' id='word_1_753' title='bbox 1775 4986 1842 5062; x_wconf 39' lang='grc'><strong>⁸-⁸.</strong></span> <span class='ocrx_word' id='word_1_754' title='bbox 1881 5028 1898 5062; x_wconf 67' lang='grc' dir='ltr'><strong>ι</strong></span> 
     </span>
    </p>
   </div>
   <div class='ocr_carea' id='block_1_100' title="bbox 333 5076 1909 5170">
    <p class='ocr_par' dir='ltr' id='par_1_100' title="bbox 333 5076 1909 5170">
     <span class='ocr_line' id='line_1_100' title="bbox 333 5076 1909 5170; baseline 0.016 -41"><span class='ocrx_word' id='word_1_755' title='bbox 333 5076 627 5170; x_wconf 74' lang='lat' dir='ltr'><strong>Postquam</strong></span> <span class='ocrx_word' id='word_1_756' title='bbox 650 5081 796 5134; x_wconf 89' lang='lat' dir='ltr'><strong>enim</strong></span> <span class='ocrx_word' id='word_1_757' title='bbox 822 5082 966 5138; x_wconf 90' lang='lat' dir='ltr'><strong>Deus</strong></span> <span class='ocrx_word' id='word_1_758' title='bbox 985 5083 1364 5143; x_wconf 86' lang='lat' dir='ltr'><strong>misericordia</strong></span> <span class='ocrx_word' id='word_1_759' title='bbox 1389 5090 1621 5150; x_wconf 75' lang='lat' dir='ltr'><strong>affectus</strong></span> <span class='ocrx_word' id='word_1_760' title='bbox 1658 5107 1744 5152; x_wconf 88' lang='lat' dir='ltr'><strong>est</strong></span> <span class='ocrx_word' id='word_1_761' title='bbox 1779 5114 1909 5170; x_wconf 85' lang='lat' dir='ltr'><strong>erga</strong></span> 
     </span>
    </p>
   </div>
   <div class='ocr_carea' id='block_1_101' title="bbox 331 5168 1907 5254">
    <p class='ocr_par' dir='ltr' id='par_1_101' title="bbox 331 5168 1907 5254">
     <span class='ocr_line' id='line_1_101' title="bbox 331 5168 1907 5254; baseline 0.016 -35"><span class='ocrx_word' id='word_1_762' title='bbox 331 5168 620 5230; x_wconf 86' lang='lat' dir='ltr'><strong>mundum,</strong></span> <span class='ocrx_word' id='word_1_763' title='bbox 668 5171 763 5238; x_wconf 87' lang='lat' dir='ltr'><strong>qui</strong></span> <span class='ocrx_word' id='word_1_764' title='bbox 810 5179 951 5226; x_wconf 86' lang='lat' dir='ltr'><strong>tetro</strong></span> <span class='ocrx_word' id='word_1_765' title='bbox 986 5180 1042 5226; x_wconf 90' lang='lat' dir='ltr'><strong>et</strong></span> <span class='ocrx_word' id='word_1_766' title='bbox 1063 5175 1274 5232; x_wconf 90' lang='lat' dir='ltr'><strong>crudeli</strong></span> <span class='ocrx_word' id='word_1_767' title='bbox 1332 5186 1566 5250; x_wconf 83' lang='lat' dir='ltr'><strong>tyranno</strong></span> <span class='ocrx_word' id='word_1_768' title='bbox 1611 5168 1907 5254; x_wconf 74' lang='lat' dir='ltr'><strong>serviebat,</strong></span> 
     </span>
    </p>
   </div>
   <div class='ocr_carea' id='block_1_102' title="bbox 331 5259 1906 5345">
    <p class='ocr_par' dir='ltr' id='par_1_102' title="bbox 331 5259 1906 5345">
     <span class='ocr_line' id='line_1_102' title="bbox 331 5259 1906 5345; baseline 0.016 -36"><span class='ocrx_word' id='word_1_769' title='bbox 331 5260 556 5329; x_wconf 77' lang='lat' dir='ltr'><strong>prdprio</strong></span> <span class='ocrx_word' id='word_1_770' title='bbox 578 5259 718 5315; x_wconf 86' lang='lat' dir='ltr'><strong>Filio</strong></span> <span class='ocrx_word' id='word_1_771' title='bbox 740 5277 841 5316; x_wconf 84' lang='lat' dir='ltr'><strong>suo</strong></span> <span class='ocrx_word' id='word_1_772' title='bbox 864 5279 971 5319; x_wconf 81' lang='lat' dir='ltr'><strong>non</strong></span> <span class='ocrx_word' id='word_1_773' title='bbox 994 5269 1263 5336; x_wconf 85' lang='lat' dir='ltr'><strong>pepercit,</strong></span> <span class='ocrx_word' id='word_1_774' title='bbox 1280 5269 1425 5326; x_wconf 77' lang='lat' dir='ltr'><strong>sicut</strong></span> <span class='ocrx_word' id='word_1_775' title='bbox 1447 5275 1716 5344; x_wconf 87' lang='lat' dir='ltr'><strong>scriptum</strong></span> <span class='ocrx_word' id='word_1_776' title='bbox 1732 5287 1816 5333; x_wconf 88' lang='lat' dir='ltr'><strong>cst</strong></span> <span class='ocrx_word' id='word_1_777' title='bbox 1837 5278 1906 5345; x_wconf 82' lang='lat'><strong>&quot;;</strong></span> 
     </span>
    </p>
   </div>
   <div class='ocr_carea' id='block_1_103' title="bbox 330 5349 1908 5426">
    <p class='ocr_par' dir='ltr' id='par_1_103' title="bbox 330 5349 1908 5426">
     <span class='ocr_line' id='line_1_103' title="bbox 330 5349 1908 5426; baseline 0.016 -25"><span class='ocrx_word' id='word_1_778' title='bbox 330 5349 426 5402; x_wconf 81' lang='lat' dir='ltr'><strong>sed</strong></span> <span class='ocrx_word' id='word_1_779' title='bbox 461 5365 587 5404; x_wconf 86' lang='lat' dir='ltr'><strong>eum</strong></span> <span class='ocrx_word' id='word_1_780' title='bbox 609 5367 709 5422; x_wconf 87' lang='lat' dir='ltr'><strong>pro</strong></span> <span class='ocrx_word' id='word_1_781' title='bbox 731 5354 989 5412; x_wconf 88' lang='lat' dir='ltr'><strong>omnibus</strong></span> <span class='ocrx_word' id='word_1_782' title='bbox 1009 5360 1170 5416; x_wconf 86' lang='lat' dir='ltr'><strong>nobis</strong></span> <span class='ocrx_word' id='word_1_783' title='bbox 1188 5363 1437 5421; x_wconf 89' lang='lat' dir='ltr'><strong>tradidit.</strong></span> <span class='ocrx_word' id='word_1_784' title='bbox 1476 5367 1536 5422; x_wconf 82' lang='lat' dir='ltr'><strong>In</strong></span> <span class='ocrx_word' id='word_1_785' title='bbox 1569 5368 1744 5424; x_wconf 87' lang='lat' dir='ltr'><strong>forma</strong></span> <span class='ocrx_word' id='word_1_786' title='bbox 1761 5372 1908 5426; x_wconf 91' lang='lat' dir='ltr'><strong>enim</strong></span> 
     </span>
    </p>
   </div>
   <div class='ocr_carea' id='block_1_104' title="bbox 328 5440 1908 5529">
    <p class='ocr_par' dir='ltr' id='par_1_104' title="bbox 328 5440 1908 5529">
     <span class='ocr_line' id='line_1_104' title="bbox 328 5440 1908 5529; baseline 0.016 -39"><span class='ocrx_word' id='word_1_787' title='bbox 328 5440 618 5507; x_wconf 64' lang='lat' dir='ltr'><strong>assistens,</strong></span> <span class='ocrx_word' id='word_1_788' title='bbox 641 5453 698 5497; x_wconf 82' lang='lat' dir='ltr'><strong>et</strong></span> <span class='ocrx_word' id='word_1_789' title='bbox 718 5445 1028 5514; x_wconf 64' lang='lat' dir='ltr'><strong>equalitnte</strong></span> <span class='ocrx_word' id='word_1_790' title='bbox 1054 5451 1122 5503; x_wconf 85' lang='lat' dir='ltr'><strong>ad</strong></span> <span class='ocrx_word' id='word_1_791' title='bbox 1151 5453 1328 5521; x_wconf 88' lang='lat' dir='ltr'><strong>ipsum</strong></span> <span class='ocrx_word' id='word_1_792' title='bbox 1355 5469 1423 5510; x_wconf 89' lang='lat' dir='ltr'><strong>ex</strong></span> <span class='ocrx_word' id='word_1_793' title='bbox 1449 5457 1586 5528; x_wconf 86' lang='lat' dir='ltr'><strong>ipso,</strong></span> <span class='ocrx_word' id='word_1_794' title='bbox 1612 5469 1668 5516; x_wconf 90' lang='lat' dir='ltr'><strong>et</strong></span> <span class='ocrx_word' id='word_1_795' title='bbox 1706 5460 1761 5515; x_wconf 89' lang='lat' dir='ltr'><strong>in</strong></span> <span class='ocrx_word' id='word_1_796' title='bbox 1793 5461 1908 5529; x_wconf 90' lang='lat' dir='ltr'><strong>ipso</strong></span> 
     </span>
    </p>
   </div>
   <div class='ocr_carea' id='block_1_105' title="bbox 403 5611 1543 5696">
    <p class='ocr_par' dir='ltr' id='par_1_105' title="bbox 403 5611 1543 5696">
     <span class='ocr_line' id='line_1_105' title="bbox 403 5611 1543 5696; baseline 0.017 -28"><span class='ocrx_word' id='word_1_797' title='bbox 403 5611 454 5644; x_wconf 77' lang='lat'>“</span> <span class='ocrx_word' id='word_1_798' title='bbox 500 5611 673 5670; x_wconf 80' lang='lat' dir='ltr'><strong>Exod.</strong></span> <span class='ocrx_word' id='word_1_799' title='bbox 704 5631 762 5682; x_wconf 80' lang='grc' dir='ltr'><strong>ιι,</strong></span> <span class='ocrx_word' id='word_1_800' title='bbox 797 5619 949 5675; x_wconf 80' lang='grc'><strong>1-10.</strong></span> <span class='ocrx_word' id='word_1_801' title='bbox 1028 5625 1073 5657; x_wconf 80' lang='grc'><strong>⁸⁸</strong></span> <span class='ocrx_word' id='word_1_802' title='bbox 1111 5625 1267 5682; x_wconf 78' lang='lat' dir='ltr'><strong>Rom.</strong></span> <span class='ocrx_word' id='word_1_803' title='bbox 1311 5646 1423 5696; x_wconf 79' lang='lat' dir='ltr'><strong>vni,</strong></span> <span class='ocrx_word' id='word_1_804' title='bbox 1455 5633 1543 5687; x_wconf 72' lang='lat'><strong>52.</strong></span> 
     </span>
    </p>
   </div>
   <div class='ocr_carea' id='block_1_106' title="bbox 2015 4455 3594 4534">
    <p class='ocr_par' dir='ltr' id='par_1_106' title="bbox 2015 4455 3594 4534">
     <span class='ocr_line' id='line_1_106' title="bbox 2015 4455 3594 4534; baseline 0.002 -21"><span class='ocrx_word' id='word_1_805' title='bbox 2015 4459 2138 4513; x_wconf 85' lang='grc' dir='ltr'>λεσε</span> <span class='ocrx_word' id='word_1_806' title='bbox 2170 4460 2268 4530; x_wconf 80' lang='grc' dir='ltr'><strong>τὴν</strong></span> <span class='ocrx_word' id='word_1_807' title='bbox 2294 4458 2505 4530; x_wconf 87' lang='grc' dir='ltr'>μητέρα</span> <span class='ocrx_word' id='word_1_808' title='bbox 2540 4457 2634 4511; x_wconf 79' lang='grc' dir='ltr'>τοῦ</span> <span class='ocrx_word' id='word_1_809' title='bbox 2661 4459 2899 4514; x_wconf 81' lang='grc' dir='ltr'>παιδίου.</span> <span class='ocrx_word' id='word_1_810' title='bbox 2931 4455 3067 4514; x_wconf 65' lang='lat' dir='ltr'><strong>Eine</strong></span> <span class='ocrx_word' id='word_1_811' title='bbox 3102 4461 3158 4514; x_wconf 81' lang='grc' dir='ltr'>δὲ</span> <span class='ocrx_word' id='word_1_812' title='bbox 3186 4462 3384 4534; x_wconf 66' lang='grc' dir='ltr'><strong>αύτῇσὴ</strong></span> <span class='ocrx_word' id='word_1_813' title='bbox 3421 4462 3594 4531; x_wconf 81' lang='grc' dir='ltr'>θυγά-</span> 
     </span>
    </p>
   </div>
   <div class='ocr_carea' id='block_1_107' title="bbox 2013 4550 3594 4624">
    <p class='ocr_par' dir='ltr' id='par_1_107' title="bbox 2013 4550 3594 4624">
     <span class='ocr_line' id='line_1_107' title="bbox 2013 4550 3594 4624; baseline 0.002 -19"><span class='ocrx_word' id='word_1_814' title='bbox 2013 4569 2117 4624; x_wconf 87' lang='grc' dir='ltr'><strong>τηρ</strong></span> <span class='ocrx_word' id='word_1_815' title='bbox 2145 4550 2375 4622; x_wconf 75' lang='grc' dir='ltr'><strong>Φαραώ⁹</strong></span> <span class='ocrx_word' id='word_1_816' title='bbox 2412 4551 2752 4621; x_wconf 84' lang='grc' dir='ltr'>Διατήρησὸν</span> <span class='ocrx_word' id='word_1_817' title='bbox 2794 4569 2883 4621; x_wconf 82' lang='grc' dir='ltr'><strong>μοι</strong></span> <span class='ocrx_word' id='word_1_818' title='bbox 2917 4552 2979 4607; x_wconf 90' lang='grc' dir='ltr'><strong>τὸ</strong></span> <span class='ocrx_word' id='word_1_819' title='bbox 3017 4553 3226 4608; x_wconf 78' lang='grc' dir='ltr'>παιδίον</span> <span class='ocrx_word' id='word_1_820' title='bbox 3278 4553 3455 4620; x_wconf 80' lang='grc' dir='ltr'>τοῦτο,</span> <span class='ocrx_word' id='word_1_821' title='bbox 3496 4557 3594 4609; x_wconf 77' lang='grc' dir='ltr'><strong>καὶ</strong></span> 
     </span>
    </p>
   </div>
   <div class='ocr_carea' id='block_1_108' title="bbox 2015 4641 3592 4717">
    <p class='ocr_par' dir='ltr' id='par_1_108' title="bbox 2015 4641 3592 4717">
     <span class='ocr_line' id='line_1_108' title="bbox 2015 4641 3592 4717; baseline 0.003 -22"><span class='ocrx_word' id='word_1_822' title='bbox 2015 4641 2247 4714; x_wconf 77' lang='grc' dir='ltr'>θὴλασόν</span> <span class='ocrx_word' id='word_1_823' title='bbox 2267 4660 2358 4711; x_wconf 89' lang='grc' dir='ltr'><strong>μοι</strong></span> <span class='ocrx_word' id='word_1_824' title='bbox 2387 4643 2539 4706; x_wconf 79' lang='grc' dir='ltr'>αὐτὸ,</span> <span class='ocrx_word' id='word_1_825' title='bbox 2559 4641 2669 4712; x_wconf 83' lang='grc' dir='ltr'>ἐγὼ</span> <span class='ocrx_word' id='word_1_826' title='bbox 2691 4645 2747 4696; x_wconf 85' lang='grc' dir='ltr'>δὲ</span> <span class='ocrx_word' id='word_1_827' title='bbox 2767 4642 2924 4698; x_wconf 83' lang='grc' dir='ltr'>δώσω</span> <span class='ocrx_word' id='word_1_828' title='bbox 2943 4645 3130 4698; x_wconf 91' lang='grc' dir='ltr'>σοιτὸν</span> <span class='ocrx_word' id='word_1_829' title='bbox 3158 4646 3366 4717; x_wconf 83' lang='grc' dir='ltr'>μισθόν.</span> <span class='ocrx_word' id='word_1_830' title='bbox 3387 4646 3592 4701; x_wconf 75' lang='grc' dir='ltr'>Ἕλαεε</span> 
     </span>
    </p>
   </div>
   <div class='ocr_carea' id='block_1_109' title="bbox 2012 4733 3590 4810">
    <p class='ocr_par' dir='ltr' id='par_1_109' title="bbox 2012 4733 3590 4810">
     <span class='ocr_line' id='line_1_109' title="bbox 2012 4733 3590 4810; baseline 0.001 -21"><span class='ocrx_word' id='word_1_831' title='bbox 2012 4735 2068 4789; x_wconf 79' lang='grc' dir='ltr'>δὲ</span> <span class='ocrx_word' id='word_1_832' title='bbox 2100 4736 2132 4807; x_wconf 86' lang='grc' dir='ltr'><strong>ή</strong></span> <span class='ocrx_word' id='word_1_833' title='bbox 2167 4735 2301 4807; x_wconf 86' lang='grc' dir='ltr'>γυνὴ</span> <span class='ocrx_word' id='word_1_834' title='bbox 2343 4733 2403 4788; x_wconf 94' lang='grc' dir='ltr'><strong>τὸ</strong></span> <span class='ocrx_word' id='word_1_835' title='bbox 2432 4735 2663 4802; x_wconf 87' lang='grc' dir='ltr'>παιδίον,</span> <span class='ocrx_word' id='word_1_836' title='bbox 2695 4737 2790 4790; x_wconf 70' lang='grc' dir='ltr'>καὶ</span> <span class='ocrx_word' id='word_1_837' title='bbox 2819 4735 3081 4809; x_wconf 84' lang='grc' dir='ltr'>ἐθήλασεν</span> <span class='ocrx_word' id='word_1_838' title='bbox 3109 4738 3290 4793; x_wconf 78' lang='grc' dir='ltr'>αὐτόν.</span> <span class='ocrx_word' id='word_1_839' title='bbox 3335 4738 3590 4810; x_wconf 87' lang='grc' dir='ltr'>Ἀνδρυν-</span> 
     </span>
    </p>
   </div>
   <div class='ocr_carea' id='block_1_110' title="bbox 2015 4826 3589 4906">
    <p class='ocr_par' dir='ltr' id='par_1_110' title="bbox 2015 4826 3589 4906">
     <span class='ocr_line' id='line_1_110' title="bbox 2015 4826 3589 4906; baseline 0.003 -26"><span class='ocrx_word' id='word_1_840' title='bbox 2015 4827 2198 4890; x_wconf 83' lang='grc' dir='ltr'>θέντος</span> <span class='ocrx_word' id='word_1_841' title='bbox 2221 4827 2276 4880; x_wconf 86' lang='grc' dir='ltr'><strong>δέ</strong></span> <span class='ocrx_word' id='word_1_842' title='bbox 2304 4828 2403 4898; x_wconf 72' lang='grc' dir='ltr'>ἤδη</span> <span class='ocrx_word' id='word_1_843' title='bbox 2431 4826 2520 4880; x_wconf 83' lang='grc' dir='ltr'>τοῦ</span> <span class='ocrx_word' id='word_1_844' title='bbox 2554 4828 2789 4895; x_wconf 82' lang='grc' dir='ltr'>παιδίου,</span> <span class='ocrx_word' id='word_1_845' title='bbox 2831 4829 3128 4901; x_wconf 77' lang='grc' dir='ltr'>εἰσήγαγεν</span> <span class='ocrx_word' id='word_1_846' title='bbox 3161 4831 3294 4884; x_wconf 79' lang='grc' dir='ltr'>αὐτὸ</span> <span class='ocrx_word' id='word_1_847' title='bbox 3326 4833 3462 4903; x_wconf 78' lang='grc' dir='ltr'>πρὸς</span> <span class='ocrx_word' id='word_1_848' title='bbox 3491 4833 3589 4906; x_wconf 81' lang='grc' dir='ltr'><strong>τὴν</strong></span> 
     </span>
    </p>
   </div>
   <div class='ocr_carea' id='block_1_111' title="bbox 2017 4915 3593 4992">
    <p class='ocr_par' dir='ltr' id='par_1_111' title="bbox 2017 4915 3593 4992">
     <span class='ocr_line' id='line_1_111' title="bbox 2017 4915 3593 4992; baseline 0.006 -25"><span class='ocrx_word' id='word_1_849' title='bbox 2017 4915 2291 4986; x_wconf 85' lang='grc' dir='ltr'>θυγατέρα</span> <span class='ocrx_word' id='word_1_850' title='bbox 2322 4916 2542 4986; x_wconf 85' lang='grc' dir='ltr'>Φαραὼ,</span> <span class='ocrx_word' id='word_1_851' title='bbox 2580 4919 2674 4972; x_wconf 73' lang='grc' dir='ltr'>καὶ</span> <span class='ocrx_word' id='word_1_852' title='bbox 2711 4918 2943 4989; x_wconf 81' lang='grc' dir='ltr'>ἐγενήθη</span> <span class='ocrx_word' id='word_1_853' title='bbox 2977 4921 3115 4992; x_wconf 78' lang='grc' dir='ltr'>αὐτῇ</span> <span class='ocrx_word' id='word_1_854' title='bbox 3165 4921 3241 4984; x_wconf 85' lang='grc' dir='ltr'>εἰς</span> <span class='ocrx_word' id='word_1_855' title='bbox 3270 4921 3410 4974; x_wconf 77' lang='grc' dir='ltr'>υἱόν.</span> <span class='ocrx_word' id='word_1_856' title='bbox 3456 4922 3593 4976; x_wconf 76' lang='grc' dir='ltr'><strong>Ἑπο</strong></span> 
     </span>
    </p>
   </div>
   <div class='ocr_carea' id='block_1_112' title="bbox 2013 5006 3589 5080">
    <p class='ocr_par' dir='ltr' id='par_1_112' title="bbox 2013 5006 3589 5080">
     <span class='ocr_line' id='line_1_112' title="bbox 2013 5006 3589 5080; baseline 0.003 -20"><span class='ocrx_word' id='word_1_857' title='bbox 2013 5007 2264 5076; x_wconf 80' lang='grc' dir='ltr'>ωνόμασε</span> <span class='ocrx_word' id='word_1_858' title='bbox 2281 5006 2338 5058; x_wconf 84' lang='grc' dir='ltr'>δὲ</span> <span class='ocrx_word' id='word_1_859' title='bbox 2365 5007 2426 5060; x_wconf 93' lang='grc' dir='ltr'><strong>τὸ</strong></span> <span class='ocrx_word' id='word_1_860' title='bbox 2458 5009 2630 5078; x_wconf 73' lang='grc' dir='ltr'>ὄνομα</span> <span class='ocrx_word' id='word_1_861' title='bbox 2651 5009 2839 5074; x_wconf 75' lang='grc' dir='ltr'>αὑτοῦ,</span> <span class='ocrx_word' id='word_1_862' title='bbox 2863 5011 3090 5080; x_wconf 81' lang='grc' dir='ltr'>Μωσῆς,</span> <span class='ocrx_word' id='word_1_863' title='bbox 3105 5009 3358 5080; x_wconf 83' lang='grc' dir='ltr'>λέγουσα·</span> <span class='ocrx_word' id='word_1_864' title='bbox 3377 5012 3471 5066; x_wconf 88' lang='grc' dir='ltr'><strong>Ἐκ</strong></span> <span class='ocrx_word' id='word_1_865' title='bbox 3493 5011 3589 5066; x_wconf 83' lang='grc' dir='ltr'>τοῦ</span> 
     </span>
    </p>
   </div>
   <div class='ocr_carea' id='block_1_113' title="bbox 2014 5095 3590 5173">
    <p class='ocr_par' dir='ltr' id='par_1_113' title="bbox 2014 5095 3590 5173">
     <span class='ocr_line' id='line_1_113' title="bbox 2014 5095 3590 5173; baseline 0.005 -25"><span class='ocrx_word' id='word_1_866' title='bbox 2014 5095 2204 5159; x_wconf 81' lang='grc' dir='ltr'>ὓδατος</span> <span class='ocrx_word' id='word_1_867' title='bbox 2233 5096 2523 5168; x_wconf 82' lang='grc' dir='ltr'>ἀνειλόμην</span> <span class='ocrx_word' id='word_1_868' title='bbox 2564 5100 2748 5154; x_wconf 77' lang='grc' dir='ltr'>αὐτόν.</span> <span class='ocrx_word' id='word_1_869' title='bbox 2797 5120 2818 5153; x_wconf 78' lang='grc' dir='ltr'><strong>ι</strong></span> <span class='ocrx_word' id='word_1_870' title='bbox 2866 5101 3084 5172; x_wconf 77' lang='grc' dir='ltr'>Ἐπειδὴ</span> <span class='ocrx_word' id='word_1_871' title='bbox 3113 5103 3224 5173; x_wconf 83' lang='grc' dir='ltr'><strong>γάρ</strong></span> <span class='ocrx_word' id='word_1_872' title='bbox 3263 5105 3292 5155; x_wconf 87' lang='grc' dir='ltr'><strong>ὀ</strong></span> <span class='ocrx_word' id='word_1_873' title='bbox 3324 5103 3456 5167; x_wconf 83' lang='grc' dir='ltr'>Θεὸς</span> <span class='ocrx_word' id='word_1_874' title='bbox 3494 5105 3590 5157; x_wconf 70' lang='grc' dir='ltr'><strong>καὶ</strong></span> 
     </span>
    </p>
   </div>
   <div class='ocr_carea' id='block_1_114' title="bbox 2012 5187 3588 5266">
    <p class='ocr_par' dir='ltr' id='par_1_114' title="bbox 2012 5187 3588 5266">
     <span class='ocr_line' id='line_1_114' title="bbox 2012 5187 3588 5266; baseline 0.003 -25"><span class='ocrx_word' id='word_1_875' title='bbox 2012 5188 2205 5258; x_wconf 74' lang='grc' dir='ltr'>Πατὴρ</span> <span class='ocrx_word' id='word_1_876' title='bbox 2229 5187 2374 5257; x_wconf 69' lang='grc' dir='ltr'>ἠλέει</span> <span class='ocrx_word' id='word_1_877' title='bbox 2399 5189 2584 5245; x_wconf 86' lang='grc' dir='ltr'>λοιπὸν</span> <span class='ocrx_word' id='word_1_878' title='bbox 2607 5190 2705 5264; x_wconf 86' lang='grc' dir='ltr'><strong>τὴν</strong></span> <span class='ocrx_word' id='word_1_879' title='bbox 2732 5193 2824 5245; x_wconf 82' lang='grc' dir='ltr'>ὑπ’</span> <span class='ocrx_word' id='word_1_880' title='bbox 2848 5193 3098 5264; x_wconf 81' lang='grc' dir='ltr'>οὐρανὸν,</span> <span class='ocrx_word' id='word_1_881' title='bbox 3119 5193 3318 5265; x_wconf 82' lang='grc' dir='ltr'>ἀνοσίῳ</span> <span class='ocrx_word' id='word_1_882' title='bbox 3339 5195 3588 5266; x_wconf 82' lang='grc' dir='ltr'>τυράννῳ</span> 
     </span>
    </p>
   </div>
   <div class='ocr_carea' id='block_1_115' title="bbox 2010 5279 3585 5355">
    <p class='ocr_par' dir='ltr' id='par_1_115' title="bbox 2010 5279 3585 5355">
     <span class='ocr_line' id='line_1_115' title="bbox 2010 5279 3585 5355; baseline 0.004 -21"><span class='ocrx_word' id='word_1_883' title='bbox 2010 5280 2104 5334; x_wconf 74' lang='grc' dir='ltr'>καὶ</span> <span class='ocrx_word' id='word_1_884' title='bbox 2136 5279 2405 5352; x_wconf 80' lang='grc' dir='ltr'>ὠμοτάτῳ</span> <span class='ocrx_word' id='word_1_885' title='bbox 2441 5282 2612 5355; x_wconf 80' lang='grc' dir='ltr'>λῃστῇ</span> <span class='ocrx_word' id='word_1_886' title='bbox 2650 5284 3003 5355; x_wconf 83' lang='grc' dir='ltr'>θητεύουσαν,</span> <span class='ocrx_word' id='word_1_887' title='bbox 3035 5285 3130 5340; x_wconf 81' lang='grc' dir='ltr'>τοῦ</span> <span class='ocrx_word' id='word_1_888' title='bbox 3169 5287 3298 5340; x_wconf 82' lang='grc' dir='ltr'>ῑδίου</span> <span class='ocrx_word' id='word_1_889' title='bbox 3331 5285 3461 5340; x_wconf 84' lang='grc' dir='ltr'>Υίοῦ</span> <span class='ocrx_word' id='word_1_890' title='bbox 3484 5287 3585 5340; x_wconf 84' lang='grc' dir='ltr'><strong>οὐκ</strong></span> 
     </span>
    </p>
   </div>
   <div class='ocr_carea' id='block_1_116' title="bbox 2008 5370 3584 5449">
    <p class='ocr_par' dir='ltr' id='par_1_116' title="bbox 2008 5370 3584 5449">
     <span class='ocr_line' id='line_1_116' title="bbox 2008 5370 3584 5449; baseline 0.004 -25"><span class='ocrx_word' id='word_1_891' title='bbox 2008 5370 2283 5440; x_wconf 86' lang='grc' dir='ltr'>ἐφείσατο,</span> <span class='ocrx_word' id='word_1_892' title='bbox 2339 5372 2478 5427; x_wconf 86' lang='grc' dir='ltr'>κατὰ</span> <span class='ocrx_word' id='word_1_893' title='bbox 2515 5375 2577 5428; x_wconf 89' lang='grc' dir='ltr'><strong>τὸ</strong></span> <span class='ocrx_word' id='word_1_894' title='bbox 2618 5379 3024 5448; x_wconf 81' lang='grc' dir='ltr'>γεγραμμένον,</span> <span class='ocrx_word' id='word_1_895' title='bbox 3077 5377 3194 5432; x_wconf 84' lang='grc' dir='ltr'>ἀλλ’</span> <span class='ocrx_word' id='word_1_896' title='bbox 3242 5377 3382 5449; x_wconf 82' lang='grc' dir='ltr'>ὑπὲρ</span> <span class='ocrx_word' id='word_1_897' title='bbox 3427 5377 3584 5448; x_wconf 81' lang='grc' dir='ltr'>ἡμῶν</span> 
     </span>
    </p>
   </div>
   <div class='ocr_carea' id='block_1_117' title="bbox 2009 5462 3584 5541">
    <p class='ocr_par' dir='ltr' id='par_1_117' title="bbox 2009 5462 3584 5541">
     <span class='ocr_line' id='line_1_117' title="bbox 2009 5462 3584 5541; baseline 0.005 -27"><span class='ocrx_word' id='word_1_898' title='bbox 2009 5462 2225 5517; x_wconf 83' lang='grc' dir='ltr'>πάντων</span> <span class='ocrx_word' id='word_1_899' title='bbox 2262 5464 2577 5534; x_wconf 86' lang='grc' dir='ltr'>παρέδωκεν</span> <span class='ocrx_word' id='word_1_900' title='bbox 2608 5469 2790 5525; x_wconf 78' lang='grc' dir='ltr'>αὐτόν.</span> <span class='ocrx_word' id='word_1_901' title='bbox 2836 5470 2925 5526; x_wconf 89' lang='grc' dir='ltr'>Ἐν</span> <span class='ocrx_word' id='word_1_902' title='bbox 2963 5474 3146 5541; x_wconf 82' lang='grc' dir='ltr'>μορφῇ</span> <span class='ocrx_word' id='word_1_903' title='bbox 3181 5468 3290 5541; x_wconf 78' lang='grc' dir='ltr'><strong>γάρ</strong></span> <span class='ocrx_word' id='word_1_904' title='bbox 3323 5469 3584 5540; x_wconf 80' lang='grc' dir='ltr'>ὑπάρχων</span> 
     </span>
    </p>
   </div>
  </div>
